4066 6140
390 260 492 315 619

1208 268 1269 321 S.
1307 265 1675 323 BABNABAS
1711 267 2139 326 APOSTOLUS.
2176 300 2245 311 —-
2271 269 2798 326 PROLEGOMENA.

1971 411 2037 465 II.

3522 283 3628 336 (ἴῖῙο

829 537 1116 609 Οιιοεκεε,
1147 545 1238 598 lib.
1269 563 1306 612 ι,
1333 557 1525 603 contra
1547 548 1790 617 Celsum,
1825 569 1970 605 num.
2004 552 2094 616 65,
2117 561 2235 605 tom.

2061 554 2094 616 ἱ,
2117 561 2244 605 tom.
2271 553 2310 618 I,
2333 569 2455 622 pag.
2480 551 2608 618 578,
2635 551 2764 605 edit.
2793 549 2972 605 Paris.
2996 550 3152 605 I733.

455 680 768 752 Γέγραπται
791 682 856 753 δὴ
887 682 943 733 ὲν
979 686 1044 754 τῇ
1086 685 1339 756 Βαρνάϐα
1369 687 1628 758 καθολικῇ
1671 688 1954 761 Ἐπιστολῇ

498 769 580 821 ὅτι
612 768 890 834 ἐξελέξατο
932 771 1058 834 τοὺς
1109 774 1272 838 ἰδίους
1327 777 1654 841 ἀποστόλους
1716 778 1954 850 Ἰησοῦς,

380 859 541 923 ὄντας
564 859 705 931 ὑπὲρ
729 862 908 915 πᾶσαν
938 863 1166 934 ἀνομίαν
1193 867 1593 940 ἀνομωτέρους.
1623 871 1954 938 ΡΙιὶιοσαιὶω,

380 965 504 1019 cap.
538 949 626 1006 I7.

2133 689 2407 761 Scriptum
2447 707 2610 761 porro
2645 699 2728 747 est
2768 691 2822 744 iu
2859 686 3122 742 Barnabas
3161 684 3434 739 catholica
3485 684 3616 756 Epi-

2061 785 2199 841 stola
2228 799 2244 837 :
2362 783 2655 854 Apostolos
2683 800 2712 838 a
2741 782 2869 838 Jcsu
2916 780 3088 834 fuisse
3117 779 3338 847 electos,
3377 780 3471 850 qui
3513 779 3618 834 im-

2056 876 2210 946 probi
2237 885 2396 932 erant
2425 882 2487 930 ut
2513 876 2644 929 nulli
2673 874 2867 945 magis.
2892 871 3028 940 Cap.
3067 870 3119 924 5.

1093 1091 1244 1158 Iners,
1280 1093 1416 1164 Περὶ
1445 1093 1649 1165 ἀρχῶν,
1679 1095 1773 1148 lib.
1803 1110 1887 1162 ιιι,
1917 1112 2033 1164 cap.
2063 1095 2118 1160 2,
2143 1112 2288 1148 num.
2319 1095 2373 1160 4,
2405 1105 2532 1149 tom.
2561 1093 2603 1160 l,
2627 1112 2748 1165 pag.
2781 1098 2902 1153 I40.

454 1223 652 1280 Eadem
683 1241 898 1296 quoque
926 1228 1202 1286 Barnabas
1230 1229 1286 1283 in
1314 1227 1559 1300 Epistola
1591 1247 1687 1287 sua
1715 1233 1979 1298 declarat,
2007 1247 2131 1287 cum
2168 1231 2305 1286 duas
2332 1231 2450 1286 vias
2478 1245 2599 1286 esse
2630 1230 2778 1294 dicit,
2806 1247 2970 1286 unam
3023 1233 3183 1299 lucis,
3213 1233 3438 1288 alteram
3467 1240 3614 1286 tene-

378 1315 623 1382 brarum,
669 1319 870 1389 quibus
911 1331 966 1376 et
1007 1337 1238 1392 praeesse
1285 1337 1464 1381 certos
1498 1343 1750 1398 quosque
1789 1329 2010 1401 angelos
2051 1329 2227 1383 dicit:
2261 1328 2359 1381 viae
2388 1327 2607 1396 quidem
2651 1327 2808 1394 lucis,
2832 1329 3052 1398 angelos
3101 1327 3224 1396 Dei;
3265 1328 3611 1385 tenebrarum

375 1420 558 1465 autem
581 1410 702 1474 viae,
735 1413 957 1483 angelos
987 1412 1224 1470 Satanaz.
1253 1417 1392 1487 Cap.

1438 1417 1520 1471 I8.

955 1571 1089 1645 Lege
1121 1581 1193 1632 sis
1225 1579 1457 1648 ejusdem
1493 1547 1738 1652 Origenis
1767 1583 1860 1635 lib.
1910 1598 1924 1635 I
1957 1582 2244 1652 Explanat.
2273 1582 2326 1634 in
2359 1579 2526 1651 Epist.
2563 1582 2629 1636 ad
2672 1580 2828 1636 Rom.
2853 1598 2891 1648 ι,
2925 1581 3015 1636 24.

617 2020 812 2080 Ruﬁno
847 2026 1147 2098 interprete.

436 2132 565 2191 Post
593 2137 706 2191 haec
721 2139 836 2208 jam
862 2142 1126 2212 scriptura
1147 2154 1248 2209 est,
1277 2162 1398 2215 quae

363 2224 566 2281 dicitur
603 2228 772 2285 Actus
813 2231 1004 2300 Pauli;
1035 2235 1130 2290 sed
1160 2245 1213 2290 et
1242 2238 1398 2293 libel-

365 2319 451 2373 lus
475 2320 567 2388 qui
593 2323 897 2392 appellatur
910 2324 1154 2384 Pastoris
1175 2348 1189 2396 ;
1219 2340 1273 2386 et
1290 2331 1396 2386 Re-

363 2413 564 2468 velatio
609 2413 799 2485 Petri,
850 2419 917 2474 de
966 2421 1167 2490 quibus
1229 2439 1392 2494 quam

361 2504 602 2560 maxime
647 2507 942 2565 dubitatur.
990 2511 1185 2569 Fertur
1229 2517 1392 2572 etiam

361 2595 627 2652 Barnast
655 2601 900 2669 epistola.

605 2899 803 2958 Ruﬁno
838 2905 1139 2976 interprete.

426 3009 486 3065 In
551 3011 706 3069 libris
772 3013 1265 3084 Inlormationum,
1330 3030 1390 3074 ut

356 3103 590 3160 breviter
617 3105 795 3162 dicam
823 3149 840 3173 ,
892 3110 1200 3164 universam
1242 3111 1384 3180 pari-

354 3202 441 3249 ter
470 3194 809 3268 Scripturam
840 3199 1079 3254 divinam
1128 3217 1384 3272 compen-

353 3287 526 3344 diosis
549 3290 1023 3348 dissertationibus
1045 3293 1380 3362 explanavit:

357 3382 413 3436 in
449 3385 652 3454 quibus
681 3387 750 3440 ne’
779 3403 842 3442 ea
873 3388 1091 3458 quidem
1116 3403 1238 3459 quae
1261 3405 1386 3460 apo-

353 3476 557 3544 crypha
575 3491 607 3531 a
623 3478 948 3547 quibusdam
970 3480 1237 3534 habentur
1256 3496 1388 3551 pra:-

354 3566 536 3634 teriit;
573 3577 634 3624 ut
658 3578 745 3624 est
768 3567 914 3625 Petri
944 3568 1222 3626 Revelatio

1943 1741 2028 1795 ll'l.

1430 1884 1715 1951 Eossmus,
1742 1883 1877 1940 Hist.
1908 1883 2066 1950 eccl.,
2094 1883 2186 1936 lib.
2216 1897 2296 1947 ιιι,
2321 1897 2437 1950 cap.
2461 1880 2554 1934 25.

1555 2140 1642 2192 ’Ev
1666 2141 1778 2200 τοῖς
1805 2135 1980 2198 νόθοις
2002 2133 2387 2203 κατατετάχθαι
2410 2135 2504 2187 καὶ

1468 2231 1576 2284 τῶν
1622 2229 1838 2283 Παύλου
1867 2227 2126 2298 Πράξεων
2163 2226 2195 2296 ὴ
2240 2225 2502 2298 γραφὴ;ὃ

1466 2340 1526 2376 τε
1569 2323 1858 2394 λεγόμενος
1908 2322 2152 2392 Ποιμὴν,
2187 2319 2501 2390 καὶήἋπο-

1468 2415 1699 2485 κάλυψις
1737 2413 1964 2483 Πέτρου,
2003 2411 2098 2465 καὶ
2129 2411 2264 2482 πρὸς
2293 2407 2502 2473 τούτοις

1466 2512 1500 2582 ἡ
1559 2507 1831 2582 φερομένη
1901 2503 2153 2577 Βαρνάϐα
2219 2504 2498 2576 ἐπιστολή.

1467 2605 1607 2673 Lege
1633 2598 2021 2668 Nicephorum,
2048 2595 2141 2649 lib.
2173 2611 2235 2660 ιι,
2259 2610 2380 2666 cap.
2406 2594 2496 2649 46.

1561 2761 1716 2828 Ion,
1752 2759 1912 2825 ibid.,
1937 2757 2031 2811 lib.
2058 2772 2136 2824 v1,
2159 2773 2279 2826 cap.
2314 2757 2399 2810 14.

1543 2905 1631 2958 Ἐν
1653 2903 1712 2956 δὲ
1738 2904 1858 2964 ταῖς
1872 2898 2309 2964 ’Υποτυπιὶισεσι,
2347 2899 2499 2966 ξυνε-

1460 2996 1618 3051 λόντα
1646 2997 1838 3060 εἰπεῖν,
1863 2994 2040 3063 πάσης
2064 2993 2162 3064 τῆς
2185 2991 2498 3064 ὲνδιαθήκου

1462 3085 1685 3159 Γραφῆς
1731 3082 2169 3154 ἐπιτετμημένας
2207 3081 2498 3151 πεποίηται

1456 3175 1733 3247 διηγήσεις
1754 3189 1764 3198 ·
1798 3171 1871 3242 μὴ
1895 3169 1951 3224 δὲ
1975 3168 2073 3233 τὰς
2098 3167 2498 3238 ἀναλεγομένας

1460 3263 1769 3338 παρελθών·
1804 3262 1904 3334 τὴν
1955 3261 2156 3325 Ἰούδα,
2200 3259 2362 3328 λέγω,
2403 3261 2498 3312 καὶ

1457 3361 1556 3424 τὰς
1600 3355 1794 3420 λοιπὰς
1845 3353 2140 3417 καθολικάς
2178 3353 2494 3417 ὲπιστολάςο

1459 3453 1559 3524 τήν
1601 3467 1660 3502 τε
1706 3447 1961 3521 Βαρνάϐα
2001 3448 2095 3500 καὶ
2138 3447 2237 3518 τὴν
2288 3445 2496 3517 Πέτρου

1459 3541 1756 3612 λεγομένην
1798 3537 2157 3608 ἀποκάλυψιν.
2203 3537 2345 3608 Lege
2391 3536 2493 3590 Ni-

1460 3633 1761 3703 cephorum,
1792 3630 1887 3685 lib.
1925 3647 1999 3696 ιν,
2037 3645 2158 3700 cap.
2193 3631 2281 3684 55.

2822 2020 3038 2078 Valesio
3066 2020 3368 2092 interprete.

2646 2139 2754 2194 Pro
2782 2139 2984 2208 spuriis
3012 2137 3245 2193 habendi
3283 2147 3413 2193 sunt
3439 2139 3601 2194 etiam

2573 2229 2743 2284 Actus
2775 2227 2966 2295 Pauli,
2997 2237 3053 2283 et
3081 2228 3222 2282 liber
3260 2228 3507 2286 Pastoris
3535 2232 3606 2284 ti-

2573 2322 2692 2376 tulo
2709 2320 2762 2374 in
2779 2318 3094 2389 scriptus,et
3111 2317 3390 2376 Revelatio
3417 2321 3563 2378 Petri
3585 2340 3601 2388 ;

2575 2411 2836 2466 Bantaba:
2865 2409 2993 2464 item
3021 2411 3264 2481 epistola.

2644 2899 2789 2957 Idem
2831 2899 3125 2970 (Clemens)
3158 2899 3212 2954 in
3251 2900 3408 2956 libris
3445 2903 3605 2956 Ὑπο-

2571 2993 2884 3060 τυπώσεων,
2913 2994 3179 3061 omnium,
3211 3005 3272 3049 ut
3303 3012 3412 3052 uno
3438 2999 3604 3054 verbo

2570 3085 2770 3150 dicam,
2795 3085 3081 3154 utriusque
3101 3082 3435 3141 Testamenti
3463 3085 3606 3142 Scri-

2569 3185 2854 3244 pturarum
2883 3175 3326 3244 compendiosam
3363 3177 3604 3234 instituit

2570 3265 3018 3330 enarrationem;
3076 3281 3144 3320 ne
3203 3267 3312 3322 illis
3380 3270 3602 3339 quidem

2569 3355 2950 3426 pratermissis
2998 3351 3319 3424 Scripturis,
3361 3357 3428 3411 de
3473 3357 3599 3428 qui-

2567 3447 2670 3502 bus
2694 3448 2836 3501 inter
2862 3447 3062 3500 multos
3086 3446 3380 3516 ambigitur
3407 3445 3599 3504 :Judae

2567 3536 2854 3607 epistolam
2905 3543 2958 3590 et
3007 3535 3307 3603 Barnabce,
3353 3554 3419 3592 ac
3467 3541 3595 3596 τειί-

2565 3644 2703 3700 quas
2728 3627 3028 3683 catholicas
3049 3628 3310 3698 epistolas
3333 3630 3592 3703 intelligo,

2566 3731 2620 3776 et
2648 3721 3049 3776 Revelationem
3072 3721 3406 3792 quaadicitur
3426 3723 3592 3781 Petri.

448 3879 636 3933 'Alium
669 3883 842 3938 locum
867 3884 1082 3941 Eussnu
1113 3902 1177 3940 ex
1204 3885 1342 3943 Hist.
1377 3887 1547 3955 Eccl.,
1572 3889 1764 3960 Ιίὺηνι,
1793 3907 1910 3960 cap.
1950 3892 2050 3957 I5,
2081 3893 2320 3960 superius
2348 3889 2625 3946 retulimus
2655 3891 2794 3944 inter
2831 3897 3063 3943 veterum
3099 3890 3397 3945 testimonia
3425 3891 3488 3945 de

1661 3958 1917 4029 Epistolis
1945 3958 2275 4017 Cnsusu'rts.

1930 4119 2018 4175 IV.

837 4259 1203 4323 Hlsaouvuus,
1241 4259 1334 4312 lib.
1362 4257 1437 4312 De
1462 4257 1594 4314 viris
1619 4258 1945 4326 illustribus,
1969 4275 2090 4329 cap.
2127 4259 2183 4326 6,
2221 4277 2340 4314 cum
2369 4271 2535 4315 vetere
2565 4261 2746 4316 (ἐνωεο
2769 4263 3075 4337 interprete.

427 4395 704 4468 Βαρνάϐας
743 4396 1020 4467 Κύπριος,
1065 4397 1094 4448 ὁ
1137 4397 1230 4450 καὶ
1269 4397 1467 4467 Ἰωσὴφ
1495 4396 1746 4466 Λευίτης,
1777 4395 1917 4468 μετά

2096 4398 2376 4454 Barnabas
2414 4398 2670 4471 Cyprius,
2701 4403 2794 4471 qui
2836 4412 2891 4458 et
2932 4403 3134 4475 Joseph
3181 4405 3414 4472 Levites,
3461 4424 3583 4462 cum

351 4491 562 4546 Παύλου
583 4491 690 4545 τῶν
711 4491 879 4543 ἐθνῶν
906 4489 1196 4552 ἀπόστολος
1219 4491 1597 4556 κατασταθεὶς,
1627 4489 1754 4562 μίαν
1780 4491 1916 4561 πρὸς
2017 4488 2189 4544 Paulo
2214 4506 2235 4560 ε

2063 4489 2189 4544 aulo
2214 4492 2456 4560 gentium
2485 4493 2765 4560 apostolus
2795 4495 3098 4562 ordinatus,
3129 4513 3290 4551 unam
3321 4498 3388 4552 ad
3417 4499 3592 4579 aedili:

346 4584 634 4655 οἰκοδομὴν
658 4583 756 4654 τῆς
795 4582 1117 4652 Ἑκκλησίας
1141 4582 1422 4654 ἐπιστολὴν
1455 4582 1760 4649 συνέταξεν,
1795 4582 1916 4652 ἦτις
2016 4581 2233 4636 catione

2061 4581 2289 4635 itionem
2337 4579 2594 4634 Ecclesiae
2629 4583 2988 4651 pertinentem
3019 4585 3318 4655 Epistolam
3361 4603 3580 4658 compo-

348 4677 430 4740 εις
456 4675 554 4738 τὰς
578 4674 929 4746 ἀποκρύφους
957 4674 1173 4745 γραφὰς
1196 4673 1646 4744 ἀναγινώσκεται.

2017 4673 2150 4737 suit,
2181 4688 2303 4742 qua:
2333 4672 2474 4726 inter
2505 4675 2845 4744 apocryphas
2875 4677 3177 4746 scripturas
3201 4679 3416 4748 legitur.

412 4832 546 4902 Lege
581 4833 814 4886 Adonem
854 4830 1212 4896 Viennensem,
1243 4832 1299 4886 in
1323 4832 1458 4886 libro
1489 4831 1564 4889 De
1596 4830 1998 4895 festivitatibus,
2027 4828 2116 4882 ad.
2145 4842 2204 4880 ιιι
2239 4824 2370 4881 Idus
2401 4823 2559 4888 lum;
2595 4823 2904 4892 Notkerum,
2931 4826 3258 4898 Freculfum,
3287 4829 3578 4886 Honorium

345 4901 641 4974 Augustod.

1227 5038 1376 5102 Ιοειι,
1423 5037 1516 5090 lib.
1555 5055 1650 5093 xm
1682 5038 1988 5094 Comment.
2032 5037 2089 5091 in
2124 5033 2394 5091 Ezechiel.
2421 5047 2576 5098 xuu,
2610 5032 2698 5086 I9.

417 5198 667 5274 Vitulum
695 5209 872 5274 autem
898 5204 991 5272 qui
1028 5219 1128 5274 pro
1160 5205 1316 5259 nobis
1346 5203 1660 5257 immolatus
1691 5214 1796 5266 est,
1832 5212 1887 5257 et
1911 5203 2081 5274 multa
2109 5201 2518 5274 Scripturarum
2565 5197 2704 5263 loca,
2747 5209 2801 5256 et
2851 5199 3123 5270 praacipue
3157 5199 3424 5255 Barnabas
3448 5199 3576 5271 Epi-

342 5273 482 5326 stola
505 5287 628 5340 qua:
656 5270 884 5326 habetur
906 5270 960 5328 in
997 5270 1301 5345 scripturas
1326 5275 1688 5344 apocryphas,
1721 5274 1986 5326 nominat.
2018 5272 2155 5342 Cap.
2184 5270 2238 5327 8.

413 5383 563 5439 Idem
597 5383 974 5457 Hteaouruus,
1007 5385 1269 5457 adversus
1313 5385 1654 5457 Pelagianos,
1697 5384 1804 5457 lib._
1825 5400 1912 5449 ιιι,
1939 5402 2056 5452 cap.
2093 5386 2147 5457 ξ,
2177 5389 2348 5457 locum
2381 5387 2439 5445 S.
2485 5388 2750 5444 Barnabas
2791 5389 2853 5442 de
2892 5387 3164 5456 apostolis,
3193 5385 3471 5438 laudatum
3509 5385 3572 5436 ab

344 5457 586 5525 Origene,
623 5455 716 5509 lib.
751 5471 768 5508 ι
795 5467 969 5511 contr.
999 5456 1239 5523 Celsum,
1270 5455 1537 5527 perperam
1566 5457 1698 5510 citat
1722 5455 1815 5509 sub
1846 5457 2053 5508 nomine
2082 5455 2147 5508 Β.
2176 5455 2397 5526 lgnatii.

412 5571 749 5646 Nicapuoncs
770 5572 887 5646 QP.
925 5574 1116 5646 iuiﬁine
1145 5573 1604 5646 Chronographize
1627 5589 1737 5646 sua;
1766 5570 2064 5646 Epistolam
2095 5570 2358 5646 Barnaba:
2389 5584 2636 5646 posuerat
2666 5577 2804 5630 inter
2835 5573 3001 5628 libros
3042 5571 3179 5627 Novi
3231 5569 3568 5637 Testamenti,

339 5644 522 5710 quibus
557 5644 945 5714 matradictum
979 5645 1102 5712 fuit,
1131 5653 1187 5698 ut
1211 5655 1352 5714 patet
1372 5641 1444 5701 Ea;
1459 5641 1737 5700 Anastasii
1759 5641 2160 5698 Bibliotlterarii
2184 5641 2436 5699 versione.

663 5734 933 5797 PATBOL.
978 5734 1098 5796 Gn.
1155 5735 1211 5794 II

3253 5733 3329 5794 21
