4032 6146
495 227 612 323 ἐει

1630 271 1686 330 S.
1724 272 2089 332 BARNABAS
2127 277 2483 337 APOSTOLU
2492 280 2547 334 S.

3644 281 3748 336 652

520 394 3730 432 _________—_______________________

1006 519 2369 679 RECENTIORUM
2504 525 3244 682 JUDICIA

793 798 940 886 DE
1012 799 1598 894 EPISTOLA
1648 804 2065 894 SANCTI
2147 805 2730 896 BARNABJE
2822 809 3452 905 APOSTOLI.

2095 981 2166 997 Α

747 1317 764 1394 (
803 1317 860 1380 J.
893 1317 963 1379 B.
1020 1314 1543 1394 COTELERIUS,
1605 1319 1824 1380 Patres
1877 1317 2252 1412 Apost‘olici,
2293 1325 2333 1381 t.
2368 1320 2424 1394 Ι,
2459 1338 2521 1402 p.
2574 1322 2631 1396 5,
2691 1321 2792 1384 ed.
2827 1321 3281 1386 Amstelodami
3314 1325 3517 1406 1721i.)

2089 1507 2161 1520 ..-

584 1629 656 1684 De
684 1631 793 1685 vita
820 1639 870 1684 et
899 1631 1105 1684 nomine
1138 1630 1421 1687 Barnabae.
1473 1631 1729 1689 Refertur
1769 1651 1798 1688 a
1831 1632 1890 1691 Β.
1925 1635 2071 1691 Luca
2099 1647 2145 1700 Α
2176 1639 2422 1696 scribens
2448 1655 2465 1694 :
2495 1641 2571 1694 Ab
2602 1640 2852 1711 apostolis
2878 1639 3157 1696 Barnabas
3187 1642 3264 1695 vel
3293 1659 3312 1694 ι
3332 1642 3478 1712 ﬁlius
3501 1647 3740 1701 consola-

505 1720 685 1777 Josem
718 1738 815 1778 seu
857 1721 1154 1793 Josephum
1181 1766 1194 1790 ,
1248 1723 1486 1779 Levitam
1512 1767 1527 1793 ,
1571 1741 1768 1797 genere
1813 1725 2072 1798 Cyprium

507 1815 802 1872 exstitisse.
843 1813 1062 1870 Scilicet
1107 1831 1171 1870 ea
1215 1816 1270 1869 in
1319 1815 1496 1871 insula
1540 1818 1760 1888 plurimi
1810 1818 2076 1888 degebant

505 1906 677 1962 Judaei
710 1927 723 1961 :
757 1923 787 1962 a
822 1907 1023 1978 quibus
1069 1916 1292 1977 postea,
1337 1909 1642 1978 imperante
1689 1908 1960 1980 Trajano,
1996 1911 2074 1966 uti

505 1999 771 2053 discimus
798 2013 894 2068 per
921 1996 1149 2052 Dionem
1171 1998 1422 2053 Cassium
1455 1999 1510 2051 in
1534 1997 1772 2054 Historia
1794 2000 1941 2056 illius
1971 2001 2074 2055 im-

504 2089 797 2157 peratoris,
824 2087 1116 2143 Eusebium
1141 2088 1197 2142 in
1237 2089 1520 2157 Chronico,
1541 2089 1818 2155 Orosium,
1851 2091 1944 2145 lib.
1974 2108 2070 2160 vn,

503 2194 624 2249 cap.
643 2180 730 2247 12,
755 2189 916 2250 atque
934 2180 1100 2250 hujus
1116 2180 1402 2246 asseclam,
1425 2179 2070 2254 pseudo-Hieronymum,

503 2281 736 2328 tractatu
765 2273 833 2328 de
860 2273 996 2329 locis
1019 2288 1086 2328 ex
1110 2273 1269 2336 Actis
1290 2274 1661 2343 apostolorum
1681 2317 1697 2342 ,
1730 2276 1940 2332 inﬁnita
1973 2279 2074 2332 ho-

503 2366 713 2420 minum
750 2365 1044 2435 multitudo
1065 2363 1312 2436 jugulata
1353 2359 1490 2432 fuit,
1543 2365 1784 2436 urbsque
1815 2366 2070 2434 Salamis,

502 2456 802 2526 peremptis
832 2457 1089 2513 omnibus
1119 2456 1318 2513 incolis
1341 2497 1357 2521 ,
1407 2455 1655 2514 funditus
1683 2473 1894 2514 eversa.
1933 2458 2074 2514 Dicit

499 2550 662 2604 etiam
697 2549 874 2605 Lucas
899 2549 1081 2605 Josem
1107 2564 1406 2620 cognomen
1430 2549 1693 2604 Barnabas
1717 2551 1786 2605 ab
1810 2551 2072 2621 apostolis

503 2642 697 2696 tulisse
730 2642 862 2711 (quo
889 2641 1227 2711 signiﬁcetur
1253 2640 1369 2703 υἱὸς
1398 2640 1793 2712 παρακλήσεως
1811 2679 1826 2702 ,
1875 2640 1930 2695 id
1958 2652 2070 2709 est,

503 2734 647 2803 filius
674 2733 1053 2787 consolationis
1079 2741 1130 2786 et
1156 2732 1562 2786 exhortationis.
1590 2730 1896 2802 Utrumque
1927 2734 2071 2787 enim

501 2825 900 2896 παρακλήσεως
933 2824 1194 2889 denotat;
1245 2823 1496 2892 quamvis
1538 2821 1599 2876 Β.
1643 2820 1975 2894 Hieronymo
2005 2824 2073 2880 ad

502 2917 609 2972 Titi
643 2933 703 2982 ιι,
737 2916 838 2982 15,
873 2914 1044 2985 magis
1073 2913 1507 2969 consolationem
1538 2928 1700 2983 quam
1732 2915 2070 2969 exhortatio-

500 3025 625 3065 nem
651 3017 828 3065 sonet.
854 3006 1042 3062 Tradit
1072 3006 1270 3076 quippe
1299 3014 1521 3060 sanctus
1546 3005 1904 3076 Augustinus,
1935 3005 2072 3062 alios

499 3102 726 3156 verbum
750 3096 1120 3172 παρεκλήθην,
1140 3097 1274 3166 psal.
1301 3111 1493 3161 cxvm,
1523 3096 1612 3162 52,
1639 3096 1864 3152 vertisse
1889 3113 2073 3150 conso-

499 3197 641 3249 latus
670 3208 816 3258 sum,
847 3191 985 3246 alios
1016 3189 1323 3244 exhortatus
1353 3204 1491 3243 sum.
1529 3186 1598 3243 Et
1624 3195 1855 3259 utraque
1891 3189 2074 3245 versio

499 3283 742 3337 cernitur
775 3281 828 3334 in
863 3279 922 3335 S.
953 3277 1194 3346 Hilario;
1226 3277 1320 3350 qui
1350 3277 1418 3333 ad
1445 3278 1689 3348 ejusdem
1721 3278 1919 3350 psalmi
1948 3294 2073 3335 ver-

499 3374 734 3431 siculum
766 3371 854 3438 76,
892 3370 987 3426 τοῦ
1019 3369 1399 3444 παρακαλέσαι
1441 3369 1623 3425 reddit
1650 3379 1710 3423 ut
1737 3370 2072 3436 exhortetur;

498 3468 792 3538 locumque
817 3463 1066 3535 Apostoli
1096 3462 1137 3516 ll
1181 3462 1310 3518 Cor.
1346 3478 1399 3530 ι,
1440 3461 1506 3528 5,
1566 3461 1640 3516 ita
1670 3459 1824 3516 eﬂ'ert
1858 3479 1871 3517 :
1901 3461 2073 3517 Bene-

498 3561 672 3614 dictus
695 3557 836 3612 Deus
859 3565 909 3610 et
921 3554 1086 3610 Pater
1106 3553 1322 3608 Domini
1341 3554 1508 3608 nostri
1529 3551 1657 3607 Jesu
1673 3551 1891 3621 Christi,
1912 3552 2076 3609 Pater

500 3652 917 3715 miserationum,
961 3656 1013 3702 et
1057 3645 1198 3701 Deus
1225 3645 1392 3699 omnis
1423 3645 1826 3713 exhortationis,
1857 3645 1949 3714 qui
1982 3659 2075 3698 ex-

499 3746 745 3797 hortatur
790 3756 883 3794 nos
929 3740 987 3793 in
1035 3737 1179 3792 omni
1234 3734 1595 3804 tribulatione.
1647 3733 1750 3790 Ubi
1800 3732 2070 3804 Vulgata:

499 3834 640 3887 Deus
706 3831 868 3884 totius
921 3827 1335 3896 consolationis,
1373 3827 1469 3897 qui
1510 3824 1816 3880 consolatur
1862 3840 1954 3879 nos
2016 3825 2074 3877 in

500 3924 642 3976 omni
675 3919 1014 3974 tribulatione
1043 3928 1248 3983 nostra,
1283 3928 1341 3973 ut
1371 3919 1635 3988 possimus
1665 3930 1713 3972 et
1750 3916 1854 3988 ipsi
1883 3931 2070 3971 conso-

499 4015 605 4068 lari
625 4030 710 4068 eos
739 4015 830 4084 qui
857 4014 913 4067 in
938 4012 1080 4066 omni
1105 4028 1353 4081 pressura
1379 4020 1523 4078 sunt,
1546 4027 1637 4080 per
1656 4007 2074 4064 exhortationem

499 4121 604 4176 qua
632 4105 973 4158 exhortamur
1007 4113 1059 4159 et
1092 4105 1195 4174 ipsi
1227 4119 1260 4156 a
1290 4101 1420 4170 Deo,
1471 4110 1575 4156 etc.
1613 4101 1704 4156 Sic
1739 4103 1902 4156 etiam
1931 4101 2074 4170 apud

499 4194 832 4263 Luciferum,
865 4196 1004 4251 libro
1033 4195 1110 4249 De
1141 4212 1241 4249 non
1271 4195 1616 4248 conveniendo
1641 4209 1756 4246 cum
1789 4193 2070 4258 hcereticis,

500 4290 606 4345 hoc
632 4290 795 4344 modo
819 4289 1018 4344 citatur
1042 4287 1357 4357 Apostolus,
1388 4285 1552 4340 Hebr.
1586 4301 1666 4350 ιιι,
1698 4286 1794 4339 13:
1819 4284 1921 4340 Sed
1952 4301 2072 4339 con-

2177 1733 2336 1785 tionis
2365 1751 2384 1784 ι
2411 1741 2487 1786 est
2510 1742 2747 1801 vocatus,
2778 1749 2872 1803 pro
2900 1749 2959 1787 eo
2974 1733 3111 1803 quod
3136 1750 3254 1786 cum
3273 1733 3513 1789 habuerit
3537 1753 3740 1806 agrum,

2173 1833 2390 1887 eumque
2418 1819 2710 1874 uendiderit
2730 1861 2745 1886 ,
2795 1822 3022 1890 pretium
3050 1820 3164 1890 ejus
3195 1830 3318 1876 ante
3345 1823 3499 1892 pedes
3529 1835 3740 1893 aposto-

2173 1909 2367 1975 lorum,
2416 1913 2485 1965 ad
2532 1911 2938 1966 consolationem
2967 1929 3288 1983 pauperum,
3337 1916 3604 1984 posuerit;
3646 1931 3742 1972 nec

2174 2019 2280 2057 non
2344 2003 2418 2056 illi
2478 2003 2572 2072 qui
2627 2003 2683 2057 in
2732 2002 3096 2074 Hieronymo,
3144 2005 3286 2058 libro
3328 2003 3406 2059 De
3449 2006 3742 2059 nominibus

2177 2093 2476 2163 Hebraicis,
2508 2102 2728 2150 vertunt
2764 2095 2906 2164 [ilius
2935 2093 3332 2149 consolationis.
3363 2095 3444 2150 Ad
3476 2096 3748 2166 posterio-

2175 2201 2289 2240 rem
2323 2201 2451 2241 vero
2497 2184 2660 2241 etiam
2706 2185 3161 2257 signiﬁcationem
3211 2186 3402 2241 adduci
3434 2195 3616 2256 potest
3646 2202 3751 2242 ex-

2173 2278 2375 2348 positio
2428 2278 2602 2333 sancti
2654 2274 3032 2348 Chrysostomi
3057 2315 3073 2340 ,
3123 2277 3344 2332 bomilia
3375 2277 3436 2332 ll
3473 2277 3529 2331 in
3557 2277 3697 2333 Acta
3733 2297 3749 2334 :

2177 2369 2479 2442 Βαρνάϐας,
2529 2370 2558 2422 ὅ
2613 2370 2758 2422 ὲστιν
2809 2369 2938 2436 υἱὸς
2974 2368 3426 2439 παρακλήσεως,
3478 2369 3584 2423 ὑπὸ
3631 2369 3753 2423 τῶν

2173 2459 2483 2515 ἀποστόλων
2506 2458 2895 2531 ἐπωνομάσθη⁸
2927 2459 3020 2513 καὶ
3046 2459 3192 2512 δοκεῖ
3226 2477 3316 2530 μοι
3348 2459 3458 2512 ἀπὸ
3483 2459 3582 2530 τῆς
3614 2460 3753 2532 ἀρε-

2171 2545 2271 2616 τῆς
2297 2544 2573 2615 εἰληφέναι
2597 2545 2659 2598 τὸ
2684 2546 2874 2617 ὄνομα,
2899 2546 2975 2610 ὡς
3001 2547 3137 2617 πρὸς
3163 2547 3322 2600 τοῦτο
3345 2547 3528 2612 ἱκανὸς
3556 2547 3630 2601 ὣν
3655 2551 3751 2603 καὶ

2174 2634 2495 2706 ἐπιτήδειος.
2532 2635 2839 2703 Barnabas,
2893 2641 2988 2694 hoc
3013 2646 3090 2693 est
3132 2661 3156 2696 ς
3197 2637 3343 2706 ﬁlius
3371 2639 3748 2695 consolationis

2172 2732 2222 2777 et
2254 2723 2661 2788 exhortationis,
2685 2744 2704 2776 ι
2741 2724 2805 2777 ab
2837 2725 3092 2795 apostolis
3120 2727 3522 2798 cognominatus
3550 2738 3648 2783 est.
3676 2727 3748 2782 Et

2173 2813 2302 2866 mihi
2335 2813 2564 2879 videtur,
2595 2831 2628 2868 a
2657 2817 2848 2869 virtute
2873 2832 3061 2870 nomen
3091 2818 3470 2886 assumpsisse,
3518 2819 3656 2888 quod
3675 2819 3750 2872 ad

2174 2904 2309 2959 illud
2332 2913 2486 2975 aptus
2509 2915 2642 2960 esset
2663 2923 2724 2960 ac
2747 2906 2984 2972 idoneus,
3010 2907 3076 2963 ad
3097 2909 3512 2978 consolandum,
3531 2922 3748 2980 nempe,

2103 2988 2146 3044 Β
2175 3013 2240 3054 ac
2269 2999 2696 3054 exhortandum.
2730 3000 2954 3056 Accedit
2985 3002 3091 3058 huc
3135 3001 3501 3072 veriloquium
3549 3000 3749 3057 Hiero.

2177 3091 2494 3162 nymianum
2528 3114 2539 3147 :
2575 3092 2872 3159 Barnabas,
2900 3092 3046 3162 ﬁlius
3075 3092 3372 3162 prophetae,
3400 3102 3496 3148 aut
3519 3094 3750 3163 prophe-

2179 3183 2288 3248 tite,
2323 3184 2427 3239 hoc
2470 3193 2555 3238 est
2602 3185 2884 3255 propheta.
2943 3182 3338 3254 Prophetarum
3383 3183 3594 3240 scilicet
3633 3185 3751 3240 sive

2175 3279 2463 3336 doctorum
2494 3289 2597 3345 est,
2635 3279 2914 3334 adhortari
2959 3286 3012 3334 et
3054 3277 3326 3334 consolari
3372 3276 3469 3333 Dei
3509 3277 3746 3348 plebem.

2175 3369 2466 3439 Quocirca,
2496 3370 2618 3425 Act.
2657 3386 2750 3436 xv,
2775 3369 2875 3435 52,
2917 3369 3150 3424 habetur
3176 3386 3192 3422 :
3228 3367 3425 3432 Ἰούδας
3451 3367 3508 3421 δὲ
3537 3368 3632 3421 καὶ
3657 3367 3746 3419 Σί-

2173 3464 2271 3528 λας
2300 3465 2395 3519 καὶ
2423 3464 2576 3518 αὐτοὶ
2603 3465 2877 3538 προφῆται
2903 3462 3173 3532 ὅντες,διὰ
3194 3462 3352 3532 λόγου
3383 3462 3576 3518 πολλοῦ
3605 3479 3750 3534 παρ-

2175 3555 2438 3610 εκάλεσαν
2495 3555 2623 3620 τοὺς
2668 3555 2970 3624 ἀδελφοὺς,
3021 3555 3117 3610 καὶ
3165 3553 3542 3628 ἐπεστήριξαν.
3585 3552 3747 3608 Juxta

2175 3657 2423 3702 nostrum
2472 3647 2871 3716 interpretem:
2930 3646 3104 3702 Judas
3154 3659 3332 3703 autem
3380 3657 3430 3702 et
3478 3645 3646 3714 Silas,
3697 3656 3748 3701 et

2175 3735 2277 3805 ipsi
2323 3751 2441 3789 cum
2480 3745 2650 3790 essent
2689 3737 2996 3807 prophetia,
3043 3736 3192 3792 verba
3223 3737 3451 3808 plurimo
3487 3739 3745 3793 consolati

2173 3837 2296 3882 sunt
2345 3829 2562 3899 fratres,
2597 3839 2649 3883 et
2689 3831 3148 3901 confirmaverunt.
3193 3830 3259 3885 Et
3296 3829 3318 3885 Ι
3359 3830 3489 3886 Cor.
3527 3847 3640 3895 xlv,
3666 3831 3743 3887 5:

2187 3922 2244 3976 Ὁ
2281 3921 2338 3975 δὲ
2377 3922 2736 3994 προφητεύων
2785 3921 3090 3994 ἀνθρώποις
3129 3923 3281 3978 λαλεῖ
3329 3923 3616 3994 οἰκοδομὴν
3650 3925 3746 3978 καὶ

2173 4012 2514 4085 παράκλησιν
2550 4015 2644 4067 καὶ
2680 4011 3052 4084 παραμυθίαν.
3109 4012 3256 4067 Nam
3304 4015 3394 4084 qui
3443 4013 3744 4083 prophetat,

2173 4105 2469 4160 hominibus
2498 4105 2735 4176 loquitur
2762 4106 2830 4158 ad
2856 4105 3265 4175 aediﬁcationem
3284 4145 3300 4169 ,
3343 4113 3392 4158 et
3419 4105 3746 4159 exhortatio-

2172 4216 2340 4266 nem,-
2367 4207 2417 4252 et
2464 4198 2896 4253 consolationem.
2980 4196 3136 4252 Vers.
3183 4197 3247 4251 51
3289 4215 3303 4251 :
3353 4196 3592 4251 Δύνασθε
3636 4197 3745 4268 γὰρ

2172 4292 2294 4346 καθ’
2319 4291 2416 4345 ἕνα
2441 4290 2642 4352 πάντες
2662 4289 3044 4360 προφητεύειν,
3071 4290 3158 4342 ἵνα
3187 4288 3384 4352 πάντες
3413 4287 3743 4359 μανθάνωσι,

498 4381 748 4435 solamini
793 4380 1171 4448 vosmetipsos,
1223 4394 1321 4449 pro
1365 4393 1475 4448 quo
1504 4375 1769 4448 Vulgatus
1805 4377 2071 4446 interpres

2176 4385 2268 4437 xui.
2315 4384 2516 4447 πάντες
2559 4383 3000 4454 παρακαλῶνται.
3053 4381 3131 4436 Ex
3183 4381 3375 4437 eadem
3449 4381 3741 4436 versione:

501 4473 882 4530 adhortamini.
913 4470 959 4524 A
977 4469 1238 4540 Gregorio
1264 4480 1444 4525 autem
1467 4469 1830 4535 Nazianzeno,
1860 4469 1914 4522 in
1945 4484 2070 4524 ora-

500 4567 648 4620 tione
675 4565 764 4631 56,
797 4563 1147 4635 παράκλητος
1178 4562 1196 4614 l
1223 4561 1383 4619 Joan.
1409 4580 1480 4630 ιι,
1515 4563 1575 4631 1,
1608 4564 1898 4634 exponitur
1927 4579 2070 4633 παρ-

498 4659 719 4728 αινέτης
747 4697 761 4722 ,
827 4657 1155 4711 exhortator.
1187 4653 1463 4725 Multaque
1494 4656 1695 4710 similia
1730 4655 1936 4725 passim
1986 4669 2070 4708 re-

497 4752 697 4821 peries.
741 4749 987 4818 Denique
1035 4755 1256 4802 sanctus
1293 4746 1619 4802 Ambrosius
1662 4747 1717 4801 in
1763 4747 1896 4801 illud
1928 4747 2070 4816 psal.

499 4857 689 4908 cxvm,
723 4840 820 4894 76:
842 4839 912 4894 Ut
939 4839 1245 4893 exhortetur
1273 4855 1377 4903 me,
1401 4839 1506 4892 ait:
1535 4838 1712 4908 Aliqui
1741 4838 1941 4892 codices
1973 4837 2072 4890 ha-

501 4934 619 4986 bent
651 4934 708 4987 in
751 4933 847 4986 hoc
892 4931 1029 5000 loco,
1076 4941 1139 4986 ut
1177 4930 1490 4986 consoletur
1535 4945 1641 4984 me.
1685 4928 1786 4984 Sed
1815 4932 1976 4985 etiam
2015 4930 2072 4984 in

501 5024 752 5092 Apostolo
807 5023 1026 5092 legimus
1083 5021 1503 5076 exhortationem
1561 5037 1655 5090 pro
1715 5021 2072 5075 consolatione

499 5115 720 5180 dictam,
750 5121 798 5166 et
830 5112 1244 5167 consolationem
1293 5129 1387 5183 pro
1424 5113 1814 5168 exhortatione.
1856 5111 1935 5167 Ex
1986 5113 2072 5168 his

437 5253 452 5262 .
500 5205 714 5260 duabus
744 5205 1231 5275 signiﬁcationibus
1258 5205 1686 5276 παρακλήσεως,
1732 5205 1962 5274 primam
2015 5205 2071 5260 in

500 5295 822 5365 explicando
848 5297 1070 5350 nomine
1099 5296 1360 5352 Barnabte
1382 5297 1678 5365 accipiunt,
1705 5295 2070 5352 (Ecumenius

501 5388 569 5441 ad
599 5389 721 5442 Act.
753 5402 828 5453 tv,
860 5387 950 5453 56,
985 5388 1114 5442 dum
1139 5389 1190 5442 id
1220 5389 1460 5443 nominis
1486 5388 1601 5443 vult
1628 5404 1748 5444 esse
1774 5388 2070 5461 μαρτύριον

440 5535 450 5552 ι
501 5480 705 5551 ἀρετῆς
738 5480 1190 5552 φιλοικτίρμονος,
1225 5491 1281 5536 et
1310 5481 1686 5537 demonstrare
1716 5481 2071 5554 παραμυθίαν

502 5571 598 5624 καὶ
649 5569 968 5641 οἰκτιρμόν;
1003 5568 1273 5626 Nolkerus
1302 5573 1357 5625 in
1385 5571 1795 5643 Martyrologio,
1833 5583 1981 5626 tumo
2004 5570 2071 5625 Vl

503 5665 751 5731 Antiqua:
773 5661 1034 5717 Lectionis
1062 5661 1278 5719 llenrici
1313 5662 1542 5732 Canisii,
1567 5665 1633 5720 ad
1656 5681 1719 5720 ιιι
1747 5664 1871 5720 ldus
1893 5663 2063 5730 Junii,

2171 4473 2403 4528 Potestis
2448 4475 2588 4526 enim
2633 4488 2808 4528 omnes
2852 4489 2946 4543 per
2999 4473 3232 4543 singulos
3284 4471 3630 4541 prophetare,
3685 4479 3746 4523 ut

2174 4583 2349 4621 omnes
2376 4565 2606 4633 discant,
2635 4574 2684 4620 et
2717 4581 2892 4619 omnes
2927 4565 3286 4619 exhortantur.

2243 4655 2399 4711 Hunc
2427 4655 2734 4711 Barnabam
2762 4655 3040 4710 exstitisse
3063 4670 3234 4710 unum
3264 4669 3332 4709 ex
3357 4653 3497 4708 LXX
3527 4653 3742 4708 Domini

2172 4747 2456 4817 discipulis
2487 4747 2835 4816 comprobari
2883 4754 3062 4816 potest
3113 4745 3423 4800 testimonio
3449 4744 3742 4800 Clementis

2171 4839 2549 4905 Alexandrini,
2577 4853 2703 4893 eum
2733 4837 2827 4892 lib.
2855 4852 2894 4890 ιι
2923 4833 3278 4901 Stromateon,
3322 4845 3436 4889 tum
3468 4836 3525 4889 in
3560 4833 3741 4905 Hypo-

2175 4933 2442 5004 typosibus
2459 4932 2602 5002 apud
2625 4930 2942 4996 Eusebium,
2969 4928 3114 4982 Hist.
3166 4929 3293 4985 eccl.
3313 4929 3407 4983 lib.
3438 4944 3478 4995 ι,
3502 4943 3622 4998 cap.
3650 4927 3740 4990 ii,

2171 5035 2225 5080 et
2254 5025 2348 5079 lib.
2381 5039 2421 5077 ιι
2448 5064 2464 5090 ,
2499 5037 2618 5092 cap.
2656 5021 2715 5088 l;
2753 5035 2986 5090 eamque
3037 5020 3385 5074 traditionem
3435 5030 3742 5089 sequuntur

2173 5111 2508 5182 Epiphanius
2537 5112 2592 5166 in
2630 5111 2736 5165 line
2766 5119 2898 5164 tom.
2930 5108 2972 5174 l,
3008 5109 3103 5164 lib.
3141 5126 3180 5176 ι,
3206 5110 3469 5164 Adversus
3495 5111 3740 5176 hereses,

2171 5213 2362 5260 auctor
2419 5205 2666 5263 Chronici
2708 5201 2839 5258 dicti
2886 5202 3284 5268 Alexandrini,
3333 5200 3639 5257 Dorotheus
3685 5202 3741 5256 in

2174 5291 2398 5362 Synopsi
2421 5334 2434 5359 ,
2477 5300 2530 5345 et
2558 5289 2596 5344 ii
2629 5293 2720 5361 qui
2754 5289 3019 5346 Barnabas
3061 5307 3148 5346 res
3177 5301 3358 5362 gestas
3395 5293 3740 5361 conscripse-

2173 5395 2320 5440 runt.
2359 5383 2558 5439 Contra
2589 5383 2780 5453 objicit
2819 5382 2964 5438 Beda
3009 5383 3066 5437 in
3109 5383 3229 5438 Act.
3282 5401 3334 5438 tv
3363 5403 3375 5438 :
3409 5383 3608 5437 Mirum
3637 5399 3740 5452 quo

2170 5478 2322 5532 modo
2345 5476 2480 5529 hunc
2509 5470 2833 5540 Barnabam,
2857 5476 2947 5545 qui
2974 5484 3152 5543 postea
3175 5492 3294 5528 cum
3315 5474 3486 5529 Paulo
3507 5474 3741 5544 gentium

2170 5580 2247 5624 est
2281 5568 2557 5623 ordinatus
2583 5568 2883 5636 apostolus,
2919 5583 2981 5621 ac
3024 5576 3139 5636 post
3169 5566 3383 5636 longum
3405 5565 3520 5635 ejus
3548 5572 3740 5617 contu-

2171 5661 2436 5728 bernium,
2467 5660 2635 5716 denuo
2667 5658 2895 5732 Cyprum
2915 5701 2928 5724 ,
2964 5660 3099 5714 unde
3127 5669 3274 5712 ortus
3303 5658 3477 5732 fuerat
3501 5697 3515 5724 ,
3541 5655 3743 5728 prodi-
