4032 6146
477 255 583 308 655

1805 219 2350 307 PROLEGOMENA.

3604 260 3707 314 65‘

470 387 688 430 caturus
716 373 905 441 rediit,
938 373 1192 430 Eusebius
1212 417 1227 441 ,
1275 379 1334 431 in
1363 377 1598 434 Historia
1642 373 2042 434 ecclesiastica.
2072 375 2119 434 A
2146 378 2442 434 intercedat
2479 381 3087 445 ratione-auctoritatis,
3121 380 3450 436 Clementem
3487 381 3625 435 inter
3655 391 3708 436 et

467 469 770 522 dcnumero
792 485 901 523 esse
941 482 1042 520 ιη
1093 469 1476 538 discipulorum
1496 470 1710 522 Domini
1737 461 2041 524 Saluatoris
2140 470 2483 538 Barnabam,
2530 475 2687 542 cujus
2736 472 2972 542 Epistola
3022 482 3231 527 tantum
3283 471 3439 526 fama:
3483 488 3590 526 non
3625 483 3709 528 est

469 559 791 624 arbitratur;
815 575 931 612 cum
946 560 1226 628 manifeste
1257 562 1451 614 scribat
1479 561 1544 615 B.
1565 559 1891 620 Lucas.eum
1920 576 2011 629 pos

2136 575 2426 620 consecuta
2457 581 2520 620 ac
2565 567 2652 621 illa
2702 568 3018 624 Clementis.
3073 567 3150 620 Ad
3199 566 3312 620 hzec
3363 576 3704 634 argumento.

468 651 822 705 ascensionem
853 649 1096 715 Domini,
1131 653 1199 704 ad
1255 653 1631 721 discipulatum
1681 651 2036 720 apostolorum
2135 673 2242 727 quo
2275 659 2448 711 utitur
2489 669 2712 714 sanctus
2755 659 3128 729 Augustinus,
3157 656 3255 709 lib.
3298 671 3317 709 1
3368 651 3567 709 Contra
3604 656 3704 708 ad-

467 743 666 794 venisse
681 757 700 793 :
717 742 819 794 nisi
839 741 973 810 forte
989 745 1282 812 putandum
1297 753 1372 797 est
1388 760 1502 796 cum
1527 745 1673 812 prius
1699 745 1774 797 ita
1802 745 2034 814 discipu-

463 832 634 885 latum
659 831 858 887 Christi
887 843 1143 900 secutum,
1185 846 1241 888 ut
1271 836 1488 889 necdum
1521 836 1896 889 renuntiaverit
1923 853 2034 889 om-

465 923 619 976 nibus
653 939 770 993 qua:
802 925 1102 992 possidebat
1135 941 1153 978 :
1188 927 1326 996 quod
1359 935 1538 980 utrum
1581 928 1890 996 evangelicae
1937 930 2032 982 do-

463 1016 650 1069 ctrina:
677 1017 991 1081 convenerit,
1015 1018 1181 1072 cuivis
1203 1017 1455 1087 facillime
1480 1028 1646 1088 patet.
1672 1018 1870 1074 Verum
1901 1036 2032 1091 pace

463 1108 565 1161 viri
611 1109 961 1175 venerabilis,
1009 1124 1109 1165 nec
1155 1108 1331 1166 Lucas
1381 1111 1514 1165 dicit
1557 1111 1862 1166 Barnabam
1907 1123 2033 1182 post

461 1200 838 1267 ascensionem
883 1199 1098 1255 Domini
1143 1201 1376 1269 ccepisse
1403 1200 1645 1266 credere,
1685 1218 1786 1258 nec
1821 1203 2031 1259 videtur

464 1309 688 1350 newsse
717 1303 779 1349 ut
813 1310 1002 1350 omnes
1030 1295 1284 1365 discipuli
1321 1297 1507 1352 omnia
1547 1312 1646 1352 sua
1689 1297 2028 1368 abjecerint:

461 1385 609 1456 quod
637 1386 887 1455 quamvis
913 1393 1058 1440 esset
1082 1427 1097 1451 ,
1148 1386 1326 1455 potuit
1351 1383 1548 1440 Noster
1577 1401 1768 1442 recens
1798 1387 2029 1442 haeredi-

463 1484 575 1531 tate
616 1477 867 1545 adeptum
906 1491 1098 1546 agrum
1139 1475 1374 1531 vendere
1398 1516 1413 1541 ,
1464 1489 1575 1546 quo
1619 1477 1905 1546 pecuniam
1959 1478 2029 1533 ad

460 1567 625 1637 pedes
652 1566 1020 1636 apostolorum
1053 1574 1295 1636 poneret.

532 1639 797 1711 Caeterum
837 1655 904 1711 de
944 1654 1191 1710 Barnaba
1222 1657 1391 1712 multa
1434 1666 1726 1712 narrantur
1770 1659 1825 1713 in
1877 1656 2029 1714 Novo

462 1746 811 1803 Testamento
856 1767 870 1802 :
919 1749 1060 1803 inter
1107 1749 1246 1816 alia,
1291 1749 1412 1805 Act.
1467 1767 1553 1816 ιιι,
1585 1751 1684 1816 29,
1740 1751 1829 1815 50,
1879 1751 2027 1821 quod

460 1839 760 1894 Christiani
815 1839 1142 1897 Antiocheni
1200 1842 1449 1897 miserint
1496 1843 1895 1914 cleemosynam
1958 1843 2025 1897 ad

463 1928 983 2002 Hierosolymitanos
1007 1949 1104 2004 per
1127 1949 1321 1989 manus
1351 1934 1496 1990 illius
1526 1953 1538 1988 :
1589 1950 1654 1990 ex
1678 1950 1788 2006 quo
1815 1935 2022 1990 factum

456 2023 719 2090 arbitror,
768 2032 829 2078 ut
867 2024 1039 2079 Graeci
1084 2024 1137 2079 in
1171 2025 1514 2080 ordinatione
1543 2027 1724 2096 magni
1751 2028 2022 2081 oeconomi

458 2113 702 2168 dicerent
722 2154 738 2176 ,
767 2115 950 2185 εὐχαῖς
980 2117 1074 2170 καὶ
1110 2117 1424 2189 πρεσϐείαις
1454 2117 1548 2170 τοῦ
1577 2118 1730 2187 ἁγίου
1764 2120 1857 2172 καὶ
1884 2135 2021 2172 παν-

457 2207 704 2278 ευφήμου
756 2207 1006 2278 Βαρνάϐα
1048 2207 1138 2261 τοῦ
1189 2209 1482 2262 ἀποστόλου
1527 2210 1620 2262 θεαὶ
1663 2211 2020 2283 γενναιομὰρ-

456 2311 638 2369 τυροζ,
695 2300 932 2368 precibus
971 2310 1021 2353 et
1077 2299 1532 2355 intercessionibus
1573 2302 1744 2355 sancti
1800 2315 1848 2357 et
1892 2303 2024 2358 cele-

454 2388 749 2443 bratissimi
781 2389 1078 2456 Barnabaz,
1119 2392 1348 2462 apostoli
1373 2402 1420 2447 et
1459 2394 1694 2463 generosi
1734 2397 2019 2466 martyris;

453 2481 912 2551 quemadmodum
941 2485 1121 2542 videre
1167 2494 1252 2543 est
1300 2487 1353 2540 in
1400 2485 1558 2540 Joan.
1606 2486 1804 2540 Morini
1837 2487 2018 2543 Sacris

470 2575 897 2631 ordinationibus
931 2587 1084 2647 parte
1115 2595 1185 2644 ιι,
1227 2594 1350 2649 pag.
1383 2579 1503 2634 115.
1535 2578 1761 2651 Reliqua
1791 2581 1858 2636 ad
1884 2596 2018 2651 apo-

453 2669 654 2724 stolum
687 2670 850 2726 istum
883 2672 1228 2742 pertinentia,
1274 2687 1425 2738 vera,
1472 2671 1740 2738 fabulosa,
1765 2683 1816 2730 et
1855 2674 2016 2744 vulgo

448 2773 874 2831 cognoscuntur,
914 2772 969 2818 et
993 2763 1064 2818 ad
1093 2765 1403 2820 institutum
1435 2773 1688 2823 nostrum
1720 2781 1828 2820 non
1859 2766 2016 2821 valde

447 2852 659 2909 faciunt
687 2871 701 2908 :
729 2871 899 2925 quare
927 2871 991 2912 ea
1022 2858 1187 2913 missa
1221 2850 1474 2915 facimus.

518 2945 758 3016 Epistola
783 2948 1066 3004 Barnabte.
1104 2949 1362 3007 Venimus
1389 2951 1457 3006 ad
1486 2951 1781 3023 Epistolam
1811 2969 2011 3009 nomen

445 3037 592 3093 illius
617 3037 989 3108 pratferentem
1011 3081 1026 3107 ,
1059 3041 1330 3097 veteribus
1360 3042 1632 3098 laudatam
1665 3059 1826 3114 saepe,
1863 3044 2012 3100 desi-
2037 3069 2079 3128 ο

439 3129 686 3184 deralam
717 3131 1092 3200 superioribus
1119 3133 1368 3198 saeculis,
1405 3142 1595 3189 nostro
1628 3134 1856 3190 feliciter
1892 3137 2010 3191 edi-

440 3225 554 3270 tam
583 3232 614 3270 a
644 3217 776 3273 viris
800 3218 1131 3275 doctissimis
1160 3219 1389 3292 Hugoue
1419 3222 1677 3279 Menardo
1720 3235 1774 3280 et
1822 3224 2011 3281 lsaaco

443 3305 660 3364 Vossio.
697 3307 988 3364 Dubitatur
1015 3325 1084 3364 an
1116 3311 1188 3366 sit
1213 3313 1485 3382 genuinus
1511 3314 1676 3384 fetus,
1706 3331 1777 3370 an
1805 3333 2008 3388 suppo-

442 3405 602 3460 situs.
637 3403 1017 3460 Existimatum
1065 3405 1282 3475 quidem
1310 3405 1575 3463 Clementi
1617 3409 2007 3476 Alexandrino,

437 3495 661 3566 Origeni
693 3510 757 3550 ac
798 3494 1127 3567 Hieronymo
1147 3537 1162 3563 ,
1193 3497 1425 3552 summis
1452 3499 1585 3554 viris
1608 3541 1622 3565 ,
1654 3502 1853 3571 quibus
1881 3519 2008 3572 pro-

441 3600 624 3658 pterea
660 3588 792 3643 fides
844 3587 1003 3643 facile
1044 3589 1316 3657 abrogari.
1341 3604 1449 3645 non
1489 3591 1688 3659 debet,
1731 3593 1866 3646 nihil
1918 3594 2008 3649 hic

439 3679 650 3734 fraudis
673 3677 1005 3735 delitescere.
1030 3678 1099 3733 At
1119 3678 1410 3745 Eusebius,
1434 3680 1655 3750 quando
1704 3681 1850 3737 Hist.
1877 3684 2002 3738 sccl.

439 3773 536 3827 lib.
590 3788 695 3838 ιιι,
743 3787 860 3841 cap.
915 3772 1020 3839 25,
1072 3771 1370 3842 Epistolam
1404 3773 1636 3828 collocat
1664 3773 1804 3829 inter
1833 3775 2004 3830 libros

440 3864 677 3933 spurios,
709 3866 766 3917 ὲν
800 3864 1002 3928 νόθοις,
1044 3864 1230 3919 dolum
1266 3865 1477 3919 videtur
1507 3865 1816 3934 suspicatus
1854 3884 1866 3918 :
1899 3866 2003 3920 nisi

439 3957 486 4011 si
531 3957 657 4026 quis
708 3957 934 4010 nothum
979 3957 1236 4011 volumen
1281 3970 1348 4010 eo
1397 3956 1502 4010 loci
1551 3965 1824 4026 exponat;
1856 3966 1916 4010 ut
1947 3957 2001 4010 in

439 4047 807 4116 Amphilochii
841 4047 1080 4117 Epistola
1117 4047 1355 4102 iambica
1387 4047 1458 4102 ad
1489 4046 1774 4103 Seleucum
1803 4089 1818 4112 ,
1871 4048 2002 4102 illud

434 4138 585 4209 quod
617 4154 724 4191 non
753 4147 835 4193 est
859 4139 1154 4209 genuinum
1185 4154 1353 4194 sacrae
1383 4137 1700 4208 Scriptum,
1727 4139 1841 4194 sive
1867 4139 2002 4195 alias

437 4239 718 4286 auctorem
745 4245 934 4285 verum
967 4231 1125 4285 titulo
1171 4229 1451 4300 prasterat,
1508 4229 1621 4284 sive
1655 4231 1996 4285 ementitum.

435 4323 596 4378 Certe
615 4323 702 4375 vix
727 4321 874 4376 credi
896 4330 1094 4391 potest,
1120 4321 1265 4390 quod
1292 4322 1424 4375 adeo
1441 4323 1676 4376 eximius
1697 4323 1998 4391 apostolus,

2133 750 2426 802 versarium
2476 750 2609 819 legis
2643 759 2692 803 et
2735 750 3138 819 prophetarum,
3184 763 3303 815 cap.
3334 745 3433 810 20,
3471 754 3530 799 ut
3569 761 3697 816 apo-

2133 842 2332 911 crypha
2367 841 2467 896 sub
2499 842 2814 896 nominibus
2857 842 3083 895 Andreae
3125 838 3457 907 Joannisque
3501 839 3702 906 scripta

2131 932 2383 988 exsibilet
2411 940 2575 1002 atque
2602 934 2855 1003 explodet
2886 930 2992 997 :_Si
3031 931 3250 984 illorum
3278 939 3466 995 essent,
3496 936 3704 998 recepta

2131 1033 2301 1078 essent
2325 1023 2390 1077 ab
2421 1023 2698 1091 Ecclesia;
2726 1041 2814 1092 eo,
2848 1026 3102 1096 inquam,
3136 1033 3456 1094 argumento
3485 1024 3539 1078 in
3572 1038 3704 1081 sus-

2131 1116 2400 1186 picionem
2437 1116 2728 1187 illegitimaa
2757 1117 2924 1187 prolis
2955 1117 3099 1172 venit
3129 1116 3392 1186 Epistula,
3433 1131 3553 1170 cum
3583 1116 3698 1185 jam

2130 1205 2224 1260 diu
2259 1206 2458 1275 rejecta
2507 1213 2561 1260 et
2606 1207 2673 1261 ad
2719 1208 3056 1278 apocryphas
3083 1207 3382 1275 scripturas
3410 1207 3697 1260 amandata

2132 1297 2315 1351 fuerit.
2349 1297 2658 1367 Apocrypha
2680 1340 2694 1363 ,
2722 1298 2899 1367 inquit
2942 1297 3324 1368 Hieronymus,
3357 1297 3514 1365 epist.
3549 1296 3600 1362 7,
3631 1297 3699 1351 ad

2130 1386 2355 1452 Laetam,
2386 1389 2521 1441 sciat
2551 1405 2653 1442 non
2682 1405 2862 1441 eorum
2891 1405 3000 1443 esse
3028 1405 3252 1458 quorum
3285 1388 3454 1441 titulis
3493 1404 3698 1456 pramo-

2132 1486 2332 1530 tantur.
2367 1476 2707 1546 Quapmpter
2733 1476 3023 1548 Origenes,
3053 1477 3147 1546 qui
3178 1475 3387 1545 putavit
3412 1491 3550 1544 opus
3576 1489 3699 1529 esse

2130 1568 2411 1636 Barnabaz,
2444 1569 2674 1624 credidit
2701 1569 2866 1624 etiam
2899 1583 3022 1623 esse
3048 1568 3394 1623 canonicum.
3430 1565 3587 1629 Sunt,
3615 1565 3698 1618 in-

2129 1660 2246 1730 quit
2301 1661 2366 1714 ad
2419 1675 2560 1715 vers.
2607 1660 2696 1724 24,
2730 1675 2848 1730 cap.
2899 1676 2916 1713 ι
2976 1659 3231 1729 Epistolas
3277 1659 3342 1712 ad
3395 1657 3694 1723 Romanos,

2126 1764 2377 1824 praetcrea
2410 1753 2573 1823 (sicut
2605 1755 2660 1807 in
2687 1753 2870 1807 multis
2901 1751 3192 1820 Scriptum
3223 1751 3351 1804 locis
3382 1750 3694 1817 invenimus)

2124 1845 2296 1908 etiam.
2316 1846 2590 1915 utriusque
2618 1847 2815 1913 partis,
2842 1845 2919 1900 vel
2961 1847 3232 1916 utriusque
3273 1846 3409 1907 viae;
3457 1843 3694 1912 [autores

2122 1937 2340 2005 quidam
2371 1945 2420 1990 et
2451 1937 2719 2006 adjutores
2755 1937 2946 2008 angeli,
2977 1946 3107 2006 etc"
3141 1937 3234 1992 ubi
3263 1937 3386 2006 quis
3413 1951 3522 1990 non
3547 1935 3695 1990 videt

2124 2029 2290 2084 alludi
2320 2029 2386 2084 ad
2419 2038 2582 2098 caput
2613 2029 2679 2085 l8
2707 2039 2908 2085 nostrae
2932 2030 3206 2102 Epistolaa,
3237 2031 3304 2084 de
3327 2029 3539 2084 duabus
3566 2029 3689 2092 viis,

2121 2130 2176 2175 et
2219 2121 2286 2176 de
2335 2121 2542 2191 angelis
2589 2121 2807 2191 utrique
2851 2122 2952 2176 via:
2995 2121 3342 2191 praepositis?
3395 2119 3514 2174 Jam
3561 2134 3690 2173 vero

2121 2213 2216 2267 lib.
2262 2227 2280 2265 ι
2332 2223 2515 2265 contra
2563 2209 2772 2266 Celsum
2816 2212 2959 2267 idem
3005 2212 3364 2266 Adamantius
3416 2226 3605 2264 vocem
3657 2226 3688 2263 a

2089 2283 2370 2358 .Barnaba
2407 2305 2570 2374 paulo
2605 2303 2797 2358 durius
2836 2303 2890 2357 iu
2922 2305 3200 2373 apostolos
3242 2303 3506 2372 prolatam
3529 2341 3544 2366 ,
3590 2317 3686 2354 nc-

2120 2411 2394 2466 quaquam
2444 2396 2663 2466 rejicit,
2709 2396 2819 2450 imo
2866 2396 3137 2450 similibus
3192 2393 3486 2463 Scriptura:
3527 2394 3688 2448 dictis

2120 2490 2298 2544 munit
2346 2504 2410 2544 ac
2459 2488 2675 2553 firmat,
2735 2488 3067 2558 insuperque
3121 2486 3420 2556 Epistolam
3475 2501 3684 2540 sacram

2117 2598 2240 2638 esse
2288 2583 2506 2648 innuit,
2557 2591 2612 2636 et
2656 2591 2812 2636 vocat
2860 2581 3194 2636 Catholicam
3246 2599 3261 2634 :
3311 2595 3421 2649 quo
3465 2579 3684 2648 quidem

2116 2676 2340 2731 nomine
2371 2676 2534 2730 etiam
2572 2675 2849 2729 indicatur
2882 2689 3004 2728 eam
3048 2674 3240 2728 saltem
3287 2689 3317 2726 a
3364 2673 3550 2726 multis
3581 2671 3686 2728 Ca-

2114 2767 2335 2822 tholicis
2359 2765 2530 2821 fuisse
2558 2765 2876 2830 admissam,
2901 2773 3064 2834 atque
3090 2763 3264 2818 instar
3287 2759 3681 2817 catholicarum

2113 2857 2445 2923 lectitatam;
2500 2871 2612 2910 nou
2657 2856 2839 2911 solum
2887 2864 3070 2910 autem
3119 2854 3477 2926 significatur,
3535 2853 3683 2924 quod

2112 2948 2267 3004 aiunt
2306 2963 2372 3003 ex
2405 2947 2634 3003 Leontio
2662 2947 2758 3005 lib.
2792 2948 2870 3003 De
2899 2950 3080 3013 sectis,
3115 2949 3329 3004 actione
3361 2947 3428 3014 2,
3464 2963 3495 3002 a
3525 2946 3684 3018 cujus

2113 3039 2370 3110 opinione
2399 3039 2710 3094 nullatenus
2732 3038 2985 3094 dissentit
3008 3037 3394 3102 (Ecumenius,
3419 3027 3695 3107 scriptam

2111 3146 2234 3187 esse
2259 3131 2328 3185 ad
2359 3146 2550 3186 omnes
2575 3129 2924 3202 generaliter,
2961 3145 3071 3184 non
3102 3144 3231 3185 vero
3258 3128 3326 3184 ad
3354 3145 3520 3184 unam
3548 3123 3693 3199 gen-J

2109 3231 2241 3278 tem.
2272 3221 2410 3275 Nam
2444 3222 2490 3276 si
2531 3222 2586 3276 id
2616 3231 2827 3276 tantum
2857 3223 3160 3277 declararet
3187 3237 3253 3277 ea
3282 3237 3384 3275 vox
3403 3261 3420 3288 ,
3453 3221 3542 3276 cui
3575 3238 3682 3276 un-

2109 3327 2276 3382 quam
2306 3312 2548 3368 venisset
2577 3312 2634 3368 in
2664 3320 2900 3367 mentem
2927 3352 2943 3380 ,
2989 3310 3216 3367 Joannis
3244 3311 3539 3366 secundam
3563 3353 3579 3380 ,
3609 3314 3682 3368 ad

2110 3420 2275 3460 unam
2305 3405 2568 3472 domum,
2621 3413 2677 3460 et
2730 3404 2985 3472 tertiam,
3035 3404 3105 3460 ad
3159 3419 3330 3458 unum
3398 3404 3676 3460 hominem

2107 3507 2380 3566 exaratas,
2407 3499 2461 3552 in
2488 3498 2882 3554 catholicarum
2911 3513 3136 3552 censum
3167 3495 3410 3552 referre?
3432 3497 3679 3553 Pruden-

2087 3591 2215 3662 tius
2252 3591 2434 3660 itaque
2460 3590 2664 3645 factum
2692 3590 2760 3645 ab
2791 3588 3000 3645 Isidoro
3045 3588 3251 3660 Hispal.
3281 3589 3377 3644 lib.
3408 3605 3462 3645 v1
3492 3590 3676 3658 Origi-

2105 3700 2256 3749 num,
2284 3699 2405 3752 cap.
2435 3683 2470 3736 2
2500 3684 2658 3753 (nam
2698 3681 2968 3737 confutari
2996 3698 3101 3736 non
3134 3691 3376 3737 meretur
3405 3686 3671 3739 sententia

2105 3773 2430 3846 Hebedjesu,
2467 3774 2709 3830 auctoris
2735 3773 3048 3838 Chaldaici,
3077 3775 3396 3831 alIirmantis
3423 3777 3476 3830 in
3507 3775 3672 3832 Cata-

2105 3868 2229 3938 logo
2282 3867 2585 3932 librorum,
2639 3867 2939 3922 catholicas
2999 3867 3120 3922 ideo
3169 3869 3354 3923 vocari
3403 3867 3672 3938 Epistolas

2101 3959 2286 4016 Jacobi
2313 4002 2328 4026 ,
2377 3959 2558 4027 Petri,
2589 3959 2818 4017 Joannis
2854 3973 2905 4017 et
2946 3960 3134 4027 Judze,
3163 3962 3309 4031 quod
3343 3962 3412 4018 ab
3443 3963 3508 4019 iis
3540 3980 3670 4034 apo-

2102 4050 2256 4104 stolis
2311 4051 2460 4104 omni
2524 4052 2837 4107 charactere
2878 4061 2932 4107 et.
2977 4053 3162 4122 lingua
3236 4053 3441 4108 fuerint
3487 4057 3671 4109 consi-

2102 4143 2352 4211 gnatae),
2385 4143 2479 4211 qui
2511 4159 2634 4197 cum
2665 4144 2984 4212 praedictum
3025 4145 3347 4199 vocabulum
3378 4147 3667 4214 posteriori

2101 4248 2268 4289 sensu
2315 4245 2641 4303 usurparet,
2712 4235 3011 4290 catholicas
3068 4246 3346 4306 nuncupat
3398 4237 3669 4307 Epistolas

2101 4324 2269 4389 Petri,
2293 4341 2399 4378 non
2425 4327 2550 4380 item
2576 4324 2786 4391 Jacobi,
2803 4325 3050 4394 Joannis,
3068 4337 3122 4382 et
3142 4326 3292 4382 Judaa
3319 4345 3667 4398 :quanquam

436 4417 518 4469 vir
545 4415 729 4484 plenus
775 4412 981 4482 Spiritu
1020 4426 1201 4466 sancto
1241 4424 1287 4467 et
1335 4413 1438 4481 (ide
1462 4414 1504 4480 ί,
1527 4421 1840 4483 segregatus
1889 4429 1998 4468 una
2031 4408 2074 4462 Β
2097 4417 2250 4472 Juda:
2275 4426 2329 4473 et
2353 4417 2540 4472 Jacobi
2572 4419 2936 4488 generaliores
2965 4421 3076 4474 sint
3101 4422 3274 4490 prima
3301 4421 3446 4475 Petri
3477 4439 3490 4474 :
3525 4424 3667 4476 unde

435 4523 560 4561 cum
589 4505 759 4560 Paulo
796 4522 827 4560 a
866 4514 1058 4560 sancto
1096 4505 1299 4574 Spiritu
1331 4506 1386 4558 in
1419 4519 1557 4574 opus
1586 4503 1894 4574 Evangelii,
1943 4512 1997 4558 et

435 4599 642 4669 collega
669 4596 913 4668 ejusdem
945 4597 1170 4667 apostoli
1215 4596 1269 4650 in
1297 4597 1538 4668 gentium
1568 4594 1898 4665 apostolatu,
1931 4611 1994 4649 ea

432 4689 716 4758 scripserit
761 4703 882 4757 quae
925 4690 979 4741 in
1020 4687 1282 4757 opusculo
1321 4687 1573 4757 praesenti
1607 4687 1991 4742 continentur:

433 4787 654 4836 coactas
683 4778 806 4833 dico
833 4778 1150 4848 allegorias,
1185 4778 1557 4833 enarrationes
1591 4776 1994 4848 Scripturarum

434 4871 620 4924 minus
648 4868 990 4932 verisimiles,
1025 4865 1239 4922 fabulas
1267 4867 1334 4921 de
1359 4867 1688 4923 animalibus
1713 4908 1728 4932 ,
1783 4869 1995 4938 aliaque

429 4957 502 5018 de
531 4962 732 5032 quibus
759 4971 946 5031 postea
990 4975 1236 5031 agemus.
1287 4957 1414 5014 Haec
1443 4969 1621 5014 tamen
1647 5001 1663 5025 ,
1694 4960 1782 5013 vix
1820 4961 1994 5015 credi-

431 5055 600 5122 bilia,
653 5069 761 5108 non
809 5063 1080 5110 remorata
1130 5062 1258 5110 sunt
1301 5052 1586 5122 prtedictos
1637 5052 1989 5115 Clementem,

429 5142 760 5215 Origenem,
814 5144 1203 5216 Hieronymum
1254 5162 1267 5198 :
1317 5144 1458 5200 sicut
1503 5144 1660 5214 pauci
1712 5145 1849 5199 nzevi
1898 5146 1990 5214 qui

430 5239 716 5292 honestam
741 5234 939 5291 faciem
972 5235 1230 5305 Epistola:
1257 5252 1286 5290 a
1318 5235 1596 5290 Clemente
1637 5234 1886 5290 Romano
1924 5235 1991 5290 ad

427 5331 745 5388 Corinthios
792 5329 1164 5385 Romanorum
1210 5312 1447 5385 nomine
1471 5329 1791 5399 conscriptae
1837 5343 1991 5382 com-

429 5426 742 5492 maculant,
791 5439 901 5478 non
946 5423 1311 5493 impedierunt
1348 5424 1480 5493 quin
1523 5424 1661 5478 tanti
1701 5439 1764 5477 ea
1799 5423 1988 5490 ﬁeret;

427 5516 681 5587 quamvis
706 5529 900 5584 magna
923 5554 938 5580 ,
991 5529 1112 5570 meo
1134 5515 1352 5585 quidem
1393 5515 1634 5586 judicio,
1685 5514 1988 5572 dill‘erentia

499 5675 520 5710 ¹
545 5673 663 5730 Act.
696 5691 772 5741 xl,
800 5674 902 5739 24;
931 5690 1054 5738 xm,
1093 5674 1147 5729 2.

2097 4517 2343 4564 notatum
2393 4509 2496 4564 fuit
2539 4526 2571 4565 a
2614 4512 2852 4580 quodam
2904 4513 3197 4567 scholiaste
3241 4513 3307 4567 ad
3364 4511 3663 4582 Epistolam

2095 4597 2302 4667 Jacobi,
2327 4617 2429 4656 ms.
2469 4600 2637 4672 Regio
2668 4601 2807 4658 705:
2837 4604 3203 4675 Προτὲτακται
3228 4608 3260 4677 ὴ
3287 4607 3380 4659 τοῦ
3410 4607 3662 4663 Ἰακώϐου

2108 4690 2388 4763 Ἐπιστολὴ
2415 4692 2522 4745 τῶν
2548 4693 2752 4759 ἄλλων,
2787 4695 2868 4748 ὅτι
2898 4712 2957 4747 τε
2991 4695 3205 4766 πρῶτος
3243 4697 3538 4763 ἐπίσκοπος
3573 4697 3662 4772 ἦν,

2095 4786 2189 4838 καὶ
2233 4786 2314 4839 ὅτι
2357 4787 2458 4857 τῆς
2505 4787 2712 4859 Πέτρου
2761 4787 3190 4860 καθολικωτέραθ
3239 4792 3358 4853 ταῖς
3405 4791 3512 4864 γὰρ
3561 4794 3662 4848 ἀνὰ

2094 4879 2273 4930 πᾶσαν
2311 4878 2409 4950 τὴν
2445 4879 2547 4948 γῆν
2595 4880 3016 4951 διεσπαρμέναις
3057 4881 3270 4954 ἐγράφη
3315 4882 3521 4937 δάῦεκα
3563 4903 3663 4954 φυ-

2093 4970 2227 5034 λαῖς.
2304 4971 2415 5027 lloc
2453 4982 2583 5027 est:
2628 4973 2814 5034 Posito
2859 4986 2934 5028 est
2979 4984 3099 5028 ante
3130 4976 3309 5040 ,alias
3361 4979 3660 5034 catholicas

2095 5063 2338 5133 Epistola
2363 5063 2587 5128 Jacobi;
2619 5078 2729 5119 tum
2755 5068 2880 5136 quia
2915 5068 2961 5120 is
2994 5068 3195 5136 primus
3224 5079 3336 5121 erat
3363 5071 3655 5140 episcopus,

2093 5166 2204 5209 tum
2230 5157 2482 5226 quiailla
2512 5157 2862 5211 universalior
2895 5168 2971 5212 est
3015 5160 3238 5228 epistola
3267 5160 3413 5215 Petri
3447 5163 3655 5231 (prima

2093 5247 2362 5317 scilicet);
2412 5247 2688 5301 duodecim
2735 5249 2922 5318 quippe
2965 5250 3202 5304 tribubus
3235 5269 3328 5320 per
3357 5254 3654 5306 universum

2092 5341 2266 5394 orbem
2311 5341 2562 5410 dispersis
2613 5343 2811 5410 scripta
2862 5352 2936 5394 est
3000 5342 3242 5414 Denique
3283 5342 3346 5398 S.
3392 5343 3652 5414 Hierony-

2093 5447 2249 5497 mus,
2299 5433 2352 5484 in
2407 5432 2546 5485 libro
2576 5447 2736 5500 quem
2790 5431 2864 5484 De
2909 5435 3332 5502 interpretatione
3384 5435 3651 5487 nominum

2098 5521 2512 5591 Hebraicorum,
2571 5523 2815 5579 imitatus
2857 5523 3141 5579 Philonem
3197 5541 3260 5580 ac
3310 5520 3599 5596 Origenem
3625 5527 3662 5594 ,’
