4066 6140
422 253 528 310 655

1524 250 1581 304 S.
1625 248 1992 304 BARNABAS
2039 249 2474 306 APOSTOLUS.

3579 251 3682 306 6’56

423 371 737 443 composuit
760 410 775 433 ,
827 369 968 424 inter
1003 366 1140 423 Novi
1171 365 1506 424 Testamenti
1545 369 1717 424 libros
1751 385 1859 423 non
1893 379 2006 425 sta-
2035 371 2076 428 A
2106 369 2284 439 ginem
2316 370 2464 426 illius
2496 381 2786 440 repeteret,
2819 388 2848 426 a
2882 372 3224 442 temporibus
3251 369 3521 425 excidium
3556 385 3678 424 mox

423 466 621 520 tuisset
657 463 955 533 Epistolam
985 460 1251 516 Barnabas
1277 501 1292 525 ,
1337 461 1478 515 sicut
1507 460 1655 528 facit,
1687 477 1852 530 quam
1886 461 2002 530 ipse

424 572 548 612 cum
580 555 905 624 apocryphis
933 551 1235 622 Scripturis
1270 551 1500 621 legebat,
1536 553 1640 606 nisi
1673 552 1900 606 vidisset
1927 551 2001 605 ita

421 648 492 701 ab
521 646 754 718 Origene
781 644 951 699 fuisse
982 644 1289 698 actitatum.
1333 642 1592 698 Eamdem
1627 660 1848 714 quoque
1873 660 2002 699 sen-

426 741 650 794 tentiam
703 738 1167 809 deprehendimus
1217 737 1271 790 in
1334 735 1557 804 antiqua
1613 734 2001 792 Stichometria

415 832 639 895 Latina,
673 847 794 902 qua:
828 838 1006 885 exstat
1049 830 1103 883 in
1143 828 1360 883 duobus
1409 827 1568 882 libris
1617 843 1777 892 mss.,
1829 829 2001 884 altero

425 938 534 976 non
567 923 774 992 pridem
804 920 1172 976 Puteanorum
1213 919 1466 972 Fratrum
1489 960 1504 985 ,
1552 934 1699 973 nunc
1731 919 2000 974 Christia-

424 1015 641 1070 nissimi
670 1014 834 1085 regis,
867 1014 1039 1068 altero
1069 1013 1464 1067 monachorum
1502 1010 1688 1066 Sancti
1719 1011 2000 1067 Germani.

423 1107 537 1163 Illic
588 1106 828 1176 Epistola
876 1105 1140 1159 Barnabas
1183 1104 1485 1159 collocatur
1535 1110 1661 1173 post
1699 1101 2000 1172 Epistolam

422 1199 608 1266 Judae,
643 1208 768 1253 ante
796 1197 1024 1253 Joannis
1060 1195 1464 1252 Revelatiouem
1493 1202 1548 1250 et
1575 1194 1743 1249 Actus
1782 1204 2002 1265 aposto-

423 1293 624 1346 lorum.

499 1381 697 1436 Verum
731 1381 783 1433 in
816 1379 1000 1433 omnia
1035 1378 1249 1432 diversa
1280 1376 1488 1430 abierat
1530 1382 1831 1443 praeceptor
1875 1371 1999 1428 Ori—

423 1471 610 1543 gcnis,
662 1471 913 1526 Clemens
960 1468 1395 1541 Alexandrinus,
1441 1465 1641 1536 quippe
1697 1467 1787 1534 qui
1837 1481 1997 1533 OpllS,

425 1564 572 1633 quod
624 1563 800 1616 credit
845 1576 965 1616 esse
1013 1559 1298 1621 Barnabal,
1351 1557 1650 1627 impugnat,
1700 1559 1822 1609 licet
1872 1572 1999 1625 sup-

424 1670 650 1725 presso,
710 1652 940 1707 honoris
1001 1665 1208 1714 causa,
1264 1649 1518 1712 nomine;
1573 1645 1856 1716 Ptedagogi
1915 1661 1995 1711 ιι,

2104 462 2607 533 subsequentibus;
2652 464 2722 519 ita
2765 464 2906 520 male
2943 479 3040 534 per
3065 461 3363 518 secundum
3390 460 3680 516 conclude—

2103 565 2255 610 retur
2282 557 2490 611 natales
2519 557 2763 625 ejusdem
2797 557 3095 627 contigisse
3117 597 3132 621 ,
3163 554 3347 609 statim
3385 563 3680 623 antequam

2103 647 2352 702 Clemens
2383 647 2553 702 libros
2582 665 2714 703 suos
2740 655 3113 719 componeret.
3150 647 3232 700 An
3268 646 3413 700 enim
3457 660 3680 700 necesse

2104 737 2242 806 fuit,
2282 746 2342 792 ut
2370 738 2572 808 ingenii
2607 749 3024 795 monumentum
3063 737 3472 808 apocryphum,
3516 736 3681 791 simul

2105 844 2168 881 ac
2196 843 2226 881 c
2257 828 2512 884 manibus
2545 829 2831 900 scriptoris
2866 830 3096 892 exierat,
3128 829 3273 884 illico
3314 828 3383 883 ad
3426 842 3679 883 commu-

2106 935 2228 973 nem
2255 919 2502 974 notitiam
2522 921 2850 990 perveniret,
2874 931 3038 991 atque
3061 937 3088 974 a
3112 920 3368 975 Patribus
3387 917 3683 975 citaretur?

2104 1028 2170 1068 eo
2195 1013 2496 1083 praesertim
2527 1023 2801 1082 tempore,
2842 1030 2954 1083 quo
2989 1022 3043 1068 et
3067 1013 3383 1067 scribebant
3407 1011 3598 1081 pauci,
3627 1016 3684 1066 et

2104 1104 2197 1172 qui
2228 1119 2326 1158 sua
2349 1103 2545 1158 litteris
2571 1103 3008 1169 committebant,
3043 1103 3191 1158 solos
3217 1100 3330 1156 fere
3355 1100 3410 1154 in
3435 1100 3682 1155 testimo-

2105 1195 2258 1249 nium
2300 1193 2637 1250 adhibebant
2662 1210 2851 1249 sacros
2878 1194 3049 1248 libros
3081 1212 3094 1248 :
3121 1203 3182 1248 ut
3207 1206 3326 1246 non'
3347 1207 3680 1246 commemo-

2105 1301 2219 1340 rem
2268 1283 2740 1340 luctuosissimam
2791 1284 3134 1338 voluminum
3180 1282 3678 1337 ecclesiasticorum

2104 1376 2382 1445 prioribus
2412 1375 2630 1431 saeculis
2655 1384 3007 1429 exaratorum
3031 1374 3325 1444 jacturam.
3356 1372 3542 1442 Itaque
3566 1389 3682 1427 me-

2103 1469 2190 1522 dia
2227 1468 2312 1522 via
2359 1467 2718 1522 incedendum
2764 1466 3015 1529 videtur;
3061 1474 3114 1521 et
3158 1464 3501 1521 referendum
3540 1480 3680 1534 Opus

2104 1560 2172 1613 ad
2225 1569 2436 1627 tempus
2473 1559 2617 1628 quod
2671 1560 2813 1613 inter
2856 1564 3154 1626 utrumque
3215 1556 3536 1623 intercedit;
3605 1557 3676 1612 ita

2106 1666 2286 1708 tamen
2329 1663 2388 1707 ut
2438 1653 2502 1707 ad
2549 1653 2783 1722 primum
2821 1651 2996 1721 magis
3025 1650 3250 1705 accedat
3294 1667 3310 1704 :
3354 1666 3518 1719 quam
3561 1665 3677 1703 rem

423 1760 543 1814 cap-
577 1742 663 1797 10-
691 1741 746 1796 ιδ
784 1756 948 1812 porro
971 1753 1314 1809 nequaquam
1334 1735 1720 1801 commisiSset.
1747 1736 1790 1790 si
1812 1733 1880 1787 ad
1897 1733 1996 1789 Ca-
2035 1727 2076 1781 B
2103 1747 2384 1801 character
2408 1744 2645 1810 dicendi,
2693 1743 3050 1814 apostolicam
3089 1742 3469 1812 antiquitatem
3515 1743 3678 1799 redo-

421 1851 624 1890 nonem
647 1834 922 1906 pertinere
947 1833 1137 1886 fuisset
1159 1829 1477 1883 arbitratus.
1496 1829 1574 1882 Ae
1595 1827 1735 1881 forte
1757 1828 1997 1897 suspicio

423 1929 528 1982 erit
549 1928 734 1994 alicui,
761 1926 1002 1980 variasse
1026 1924 1384 1986 Clementem,
1407 1928 1502 1974 aut
1530 1935 1588 1974 se
1609 1920 1674 1973 ad
1701 1919 1996 1974 multorum

419 2019 737 2090 opinionem
771 2014 1249 2076 accommodasse,
1283 2021 1397 2066 tum
1436 2026 1560 2065 cum
1591 2008 1998 2079 Seripturarum

421 2113 610 2166 Canon
644 2117 824 2163 certos
853 2107 1051 2160 limites
1080 2103 1322 2159 nondum
1354 2111 1658 2172 acceperat.
1690 2099 1745 2154 Si
1778 2099 1998 2170 quidem

423 2205 477 2257 in
526 2203 679 2256 libris
720 2196 1206 2260 Ὑποτυπώσεων,
1253 2194 1525 2250 referente
1568 2191 1802 2248 Eusebio
1849 2189 1995 2259 Hist,

419 2295 517 2348 lib.
555 2309 627 2359 vi,
664 2308 783 2361 cap.
821 2291 922 2356 l4,
972 2305 1078 2343 una
1114 2304 1237 2343 cum
1282 2285 1420 2341 Novi
1465 2283 1800 2340 Testatnenti
1847 2283 2000 2338 libris

420 2392 772 2439 enarraverat
823 2381 1120 2451 Epistolani
1174 2379 1486 2444 Barnabas;
1546 2391 1708 2447 quam
1769 2374 2000 2431 fortasse

422 2473 946 2546 pseudepigrapham
981 2471 1225 2537 rebatur,
1257 2469 1476 2538 quando
1505 2465 1844 2521 confutabat.
1894 2463 1998 2519 Sed

421 2578 475 2622 cl
506 2567 894 2636 Hieronymus,
928 2578 1093 2632 supra
1123 2562 1324 2616 citatus
1351 2560 1418 2614 de
1442 2559 1666 2613 notione
1688 2557 1837 2611 vocis
1866 2556 2000 2625 Apo-

423 2660 678 2730 cryphum
703 2674 802 2727 pro
827 2670 990 2725 opere
1018 2654 1138 2708 falsi
1170 2652 1341 2719 tituli;
1366 2660 1548 2705 tamen
1577 2649 1631 2701 in
1654 2649 1787 2702 locis
1814 2647 1998 2701 relatis

426 2756 565 2808 inter
592 2765 834 2806 veterum
867 2745 1201 2801 Tcstimonia
1222 2786 1236 2811 ,
1269 2741 1568 2813 Epistolam
1607 2740 1995 2809 apocrypltam,

426 2860 533 2896 non
581 2837 1111 2912 pseutlcpigrapham
1162 2835 1298 2890 vult.
1346 2832 1656 2899 Quinetiam
1703 2847 1730 2884 a
1781 2830 1998 2885 Gelasio

425 2931 736 3004 apocrypha
787 2945 894 2983 non
932 2943 1030 2997 pro
1081 2923 1567 2997 pseudepigraphis
1600 2923 1864 2977 duntaxat
1907 2936 2000 2975 su-

426 3033 671 3087 muntur,
699 3022 783 3075 vel
830 3034 1064 3090 quorum
1115 3017 1312 3073 secreti
1353 3023 1607 3070 auctores
1635 3023 1801 3084 atque
1847 3013 2000 3067 inco-

425 3119 582 3191 gniti,
606 3130 794 3170 verum
823 3128 920 3183 pro
945 3111 1201 3166 omnibus
1225 3124 1366 3180 qute,
1393 3108 1521 3178 quia
1547 3116 1732 3162 notam
1758 3106 1997 3176 aliquam

426 3209 620 3265 mereri
669 3207 943 3271 videntur,
974 3203 1090 3258 sive
1135 3200 1563 3272 suppositionis,
1596 3201 1713 3255 sive
1761 3198 1996 3266 erroris,

426 3305 541 3359 sive
591 3298 924 3370 impietatis,
990 3295 1252 3350 abscondi
1300 3293 1497 3348 debent
1552 3302 1716 3362 atque
1757 3291 1999 3362 ignorari

427 3393 785 3467 (ἀποκρυφῆς
811 3389 1066 3464 μᾶλλονῆ
1096 3386 1452 3458 ἀναγνώτςεως
1474 3385 1618 3454 ἄξια,
1647 3387 1778 3440 dicit
1809 3393 2002 3440 auctor

433 3477 728 3568 Synopseos
788 3505 956 3547 sacra:
1011 3486 1300 3554 Scriptum
1342 3481 1582 3536 creditus
1611 3477 1998 3544 Athanasius),

429 3598 529 3638 nec
574 3583 630 3635 in
676 3578 895 3650 publica
922 3575 1130 3630 versari
1165 3573 1360 3628 notitia
1384 3613 1399 3638 ,
1433 3573 1574 3628 sicut
1603 3571 1726 3625 libri
1752 3568 2001 3632 canonici

429 3671 834 3741 Seripturarum
858 3708 872 3733 ,
900 3676 955 3721 et
997 3665 1035 3720 ii
1077 3663 1434 3720 ecclesiastici
1463 3661 1706 3722 Patrum,
1737 3661 1832 3730 qui
1858 3658 2004 3715 inof-

429 3765 584 3818 fenso
613 3760 750 3832 pede
777 3759 992 3814 decurri
1024 3765 1250 3827 queunt.
1285 3754 1467 3821 Quare
1508 3753 1649 3808 inter
1691 3752 2002 3822 apocrypha

429 3861 676 3911 recenset
716 3852 1014 3907 Clementis
1061 3848 1417 3904 Alexandrini
1443 3848 1739 3919 opuscula,
1782 3845 2002 3900 Tertul-

429 3946 562 4001 liani
583 3987 599 4013 ,
627 3944 885 4015 Cypriani
910 3985 922 4010 ,
952 3941 1212 4006 Arnobii,
1253 3939 1554 4008 Lactantii,
1582 3939 1834 4004 Eusebii,
1868 3939 2005 3994 alio-

429 4053 574 4104 rum,
604 4035 856 4106 quamvis
884 4031 1130 4087 indubia.

499 4128 580 4183 Ex
629 4127 831 4198 quibus
882 4121 1142 4178 omnibus
1186 4121 1508 4186 conficitur,
1556 4135 1663 4173 non
1712 4119 2003 4173 admodum

428 4223 638 4278 clarere
669 4228 851 4274 utrum
878 4224 1201 4288 prazsentem
1242 4211 1540 4284 Epistolam
1570 4208 1883 4278 adjudicare
1913 4209 2006 4262 de-

432 4319 656 4372 beamus
684 4312 949 4368 Barnaba:
973 4308 1248 4380 apostolo,
1274 4324 1341 4362 an
1369 4307 1524 4361 alteri
1547 4303 1759 4359 homini
1787 4312 2007 4372 aposto-

2099 1840 2238 1901 lens,
2273 1853 2379 1891 non
2413 1837 2646 1891 obscure
2676 1836 2964 1905 signiﬁcat.

2173 1932 2397 1995 Quanta:
2423 1930 2776 1983 auctoritatis.
2802 1928 3076 1995 Quantum
3105 1927 3172 1982 ad
3199 1927 3490 1983 secundam
3518 1927 3679 1982 inter-

2103 2024 2437 2094 rogationem
2466 2061 2480 2085 ,
2509 2021 2576 2076 de
2595 2020 2848 2090 praesenti
2883 2030 3125 2090 tempore
3161 2020 3309 2073 nulla
3337 2019 3511 2074 oritur
3539 2020 3679 2074 ditii-

2101 2118 2294 2172 cultas.
2321 2115 2552 2172 Constat
2578 2114 2718 2168 inter
2747 2128 2959 2180 omnes,
3010 2111 3310 2183 Epistolam
3361 2112 3416 2166 in
3465 2128 3678 2168 canone

2101 2207 2280 2261 locum
2295 2221 2403 2260 non
2423 2207 2641 2261 habere.
2661 2203 2770 2259 Nec
2791 2203 2974 2258 minus
2991 2212 3243 2258 constare
3259 2202 3433 2267 debet,
3453 2203 3674 2274 dignam

2099 2316 2221 2356 esse
2259 2316 2455 2369 magna
2472 2299 2840 2362 veneratione,
2863 2313 2985 2368 quae
3010 2305 3218 2351 tantum
3238 2295 3374 2350 ferat
3399 2297 3571 2352 aetatis
3591 2306 3678 2351 at-

2100 2408 2205 2462 que
2224 2390 2667 2446 existimationis.
2690 2389 2751 2444 Si
2767 2397 2946 2443 autem
2967 2387 3374 2443 consideremus
3390 2387 3564 2456 prima
3581 2402 3680 2442 sie—

2101 2482 2245 2548 cula,
2291 2481 2510 2551 quando
2555 2496 2763 2536 canone
2807 2480 3026 2536 diverso
3069 2480 3362 2535 utebantur
3384 2479 3671 2548 Ecclesia;

2102 2575 2252 2628 varia
2276 2574 2330 2628 in
2365 2573 2542 2628 studia
2582 2573 2740 2628 scissi
2766 2572 3327 2628 fueruntChristiani.
3353 2574 3409 2629 Id
3435 2583 3493 2628 ut
3517 2575 3678 2628 intel-

2101 2663 2320 2732 ligatur,
2353 2664 2647 2718 observare
2683 2673 2918 2732 oportet,
2967 2664 3402 2734 Seripturarum,
3434 2683 3556 2737 quae
3585 2674 3679 2720 aut

2102 2767 2272 2807 sacrae
2295 2762 2442 2819 sunt,
2475 2761 2566 2806 aut
2605 2753 2743 2807 tales
2774 2762 2902 2806 sunt
2930 2753 3129 2808 habitae
3162 2769 3194 2807 a
3234 2756 3536 2822 nonnullis,
3566 2771 3676 2810 non

2103 2859 2265 2897 unam
2293 2845 2434 2914 apud
2464 2854 2684 2898 sanctos
2715 2844 2905 2898 Patres
2950 2846 3174 2914 reperiri
3205 2846 3552 2903 divisionem.
3585 2847 3678 2902 ln-

2101 2936 2313 2991 terdum
2343 2936 2537 3005 duplex
2574 2935 2916 2991 solummodo
2954 2936 3011 2990 lit
3043 2935 3354 3006 Scriptura;
3390 2943 3678 3007 canonica,

2101 3026 2261 3096 cujus
2289 3025 2522 3080 dictator
2539 3024 2774 3095 Spiritus
2793 3037 3036 3092 sanctus,
3055 3037 3107 3082 et
3135 3030 3470 3098 apocrypha,
3511 3033 3677 3101 cujus

2101 3127 2292 3172 auctor
2311 3119 2477 3173 homo
2491 3119 2662 3174 solus.
2681 3117 2758 3172 lta
2782 3117 3147 3190 Hieronymus
3170 3122 3222 3174 in
3249 3120 3476 3192 Prologo
3497 3122 3683 3193 galea-

2103 3220 2175 3277 to,
2211 3210 2572 3282 Augustinus,
2619 3212 2657 3265 l.
2691 3227 2726 3265 ιι
2761 3213 2836 3266 De
2863 3213 3106 3266 doctrina
3136 3211 3602 3285 Christiana,cap.
3622 3217 3680 3284 8,

2102 3313 2155 3360 et
2189 3302 2449 3372 Isidorus,
2491 3303 2770 3376 Originum
2803 3305 2900 3360 lib.
2931 3321 3006 3372 γι,
3039 3321 3159 3375 cap.
3184 3305 3238 3360 2.
3269 3305 3361 3361 Sic
3382 3308 3545 3362 etiam
3570 3309 3680 3364 duo

2101 3410 2299 3466 genera
2317 3393 2721 3465 Seripturarum
2742 3404 3019 3465 ponuntur
3036 3397 3088 3450 in
3107 3395 3367 3465 Eusebio,
3386 3398 3530 3454 Hist.
3548 3401 3677 3457 εδει.

2101 3489 2196 3542 lib.
2237 3504 2319 3555 Ill,
2346 3502 2466 3558 cap.
2493 3487 2547 3554 '5,
2585 3487 3086 3558 ὁμολογουμένων
3112 3489 3210 3543 καὶ
3239 3491 3680 3560 ἀναντιρῤήτων

2101 3586 2156 3632 et
2184 3577 2301 3631 τῶν
2323 3578 2410 3647 μὴ
2437 3579 2741 3643 τοιούτων,
2778 3579 2832 3631 in
2863 3579 3150 3636 Athanasii
3177 3596 3271 3636 seu
3301 3582 3526 3639 alterius
3539 3582 3679 3654 Syn—

2103 3670 2238 3738 opsi,
2269 3668 2740 3739 κανονιζομένων
2774 3679 2829 3726 et
2852 3671 2939 3741 μὴ
2968 3672 3451 3742 κανονιζομένων,
3483 3675 3536 3729 in
3572 3675 3680 3747 Cy-

2108 3763 2212 3816 rilli
2255 3760 2728 3833 Hierosolymitani
2773 3772 2970 3833 quarta
3013 3765 3304 3831 catechesi,
3335 3764 3447 3834 τῆς
3472 3765 3676 3834 διαθή-

2104 3872 2215 3922 κης
2248 3854 2346 3908 καὶ
2381 3855 2539 3922 παρὰ
2585 3855 2775 3910 πᾶσιν
2813 3858 3306 3928 ὁμολογουμένων
3337 3869 3390 3914 et
3417 3861 3678 3930 ἀποκρύ-

2104 3962 2233 4014 φων
2260 3945 2358 3998 καὶ
2387 3947 2942 4017 ἀμφιϐαλλομένων,
2977 3951 3031 4003 in
3069 3951 3316 4021 Gregorii
3351 3950 3676 4009 Nazianzeni

2106 4037 2349 4093 carmine
2383 4039 2472 4105 '55,
2507 4039 2680 4093 θείων
2706 4043 3105 4110 εθιιτνησιων
3132 4051 3185 4096 et
3218 4046 3680 4114 παρεγγράπτων

2107 4145 2203 4198 εειι
2244 4129 2330 4198 μὴ
2363 4131 2658 4200 matter;
2697 4132 2842 4201 apud
2875 4130 3263 4204 Hieronymum
3295 4137 3524 4204 epistola
3549 4138 3675 4204 1‘29,

2105 4228 2159 4276 et
2188 4219 2240 4273 in
2272 4229 2436 4289 caput
2477 4237 2517 4274 ιι
2566 4220 2822 4291 Epistolae
2856 4224 2924 4277 ad
2955 4222 3157 4290 Titum,
3189 4233 3244 4280 et
3267 4225 3676 4284 Commentario

2107 4309 2162 4364 in
2184 4308 2449 4378 Psaltnos,
2479 4311 2527 4365 si
2556 4319 2738 4366 tamen
2779 4312 2944 4382 hujus
2976 4312 3100 4366 libri
3137 4321 3328 4368 auctor
3353 4316 3678 4371 existiman-

347 4424 353 4432 '
432 4412 566 4475 lico,
619 4405 713 4476 qui
763 4415 858 4459 aut
903 4402 1166 4473 Barnabas
1218 4415 1418 4454 nomen
1463 4397 1854 4467 θεευιηρεθῖίι,
1911 4403 2005 4449 alii
2037 4412 2081 4467 D
2108 4402 2212 4457 dus
2239 4410 2341 4466 est,
2373 4403 2438 4457 ad
2464 4402 2731 4472 psalmum
2756 4418 2938 4471 cxux,
2969 4403 3444 4460 ecclesiasticarum
3471 4415 3526 4461 et
3550 4425 3682 4479 apo-

432 4499 698 4556 Barnaba:
743 4497 908 4551 fuerit
950 4493 1321 4566 cognominis,
1360 4500 1520 4562 prout
1565 4506 1594 4544 a
1633 4489 1826 4559 primis
1851 4488 2008 4544 Chri-

435 4590 632 4647 stianis
671 4589 891 4642 nomina
940 4586 1314 4656 apostolorum
1348 4583 1600 4637 affectata
1648 4580 1818 4636 fuisse
1852 4581 2011 4636 docet

433 4700 537 4740 nos
590 4681 886 4752 Dionysius
942 4678 1346 4733 Alexandrinus
1399 4675 1539 4746 apud
1579 4673 1873 4728 Eusebium
1910 4673 2004 4727 lib.

435 4793 532 4844 vn,
561 4791 681 4845 cap.
716 4774 806 4828 25.
838 4773 915 4827 Eo
944 4772 1119 4842 magis
1153 4771 1376 4832 inclino,
1400 4777 1460 4822 ut
1481 4781 1733 4822 censeam
1760 4782 1866 4820 non
1889 4781 2010 4820 esse

433 4869 691 4940 apostoli.
722 4866 875 4933 Quod
909 4866 954 4920 si
986 4865 1109 4935 quis
1155 4863 1386 4917 certiora
1434 4859 1675 4930 proferat
1701 4901 1715 4924 ,
1762 4858 2009 4928 gratissi-

437 4979 583 5018 mam
611 4961 701 5015 ille
726 4975 838 5013 rem
871 4958 1050 5012 faciet.
1080 4956 1192 5024 Ego
1218 4955 1361 5025 quod
1391 4953 1595 5017 nescio,
1626 4952 1766 5007 scire
1792 4966 1876 5004 me
1903 4967 2008 5005 non

436 5071 661 5126 possum
688 5051 950 5123 prolitcri.

510 5145 755 5216 Epistola
787 5141 1070 5203 Barnabw,
1102 5139 1313 5208 quando
1338 5135 1559 5203 scripta.
1589 5133 1746 5187 Dices
1773 5153 1786 5188 :
1818 5131 2010 5216 Sinon

437 5251 520 5295 est
550 5214 804 5310 apostoli,
835 5235 1055 5306 quando
1087 5231 1288 5300 scripta
1338 5228 1481 5282 fuit?
1518 5238 1735 5296 quantae
1766 5214 2010 5280 habenda

404 5359 408 5374 =
436 5344 492 5389 et
518 5332 702 5387 habita
731 5327 1111 5383 auctoritatis?
1157 5324 1230 5382 De
1261 5323 1458 5392 primo,
1488 5331 1635 5391 patet
1664 5337 1730 5375 ex
1760 5319 2012 5389 Epistula:

402 5443 407 5450 ·
440 5439 562 5492 cap.
596 5422 662 5475 16
688 5422 869 5474 datam
903 5417 1074 5470 fuisse
1099 5421 1224 5484 post
1260 5412 1530 5466 excidium
1568 5409 2012 5480 Hierosolymita-

441 5531 592 5568 num.
625 5512 820 5581 Liquet
851 5511 1016 5564 etiam
1044 5523 1114 5562 ex
1141 5507 1416 5561 Clemente
1453 5502 1824 5556 Alexandrino
1845 5542 1860 5566 ,
1892 5501 2012 5554 lau-

442 5607 630 5660 datore
669 5604 928 5673 Epistolas:
953 5643 968 5666 ,
1019 5611 1143 5653 ante
1191 5602 1350 5652 linem
1405 5593 1630 5651 secundi
1671 5593 1856 5648 saeculi
1885 5608 2012 5661 pro-

443 5699 625 5752 diisse.
661 5695 812 5749 Sicut
838 5705 1013 5747 autem
1042 5707 1137 5760 per
1161 5691 1398 5762 primum
1425 5705 1533 5744 non
1576 5689 1711 5744 bene
1751 5687 1873 5758 quis
1901 5689 2009 5743 ori-

2110 4493 2464 4562 crypharum;
2527 4493 2669 4560 apud
2726 4491 3100 4548 Innocentium
3151 4510 3369 4565 papam,
3411 4499 3571 4566 epist.
3621 4500 3675 4565 5,

2109 4601 2229 4655 cap.
2274 4585 2326 4652 7,
2371 4593 2697 4654 receptarum
2740 4585 2797 4638 in
2839 4602 3037 4640 canone
3088 4601 3153 4641 ac
3203 4588 3676 4658 repudiandarum.

2109 4677 2415 4747 Aliquando
2449 4675 2639 4745 triplex
2667 4673 2946 4745 Scriptura
2976 4677 3332 4747 perhibetur;
3383 4680 3676 4748 canonica,

2108 4769 2332 4824 omnino
2361 4768 2704 4838 recipienda:
2739 4770 3069 4841 apocrypha,
3102 4771 3322 4838 penitus
3349 4773 3676 4843 rejicienda;

2108 4871 2163 4917 et
2190 4861 2376 4927 dubia,
2403 4863 2544 4916 inter
2571 4869 2860 4932 utramque
2889 4861 3100 4931 posita;
3132 4863 3200 4918 ab
3222 4865 3498 4936 aliquibus
3524 4867 3681 4922 vidc-

2109 4954 2237 5008 licet
2283 4954 2542 5018 admissa,
2588 4953 2871 5022 repudiata
2917 4955 2986 5009 ab
3017 4954 3166 5023 aliis;
3210 4957 3375 5013 mista
3411 4967 3466 5015 et
3502 4960 3680 5016 media

2112 5046 2253 5100 inter
2284 5046 2574 5116 genuinam
2597 5061 2661 5099 ac
2687 5047 2941 5112 notham;
2975 5063 3116 5102 vera:
3146 5051 3418 5120 proxima,
3443 5054 3532 5108 cui
3557 5070 3683 5108 con-

2110 5138 2397 5192 tradicitur
2431 5137 2671 5206 quidem,
2700 5137 2874 5192 honor
2905 5147 3085 5194 tamen
3117 5141 3351 5197 habetur
3380 5153 3443 5198 ut
3471 5145 3684 5216 legatur

2111 5231 2553 5297 catechumenis;
2587 5244 2752 5299 quam
2799 5229 3021 5285 demum
3067 5231 3196 5288 licet
3240 5250 3350 5290 non
3400 5237 3591 5291 eodem
3627 5237 3681 5291 in

2109 5321 2283 5392 pretio
2313 5323 2548 5376 habeant
2569 5321 2830 5378 Catholici
2859 5338 2923 5378 ac
2947 5325 3292 5394 canonicam,
3331 5338 3390 5382 ut
3419 5343 3488 5382 ex
3514 5345 3576 5384 ea
3616 5332 3684 5383 ﬁ-

2111 5413 2198 5467 dei
2232 5413 2483 5483 dogmata
2518 5412 2863 5479 confirment,
2898 5431 3007 5471 non
3055 5416 3176 5473 ideo
3219 5420 3681 5488 quemadmodum

2113 5507 2480 5576 apocrypbam
2515 5505 2926 5574 abominantur,
2959 5517 3122 5579 atque
3174 5525 3205 5564 e
3251 5510 3464 5579 templis
3497 5509 3683 5564 elimi-

2113 5607 2264 5662 nant,
2294 5597 2541 5667 quinimo
2572 5612 2698 5652 cum
2730 5601 3035 5654 reverentia
3071 5601 3364 5670 excipiunt,
3395 5616 3459 5655 ac
3509 5601 3563 5655 in
3591 5617 3684 5656 ec-

2114 5689 2292 5743 clesiis
2325 5687 2389 5742 ad
2421 5687 2592 5758 plebis
2619 5688 3032 5749 aediﬁcationem
3064 5693 3324 5750 lectitant.
3352 5693 3460 5748 ista
3486 5694 3684 5750 edoce-
