4066 6140
397 306 497 363 657

1735 304 2268 370 PROLEGOMENA.

3528 305 3632 359 658

398 433 523 472 mur
549 416 619 473 ab
647 417 878 490 Origene
925 421 988 476 ad
1033 419 1258 483 Joannis
1295 445 1368 493 tv,
1400 429 1502 494 22;
1528 427 1778 495 Eusebio,
1816 426 1956 481 Hist.
1993 431 2032 485 Α
2064 427 2131 480 ab
2162 425 2495 495 Hieronymo
2526 424 2853 494 apocrypha,
2897 438 2992 480 seu
3047 431 3198 479 extra
3241 435 3530 490 canonom,
3561 421 3630 476 ad

397 508 491 563 lib.
529 525 614 574 ιιι,
647 526 766 580 cap.
803 511 856 576 '5,
893 512 985 579 25,
1015 515 1106 582 ⁸51,
1140 528 1194 574 et
1224 520 1392 587 alibi;
1420 521 1718 575 Athanasio
1747 521 1799 573 in
1832 519 1960 589 Epiu

398 600 536 656 stola
564 599 786 667 Festali,
818 610 872 657 et
895 603 948 658 in
991 607 1216 679 Synopsi
1240 610 1429 666 divina:
1467 611 1784 681 Scriptum;
1831 612 1961 664 Am-

397 691 678 761 philochio
708 693 760 746 in
792 691 1028 749 lambico
1058 698 1300 754 carmine
1324 702 1391 756 ad
1433 703 1740 768 Seleucum,
1773 700 1962 755 Hiero-

399 797 564 854 nymo
607 785 662 838 in
714 785 1128 855 praefationibus
1156 789 1222 844 ad
1247 789 1457 860 Judith,
1488 802 1542 848 et
1571 794 1638 848 ad
1669 793 1771 847 tria
1807 791 1961 847 Salo-

397 875 578 930 monis
607 877 920 944 volumina;
951 877 1146 935 Rutino
1175 881 1229 935 in
1265 879 1501 949 Symboli
1541 887 1886 952 expositione,
1909 894 1962 939 et

394 966 698 1039 Nicephoro
722 968 1324 1043 Constantinopolitano
1367 974 1420 1026 in
1453 973 1666 1030 Canone
1714 973 1956 1041 Scriptu-

396 1075 598 1117 rarum.
646 1059 816 1114 Porro
859 1064 1146 1134 utriusque
1206 1065 1367 1135 hujus
1403 1065 1684 1120 divisionis
1718 1067 1960 1120 membra

395 1152 832 1210 subdividuntur.
904 1153 960 1209 In
1017 1156 1235 1225 prima,
1296 1157 1575 1211 canonica:
1626 1156 1968 1225 Scripturze,

389 1245 545 1313 juxta
597 1247 925 1301 sententiam
971 1249 1144 1302 sancti
1185 1247 1508 1318 Augustini,
1546 1247 1667 1302 loco
1698 1249 1862 1301 citato
1892 1265 1958 1302 ex

394 1335 650 1391 Doctrina
694 1335 1021 1401 Christiana,
1072 1339 1155 1393 vel
1205 1340 1273 1394 ab
1314 1340 1570 1394 omnibus
1621 1340 1958 1409 accipiuntur

393 1427 652 1486 Ecclesiis
677 1431 982 1497 catholicis,
1017 1433 1099 1486 vel
1148 1446 1177 1484 a
1218 1432 1464 1502 pluribus
1499 1442 1552 1486 et
1596 1433 1955 1502 gravioribus,

388 1521 472 1575 vel
501 1536 532 1576 a
559 1521 912 1590 paucioribus
943 1521 1281 1591 minorisque
1313 1521 1676 1585 auctoritatis,
1708 1521 1789 1574 vel
1819 1519 1958 1574 forte

389 1627 418 1666 a
455 1612 703 1682 pluribus
748 1622 804 1667 at
845 1627 954 1666 non
989 1613 1353 1684 gravioribus,
1393 1621 1485 1665 aut
1514 1612 1748 1682 denique
1771 1611 1955 1666 forsan

387 1713 418 1752 a
453 1699 795 1766 gravioribus
843 1703 935 1756 sed
983 1716 1090 1756 non
1131 1701 1406 1772 pluribus;
1442 1702 1633 1770 sicque
1662 1710 1756 1755 aut
1778 1703 1955 1755 omni-

386 1789 582 1854 modaa,
618 1798 713 1844 aut
765 1791 1015 1860 majoris,
1054 1801 1148 1846 aut
1200 1793 1425 1862 aqualis
1455 1793 1797 1849 auctoritatis
1825 1809 1954 1848 cen-

386 1881 493 1936 seri
533 1881 752 1937 debent.
786 1882 959 1948 Quam
1009 1884 1429 1953 inaequalitatem
1477 1884 1818 1940 auctoritatis
1861 1883 1956 1938 Ju-

383 1973 515 2028 daeis
540 1989 646 2028 non
679 1974 848 2031 fuisse
867 1977 1164 2030 inauditam
1194 1977 1389 2048 colligo
1414 1994 1478 2030 ex
1499 1975 1745 2045 Philone,
1767 1979 1859 2034 lib.
1883 1979 1956 2033 De

382 2069 491 2122 vita
512 2067 947 2136 contemplativa;
971 2067 1227 2137 Josepho,
1245 2069 1384 2124 libro
1408 2087 1423 2124 ι
1448 2081 1630 2124 contra
1646 2071 1952 2140 Appionem,

383 2167 544 2229 atque
561 2157 910 2232 Hieronymo,
932 2161 985 2214 in
1010 2159 1420 2230 praefationibus
1449 2163 1514 2215 ad
1541 2161 1732 2232 Reges,
1757 2165 1822 2218 ad
1847 2163 1956 2217 To~

381 2251 548 2319 biam,
573 2252 638 2306 ad
672 2250 973 2317 Jnditham,
1005 2254 1072 2308 ad
1102 2251 1276 2324 Opera
1309 2253 1620 2310 Salomonis
1667 2264 1721 2310 et
1745 2256 1812 2310 ad
1847 2256 1952 2310 Da-

381 2342 598 2397 nielem.
643 2342 726 2397 Ab
755 2344 944 2398 eodem
995 2346 1327 2415 Augustino,
1350 2346 1443 2411 ljb.
1475 2363 1607 2400 xvm
1639 2346 1713 2399 De
1743 2349 1954 2402 civitate

385 2432 502 2501 Dei,
533 2448 653 2503 cap.
682 2433 774 2500 '56,
807 2435 1008 2505 duplex
1052 2451 1228 2490 canon
1286 2435 1690 2506 Scripturarum
1739 2435 1951 2492 Veteris

382 2524 714 2580 Testamenti
764 2528 927 2581 statui
980 2528 1219 2594 videtur;
1265 2544 1451 2582 earum
1481 2542 1618 2598 quas
1645 2526 1816 2582 Judtei
1853 2545 1950 2598 pro

382 2619 660 2675 canonicis
687 2621 906 2686 habent,
937 2631 991 2675 et
1024 2637 1211 2676 earum
1243 2638 1379 2692 quas
1419 2621 1662 2677 Ecclesia
1697 2639 1838 2692 :qua
1883 2624 1950 2678 de

380 2729 440 2767 re
485 2713 830 2768 consulendus
875 2712 1068 2768 lsidori
1105 2713 1369 2785 Origines,
1413 2715 1507 2768 lib.
1543 2731 1628 2780 vt,
1658 2731 1776 2784 cap.
1813 2717 1863 2770 l.
1893 2715 1948 2769 In

378 2804 566 2859 eadem
593 2805 767 2875 prima
798 2805 1066 2860 divisione
1096 2806 1220 2860 libri
1243 2806 1538 2876 apocrypbi
1571 2807 1772 2876 gradus
1795 2808 1952 2861 simi-

377 2895 501 2952 liter
542 2898 808 2962 obtinent,
853 2909 1014 2967 prout
1042 2899 1108 2952 ad
1142 2898 1424 2953 veritatem
1455 2913 1518 2952 ac
1541 2900 1817 2968 pietatem,
1848 2899 1947 2952 fal-

379 2997 592 3051 sitatem
621 3005 676 3050 et
699 2996 1031 3066 impietatem
1064 2995 1238 3065 magis
1271 3003 1364 3049 aut
1397 2996 1578 3048 minus
1613 3002 1858 3066 vergunt.
1889 2993 1946 3048 ln

378 3089 616 3144 secunda
657 3090 862 3160 pariter
907 3089 1196 3152 divisione,
1241 3088 1420 3142 dubia:
1451 3087 1765 3156 Scripturae,
1800 3089 1940 3157 apud
1974 3115 2017 3172 ε

377 3177 671 3235 Eusebium
703 3180 797 3235 lib.
831 3196 892 3246 tt,
923 3196 1042 3250 cap.
1075 3179 1180 3247 25;
1214 3180 1308 3234 lib.
1347 3196 1429 3244 ιιι,
1459 3195 1579 3248 cap.
1607 3181 1639 3232 '5
1669 3188 1722 3232 et
1742 3180 1835 3242 25,
1863 3179 1945 3232 di-

375 3274 689 3329 versitatem
722 3274 996 3344 accipiunt
1037 3290 1103 3329 ex
1134 3273 1484 3343 proximitate
1535 3272 1602 3326 ad
1653 3271 1946 3326 canonicas

377 3366 462 3420 vel
489 3366 554 3421 ad
580 3367 920 3439 apocryphas
945 3385 958 3432 ;
984 3382 1107 3422 cum
1131 3382 1160 3419 a
1187 3364 1435 3434 pluribus
1456 3362 1715 3418 Eeclesiis
1733 3362 1944 3432 publice

378 3457 707 3526 lectitantur,
739 3475 863 3514 cum
894 3459 962 3513 ab
986 3457 1225 3526 antiquis
1252 3455 1570 3510 doctoribus
1598 3454 1945 3524 reperiuntur

377 3548 640 3620 allegataa,
679 3566 917 3620 cumque
969 3550 1169 3619 spuria:
1206 3548 1469 3601 videntur
1515 3561 1578 3601 ac
1633 3547 1699 3601 de
1745 3546 1945 3616 quibus

377 3655 542 3710 quam
566 3641 803 3696 maxime
831 3642 1130 3696 dubitatur.

447 3729 542 3788 llis
585 3733 658 3787 ita
699 3733 913 3802 positis,
941 3735 1220 3788 evanescit
1255 3734 1436 3788 omnis
1471 3731 1778 3786 dillicultas.
1815 3729 1934 3798 Epi-

377 3821 516 3877 stola
546 3822 807 3880 Barnabas
837 3824 906 3879 ab
935 3823 1165 3895 Origene
1205 3835 1263 3894 et
1302 3824 1628 3894 quibusdam
1683 3820 1942 3876 Ecclesiis

377 3915 640 3970 canonica
657 3925 903 3986 reputata
937 3916 1070 3982 l'uit;
1103 3934 1132 3972 a
1160 3917 1437 3972 Clemente
1464 3917 1831 3971 Alexandrino
1857 3917 1940 3970 in-

379 4009 590 4062 terdum
641 4011 921 4076 canonica,
962 4010 1232 4064 interdum
1283 4010 1469 4076 dubia,
1505 4010 1777 4065 interdum
1829 4025 1938 4062 non

377 4098 658 4166 canonica,
687 4114 782 4154 seu
816 4099 1120 4170 apocrypha
1157 4099 1208 4152 in
1241 4100 1384 4153 bono
1404 4115 1568 4154 sensu
1594 4099 1782 4167 primae
1803 4097 1942 4151 divi-

375 4187 584 4244 sionis:
619 4189 686 4244 ab
715 4189 949 4245 Eusebio
974 4189 1160 4256 dubia,
1191 4188 1397 4258 spuria,
1431 4190 1595 4244 citata
1624 4189 1842 4257 quidem
1873 4185 1940 4238 ab

375 4282 635 4351 antiquis,
662 4292 717 4337 at
747 4282 985 4337 melioris
1009 4290 1149 4336 nota:
1179 4282 1504 4352 apocryphis
1538 4280 1893 4350 propinquior
1923 4297 1934 4330 :

677 4521 865 4577 Versus
893 4521 1290 4593 Script-urarum
1323 4541 1619 4578 sacrarum.

369 4633 647 4693 Genesis..
728 4679 740 4690 .
821 4680 832 4691 .
916 4681 928 4691 .
1005 4682 1017 4693 .
1098 4682 1108 4694 .
1191 4681 1203 4692 .
1283 4639 1484 4696 Versus
1594 4657 1803 4694 nutrito.

370 4727 650 4787 Exodus..
729 4771 741 4784 .
822 4773 834 4784 .
913 4773 924 4784 .
1006 4773 1017 4784 .
1098 4773 1110 4784 .
1191 4774 1203 4785 .
1286 4773 1298 4784 .
1377 4773 1388 4785 .
1467 4775 1479 4785 .
1592 4748 1824 4786 nuuncc.

369 4819 736 4878 chiticum..
817 4863 830 4875 .
911 4865 921 4876 .
1005 4865 1019 4876 .
1098 4866 1108 4876 .
1191 4866 1202 4876 .
1285 4865 1296 4877 .
1378 4865 1388 4876 .
1467 4865 1479 4876 .
1594 4842 1818 4879 nunccc.

368 4911 634 4970 Numeri.
713 4956 726 4969 .
807 4954 822 4968 .
901 4957 912 4968 .
992 4956 1005 4968 .
1088 4960 1098 4970 .
1181 4957 1197 4968 .
1275 4959 1286 4970 .
1369 4957 1381 4970 .
1463 4956 1475 4967 .
1589 4931 1823 4971 summm.

365 5003 908 5062 Deuteronomium.
988 5047 1000 5059 .
1277 5049 1287 5059 .
1366 5049 1377 5059 .
1463 5047 1472 5057 .
1589 5024 1818 5061 unnccc.

364 5095 724 5157 JesuNave..
809 5141 819 5150 .
906 5140 916 5154 .
997 5139 1010 5152 .
1089 5141 1099 5152 .
1184 5142 1195 5152 .
1279 5141 1288 5150 .
1373 5139 1384 5150 .
1468 5139 1477 5151 .
1594 5116 1686 5152 stu.

364 5191 1685 5247 Judicum..........nu.

365 5283 531 5338 Ruth.
620 5326 633 5338 .
714 5325 727 5337 .
808 5326 819 5337 .
901 5327 912 5338 .
995 5326 1006 5337 .
1089 5327 1100 5337 .
1185 5326 1196 5336 .
1280 5325 1290 5336 .
1374 5324 1385 5334 .
1469 5298 1704 5334 .(2(1l..

364 5376 696 5448 Regnorum.
723 5375 938 5431 Primus
967 5377 1119 5430 liber.
1187 5419 1198 5428 .
1281 5415 1292 5426 .
1375 5418 1385 5428 .
1467 5417 1476 5426 .
1592 5391 1718 5427 nun.

497 5494 569 5506 -
714 5465 1001 5520 Secundus
1032 5467 1184 5520 liber.
1275 5507 1286 5518 .
1369 5506 1380 5518 .
1463 5505 1474 5516 .
1589 5481 1681 5517 nn.

431 5607 506 5675 (l)
548 5605 786 5677 Hujusce
816 5603 1139 5673 Patrologia:
1167 5614 1206 5659 t.
1231 5603 1273 5672 l,
1299 5605 1403 5659 col.
1434 5603 1554 5657 467.

1956 4418 2018 4426 —_.

1970 4487 2356 4572 DRegnorum
2391 4507 2610 4562 Tertius
2637 4510 2788 4563 liber.
2860 4552 2870 4562 .
2953 4553 2966 4564 .
3048 4554 3059 4564 .
3143 4553 3154 4565 .

2065 518 2319 573 Ecclesia:
2366 516 2777 571 aediﬁcationem
2829 519 3104 586 pertinens
3161 537 3174 572 :
3233 534 3264 572 a
3320 515 3630 585 Niccplmro

2063 609 2665 679 Constantinopolitano
2705 624 2813 662 non
2845 610 3123 671 canonica,
3155 625 3262 664 non
3293 608 3626 679 apocrypha,

2064 699 2159 754 sed
2189 700 2278 754 cui
2301 699 2731 754 contradicitur:
2760 713 2791 752 a
2822 698 2972 752 nullo
3002 699 3308 769 apocrypha
3340 696 3629 752 deterioris

2062 800 2228 859 notae,
2260 807 2402 847 noxa
2440 793 2667 858 scilicet,
2706 791 2978 857 hreretica,
3005 790 3199 860 impia;
3231 791 3388 860 cujus
3415 790 3628 860 generis

2063 883 2277 938 videtur
2305 881 2476 939 fuisse
2507 882 2859 953 Evangelium
2891 882 3212 950 inscriptum
3245 881 3464 935 nomine
3496 880 3629 934 Bar-

2064 976 2246 1043 nabas;
2279 975 2423 1046 quod
2452 975 2506 1029 in
2535 975 2769 1030 concilio
2793 974 3041 1028 Romano
3066 989 3228 1043 opera
3253 971 3454 1027 Gelasii
3473 973 3630 1025 dam-

2063 1075 2250 1121 natum
2280 1075 2382 1122 est.
2418 1065 2548 1121 Vide
2580 1081 2744 1136 supra
2777 1065 2934 1119 initio
2977 1058 3229 1118 notarum
3264 1063 3316 1116 ir.
3356 1061 3618 1118 Constitu-

2069 1158 2232 1212 tiones
2267 1155 2596 1226 iapostolicas
2644 1155 2743 1224 (l),
2773 1154 3077 1209 Indiculum
3137 1151 3566 1221 Scripturarum,
3599 1165 3631 1204 θ

2063 1244 2391 1300 bibliotheca
2425 1243 2592 1314 Regia
2625 1247 3027 1316 depromptum.

2137 1337 2343 1392 Titulus
2371 1337 2645 1406 Epistolaz.
2675 1337 2860 1393 Restat
2886 1338 3032 1393 aliud
3066 1338 3222 1402 nihil,
3249 1338 3352 1393 nisi
3384 1338 3451 1392 de
3474 1338 3639 1393 litulo‘

2061 1427 2316 1499 Epistolaa
2346 1429 2646 1499 inquirere,
2677 1430 2742 1483 ad
2774 1445 2914 1500 quos
2950 1429 3152 1499 scripta
3183 1429 3368 1484 fuerit.
3393 1428 3500 1485 Res
3521 1445 3630 1484 non

2059 1521 2242 1590 magni
2268 1529 2352 1575 est
2373 1521 2654 1576 momenti.
2674 1519 2744 1576 Ut
2769 1522 2913 1575 enim
2943 1522 3202 1592 praeclare
3221 1520 3625 1576 Tertullianus:

2062 1609 2217 1664 Nihil
2246 1611 2311 1666 de
2349 1613 2518 1666 titulis
2564 1613 2798 1674 interest,
2826 1630 2944 1666 cum
2994 1613 3063 1666 ad
3101 1628 3276 1667 omnes
3324 1613 3631 1682 scripserint

2058 1703 2304 1774 apostoli,
2356 1716 2463 1757 tum
2521 1706 2590 1758 ad
2627 1706 2902 1775 quosdam.
2954 1706 3034 1766 Ac,
3078 1704 3216 1759 forte
3261 1705 3630 1776 ἀνεπίγραφος

2060 1809 2273 1863 semper
2298 1794 2541 1858 exstitit;
2581 1795 2796 1864 qualem
2822 1797 3103 1852 cernimus
3138 1795 3368 1852 Joannis
3398 1796 3625 1867 apostoli

2058 1885 2311 1954 primam.
2346 1884 2501 1951 Quod
2535 1885 2578 1940 si
2609 1887 2766 1940 aliter
2787 1903 2844 1942 se
2871 1904 2958 1943 res
2993 1888 3210 1953 habeat,
3240 1888 3528 1957 conjiciam
3559 1902 3627 1943 ex

2059 1985 2170 2030 tota
2199 1976 2464 2032 orationis
2509 1978 2670 2043 serie,
2716 1980 2782 2034 ad
2829 1979 3174 2035 Christianos
3203 1978 3462 2039 Hebraeos
3489 1979 3626 2034 mis-

2002 2063 2012 2072 ”
2057 2085 2198 2137 sam,
2230 2079 2448 2124 tenaces
2486 2069 2714 2124 nimium
2747 2073 3040 2143 antiquata;
3082 2073 3236 2145 legis,
3266 2074 3334 2128 ad
3371 2071 3628 2127 Hebraeos

2056 2160 2375 2230 inscriptam
2407 2159 2596 2215 fuisse.
2628 2159 2873 2232 llincque
2900 2163 3076 2232 potuit
3128 2163 3246 2216 tieri
3292 2171 3372 2227 ut,
3405 2172 3628 2232 accepto

2054 2268 2276 2308 rumore
2320 2256 2386 2310 de
2431 2253 2672 2324 Epistola
2709 2255 2944 2324 quadam
2987 2254 3249 2309 Barnabas
3274 2255 3340 2308 ad
3371 2253 3626 2310 Hebraeos

2053 2359 2084 2398 a
2111 2359 2170 2398 se
2195 2359 2307 2399 non
2330 2346 2470 2411 visa,
2505 2345 2878 2400 Tertullianus
2902 2362 3023 2416 cap.
3055 2345 3148 2412 20,
3186 2346 3282 2400 lib.
3314 2345 3390 2399 De
3415 2347 3626 2414 pudici-

2053 2436 2149 2498 tia,
2182 2435 2478 2505 Epistolam
2500 2437 2658 2492 Pauli
2683 2440 3001 2494 canonicam
3039 2439 3103 2492 ad
3132 2437 3408 2504 Hebraeos,
3437 2439 3501 2492 dc
3521 2454 3624 2493 cu-

2047 2528 2138 2599 jus
2164 2539 2387 2584 auctore
2410 2546 2475 2585 ac
2507 2534 2832 2586 auctoritate
2860 2533 3260 2601 ambigebatur,
3291 2533 3562 2601 putaverit
3591 2547 3624 2587 a

2050 2619 2298 2675 Barnaba
2331 2621 2499 2677 fuisse
2525 2623 2872 2679 destinatam.
2897 2625 3074 2694 Atqu‘e
3102 2624 3368 2679 hactenus
3396 2627 3462 2680 de
3492 2623 3622 2694 Epi-

2053 2713 2220 2768 stola.

2121 2807 2352 2876 Antiqua
2401 2809 2588 2861 versiu.
2616 2807 2784 2862 Vetus
2811 2818 2989 2862 autem
3027 2807 3402 2877 interpretatio
3430 2805 3626 2861 barba-

2049 2897 2182 2952 riem
2217 2898 2438 2968 ubique,
2467 2899 2670 2968 ubique
2714 2900 3095 2969 negligentiam
3147 2898 3408 2964 ostendit,
3434 2906 3624 2967 estque

2050 2990 2364 3060 imperfecta
2397 3002 2450 3046 et
2477 2993 2692 3059 mutila,
2718 3002 2832 3047 tum
2858 2994 3083 3063 passim,
3115 3002 3229 3048 tum
3259 2993 3530 3063 praecipue
3555 2993 3622 3045 ad

2050 3081 2230 3148 linem,
2257 3083 2347 3136 ubi
2387 3084 2701 3151 posteriora
2737 3085 2913 3154 capita
2946 3093 3282 3148 resecantur,
3333 3081 3472 3137 forte
3494 3082 3620 3151 quia

2055 3175 2236 3228 minus
2265 3179 2423 3229 docta
2462 3176 2784 3230 videbantur
2811 3178 3109 3246 interpreti,
3144 3186 3307 3246 atque
3340 3176 3408 3229 ad
3439 3190 3621 3228 mores

2054 3266 2227 3331 magis
2255 3267 2577 3334 pertinentia
2613 3286 2623 3320 :
2657 3268 2822 3336 igitur
2847 3269 3068 3323 omissis
3095 3269 3180 3333 iis,
3208 3269 3508 3336 paucisque
3531 3280 3622 3319 vo-

2051 3357 2207 3410 cibus
2242 3357 2484 3422 insertis,
2515 3358 2873 3427 colophonem
2922 3373 3016 3428 per
3061 3357 3408 3427 doxologiam
3446 3357 3621 3425 impo-

2052 3451 2151 3505 nit.
2185 3449 2357 3505 Suum
2395 3461 2577 3506 tamen
2621 3452 2698 3506 illi
2735 3453 2974 3506 versioni
3024 3452 3298 3521 pretium:
3333 3449 3420 3504 cui
3466 3448 3622 3503 debe-

2053 3560 2176 3601 mus
2208 3546 2388 3616 priora
2420 3546 2620 3615 capita,
2645 3561 2767 3602 cum
2804 3561 2910 3598 non
2936 3545 3125 3615 paucis
3148 3544 3619 3600 emendationibus

2050 3635 2222 3692 Graeci
2245 3647 2553 3703 contextus,
2587 3647 2644 3692 ut
2673 3637 2808 3691 nihil
2831 3637 3005 3691 dicam
3031 3637 3097 3692 de
3122 3637 3444 3708 antiquitate
3471 3638 3618 3694 illius

2050 3744 2112 3784 ac
2143 3730 2512 3799 simplicitate.

2120 3823 2510 3879 Stichometria.
2549 3823 2813 3878 Caeterum
2841 3824 3097 3878 ineditam
3154 3824 3614 3888 Sticbometriam,

2049 3914 2206 3983 cujus
2251 3915 2498 3982 memini,
2526 3916 2729 3986 placuit
2763 3916 2850 3970 hic
2882 3932 3175 3986 apponere,
3204 3918 3417 3972 tametsi
3456 3918 3617 3972 muti-

2049 4006 2154 4059 lam
2201 4016 2254 4060 et
2301 4019 2652 4077 corruptam;
2690 4009 2816 4080 quia
2850 4024 2956 4062 non
3005 4008 3331 4064 mediocrem
3379 4009 3616 4064 fructum

2048 4097 2233 4152 all'eret
2279 4099 2603 4170 legentibus,
2626 4111 2789 4172 atque
2821 4099 3226 4156 conferentibus
3254 4117 3378 4156 cum
3409 4101 3498 4156 illa
3524 4099 3618 4154 Ni-

2047 4189 2266 4258 cephori
2296 4191 2909 4264 Constantinopolitani,
2955 4207 3080 4246 cum
3133 4207 3264 4249 mss.
3316 4192 3614 4250 Bibliorum

2049 4281 2349 4349 codicibus,
2381 4300 2614 4354 cumque
2649 4283 2924 4339 laterculis
2959 4283 3384 4352 Scripturarum.

3270 4530 3432 4568 IIDC.

2183 4629 2250 4636 —-
2395 4600 2633 4664 Quartus
2667 4601 2866 4654 liber..
2948 4645 2958 4653 .
3045 4643 3057 4654 .
3138 4643 3150 4655 .
3268 4620 3484 4658 uncccc.

2179 4713 2196 4781 (
2223 4712 2498 4768 Excidisse
2539 4715 2780 4768 ridentur
2809 4717 2932 4769 libri
2963 4716 3428 4786 Paralipomenon.
3456 4728 3469 4785 )

2040 4824 2587 4880 PsalmiDavidici..
2670 4867 2682 4878 .
2763 4867 2774 4879 .
2859 4869 2869 4880 .
2953 4868 2964 4878 .
3046 4868 3058 4880 .
3139 4869 3151 4880 .
3267 4845 3476 4884 unum.

2040 4919 2350 4973 Proverbia.
2397 4960 2409 4972 .
2484 4960 2496 4971 .
2578 4961 2589 4971 .
2673 4960 2683 4971 .
2767 4962 2780 4974 .
2859 4960 2872 4972 .
2955 4962 2965 4972 .
3047 4964 3059 4977 .
3139 4961 3151 4972 .
3267 4939 3386 4977 nec.

2040 5009 2417 5065 Ecclesiastes.
2493 5051 2504 5063 .
2589 5052 2597 5064 .
2684 5053 2694 5063 .
2773 5051 2784 5062 .
2866 5050 2878 5061 .
2957 5051 2968 5063 .
3045 5052 3057 5062 .
3139 5053 3149 5064 .
3263 5029 3345 5068 DC.

2040 5102 2264 5156 Cantica
2295 5103 2687 5156 canitiem-inm.
2769 5142 2780 5152 .
2865 5142 2875 5152 .
2954 5144 2963 5153 .
3046 5143 3058 5155 .
3139 5143 3150 5154 .
3263 5121 3374 5157 ccc.

2043 5193 2336 5263 Sapientia.
2395 5233 2407 5246 .
2671 5234 2683 5244 .
2764 5233 2774 5244 .
2858 5233 2867 5244 .
2952 5237 2961 5246 .
3041 5235 3052 5246 .
3133 5236 3146 5247 .
3260 5214 3314 5250 ιι.

2043 5282 2318 5352 Sapientia
2348 5282 2493 5336 Jesn.
2571 5325 2581 5334 .
2663 5328 2671 5335 .
2756 5324 2766 5334 .
2849 5325 2860 5336 .
2945 5326 2954 5335 .
3041 5327 3051 5336 .
3137 5327 3147 5337 .
3265 5306 3390 5342 intr.

2045 5376 2335 5431 Duodecim
2365 5374 2664 5444 Prophette.
2753 5416 2765 5428 .
2847 5415 2857 5425 .
2944 5417 2955 5428 .
3035 5418 3046 5429 .
3133 5419 3142 5428 .
3257 5386 3495 5436 unucxt

2040 5465 3426 5526 Osce...........nut.

433 5722 466 5788 ‘_
494 5715 766 5774 Numerus
790 5716 1060 5786 generalis
1087 5735 1206 5773 cum
1233 5718 1657 5789 particular-ibus
1678 5731 1786 5772 non
1809 5713 2123 5771 concordat.
