  <div class='ocr_page' id='page_1' title='image "/cluster/home/n/w/nwhite01/storage/ocr_20150623/2/mdp.39015005182426/340.png"; bbox 0 0 4066 6140; ppageno 0'>
   <div class='ocr_carea' id='block_1_1' title="bbox 349 251 444 307">
    <p class='ocr_par' dir='ltr' id='par_1_1' title="bbox 349 251 444 307">
     <span class='ocr_line' id='line_1_1' title="bbox 349 251 444 307; baseline -0.021 0"><span class='ocrx_word' id='word_1_1' title='bbox 349 251 444 307; x_wconf 80' lang='grc'><strong>661</strong></span> 
     </span>
    </p>
   </div>
   <div class='ocr_carea' id='block_1_2' title="bbox 1708 246 2244 311">
    <p class='ocr_par' dir='ltr' id='par_1_2' title="bbox 1708 246 2244 311">
     <span class='ocr_line' id='line_1_2' title="bbox 1708 246 2244 311; baseline 0 -3"><span class='ocrx_word' id='word_1_2' title='bbox 1708 246 2244 311; x_wconf 70' lang='lat' dir='ltr'><strong>PROLEGOMENA.</strong></span> 
     </span>
    </p>
   </div>
   <div class='ocr_carea' id='block_1_3' title="bbox 3473 259 3575 317">
    <p class='ocr_par' dir='ltr' id='par_1_3' title="bbox 3473 259 3575 317">
     <span class='ocr_line' id='line_1_3' title="bbox 3473 259 3575 317; baseline 0 -1"><span class='ocrx_word' id='word_1_3' title='bbox 3473 259 3575 317; x_wconf 76' lang='lat'><strong>662</strong></span> 
     </span>
    </p>
   </div>
   <div class='ocr_carea' id='block_1_4' title="bbox 419 365 3575 451">
    <p class='ocr_par' dir='ltr' id='par_1_4' title="bbox 419 365 3575 451">
     <span class='ocr_line' id='line_1_4' title="bbox 419 365 3575 451; baseline 0.003 -27"><span class='ocrx_word' id='word_1_4' title='bbox 419 365 570 425; x_wconf 80' lang='lat' dir='ltr'><strong>Illius</strong></span> <span class='ocrx_word' id='word_1_5' title='bbox 595 383 739 439; x_wconf 67' lang='lat' dir='ltr'><strong>saepe</strong></span> <span class='ocrx_word' id='word_1_6' title='bbox 780 370 1030 427; x_wconf 93' lang='lat' dir='ltr'><strong>meminit</strong></span> <span class='ocrx_word' id='word_1_7' title='bbox 1060 374 1486 443; x_wconf 84' lang='lat' dir='ltr'><strong>Alexandrinus,</strong></span> <span class='ocrx_word' id='word_1_8' title='bbox 1517 377 1827 449; x_wconf 82' lang='lat' dir='ltr'><strong>multosque</strong></span> <span class='ocrx_word' id='word_1_9' title='bbox 1851 395 1918 435; x_wconf 84' lang='lat' dir='ltr'><strong>ex</strong></span> <span class='ocrx_word' id='word_1_10' title='bbox 1946 392 1992 451; x_wconf 70' lang='grc' dir='ltr'>Α</span> <span class='ocrx_word' id='word_1_11' title='bbox 2021 377 2231 434; x_wconf 78' lang='lat' dir='ltr'><strong>Christo</strong></span> <span class='ocrx_word' id='word_1_12' title='bbox 2261 382 2358 444; x_wconf 72' lang='lat' dir='ltr'><strong>est,</strong></span> <span class='ocrx_word' id='word_1_13' title='bbox 2400 379 2455 433; x_wconf 87' lang='lat' dir='ltr'><strong>in</strong></span> <span class='ocrx_word' id='word_1_14' title='bbox 2491 395 2648 449; x_wconf 85' lang='lat' dir='ltr'><strong>quam</strong></span> <span class='ocrx_word' id='word_1_15' title='bbox 2684 379 2823 434; x_wconf 91' lang='lat' dir='ltr'><strong>beati</strong></span> <span class='ocrx_word' id='word_1_16' title='bbox 2858 394 3032 434; x_wconf 87' lang='lat' dir='ltr'><strong>omnes</strong></span> <span class='ocrx_word' id='word_1_17' title='bbox 3060 379 3153 450; x_wconf 89' lang='lat' dir='ltr'><strong>qui</strong></span> <span class='ocrx_word' id='word_1_18' title='bbox 3184 377 3471 432; x_wconf 89' lang='lat' dir='ltr'><strong>intrarunt.</strong></span> <span class='ocrx_word' id='word_1_19' title='bbox 3496 375 3575 432; x_wconf 79' lang='lat' dir='ltr'><strong>Ex</strong></span> 
     </span>
    </p>
   </div>
   <div class='ocr_carea' id='block_1_5' title="bbox 349 459 1915 540">
    <p class='ocr_par' dir='ltr' id='par_1_5' title="bbox 349 459 1915 540">
     <span class='ocr_line' id='line_1_5' title="bbox 349 459 1915 540; baseline 0.004 -23"><span class='ocrx_word' id='word_1_20' title='bbox 349 477 412 517; x_wconf 91' lang='lat' dir='ltr'><strong>ea</strong></span> <span class='ocrx_word' id='word_1_21' title='bbox 450 459 658 532; x_wconf 82' lang='lat' dir='ltr'><strong>profert</strong></span> <span class='ocrx_word' id='word_1_22' title='bbox 685 461 854 529; x_wconf 85' lang='lat' dir='ltr'><strong>locos,</strong></span> <span class='ocrx_word' id='word_1_23' title='bbox 897 465 1355 532; x_wconf 83' lang='lat' dir='ltr'><strong>quemadmodum</strong></span> <span class='ocrx_word' id='word_1_24' title='bbox 1386 476 1440 522; x_wconf 89' lang='lat' dir='ltr'><strong>et</strong></span> <span class='ocrx_word' id='word_1_25' title='bbox 1466 467 1744 538; x_wconf 81' lang='lat' dir='ltr'><strong>Origenes,</strong></span> <span class='ocrx_word' id='word_1_26' title='bbox 1775 485 1915 540; x_wconf 90' lang='lat' dir='ltr'><strong>quos</strong></span> 
     </span>
    </p>
   </div>
   <div class='ocr_carea' id='block_1_6' title="bbox 349 551 1916 615">
    <p class='ocr_par' dir='ltr' id='par_1_6' title="bbox 349 551 1916 615">
     <span class='ocr_line' id='line_1_6' title="bbox 349 551 1916 615; baseline 0.007 -11"><span class='ocrx_word' id='word_1_27' title='bbox 349 565 539 606; x_wconf 90' lang='lat' dir='ltr'><strong>omnes</strong></span> <span class='ocrx_word' id='word_1_28' title='bbox 575 551 630 605; x_wconf 91' lang='lat' dir='ltr'><strong>in</strong></span> <span class='ocrx_word' id='word_1_29' title='bbox 656 553 861 608; x_wconf 77' lang='lat' dir='ltr'><strong>nostris</strong></span> <span class='ocrx_word' id='word_1_30' title='bbox 883 553 1356 612; x_wconf 77' lang='lat' dir='ltr'><strong>observationibus</strong></span> <span class='ocrx_word' id='word_1_31' title='bbox 1383 559 1690 614; x_wconf 76' lang='lat' dir='ltr'><strong>notavimus</strong></span> <span class='ocrx_word' id='word_1_32' title='bbox 1723 579 1737 614; x_wconf 88' lang='lat'><strong>:</strong></span> <span class='ocrx_word' id='word_1_33' title='bbox 1766 576 1916 615; x_wconf 87' lang='lat' dir='ltr'><strong>eam-</strong></span> 
     </span>
    </p>
   </div>
   <div class='ocr_carea' id='block_1_7' title="bbox 350 643 1913 716">
    <p class='ocr_par' dir='ltr' id='par_1_7' title="bbox 350 643 1913 716">
     <span class='ocr_line' id='line_1_7' title="bbox 350 643 1913 716; baseline 0.006 -21"><span class='ocrx_word' id='word_1_34' title='bbox 350 657 455 712; x_wconf 87' lang='lat' dir='ltr'><strong>que</strong></span> <span class='ocrx_word' id='word_1_35' title='bbox 478 644 610 698; x_wconf 86' lang='lat' dir='ltr'><strong>citat</strong></span> <span class='ocrx_word' id='word_1_36' title='bbox 632 651 852 698; x_wconf 81' lang='lat' dir='ltr'><strong>sanctus</strong></span> <span class='ocrx_word' id='word_1_37' title='bbox 874 643 1167 716; x_wconf 83' lang='lat' dir='ltr'><strong>Gregorius</strong></span> <span class='ocrx_word' id='word_1_38' title='bbox 1187 645 1562 704; x_wconf 87' lang='lat' dir='ltr'><strong>Nazianzenus</strong></span> <span class='ocrx_word' id='word_1_39' title='bbox 1586 650 1638 704; x_wconf 93' lang='lat' dir='ltr'><strong>in</strong></span> <span class='ocrx_word' id='word_1_40' title='bbox 1661 649 1913 705; x_wconf 85' lang='lat' dir='ltr'><strong>Philoca-</strong></span> 
     </span>
    </p>
   </div>
   <div class='ocr_carea' id='block_1_8' title="bbox 348 733 1915 812">
    <p class='ocr_par' dir='ltr' id='par_1_8' title="bbox 348 733 1915 812">
     <span class='ocr_line' id='line_1_8' title="bbox 348 733 1915 812; baseline 0.006 -24"><span class='ocrx_word' id='word_1_41' title='bbox 348 735 443 788; x_wconf 90' lang='lat' dir='ltr'><strong>lia.</strong></span> <span class='ocrx_word' id='word_1_42' title='bbox 472 733 704 790; x_wconf 89' lang='lat' dir='ltr'><strong>Sanctus</strong></span> <span class='ocrx_word' id='word_1_43' title='bbox 734 734 1097 808; x_wconf 84' lang='lat' dir='ltr'><strong>Hieronymus</strong></span> <span class='ocrx_word' id='word_1_44' title='bbox 1133 739 1185 792; x_wconf 91' lang='lat' dir='ltr'><strong>in</strong></span> <span class='ocrx_word' id='word_1_45' title='bbox 1221 740 1358 794; x_wconf 90' lang='lat' dir='ltr'><strong>libro</strong></span> <span class='ocrx_word' id='word_1_46' title='bbox 1386 741 1462 795; x_wconf 86' lang='lat' dir='ltr'><strong>De</strong></span> <span class='ocrx_word' id='word_1_47' title='bbox 1490 743 1915 812; x_wconf 78' lang='lat' dir='ltr'><strong>interpretatione</strong></span> 
     </span>
    </p>
   </div>
   <div class='ocr_carea' id='block_1_9' title="bbox 350 825 1911 902">
    <p class='ocr_par' dir='ltr' id='par_1_9' title="bbox 350 825 1911 902">
     <span class='ocr_line' id='line_1_9' title="bbox 350 825 1911 902; baseline 0.005 -22"><span class='ocrx_word' id='word_1_48' title='bbox 350 829 619 881; x_wconf 78' lang='lat' dir='ltr'><strong>nominum</strong></span> <span class='ocrx_word' id='word_1_49' title='bbox 662 825 1069 896; x_wconf 71' lang='lat' dir='ltr'><strong>Hebr-nieorum,</strong></span> <span class='ocrx_word' id='word_1_50' title='bbox 1107 839 1231 900; x_wconf 88' lang='lat' dir='ltr'><strong>post</strong></span> <span class='ocrx_word' id='word_1_51' title='bbox 1275 833 1688 902; x_wconf 81' lang='lat' dir='ltr'><strong>explicationem</strong></span> <span class='ocrx_word' id='word_1_52' title='bbox 1723 849 1911 889; x_wconf 89' lang='lat' dir='ltr'><strong>eorum</strong></span> 
     </span>
    </p>
   </div>
   <div class='ocr_carea' id='block_1_10' title="bbox 348 916 1916 993">
    <p class='ocr_par' dir='ltr' id='par_1_10' title="bbox 348 916 1916 993">
     <span class='ocr_line' id='line_1_10' title="bbox 348 916 1916 993; baseline 0.004 -20"><span class='ocrx_word' id='word_1_53' title='bbox 348 934 470 989; x_wconf 71' lang='lat' dir='ltr'><strong>quae</strong></span> <span class='ocrx_word' id='word_1_54' title='bbox 501 916 910 987; x_wconf 87' lang='lat' dir='ltr'><strong>reperiunturin</strong></span> <span class='ocrx_word' id='word_1_55' title='bbox 937 919 1283 990; x_wconf 82' lang='lat' dir='ltr'><strong>Apocalypsi,</strong></span> <span class='ocrx_word' id='word_1_56' title='bbox 1303 921 1687 990; x_wconf 85' lang='lat' dir='ltr'><strong>interpretatur</strong></span> <span class='ocrx_word' id='word_1_57' title='bbox 1704 938 1767 978; x_wconf 89' lang='lat' dir='ltr'><strong>ea</strong></span> <span class='ocrx_word' id='word_1_58' title='bbox 1794 939 1916 993; x_wconf 66' lang='lat' dir='ltr'><strong>quae</strong></span> 
     </span>
    </p>
   </div>
   <div class='ocr_carea' id='block_1_11' title="bbox 347 999 1911 1082">
    <p class='ocr_par' dir='ltr' id='par_1_11' title="bbox 347 999 1911 1082">
     <span class='ocr_line' id='line_1_11' title="bbox 347 999 1911 1082; baseline 0.004 -19"><span class='ocrx_word' id='word_1_59' title='bbox 347 1017 563 1064; x_wconf 79' lang='lat' dir='ltr'><strong>exstant</strong></span> <span class='ocrx_word' id='word_1_60' title='bbox 615 1009 667 1062; x_wconf 93' lang='lat' dir='ltr'><strong>in</strong></span> <span class='ocrx_word' id='word_1_61' title='bbox 716 1009 888 1063; x_wconf 89' lang='lat' dir='ltr'><strong>sancti</strong></span> <span class='ocrx_word' id='word_1_62' title='bbox 937 999 1196 1066; x_wconf 70' lang='lat' dir='ltr'><strong>Barnabaa</strong></span> <span class='ocrx_word' id='word_1_63' title='bbox 1249 1011 1509 1082; x_wconf 88' lang='lat' dir='ltr'><strong>Epistola,</strong></span> <span class='ocrx_word' id='word_1_64' title='bbox 1560 1014 1665 1070; x_wconf 90' lang='lat' dir='ltr'><strong>hoc</strong></span> <span class='ocrx_word' id='word_1_65' title='bbox 1703 1015 1911 1070; x_wconf 87' lang='lat' dir='ltr'><strong>modo:</strong></span> 
     </span>
    </p>
   </div>
   <div class='ocr_carea' id='block_1_12' title="bbox 353 1091 1912 1178">
    <p class='ocr_par' dir='ltr' id='par_1_12' title="bbox 353 1091 1912 1178">
     <span class='ocr_line' id='line_1_12' title="bbox 353 1091 1912 1178; baseline 0.004 -22"><span class='ocrx_word' id='word_1_66' title='bbox 353 1102 426 1156; x_wconf 87' lang='lat' dir='ltr'><strong>De</strong></span> <span class='ocrx_word' id='word_1_67' title='bbox 454 1100 699 1170; x_wconf 83' lang='lat' dir='ltr'><strong>Epistola</strong></span> <span class='ocrx_word' id='word_1_68' title='bbox 737 1099 1017 1157; x_wconf 73' lang='lat' dir='ltr'><strong>Barnabaz.</strong></span> <span class='ocrx_word' id='word_1_69' title='bbox 1042 1102 1330 1170; x_wconf 84' lang='lat' dir='ltr'><strong>Abraham,</strong></span> <span class='ocrx_word' id='word_1_70' title='bbox 1359 1116 1510 1177; x_wconf 87' lang='lat' dir='ltr'><strong>pater</strong></span> <span class='ocrx_word' id='word_1_71' title='bbox 1539 1091 1714 1161; x_wconf 80' lang='lat' dir='ltr'><strong>videns</strong></span> <span class='ocrx_word' id='word_1_72' title='bbox 1744 1123 1912 1178; x_wconf 87' lang='lat' dir='ltr'><strong>popu-</strong></span> 
     </span>
    </p>
   </div>
   <div class='ocr_carea' id='block_1_13' title="bbox 346 1193 611 1257">
    <p class='ocr_par' dir='ltr' id='par_1_13' title="bbox 346 1193 611 1257">
     <span class='ocr_line' id='line_1_13' title="bbox 346 1193 611 1257; baseline -0.004 -11"><span class='ocrx_word' id='word_1_73' title='bbox 346 1193 477 1257; x_wconf 90' lang='lat' dir='ltr'><strong>lum,</strong></span> <span class='ocrx_word' id='word_1_74' title='bbox 504 1200 611 1247; x_wconf 90' lang='lat' dir='ltr'><strong>etc.</strong></span> 
     </span>
    </p>
   </div>
   <div class='ocr_carea' id='block_1_14' title="bbox 415 1282 1914 1359">
    <p class='ocr_par' dir='ltr' id='par_1_14' title="bbox 415 1282 1914 1359">
     <span class='ocr_line' id='line_1_14' title="bbox 415 1282 1914 1359; baseline 0.005 -23"><span class='ocrx_word' id='word_1_75' title='bbox 415 1282 481 1337; x_wconf 91' lang='lat' dir='ltr'><strong>Hi</strong></span> <span class='ocrx_word' id='word_1_76' title='bbox 511 1292 641 1338; x_wconf 92' lang='lat' dir='ltr'><strong>sunt</strong></span> <span class='ocrx_word' id='word_1_77' title='bbox 663 1293 872 1341; x_wconf 81' lang='lat' dir='ltr'><strong>veteres</strong></span> <span class='ocrx_word' id='word_1_78' title='bbox 903 1294 1153 1342; x_wconf 87' lang='lat' dir='ltr'><strong>auctores</strong></span> <span class='ocrx_word' id='word_1_79' title='bbox 1179 1287 1270 1355; x_wconf 91' lang='lat' dir='ltr'><strong>qui</strong></span> <span class='ocrx_word' id='word_1_80' title='bbox 1302 1287 1368 1343; x_wconf 87' lang='lat' dir='ltr'><strong>de</strong></span> <span class='ocrx_word' id='word_1_81' title='bbox 1404 1288 1505 1344; x_wconf 86' lang='lat' dir='ltr'><strong>hac</strong></span> <span class='ocrx_word' id='word_1_82' title='bbox 1526 1289 1750 1359; x_wconf 86' lang='lat' dir='ltr'><strong>epistola</strong></span> <span class='ocrx_word' id='word_1_83' title='bbox 1778 1290 1914 1345; x_wconf 90' lang='lat' dir='ltr'><strong>scri-</strong></span> 
     </span>
    </p>
   </div>
   <div class='ocr_carea' id='block_1_15' title="bbox 344 1376 1914 1451">
    <p class='ocr_par' dir='ltr' id='par_1_15' title="bbox 344 1376 1914 1451">
     <span class='ocr_line' id='line_1_15' title="bbox 344 1376 1914 1451; baseline 0.004 -22"><span class='ocrx_word' id='word_1_84' title='bbox 344 1382 570 1444; x_wconf 90' lang='lat' dir='ltr'><strong>pserunt</strong></span> <span class='ocrx_word' id='word_1_85' title='bbox 614 1384 710 1429; x_wconf 88' lang='lat' dir='ltr'><strong>aut</strong></span> <span class='ocrx_word' id='word_1_86' title='bbox 757 1376 1138 1432; x_wconf 86' lang='lat' dir='ltr'><strong>meminerunt.</strong></span> <span class='ocrx_word' id='word_1_87' title='bbox 1187 1378 1318 1444; x_wconf 68' lang='lat' dir='ltr'><strong>Quae</strong></span> <span class='ocrx_word' id='word_1_88' title='bbox 1359 1379 1574 1448; x_wconf 89' lang='lat' dir='ltr'><strong>quidem</strong></span> <span class='ocrx_word' id='word_1_89' title='bbox 1619 1381 1741 1451; x_wconf 85' lang='lat' dir='ltr'><strong>jure</strong></span> <span class='ocrx_word' id='word_1_90' title='bbox 1777 1381 1914 1437; x_wconf 88' lang='lat' dir='ltr'><strong>inter</strong></span> 
     </span>
    </p>
   </div>
   <div class='ocr_carea' id='block_1_16' title="bbox 345 1467 1914 1538">
    <p class='ocr_par' dir='ltr' id='par_1_16' title="bbox 345 1467 1914 1538">
     <span class='ocr_line' id='line_1_16' title="bbox 345 1467 1914 1538; baseline 0.003 -16"><span class='ocrx_word' id='word_1_91' title='bbox 345 1467 643 1536; x_wconf 88' lang='lat' dir='ltr'><strong>scripturas</strong></span> <span class='ocrx_word' id='word_1_92' title='bbox 683 1468 1020 1538; x_wconf 86' lang='lat' dir='ltr'><strong>apocryphas</strong></span> <span class='ocrx_word' id='word_1_93' title='bbox 1061 1484 1091 1524; x_wconf 88' lang='lat' dir='ltr'><strong>a</strong></span> <span class='ocrx_word' id='word_1_94' title='bbox 1135 1470 1314 1524; x_wconf 86' lang='lat' dir='ltr'><strong>citatis</strong></span> <span class='ocrx_word' id='word_1_95' title='bbox 1344 1471 1661 1528; x_wconf 86' lang='lat' dir='ltr'><strong>auctoribus</strong></span> <span class='ocrx_word' id='word_1_96' title='bbox 1707 1487 1914 1528; x_wconf 90' lang='lat' dir='ltr'><strong>connu-</strong></span> 
     </span>
    </p>
   </div>
   <div class='ocr_carea' id='block_1_17' title="bbox 345 1559 1908 1629">
    <p class='ocr_par' dir='ltr' id='par_1_17' title="bbox 345 1559 1908 1629">
     <span class='ocr_line' id='line_1_17' title="bbox 345 1559 1908 1629; baseline 0.003 -17"><span class='ocrx_word' id='word_1_97' title='bbox 345 1566 607 1624; x_wconf 85' lang='lat' dir='ltr'><strong>meratur,</strong></span> <span class='ocrx_word' id='word_1_98' title='bbox 631 1569 744 1613; x_wconf 89' lang='lat' dir='ltr'><strong>tum</strong></span> <span class='ocrx_word' id='word_1_99' title='bbox 777 1559 928 1629; x_wconf 88' lang='lat' dir='ltr'><strong>quia,</strong></span> <span class='ocrx_word' id='word_1_100' title='bbox 979 1576 1046 1614; x_wconf 91' lang='lat' dir='ltr'><strong>an</strong></span> <span class='ocrx_word' id='word_1_101' title='bbox 1079 1559 1343 1614; x_wconf 68' lang='lat' dir='ltr'><strong>Barnaba:</strong></span> <span class='ocrx_word' id='word_1_102' title='bbox 1375 1561 1444 1615; x_wconf 90' lang='lat' dir='ltr'><strong>sit</strong></span> <span class='ocrx_word' id='word_1_103' title='bbox 1488 1562 1754 1617; x_wconf 85' lang='lat' dir='ltr'><strong>incertum</strong></span> <span class='ocrx_word' id='word_1_104' title='bbox 1797 1571 1908 1628; x_wconf 90' lang='lat' dir='ltr'><strong>est,</strong></span> 
     </span>
    </p>
   </div>
   <div class='ocr_carea' id='block_1_18' title="bbox 344 1651 1913 1722">
    <p class='ocr_par' dir='ltr' id='par_1_18' title="bbox 344 1651 1913 1722">
     <span class='ocr_line' id='line_1_18' title="bbox 344 1651 1913 1722; baseline 0.005 -19"><span class='ocrx_word' id='word_1_105' title='bbox 344 1658 458 1704; x_wconf 91' lang='lat' dir='ltr'><strong>tum</strong></span> <span class='ocrx_word' id='word_1_106' title='bbox 485 1651 612 1721; x_wconf 89' lang='lat' dir='ltr'><strong>quia</strong></span> <span class='ocrx_word' id='word_1_107' title='bbox 637 1651 690 1704; x_wconf 93' lang='lat' dir='ltr'><strong>in</strong></span> <span class='ocrx_word' id='word_1_108' title='bbox 723 1665 785 1706; x_wconf 89' lang='lat' dir='ltr'><strong>ea</strong></span> <span class='ocrx_word' id='word_1_109' title='bbox 815 1651 1060 1719; x_wconf 84' lang='lat' dir='ltr'><strong>quaedam</strong></span> <span class='ocrx_word' id='word_1_110' title='bbox 1083 1652 1426 1722; x_wconf 85' lang='lat' dir='ltr'><strong>reperiuntur</strong></span> <span class='ocrx_word' id='word_1_111' title='bbox 1452 1668 1574 1722; x_wconf 82' lang='lat' dir='ltr'><strong>quae</strong></span> <span class='ocrx_word' id='word_1_112' title='bbox 1598 1653 1913 1711; x_wconf 84' lang='lat' dir='ltr'><strong>difﬁcultate</strong></span> 
     </span>
    </p>
   </div>
   <div class='ocr_carea' id='block_1_19' title="bbox 2017 467 3576 540">
    <p class='ocr_par' dir='ltr' id='par_1_19' title="bbox 2017 467 3576 540">
     <span class='ocr_line' id='line_1_19' title="bbox 2017 467 3576 540; baseline -0.003 -16"><span class='ocrx_word' id='word_1_113' title='bbox 2017 485 2126 540; x_wconf 93' lang='lat' dir='ltr'><strong>quo</strong></span> <span class='ocrx_word' id='word_1_114' title='bbox 2164 470 2285 524; x_wconf 89' lang='lat' dir='ltr'><strong>loco</strong></span> <span class='ocrx_word' id='word_1_115' title='bbox 2338 470 2623 539; x_wconf 88' lang='lat' dir='ltr'><strong>legendum</strong></span> <span class='ocrx_word' id='word_1_116' title='bbox 2668 479 2751 525; x_wconf 89' lang='lat' dir='ltr'><strong>est</strong></span> <span class='ocrx_word' id='word_1_117' title='bbox 2794 471 2934 540; x_wconf 92' lang='lat' dir='ltr'><strong>apud</strong></span> <span class='ocrx_word' id='word_1_118' title='bbox 2964 469 3296 524; x_wconf 87' lang='lat' dir='ltr'><strong>Clementem</strong></span> <span class='ocrx_word' id='word_1_119' title='bbox 3337 467 3576 522; x_wconf 85' lang='lat' dir='ltr'><strong>Alexan-</strong></span> 
     </span>
    </p>
   </div>
   <div class='ocr_carea' id='block_1_20' title="bbox 2015 559 3575 629">
    <p class='ocr_par' dir='ltr' id='par_1_20' title="bbox 2015 559 3575 629">
     <span class='ocr_line' id='line_1_20' title="bbox 2015 559 3575 629; baseline 0 -17"><span class='ocrx_word' id='word_1_120' title='bbox 2015 560 2233 613; x_wconf 89' lang='lat' dir='ltr'><strong>drinum</strong></span> <span class='ocrx_word' id='word_1_121' title='bbox 2264 561 2303 627; x_wconf 75' lang='grc' dir='ltr'>ἡ</span> <span class='ocrx_word' id='word_1_122' title='bbox 2326 561 2396 612; x_wconf 82' lang='grc' dir='ltr'><strong>ὲν</strong></span> <span class='ocrx_word' id='word_1_123' title='bbox 2429 559 2800 628; x_wconf 74' lang='grc' dir='ltr'>δικαιοσύνῃ,</span> <span class='ocrx_word' id='word_1_124' title='bbox 2829 569 2883 615; x_wconf 92' lang='lat' dir='ltr'><strong>et</strong></span> <span class='ocrx_word' id='word_1_125' title='bbox 2910 561 3287 629; x_wconf 81' lang='lat' dir='ltr'><strong>exponendum</strong></span> <span class='ocrx_word' id='word_1_126' title='bbox 3309 601 3324 626; x_wconf 86' lang='lat'><strong>,</strong></span> <span class='ocrx_word' id='word_1_127' title='bbox 3358 575 3420 612; x_wconf 79' lang='lat' dir='ltr'><strong>ea</strong></span> <span class='ocrx_word' id='word_1_128' title='bbox 3458 574 3575 628; x_wconf 74' lang='lat' dir='ltr'><strong>qua:</strong></span> 
     </span>
    </p>
   </div>
   <div class='ocr_carea' id='block_1_21' title="bbox 2014 648 3575 719">
    <p class='ocr_par' dir='ltr' id='par_1_21' title="bbox 2014 648 3575 719">
     <span class='ocr_line' id='line_1_21' title="bbox 2014 648 3575 719; baseline -0.002 -16"><span class='ocrx_word' id='word_1_129' title='bbox 2014 652 2068 703; x_wconf 90' lang='lat' dir='ltr'><strong>in</strong></span> <span class='ocrx_word' id='word_1_130' title='bbox 2109 651 2327 718; x_wconf 87' lang='lat' dir='ltr'><strong>justitia</strong></span> <span class='ocrx_word' id='word_1_131' title='bbox 2373 658 2470 703; x_wconf 88' lang='lat' dir='ltr'><strong>est.</strong></span> <span class='ocrx_word' id='word_1_132' title='bbox 2526 649 2581 704; x_wconf 86' lang='lat' dir='ltr'><strong>Id</strong></span> <span class='ocrx_word' id='word_1_133' title='bbox 2625 651 2788 704; x_wconf 88' lang='lat' dir='ltr'><strong>etiam</strong></span> <span class='ocrx_word' id='word_1_134' title='bbox 2837 658 2981 719; x_wconf 89' lang='lat' dir='ltr'><strong>patet</strong></span> <span class='ocrx_word' id='word_1_135' title='bbox 3033 666 3099 705; x_wconf 84' lang='lat' dir='ltr'><strong>ex</strong></span> <span class='ocrx_word' id='word_1_136' title='bbox 3138 650 3253 718; x_wconf 93' lang='lat' dir='ltr'><strong>ipso</strong></span> <span class='ocrx_word' id='word_1_137' title='bbox 3299 648 3575 704; x_wconf 86' lang='lat' dir='ltr'><strong>Clemente</strong></span> 
     </span>
    </p>
   </div>
   <div class='ocr_carea' id='block_1_22' title="bbox 2015 738 3574 806">
    <p class='ocr_par' dir='ltr' id='par_1_22' title="bbox 2015 738 3574 806">
     <span class='ocr_line' id='line_1_22' title="bbox 2015 738 3574 806; baseline 0 -14"><span class='ocrx_word' id='word_1_138' title='bbox 2015 740 2404 805; x_wconf 76' lang='lat' dir='ltr'><strong>Alexandrino,</strong></span> <span class='ocrx_word' id='word_1_139' title='bbox 2431 740 2524 794; x_wconf 90' lang='lat' dir='ltr'><strong>lib.</strong></span> <span class='ocrx_word' id='word_1_140' title='bbox 2552 757 2567 794; x_wconf 86' lang='grc' dir='ltr'><strong>ι</strong></span> <span class='ocrx_word' id='word_1_141' title='bbox 2592 738 2946 806; x_wconf 85' lang='lat' dir='ltr'><strong>Stromatum,</strong></span> <span class='ocrx_word' id='word_1_142' title='bbox 2984 740 3076 794; x_wconf 91' lang='lat' dir='ltr'><strong>ubi</strong></span> <span class='ocrx_word' id='word_1_143' title='bbox 3107 740 3247 794; x_wconf 90' lang='lat' dir='ltr'><strong>idem</strong></span> <span class='ocrx_word' id='word_1_144' title='bbox 3284 741 3455 804; x_wconf 89' lang='lat' dir='ltr'><strong>locus,</strong></span> <span class='ocrx_word' id='word_1_145' title='bbox 3480 738 3574 794; x_wconf 88' lang='lat' dir='ltr'><strong>sed</strong></span> 
     </span>
    </p>
   </div>
   <div class='ocr_carea' id='block_1_23' title="bbox 2013 829 3576 904">
    <p class='ocr_par' dir='ltr' id='par_1_23' title="bbox 2013 829 3576 904">
     <span class='ocr_line' id='line_1_23' title="bbox 2013 829 3576 904; baseline 0 -18"><span class='ocrx_word' id='word_1_146' title='bbox 2013 832 2251 904; x_wconf 77' lang='lat' dir='ltr'><strong>longior,</strong></span> <span class='ocrx_word' id='word_1_147' title='bbox 2289 833 2490 888; x_wconf 88' lang='lat' dir='ltr'><strong>citatur</strong></span> <span class='ocrx_word' id='word_1_148' title='bbox 2517 847 2583 887; x_wconf 87' lang='lat' dir='ltr'><strong>ex</strong></span> <span class='ocrx_word' id='word_1_149' title='bbox 2615 833 2801 888; x_wconf 90' lang='lat' dir='ltr'><strong>eadem</strong></span> <span class='ocrx_word' id='word_1_150' title='bbox 2828 833 3059 903; x_wconf 86' lang='lat' dir='ltr'><strong>epistola</strong></span> <span class='ocrx_word' id='word_1_151' title='bbox 3083 831 3254 886; x_wconf 84' lang='lat' dir='ltr'><strong>sancti</strong></span> <span class='ocrx_word' id='word_1_152' title='bbox 3283 829 3576 886; x_wconf 85' lang='lat' dir='ltr'><strong>Clementis</strong></span> 
     </span>
    </p>
   </div>
   <div class='ocr_carea' id='block_1_24' title="bbox 2014 918 3578 993">
    <p class='ocr_par' dir='ltr' id='par_1_24' title="bbox 2014 918 3578 993">
     <span class='ocr_line' id='line_1_24' title="bbox 2014 918 3578 993; baseline -0.001 -15"><span class='ocrx_word' id='word_1_153' title='bbox 2014 923 2079 978; x_wconf 89' lang='lat' dir='ltr'><strong>ad</strong></span> <span class='ocrx_word' id='word_1_154' title='bbox 2111 923 2427 980; x_wconf 85' lang='lat' dir='ltr'><strong>Corinthios</strong></span> <span class='ocrx_word' id='word_1_155' title='bbox 2454 967 2469 993; x_wconf 89' lang='lat'><strong>,</strong></span> <span class='ocrx_word' id='word_1_156' title='bbox 2522 924 2804 979; x_wconf 89' lang='lat' dir='ltr'><strong>nominato</strong></span> <span class='ocrx_word' id='word_1_157' title='bbox 2835 932 3045 977; x_wconf 88' lang='lat' dir='ltr'><strong>tantum</strong></span> <span class='ocrx_word' id='word_1_158' title='bbox 3075 929 3264 976; x_wconf 90' lang='lat' dir='ltr'><strong>sancto</strong></span> <span class='ocrx_word' id='word_1_159' title='bbox 3301 918 3578 976; x_wconf 85' lang='lat' dir='ltr'><strong>Clemente</strong></span> 
     </span>
    </p>
   </div>
   <div class='ocr_carea' id='block_1_25' title="bbox 2014 1011 3576 1085">
    <p class='ocr_par' dir='ltr' id='par_1_25' title="bbox 2014 1011 3576 1085">
     <span class='ocr_line' id='line_1_25' title="bbox 2014 1011 3576 1085; baseline -0.001 -18"><span class='ocrx_word' id='word_1_160' title='bbox 2014 1015 2158 1070; x_wconf 89' lang='lat' dir='ltr'><strong>circa</strong></span> <span class='ocrx_word' id='word_1_161' title='bbox 2188 1015 2349 1070; x_wconf 89' lang='lat' dir='ltr'><strong>ﬁnem</strong></span> <span class='ocrx_word' id='word_1_162' title='bbox 2379 1025 2669 1070; x_wconf 85' lang='lat' dir='ltr'><strong>contextus</strong></span> <span class='ocrx_word' id='word_1_163' title='bbox 2695 1056 2711 1082; x_wconf 94' lang='lat'><strong>,</strong></span> <span class='ocrx_word' id='word_1_164' title='bbox 2750 1014 2939 1085; x_wconf 87' lang='lat' dir='ltr'><strong>paucis</strong></span> <span class='ocrx_word' id='word_1_165' title='bbox 2967 1013 3146 1068; x_wconf 87' lang='lat' dir='ltr'><strong>verbis</strong></span> <span class='ocrx_word' id='word_1_166' title='bbox 3171 1011 3392 1066; x_wconf 87' lang='lat' dir='ltr'><strong>mutatis</strong></span> <span class='ocrx_word' id='word_1_167' title='bbox 3417 1029 3432 1077; x_wconf 90' lang='lat'><strong>;</strong></span> <span class='ocrx_word' id='word_1_168' title='bbox 3471 1011 3576 1066; x_wconf 89' lang='lat' dir='ltr'><strong>hoc</strong></span> 
     </span>
    </p>
   </div>
   <div class='ocr_carea' id='block_1_26' title="bbox 2012 1102 3574 1176">
    <p class='ocr_par' dir='ltr' id='par_1_26' title="bbox 2012 1102 3574 1176">
     <span class='ocr_line' id='line_1_26' title="bbox 2012 1102 3574 1176; baseline -0.003 -17"><span class='ocrx_word' id='word_1_169' title='bbox 2012 1106 2212 1161; x_wconf 91' lang='lat' dir='ltr'><strong>modo:</strong></span> <span class='ocrx_word' id='word_1_170' title='bbox 2246 1125 2264 1158; x_wconf 76' lang='grc' dir='ltr'><strong>ι</strong></span> <span class='ocrx_word' id='word_1_171' title='bbox 2297 1106 2426 1162; x_wconf 69' lang='lat' dir='ltr'><strong>Hinc</strong></span> <span class='ocrx_word' id='word_1_172' title='bbox 2480 1118 2554 1161; x_wconf 89' lang='lat' dir='ltr'><strong>est</strong></span> <span class='ocrx_word' id='word_1_173' title='bbox 2587 1116 2738 1176; x_wconf 87' lang='lat' dir='ltr'><strong>porta</strong></span> <span class='ocrx_word' id='word_1_174' title='bbox 2773 1105 2982 1159; x_wconf 82' lang='lat' dir='ltr'><strong>Domini</strong></span> <span class='ocrx_word' id='word_1_175' title='bbox 3005 1144 3019 1169; x_wconf 95' lang='lat'><strong>,</strong></span> <span class='ocrx_word' id='word_1_176' title='bbox 3037 1104 3176 1173; x_wconf 70' lang='lat' dir='ltr'><strong>Justi</strong></span> <span class='ocrx_word' id='word_1_177' title='bbox 3222 1102 3493 1156; x_wconf 87' lang='lat' dir='ltr'><strong>intrabunt</strong></span> <span class='ocrx_word' id='word_1_178' title='bbox 3519 1103 3574 1155; x_wconf 91' lang='lat' dir='ltr'><strong>in</strong></span> 
     </span>
    </p>
   </div>
   <div class='ocr_carea' id='block_1_27' title="bbox 2010 1193 3576 1269">
    <p class='ocr_par' dir='ltr' id='par_1_27' title="bbox 2010 1193 3576 1269">
     <span class='ocr_line' id='line_1_27' title="bbox 2010 1193 3576 1269; baseline -0.003 -19"><span class='ocrx_word' id='word_1_179' title='bbox 2010 1211 2161 1250; x_wconf 88' lang='lat' dir='ltr'><strong>eam:</strong></span> <span class='ocrx_word' id='word_1_180' title='bbox 2184 1217 2202 1249; x_wconf 71' lang='grc' dir='ltr'><strong>ι</strong></span> <span class='ocrx_word' id='word_1_181' title='bbox 2222 1195 2354 1253; x_wconf 87' lang='lat' dir='ltr'><strong>Cum</strong></span> <span class='ocrx_word' id='word_1_182' title='bbox 2373 1215 2493 1269; x_wconf 86' lang='lat' dir='ltr'><strong>ergo</strong></span> <span class='ocrx_word' id='word_1_183' title='bbox 2519 1199 2700 1252; x_wconf 81' lang='lat' dir='ltr'><strong>multa:</strong></span> <span class='ocrx_word' id='word_1_184' title='bbox 2726 1209 2922 1266; x_wconf 68' lang='lat' dir='ltr'><strong>apertae</strong></span> <span class='ocrx_word' id='word_1_185' title='bbox 2952 1197 3058 1250; x_wconf 87' lang='lat' dir='ltr'><strong>sint</strong></span> <span class='ocrx_word' id='word_1_186' title='bbox 3081 1197 3319 1266; x_wconf 73' lang='lat' dir='ltr'><strong>portwin</strong></span> <span class='ocrx_word' id='word_1_187' title='bbox 3337 1193 3576 1263; x_wconf 87' lang='lat' dir='ltr'><strong>justitia,</strong></span> 
     </span>
    </p>
   </div>
   <div class='ocr_carea' id='block_1_28' title="bbox 2011 1282 3576 1360">
    <p class='ocr_par' dir='ltr' id='par_1_28' title="bbox 2011 1282 3576 1360">
     <span class='ocr_line' id='line_1_28' title="bbox 2011 1282 3576 1360; baseline 0 -20"><span class='ocrx_word' id='word_1_188' title='bbox 2011 1289 2120 1343; x_wconf 80' lang='lat' dir='ltr'><strong>hch</strong></span> <span class='ocrx_word' id='word_1_189' title='bbox 2133 1282 2236 1358; x_wconf 81' lang='lat' dir='ltr'><strong>fuit</strong></span> <span class='ocrx_word' id='word_1_190' title='bbox 2255 1291 2311 1342; x_wconf 88' lang='lat' dir='ltr'><strong>in</strong></span> <span class='ocrx_word' id='word_1_191' title='bbox 2323 1289 2553 1355; x_wconf 78' lang='lat' dir='ltr'><strong>Christo,</strong></span> <span class='ocrx_word' id='word_1_192' title='bbox 2570 1292 2622 1344; x_wconf 89' lang='lat' dir='ltr'><strong>in</strong></span> <span class='ocrx_word' id='word_1_193' title='bbox 2641 1307 2798 1360; x_wconf 88' lang='lat' dir='ltr'><strong>quam</strong></span> <span class='ocrx_word' id='word_1_194' title='bbox 2818 1290 2954 1343; x_wconf 86' lang='lat' dir='ltr'><strong>beati</strong></span> <span class='ocrx_word' id='word_1_195' title='bbox 2975 1305 3149 1342; x_wconf 85' lang='lat' dir='ltr'><strong>omnes</strong></span> <span class='ocrx_word' id='word_1_196' title='bbox 3174 1288 3264 1359; x_wconf 86' lang='lat' dir='ltr'><strong>qui</strong></span> <span class='ocrx_word' id='word_1_197' title='bbox 3285 1289 3576 1352; x_wconf 82' lang='lat' dir='ltr'><strong>intrarunt,</strong></span> 
     </span>
    </p>
   </div>
   <div class='ocr_carea' id='block_1_29' title="bbox 2009 1376 3578 1449">
    <p class='ocr_par' dir='ltr' id='par_1_29' title="bbox 2009 1376 3578 1449">
     <span class='ocr_line' id='line_1_29' title="bbox 2009 1376 3578 1449; baseline -0.003 -15"><span class='ocrx_word' id='word_1_198' title='bbox 2009 1389 2060 1434; x_wconf 90' lang='lat' dir='ltr'><strong>et</strong></span> <span class='ocrx_word' id='word_1_199' title='bbox 2089 1382 2186 1433; x_wconf 85' lang='lat' dir='ltr'><strong>iter</strong></span> <span class='ocrx_word' id='word_1_200' title='bbox 2207 1376 2361 1434; x_wconf 85' lang='lat' dir='ltr'><strong>suum</strong></span> <span class='ocrx_word' id='word_1_201' title='bbox 2393 1382 2694 1435; x_wconf 75' lang='lat' dir='ltr'><strong>direxerant</strong></span> <span class='ocrx_word' id='word_1_202' title='bbox 2727 1383 2782 1434; x_wconf 91' lang='lat' dir='ltr'><strong>in</strong></span> <span class='ocrx_word' id='word_1_203' title='bbox 2811 1381 3093 1435; x_wconf 81' lang='lat' dir='ltr'><strong>sanctitate</strong></span> <span class='ocrx_word' id='word_1_204' title='bbox 3115 1379 3457 1449; x_wconf 80' lang='lat' dir='ltr'><strong>cognoscendi</strong></span> <span class='ocrx_word' id='word_1_205' title='bbox 3478 1393 3543 1446; x_wconf 89' lang='lat' dir='ltr'><strong>po</strong></span> <span class='ocrx_word' id='word_1_206' title='bbox 3564 1405 3578 1417; x_wconf 73' lang='grc' dir='ltr'><strong>ο</strong></span> 
     </span>
    </p>
   </div>
   <div class='ocr_carea' id='block_1_30' title="bbox 2012 1467 3575 1544">
    <p class='ocr_par' dir='ltr' id='par_1_30' title="bbox 2012 1467 3575 1544">
     <span class='ocr_line' id='line_1_30' title="bbox 2012 1467 3575 1544; baseline 0 -21"><span class='ocrx_word' id='word_1_207' title='bbox 2012 1467 2196 1526; x_wconf 80' lang='lat' dir='ltr'><strong>testate</strong></span> <span class='ocrx_word' id='word_1_208' title='bbox 2223 1473 2466 1542; x_wconf 65' lang='lat' dir='ltr'><strong>praedita.</strong></span> <span class='ocrx_word' id='word_1_209' title='bbox 2495 1472 2697 1526; x_wconf 84' lang='grc' dir='ltr'>Αὐτίκα</span> <span class='ocrx_word' id='word_1_210' title='bbox 2721 1476 2750 1528; x_wconf 84' lang='grc' dir='ltr'><strong>ό</strong></span> <span class='ocrx_word' id='word_1_211' title='bbox 2781 1473 3010 1544; x_wconf 83' lang='grc' dir='ltr'><strong>Κλήμης</strong></span> <span class='ocrx_word' id='word_1_212' title='bbox 3041 1474 3097 1524; x_wconf 86' lang='grc' dir='ltr'>ὲν</span> <span class='ocrx_word' id='word_1_213' title='bbox 3125 1474 3192 1542; x_wconf 78' lang='grc' dir='ltr'>τῇ</span> <span class='ocrx_word' id='word_1_214' title='bbox 3221 1471 3358 1540; x_wconf 82' lang='grc' dir='ltr'>πρὸς</span> <span class='ocrx_word' id='word_1_215' title='bbox 3386 1473 3575 1540; x_wconf 78' lang='grc' dir='ltr'><strong>Κοριν⁹</strong></span> 
     </span>
    </p>
   </div>
   <div class='ocr_carea' id='block_1_31' title="bbox 2011 1561 3574 1635">
    <p class='ocr_par' dir='ltr' id='par_1_31' title="bbox 2011 1561 3574 1635">
     <span class='ocr_line' id='line_1_31' title="bbox 2011 1561 3574 1635; baseline -0.002 -19"><span class='ocrx_word' id='word_1_216' title='bbox 2011 1563 2157 1626; x_wconf 85' lang='grc' dir='ltr'>θίους</span> <span class='ocrx_word' id='word_1_217' title='bbox 2199 1564 2451 1635; x_wconf 76' lang='grc' dir='ltr'><strong>ἐπιστολῇ</strong></span> <span class='ocrx_word' id='word_1_218' title='bbox 2479 1564 2621 1617; x_wconf 86' lang='grc' dir='ltr'>κατὰ</span> <span class='ocrx_word' id='word_1_219' title='bbox 2661 1564 2804 1629; x_wconf 83' lang='grc' dir='ltr'><strong>λέξιν</strong></span> <span class='ocrx_word' id='word_1_220' title='bbox 2836 1565 2970 1635; x_wconf 71' lang='grc' dir='ltr'><strong>φησὶ</strong></span> <span class='ocrx_word' id='word_1_221' title='bbox 3000 1565 3099 1628; x_wconf 88' lang='grc' dir='ltr'>τὰς</span> <span class='ocrx_word' id='word_1_222' title='bbox 3136 1561 3390 1635; x_wconf 82' lang='grc' dir='ltr'>διαφορὰς</span> <span class='ocrx_word' id='word_1_223' title='bbox 3428 1564 3574 1614; x_wconf 82' lang='grc' dir='ltr'>ἐκτι-</span> 
     </span>
    </p>
   </div>
   <div class='ocr_carea' id='block_1_32' title="bbox 2011 1653 3572 1727">
    <p class='ocr_par' dir='ltr' id='par_1_32' title="bbox 2011 1653 3572 1727">
     <span class='ocr_line' id='line_1_32' title="bbox 2011 1653 3572 1727; baseline -0.001 -21"><span class='ocrx_word' id='word_1_224' title='bbox 2011 1653 2236 1725; x_wconf 83' lang='grc' dir='ltr'>Θέμενος</span> <span class='ocrx_word' id='word_1_225' title='bbox 2259 1655 2368 1709; x_wconf 87' lang='grc' dir='ltr'><strong>τῶν</strong></span> <span class='ocrx_word' id='word_1_226' title='bbox 2403 1655 2545 1709; x_wconf 80' lang='grc' dir='ltr'>κατὰ</span> <span class='ocrx_word' id='word_1_227' title='bbox 2569 1656 2667 1727; x_wconf 84' lang='grc' dir='ltr'>τὴν</span> <span class='ocrx_word' id='word_1_228' title='bbox 2722 1655 3040 1727; x_wconf 82' lang='grc' dir='ltr'><strong>Ἐκκλησίαν</strong></span> <span class='ocrx_word' id='word_1_229' title='bbox 3077 1656 3330 1726; x_wconf 81' lang='grc' dir='ltr'><strong>δοκίμων·</strong></span> <span class='ocrx_word' id='word_1_230' title='bbox 3370 1675 3387 1705; x_wconf 71' lang='grc' dir='ltr'><strong>ι</strong></span> <span class='ocrx_word' id='word_1_231' title='bbox 3422 1655 3572 1706; x_wconf 84' lang='grc' dir='ltr'>’Ἡτω</span> 
     </span>
    </p>
   </div>
   <div class='ocr_carea' id='block_1_33' title="bbox 345 1736 1901 1820">
    <p class='ocr_par' dir='ltr' id='par_1_33' title="bbox 345 1741 1901 1814">
     <span class='ocr_line' id='line_1_33' title="bbox 345 1741 1901 1814; baseline 0.004 -20"><span class='ocrx_word' id='word_1_232' title='bbox 345 1741 569 1797; x_wconf 82' lang='lat' dir='ltr'><strong>minime</strong></span> <span class='ocrx_word' id='word_1_233' title='bbox 601 1751 808 1798; x_wconf 86' lang='lat' dir='ltr'><strong>carent.</strong></span> <span class='ocrx_word' id='word_1_234' title='bbox 841 1741 1118 1814; x_wconf 88' lang='lat' dir='ltr'><strong>Siquidem</strong></span> <span class='ocrx_word' id='word_1_235' title='bbox 1168 1744 1440 1799; x_wconf 76' lang='lat' dir='ltr'><strong>nonnullze</strong></span> <span class='ocrx_word' id='word_1_236' title='bbox 1471 1754 1601 1802; x_wconf 91' lang='lat' dir='ltr'><strong>sunt</strong></span> <span class='ocrx_word' id='word_1_237' title='bbox 1629 1746 1682 1800; x_wconf 93' lang='lat' dir='ltr'><strong>in</strong></span> <span class='ocrx_word' id='word_1_238' title='bbox 1716 1761 1780 1800; x_wconf 88' lang='lat' dir='ltr'><strong>ca</strong></span> <span class='ocrx_word' id='word_1_239' title='bbox 1811 1761 1901 1802; x_wconf 89' lang='lat' dir='ltr'><strong>sa-</strong></span> 
     </span>
    </p>
   </div>
   <div class='ocr_carea' id='block_1_34' title="bbox 2003 1736 3575 1820">
    <p class='ocr_par' dir='ltr' id='par_1_34' title="bbox 2003 1749 3575 1820">
     <span class='ocr_line' id='line_1_34' title="bbox 2003 1749 3575 1820; baseline -0.001 -19"><span class='ocrx_word' id='word_1_240' title='bbox 2003 1749 2086 1812; x_wconf 76' lang='grc' dir='ltr'><strong>τὶς</strong></span> <span class='ocrx_word' id='word_1_241' title='bbox 2125 1749 2341 1817; x_wconf 78' lang='grc' dir='ltr'>πιστὸς,</span> <span class='ocrx_word' id='word_1_242' title='bbox 2383 1750 2496 1820; x_wconf 74' lang='grc' dir='ltr'>ἧτω</span> <span class='ocrx_word' id='word_1_243' title='bbox 2529 1749 2748 1814; x_wconf 85' lang='grc' dir='ltr'>δυνατός</span> <span class='ocrx_word' id='word_1_244' title='bbox 2802 1768 2886 1814; x_wconf 85' lang='grc' dir='ltr'><strong>τις</strong></span> <span class='ocrx_word' id='word_1_245' title='bbox 2929 1750 3126 1819; x_wconf 87' lang='grc' dir='ltr'>γνῶσιν</span> <span class='ocrx_word' id='word_1_246' title='bbox 3169 1750 3421 1814; x_wconf 78' lang='grc' dir='ltr'>ἐξειπεῖν,</span> <span class='ocrx_word' id='word_1_247' title='bbox 3463 1749 3575 1818; x_wconf 74' lang='grc' dir='ltr'>ἤτω</span> 
     </span>
    </p>
   </div>
   <div class='ocr_carea' id='block_1_35' title="bbox 343 1832 1908 1907">
    <p class='ocr_par' dir='ltr' id='par_1_35' title="bbox 343 1832 1908 1907">
     <span class='ocr_line' id='line_1_35' title="bbox 343 1832 1908 1907; baseline 0.004 -21"><span class='ocrx_word' id='word_1_248' title='bbox 343 1832 527 1898; x_wconf 70' lang='lat' dir='ltr'><strong>lebrae,</strong></span> <span class='ocrx_word' id='word_1_249' title='bbox 551 1833 617 1888; x_wconf 89' lang='lat' dir='ltr'><strong>ad</strong></span> <span class='ocrx_word' id='word_1_250' title='bbox 645 1849 784 1904; x_wconf 89' lang='lat' dir='ltr'><strong>quas</strong></span> <span class='ocrx_word' id='word_1_251' title='bbox 813 1834 994 1890; x_wconf 91' lang='lat' dir='ltr'><strong>minus</strong></span> <span class='ocrx_word' id='word_1_252' title='bbox 1038 1834 1182 1890; x_wconf 90' lang='lat' dir='ltr'><strong>cauti</strong></span> <span class='ocrx_word' id='word_1_253' title='bbox 1214 1834 1486 1891; x_wconf 73' lang='lat' dir='ltr'><strong>oﬁ‘endere</strong></span> <span class='ocrx_word' id='word_1_254' title='bbox 1520 1837 1747 1906; x_wconf 87' lang='lat' dir='ltr'><strong>possint,</strong></span> <span class='ocrx_word' id='word_1_255' title='bbox 1772 1850 1908 1907; x_wconf 90' lang='lat' dir='ltr'><strong>quas</strong></span> 
     </span>
    </p>
   </div>
   <div class='ocr_carea' id='block_1_36' title="bbox 345 1926 1908 1999">
    <p class='ocr_par' dir='ltr' id='par_1_36' title="bbox 345 1926 1908 1999">
     <span class='ocr_line' id='line_1_36' title="bbox 345 1926 1908 1999; baseline 0.003 -19"><span class='ocrx_word' id='word_1_256' title='bbox 345 1933 528 1981; x_wconf 89' lang='lat' dir='ltr'><strong>tamen</strong></span> <span class='ocrx_word' id='word_1_257' title='bbox 575 1941 674 1996; x_wconf 91' lang='lat' dir='ltr'><strong>pro</strong></span> <span class='ocrx_word' id='word_1_258' title='bbox 701 1926 922 1981; x_wconf 88' lang='lat' dir='ltr'><strong>modulo</strong></span> <span class='ocrx_word' id='word_1_259' title='bbox 957 1928 1277 1998; x_wconf 83' lang='lat' dir='ltr'><strong>explanavi;</strong></span> <span class='ocrx_word' id='word_1_260' title='bbox 1310 1944 1420 1984; x_wconf 90' lang='lat' dir='ltr'><strong>non</strong></span> <span class='ocrx_word' id='word_1_261' title='bbox 1449 1945 1514 1984; x_wconf 92' lang='lat' dir='ltr'><strong>eo</strong></span> <span class='ocrx_word' id='word_1_262' title='bbox 1543 1930 1758 1999; x_wconf 90' lang='lat' dir='ltr'><strong>quidem</strong></span> <span class='ocrx_word' id='word_1_263' title='bbox 1789 1932 1908 1985; x_wconf 88' lang='lat' dir='ltr'><strong>ani-</strong></span> 
     </span>
    </p>
   </div>
   <div class='ocr_carea' id='block_1_37' title="bbox 346 2018 1910 2092">
    <p class='ocr_par' dir='ltr' id='par_1_37' title="bbox 346 2018 1910 2092">
     <span class='ocr_line' id='line_1_37' title="bbox 346 2018 1910 2092; baseline 0.004 -20"><span class='ocrx_word' id='word_1_264' title='bbox 346 2032 462 2084; x_wconf 91' lang='lat' dir='ltr'><strong>mo,</strong></span> <span class='ocrx_word' id='word_1_265' title='bbox 501 2019 656 2087; x_wconf 89' lang='lat' dir='ltr'><strong>quasi</strong></span> <span class='ocrx_word' id='word_1_266' title='bbox 681 2018 841 2074; x_wconf 86' lang='lat' dir='ltr'><strong>velim</strong></span> <span class='ocrx_word' id='word_1_267' title='bbox 871 2034 990 2074; x_wconf 86' lang='lat' dir='ltr'><strong>eam</strong></span> <span class='ocrx_word' id='word_1_268' title='bbox 1014 2020 1084 2075; x_wconf 86' lang='lat' dir='ltr'><strong>ab</strong></span> <span class='ocrx_word' id='word_1_269' title='bbox 1112 2021 1260 2075; x_wconf 91' lang='lat' dir='ltr'><strong>omni</strong></span> <span class='ocrx_word' id='word_1_270' title='bbox 1285 2037 1436 2078; x_wconf 67' lang='lat' dir='ltr'><strong>naevo</strong></span> <span class='ocrx_word' id='word_1_271' title='bbox 1462 2021 1794 2092; x_wconf 86' lang='lat' dir='ltr'><strong>pertinacius</strong></span> <span class='ocrx_word' id='word_1_272' title='bbox 1816 2037 1910 2078; x_wconf 84' lang='lat' dir='ltr'><strong>ex-</strong></span> 
     </span>
    </p>
   </div>
   <div class='ocr_carea' id='block_1_38' title="bbox 342 2111 1908 2186">
    <p class='ocr_par' dir='ltr' id='par_1_38' title="bbox 342 2111 1908 2186">
     <span class='ocr_line' id='line_1_38' title="bbox 342 2111 1908 2186; baseline 0.003 -20"><span class='ocrx_word' id='word_1_273' title='bbox 342 2125 574 2177; x_wconf 87' lang='lat' dir='ltr'><strong>cusare;</strong></span> <span class='ocrx_word' id='word_1_274' title='bbox 626 2111 1081 2180; x_wconf 88' lang='lat' dir='ltr'><strong>quemadmodum</strong></span> <span class='ocrx_word' id='word_1_275' title='bbox 1113 2112 1274 2169; x_wconf 88' lang='lat' dir='ltr'><strong>hodie</strong></span> <span class='ocrx_word' id='word_1_276' title='bbox 1296 2114 1452 2170; x_wconf 90' lang='lat' dir='ltr'><strong>video</strong></span> <span class='ocrx_word' id='word_1_277' title='bbox 1479 2115 1790 2183; x_wconf 84' lang='lat' dir='ltr'><strong>nonnullos,</strong></span> <span class='ocrx_word' id='word_1_278' title='bbox 1815 2115 1908 2186; x_wconf 89' lang='lat' dir='ltr'><strong>qui</strong></span> 
     </span>
    </p>
   </div>
   <div class='ocr_carea' id='block_1_39' title="bbox 341 2202 1905 2274">
    <p class='ocr_par' dir='ltr' id='par_1_39' title="bbox 341 2202 1905 2274">
     <span class='ocr_line' id='line_1_39' title="bbox 341 2202 1905 2274; baseline 0.005 -19"><span class='ocrx_word' id='word_1_279' title='bbox 341 2211 523 2256; x_wconf 87' lang='lat' dir='ltr'><strong>vetera</strong></span> <span class='ocrx_word' id='word_1_280' title='bbox 554 2202 801 2273; x_wconf 67' lang='lat' dir='ltr'><strong>quaedam</strong></span> <span class='ocrx_word' id='word_1_281' title='bbox 845 2217 1194 2260; x_wconf 89' lang='lat' dir='ltr'><strong>monumenta</strong></span> <span class='ocrx_word' id='word_1_282' title='bbox 1218 2221 1248 2260; x_wconf 91' lang='lat' dir='ltr'><strong>a</strong></span> <span class='ocrx_word' id='word_1_283' title='bbox 1276 2221 1335 2262; x_wconf 93' lang='lat' dir='ltr'><strong>se</strong></span> <span class='ocrx_word' id='word_1_284' title='bbox 1364 2206 1529 2274; x_wconf 88' lang='lat' dir='ltr'><strong>edita,</strong></span> <span class='ocrx_word' id='word_1_285' title='bbox 1575 2209 1905 2264; x_wconf 87' lang='lat' dir='ltr'><strong>continentia</strong></span> 
     </span>
    </p>
   </div>
   <div class='ocr_carea' id='block_1_40' title="bbox 343 2293 1908 2372">
    <p class='ocr_par' dir='ltr' id='par_1_40' title="bbox 343 2293 1908 2372">
     <span class='ocr_line' id='line_1_40' title="bbox 343 2293 1908 2372; baseline 0.004 -23"><span class='ocrx_word' id='word_1_286' title='bbox 343 2310 520 2350; x_wconf 84' lang='lat' dir='ltr'><strong>meras</strong></span> <span class='ocrx_word' id='word_1_287' title='bbox 565 2293 958 2351; x_wconf 89' lang='lat' dir='ltr'><strong>nutricularum</strong></span> <span class='ocrx_word' id='word_1_288' title='bbox 997 2297 1221 2364; x_wconf 84' lang='lat' dir='ltr'><strong>naenias,</strong></span> <span class='ocrx_word' id='word_1_289' title='bbox 1258 2314 1354 2354; x_wconf 92' lang='lat' dir='ltr'><strong>seu</strong></span> <span class='ocrx_word' id='word_1_290' title='bbox 1391 2300 1571 2370; x_wconf 90' lang='lat' dir='ltr'><strong>potius</strong></span> <span class='ocrx_word' id='word_1_291' title='bbox 1603 2301 1788 2372; x_wconf 68' lang='lat' dir='ltr'><strong>aegroti</strong></span> <span class='ocrx_word' id='word_1_292' title='bbox 1813 2315 1908 2355; x_wconf 69' lang='grc' dir='ltr'>νεα-</span> 
     </span>
    </p>
   </div>
   <div class='ocr_carea' id='block_1_41' title="bbox 341 2385 1906 2458">
    <p class='ocr_par' dir='ltr' id='par_1_41' title="bbox 341 2385 1906 2458">
     <span class='ocr_line' id='line_1_41' title="bbox 341 2385 1906 2458; baseline 0.004 -19"><span class='ocrx_word' id='word_1_293' title='bbox 341 2385 475 2441; x_wconf 87' lang='lat' dir='ltr'><strong>teris</strong></span> <span class='ocrx_word' id='word_1_294' title='bbox 515 2387 748 2450; x_wconf 88' lang='lat' dir='ltr'><strong>somnia.</strong></span> <span class='ocrx_word' id='word_1_295' title='bbox 793 2402 914 2458; x_wconf 60' lang='lat' dir='ltr'><strong>quas</strong></span> <span class='ocrx_word' id='word_1_296' title='bbox 942 2387 1009 2442; x_wconf 90' lang='lat' dir='ltr'><strong>ad</strong></span> <span class='ocrx_word' id='word_1_297' title='bbox 1037 2388 1273 2458; x_wconf 84' lang='lat' dir='ltr'><strong>primum</strong></span> <span class='ocrx_word' id='word_1_298' title='bbox 1298 2390 1552 2445; x_wconf 87' lang='lat' dir='ltr'><strong>intuitum</strong></span> <span class='ocrx_word' id='word_1_299' title='bbox 1580 2391 1714 2446; x_wconf 90' lang='lat' dir='ltr'><strong>viris</strong></span> <span class='ocrx_word' id='word_1_300' title='bbox 1735 2391 1906 2446; x_wconf 83' lang='lat' dir='ltr'><strong>doctis</strong></span> 
     </span>
    </p>
   </div>
   <div class='ocr_carea' id='block_1_42' title="bbox 341 2480 1907 2552">
    <p class='ocr_par' dir='ltr' id='par_1_42' title="bbox 341 2480 1907 2552">
     <span class='ocr_line' id='line_1_42' title="bbox 341 2480 1907 2552; baseline 0.004 -23"><span class='ocrx_word' id='word_1_301' title='bbox 341 2491 602 2531; x_wconf 87' lang='lat' dir='ltr'><strong>nauseam</strong></span> <span class='ocrx_word' id='word_1_302' title='bbox 633 2486 884 2533; x_wconf 85' lang='lat' dir='ltr'><strong>moveant</strong></span> <span class='ocrx_word' id='word_1_303' title='bbox 909 2520 924 2547; x_wconf 95' lang='lat'><strong>,</strong></span> <span class='ocrx_word' id='word_1_304' title='bbox 953 2487 1102 2534; x_wconf 89' lang='lat' dir='ltr'><strong>tanta</strong></span> <span class='ocrx_word' id='word_1_305' title='bbox 1130 2480 1298 2535; x_wconf 90' lang='lat' dir='ltr'><strong>animi</strong></span> <span class='ocrx_word' id='word_1_306' title='bbox 1325 2482 1670 2538; x_wconf 89' lang='lat' dir='ltr'><strong>contentione</strong></span> <span class='ocrx_word' id='word_1_307' title='bbox 1693 2482 1907 2552; x_wconf 88' lang='lat' dir='ltr'><strong>(quam—</strong></span> 
     </span>
    </p>
   </div>
   <div class='ocr_carea' id='block_1_43' title="bbox 340 2566 1904 2641">
    <p class='ocr_par' dir='ltr' id='par_1_43' title="bbox 340 2566 1904 2641">
     <span class='ocr_line' id='line_1_43' title="bbox 340 2566 1904 2641; baseline 0.005 -21"><span class='ocrx_word' id='word_1_308' title='bbox 340 2566 425 2621; x_wconf 91' lang='lat' dir='ltr'><strong>vis</strong></span> <span class='ocrx_word' id='word_1_309' title='bbox 477 2568 592 2623; x_wconf 90' lang='lat' dir='ltr'><strong>sine</strong></span> <span class='ocrx_word' id='word_1_310' title='bbox 644 2569 879 2641; x_wconf 87' lang='lat' dir='ltr'><strong>ratione)</strong></span> <span class='ocrx_word' id='word_1_311' title='bbox 921 2568 1209 2626; x_wconf 84' lang='lat' dir='ltr'><strong>defendere</strong></span> <span class='ocrx_word' id='word_1_312' title='bbox 1235 2583 1522 2638; x_wconf 91' lang='lat' dir='ltr'><strong>conantur,</strong></span> <span class='ocrx_word' id='word_1_313' title='bbox 1549 2581 1611 2628; x_wconf 89' lang='lat' dir='ltr'><strong>ut</strong></span> <span class='ocrx_word' id='word_1_314' title='bbox 1648 2574 1815 2629; x_wconf 91' lang='lat' dir='ltr'><strong>velint</strong></span> <span class='ocrx_word' id='word_1_315' title='bbox 1842 2589 1904 2628; x_wconf 90' lang='lat' dir='ltr'><strong>ea</strong></span> 
     </span>
    </p>
   </div>
   <div class='ocr_carea' id='block_1_44' title="bbox 341 2657 1906 2726">
    <p class='ocr_par' dir='ltr' id='par_1_44' title="bbox 341 2657 1906 2726">
     <span class='ocr_line' id='line_1_44' title="bbox 341 2657 1906 2726; baseline 0.005 -14"><span class='ocrx_word' id='word_1_316' title='bbox 341 2657 666 2726; x_wconf 84' lang='lat' dir='ltr'><strong>scriptorum</strong></span> <span class='ocrx_word' id='word_1_317' title='bbox 691 2661 934 2717; x_wconf 89' lang='lat' dir='ltr'><strong>omnium</strong></span> <span class='ocrx_word' id='word_1_318' title='bbox 967 2673 1206 2720; x_wconf 89' lang='lat' dir='ltr'><strong>veterum</strong></span> <span class='ocrx_word' id='word_1_319' title='bbox 1235 2680 1300 2720; x_wconf 90' lang='lat' dir='ltr'><strong>ac</strong></span> <span class='ocrx_word' id='word_1_320' title='bbox 1327 2665 1690 2720; x_wconf 84' lang='lat' dir='ltr'><strong>recentiorum</strong></span> <span class='ocrx_word' id='word_1_321' title='bbox 1719 2675 1906 2720; x_wconf 84' lang='lat' dir='ltr'><strong>aucto—</strong></span> 
     </span>
    </p>
   </div>
   <div class='ocr_carea' id='block_1_45' title="bbox 339 2748 1902 2826">
    <p class='ocr_par' dir='ltr' id='par_1_45' title="bbox 339 2748 1902 2826">
     <span class='ocr_line' id='line_1_45' title="bbox 339 2748 1902 2826; baseline 0.007 -25"><span class='ocrx_word' id='word_1_322' title='bbox 339 2748 486 2802; x_wconf 83' lang='lat' dir='ltr'><strong>ritati</strong></span> <span class='ocrx_word' id='word_1_323' title='bbox 532 2748 794 2819; x_wconf 65' lang='lat' dir='ltr'><strong>praaferri.</strong></span> <span class='ocrx_word' id='word_1_324' title='bbox 825 2750 936 2808; x_wconf 88' lang='lat' dir='ltr'><strong>Nec</strong></span> <span class='ocrx_word' id='word_1_325' title='bbox 981 2753 1036 2809; x_wconf 89' lang='lat' dir='ltr'><strong>id</strong></span> <span class='ocrx_word' id='word_1_326' title='bbox 1080 2771 1300 2810; x_wconf 86' lang='lat' dir='ltr'><strong>movere</strong></span> <span class='ocrx_word' id='word_1_327' title='bbox 1345 2771 1674 2826; x_wconf 88' lang='lat' dir='ltr'><strong>quemquam</strong></span> <span class='ocrx_word' id='word_1_328' title='bbox 1724 2755 1902 2823; x_wconf 86' lang='lat' dir='ltr'><strong>debet,</strong></span> 
     </span>
    </p>
   </div>
   <div class='ocr_carea' id='block_1_46' title="bbox 340 2838 1902 2918">
    <p class='ocr_par' dir='ltr' id='par_1_46' title="bbox 340 2838 1902 2918">
     <span class='ocr_line' id='line_1_46' title="bbox 340 2838 1902 2918; baseline 0.006 -26"><span class='ocrx_word' id='word_1_329' title='bbox 340 2840 486 2908; x_wconf 90' lang='lat' dir='ltr'><strong>quod</strong></span> <span class='ocrx_word' id='word_1_330' title='bbox 542 2838 794 2898; x_wconf 85' lang='lat' dir='ltr'><strong>Clemens</strong></span> <span class='ocrx_word' id='word_1_331' title='bbox 844 2843 1282 2914; x_wconf 83' lang='lat' dir='ltr'><strong>Alexandrinus,</strong></span> <span class='ocrx_word' id='word_1_332' title='bbox 1327 2854 1382 2901; x_wconf 86' lang='lat' dir='ltr'><strong>et</strong></span> <span class='ocrx_word' id='word_1_333' title='bbox 1437 2844 1726 2918; x_wconf 86' lang='lat' dir='ltr'><strong>Origenes,</strong></span> <span class='ocrx_word' id='word_1_334' title='bbox 1777 2862 1902 2902; x_wconf 91' lang='lat' dir='ltr'><strong>cum</strong></span> 
     </span>
    </p>
   </div>
   <div class='ocr_carea' id='block_1_47' title="bbox 339 2930 1900 3010">
    <p class='ocr_par' dir='ltr' id='par_1_47' title="bbox 339 2930 1900 3010">
     <span class='ocr_line' id='line_1_47' title="bbox 339 2930 1900 3010; baseline 0.006 -27"><span class='ocrx_word' id='word_1_335' title='bbox 339 2930 480 2985; x_wconf 85' lang='lat' dir='ltr'><strong>banc</strong></span> <span class='ocrx_word' id='word_1_336' title='bbox 519 2931 684 2987; x_wconf 88' lang='lat' dir='ltr'><strong>citant</strong></span> <span class='ocrx_word' id='word_1_337' title='bbox 713 2932 1020 3004; x_wconf 84' lang='lat' dir='ltr'><strong>epistolam,</strong></span> <span class='ocrx_word' id='word_1_338' title='bbox 1060 2953 1337 3008; x_wconf 88' lang='lat' dir='ltr'><strong>nunquam</strong></span> <span class='ocrx_word' id='word_1_339' title='bbox 1389 2954 1507 2994; x_wconf 91' lang='lat' dir='ltr'><strong>eam</strong></span> <span class='ocrx_word' id='word_1_340' title='bbox 1539 2938 1900 3010; x_wconf 89' lang='lat' dir='ltr'><strong>apocrypham</strong></span> 
     </span>
    </p>
   </div>
   <div class='ocr_carea' id='block_1_48' title="bbox 336 3022 1898 3099">
    <p class='ocr_par' dir='ltr' id='par_1_48' title="bbox 336 3022 1898 3099">
     <span class='ocr_line' id='line_1_48' title="bbox 336 3022 1898 3099; baseline 0.007 -23"><span class='ocrx_word' id='word_1_341' title='bbox 336 3035 457 3078; x_wconf 89' lang='lat' dir='ltr'><strong>esse</strong></span> <span class='ocrx_word' id='word_1_342' title='bbox 503 3022 759 3079; x_wconf 81' lang='lat' dir='ltr'><strong>dixerint.</strong></span> <span class='ocrx_word' id='word_1_343' title='bbox 810 3024 1089 3096; x_wconf 89' lang='lat' dir='ltr'><strong>Siquidem</strong></span> <span class='ocrx_word' id='word_1_344' title='bbox 1131 3030 1399 3099; x_wconf 87' lang='lat' dir='ltr'><strong>ejusmodi</strong></span> <span class='ocrx_word' id='word_1_345' title='bbox 1449 3040 1699 3087; x_wconf 88' lang='lat' dir='ltr'><strong>auctores</strong></span> <span class='ocrx_word' id='word_1_346' title='bbox 1757 3047 1898 3098; x_wconf 67' lang='lat' dir='ltr'><strong>stepe</strong></span> 
     </span>
    </p>
   </div>
   <div class='ocr_carea' id='block_1_49' title="bbox 337 3118 1896 3190">
    <p class='ocr_par' dir='ltr' id='par_1_49' title="bbox 337 3118 1896 3190">
     <span class='ocr_line' id='line_1_49' title="bbox 337 3118 1896 3190; baseline 0.01 -26"><span class='ocrx_word' id='word_1_347' title='bbox 337 3121 563 3167; x_wconf 88' lang='lat' dir='ltr'><strong>utuntur</strong></span> <span class='ocrx_word' id='word_1_348' title='bbox 614 3118 937 3188; x_wconf 84' lang='lat' dir='ltr'><strong>apocrypbis</strong></span> <span class='ocrx_word' id='word_1_349' title='bbox 993 3138 1007 3174; x_wconf 78' lang='grc' dir='ltr'>ε</span> <span class='ocrx_word' id='word_1_350' title='bbox 1065 3128 1124 3174; x_wconf 91' lang='lat' dir='ltr'><strong>ut</strong></span> <span class='ocrx_word' id='word_1_351' title='bbox 1180 3121 1320 3176; x_wconf 84' lang='lat' dir='ltr'><strong>libro</strong></span> <span class='ocrx_word' id='word_1_352' title='bbox 1374 3123 1580 3190; x_wconf 86' lang='lat' dir='ltr'><strong>Enoch,</strong></span> <span class='ocrx_word' id='word_1_353' title='bbox 1630 3122 1896 3190; x_wconf 87' lang='lat' dir='ltr'><strong>Pastoris,</strong></span> 
     </span>
    </p>
   </div>
   <div class='ocr_carea' id='block_1_50' title="bbox 334 3200 1900 3284">
    <p class='ocr_par' dir='ltr' id='par_1_50' title="bbox 334 3200 1900 3284">
     <span class='ocr_line' id='line_1_50' title="bbox 334 3200 1900 3284; baseline 0.01 -30"><span class='ocrx_word' id='word_1_354' title='bbox 334 3200 572 3257; x_wconf 64' lang='lat' dir='ltr'><strong>Matthiae</strong></span> <span class='ocrx_word' id='word_1_355' title='bbox 593 3203 964 3262; x_wconf 90' lang='lat' dir='ltr'><strong>Traditionum</strong></span> <span class='ocrx_word' id='word_1_356' title='bbox 991 3209 1147 3276; x_wconf 88' lang='lat' dir='ltr'><strong>libro,</strong></span> <span class='ocrx_word' id='word_1_357' title='bbox 1170 3207 1313 3266; x_wconf 88' lang='lat' dir='ltr'><strong>Petri</strong></span> <span class='ocrx_word' id='word_1_358' title='bbox 1341 3211 1694 3284; x_wconf 88' lang='lat' dir='ltr'><strong>Apocalypsi,</strong></span> <span class='ocrx_word' id='word_1_359' title='bbox 1724 3213 1900 3270; x_wconf 82' lang='lat' dir='ltr'><strong>Evan-</strong></span> 
     </span>
    </p>
   </div>
   <div class='ocr_carea' id='block_1_51' title="bbox 335 3294 1898 3367">
    <p class='ocr_par' dir='ltr' id='par_1_51' title="bbox 335 3294 1898 3367">
     <span class='ocr_line' id='line_1_51' title="bbox 335 3294 1898 3367; baseline 0.01 -20"><span class='ocrx_word' id='word_1_360' title='bbox 335 3294 475 3362; x_wconf 89' lang='lat' dir='ltr'><strong>gelio</strong></span> <span class='ocrx_word' id='word_1_361' title='bbox 499 3294 902 3367; x_wconf 70' lang='lat' dir='ltr'><strong>IEgyptiorum,</strong></span> <span class='ocrx_word' id='word_1_362' title='bbox 930 3309 984 3355; x_wconf 92' lang='lat' dir='ltr'><strong>et</strong></span> <span class='ocrx_word' id='word_1_363' title='bbox 1014 3301 1303 3359; x_wconf 85' lang='lat' dir='ltr'><strong>similibus.</strong></span> <span class='ocrx_word' id='word_1_364' title='bbox 1343 3301 1518 3358; x_wconf 92' lang='lat' dir='ltr'><strong>Unum</strong></span> <span class='ocrx_word' id='word_1_365' title='bbox 1558 3313 1739 3361; x_wconf 88' lang='lat' dir='ltr'><strong>tamen</strong></span> <span class='ocrx_word' id='word_1_366' title='bbox 1777 3322 1898 3364; x_wconf 84' lang='lat' dir='ltr'><strong>cer-</strong></span> 
     </span>
    </p>
   </div>
   <div class='ocr_carea' id='block_1_52' title="bbox 334 3388 1899 3464">
    <p class='ocr_par' dir='ltr' id='par_1_52' title="bbox 334 3388 1899 3464">
     <span class='ocr_line' id='line_1_52' title="bbox 334 3388 1899 3464; baseline 0.008 -24"><span class='ocrx_word' id='word_1_367' title='bbox 334 3395 447 3440; x_wconf 89' lang='lat' dir='ltr'><strong>tum</strong></span> <span class='ocrx_word' id='word_1_368' title='bbox 477 3396 580 3454; x_wconf 88' lang='lat' dir='ltr'><strong>est,</strong></span> <span class='ocrx_word' id='word_1_369' title='bbox 617 3388 759 3444; x_wconf 90' lang='lat' dir='ltr'><strong>hanc</strong></span> <span class='ocrx_word' id='word_1_370' title='bbox 787 3391 1093 3460; x_wconf 90' lang='lat' dir='ltr'><strong>epistolam,</strong></span> <span class='ocrx_word' id='word_1_371' title='bbox 1141 3409 1262 3464; x_wconf 71' lang='lat' dir='ltr'><strong>qua:</strong></span> <span class='ocrx_word' id='word_1_372' title='bbox 1305 3395 1465 3450; x_wconf 92' lang='lat' dir='ltr'><strong>modo</strong></span> <span class='ocrx_word' id='word_1_373' title='bbox 1502 3411 1533 3450; x_wconf 87' lang='lat' dir='ltr'><strong>a</strong></span> <span class='ocrx_word' id='word_1_374' title='bbox 1577 3396 1736 3452; x_wconf 86' lang='lat' dir='ltr'><strong>nobis</strong></span> <span class='ocrx_word' id='word_1_375' title='bbox 1766 3399 1899 3464; x_wconf 89' lang='lat' dir='ltr'><strong>exit,</strong></span> 
     </span>
    </p>
   </div>
   <div class='ocr_carea' id='block_1_53' title="bbox 334 3481 1899 3555">
    <p class='ocr_par' dir='ltr' id='par_1_53' title="bbox 334 3481 1899 3555">
     <span class='ocr_line' id='line_1_53' title="bbox 334 3481 1899 3555; baseline 0.01 -27"><span class='ocrx_word' id='word_1_376' title='bbox 334 3488 453 3528; x_wconf 91' lang='lat' dir='ltr'><strong>eam</strong></span> <span class='ocrx_word' id='word_1_377' title='bbox 502 3490 622 3531; x_wconf 90' lang='lat' dir='ltr'><strong>esse</strong></span> <span class='ocrx_word' id='word_1_378' title='bbox 679 3493 842 3547; x_wconf 89' lang='lat' dir='ltr'><strong>quam</strong></span> <span class='ocrx_word' id='word_1_379' title='bbox 904 3491 1128 3537; x_wconf 88' lang='lat' dir='ltr'><strong>sanctus</strong></span> <span class='ocrx_word' id='word_1_380' title='bbox 1187 3481 1591 3555; x_wconf 81' lang='lat' dir='ltr'><strong>Hieronymus,</strong></span> <span class='ocrx_word' id='word_1_381' title='bbox 1647 3487 1899 3544; x_wconf 87' lang='lat' dir='ltr'><strong>Clemens</strong></span> 
     </span>
    </p>
   </div>
   <div class='ocr_carea' id='block_1_54' title="bbox 334 3566 1898 3647">
    <p class='ocr_par' dir='ltr' id='par_1_54' title="bbox 334 3566 1898 3647">
     <span class='ocr_line' id='line_1_54' title="bbox 334 3566 1898 3647; baseline 0.011 -27"><span class='ocrx_word' id='word_1_382' title='bbox 334 3566 754 3636; x_wconf 81' lang='lat' dir='ltr'><strong>Alexandrinus,</strong></span> <span class='ocrx_word' id='word_1_383' title='bbox 795 3582 849 3627; x_wconf 92' lang='lat' dir='ltr'><strong>et</strong></span> <span class='ocrx_word' id='word_1_384' title='bbox 877 3571 1138 3645; x_wconf 88' lang='lat' dir='ltr'><strong>Origenes</strong></span> <span class='ocrx_word' id='word_1_385' title='bbox 1190 3577 1317 3631; x_wconf 93' lang='lat' dir='ltr'><strong>olim</strong></span> <span class='ocrx_word' id='word_1_386' title='bbox 1350 3593 1460 3647; x_wconf 68' lang='lat' dir='ltr'><strong>pra:</strong></span> <span class='ocrx_word' id='word_1_387' title='bbox 1504 3579 1755 3636; x_wconf 89' lang='lat' dir='ltr'><strong>manibus</strong></span> <span class='ocrx_word' id='word_1_388' title='bbox 1800 3581 1898 3636; x_wconf 89' lang='lat' dir='ltr'><strong>ba-</strong></span> 
     </span>
    </p>
   </div>
   <div class='ocr_carea' id='block_1_55' title="bbox 335 3655 1895 3737">
    <p class='ocr_par' dir='ltr' id='par_1_55' title="bbox 335 3655 1895 3737">
     <span class='ocr_line' id='line_1_55' title="bbox 335 3655 1895 3737; baseline 0.01 -27"><span class='ocrx_word' id='word_1_389' title='bbox 335 3655 606 3726; x_wconf 88' lang='lat' dir='ltr'><strong>huerunt;</strong></span> <span class='ocrx_word' id='word_1_390' title='bbox 640 3675 764 3714; x_wconf 89' lang='lat' dir='ltr'><strong>cum</strong></span> <span class='ocrx_word' id='word_1_391' title='bbox 803 3677 993 3719; x_wconf 88' lang='lat' dir='ltr'><strong>omnes</strong></span> <span class='ocrx_word' id='word_1_392' title='bbox 1029 3665 1178 3721; x_wconf 90' lang='lat' dir='ltr'><strong>locos</strong></span> <span class='ocrx_word' id='word_1_393' title='bbox 1223 3667 1292 3721; x_wconf 92' lang='lat' dir='ltr'><strong>ab</strong></span> <span class='ocrx_word' id='word_1_394' title='bbox 1319 3667 1424 3723; x_wconf 89' lang='lat' dir='ltr'><strong>illis</strong></span> <span class='ocrx_word' id='word_1_395' title='bbox 1467 3684 1534 3723; x_wconf 89' lang='lat' dir='ltr'><strong>ex</strong></span> <span class='ocrx_word' id='word_1_396' title='bbox 1573 3684 1637 3724; x_wconf 89' lang='lat' dir='ltr'><strong>ea</strong></span> <span class='ocrx_word' id='word_1_397' title='bbox 1681 3671 1895 3737; x_wconf 90' lang='lat' dir='ltr'><strong>citatos,</strong></span> 
     </span>
    </p>
   </div>
   <div class='ocr_carea' id='block_1_56' title="bbox 336 3747 1897 3828">
    <p class='ocr_par' dir='ltr' id='par_1_56' title="bbox 336 3747 1897 3828">
     <span class='ocr_line' id='line_1_56' title="bbox 336 3747 1897 3828; baseline 0.01 -27"><span class='ocrx_word' id='word_1_398' title='bbox 336 3747 393 3802; x_wconf 92' lang='lat' dir='ltr'><strong>in</strong></span> <span class='ocrx_word' id='word_1_399' title='bbox 421 3749 522 3804; x_wconf 88' lang='lat' dir='ltr'><strong>hac</strong></span> <span class='ocrx_word' id='word_1_400' title='bbox 545 3765 708 3820; x_wconf 89' lang='lat' dir='ltr'><strong>quam</strong></span> <span class='ocrx_word' id='word_1_401' title='bbox 732 3751 966 3821; x_wconf 88' lang='lat' dir='ltr'><strong>edimus,</strong></span> <span class='ocrx_word' id='word_1_402' title='bbox 990 3757 1238 3827; x_wconf 80' lang='lat' dir='ltr'><strong>epistola,</strong></span> <span class='ocrx_word' id='word_1_403' title='bbox 1264 3760 1501 3828; x_wconf 88' lang='lat' dir='ltr'><strong>reperire</strong></span> <span class='ocrx_word' id='word_1_404' title='bbox 1529 3760 1706 3817; x_wconf 90' lang='lat' dir='ltr'><strong>liceat.</strong></span> <span class='ocrx_word' id='word_1_405' title='bbox 1730 3761 1796 3815; x_wconf 88' lang='lat' dir='ltr'><strong>Et</strong></span> <span class='ocrx_word' id='word_1_406' title='bbox 1827 3774 1897 3816; x_wconf 85' lang='lat' dir='ltr'><strong>ex</strong></span> 
     </span>
    </p>
   </div>
   <div class='ocr_carea' id='block_1_57' title="bbox 336 3840 1894 3909">
    <p class='ocr_par' dir='ltr' id='par_1_57' title="bbox 336 3840 1894 3909">
     <span class='ocr_line' id='line_1_57' title="bbox 336 3840 1894 3909; baseline 0.011 -17"><span class='ocrx_word' id='word_1_407' title='bbox 336 3840 542 3895; x_wconf 89' lang='lat' dir='ltr'><strong>nostris</strong></span> <span class='ocrx_word' id='word_1_408' title='bbox 594 3843 1063 3903; x_wconf 83' lang='lat' dir='ltr'><strong>observationibus</strong></span> <span class='ocrx_word' id='word_1_409' title='bbox 1109 3848 1456 3905; x_wconf 84' lang='lat' dir='ltr'><strong>manifestum</strong></span> <span class='ocrx_word' id='word_1_410' title='bbox 1487 3853 1590 3906; x_wconf 89' lang='lat' dir='ltr'><strong>erit</strong></span> <span class='ocrx_word' id='word_1_411' title='bbox 1621 3872 1634 3908; x_wconf 93' lang='lat'><strong>:</strong></span> <span class='ocrx_word' id='word_1_412' title='bbox 1664 3869 1774 3908; x_wconf 90' lang='lat' dir='ltr'><strong>uno</strong></span> <span class='ocrx_word' id='word_1_413' title='bbox 1796 3870 1894 3909; x_wconf 79' lang='lat' dir='ltr'><strong>ex-</strong></span> 
     </span>
    </p>
   </div>
   <div class='ocr_carea' id='block_1_58' title="bbox 335 3933 1889 4010">
    <p class='ocr_par' dir='ltr' id='par_1_58' title="bbox 335 3933 1889 4010">
     <span class='ocr_line' id='line_1_58' title="bbox 335 3933 1889 4010; baseline 0.01 -26"><span class='ocrx_word' id='word_1_414' title='bbox 335 3940 510 3999; x_wconf 84' lang='lat' dir='ltr'><strong>cepto,</strong></span> <span class='ocrx_word' id='word_1_415' title='bbox 557 3933 650 4002; x_wconf 90' lang='lat' dir='ltr'><strong>qui</strong></span> <span class='ocrx_word' id='word_1_416' title='bbox 692 3935 966 4005; x_wconf 89' lang='lat' dir='ltr'><strong>profertur</strong></span> <span class='ocrx_word' id='word_1_417' title='bbox 998 3953 1028 3992; x_wconf 91' lang='lat' dir='ltr'><strong>a</strong></span> <span class='ocrx_word' id='word_1_418' title='bbox 1071 3938 1345 3995; x_wconf 85' lang='lat' dir='ltr'><strong>Clemente</strong></span> <span class='ocrx_word' id='word_1_419' title='bbox 1386 3941 1772 4010; x_wconf 84' lang='lat' dir='ltr'><strong>Alexandrino,</strong></span> <span class='ocrx_word' id='word_1_420' title='bbox 1795 3945 1889 3999; x_wconf 88' lang='lat' dir='ltr'><strong>lib.</strong></span> 
     </span>
    </p>
   </div>
   <div class='ocr_carea' id='block_1_59' title="bbox 335 4020 1895 4100">
    <p class='ocr_par' dir='ltr' id='par_1_59' title="bbox 335 4020 1895 4100">
     <span class='ocr_line' id='line_1_59' title="bbox 335 4020 1895 4100; baseline 0.01 -25"><span class='ocrx_word' id='word_1_421' title='bbox 335 4037 390 4076; x_wconf 87' lang='lat' dir='ltr'><strong>vt</strong></span> <span class='ocrx_word' id='word_1_422' title='bbox 423 4020 770 4093; x_wconf 86' lang='lat' dir='ltr'><strong>Stromatum,</strong></span> <span class='ocrx_word' id='word_1_423' title='bbox 815 4043 936 4083; x_wconf 91' lang='lat' dir='ltr'><strong>cum</strong></span> <span class='ocrx_word' id='word_1_424' title='bbox 972 4045 1250 4100; x_wconf 80' lang='lat' dir='ltr'><strong>exponens</strong></span> <span class='ocrx_word' id='word_1_425' title='bbox 1301 4033 1445 4087; x_wconf 88' lang='lat' dir='ltr'><strong>hunc</strong></span> <span class='ocrx_word' id='word_1_426' title='bbox 1485 4033 1786 4090; x_wconf 73' lang='lat' dir='ltr'><strong>Psalmistae</strong></span> <span class='ocrx_word' id='word_1_427' title='bbox 1814 4037 1895 4091; x_wconf 92' lang='lat' dir='ltr'><strong>lo-</strong></span> 
     </span>
    </p>
   </div>
   <div class='ocr_carea' id='block_1_60' title="bbox 335 4114 1891 4196">
    <p class='ocr_par' dir='ltr' id='par_1_60' title="bbox 335 4114 1891 4196">
     <span class='ocr_line' id='line_1_60' title="bbox 335 4114 1891 4196; baseline 0.008 -28"><span class='ocrx_word' id='word_1_428' title='bbox 335 4129 460 4168; x_wconf 78' lang='lat' dir='ltr'><strong>cum</strong></span> <span class='ocrx_word' id='word_1_429' title='bbox 493 4133 506 4170; x_wconf 91' lang='lat'><strong>:</strong></span> <span class='ocrx_word' id='word_1_430' title='bbox 537 4114 667 4170; x_wconf 68' lang='lat' dir='ltr'><strong>Haec</strong></span> <span class='ocrx_word' id='word_1_431' title='bbox 696 4129 850 4187; x_wconf 89' lang='lat' dir='ltr'><strong>porta</strong></span> <span class='ocrx_word' id='word_1_432' title='bbox 892 4119 1128 4186; x_wconf 88' lang='lat' dir='ltr'><strong>Domini,</strong></span> <span class='ocrx_word' id='word_1_433' title='bbox 1152 4123 1288 4192; x_wconf 89' lang='lat' dir='ltr'><strong>justi</strong></span> <span class='ocrx_word' id='word_1_434' title='bbox 1324 4124 1602 4180; x_wconf 87' lang='lat' dir='ltr'><strong>intrabunt</strong></span> <span class='ocrx_word' id='word_1_435' title='bbox 1637 4143 1728 4196; x_wconf 84' lang='lat' dir='ltr'><strong>per</strong></span> <span class='ocrx_word' id='word_1_436' title='bbox 1755 4143 1891 4194; x_wconf 80' lang='lat' dir='ltr'><strong>eam,</strong></span> 
     </span>
    </p>
   </div>
   <div class='ocr_carea' id='block_1_61' title="bbox 336 4207 1894 4290">
    <p class='ocr_par' dir='ltr' id='par_1_61' title="bbox 336 4207 1894 4290">
     <span class='ocr_line' id='line_1_61' title="bbox 336 4207 1894 4290; baseline 0.007 -28"><span class='ocrx_word' id='word_1_437' title='bbox 336 4209 415 4262; x_wconf 87' lang='lat' dir='ltr'><strong>sic</strong></span> <span class='ocrx_word' id='word_1_438' title='bbox 434 4208 540 4263; x_wconf 86' lang='lat' dir='ltr'><strong>ait:</strong></span> <span class='ocrx_word' id='word_1_439' title='bbox 573 4207 957 4281; x_wconf 81' lang='grc' dir='ltr'>Ἐξηγούμενος</span> <span class='ocrx_word' id='word_1_440' title='bbox 975 4213 1036 4267; x_wconf 81' lang='grc' dir='ltr'><strong>τὸ</strong></span> <span class='ocrx_word' id='word_1_441' title='bbox 1058 4215 1217 4284; x_wconf 77' lang='grc' dir='ltr'>ῥητὸν</span> <span class='ocrx_word' id='word_1_442' title='bbox 1239 4215 1331 4268; x_wconf 82' lang='grc' dir='ltr'><strong>τοῦ</strong></span> <span class='ocrx_word' id='word_1_443' title='bbox 1353 4216 1658 4287; x_wconf 79' lang='grc' dir='ltr'>Προφήτου,</span> <span class='ocrx_word' id='word_1_444' title='bbox 1684 4219 1894 4290; x_wconf 86' lang='grc' dir='ltr'>Βαρνά-</span> 
     </span>
    </p>
   </div>
   <div class='ocr_carea' id='block_1_62' title="bbox 333 4300 1890 4383">
    <p class='ocr_par' dir='ltr' id='par_1_62' title="bbox 333 4300 1890 4383">
     <span class='ocr_line' id='line_1_62' title="bbox 333 4300 1890 4383; baseline 0.008 -30"><span class='ocrx_word' id='word_1_445' title='bbox 333 4300 431 4364; x_wconf 81' lang='grc' dir='ltr'>ϐας</span> <span class='ocrx_word' id='word_1_446' title='bbox 449 4302 712 4373; x_wconf 71' lang='grc' dir='ltr'>ἐπιφέρει·</span> <span class='ocrx_word' id='word_1_447' title='bbox 732 4304 945 4357; x_wconf 84' lang='grc' dir='ltr'><strong>Πολλῶν</strong></span> <span class='ocrx_word' id='word_1_448' title='bbox 959 4306 1139 4360; x_wconf 86' lang='grc' dir='ltr'>πυλῶν</span> <span class='ocrx_word' id='word_1_449' title='bbox 1162 4307 1488 4378; x_wconf 84' lang='grc' dir='ltr'>ἁνεῳγυιῶν,</span> <span class='ocrx_word' id='word_1_450' title='bbox 1508 4311 1540 4381; x_wconf 73' lang='grc' dir='ltr'>ἡ</span> <span class='ocrx_word' id='word_1_451' title='bbox 1560 4309 1890 4383; x_wconf 80' lang='grc' dir='ltr'>δικαιοσύνη,</span> 
     </span>
    </p>
   </div>
   <div class='ocr_carea' id='block_1_63' title="bbox 2010 1840 3568 1914">
    <p class='ocr_par' dir='ltr' id='par_1_63' title="bbox 2010 1840 3568 1914">
     <span class='ocr_line' id='line_1_63' title="bbox 2010 1840 3568 1914; baseline 0.007 -22"><span class='ocrx_word' id='word_1_452' title='bbox 2010 1841 2174 1908; x_wconf 84' lang='grc' dir='ltr'>σοφὸς</span> <span class='ocrx_word' id='word_1_453' title='bbox 2220 1842 2276 1896; x_wconf 82' lang='grc' dir='ltr'>ὲν</span> <span class='ocrx_word' id='word_1_454' title='bbox 2308 1840 2577 1912; x_wconf 82' lang='grc' dir='ltr'>διακρίσει</span> <span class='ocrx_word' id='word_1_455' title='bbox 2615 1841 2808 1912; x_wconf 86' lang='grc' dir='ltr'>λόγων,</span> <span class='ocrx_word' id='word_1_456' title='bbox 2842 1842 2957 1912; x_wconf 69' lang='grc' dir='ltr'>ἤτω</span> <span class='ocrx_word' id='word_1_457' title='bbox 2993 1841 3190 1914; x_wconf 80' lang='grc' dir='ltr'>γοργὸς</span> <span class='ocrx_word' id='word_1_458' title='bbox 3217 1842 3274 1894; x_wconf 86' lang='grc' dir='ltr'>ὲν</span> <span class='ocrx_word' id='word_1_459' title='bbox 3302 1841 3499 1912; x_wconf 79' lang='grc' dir='ltr'>ἔργοις·</span> <span class='ocrx_word' id='word_1_460' title='bbox 3549 1857 3568 1888; x_wconf 76' lang='grc'><strong><em>³</em></strong></span> 
     </span>
    </p>
   </div>
   <div class='ocr_carea' id='block_1_64' title="bbox 2007 1924 3571 1998">
    <p class='ocr_par' dir='ltr' id='par_1_64' title="bbox 2007 1924 3571 1998">
     <span class='ocr_line' id='line_1_64' title="bbox 2007 1924 3571 1998; baseline 0.003 -20"><span class='ocrx_word' id='word_1_461' title='bbox 2007 1924 2062 1980; x_wconf 90' lang='lat' dir='ltr'><strong>ld</strong></span> <span class='ocrx_word' id='word_1_462' title='bbox 2088 1926 2340 1982; x_wconf 78' lang='lat' dir='ltr'><strong>estzlam</strong></span> <span class='ocrx_word' id='word_1_463' title='bbox 2380 1927 2615 1984; x_wconf 88' lang='lat' dir='ltr'><strong>Clemens</strong></span> <span class='ocrx_word' id='word_1_464' title='bbox 2659 1930 2714 1982; x_wconf 89' lang='lat' dir='ltr'><strong>in</strong></span> <span class='ocrx_word' id='word_1_465' title='bbox 2743 1928 2986 1998; x_wconf 84' lang='lat' dir='ltr'><strong>Epistola</strong></span> <span class='ocrx_word' id='word_1_466' title='bbox 3036 1930 3105 1984; x_wconf 87' lang='lat' dir='ltr'><strong>ad</strong></span> <span class='ocrx_word' id='word_1_467' title='bbox 3158 1928 3458 1984; x_wconf 83' lang='lat' dir='ltr'><strong>Corinthios</strong></span> <span class='ocrx_word' id='word_1_468' title='bbox 3490 1927 3571 1982; x_wconf 85' lang='lat' dir='ltr'><strong>his</strong></span> 
     </span>
    </p>
   </div>
   <div class='ocr_carea' id='block_1_65' title="bbox 2005 2017 3573 2090">
    <p class='ocr_par' dir='ltr' id='par_1_65' title="bbox 2005 2017 3573 2090">
     <span class='ocr_line' id='line_1_65' title="bbox 2005 2017 3573 2090; baseline 0.001 -19"><span class='ocrx_word' id='word_1_469' title='bbox 2005 2017 2172 2072; x_wconf 81' lang='lat' dir='ltr'><strong>verbis</strong></span> <span class='ocrx_word' id='word_1_470' title='bbox 2235 2019 2433 2089; x_wconf 86' lang='lat' dir='ltr'><strong>inquit,</strong></span> <span class='ocrx_word' id='word_1_471' title='bbox 2463 2035 2722 2089; x_wconf 79' lang='lat' dir='ltr'><strong>exponens</strong></span> <span class='ocrx_word' id='word_1_472' title='bbox 2743 2019 3098 2089; x_wconf 64' lang='lat' dir='ltr'><strong>differentiam</strong></span> <span class='ocrx_word' id='word_1_473' title='bbox 3133 2035 3313 2074; x_wconf 88' lang='lat' dir='ltr'><strong>eorum</strong></span> <span class='ocrx_word' id='word_1_474' title='bbox 3337 2019 3428 2090; x_wconf 85' lang='lat' dir='ltr'><strong>qui</strong></span> <span class='ocrx_word' id='word_1_475' title='bbox 3447 2028 3573 2072; x_wconf 90' lang='lat' dir='ltr'><strong>sunt</strong></span> 
     </span>
    </p>
   </div>
   <div class='ocr_carea' id='block_1_66' title="bbox 2005 2109 3572 2182">
    <p class='ocr_par' dir='ltr' id='par_1_66' title="bbox 2005 2109 3572 2182">
     <span class='ocr_line' id='line_1_66' title="bbox 2005 2109 3572 2182; baseline -0.001 -19"><span class='ocrx_word' id='word_1_476' title='bbox 2005 2109 2213 2177; x_wconf 79' lang='lat' dir='ltr'><strong>probati</strong></span> <span class='ocrx_word' id='word_1_477' title='bbox 2240 2111 2296 2164; x_wconf 89' lang='lat' dir='ltr'><strong>in</strong></span> <span class='ocrx_word' id='word_1_478' title='bbox 2310 2109 2549 2165; x_wconf 76' lang='lat' dir='ltr'><strong>Ecclesia</strong></span> <span class='ocrx_word' id='word_1_479' title='bbox 2579 2130 2596 2165; x_wconf 89' lang='lat'><strong><em>:</em></strong></span> <span class='ocrx_word' id='word_1_480' title='bbox 2619 2130 2637 2164; x_wconf 76' lang='grc' dir='ltr'><strong>ι</strong></span> <span class='ocrx_word' id='word_1_481' title='bbox 2660 2109 2745 2167; x_wconf 86' lang='lat' dir='ltr'><strong>Sit</strong></span> <span class='ocrx_word' id='word_1_482' title='bbox 2768 2111 2960 2182; x_wconf 80' lang='lat' dir='ltr'><strong>aliquis</strong></span> <span class='ocrx_word' id='word_1_483' title='bbox 2989 2111 3184 2182; x_wconf 71' lang='lat' dir='ltr'><strong>fidelis,</strong></span> <span class='ocrx_word' id='word_1_484' title='bbox 3213 2113 3281 2165; x_wconf 88' lang='lat' dir='ltr'><strong>sit</strong></span> <span class='ocrx_word' id='word_1_485' title='bbox 3309 2119 3488 2182; x_wconf 88' lang='lat' dir='ltr'><strong>potens</strong></span> <span class='ocrx_word' id='word_1_486' title='bbox 3517 2111 3572 2163; x_wconf 92' lang='lat' dir='ltr'><strong>in</strong></span> 
     </span>
    </p>
   </div>
   <div class='ocr_carea' id='block_1_67' title="bbox 2004 2201 3570 2272">
    <p class='ocr_par' dir='ltr' id='par_1_67' title="bbox 2004 2201 3570 2272">
     <span class='ocr_line' id='line_1_67' title="bbox 2004 2201 3570 2272; baseline -0.001 -17"><span class='ocrx_word' id='word_1_487' title='bbox 2004 2201 2319 2272; x_wconf 72' lang='lat' dir='ltr'><strong>explicanda</strong></span> <span class='ocrx_word' id='word_1_488' title='bbox 2351 2202 2667 2272; x_wconf 85' lang='lat' dir='ltr'><strong>cognitione,</strong></span> <span class='ocrx_word' id='word_1_489' title='bbox 2691 2202 2762 2255; x_wconf 92' lang='lat' dir='ltr'><strong>sit</strong></span> <span class='ocrx_word' id='word_1_490' title='bbox 2787 2203 3005 2272; x_wconf 87' lang='lat' dir='ltr'><strong>sapiens</strong></span> <span class='ocrx_word' id='word_1_491' title='bbox 3034 2203 3090 2255; x_wconf 90' lang='lat' dir='ltr'><strong>in</strong></span> <span class='ocrx_word' id='word_1_492' title='bbox 3119 2203 3429 2256; x_wconf 80' lang='lat' dir='ltr'><strong>discretione</strong></span> <span class='ocrx_word' id='word_1_493' title='bbox 3457 2218 3570 2254; x_wconf 87' lang='lat' dir='ltr'><strong>ser-</strong></span> 
     </span>
    </p>
   </div>
   <div class='ocr_carea' id='block_1_68' title="bbox 2006 2293 3570 2364">
    <p class='ocr_par' dir='ltr' id='par_1_68' title="bbox 2006 2293 3570 2364">
     <span class='ocr_line' id='line_1_68' title="bbox 2006 2293 3570 2364; baseline -0.001 -18"><span class='ocrx_word' id='word_1_494' title='bbox 2006 2308 2216 2346; x_wconf 90' lang='lat' dir='ltr'><strong>monum</strong></span> <span class='ocrx_word' id='word_1_495' title='bbox 2239 2333 2255 2358; x_wconf 93' lang='lat'><strong>,</strong></span> <span class='ocrx_word' id='word_1_496' title='bbox 2285 2293 2354 2347; x_wconf 89' lang='lat' dir='ltr'><strong>sit</strong></span> <span class='ocrx_word' id='word_1_497' title='bbox 2381 2293 2664 2363; x_wconf 83' lang='lat' dir='ltr'><strong>stupendus</strong></span> <span class='ocrx_word' id='word_1_498' title='bbox 2695 2295 2751 2348; x_wconf 89' lang='lat' dir='ltr'><strong>in</strong></span> <span class='ocrx_word' id='word_1_499' title='bbox 2775 2295 3038 2364; x_wconf 82' lang='lat' dir='ltr'><strong>operibus.</strong></span> <span class='ocrx_word' id='word_1_500' title='bbox 3063 2313 3082 2346; x_wconf 72' lang='grc' dir='ltr'><strong>ι</strong></span> <span class='ocrx_word' id='word_1_501' title='bbox 3107 2293 3344 2348; x_wconf 83' lang='lat' dir='ltr'><strong>Tandem</strong></span> <span class='ocrx_word' id='word_1_502' title='bbox 3373 2302 3570 2345; x_wconf 90' lang='lat' dir='ltr'><strong>notan-</strong></span> 
     </span>
    </p>
   </div>
   <div class='ocr_carea' id='block_1_69' title="bbox 2004 2382 3572 2454">
    <p class='ocr_par' dir='ltr' id='par_1_69' title="bbox 2004 2382 3572 2454">
     <span class='ocr_line' id='line_1_69' title="bbox 2004 2382 3572 2454; baseline -0.001 -18"><span class='ocrx_word' id='word_1_503' title='bbox 2004 2382 2134 2438; x_wconf 91' lang='lat' dir='ltr'><strong>dum</strong></span> <span class='ocrx_word' id='word_1_504' title='bbox 2175 2391 2260 2439; x_wconf 89' lang='lat' dir='ltr'><strong>est</strong></span> <span class='ocrx_word' id='word_1_505' title='bbox 2299 2385 2565 2454; x_wconf 90' lang='lat' dir='ltr'><strong>quosdam</strong></span> <span class='ocrx_word' id='word_1_506' title='bbox 2604 2384 2950 2441; x_wconf 86' lang='lat' dir='ltr'><strong>existimasse</strong></span> <span class='ocrx_word' id='word_1_507' title='bbox 2979 2385 3095 2440; x_wconf 66' lang='lat' dir='ltr'><strong>hinc</strong></span> <span class='ocrx_word' id='word_1_508' title='bbox 3125 2385 3288 2438; x_wconf 79' lang='lat' dir='ltr'><strong>verba</strong></span> <span class='ocrx_word' id='word_1_509' title='bbox 3324 2382 3572 2437; x_wconf 83' lang='lat' dir='ltr'><strong>Clemen-</strong></span> 
     </span>
    </p>
   </div>
   <div class='ocr_carea' id='block_1_70' title="bbox 2003 2475 3572 2546">
    <p class='ocr_par' dir='ltr' id='par_1_70' title="bbox 2003 2475 3572 2546">
     <span class='ocr_line' id='line_1_70' title="bbox 2003 2475 3572 2546; baseline -0.001 -18"><span class='ocrx_word' id='word_1_510' title='bbox 2003 2475 2074 2530; x_wconf 90' lang='lat' dir='ltr'><strong>tis</strong></span> <span class='ocrx_word' id='word_1_511' title='bbox 2106 2475 2459 2533; x_wconf 86' lang='lat' dir='ltr'><strong>Alexandrini</strong></span> <span class='ocrx_word' id='word_1_512' title='bbox 2497 2477 2591 2532; x_wconf 87' lang='lat' dir='ltr'><strong>lib.</strong></span> <span class='ocrx_word' id='word_1_513' title='bbox 2625 2494 2665 2532; x_wconf 85' lang='grc' dir='ltr'><strong>ιι</strong></span> <span class='ocrx_word' id='word_1_514' title='bbox 2696 2475 3055 2542; x_wconf 87' lang='lat' dir='ltr'><strong>Stromatum,</strong></span> <span class='ocrx_word' id='word_1_515' title='bbox 3081 2481 3113 2531; x_wconf 84' lang='grc' dir='ltr'><em>ὁ</em></span> <span class='ocrx_word' id='word_1_516' title='bbox 3149 2477 3329 2546; x_wconf 75' lang='grc' dir='ltr'>νόμος</span> <span class='ocrx_word' id='word_1_517' title='bbox 3352 2475 3572 2544; x_wconf 80' lang='grc' dir='ltr'><strong>ἀπαγο-</strong></span> 
     </span>
    </p>
   </div>
   <div class='ocr_carea' id='block_1_71' title="bbox 1995 2563 3570 2638">
    <p class='ocr_par' dir='ltr' id='par_1_71' title="bbox 1995 2563 3570 2638">
     <span class='ocr_line' id='line_1_71' title="bbox 1995 2563 3570 2638; baseline -0.003 -16"><span class='ocrx_word' id='word_1_518' title='bbox 1995 2567 2159 2634; x_wconf 74' lang='grc' dir='ltr'>ρεύει</span> <span class='ocrx_word' id='word_1_519' title='bbox 2185 2567 2427 2638; x_wconf 72' lang='grc' dir='ltr'><strong>ἀδελφῷ</strong></span> <span class='ocrx_word' id='word_1_520' title='bbox 2461 2566 2767 2634; x_wconf 78' lang='grc' dir='ltr'>δανείζειν,</span> <span class='ocrx_word' id='word_1_521' title='bbox 2803 2569 2854 2624; x_wconf 89' lang='lat' dir='ltr'><strong>id</strong></span> <span class='ocrx_word' id='word_1_522' title='bbox 2893 2577 2994 2634; x_wconf 90' lang='lat' dir='ltr'><strong>est,</strong></span> <span class='ocrx_word' id='word_1_523' title='bbox 3039 2567 3123 2622; x_wconf 81' lang='lat' dir='ltr'><strong>lea:</strong></span> <span class='ocrx_word' id='word_1_524' title='bbox 3146 2566 3380 2638; x_wconf 85' lang='lat' dir='ltr'><strong>prohibet</strong></span> <span class='ocrx_word' id='word_1_525' title='bbox 3411 2563 3570 2636; x_wconf 78' lang='lat' dir='ltr'><strong>fratri</strong></span> 
     </span>
    </p>
   </div>
   <div class='ocr_carea' id='block_1_72' title="bbox 2006 2660 3570 2734">
    <p class='ocr_par' dir='ltr' id='par_1_72' title="bbox 2006 2660 3570 2734">
     <span class='ocr_line' id='line_1_72' title="bbox 2006 2660 3570 2734; baseline -0.001 -17"><span class='ocrx_word' id='word_1_526' title='bbox 2006 2663 2257 2730; x_wconf 74' lang='lat' dir='ltr'><strong>fenerari,</strong></span> <span class='ocrx_word' id='word_1_527' title='bbox 2283 2673 2414 2732; x_wconf 87' lang='lat' dir='ltr'><strong>etc.,</strong></span> <span class='ocrx_word' id='word_1_528' title='bbox 2443 2664 2600 2718; x_wconf 90' lang='lat' dir='ltr'><strong>citari</strong></span> <span class='ocrx_word' id='word_1_529' title='bbox 2623 2679 2690 2719; x_wconf 89' lang='lat' dir='ltr'><strong>ex</strong></span> <span class='ocrx_word' id='word_1_530' title='bbox 2716 2662 2958 2734; x_wconf 89' lang='lat' dir='ltr'><strong>Epistola</strong></span> <span class='ocrx_word' id='word_1_531' title='bbox 2983 2662 3266 2729; x_wconf 60' lang='lat' dir='ltr'><strong>Barnabas,</strong></span> <span class='ocrx_word' id='word_1_532' title='bbox 3295 2660 3439 2732; x_wconf 92' lang='lat' dir='ltr'><strong>quod</strong></span> <span class='ocrx_word' id='word_1_533' title='bbox 3461 2675 3570 2716; x_wconf 91' lang='lat' dir='ltr'><strong>non</strong></span> 
     </span>
    </p>
   </div>
   <div class='ocr_carea' id='block_1_73' title="bbox 2004 2750 3570 2825">
    <p class='ocr_par' dir='ltr' id='par_1_73' title="bbox 2004 2750 3570 2825">
     <span class='ocr_line' id='line_1_73' title="bbox 2004 2750 3570 2825; baseline -0.002 -18"><span class='ocrx_word' id='word_1_534' title='bbox 2004 2754 2075 2808; x_wconf 90' lang='lat' dir='ltr'><strong>ita</strong></span> <span class='ocrx_word' id='word_1_535' title='bbox 2105 2761 2188 2810; x_wconf 84' lang='lat' dir='ltr'><strong>est</strong></span> <span class='ocrx_word' id='word_1_536' title='bbox 2213 2771 2227 2807; x_wconf 87' lang='lat'><strong>:</strong></span> <span class='ocrx_word' id='word_1_537' title='bbox 2261 2754 2355 2810; x_wconf 91' lang='lat' dir='ltr'><strong>sed</strong></span> <span class='ocrx_word' id='word_1_538' title='bbox 2388 2755 2551 2825; x_wconf 89' lang='lat' dir='ltr'><strong>paulo</strong></span> <span class='ocrx_word' id='word_1_539' title='bbox 2587 2764 2714 2810; x_wconf 91' lang='lat' dir='ltr'><strong>ante</strong></span> <span class='ocrx_word' id='word_1_540' title='bbox 2741 2756 2980 2810; x_wconf 90' lang='lat' dir='ltr'><strong>citantur</strong></span> <span class='ocrx_word' id='word_1_541' title='bbox 3007 2755 3122 2810; x_wconf 60' lang='lat' dir='ltr'><strong>haec</strong></span> <span class='ocrx_word' id='word_1_542' title='bbox 3159 2754 3318 2809; x_wconf 88' lang='lat' dir='ltr'><strong>verba</strong></span> <span class='ocrx_word' id='word_1_543' title='bbox 3343 2769 3406 2807; x_wconf 83' lang='lat' dir='ltr'><strong>ex</strong></span> <span class='ocrx_word' id='word_1_544' title='bbox 3434 2750 3570 2806; x_wconf 79' lang='lat' dir='ltr'><strong>Bar-</strong></span> 
     </span>
    </p>
   </div>
   <div class='ocr_carea' id='block_1_74' title="bbox 2002 2845 3568 2918">
    <p class='ocr_par' dir='ltr' id='par_1_74' title="bbox 2002 2845 3568 2918">
     <span class='ocr_line' id='line_1_74' title="bbox 2002 2845 3568 2918; baseline -0.001 -18"><span class='ocrx_word' id='word_1_545' title='bbox 2002 2847 2144 2901; x_wconf 86' lang='lat' dir='ltr'><strong>naba</strong></span> <span class='ocrx_word' id='word_1_546' title='bbox 2169 2888 2184 2912; x_wconf 97' lang='lat'><strong>,</strong></span> <span class='ocrx_word' id='word_1_547' title='bbox 2233 2863 2356 2917; x_wconf 70' lang='lat' dir='ltr'><strong>qua:</strong></span> <span class='ocrx_word' id='word_1_548' title='bbox 2389 2848 2444 2902; x_wconf 93' lang='lat' dir='ltr'><strong>in</strong></span> <span class='ocrx_word' id='word_1_549' title='bbox 2483 2847 2586 2903; x_wconf 87' lang='lat' dir='ltr'><strong>hac</strong></span> <span class='ocrx_word' id='word_1_550' title='bbox 2616 2846 2854 2918; x_wconf 86' lang='lat' dir='ltr'><strong>Epistola</strong></span> <span class='ocrx_word' id='word_1_551' title='bbox 2898 2847 3167 2902; x_wconf 87' lang='lat' dir='ltr'><strong>habentur</strong></span> <span class='ocrx_word' id='word_1_552' title='bbox 3197 2847 3299 2902; x_wconf 91' lang='lat' dir='ltr'><strong>sub</strong></span> <span class='ocrx_word' id='word_1_553' title='bbox 3323 2847 3482 2899; x_wconf 85' lang='lat' dir='ltr'><strong>linem</strong></span> <span class='ocrx_word' id='word_1_554' title='bbox 3508 2845 3568 2898; x_wconf 84' lang='lat' dir='ltr'><strong>il-</strong></span> 
     </span>
    </p>
   </div>
   <div class='ocr_carea' id='block_1_75' title="bbox 2002 2935 3570 3009">
    <p class='ocr_par' dir='ltr' id='par_1_75' title="bbox 2002 2935 3570 3009">
     <span class='ocr_line' id='line_1_75' title="bbox 2002 2935 3570 3009; baseline 0.001 -21"><span class='ocrx_word' id='word_1_555' title='bbox 2002 2935 2127 3004; x_wconf 88' lang='lat' dir='ltr'><strong>lius,</strong></span> <span class='ocrx_word' id='word_1_556' title='bbox 2179 2937 2390 3008; x_wconf 79' lang='grc' dir='ltr'>Ἀμέλει</span> <span class='ocrx_word' id='word_1_557' title='bbox 2452 2937 2726 3007; x_wconf 82' lang='grc' dir='ltr'><strong>μυστικῶς</strong></span> <span class='ocrx_word' id='word_1_558' title='bbox 2765 2939 2793 2991; x_wconf 86' lang='grc' dir='ltr'>ὁ</span> <span class='ocrx_word' id='word_1_559' title='bbox 2835 2937 3136 3009; x_wconf 76' lang='grc' dir='ltr'>Βαρνάϐας·</span> <span class='ocrx_word' id='word_1_560' title='bbox 3193 2937 3247 2992; x_wconf 81' lang='grc' dir='ltr'><strong>Ὀ</strong></span> <span class='ocrx_word' id='word_1_561' title='bbox 3285 2937 3339 2989; x_wconf 81' lang='grc' dir='ltr'>δὲ</span> <span class='ocrx_word' id='word_1_562' title='bbox 3373 2936 3502 3000; x_wconf 81' lang='grc' dir='ltr'>Θεὸς</span> <span class='ocrx_word' id='word_1_563' title='bbox 3542 2937 3570 2990; x_wconf 85' lang='grc' dir='ltr'><strong>ό</strong></span> 
     </span>
    </p>
   </div>
   <div class='ocr_carea' id='block_1_76' title="bbox 2001 3025 3570 3101">
    <p class='ocr_par' dir='ltr' id='par_1_76' title="bbox 2001 3025 3570 3101">
     <span class='ocr_line' id='line_1_76' title="bbox 2001 3025 3570 3101; baseline 0.001 -22"><span class='ocrx_word' id='word_1_564' title='bbox 2001 3025 2095 3080; x_wconf 77' lang='grc' dir='ltr'>τοῦ</span> <span class='ocrx_word' id='word_1_565' title='bbox 2140 3029 2344 3092; x_wconf 83' lang='grc' dir='ltr'>παντὸς</span> <span class='ocrx_word' id='word_1_566' title='bbox 2379 3028 2582 3100; x_wconf 87' lang='grc' dir='ltr'>κόσμου</span> <span class='ocrx_word' id='word_1_567' title='bbox 2610 3028 2903 3098; x_wconf 86' lang='grc' dir='ltr'>κυριεύων,</span> <span class='ocrx_word' id='word_1_568' title='bbox 2938 3031 3090 3101; x_wconf 74' lang='grc' dir='ltr'>φησι,</span> <span class='ocrx_word' id='word_1_569' title='bbox 3147 3027 3256 3099; x_wconf 82' lang='grc' dir='ltr'><strong>δῴη</strong></span> <span class='ocrx_word' id='word_1_570' title='bbox 3309 3029 3400 3082; x_wconf 69' lang='grc' dir='ltr'><strong>καὶ</strong></span> <span class='ocrx_word' id='word_1_571' title='bbox 3444 3029 3570 3098; x_wconf 82' lang='grc' dir='ltr'>ὑμῖν</span> 
     </span>
    </p>
   </div>
   <div class='ocr_carea' id='block_1_77' title="bbox 2003 3117 3570 3189">
    <p class='ocr_par' dir='ltr' id='par_1_77' title="bbox 2003 3117 3570 3189">
     <span class='ocr_line' id='line_1_77' title="bbox 2003 3117 3570 3189; baseline -0.001 -17"><span class='ocrx_word' id='word_1_572' title='bbox 2003 3119 2222 3188; x_wconf 85' lang='grc' dir='ltr'>γνῶσιν,</span> <span class='ocrx_word' id='word_1_573' title='bbox 2273 3128 2375 3175; x_wconf 87' lang='lat' dir='ltr'><strong>etc.</strong></span> <span class='ocrx_word' id='word_1_574' title='bbox 2402 3161 2416 3184; x_wconf 96' lang='lat'><strong>,</strong></span> <span class='ocrx_word' id='word_1_575' title='bbox 2471 3135 2644 3189; x_wconf 87' lang='lat' dir='ltr'><strong>usque</strong></span> <span class='ocrx_word' id='word_1_576' title='bbox 2683 3121 2748 3174; x_wconf 89' lang='lat' dir='ltr'><strong>ad</strong></span> <span class='ocrx_word' id='word_1_577' title='bbox 2790 3119 2880 3173; x_wconf 90' lang='lat' dir='ltr'><strong>illa</strong></span> <span class='ocrx_word' id='word_1_578' title='bbox 2909 3120 3070 3174; x_wconf 86' lang='lat' dir='ltr'><strong>verba</strong></span> <span class='ocrx_word' id='word_1_579' title='bbox 3091 3161 3106 3186; x_wconf 95' lang='lat'><strong>,</strong></span> <span class='ocrx_word' id='word_1_580' title='bbox 3131 3118 3364 3188; x_wconf 78' lang='grc' dir='ltr'><strong>ἀγάπης</strong></span> <span class='ocrx_word' id='word_1_581' title='bbox 3393 3117 3570 3171; x_wconf 70' lang='grc' dir='ltr'>τέκνα</span> 
     </span>
    </p>
   </div>
   <div class='ocr_carea' id='block_1_78' title="bbox 2004 3209 3568 3281">
    <p class='ocr_par' dir='ltr' id='par_1_78' title="bbox 2004 3209 3568 3281">
     <span class='ocr_line' id='line_1_78' title="bbox 2004 3209 3568 3281; baseline 0 -17"><span class='ocrx_word' id='word_1_582' title='bbox 2004 3210 2102 3264; x_wconf 76' lang='grc' dir='ltr'>καὶ</span> <span class='ocrx_word' id='word_1_583' title='bbox 2153 3209 2416 3279; x_wconf 74' lang='grc' dir='ltr'>εἰρήνης,</span> <span class='ocrx_word' id='word_1_584' title='bbox 2461 3221 2590 3276; x_wconf 87' lang='lat' dir='ltr'><strong>etc.,</strong></span> <span class='ocrx_word' id='word_1_585' title='bbox 2640 3226 2762 3281; x_wconf 67' lang='lat' dir='ltr'><strong>qua:</strong></span> <span class='ocrx_word' id='word_1_586' title='bbox 2801 3218 2930 3266; x_wconf 88' lang='lat' dir='ltr'><strong>sunt</strong></span> <span class='ocrx_word' id='word_1_587' title='bbox 2969 3225 3036 3265; x_wconf 94' lang='lat' dir='ltr'><strong>ex</strong></span> <span class='ocrx_word' id='word_1_588' title='bbox 3075 3219 3226 3264; x_wconf 86' lang='lat' dir='ltr'><strong>textu</strong></span> <span class='ocrx_word' id='word_1_589' title='bbox 3273 3209 3568 3264; x_wconf 88' lang='lat' dir='ltr'><strong>Clementis</strong></span> 
     </span>
    </p>
   </div>
   <div class='ocr_carea' id='block_1_79' title="bbox 2001 3301 3563 3372">
    <p class='ocr_par' dir='ltr' id='par_1_79' title="bbox 2001 3301 3563 3372">
     <span class='ocr_line' id='line_1_79' title="bbox 2001 3301 3563 3372; baseline 0 -18"><span class='ocrx_word' id='word_1_590' title='bbox 2001 3301 2376 3369; x_wconf 83' lang='lat' dir='ltr'><strong>Alexandrini,</strong></span> <span class='ocrx_word' id='word_1_591' title='bbox 2405 3302 2499 3371; x_wconf 90' lang='lat' dir='ltr'><strong>qui</strong></span> <span class='ocrx_word' id='word_1_592' title='bbox 2532 3301 2748 3357; x_wconf 88' lang='lat' dir='ltr'><strong>tandem</strong></span> <span class='ocrx_word' id='word_1_593' title='bbox 2780 3302 3089 3372; x_wconf 90' lang='lat' dir='ltr'><strong>subjungit,</strong></span> <span class='ocrx_word' id='word_1_594' title='bbox 3118 3303 3317 3372; x_wconf 63' lang='lat' dir='ltr'><strong>suﬁicit</strong></span> <span class='ocrx_word' id='word_1_595' title='bbox 3351 3301 3446 3354; x_wconf 92' lang='lat' dir='ltr'><strong>hoc</strong></span> <span class='ocrx_word' id='word_1_596' title='bbox 3476 3301 3563 3354; x_wconf 78' lang='lat' dir='ltr'><strong>di-</strong></span> 
     </span>
    </p>
   </div>
   <div class='ocr_carea' id='block_1_80' title="bbox 2001 3387 3564 3462">
    <p class='ocr_par' dir='ltr' id='par_1_80' title="bbox 2001 3387 3564 3462">
     <span class='ocr_line' id='line_1_80' title="bbox 2001 3387 3564 3462; baseline -0.003 -17"><span class='ocrx_word' id='word_1_597' title='bbox 2001 3407 2134 3456; x_wconf 88' lang='lat' dir='ltr'><strong>cere,</strong></span> <span class='ocrx_word' id='word_1_598' title='bbox 2169 3390 2308 3462; x_wconf 84' lang='lat' dir='ltr'><strong>quod</strong></span> <span class='ocrx_word' id='word_1_599' title='bbox 2335 3389 2421 3445; x_wconf 81' lang='lat' dir='ltr'><strong>lea;</strong></span> <span class='ocrx_word' id='word_1_600' title='bbox 2455 3391 2690 3461; x_wconf 86' lang='lat' dir='ltr'><strong>prohibet</strong></span> <span class='ocrx_word' id='word_1_601' title='bbox 2722 3391 2884 3460; x_wconf 83' lang='lat' dir='ltr'><strong>fratri</strong></span> <span class='ocrx_word' id='word_1_602' title='bbox 2910 3390 3159 3459; x_wconf 82' lang='lat' dir='ltr'><strong>fenerari,</strong></span> <span class='ocrx_word' id='word_1_603' title='bbox 3197 3403 3319 3459; x_wconf 68' lang='lat' dir='ltr'><strong>quae</strong></span> <span class='ocrx_word' id='word_1_604' title='bbox 3346 3387 3564 3458; x_wconf 89' lang='lat' dir='ltr'><strong>quidem</strong></span> 
     </span>
    </p>
   </div>
   <div class='ocr_carea' id='block_1_81' title="bbox 2000 3480 3570 3553">
    <p class='ocr_par' dir='ltr' id='par_1_81' title="bbox 2000 3480 3570 3553">
     <span class='ocr_line' id='line_1_81' title="bbox 2000 3480 3570 3553; baseline -0.003 -15"><span class='ocrx_word' id='word_1_605' title='bbox 2000 3484 2164 3539; x_wconf 91' lang='lat' dir='ltr'><strong>verba</strong></span> <span class='ocrx_word' id='word_1_606' title='bbox 2196 3499 2304 3540; x_wconf 90' lang='lat' dir='ltr'><strong>non</strong></span> <span class='ocrx_word' id='word_1_607' title='bbox 2334 3492 2550 3540; x_wconf 89' lang='lat' dir='ltr'><strong>exstant</strong></span> <span class='ocrx_word' id='word_1_608' title='bbox 2573 3484 2628 3537; x_wconf 92' lang='lat' dir='ltr'><strong>in</strong></span> <span class='ocrx_word' id='word_1_609' title='bbox 2663 3483 2765 3538; x_wconf 89' lang='lat' dir='ltr'><strong>hac</strong></span> <span class='ocrx_word' id='word_1_610' title='bbox 2785 3482 3036 3553; x_wconf 88' lang='lat' dir='ltr'><strong>epistola,</strong></span> <span class='ocrx_word' id='word_1_611' title='bbox 3068 3496 3190 3551; x_wconf 67' lang='lat' dir='ltr'><strong>qua:</strong></span> <span class='ocrx_word' id='word_1_612' title='bbox 3217 3489 3405 3536; x_wconf 90' lang='lat' dir='ltr'><strong>sancto</strong></span> <span class='ocrx_word' id='word_1_613' title='bbox 3442 3480 3570 3534; x_wconf 87' lang='lat' dir='ltr'><strong>Bar-</strong></span> 
     </span>
    </p>
   </div>
   <div class='ocr_carea' id='block_1_82' title="bbox 2001 3569 3567 3642">
    <p class='ocr_par' dir='ltr' id='par_1_82' title="bbox 2001 3569 3567 3642">
     <span class='ocr_line' id='line_1_82' title="bbox 2001 3569 3567 3642; baseline -0.002 -14"><span class='ocrx_word' id='word_1_614' title='bbox 2001 3574 2158 3629; x_wconf 58' lang='lat' dir='ltr'><strong>nabas</strong></span> <span class='ocrx_word' id='word_1_615' title='bbox 2189 3573 2502 3630; x_wconf 90' lang='lat' dir='ltr'><strong>ascribitur.</strong></span> <span class='ocrx_word' id='word_1_616' title='bbox 2549 3571 2752 3628; x_wconf 90' lang='lat' dir='ltr'><strong>Tenuis</strong></span> <span class='ocrx_word' id='word_1_617' title='bbox 2791 3571 3038 3642; x_wconf 73' lang='lat' dir='ltr'><strong>quaedam</strong></span> <span class='ocrx_word' id='word_1_618' title='bbox 3079 3569 3374 3626; x_wconf 87' lang='lat' dir='ltr'><strong>difﬁcultas</strong></span> <span class='ocrx_word' id='word_1_619' title='bbox 3399 3579 3567 3626; x_wconf 88' lang='lat' dir='ltr'><strong>restat</strong></span> 
     </span>
    </p>
   </div>
   <div class='ocr_carea' id='block_1_83' title="bbox 2000 3660 3566 3734">
    <p class='ocr_par' dir='ltr' id='par_1_83' title="bbox 2000 3660 3566 3734">
     <span class='ocr_line' id='line_1_83' title="bbox 2000 3660 3566 3734; baseline -0.001 -14"><span class='ocrx_word' id='word_1_620' title='bbox 2000 3666 2143 3720; x_wconf 89' lang='lat' dir='ltr'><strong>circa</strong></span> <span class='ocrx_word' id='word_1_621' title='bbox 2177 3665 2398 3720; x_wconf 89' lang='lat' dir='ltr'><strong>nomina</strong></span> <span class='ocrx_word' id='word_1_622' title='bbox 2443 3661 2732 3725; x_wconf 85' lang='lat' dir='ltr'><strong>Hebraica,</strong></span> <span class='ocrx_word' id='word_1_623' title='bbox 2779 3677 2902 3733; x_wconf 62' lang='lat' dir='ltr'><strong>quae</strong></span> <span class='ocrx_word' id='word_1_624' title='bbox 2947 3668 3169 3719; x_wconf 85' lang='lat' dir='ltr'><strong>sanctus</strong></span> <span class='ocrx_word' id='word_1_625' title='bbox 3204 3660 3566 3734; x_wconf 79' lang='lat' dir='ltr'><strong>Hieronymus</strong></span> 
     </span>
    </p>
   </div>
   <div class='ocr_carea' id='block_1_84' title="bbox 1999 3753 3567 3828">
    <p class='ocr_par' dir='ltr' id='par_1_84' title="bbox 1999 3753 3567 3828">
     <span class='ocr_line' id='line_1_84' title="bbox 1999 3753 3567 3828; baseline -0.002 -17"><span class='ocrx_word' id='word_1_626' title='bbox 1999 3756 2205 3828; x_wconf 79' lang='lat' dir='ltr'><strong>profert</strong></span> <span class='ocrx_word' id='word_1_627' title='bbox 2231 3772 2298 3811; x_wconf 82' lang='lat' dir='ltr'><strong>ex</strong></span> <span class='ocrx_word' id='word_1_628' title='bbox 2331 3754 2568 3825; x_wconf 86' lang='lat' dir='ltr'><strong>Epistola</strong></span> <span class='ocrx_word' id='word_1_629' title='bbox 2612 3755 2786 3810; x_wconf 86' lang='lat' dir='ltr'><strong>sancti</strong></span> <span class='ocrx_word' id='word_1_630' title='bbox 2821 3753 3084 3810; x_wconf 61' lang='lat' dir='ltr'><strong>Barnabas</strong></span> <span class='ocrx_word' id='word_1_631' title='bbox 3111 3755 3164 3809; x_wconf 94' lang='lat' dir='ltr'><strong>in</strong></span> <span class='ocrx_word' id='word_1_632' title='bbox 3194 3755 3334 3810; x_wconf 92' lang='lat' dir='ltr'><strong>libro</strong></span> <span class='ocrx_word' id='word_1_633' title='bbox 3367 3754 3442 3810; x_wconf 89' lang='lat' dir='ltr'><strong>De</strong></span> <span class='ocrx_word' id='word_1_634' title='bbox 3471 3771 3567 3809; x_wconf 89' lang='lat' dir='ltr'><strong>no-</strong></span> 
     </span>
    </p>
   </div>
   <div class='ocr_carea' id='block_1_85' title="bbox 1999 3843 3567 3916">
    <p class='ocr_par' dir='ltr' id='par_1_85' title="bbox 1999 3843 3567 3916">
     <span class='ocr_line' id='line_1_85' title="bbox 1999 3843 3567 3916; baseline -0.002 -13"><span class='ocrx_word' id='word_1_635' title='bbox 1999 3849 2232 3903; x_wconf 84' lang='lat' dir='ltr'><strong>minibus</strong></span> <span class='ocrx_word' id='word_1_636' title='bbox 2263 3845 2565 3902; x_wconf 82' lang='lat' dir='ltr'><strong>Hebraicis.</strong></span> <span class='ocrx_word' id='word_1_637' title='bbox 2611 3843 2896 3916; x_wconf 80' lang='lat' dir='ltr'><strong>Siquidem</strong></span> <span class='ocrx_word' id='word_1_638' title='bbox 2931 3860 3102 3900; x_wconf 89' lang='lat' dir='ltr'><strong>unum</strong></span> <span class='ocrx_word' id='word_1_639' title='bbox 3128 3859 3341 3910; x_wconf 89' lang='lat' dir='ltr'><strong>eorum,</strong></span> <span class='ocrx_word' id='word_1_640' title='bbox 3374 3860 3567 3916; x_wconf 90' lang='lat' dir='ltr'><strong>nempe</strong></span> 
     </span>
    </p>
   </div>
   <div class='ocr_carea' id='block_1_86' title="bbox 2007 3937 3567 4010">
    <p class='ocr_par' dir='ltr' id='par_1_86' title="bbox 2007 3937 3567 4010">
     <span class='ocr_line' id='line_1_86' title="bbox 2007 3937 3567 4010; baseline -0.002 -15"><span class='ocrx_word' id='word_1_641' title='bbox 2007 3941 2246 4007; x_wconf 82' lang='lat' dir='ltr'><strong>Nahum,</strong></span> <span class='ocrx_word' id='word_1_642' title='bbox 2291 3941 2345 3994; x_wconf 90' lang='lat' dir='ltr'><strong>in</strong></span> <span class='ocrx_word' id='word_1_643' title='bbox 2377 3939 2605 4010; x_wconf 88' lang='lat' dir='ltr'><strong>epistola</strong></span> <span class='ocrx_word' id='word_1_644' title='bbox 2634 3939 2972 3994; x_wconf 88' lang='lat' dir='ltr'><strong>desideratur</strong></span> <span class='ocrx_word' id='word_1_645' title='bbox 3012 3957 3027 3993; x_wconf 92' lang='lat'><strong>:</strong></span> <span class='ocrx_word' id='word_1_646' title='bbox 3068 3938 3148 3994; x_wconf 90' lang='lat' dir='ltr'><strong>sic</strong></span> <span class='ocrx_word' id='word_1_647' title='bbox 3169 3937 3313 3993; x_wconf 92' lang='lat' dir='ltr'><strong>enim</strong></span> <span class='ocrx_word' id='word_1_648' title='bbox 3340 3939 3415 3992; x_wconf 89' lang='lat' dir='ltr'><strong>ait</strong></span> <span class='ocrx_word' id='word_1_649' title='bbox 3440 3954 3567 3993; x_wconf 91' lang='lat' dir='ltr'><strong>san-</strong></span> 
     </span>
    </p>
   </div>
   <div class='ocr_carea' id='block_1_87' title="bbox 2000 4027 3567 4102">
    <p class='ocr_par' dir='ltr' id='par_1_87' title="bbox 2000 4027 3567 4102">
     <span class='ocr_line' id='line_1_87' title="bbox 2000 4027 3567 4102; baseline -0.003 -15"><span class='ocrx_word' id='word_1_650' title='bbox 2000 4042 2123 4087; x_wconf 83' lang='lat' dir='ltr'><strong>ctus</strong></span> <span class='ocrx_word' id='word_1_651' title='bbox 2148 4029 2513 4102; x_wconf 83' lang='lat' dir='ltr'><strong>Hieronymus</strong></span> <span class='ocrx_word' id='word_1_652' title='bbox 2539 4070 2556 4096; x_wconf 89' lang='lat'><strong>,</strong></span> <span class='ocrx_word' id='word_1_653' title='bbox 2587 4028 2884 4096; x_wconf 83' lang='lat' dir='ltr'><strong>Manasses,</strong></span> <span class='ocrx_word' id='word_1_654' title='bbox 2916 4027 3148 4096; x_wconf 77' lang='lat' dir='ltr'><strong>oblitus,</strong></span> <span class='ocrx_word' id='word_1_655' title='bbox 3173 4027 3413 4094; x_wconf 88' lang='lat' dir='ltr'><strong>Nahum,</strong></span> <span class='ocrx_word' id='word_1_656' title='bbox 3451 4046 3567 4100; x_wconf 87' lang='lat' dir='ltr'><strong>ger-</strong></span> 
     </span>
    </p>
   </div>
   <div class='ocr_carea' id='block_1_88' title="bbox 1998 4117 3563 4192">
    <p class='ocr_par' dir='ltr' id='par_1_88' title="bbox 1998 4117 3563 4192">
     <span class='ocr_line' id='line_1_88' title="bbox 1998 4117 3563 4192; baseline -0.001 -16"><span class='ocrx_word' id='word_1_657' title='bbox 1998 4140 2134 4176; x_wconf 87' lang='lat' dir='ltr'><strong>men.</strong></span> <span class='ocrx_word' id='word_1_658' title='bbox 2191 4121 2295 4177; x_wconf 88' lang='lat' dir='ltr'><strong>Sed</strong></span> <span class='ocrx_word' id='word_1_659' title='bbox 2333 4138 2488 4178; x_wconf 85' lang='lat' dir='ltr'><strong>error</strong></span> <span class='ocrx_word' id='word_1_660' title='bbox 2519 4121 2786 4192; x_wconf 89' lang='lat' dir='ltr'><strong>obrepsit,</strong></span> <span class='ocrx_word' id='word_1_661' title='bbox 2842 4130 2896 4175; x_wconf 90' lang='lat' dir='ltr'><strong>et</strong></span> <span class='ocrx_word' id='word_1_662' title='bbox 2935 4119 3224 4190; x_wconf 90' lang='lat' dir='ltr'><strong>legendum</strong></span> <span class='ocrx_word' id='word_1_663' title='bbox 3252 4125 3352 4184; x_wconf 90' lang='lat' dir='ltr'><strong>est,</strong></span> <span class='ocrx_word' id='word_1_664' title='bbox 3393 4117 3563 4186; x_wconf 86' lang='lat' dir='ltr'><strong>Nave,</strong></span> 
     </span>
    </p>
   </div>
   <div class='ocr_carea' id='block_1_89' title="bbox 1997 4208 3557 4282">
    <p class='ocr_par' dir='ltr' id='par_1_89' title="bbox 1997 4208 3557 4282">
     <span class='ocr_line' id='line_1_89' title="bbox 1997 4208 3557 4282; baseline -0.001 -16"><span class='ocrx_word' id='word_1_665' title='bbox 1997 4223 2058 4267; x_wconf 89' lang='lat' dir='ltr'><strong>ut</strong></span> <span class='ocrx_word' id='word_1_666' title='bbox 2109 4214 2337 4269; x_wconf 87' lang='lat' dir='ltr'><strong>habetur</strong></span> <span class='ocrx_word' id='word_1_667' title='bbox 2379 4216 2433 4268; x_wconf 90' lang='lat' dir='ltr'><strong>in</strong></span> <span class='ocrx_word' id='word_1_668' title='bbox 2467 4215 2570 4268; x_wconf 90' lang='lat' dir='ltr'><strong>hac</strong></span> <span class='ocrx_word' id='word_1_669' title='bbox 2613 4211 2876 4282; x_wconf 86' lang='lat' dir='ltr'><strong>Epistola,</strong></span> <span class='ocrx_word' id='word_1_670' title='bbox 2924 4211 3015 4280; x_wconf 91' lang='lat' dir='ltr'><strong>qui</strong></span> <span class='ocrx_word' id='word_1_671' title='bbox 3057 4209 3159 4264; x_wconf 89' lang='lat' dir='ltr'><strong>fuit</strong></span> <span class='ocrx_word' id='word_1_672' title='bbox 3186 4219 3338 4278; x_wconf 88' lang='lat' dir='ltr'><strong>pater</strong></span> <span class='ocrx_word' id='word_1_673' title='bbox 3368 4208 3557 4276; x_wconf 83' lang='lat' dir='ltr'><strong>Josue,</strong></span> 
     </span>
    </p>
   </div>
   <div class='ocr_carea' id='block_1_90' title="bbox 1995 4301 3564 4374">
    <p class='ocr_par' dir='ltr' id='par_1_90' title="bbox 1995 4301 3564 4374">
     <span class='ocr_line' id='line_1_90' title="bbox 1995 4301 3564 4374; baseline -0.002 -16"><span class='ocrx_word' id='word_1_674' title='bbox 1995 4305 2148 4373; x_wconf 81' lang='lat' dir='ltr'><strong>juxta</strong></span> <span class='ocrx_word' id='word_1_675' title='bbox 2182 4303 2569 4374; x_wconf 83' lang='lat' dir='ltr'><strong>Septuaginta;</strong></span> <span class='ocrx_word' id='word_1_676' title='bbox 2615 4303 2697 4358; x_wconf 89' lang='lat' dir='ltr'><strong>vel</strong></span> <span class='ocrx_word' id='word_1_677' title='bbox 2741 4301 2888 4368; x_wconf 86' lang='lat' dir='ltr'><strong>Nun,</strong></span> <span class='ocrx_word' id='word_1_678' title='bbox 2919 4301 3061 4371; x_wconf 92' lang='lat' dir='ltr'><strong>quod</strong></span> <span class='ocrx_word' id='word_1_679' title='bbox 3092 4302 3232 4356; x_wconf 85' lang='lat' dir='ltr'><strong>idem</strong></span> <span class='ocrx_word' id='word_1_680' title='bbox 3255 4309 3339 4356; x_wconf 90' lang='lat' dir='ltr'><strong>est</strong></span> <span class='ocrx_word' id='word_1_681' title='bbox 3365 4316 3564 4356; x_wconf 87' lang='lat' dir='ltr'><strong>secun-</strong></span> 
     </span>
    </p>
   </div>
   <div class='ocr_carea' id='block_1_91' title="bbox 334 4391 1901 4470">
    <p class='ocr_par' dir='ltr' id='par_1_91' title="bbox 334 4391 1895 4470">
     <span class='ocr_line' id='line_1_91' title="bbox 334 4391 1895 4470; baseline 0.006 -25"><span class='ocrx_word' id='word_1_682' title='bbox 334 4391 470 4462; x_wconf 75' lang='grc' dir='ltr'>αὕτη</span> <span class='ocrx_word' id='word_1_683' title='bbox 493 4392 638 4445; x_wconf 78' lang='grc' dir='ltr'>ἐστὶν</span> <span class='ocrx_word' id='word_1_684' title='bbox 677 4393 710 4464; x_wconf 82' lang='grc' dir='ltr'><strong>ἡ</strong></span> <span class='ocrx_word' id='word_1_685' title='bbox 741 4393 799 4446; x_wconf 84' lang='grc' dir='ltr'>ὲν</span> <span class='ocrx_word' id='word_1_686' title='bbox 821 4393 1057 4465; x_wconf 83' lang='grc' dir='ltr'>Χριστῷ,</span> <span class='ocrx_word' id='word_1_687' title='bbox 1099 4396 1156 4449; x_wconf 79' lang='grc' dir='ltr'>ὲν</span> <span class='ocrx_word' id='word_1_688' title='bbox 1246 4398 1296 4450; x_wconf 80' lang='lat' dir='ltr'><strong>oi</strong></span> <span class='ocrx_word' id='word_1_689' title='bbox 1331 4398 1588 4470; x_wconf 85' lang='grc' dir='ltr'>μακάριοι</span> <span class='ocrx_word' id='word_1_690' title='bbox 1618 4400 1815 4464; x_wconf 83' lang='grc' dir='ltr'>πάντες</span> <span class='ocrx_word' id='word_1_691' title='bbox 1846 4404 1895 4454; x_wconf 80' lang='grc' dir='ltr'><strong>οἱ</strong></span> 
     </span>
    </p>
   </div>
   <div class='ocr_carea' id='block_1_92' title="bbox 2003 4391 3564 4470">
    <p class='ocr_par' dir='ltr' id='par_1_92' title="bbox 2003 4393 3564 4464">
     <span class='ocr_line' id='line_1_92' title="bbox 2003 4393 3564 4464; baseline -0.001 -14"><span class='ocrx_word' id='word_1_692' title='bbox 2003 4397 2127 4451; x_wconf 91' lang='lat' dir='ltr'><strong>dum</strong></span> <span class='ocrx_word' id='word_1_693' title='bbox 2161 4404 2365 4452; x_wconf 89' lang='lat' dir='ltr'><strong>textum</strong></span> <span class='ocrx_word' id='word_1_694' title='bbox 2400 4395 2746 4451; x_wconf 87' lang='lat' dir='ltr'><strong>Hebraicum.</strong></span> <span class='ocrx_word' id='word_1_695' title='bbox 2792 4393 2858 4449; x_wconf 91' lang='lat' dir='ltr'><strong>Et</strong></span> <span class='ocrx_word' id='word_1_696' title='bbox 2875 4395 3012 4450; x_wconf 90' lang='lat' dir='ltr'><strong>ratio</strong></span> <span class='ocrx_word' id='word_1_697' title='bbox 3045 4403 3151 4460; x_wconf 87' lang='lat' dir='ltr'><strong>est,</strong></span> <span class='ocrx_word' id='word_1_698' title='bbox 3183 4395 3313 4464; x_wconf 90' lang='lat' dir='ltr'><strong>quia</strong></span> <span class='ocrx_word' id='word_1_699' title='bbox 3346 4394 3564 4449; x_wconf 87' lang='lat' dir='ltr'><strong>Nahum</strong></span> 
     </span>
    </p>
   </div>
   <div class='ocr_carea' id='block_1_93' title="bbox 332 4486 1893 4562">
    <p class='ocr_par' dir='ltr' id='par_1_93' title="bbox 332 4486 1893 4562">
     <span class='ocr_line' id='line_1_93' title="bbox 332 4486 1893 4562; baseline 0.005 -22"><span class='ocrx_word' id='word_1_700' title='bbox 332 4486 679 4550; x_wconf 82' lang='grc' dir='ltr'>εἰσελθόντες.</span> <span class='ocrx_word' id='word_1_701' title='bbox 721 4487 776 4544; x_wconf 83' lang='lat' dir='ltr'><strong>id</strong></span> <span class='ocrx_word' id='word_1_702' title='bbox 827 4498 951 4545; x_wconf 86' lang='lat' dir='ltr'><strong>est:</strong></span> <span class='ocrx_word' id='word_1_703' title='bbox 994 4489 1268 4546; x_wconf 86' lang='lat' dir='ltr'><strong>Enarrans</strong></span> <span class='ocrx_word' id='word_1_704' title='bbox 1331 4493 1530 4547; x_wconf 86' lang='lat' dir='ltr'><strong>dictum</strong></span> <span class='ocrx_word' id='word_1_705' title='bbox 1596 4490 1893 4562; x_wconf 68' lang='lat' dir='ltr'><strong>Propheta,</strong></span> 
     </span>
    </p>
   </div>
   <div class='ocr_carea' id='block_1_94' title="bbox 331 4577 1896 4656">
    <p class='ocr_par' dir='ltr' id='par_1_94' title="bbox 331 4577 1896 4656">
     <span class='ocr_line' id='line_1_94' title="bbox 331 4577 1896 4656; baseline 0.005 -24"><span class='ocrx_word' id='word_1_706' title='bbox 331 4577 608 4636; x_wconf 82' lang='lat' dir='ltr'><strong>Barnabas</strong></span> <span class='ocrx_word' id='word_1_707' title='bbox 627 4583 787 4652; x_wconf 83' lang='lat' dir='ltr'><strong>infert</strong></span> <span class='ocrx_word' id='word_1_708' title='bbox 813 4599 831 4635; x_wconf 88' lang='lat'><strong><em>:</em></strong></span> <span class='ocrx_word' id='word_1_709' title='bbox 852 4581 985 4637; x_wconf 88' lang='lat' dir='ltr'><strong>Cum</strong></span> <span class='ocrx_word' id='word_1_710' title='bbox 1011 4584 1193 4640; x_wconf 78' lang='lat' dir='ltr'><strong>multa:</strong></span> <span class='ocrx_word' id='word_1_711' title='bbox 1222 4595 1389 4655; x_wconf 73' lang='lat' dir='ltr'><strong>portae</strong></span> <span class='ocrx_word' id='word_1_712' title='bbox 1409 4589 1514 4640; x_wconf 89' lang='lat' dir='ltr'><strong>sint</strong></span> <span class='ocrx_word' id='word_1_713' title='bbox 1536 4596 1750 4655; x_wconf 74' lang='lat' dir='ltr'><strong>apertte,</strong></span> <span class='ocrx_word' id='word_1_714' title='bbox 1780 4602 1896 4656; x_wconf 67' lang='lat' dir='ltr'><strong>qua:</strong></span> 
     </span>
    </p>
   </div>
   <div class='ocr_carea' id='block_1_95' title="bbox 331 4672 1896 4745">
    <p class='ocr_par' dir='ltr' id='par_1_95' title="bbox 331 4672 1896 4745">
     <span class='ocr_line' id='line_1_95' title="bbox 331 4672 1896 4745; baseline 0.003 -21"><span class='ocrx_word' id='word_1_715' title='bbox 331 4681 405 4724; x_wconf 77' lang='lat' dir='ltr'><strong>est</strong></span> <span class='ocrx_word' id='word_1_716' title='bbox 425 4672 656 4738; x_wconf 85' lang='lat' dir='ltr'><strong>iustitia,</strong></span> <span class='ocrx_word' id='word_1_717' title='bbox 681 4690 742 4727; x_wconf 89' lang='lat' dir='ltr'><strong>ea</strong></span> <span class='ocrx_word' id='word_1_718' title='bbox 773 4683 849 4728; x_wconf 91' lang='lat' dir='ltr'><strong>est</strong></span> <span class='ocrx_word' id='word_1_719' title='bbox 869 4674 924 4727; x_wconf 91' lang='lat' dir='ltr'><strong>in</strong></span> <span class='ocrx_word' id='word_1_720' title='bbox 956 4673 1186 4738; x_wconf 79' lang='lat' dir='ltr'><strong>Christo,</strong></span> <span class='ocrx_word' id='word_1_721' title='bbox 1210 4675 1265 4728; x_wconf 90' lang='lat' dir='ltr'><strong>in</strong></span> <span class='ocrx_word' id='word_1_722' title='bbox 1293 4691 1448 4745; x_wconf 88' lang='lat' dir='ltr'><strong>quam</strong></span> <span class='ocrx_word' id='word_1_723' title='bbox 1479 4679 1616 4730; x_wconf 88' lang='lat' dir='ltr'><strong>beati</strong></span> <span class='ocrx_word' id='word_1_724' title='bbox 1639 4687 1758 4731; x_wconf 88' lang='lat' dir='ltr'><strong>sunt</strong></span> <span class='ocrx_word' id='word_1_725' title='bbox 1787 4693 1896 4730; x_wconf 85' lang='lat' dir='ltr'><strong>om-</strong></span> 
     </span>
    </p>
   </div>
   <div class='ocr_carea' id='block_1_96' title="bbox 332 4764 1895 4838">
    <p class='ocr_par' dir='ltr' id='par_1_96' title="bbox 332 4764 1895 4838">
     <span class='ocr_line' id='line_1_96' title="bbox 332 4764 1895 4838; baseline 0.005 -24"><span class='ocrx_word' id='word_1_726' title='bbox 332 4778 442 4828; x_wconf 75' lang='lat' dir='ltr'><strong>nes,</strong></span> <span class='ocrx_word' id='word_1_727' title='bbox 480 4764 569 4832; x_wconf 87' lang='lat' dir='ltr'><strong>qui</strong></span> <span class='ocrx_word' id='word_1_728' title='bbox 598 4773 722 4817; x_wconf 85' lang='lat' dir='ltr'><strong>sunt</strong></span> <span class='ocrx_word' id='word_1_729' title='bbox 769 4767 1011 4834; x_wconf 87' lang='lat' dir='ltr'><strong>ingressi.</strong></span> <span class='ocrx_word' id='word_1_730' title='bbox 1058 4764 1162 4820; x_wconf 89' lang='lat' dir='ltr'><strong>Sed</strong></span> <span class='ocrx_word' id='word_1_731' title='bbox 1197 4775 1325 4836; x_wconf 93' lang='lat' dir='ltr'><strong>puto</strong></span> <span class='ocrx_word' id='word_1_732' title='bbox 1346 4809 1360 4832; x_wconf 94' lang='lat'><strong>,</strong></span> <span class='ocrx_word' id='word_1_733' title='bbox 1411 4777 1505 4822; x_wconf 91' lang='lat' dir='ltr'><strong>aut</strong></span> <span class='ocrx_word' id='word_1_734' title='bbox 1538 4769 1746 4838; x_wconf 89' lang='lat' dir='ltr'><strong>lapsum</strong></span> <span class='ocrx_word' id='word_1_735' title='bbox 1775 4784 1895 4824; x_wconf 84' lang='lat' dir='ltr'><strong>esse</strong></span> 
     </span>
    </p>
   </div>
   <div class='ocr_carea' id='block_1_97' title="bbox 333 4854 1894 4922">
    <p class='ocr_par' dir='ltr' id='par_1_97' title="bbox 333 4854 1894 4922">
     <span class='ocr_line' id='line_1_97' title="bbox 333 4854 1894 4922; baseline 0.006 -17"><span class='ocrx_word' id='word_1_736' title='bbox 333 4854 597 4907; x_wconf 86' lang='lat' dir='ltr'><strong>memoria</strong></span> <span class='ocrx_word' id='word_1_737' title='bbox 608 4855 941 4910; x_wconf 89' lang='lat' dir='ltr'><strong>Clementem</strong></span> <span class='ocrx_word' id='word_1_738' title='bbox 960 4857 1412 4922; x_wconf 85' lang='lat' dir='ltr'><strong>Alexandrinum,</strong></span> <span class='ocrx_word' id='word_1_739' title='bbox 1438 4869 1532 4913; x_wconf 85' lang='lat' dir='ltr'><strong>aut</strong></span> <span class='ocrx_word' id='word_1_740' title='bbox 1553 4868 1699 4915; x_wconf 89' lang='lat' dir='ltr'><strong>certe</strong></span> <span class='ocrx_word' id='word_1_741' title='bbox 1715 4861 1894 4915; x_wconf 89' lang='lat' dir='ltr'><strong>locum</strong></span> 
     </span>
    </p>
   </div>
   <div class='ocr_carea' id='block_1_98' title="bbox 330 4944 1894 5020">
    <p class='ocr_par' dir='ltr' id='par_1_98' title="bbox 330 4944 1894 5020">
     <span class='ocr_line' id='line_1_98' title="bbox 330 4944 1894 5020; baseline 0.004 -22"><span class='ocrx_word' id='word_1_742' title='bbox 330 4944 708 5011; x_wconf 88' lang='lat' dir='ltr'><strong>depravatum,</strong></span> <span class='ocrx_word' id='word_1_743' title='bbox 753 4954 806 5000; x_wconf 88' lang='lat' dir='ltr'><strong>et</strong></span> <span class='ocrx_word' id='word_1_744' title='bbox 835 4947 1120 5017; x_wconf 81' lang='lat' dir='ltr'><strong>legendum</strong></span> <span class='ocrx_word' id='word_1_745' title='bbox 1156 4964 1280 5004; x_wconf 89' lang='lat' dir='ltr'><strong>esse</strong></span> <span class='ocrx_word' id='word_1_746' title='bbox 1314 4947 1581 5018; x_wconf 73' lang='grc' dir='ltr'><strong>Κλήμης,</strong></span> <span class='ocrx_word' id='word_1_747' title='bbox 1611 4967 1719 5005; x_wconf 91' lang='lat' dir='ltr'><strong>non</strong></span> <span class='ocrx_word' id='word_1_748' title='bbox 1744 4954 1894 5020; x_wconf 79' lang='lat' dir='ltr'><strong>Bap-</strong></span> 
     </span>
    </p>
   </div>
   <div class='ocr_carea' id='block_1_99' title="bbox 328 5032 1893 5109">
    <p class='ocr_par' dir='ltr' id='par_1_99' title="bbox 328 5032 1893 5109">
     <span class='ocr_line' id='line_1_99' title="bbox 328 5032 1893 5109; baseline 0.006 -23"><span class='ocrx_word' id='word_1_749' title='bbox 328 5034 534 5100; x_wconf 80' lang='grc' dir='ltr'><strong>νάϐας.</strong></span> <span class='ocrx_word' id='word_1_750' title='bbox 584 5032 720 5089; x_wconf 82' lang='lat' dir='ltr'><strong>Nam</strong></span> <span class='ocrx_word' id='word_1_751' title='bbox 763 5037 852 5092; x_wconf 92' lang='lat' dir='ltr'><strong>hic</strong></span> <span class='ocrx_word' id='word_1_752' title='bbox 895 5039 1048 5094; x_wconf 90' lang='lat' dir='ltr'><strong>locus</strong></span> <span class='ocrx_word' id='word_1_753' title='bbox 1093 5039 1322 5094; x_wconf 90' lang='lat' dir='ltr'><strong>habetur</strong></span> <span class='ocrx_word' id='word_1_754' title='bbox 1353 5041 1405 5092; x_wconf 91' lang='lat' dir='ltr'><strong>in</strong></span> <span class='ocrx_word' id='word_1_755' title='bbox 1455 5041 1679 5109; x_wconf 83' lang='lat' dir='ltr'><strong>cpistola</strong></span> <span class='ocrx_word' id='word_1_756' title='bbox 1721 5043 1893 5096; x_wconf 85' lang='lat' dir='ltr'><strong>sancti</strong></span> 
     </span>
    </p>
   </div>
   <div class='ocr_carea' id='block_1_100' title="bbox 327 5125 1896 5199">
    <p class='ocr_par' dir='ltr' id='par_1_100' title="bbox 327 5125 1896 5199">
     <span class='ocr_line' id='line_1_100' title="bbox 327 5125 1896 5199; baseline 0.004 -18"><span class='ocrx_word' id='word_1_757' title='bbox 327 5125 628 5181; x_wconf 90' lang='lat' dir='ltr'><strong>Clementis</strong></span> <span class='ocrx_word' id='word_1_758' title='bbox 659 5128 724 5182; x_wconf 92' lang='lat' dir='ltr'><strong>ad</strong></span> <span class='ocrx_word' id='word_1_759' title='bbox 758 5128 1093 5199; x_wconf 84' lang='lat' dir='ltr'><strong>Corinthios,</strong></span> <span class='ocrx_word' id='word_1_760' title='bbox 1129 5133 1218 5186; x_wconf 90' lang='lat' dir='ltr'><strong>ubi</strong></span> <span class='ocrx_word' id='word_1_761' title='bbox 1252 5133 1392 5187; x_wconf 87' lang='lat' dir='ltr'><strong>idem</strong></span> <span class='ocrx_word' id='word_1_762' title='bbox 1425 5132 1576 5187; x_wconf 90' lang='lat' dir='ltr'><strong>locus</strong></span> <span class='ocrx_word' id='word_1_763' title='bbox 1597 5131 1896 5188; x_wconf 68' lang='lat' dir='ltr'><strong>Psalmistae</strong></span> 
     </span>
    </p>
   </div>
   <div class='ocr_carea' id='block_1_101' title="bbox 325 5215 1897 5295">
    <p class='ocr_par' dir='ltr' id='par_1_101' title="bbox 325 5215 1897 5295">
     <span class='ocr_line' id='line_1_101' title="bbox 325 5215 1897 5295; baseline 0.003 -22"><span class='ocrx_word' id='word_1_764' title='bbox 325 5215 616 5287; x_wconf 76' lang='lat' dir='ltr'><strong>exponitur</strong></span> <span class='ocrx_word' id='word_1_765' title='bbox 649 5237 664 5275; x_wconf 90' lang='lat'><strong>:</strong></span> <span class='ocrx_word' id='word_1_766' title='bbox 700 5239 718 5271; x_wconf 77' lang='grc' dir='ltr'><strong>ι</strong></span> <span class='ocrx_word' id='word_1_767' title='bbox 748 5219 892 5293; x_wconf 78' lang='grc' dir='ltr'>Αὕτη</span> <span class='ocrx_word' id='word_1_768' title='bbox 924 5223 1122 5295; x_wconf 78' lang='grc' dir='ltr'>ἡπύλη</span> <span class='ocrx_word' id='word_1_769' title='bbox 1161 5221 1256 5276; x_wconf 80' lang='grc' dir='ltr'>τοῦ</span> <span class='ocrx_word' id='word_1_770' title='bbox 1299 5224 1522 5294; x_wconf 85' lang='grc' dir='ltr'>Κυρίου,</span> <span class='ocrx_word' id='word_1_771' title='bbox 1557 5224 1751 5277; x_wconf 82' lang='grc' dir='ltr'>δίκαιοι</span> <span class='ocrx_word' id='word_1_772' title='bbox 1785 5227 1897 5277; x_wconf 90' lang='grc' dir='ltr'>είσ-</span> 
     </span>
    </p>
   </div>
   <div class='ocr_carea' id='block_1_102' title="bbox 325 5309 1892 5386">
    <p class='ocr_par' dir='ltr' id='par_1_102' title="bbox 325 5309 1892 5386">
     <span class='ocr_line' id='line_1_102' title="bbox 325 5309 1892 5386; baseline 0.003 -22"><span class='ocrx_word' id='word_1_773' title='bbox 325 5309 635 5366; x_wconf 73' lang='grc' dir='ltr'>ελεύσονται</span> <span class='ocrx_word' id='word_1_774' title='bbox 663 5311 720 5364; x_wconf 84' lang='grc' dir='ltr'><strong>ὲν</strong></span> <span class='ocrx_word' id='word_1_775' title='bbox 749 5312 902 5383; x_wconf 78' lang='grc' dir='ltr'>αὐτῇ.</span> <span class='ocrx_word' id='word_1_776' title='bbox 940 5331 958 5362; x_wconf 70' lang='grc' dir='ltr'><strong>ι</strong></span> <span class='ocrx_word' id='word_1_777' title='bbox 992 5313 1208 5369; x_wconf 80' lang='grc' dir='ltr'>Πολλῶν</span> <span class='ocrx_word' id='word_1_778' title='bbox 1229 5310 1321 5368; x_wconf 80' lang='grc' dir='ltr'><strong>οὖν</strong></span> <span class='ocrx_word' id='word_1_779' title='bbox 1344 5313 1525 5367; x_wconf 85' lang='grc' dir='ltr'>πυλῶν</span> <span class='ocrx_word' id='word_1_780' title='bbox 1565 5316 1892 5386; x_wconf 81' lang='grc' dir='ltr'>ἀνεῳγυιῶν,</span> 
     </span>
    </p>
   </div>
   <div class='ocr_carea' id='block_1_103' title="bbox 326 5400 1896 5478">
    <p class='ocr_par' dir='ltr' id='par_1_103' title="bbox 326 5400 1896 5478">
     <span class='ocr_line' id='line_1_103' title="bbox 326 5400 1896 5478; baseline 0.003 -23"><span class='ocrx_word' id='word_1_781' title='bbox 326 5401 361 5472; x_wconf 81' lang='grc' dir='ltr'>ὴ</span> <span class='ocrx_word' id='word_1_782' title='bbox 384 5402 442 5456; x_wconf 77' lang='grc' dir='ltr'><strong>ἐν</strong></span> <span class='ocrx_word' id='word_1_783' title='bbox 473 5403 788 5477; x_wconf 74' lang='grc' dir='ltr'>δικαιοσύνῃ</span> <span class='ocrx_word' id='word_1_784' title='bbox 811 5402 948 5473; x_wconf 79' lang='grc' dir='ltr'>αὕτη</span> <span class='ocrx_word' id='word_1_785' title='bbox 986 5405 1131 5458; x_wconf 64' lang='grc' dir='ltr'>ἐστὶ]</span> <span class='ocrx_word' id='word_1_786' title='bbox 1158 5406 1190 5476; x_wconf 78' lang='grc' dir='ltr'><strong>ἡ</strong></span> <span class='ocrx_word' id='word_1_787' title='bbox 1218 5407 1275 5458; x_wconf 85' lang='grc' dir='ltr'><strong>ὲν</strong></span> <span class='ocrx_word' id='word_1_788' title='bbox 1307 5405 1526 5476; x_wconf 69' lang='grc' dir='ltr'>Χριστῷ</span> <span class='ocrx_word' id='word_1_789' title='bbox 1559 5407 1616 5458; x_wconf 82' lang='grc' dir='ltr'>ὲν</span> <span class='ocrx_word' id='word_1_790' title='bbox 1648 5400 1681 5478; x_wconf 79' lang='grc' dir='ltr'>ᾖ</span> <span class='ocrx_word' id='word_1_791' title='bbox 1719 5406 1896 5476; x_wconf 88' lang='grc' dir='ltr'>μακά-</span> 
     </span>
    </p>
   </div>
   <div class='ocr_carea' id='block_1_104' title="bbox 331 5484 1895 5565">
    <p class='ocr_par' dir='ltr' id='par_1_104' title="bbox 331 5484 1895 5565">
     <span class='ocr_line' id='line_1_104' title="bbox 331 5484 1895 5565; baseline 0.004 -23"><span class='ocrx_word' id='word_1_792' title='bbox 331 5506 431 5558; x_wconf 90' lang='grc' dir='ltr'>ριοι</span> <span class='ocrx_word' id='word_1_793' title='bbox 461 5492 659 5556; x_wconf 76' lang='grc' dir='ltr'>πάντες</span> <span class='ocrx_word' id='word_1_794' title='bbox 687 5493 738 5546; x_wconf 82' lang='lat' dir='ltr'><strong>oi</strong></span> <span class='ocrx_word' id='word_1_795' title='bbox 772 5491 1120 5555; x_wconf 77' lang='grc' dir='ltr'>εἰσελθόντες.</span> <span class='ocrx_word' id='word_1_796' title='bbox 1151 5494 1209 5548; x_wconf 87' lang='lat' dir='ltr'><strong>Id</strong></span> <span class='ocrx_word' id='word_1_797' title='bbox 1235 5507 1318 5550; x_wconf 82' lang='lat' dir='ltr'><strong>est</strong></span> <span class='ocrx_word' id='word_1_798' title='bbox 1350 5516 1362 5549; x_wconf 90' lang='lat'><strong>:</strong></span> <span class='ocrx_word' id='word_1_799' title='bbox 1401 5514 1419 5547; x_wconf 77' lang='grc' dir='ltr'><strong>ι</strong></span> <span class='ocrx_word' id='word_1_800' title='bbox 1448 5484 1575 5550; x_wconf 78' lang='grc' dir='ltr'>Ηωε</span> <span class='ocrx_word' id='word_1_801' title='bbox 1602 5505 1756 5565; x_wconf 85' lang='lat' dir='ltr'><strong>porta</strong></span> <span class='ocrx_word' id='word_1_802' title='bbox 1791 5495 1895 5549; x_wconf 89' lang='lat' dir='ltr'><strong>Do-</strong></span> 
     </span>
    </p>
   </div>
   <div class='ocr_carea' id='block_1_105' title="bbox 327 5581 1896 5665">
    <p class='ocr_par' dir='ltr' id='par_1_105' title="bbox 327 5581 1896 5665">
     <span class='ocr_line' id='line_1_105' title="bbox 327 5581 1896 5665; baseline 0.006 -32"><span class='ocrx_word' id='word_1_803' title='bbox 327 5581 478 5644; x_wconf 85' lang='lat' dir='ltr'><strong>mini,</strong></span> <span class='ocrx_word' id='word_1_804' title='bbox 499 5583 636 5665; x_wconf 64' lang='lat' dir='ltr'><strong>justi</strong></span> <span class='ocrx_word' id='word_1_805' title='bbox 667 5583 940 5638; x_wconf 80' lang='lat' dir='ltr'><strong>intrabunt</strong></span> <span class='ocrx_word' id='word_1_806' title='bbox 965 5585 1019 5638; x_wconf 88' lang='lat' dir='ltr'><strong>in</strong></span> <span class='ocrx_word' id='word_1_807' title='bbox 1032 5600 1167 5639; x_wconf 89' lang='lat' dir='ltr'><strong>eam.</strong></span> <span class='ocrx_word' id='word_1_808' title='bbox 1193 5605 1210 5637; x_wconf 74' lang='grc' dir='ltr'><strong>ι</strong></span> <span class='ocrx_word' id='word_1_809' title='bbox 1235 5585 1367 5641; x_wconf 90' lang='lat' dir='ltr'><strong>Cum</strong></span> <span class='ocrx_word' id='word_1_810' title='bbox 1389 5588 1553 5658; x_wconf 85' lang='lat' dir='ltr'><strong>igitur</strong></span> <span class='ocrx_word' id='word_1_811' title='bbox 1573 5588 1754 5642; x_wconf 79' lang='lat' dir='ltr'><strong>multa:</strong></span> <span class='ocrx_word' id='word_1_812' title='bbox 1775 5604 1896 5656; x_wconf 82' lang='lat' dir='ltr'><strong>por—</strong></span> 
     </span>
    </p>
   </div>
   <div class='ocr_carea' id='block_1_106' title="bbox 332 5677 1894 5748">
    <p class='ocr_par' dir='ltr' id='par_1_106' title="bbox 332 5677 1894 5748">
     <span class='ocr_line' id='line_1_106' title="bbox 332 5677 1894 5748; baseline 0.008 -24"><span class='ocrx_word' id='word_1_813' title='bbox 332 5681 398 5726; x_wconf 69' lang='lat' dir='ltr'><strong>te</strong></span> <span class='ocrx_word' id='word_1_814' title='bbox 437 5683 631 5744; x_wconf 68' lang='lat' dir='ltr'><strong>apertae</strong></span> <span class='ocrx_word' id='word_1_815' title='bbox 669 5677 814 5744; x_wconf 86' lang='lat' dir='ltr'><strong>sint,</strong></span> <span class='ocrx_word' id='word_1_816' title='bbox 860 5692 978 5748; x_wconf 79' lang='lat' dir='ltr'><strong>qua:</strong></span> <span class='ocrx_word' id='word_1_817' title='bbox 1010 5677 1061 5729; x_wconf 90' lang='lat' dir='ltr'><strong>in</strong></span> <span class='ocrx_word' id='word_1_818' title='bbox 1097 5677 1313 5745; x_wconf 86' lang='lat' dir='ltr'><strong>jnstitia</strong></span> <span class='ocrx_word' id='word_1_819' title='bbox 1358 5690 1472 5746; x_wconf 88' lang='lat' dir='ltr'><strong>est,</strong></span> <span class='ocrx_word' id='word_1_820' title='bbox 1518 5681 1698 5734; x_wconf 87' lang='lat' dir='ltr'><strong>eadem</strong></span> <span class='ocrx_word' id='word_1_821' title='bbox 1743 5691 1791 5734; x_wconf 83' lang='lat' dir='ltr'><strong>et</strong></span> <span class='ocrx_word' id='word_1_822' title='bbox 1841 5681 1894 5736; x_wconf 86' lang='lat' dir='ltr'><strong>in</strong></span> 
     </span>
    </p>
   </div>
   <div class='ocr_carea' id='block_1_107' title="bbox 1996 4484 3564 4559">
    <p class='ocr_par' dir='ltr' id='par_1_107' title="bbox 1996 4484 3564 4559">
     <span class='ocr_line' id='line_1_107' title="bbox 1996 4484 3564 4559; baseline -0.002 -16"><span class='ocrx_word' id='word_1_823' title='bbox 1996 4503 2104 4543; x_wconf 89' lang='lat' dir='ltr'><strong>non</strong></span> <span class='ocrx_word' id='word_1_824' title='bbox 2141 4488 2410 4559; x_wconf 86' lang='lat' dir='ltr'><strong>signiﬁcat</strong></span> <span class='ocrx_word' id='word_1_825' title='bbox 2457 4503 2701 4559; x_wconf 90' lang='lat' dir='ltr'><strong>germen,</strong></span> <span class='ocrx_word' id='word_1_826' title='bbox 2734 4487 2826 4542; x_wconf 92' lang='lat' dir='ltr'><strong>sed</strong></span> <span class='ocrx_word' id='word_1_827' title='bbox 2864 4484 3246 4541; x_wconf 81' lang='lat' dir='ltr'><strong>consolatorem</strong></span> <span class='ocrx_word' id='word_1_828' title='bbox 3275 4521 3290 4548; x_wconf 86' lang='lat'><strong>,</strong></span> <span class='ocrx_word' id='word_1_829' title='bbox 3320 4493 3454 4540; x_wconf 90' lang='lat' dir='ltr'><strong>teste</strong></span> <span class='ocrx_word' id='word_1_830' title='bbox 3478 4501 3564 4540; x_wconf 86' lang='lat' dir='ltr'><strong>eo-</strong></span> 
     </span>
    </p>
   </div>
   <div class='ocr_carea' id='block_1_108' title="bbox 1995 4576 3564 4649">
    <p class='ocr_par' dir='ltr' id='par_1_108' title="bbox 1995 4576 3564 4649">
     <span class='ocr_line' id='line_1_108' title="bbox 1995 4576 3564 4649; baseline -0.002 -14"><span class='ocrx_word' id='word_1_831' title='bbox 1995 4582 2118 4635; x_wconf 86' lang='lat' dir='ltr'><strong>dem</strong></span> <span class='ocrx_word' id='word_1_832' title='bbox 2147 4579 2478 4649; x_wconf 82' lang='lat' dir='ltr'><strong>Hieronymo</strong></span> <span class='ocrx_word' id='word_1_833' title='bbox 2500 4623 2514 4644; x_wconf 95' lang='lat'><strong>,</strong></span> <span class='ocrx_word' id='word_1_834' title='bbox 2549 4579 2673 4633; x_wconf 89' lang='lat' dir='ltr'><strong>libri</strong></span> <span class='ocrx_word' id='word_1_835' title='bbox 2711 4579 2860 4633; x_wconf 88' lang='lat' dir='ltr'><strong>citati</strong></span> <span class='ocrx_word' id='word_1_836' title='bbox 2888 4579 3064 4648; x_wconf 85' lang='lat' dir='ltr'><strong>capite</strong></span> <span class='ocrx_word' id='word_1_837' title='bbox 3092 4578 3158 4632; x_wconf 93' lang='lat' dir='ltr'><strong>de</strong></span> <span class='ocrx_word' id='word_1_838' title='bbox 3179 4576 3337 4641; x_wconf 85' lang='lat' dir='ltr'><strong>Jona,</strong></span> <span class='ocrx_word' id='word_1_839' title='bbox 3379 4585 3433 4630; x_wconf 89' lang='lat' dir='ltr'><strong>et</strong></span> <span class='ocrx_word' id='word_1_840' title='bbox 3457 4576 3564 4632; x_wconf 85' lang='lat' dir='ltr'><strong>Na—</strong></span> 
     </span>
    </p>
   </div>
   <div class='ocr_carea' id='block_1_109' title="bbox 1995 4668 3560 4740">
    <p class='ocr_par' dir='ltr' id='par_1_109' title="bbox 1995 4668 3560 4740">
     <span class='ocr_line' id='line_1_109' title="bbox 1995 4668 3560 4740; baseline -0.003 -15"><span class='ocrx_word' id='word_1_841' title='bbox 1995 4672 2148 4727; x_wconf 87' lang='lat' dir='ltr'><strong>hum.</strong></span> <span class='ocrx_word' id='word_1_842' title='bbox 2181 4671 2418 4737; x_wconf 91' lang='lat' dir='ltr'><strong>Nahum,</strong></span> <span class='ocrx_word' id='word_1_843' title='bbox 2460 4671 2653 4740; x_wconf 91' lang='lat' dir='ltr'><strong>inquit,</strong></span> <span class='ocrx_word' id='word_1_844' title='bbox 2699 4670 3017 4737; x_wconf 82' lang='lat' dir='ltr'><strong>consolator,</strong></span> <span class='ocrx_word' id='word_1_845' title='bbox 3053 4685 3084 4722; x_wconf 90' lang='lat' dir='ltr'><strong>a</strong></span> <span class='ocrx_word' id='word_1_846' title='bbox 3117 4668 3299 4722; x_wconf 86' lang='lat' dir='ltr'><strong>radice</strong></span> <span class='ocrx_word' id='word_1_847' title='bbox 3337 4678 3461 4734; x_wconf 70' lang='lat' dir='ltr'><strong>ora,</strong></span> <span class='ocrx_word' id='word_1_848' title='bbox 3507 4669 3560 4721; x_wconf 92' lang='lat' dir='ltr'><strong>id</strong></span> 
     </span>
    </p>
   </div>
   <div class='ocr_carea' id='block_1_110' title="bbox 1995 4759 3560 4830">
    <p class='ocr_par' dir='ltr' id='par_1_110' title="bbox 1995 4759 3560 4830">
     <span class='ocr_line' id='line_1_110' title="bbox 1995 4759 3560 4830; baseline -0.003 -14"><span class='ocrx_word' id='word_1_849' title='bbox 1995 4770 2080 4817; x_wconf 89' lang='lat' dir='ltr'><strong>est</strong></span> <span class='ocrx_word' id='word_1_850' title='bbox 2103 4762 2389 4820; x_wconf 88' lang='lat' dir='ltr'><strong>consolari.</strong></span> <span class='ocrx_word' id='word_1_851' title='bbox 2429 4763 2498 4816; x_wconf 85' lang='lat' dir='ltr'><strong>At</strong></span> <span class='ocrx_word' id='word_1_852' title='bbox 2526 4759 2695 4827; x_wconf 84' lang='lat' dir='ltr'><strong>Nave,</strong></span> <span class='ocrx_word' id='word_1_853' title='bbox 2740 4777 2835 4818; x_wconf 91' lang='lat' dir='ltr'><strong>seu</strong></span> <span class='ocrx_word' id='word_1_854' title='bbox 2880 4760 3002 4816; x_wconf 87' lang='lat' dir='ltr'><strong>Nun</strong></span> <span class='ocrx_word' id='word_1_855' title='bbox 3027 4769 3376 4830; x_wconf 84' lang='lat' dir='ltr'><strong>estgermen,</strong></span> <span class='ocrx_word' id='word_1_856' title='bbox 3405 4759 3560 4828; x_wconf 86' lang='lat' dir='ltr'><strong>juxta</strong></span> 
     </span>
    </p>
   </div>
   <div class='ocr_carea' id='block_1_111' title="bbox 1995 4849 3559 4924">
    <p class='ocr_par' dir='ltr' id='par_1_111' title="bbox 1995 4849 3559 4924">
     <span class='ocr_line' id='line_1_111' title="bbox 1995 4849 3559 4924; baseline -0.002 -16"><span class='ocrx_word' id='word_1_857' title='bbox 1995 4853 2246 4909; x_wconf 89' lang='lat' dir='ltr'><strong>eumdem</strong></span> <span class='ocrx_word' id='word_1_858' title='bbox 2282 4851 2693 4924; x_wconf 83' lang='lat' dir='ltr'><strong>Hieronymum,</strong></span> <span class='ocrx_word' id='word_1_859' title='bbox 2717 4853 2963 4924; x_wconf 83' lang='lat' dir='ltr'><strong>ejusdem</strong></span> <span class='ocrx_word' id='word_1_860' title='bbox 2993 4852 3089 4907; x_wconf 93' lang='lat' dir='ltr'><strong>lib.</strong></span> <span class='ocrx_word' id='word_1_861' title='bbox 3116 4866 3236 4920; x_wconf 88' lang='lat' dir='ltr'><strong>cap.</strong></span> <span class='ocrx_word' id='word_1_862' title='bbox 3273 4851 3296 4903; x_wconf 84' lang='lat' dir='ltr'><strong>l</strong></span> <span class='ocrx_word' id='word_1_863' title='bbox 3337 4869 3350 4904; x_wconf 90' lang='lat'>:</span> <span class='ocrx_word' id='word_1_864' title='bbox 3392 4849 3559 4917; x_wconf 81' lang='lat' dir='ltr'><strong>Nave,</strong></span> 
     </span>
    </p>
   </div>
   <div class='ocr_carea' id='block_1_112' title="bbox 1997 4941 3562 5016">
    <p class='ocr_par' dir='ltr' id='par_1_112' title="bbox 1997 4941 3562 5016">
     <span class='ocr_line' id='line_1_112' title="bbox 1997 4941 3562 5016; baseline -0.001 -16"><span class='ocrx_word' id='word_1_865' title='bbox 1997 4963 2192 5012; x_wconf 82' lang='lat' dir='ltr'><strong>semen,</strong></span> <span class='ocrx_word' id='word_1_866' title='bbox 2221 4961 2449 5016; x_wconf 84' lang='lat' dir='ltr'><strong>germen,</strong></span> <span class='ocrx_word' id='word_1_867' title='bbox 2476 4945 2552 4999; x_wconf 87' lang='lat' dir='ltr'><strong>vel</strong></span> <span class='ocrx_word' id='word_1_868' title='bbox 2582 4945 2942 5014; x_wconf 86' lang='lat' dir='ltr'><strong>pulchritudo,</strong></span> <span class='ocrx_word' id='word_1_869' title='bbox 2967 4961 2997 4999; x_wconf 86' lang='lat' dir='ltr'><strong>a</strong></span> <span class='ocrx_word' id='word_1_870' title='bbox 3033 4943 3200 4999; x_wconf 86' lang='lat' dir='ltr'><strong>verbo</strong></span> <span class='ocrx_word' id='word_1_871' title='bbox 3227 4941 3562 5014; x_wconf 83' lang='lat' dir='ltr'><strong>conjugatio—</strong></span> 
     </span>
    </p>
   </div>
   <div class='ocr_carea' id='block_1_113' title="bbox 1998 5034 3014 5122">
    <p class='ocr_par' dir='ltr' id='par_1_113' title="bbox 1998 5034 3014 5122">
     <span class='ocr_line' id='line_1_113' title="bbox 1998 5034 3014 5122; baseline -0.004 -32"><span class='ocrx_word' id='word_1_872' title='bbox 1998 5037 2083 5090; x_wconf 90' lang='lat' dir='ltr'><strong>nis</strong></span> <span class='ocrx_word' id='word_1_873' title='bbox 2110 5034 2310 5104; x_wconf 88' lang='lat' dir='ltr'><strong>Niphal</strong></span> <span class='ocrx_word' id='word_1_874' title='bbox 2329 5041 2440 5122; x_wconf 68' lang='grc' dir='ltr'>τω,</span> <span class='ocrx_word' id='word_1_875' title='bbox 2472 5034 2525 5088; x_wconf 92' lang='lat' dir='ltr'><strong>id</strong></span> <span class='ocrx_word' id='word_1_876' title='bbox 2560 5044 2642 5089; x_wconf 88' lang='lat' dir='ltr'><strong>est</strong></span> <span class='ocrx_word' id='word_1_877' title='bbox 2668 5034 3014 5104; x_wconf 64' lang='lat' dir='ltr'><strong>germinabit.j</strong></span> 
     </span>
    </p>
   </div>
   <div class='ocr_carea' id='block_1_114' title="bbox 2067 5127 3564 5185">
    <p class='ocr_par' dir='ltr' id='par_1_114' title="bbox 2067 5127 3564 5185">
     <span class='ocr_line' id='line_1_114' title="bbox 2067 5127 3564 5185; baseline -0.001 -1"><span class='ocrx_word' id='word_1_878' title='bbox 2067 5128 2422 5185; x_wconf 87' lang='lat' dir='ltr'><strong>Cumautem</strong></span> <span class='ocrx_word' id='word_1_879' title='bbox 2473 5129 2588 5184; x_wconf 83' lang='lat' dir='ltr'><strong>haec</strong></span> <span class='ocrx_word' id='word_1_880' title='bbox 2637 5128 2798 5184; x_wconf 89' lang='lat' dir='ltr'><strong>unica</strong></span> <span class='ocrx_word' id='word_1_881' title='bbox 2840 5127 3050 5182; x_wconf 87' lang='lat' dir='ltr'><strong>feratur</strong></span> <span class='ocrx_word' id='word_1_882' title='bbox 3095 5129 3267 5183; x_wconf 86' lang='lat' dir='ltr'><strong>sancti</strong></span> <span class='ocrx_word' id='word_1_883' title='bbox 3304 5127 3564 5182; x_wconf 63' lang='lat' dir='ltr'><strong>Barnabas</strong></span> 
     </span>
    </p>
   </div>
   <div class='ocr_carea' id='block_1_115' title="bbox 1996 5219 3562 5291">
    <p class='ocr_par' dir='ltr' id='par_1_115' title="bbox 1996 5219 3562 5291">
     <span class='ocr_line' id='line_1_115' title="bbox 1996 5219 3562 5291; baseline -0.001 -17"><span class='ocrx_word' id='word_1_884' title='bbox 1996 5221 2268 5291; x_wconf 81' lang='lat' dir='ltr'><strong>Epistola,</strong></span> <span class='ocrx_word' id='word_1_885' title='bbox 2302 5222 2601 5276; x_wconf 87' lang='lat' dir='ltr'><strong>notandum</strong></span> <span class='ocrx_word' id='word_1_886' title='bbox 2633 5230 2810 5276; x_wconf 87' lang='lat' dir='ltr'><strong>tamen</strong></span> <span class='ocrx_word' id='word_1_887' title='bbox 2859 5235 2981 5275; x_wconf 88' lang='lat' dir='ltr'><strong>esse</strong></span> <span class='ocrx_word' id='word_1_888' title='bbox 3008 5221 3228 5289; x_wconf 86' lang='lat' dir='ltr'><strong>putavi,</strong></span> <span class='ocrx_word' id='word_1_889' title='bbox 3265 5219 3562 5290; x_wconf 84' lang='lat' dir='ltr'><strong>Epistulam</strong></span> 
     </span>
    </p>
   </div>
   <div class='ocr_carea' id='block_1_116' title="bbox 1997 5310 3565 5379">
    <p class='ocr_par' dir='ltr' id='par_1_116' title="bbox 1997 5310 3565 5379">
     <span class='ocr_line' id='line_1_116' title="bbox 1997 5310 3565 5379; baseline -0.003 -13"><span class='ocrx_word' id='word_1_890' title='bbox 1997 5313 2169 5366; x_wconf 89' lang='lat' dir='ltr'><strong>sancti</strong></span> <span class='ocrx_word' id='word_1_891' title='bbox 2201 5311 2349 5366; x_wconf 87' lang='lat' dir='ltr'><strong>Pauli</strong></span> <span class='ocrx_word' id='word_1_892' title='bbox 2383 5313 2447 5367; x_wconf 90' lang='lat' dir='ltr'><strong>ad</strong></span> <span class='ocrx_word' id='word_1_893' title='bbox 2475 5311 2729 5366; x_wconf 75' lang='lat' dir='ltr'><strong>Hebraeos</strong></span> <span class='ocrx_word' id='word_1_894' title='bbox 2755 5328 2784 5365; x_wconf 92' lang='lat' dir='ltr'><strong>a</strong></span> <span class='ocrx_word' id='word_1_895' title='bbox 2812 5311 3166 5376; x_wconf 84' lang='lat' dir='ltr'><strong>Tertulliano,</strong></span> <span class='ocrx_word' id='word_1_896' title='bbox 3198 5312 3338 5366; x_wconf 89' lang='lat' dir='ltr'><strong>libro</strong></span> <span class='ocrx_word' id='word_1_897' title='bbox 3364 5310 3438 5363; x_wconf 91' lang='lat' dir='ltr'><strong>De</strong></span> <span class='ocrx_word' id='word_1_898' title='bbox 3466 5327 3565 5379; x_wconf 77' lang='lat' dir='ltr'><strong>pu-</strong></span> 
     </span>
    </p>
   </div>
   <div class='ocr_carea' id='block_1_117' title="bbox 1995 5406 3563 5475">
    <p class='ocr_par' dir='ltr' id='par_1_117' title="bbox 1995 5406 3563 5475">
     <span class='ocr_line' id='line_1_117' title="bbox 1995 5406 3563 5475; baseline -0.002 -16"><span class='ocrx_word' id='word_1_899' title='bbox 1995 5408 2205 5473; x_wconf 82' lang='lat' dir='ltr'><strong>dicitia,</strong></span> <span class='ocrx_word' id='word_1_900' title='bbox 2242 5417 2430 5462; x_wconf 87' lang='lat' dir='ltr'><strong>sancto</strong></span> <span class='ocrx_word' id='word_1_901' title='bbox 2473 5407 2733 5461; x_wconf 70' lang='lat' dir='ltr'><strong>Barnabse</strong></span> <span class='ocrx_word' id='word_1_902' title='bbox 2761 5406 3010 5475; x_wconf 90' lang='lat' dir='ltr'><strong>attribui,</strong></span> <span class='ocrx_word' id='word_1_903' title='bbox 3052 5417 3110 5460; x_wconf 93' lang='lat' dir='ltr'><strong>ut</strong></span> <span class='ocrx_word' id='word_1_904' title='bbox 3147 5406 3353 5460; x_wconf 82' lang='lat' dir='ltr'><strong>clarum</strong></span> <span class='ocrx_word' id='word_1_905' title='bbox 3390 5414 3563 5459; x_wconf 83' lang='lat' dir='ltr'><strong>estex</strong></span> 
     </span>
    </p>
   </div>
   <div class='ocr_carea' id='block_1_118' title="bbox 1997 5494 3562 5568">
    <p class='ocr_par' dir='ltr' id='par_1_118' title="bbox 1997 5494 3562 5568">
     <span class='ocr_line' id='line_1_118' title="bbox 1997 5494 3562 5568; baseline -0.003 -17"><span class='ocrx_word' id='word_1_906' title='bbox 1997 5499 2114 5568; x_wconf 86' lang='lat' dir='ltr'><strong>ejus</strong></span> <span class='ocrx_word' id='word_1_907' title='bbox 2146 5499 2365 5554; x_wconf 81' lang='lat' dir='ltr'><strong>verbis:</strong></span> <span class='ocrx_word' id='word_1_908' title='bbox 2401 5497 2592 5553; x_wconf 70' lang='lat' dir='ltr'><strong>Exstat</strong></span> <span class='ocrx_word' id='word_1_909' title='bbox 2609 5500 2746 5552; x_wconf 87' lang='lat' dir='ltr'><strong>enim</strong></span> <span class='ocrx_word' id='word_1_910' title='bbox 2770 5508 2818 5552; x_wconf 89' lang='lat' dir='ltr'><strong>et</strong></span> <span class='ocrx_word' id='word_1_911' title='bbox 2843 5497 3106 5552; x_wconf 77' lang='lat' dir='ltr'><strong>Barnabw</strong></span> <span class='ocrx_word' id='word_1_912' title='bbox 3129 5497 3315 5551; x_wconf 88' lang='lat' dir='ltr'><strong>titulus</strong></span> <span class='ocrx_word' id='word_1_913' title='bbox 3349 5497 3417 5551; x_wconf 88' lang='lat' dir='ltr'><strong>ad</strong></span> <span class='ocrx_word' id='word_1_914' title='bbox 3451 5494 3562 5548; x_wconf 83' lang='lat' dir='ltr'><strong>Ile—</strong></span> 
     </span>
    </p>
   </div>
   <div class='ocr_carea' id='block_1_119' title="bbox 1999 5577 3562 5660">
    <p class='ocr_par' dir='ltr' id='par_1_119' title="bbox 1999 5577 3562 5660">
     <span class='ocr_line' id='line_1_119' title="bbox 1999 5577 3562 5660; baseline 0.002 -20"><span class='ocrx_word' id='word_1_915' title='bbox 1999 5589 2196 5652; x_wconf 75' lang='lat' dir='ltr'><strong>brleos;</strong></span> <span class='ocrx_word' id='word_1_916' title='bbox 2227 5590 2356 5643; x_wconf 86' lang='lat' dir='ltr'><strong>adeo</strong></span> <span class='ocrx_word' id='word_1_917' title='bbox 2391 5591 2521 5643; x_wconf 81' lang='lat' dir='ltr'><strong>satis</strong></span> <span class='ocrx_word' id='word_1_918' title='bbox 2546 5590 2883 5644; x_wconf 84' lang='lat' dir='ltr'><strong>auctoritatis</strong></span> <span class='ocrx_word' id='word_1_919' title='bbox 2909 5589 3043 5654; x_wconf 82' lang='lat' dir='ltr'><strong>viro,</strong></span> <span class='ocrx_word' id='word_1_920' title='bbox 3081 5599 3137 5642; x_wconf 91' lang='lat' dir='ltr'><strong>ut</strong></span> <span class='ocrx_word' id='word_1_921' title='bbox 3167 5577 3562 5660; x_wconf 40' lang='lat' dir='ltr'><strong>quem-Paulus</strong></span> 
     </span>
    </p>
   </div>
   <div class='ocr_carea' id='block_1_120' title="bbox 1991 5680 3562 5750">
    <p class='ocr_par' dir='ltr' id='par_1_120' title="bbox 1991 5680 3562 5750">
     <span class='ocr_line' id='line_1_120' title="bbox 1991 5680 3562 5750; baseline 0 -18"><span class='ocrx_word' id='word_1_922' title='bbox 1991 5681 2146 5749; x_wconf 72' lang='lat' dir='ltr'><strong>juxta</strong></span> <span class='ocrx_word' id='word_1_923' title='bbox 2179 5695 2231 5734; x_wconf 86' lang='lat' dir='ltr'><strong>se</strong></span> <span class='ocrx_word' id='word_1_924' title='bbox 2266 5680 2593 5735; x_wconf 82' lang='lat' dir='ltr'><strong>constituerit</strong></span> <span class='ocrx_word' id='word_1_925' title='bbox 2619 5682 2670 5734; x_wconf 89' lang='lat' dir='ltr'><strong>in</strong></span> <span class='ocrx_word' id='word_1_926' title='bbox 2701 5680 3029 5736; x_wconf 83' lang='lat' dir='ltr'><strong>abstinentia:</strong></span> <span class='ocrx_word' id='word_1_927' title='bbox 3057 5689 3268 5736; x_wconf 78' lang='lat' dir='ltr'><strong>tenore:</strong></span> <span class='ocrx_word' id='word_1_928' title='bbox 3302 5680 3562 5750; x_wconf 70' lang='lat' dir='ltr'><strong>«Autcgo</strong></span> 
     </span>
    </p>
   </div>
  </div>
