4066 6140
457 296 570 355 333

1553 288 1613 347 S.
1651 285 2019 343 BARNABAS
2048 281 2472 338 APOSTOLUS.

3588 279 3694 337 664

441 415 628 486 solus,
646 431 744 474 aut
767 414 1066 483 Barnabas,
1090 428 1192 467 non
1213 411 1464 464 habemus
1484 406 1580 459 hoc
1602 401 1852 473 operandi
1881 409 2027 471 pote-
2056 405 2102 460 Α
2131 399 2298 452 altera
2325 396 2671 466 paraenetica,
2713 397 2765 450 in
2797 411 2904 466 qua
2934 395 3192 468 praeclara
3225 401 3277 449 et
3311 393 3464 450 utilia
3487 393 3695 451 monita

402 567 405 569 _
462 508 721 580 statem:(l
738 507 862 564 Cor.
885 508 962 580 ut)
985 523 1034 560 ;›
1053 514 1102 560 et
1127 505 1305 573 utique
1331 499 1585 567 receptior
1613 497 1752 565 apud
1766 493 2028 547 Ecclesias

461 599 727 653 Barnabas
757 597 982 668 epistola
1001 595 1093 649 illo
1111 591 1408 664 apocrypha
1442 588 1665 643 Pastore
1688 585 2023 640 moechorum.

459 689 676 743 Monens
701 690 878 758 itaque
894 683 1198 754 discipulos,
1226 682 1433 735 omissis
1463 678 1700 732 omnibus
1736 675 1929 740 initiis,
1956 676 2026 728 ad

435 781 826 849 perfectionem
862 779 1027 847 magis
1059 777 1296 836 tendere;
1338 787 1429 825 nec
1466 785 1651 822 rursus
1678 767 2025 836 fundamenta

454 861 770 939 paenitentia
786 865 1040 937 jacerejab
1067 862 1310 934 operibus
1342 868 1699 913 mortuorum:
1737 855 2025 925 «Impossi-

406 1023 410 1038 1
452 964 557 1018 bile
594 965 733 1017 enim
760 971 857 1025 est,
888 961 1082 1031 inquit,
1118 975 1204 1013 eos
1243 957 1333 1026 qui
1371 953 1526 1008 semel
1555 952 1846 1006 illuminati
1876 960 2020 1014 sunt,

367 1068 372 1073 '
453 1067 503 1110 et
527 1057 724 1108 donum
754 1053 956 1108 cwleste
981 1057 1324 1122 gustaverunt
1352 1056 1400 1100 et
1435 1046 1882 1115 participaverunt
1908 1040 2022 1110 Spi-

448 1131 618 1200 ritum
631 1157 893 1211 sanctum,
907 1153 956 1198 et
971 1149 1180 1197 verbum
1199 1139 1294 1193 Dei
1317 1139 1469 1192 dulce
1485 1143 1847 1208 gustaverunt,
1861 1145 2018 1201 ietc.,

451 1254 573 1308 quae
614 1237 780 1291 verba
826 1239 1002 1307 legere
1053 1235 1179 1289 licet
1231 1234 1288 1288 in
1334 1230 1570 1301 Epistola
1611 1227 1767 1283 Pauli
1811 1229 1878 1282 ad
1910 1226 2019 1281 He-

447 1329 646 1393 braos,
668 1342 790 1396 cap.
836 1342 910 1380 vi.
953 1324 1091 1380 Hinc
1126 1322 1421 1393 capiendus
1447 1330 1531 1377 est
1568 1318 1893 1374 Philastrius
1920 1318 2016 1372 lib.

449 1419 528 1474 De
552 1420 856 1495 hieresibus,
883 1433 1003 1488 cap.
1028 1411 1097 1471 60
1126 1437 1139 1471 :
1171 1415 1306 1472 Sunt
1328 1416 1422 1471 alii
1446 1415 1534 1485 qui
1559 1412 1857 1482 Epistolam
1880 1411 2019 1464 beati

450 1510 612 1563 Pauli
645 1511 714 1564 ad
738 1509 988 1567 Hebrteos
1021 1526 1126 1564 non
1149 1518 1397 1563 asserunt
1417 1522 1563 1570 esse;
1592 1504 1681 1558 sed
1702 1503 1906 1569 dicunt,
1924 1512 2018 1554 aut

447 1601 712 1656 Barnabtz
753 1618 864 1656 esse
907 1601 1044 1654 beati
1077 1590 1366 1669 apostoli,
1427 1606 1520 1651 aut
1573 1595 1876 1651 Clementis.
1913 1592 2014 1648 Ubi

446 1693 593 1748 haud
643 1693 808 1749 dubie
847 1692 1240 1748 Tertullianum
1287 1689 1556 1758 intelligit.
1589 1685 1693 1742 Sed
1716 1687 1783 1741 de
1814 1685 1900 1740 bis
1925 1700 2015 1739 sa-

445 1785 516 1839 tis
545 1803 558 1839 :
592 1800 739 1839 nunc
767 1793 943 1840 restat
978 1793 1037 1839 ut
1075 1783 1142 1839 de
1183 1783 1328 1838 illius
1359 1789 1700 1851 argumento,
1733 1779 1848 1832 sive
1883 1778 2014 1832 sub-
2043 1749 2085 1804 Β

392 1945 399 1953 _
439 1868 586 1942 jecto
617 1873 856 1928 breviter
881 1889 1062 1946 agam.

518 1965 772 2043 Epistulae
813 1977 1199 2038 argumentum,
1247 1965 1458 2020 divisio.
1509 1964 1650 2019 Cum
1683 1963 1854 2018 Judaei
1885 1962 2011 2033 qui—

439 2068 565 2122 dam
606 2067 674 2122 ad
721 2066 880 2122 ﬁdem
927 2060 1130 2121 Christi
1181 2061 1428 2122 conversi
1473 2059 1895 2136 galaticarentur
1931 2060 2012 2127 (ut

440 2171 566 2238 eum
597 2158 932 2214 Tertulliano
957 2158 1194 2229 loquar),
1248 2157 1352 2212 hoc
1381 2166 1484 2222 est,
1518 2157 1687 2225 legem
1714 2148 2007 2206 Mosaicam

441 2264 548 2304 una
577 2263 702 2303 cum
724 2248 1018 2319 Evangelia
1034 2247 1373 2303 retinendam
1401 2261 1523 2302 esse
1545 2254 1819 2316 putarent,
1847 2241 2009 2314 idque

335 2351 342 2360 '
438 2341 625 2396 multis
647 2341 979 2397 Christianis
1006 2341 1419 2412 persuaderent,
1460 2349 1683 2396 sanctus
1705 2338 2005 2404 Barnabas,

333 2434 335 2436 ’
436 2433 550 2487 sive
590 2433 714 2502 quis
745 2433 909 2500 alius,
937 2442 1188 2487 sanctum
1233 2431 1466 2486 Paulum
1497 2431 1771 2495 imitatus,
1812 2444 2032 2483 eorum.

433 2524 740 2579 doctrinam
789 2524 895 2579 hac
937 2525 1167 2592 epistola
1203 2523 1505 2578 convellere
1540 2528 1792 2587 conatur,
1822 2520 2007 2574 docet-

434 2629 542 2684 que
585 2614 770 2668 multis
799 2613 1093 2684 Scriptura:
1125 2615 1277 2680 locis,
1312 2629 1376 2668 ac
1404 2613 1614 2683 ﬁguris,
1649 2613 1819 2682 legem
1854 2612 2007 2683 Moy-

361 2703 363 2708 ’
434 2704 512 2758 sis
534 2702 647 2771 jam
683 2703 999 2772 abrogatum
1031 2718 1174 2767 esse,
1209 2703 1368 2772 eique
1404 2701 1756 2771 Evangelium
1786 2716 2005 2756 succes-

434 2794 594 2848 sisse.
623 2791 722 2847 Hic
752 2803 836 2848 est
865 2794 1031 2862 hujus
1060 2794 1303 2862 epistolae
1329 2797 1528 2863 s'copus
1551 2811 1566 2860 ;
1593 2795 1659 2848 ad
1679 2809 1838 2864 quem
1867 2811 2004 2848 nou-

401 2884 581 2938 "nulla
617 2884 726 2950 hic,
771 2900 892 2955 qua:
921 2899 1029 2938 non
1064 2894 1192 2939 sunt
1221 2885 1652 2956 προηγουμένου,
1693 2901 1787 2941 seu
1814 2887 2002 2955 praeci-

433 2979 526 3050 pui
573 2977 900 3049 argumenti,
935 2978 1030 3032 sed
1060 2979 1227 3032 veluti
1271 2979 1581 3033 secundarii
1612 2987 1899 3043 tractatus,
1943 2987 2004 3032 ut

2133 491 2325 546 salutis
2358 502 2412 544 et
2443 497 2710 558 praecepta
2742 488 2962 544 dantur.

2199 578 2363 632 Prior
2387 594 2511 647 pars
2541 576 2796 647 epistolae.
2847 577 3006 634 Prior
3048 593 3176 647 pars
3203 576 3381 646 capita
3407 575 3691 630 duodecim

2127 671 2527 741 complectitur.
2573 669 2630 725 In
2662 673 2841 740 primo
2865 670 2932 726 de
2963 671 3270 726 cessatione
3294 669 3690 724 sacriﬁciorum

2127 763 2378 818 Mosaicae
2423 763 2554 833 legis
2609 763 2820 834 agitur;
2871 761 2924 816 in
2979 761 3220 817 secundo
3255 760 3321 814 de
3355 759 3688 829 jejuniorum

2124 856 2367 924 ejusdem
2397 855 2529 924 legis
2561 854 2889 921 abolitione;
2924 854 2978 907 in
3007 853 3170 908 tertio
3187 852 3364 923 agitur
3387 852 3454 905 de
3482 850 3692 904 instan-

2127 945 2269 1000 tibus
2290 945 2689 1000 calamitatibus
2714 987 2729 1013 ,
2773 945 3242 1013 admonenturque
3276 942 3460 996 ﬁdeles
3485 943 3552 995 ad
3581 941 3691 994 vir-

2125 1045 2302 1090 tutum
2348 1037 2591 1110 studium
2618 1078 2633 1104 ,
2667 1037 2810 1106 quod
2841 1034 3012 1090 Judaei
3053 1035 3168 1090 suis
3191 1032 3421 1104 jejuuiis
3444 1042 3498 1087 et
3523 1045 3692 1087 caere-

2121 1127 2323 1182 moniis
2399 1116 2832 1197 postponebant;
2911 1127 2965 1180 in
3039 1135 3236 1196 quarto
3302 1134 3564 1179 tractatur
3621 1125 3689 1179 de

2119 1220 2324 1276 Christi
2365 1221 2598 1276 adventu
2625 1261 2640 1286 ,
2697 1219 2959 1276 missione
3011 1219 3382 1288 apostolorum
3410 1258 3425 1284 ,
3481 1215 3686 1272 Christi

2119 1314 2376 1385 passione
2407 1322 2460 1369 et
2499 1313 2862 1379 exaltatione;
2901 1311 2955 1366 in
2984 1311 3179 1383 quinto
3211 1311 3277 1365 de
3319 1309 3557 1366 hominis
3602 1324 3690 1363 re-

2117 1407 2398 1476 paratione
2447 1405 2794 1476 disputatur;
2833 1405 2886 1459 in
2923 1414 3078 1461 sexto
3121 1419 3315 1459 rursus
3365 1402 3433 1457 de
3482 1399 3689 1455 Christi

2116 1496 2392 1566 passione,
2425 1503 2480 1551 et
2515 1496 2582 1551 de
2607 1496 2930 1565 quibusdam
2960 1496 3108 1552 illius
3136 1493 3598 1559 circumstantiis;
3630 1492 3685 1547 in

2116 1587 2350 1658 septimo
2394 1588 2461 1643 de
2503 1588 2876 1657 antiquatione
2905 1587 3343 1643 circumcisiouis
3377 1585 3602 1653 veteris,
3633 1593 3688 1640 et

2115 1680 2182 1734 de
2207 1678 2625 1734 circumcisione
2648 1681 2862 1734 aurium
2887 1686 2940 1734 et
2971 1679 3184 1746 cordis;
3217 1679 3269 1732 in
3294 1687 3490 1733 octavo
3505 1676 3574 1734 de
3596 1693 3685 1732 es-

2114 1772 2194 1828 cis
2222 1771 2512 1842 prohibitis
2545 1772 2601 1826 in
2629 1773 2798 1827 veteri
2823 1772 2960 1842 lege,
2998 1771 3174 1840 deque
3197 1770 3414 1824 illarum
3454 1767 3686 1839 mystica

2114 1863 2591 1933 interpretatione;
2629 1864 2683 1917 in
2733 1878 2879 1918 nono
2903 1863 2970 1917 de
2992 1862 3263 1931 baptismo
3300 1869 3355 1916 et
3396 1875 3601 1928 cruce;
3629 1861 3685 1913 in

2112 1954 2326 2011 decimo
2348 1955 2416 2010 de
2446 1954 2822 2025 reprobatione
2844 1955 3026 2024 p0puli
3058 1953 3291 2020 Judaici,
3322 1960 3378 2008 et
3398 1952 3684 2022 gentilium

2112 2046 2408 2114 electione;
2443 2048 2499 2102 in
2521 2047 2812 2101 undecimo
2836 2047 2903 2101 de
2927 2046 3279 2117 abrogatione
3315 2043 3541 2098 Sabbati
3585 2043 3688 2098 Ju-

2111 2139 2293 2206 daici;
2333 2139 2390 2193 in
2447 2139 2773 2194 duodecimo
2811 2138 2877 2193 de
2918 2139 3110 2208 templi
3160 2136 3372 2192 Judaici
3421 2137 3686 2207 repudia--

2113 2233 2260 2290 tione
2298 2248 2364 2288 ac
2407 2233 2776 2300 demolitione,
2811 2241 2864 2287 et
2891 2230 2957 2286 de
2990 2231 3172 2302 templi
3209 2229 3504 2302 spiritualis
3543 2229 3685 2286 aedi-

2109 2325 2383 2380 ﬁcatione.

2180 2415 2426 2472 Secunda
2463 2432 2590 2486 pars
2614 2415 2870 2486 epistolae.
2913 2414 3162 2469 Secunda
3193 2429 3319 2484 pars
3353 2411 3567 2469 duobus
3590 2429 3686 2469 ca-

2107 2508 2312 2579 pitibus
2363 2508 2684 2563 absolvitur.
2737 2506 2794 2561 ln
2840 2507 3019 2572 primo
3067 2507 3245 2578 agitur
3294 2507 3360 2562 de
3390 2508 3477 2563 via
3514 2509 3685 2574 lucis,

2106 2602 2214 2655 hoc
2259 2609 2365 2667 est,
2417 2601 2486 2655 de
2534 2600 2603 2655 iis
2651 2616 2772 2670 quae
2816 2599 3131 2654 Christiano
3167 2601 3375 2671 agenda
3407 2611 3580 2665 sunt;
3628 2602 3685 2654 in

2105 2688 2276 2742 altero
2319 2687 2387 2741 de
2415 2687 2502 2739 via
2531 2685 2899 2751 tenebrarum,
2927 2685 3029 2740 hoc
3060 2693 3181 2752 est,
3218 2686 3286 2740 de
3315 2687 3383 2740 iis
3413 2703 3537 2756 quae
3563 2688 3688 2741 ani-

2104 2792 2207 2831 mae
2234 2776 2377 2831 ﬁdeli
2401 2776 2656 2845 fugienda
2677 2791 2744 2829 ac
2768 2775 2990 2830 vitanda
3007 2786 3135 2831 sunt
3163 2794 3176 2830 :
3208 2786 3323 2830 tum
3347 2777 3570 2832 demum
3598 2795 3690 2834 se—

2103 2867 2291 2938 quitur
2319 2867 2590 2938 epilogus.
3265 2867 3272 2876 '

2173 2979 2300 3035 Haec
2328 2987 2512 3035 autem
2542 2979 2769 3049 epistola
2801 2980 2868 3034 ab
2889 2977 3142 3050 Origene,
3170 2980 3264 3036 lib.
3295 2997 3314 3036 ι
3339 2991 3529 3035 contra
3561 2983 3693 3038 Cel-

432 3070 501 3127 de
531 3071 764 3125 adventu
786 3068 1303 3138 Christi,passione,
1331 3077 1466 3135 etc.,
1492 3069 1806 3123 referuntur
1835 3089 1847 3123 :
1873 3083 2000 3122 nam
2029 3087 2071 3144 C
2104 3088 2223 3126 sum
2259 3072 2362 3127 sub
2402 3072 2590 3138 linem,
2635 3070 2940 3139 Catholica,
2992 3072 3044 3126 id
3092 3084 3175 3128 est
3215 3074 3549 3128 universalis
3585 3092 3692 3145 ap-

432 3163 580 3217 illius
609 3162 784 3232 gratia
811 3170 1132 3228 tractantur,
1171 3175 1296 3215 cum
1334 3160 1402 3214 ad
1440 3160 1560 3230 ejus
1583 3159 2000 3229 intelligentiam

429 3266 539 3308 non
576 3267 768 3322 parum
799 3251 1104 3318 conferant,
1137 3253 1293 3322 juxta
1318 3267 1526 3307 morem
1557 3263 1863 3319 oratorum,
1904 3252 2000 3324 qui

429 3344 703 3400 interdum
731 3343 840 3399 alio
880 3343 1281 3415 digrediuntur,
1314 3343 1422 3400 non
1464 3345 1732 3400 inutiliter
1755 3345 2000 3415 quidem,

428 3448 553 3488 cum
592 3434 645 3488 id
669 3434 929 3504 plenioris
951 3435 1332 3490 elucidationis
1363 3436 1535 3506 gratia
1561 3437 1740 3492 facere
1767 3437 1998 3492 soleant.

431 3524 545 3580 Sub
583 3525 744 3579 ﬁnem
795 3526 1040 3595 epistolae
1080 3526 1252 3580 multa
1282 3527 1438 3581 docet
1482 3525 1844 3594 Christianos,
1877 3543 2001 3598 quae

428 3617 496 3669 ad
529 3616 696 3670 vitam
725 3624 873 3670 recte
914 3616 1307 3670 instituendam
1342 3617 1639 3686 plurimum
1665 3618 1998 3673 conducunt.

428 3705 567 3761 Hinc
597 3706 677 3772 ﬁt,
709 3717 768 3761 ut
809 3706 926 3763 haec
965 3709 1191 3777 epistola
1218 3708 1274 3761 in
1317 3709 1452 3764 duas
1494 3718 1676 3779 partes
1717 3713 2002 3766 commode

429 3797 684 3858 distribui
731 3799 906 3867 possit
947 3817 959 3853 :
1010 3815 1241 3870 quarum
1294 3800 1463 3855 altera
1519 3811 1604 3856 est
1651 3802 1998 3871 didascalica,

430 3904 552 3958 qua:
595 3889 780 3945 multis
808 3891 1144 3961 argumentis
1175 3891 1332 3946 docet
1373 3892 1583 3946 nullum
1613 3909 1735 3950 esse
1765 3896 2001 3966 amplius

429 3979 564 4050 legis
590 3979 860 4046 Mosaicae,
886 3992 938 4037 et
962 3980 1310 4038 Iudaicarum
1334 3985 1781 4040 caeremoniarum
1800 4003 1960 4042 usum
1983 4006 1997 4042 :

2102 3163 2335 3232 pellatur
2361 3180 2375 3216 :
2405 3160 2595 3215 Exstat
2626 3177 2751 3216 sane
2779 3162 2834 3213 in
2864 3159 3126 3214 Barnabre
3158 3160 3420 3213 catholica
3448 3163 3692 3228 epistola

2102 3254 2660 3324 scriptum,etc.,quia
2685 3268 2794 3308 non
2817 3253 2884 3306 ad
2910 3267 3071 3306 unam
3099 3261 3302 3307 certam
3325 3259 3568 3322 gentem,
3590 3262 3693 3308 aut

2103 3348 2380 3402 nationem
2422 3346 2622 3416 scripta
2663 3355 2784 3410 est,
2832 3345 2926 3400 sed
2956 3344 3024 3398 ad
3053 3359 3244 3398 omnes
3272 3344 3633 3401 Christianos
3673 3366 3688 3402 :

2100 3436 2176 3488 ita
2215 3435 2359 3490 enim
2395 3434 2730 3490 deﬁniuntur
2755 3433 3035 3489 catholicae
3059 3433 3430 3502 apostolorum
3467 3436 3690 3504 episto-

2098 3526 2194 3593 lae,
2249 3534 2309 3580 ut
2355 3526 2704 3581 manifestum
2746 3535 2830 3580 est
2865 3541 2929 3579 ex
2955 3525 3205 3592 Leontio,
3237 3525 3333 3580 lib.
3371 3523 3452 3578 De
3497 3527 3688 3591 sectis,

2095 3634 2212 3688 cap.
2263 3620 2297 3672 2
2332 3639 2344 3674 :
2383 3620 2679 3674 Καθολικαὶ
2721 3619 2780 3672 δὲ
2828 3619 3166 3690 ἐκλήθησαν,
3216 3617 3401 3689 ἐπειδὴ
3445 3619 3513 3671 οὐ
3546 3620 3690 3690 πρὸς

2100 3711 2158 3764 ἓν
2194 3711 2344 3775 ἔθνος
2384 3713 2731 3784 ἐγράφησαν,
2772 3713 2847 3774 ὡς
2875 3714 2929 3765 αἱ
2956 3711 3051 3765 τοῦ
3080 3711 3311 3776 Παύλου,
3340 3710 3484 3765 ἀλλὰ
3515 3711 3689 3765 καθό-

2099 3801 2191 3854 λου
2227 3803 2364 3874 πρὸς
2411 3804 2607 3868 πάντα,
2658 3803 2710 3856 id
2742 3802 3150 3866 est,Catholic¢e
3171 3803 3328 3857 dicta:
3357 3813 3511 3869 sunt,
3545 3804 3689 3874 quod

2101 3910 2204 3947 non
2228 3896 2296 3947 ad
2337 3912 2495 3948 unam
2531 3896 2742 3964 scripta:
2778 3905 2900 3948 sunt
2933 3905 3156 3964 gentem,
3181 3905 3238 3948 ut
3267 3893 3433 3948 Pauli
3463 3894 3690 3965 Episto-

2101 3986 2188 4050 ιω,
2215 3984 2305 4039 sed
2329 3986 2638 4054 generaliter
2658 3985 2726 4037 ad
2750 4001 2948 4038 omnes.

443 4147 2816 4182 Μ

1973 4295 2168 4384 Ill.

421 4451 702 4529 (lsaacus
752 4457 1100 4533 VOSSIUS,
1141 4462 1434 4554 Praefatio
1483 4467 1562 4554 ad
1609 4466 1968 4554 _Epistgla_m
2031 4471 2093 4554 _S.
2158 4471 2482 4554 Barnabas,
2519 4473 2976 4554 Amstelodami
3025 4489 3193 4535 anno
3227 4472 3386 4535 1646
3417 4475 3503 4538 ab
3536 4475 3684 4554 ipso

1154 4543 1386 4604 editam
1424 4547 1501 4608 ad
1533 4543 1772 4608 calcem
1805 4548 2236 4627 Epistolarum
2270 4552 2333 4612 S.
2369 4543 2600 4629 lgnatii
2631 4552 2979 4633 martyris.)

492 4717 711 4788 Aliquot
747 4719 859 4788 jam
893 4733 1023 4775 sunt
1064 4722 1191 4775 anni
1221 4722 1365 4790 quod
1392 4720 1530 4774 hanc
1557 4719 1819 4776 Barnabze
1863 4721 1989 4792 Epi-
2021 4725 2064 4779 D
2096 4722 2465 4790 maximopere
2507 4722 2726 4792 gavisus
2777 4739 2920 4790 sum,
2957 4724 3009 4776 in
3041 4723 3162 4776 illas
3192 4736 3394 4777 manus
3427 4723 3679 4778 incidere

423 4811 639 4879 stolam,
684 4829 848 4883 quam
894 4816 963 4868 ab
1007 4814 1421 4884 incomparabili
1463 4813 1732 4870 Salmasio
1768 4832 1990 4886 accepe-

419 4916 558 4966 ram,
589 4903 642 4956 in
674 4903 846 4958 lucem
877 4906 1121 4960 emittere
1152 4906 1516 4959 decreveram.
1553 4905 1655 4960 Sed
1682 4906 1780 4960 iter
1807 4923 1985 4960 meum

419 4995 652 5061 obstitit,
701 4997 998 5064 quominus
1044 4998 1352 5054 institutum
1398 4997 1531 5051 illud
1567 5006 1678 5052 tum
1725 5001 1985 5068 temporis

417 5085 674 5154 perﬁcere
720 5086 956 5141 licuerit.
997 5087 1136 5143 Dum
1173 5105 1303 5145 vero
1347 5090 1596 5159 Angliam
1639 5091 1830 5157 lustro,
1879 5092 1982 5145 alia

417 5193 538 5232 sese
563 5178 761 5232 obtulit
792 5182 1009 5235 occasio
1035 5225 1050 5248 ,
1083 5199 1188 5252 qua
1224 5185 1486 5252 scriptmn
1520 5184 1673 5248 illud,
1700 5185 1846 5252 quod
1868 5185 1982 5253 jam

412 5268 505 5322 diu
555 5270 732 5323 lucem
778 5273 1108 5340 merebatur,
1160 5276 1374 5329 tandem
1415 5275 1709 5344 aliquando
1733 5277 1981 5345 divulga—

413 5370 581 5413 retur.
627 5360 861 5416 Parabat
893 5373 1005 5418 tum
1045 5382 1243 5420 novam
1289 5368 1478 5437 lgnatii
1508 5368 1797 5422 editionem
1831 5383 1982 5422 reve-

413 5449 773 5506 rendissimus
813 5451 1088 5508 Hibernia:
1125 5457 1350 5524 primas,
1392 5456 1644 5513 Usserius
1691 5459 1984 5512 Armacha-

413 5553 540 5590 nus.
583 5538 663 5591 llli
706 5541 887 5610 itaque
919 5545 1211 5611 postulanti
1245 5555 1299 5600 et
1339 5547 1583 5602 oﬂ'ereuti
1615 5558 1673 5601 ut
1714 5565 1820 5602 una
1853 5566 1978 5604 cum

412 5625 706 5695 lgnatianis
752 5633 866 5686 haec
906 5651 1124 5704 quoque
1167 5636 1430 5694 Barnaba:
1463 5641 1820 5695 excuderctur
1864 5642 1977 5710 epi-

416 5719 576 5786 stola,
625 5738 732 5776 non
784 5732 991 5780 tantum
1021 5727 1250 5782 libenter
1299 5730 1351 5785 id
1393 5734 1658 5801 concessi,
1696 5736 1786 5788 sed
1812 5734 1972 5787 etiam

2095 4810 2534 4880 antiquissimum
2583 4811 2726 4866 istud
2767 4822 3197 4878 monumentum,
3249 4826 3295 4866 a.
3330 4815 3546 4883 quibus
3575 4816 3680 4868 im-

2094 4919 2340 4958 mensum
2392 4915 2656 4973 quantum
2702 4905 3007 4975 splendoris
3053 4903 3290 4958 mutuari
3320 4906 3430 4960 sibi
3463 4920 3674 4976 posset.

2091 4997 2157 5051 Et
2181 4998 2288 5051 nisi
2321 4998 2512 5069 ingens
2542 4999 2717 5054 isthoc
2738 4999 3068 5063 incendium,
3095 4997 3240 5067 quod
3265 5014 3380 5052 non
3409 5001 3674 5072 exiguam

2091 5101 2300 5160 partem
2352 5092 2503 5148 urbis
2531 5090 2875 5161 _Oxoniensis
2918 5091 3168 5156 vastavit,
3212 5091 3407 5146 omnia
3444 5109 3676 5164 quoque

2089 5183 2417 5253 exemplaria
2438 5184 2852 5254 absumpsisset,
2878 5183 3299 5253 pulcherrimam
3326 5184 3455 5254 ejus
3475 5194 3674 5240 aucto-

2088 5276 2165 5330 ris
2209 5276 2504 5330 editionem
2549 5276 2757 5346 jamdiu
2809 5276 3210 5331 habuissemus.
3258 5273 3385 5330 Non
3438 5277 3672 5332 defuere

2086 5376 2261 5421 tamen
2305 5367 2360 5420 in
2404 5366 2574 5420 Gallia
2612 5368 2710 5421 viri
2739 5366 2903 5429 docti,
2934 5367 3028 5435 qui
3057 5367 3341 5436 indignum
3368 5369 3667 5436 putabant,

2084 5457 2347 5525 scriptum
2388 5456 2494 5511 hoc
2535 5457 2741 5511 diutius
2791 5457 2846 5510 in
2893 5457 3130 5511 tenebris
3181 5456 3422 5510 latitare.
3460 5456 3663 5526 Itaque

2082 5564 2253 5617 nuper
2304 5547 2459 5618 Hugo
2498 5547 2822 5615 Menardus,
2875 5549 3175 5602 monachus
3217 5547 3435 5599 ordinis
3467 5548 3666 5602 Sancti

2083 5637 2277 5706 Mauri,
2327 5655 2522 5693 novam
2581 5640 2739 5695 nobis
2799 5641 3092 5694 editionem
3148 5638 3458 5693 adornavit.
3511 5640 3665 5707 Quin

2083 5734 2372 5802 plurimum
2402 5733 2504 5789 hoc
2531 5751 2749 5792 nomine
2772 5736 3002 5791 meritus
3029 5735 3097 5790 sit
3119 5732 3182 5787 de
3212 5730 3464 5800 publico,
3495 5749 3664 5791 neruo
