  <div class='ocr_page' id='page_1' title='image "/cluster/home/n/w/nwhite01/storage/ocr_20150623/2/mdp.39015005182426/342.png"; bbox 0 0 4066 6140; ppageno 0'>
   <div class='ocr_carea' id='block_1_1' title="bbox 340 354 450 411">
    <p class='ocr_par' dir='ltr' id='par_1_1' title="bbox 340 354 450 411">
     <span class='ocr_line' id='line_1_1' title="bbox 340 354 450 411; baseline -0.018 0"><span class='ocrx_word' id='word_1_1' title='bbox 340 354 450 411; x_wconf 79' lang='grc'>665</span> 
     </span>
    </p>
   </div>
   <div class='ocr_carea' id='block_1_2' title="bbox 1710 350 2244 408">
    <p class='ocr_par' dir='ltr' id='par_1_2' title="bbox 1710 350 2244 408">
     <span class='ocr_line' id='line_1_2' title="bbox 1710 350 2244 408; baseline 0 -2"><span class='ocrx_word' id='word_1_2' title='bbox 1710 350 2244 408; x_wconf 72' lang='lat' dir='ltr'><strong>PROLECOMENA.</strong></span> 
     </span>
    </p>
   </div>
   <div class='ocr_carea' id='block_1_3' title="bbox 3491 347 3599 406">
    <p class='ocr_par' dir='ltr' id='par_1_3' title="bbox 3491 347 3599 406">
     <span class='ocr_line' id='line_1_3' title="bbox 3491 347 3599 406; baseline 0.019 -2"><span class='ocrx_word' id='word_1_3' title='bbox 3491 347 3599 406; x_wconf 70' lang='lat'><strong>06’}</strong></span> 
     </span>
    </p>
   </div>
   <div class='ocr_carea' id='block_1_4' title="bbox 339 464 3595 543">
    <p class='ocr_par' dir='ltr' id='par_1_4' title="bbox 339 464 3595 543">
     <span class='ocr_line' id='line_1_4' title="bbox 339 464 3595 543; baseline 0.001 -18"><span class='ocrx_word' id='word_1_4' title='bbox 339 479 444 534; x_wconf 89' lang='lat' dir='ltr'><strong>est,</strong></span> <span class='ocrx_word' id='word_1_5' title='bbox 493 467 587 537; x_wconf 86' lang='lat' dir='ltr'><strong>qui</strong></span> <span class='ocrx_word' id='word_1_6' title='bbox 627 466 840 522; x_wconf 81' lang='lat' dir='ltr'><strong>inﬁcias</strong></span> <span class='ocrx_word' id='word_1_7' title='bbox 885 466 1064 524; x_wconf 79' lang='lat' dir='ltr'><strong>iverit.</strong></span> <span class='ocrx_word' id='word_1_8' title='bbox 1102 468 1232 526; x_wconf 89' lang='lat' dir='ltr'><strong>Plus</strong></span> <span class='ocrx_word' id='word_1_9' title='bbox 1275 478 1458 526; x_wconf 89' lang='lat' dir='ltr'><strong>tamen</strong></span> <span class='ocrx_word' id='word_1_10' title='bbox 1499 472 1815 537; x_wconf 90' lang='lat' dir='ltr'><strong>meruisset,</strong></span> <span class='ocrx_word' id='word_1_11' title='bbox 1867 472 1914 527; x_wconf 91' lang='lat' dir='ltr'><strong>si</strong></span> <span class='ocrx_word' id='word_1_12' title='bbox 1944 480 1987 535; x_wconf 78' lang='grc' dir='ltr'>Α</span> <span class='ocrx_word' id='word_1_13' title='bbox 2020 473 2074 527; x_wconf 92' lang='lat' dir='ltr'><strong>in</strong></span> <span class='ocrx_word' id='word_1_14' title='bbox 2121 473 2227 531; x_wconf 87' lang='lat' dir='ltr'><strong>hoc</strong></span> <span class='ocrx_word' id='word_1_15' title='bbox 2260 473 2663 543; x_wconf 83' lang='lat' dir='ltr'><strong>reprehendere</strong></span> <span class='ocrx_word' id='word_1_16' title='bbox 2687 475 2831 542; x_wconf 93' lang='lat' dir='ltr'><strong>quod</strong></span> <span class='ocrx_word' id='word_1_17' title='bbox 2856 474 2911 526; x_wconf 92' lang='lat' dir='ltr'><strong>in</strong></span> <span class='ocrx_word' id='word_1_18' title='bbox 2951 473 3123 527; x_wconf 89' lang='lat' dir='ltr'><strong>altero</strong></span> <span class='ocrx_word' id='word_1_19' title='bbox 3158 464 3448 530; x_wconf 61' lang='lat' dir='ltr'><strong>escusant.</strong></span> <span class='ocrx_word' id='word_1_20' title='bbox 3479 471 3595 528; x_wconf 87' lang='lat' dir='ltr'><strong>No-</strong></span> 
     </span>
    </p>
   </div>
   <div class='ocr_carea' id='block_1_5' title="bbox 338 559 1913 634">
    <p class='ocr_par' dir='ltr' id='par_1_5' title="bbox 338 559 1913 634">
     <span class='ocr_line' id='line_1_5' title="bbox 338 559 1913 634; baseline -0.001 -16"><span class='ocrx_word' id='word_1_21' title='bbox 338 560 662 632; x_wconf 77' lang='lat' dir='ltr'><strong>contigisset</strong></span> <span class='ocrx_word' id='word_1_22' title='bbox 695 559 772 612; x_wconf 88' lang='lat' dir='ltr'><strong>illi</strong></span> <span class='ocrx_word' id='word_1_23' title='bbox 813 559 970 628; x_wconf 87' lang='lat' dir='ltr'><strong>plura</strong></span> <span class='ocrx_word' id='word_1_24' title='bbox 1001 561 1186 616; x_wconf 89' lang='lat' dir='ltr'><strong>videre</strong></span> <span class='ocrx_word' id='word_1_25' title='bbox 1216 563 1570 634; x_wconf 80' lang='lat' dir='ltr'><strong>exemplaria.</strong></span> <span class='ocrx_word' id='word_1_26' title='bbox 1604 562 1740 618; x_wconf 90' lang='lat' dir='ltr'><strong>Cum</strong></span> <span class='ocrx_word' id='word_1_27' title='bbox 1769 563 1913 617; x_wconf 90' lang='lat' dir='ltr'><strong>enim</strong></span> 
     </span>
    </p>
   </div>
   <div class='ocr_carea' id='block_1_6' title="bbox 339 653 1916 724">
    <p class='ocr_par' dir='ltr' id='par_1_6' title="bbox 339 653 1916 724">
     <span class='ocr_line' id='line_1_6' title="bbox 339 653 1916 724; baseline -0.002 -13"><span class='ocrx_word' id='word_1_28' title='bbox 339 664 453 711; x_wconf 89' lang='lat' dir='ltr'><strong>tota</strong></span> <span class='ocrx_word' id='word_1_29' title='bbox 490 655 580 708; x_wconf 90' lang='lat' dir='ltr'><strong>illa</strong></span> <span class='ocrx_word' id='word_1_30' title='bbox 611 653 778 708; x_wconf 89' lang='lat' dir='ltr'><strong>editio</strong></span> <span class='ocrx_word' id='word_1_31' title='bbox 801 669 867 708; x_wconf 79' lang='lat' dir='ltr'><strong>ex</strong></span> <span class='ocrx_word' id='word_1_32' title='bbox 890 670 998 709; x_wconf 92' lang='lat' dir='ltr'><strong>uno</strong></span> <span class='ocrx_word' id='word_1_33' title='bbox 1022 656 1366 724; x_wconf 90' lang='lat' dir='ltr'><strong>promanarit</strong></span> <span class='ocrx_word' id='word_1_34' title='bbox 1392 656 1598 724; x_wconf 87' lang='lat' dir='ltr'><strong>codice,</strong></span> <span class='ocrx_word' id='word_1_35' title='bbox 1619 655 1736 710; x_wconf 88' lang='lat' dir='ltr'><strong>tieri</strong></span> <span class='ocrx_word' id='word_1_36' title='bbox 1762 656 1916 709; x_wconf 91' lang='lat' dir='ltr'><strong>aliter</strong></span> 
     </span>
    </p>
   </div>
   <div class='ocr_carea' id='block_1_7' title="bbox 339 744 1914 817">
    <p class='ocr_par' dir='ltr' id='par_1_7' title="bbox 339 744 1914 817">
     <span class='ocr_line' id='line_1_7' title="bbox 339 744 1914 817; baseline -0.001 -15"><span class='ocrx_word' id='word_1_37' title='bbox 339 763 452 802; x_wconf 89' lang='lat' dir='ltr'><strong>non</strong></span> <span class='ocrx_word' id='word_1_38' title='bbox 505 745 682 816; x_wconf 93' lang='lat' dir='ltr'><strong>potuit</strong></span> <span class='ocrx_word' id='word_1_39' title='bbox 728 745 859 814; x_wconf 91' lang='lat' dir='ltr'><strong>quin</strong></span> <span class='ocrx_word' id='word_1_40' title='bbox 908 744 1411 802; x_wconf 88' lang='lat' dir='ltr'><strong>inemendatissima</strong></span> <span class='ocrx_word' id='word_1_41' title='bbox 1463 748 1722 817; x_wconf 77' lang='lat' dir='ltr'><strong>prodiret.</strong></span> <span class='ocrx_word' id='word_1_42' title='bbox 1762 746 1914 814; x_wconf 83' lang='lat' dir='ltr'><strong>Mihi,</strong></span> 
     </span>
    </p>
   </div>
   <div class='ocr_carea' id='block_1_8' title="bbox 338 837 1914 909">
    <p class='ocr_par' dir='ltr' id='par_1_8' title="bbox 338 837 1914 909">
     <span class='ocr_line' id='line_1_8' title="bbox 338 837 1914 909; baseline -0.002 -14"><span class='ocrx_word' id='word_1_43' title='bbox 338 841 466 895; x_wconf 90' lang='lat' dir='ltr'><strong>licet</strong></span> <span class='ocrx_word' id='word_1_44' title='bbox 516 854 624 893; x_wconf 92' lang='lat' dir='ltr'><strong>non</strong></span> <span class='ocrx_word' id='word_1_45' title='bbox 653 852 828 907; x_wconf 90' lang='lat' dir='ltr'><strong>usque</strong></span> <span class='ocrx_word' id='word_1_46' title='bbox 858 837 996 894; x_wconf 90' lang='lat' dir='ltr'><strong>adeo</strong></span> <span class='ocrx_word' id='word_1_47' title='bbox 1024 837 1245 893; x_wconf 79' lang='lat' dir='ltr'><strong>fortuna</strong></span> <span class='ocrx_word' id='word_1_48' title='bbox 1290 839 1506 906; x_wconf 81' lang='lat' dir='ltr'><strong>faverit,</strong></span> <span class='ocrx_word' id='word_1_49' title='bbox 1539 847 1599 893; x_wconf 91' lang='lat' dir='ltr'><strong>ut</strong></span> <span class='ocrx_word' id='word_1_50' title='bbox 1623 840 1914 909; x_wconf 84' lang='lat' dir='ltr'><strong>quisquam</strong></span> 
     </span>
    </p>
   </div>
   <div class='ocr_carea' id='block_1_9' title="bbox 340 931 1918 1004">
    <p class='ocr_par' dir='ltr' id='par_1_9' title="bbox 340 931 1918 1004">
     <span class='ocr_line' id='line_1_9' title="bbox 340 931 1918 1004; baseline -0.001 -18"><span class='ocrx_word' id='word_1_51' title='bbox 340 933 589 986; x_wconf 88' lang='lat' dir='ltr'><strong>invidere</strong></span> <span class='ocrx_word' id='word_1_52' title='bbox 620 931 832 996; x_wconf 86' lang='lat' dir='ltr'><strong>debeat,</strong></span> <span class='ocrx_word' id='word_1_53' title='bbox 879 947 942 986; x_wconf 90' lang='lat' dir='ltr'><strong>ea</strong></span> <span class='ocrx_word' id='word_1_54' title='bbox 974 940 1155 986; x_wconf 88' lang='lat' dir='ltr'><strong>tamen</strong></span> <span class='ocrx_word' id='word_1_55' title='bbox 1185 933 1412 1004; x_wconf 83' lang='lat' dir='ltr'><strong>contigit</strong></span> <span class='ocrx_word' id='word_1_56' title='bbox 1456 932 1707 996; x_wconf 76' lang='lat' dir='ltr'><strong>felicitas,</strong></span> <span class='ocrx_word' id='word_1_57' title='bbox 1740 942 1799 987; x_wconf 92' lang='lat' dir='ltr'><strong>ut</strong></span> <span class='ocrx_word' id='word_1_58' title='bbox 1827 932 1918 986; x_wconf 88' lang='lat' dir='ltr'><strong>tri-</strong></span> 
     </span>
    </p>
   </div>
   <div class='ocr_carea' id='block_1_10' title="bbox 337 1026 1916 1098">
    <p class='ocr_par' dir='ltr' id='par_1_10' title="bbox 337 1026 1916 1098">
     <span class='ocr_line' id='line_1_10' title="bbox 337 1026 1916 1098; baseline 0 -16"><span class='ocrx_word' id='word_1_59' title='bbox 337 1028 444 1083; x_wconf 88' lang='lat' dir='ltr'><strong>bus</strong></span> <span class='ocrx_word' id='word_1_60' title='bbox 473 1028 528 1081; x_wconf 93' lang='lat' dir='ltr'><strong>in</strong></span> <span class='ocrx_word' id='word_1_61' title='bbox 550 1027 654 1081; x_wconf 89' lang='lat' dir='ltr'><strong>hoc</strong></span> <span class='ocrx_word' id='word_1_62' title='bbox 681 1026 1004 1098; x_wconf 76' lang='lat' dir='ltr'><strong>corrigendo</strong></span> <span class='ocrx_word' id='word_1_63' title='bbox 1028 1043 1162 1083; x_wconf 90' lang='lat' dir='ltr'><strong>usus</strong></span> <span class='ocrx_word' id='word_1_64' title='bbox 1195 1029 1298 1083; x_wconf 92' lang='lat' dir='ltr'><strong>sim</strong></span> <span class='ocrx_word' id='word_1_65' title='bbox 1333 1045 1467 1084; x_wconf 90' lang='lat' dir='ltr'><strong>mss.</strong></span> <span class='ocrx_word' id='word_1_66' title='bbox 1510 1028 1754 1083; x_wconf 90' lang='lat' dir='ltr'><strong>Primum</strong></span> <span class='ocrx_word' id='word_1_67' title='bbox 1783 1029 1916 1082; x_wconf 92' lang='lat' dir='ltr'><strong>mihi</strong></span> 
     </span>
    </p>
   </div>
   <div class='ocr_carea' id='block_1_11' title="bbox 341 1118 1918 1187">
    <p class='ocr_par' dir='ltr' id='par_1_11' title="bbox 341 1118 1918 1187">
     <span class='ocr_line' id='line_1_11' title="bbox 341 1118 1918 1187; baseline 0.001 -15"><span class='ocrx_word' id='word_1_68' title='bbox 341 1118 633 1174; x_wconf 66' lang='lat' dir='ltr'><strong>Florentia:</strong></span> <span class='ocrx_word' id='word_1_69' title='bbox 662 1118 1032 1186; x_wconf 83' lang='lat' dir='ltr'><strong>suppeditavit</strong></span> <span class='ocrx_word' id='word_1_70' title='bbox 1065 1119 1389 1174; x_wconf 83' lang='lat' dir='ltr'><strong>bibliotheca</strong></span> <span class='ocrx_word' id='word_1_71' title='bbox 1431 1119 1696 1187; x_wconf 86' lang='lat' dir='ltr'><strong>Medicea,</strong></span> <span class='ocrx_word' id='word_1_72' title='bbox 1748 1120 1918 1174; x_wconf 90' lang='lat' dir='ltr'><strong>altera</strong></span> 
     </span>
    </p>
   </div>
   <div class='ocr_carea' id='block_1_12' title="bbox 341 1209 1918 1282">
    <p class='ocr_par' dir='ltr' id='par_1_12' title="bbox 341 1209 1918 1282">
     <span class='ocr_line' id='line_1_12' title="bbox 341 1209 1918 1282; baseline -0.003 -13"><span class='ocrx_word' id='word_1_73' title='bbox 341 1213 452 1269; x_wconf 86' lang='lat' dir='ltr'><strong>duo</strong></span> <span class='ocrx_word' id='word_1_74' title='bbox 480 1211 805 1266; x_wconf 88' lang='lat' dir='ltr'><strong>bibliotheca</strong></span> <span class='ocrx_word' id='word_1_75' title='bbox 844 1210 1106 1266; x_wconf 83' lang='lat' dir='ltr'><strong>Vaticana</strong></span> <span class='ocrx_word' id='word_1_76' title='bbox 1149 1219 1202 1266; x_wconf 92' lang='lat' dir='ltr'><strong>et</strong></span> <span class='ocrx_word' id='word_1_77' title='bbox 1230 1209 1648 1279; x_wconf 88' lang='lat' dir='ltr'><strong>Theatinorum,</strong></span> <span class='ocrx_word' id='word_1_78' title='bbox 1682 1211 1775 1282; x_wconf 89' lang='lat' dir='ltr'><strong>qui</strong></span> <span class='ocrx_word' id='word_1_79' title='bbox 1805 1211 1918 1265; x_wconf 83' lang='lat' dir='ltr'><strong>Ro-</strong></span> 
     </span>
    </p>
   </div>
   <div class='ocr_carea' id='block_1_13' title="bbox 342 1303 1919 1376">
    <p class='ocr_par' dir='ltr' id='par_1_13' title="bbox 342 1303 1919 1376">
     <span class='ocr_line' id='line_1_13' title="bbox 342 1303 1919 1376; baseline -0.003 -15"><span class='ocrx_word' id='word_1_80' title='bbox 342 1323 446 1362; x_wconf 64' lang='lat' dir='ltr'><strong>mae</strong></span> <span class='ocrx_word' id='word_1_81' title='bbox 487 1314 675 1376; x_wconf 78' lang='lat' dir='ltr'><strong>agunt.</strong></span> <span class='ocrx_word' id='word_1_82' title='bbox 703 1306 924 1360; x_wconf 88' lang='lat' dir='ltr'><strong>Illorum</strong></span> <span class='ocrx_word' id='word_1_83' title='bbox 953 1321 1112 1360; x_wconf 90' lang='lat' dir='ltr'><strong>usum</strong></span> <span class='ocrx_word' id='word_1_84' title='bbox 1146 1315 1426 1375; x_wconf 90' lang='lat' dir='ltr'><strong>acceptum</strong></span> <span class='ocrx_word' id='word_1_85' title='bbox 1454 1305 1568 1360; x_wconf 83' lang='lat' dir='ltr'><strong>fero</strong></span> <span class='ocrx_word' id='word_1_86' title='bbox 1597 1305 1758 1360; x_wconf 69' lang='lat' dir='ltr'><strong>Luca:</strong></span> <span class='ocrx_word' id='word_1_87' title='bbox 1789 1303 1919 1357; x_wconf 81' lang='lat' dir='ltr'><strong>Hol-</strong></span> 
     </span>
    </p>
   </div>
   <div class='ocr_carea' id='block_1_14' title="bbox 341 1396 1915 1468">
    <p class='ocr_par' dir='ltr' id='par_1_14' title="bbox 341 1396 1915 1468">
     <span class='ocr_line' id='line_1_14' title="bbox 341 1396 1915 1468; baseline -0.003 -14"><span class='ocrx_word' id='word_1_88' title='bbox 341 1399 538 1464; x_wconf 89' lang='lat' dir='ltr'><strong>stenio,</strong></span> <span class='ocrx_word' id='word_1_89' title='bbox 580 1398 696 1453; x_wconf 87' lang='lat' dir='ltr'><strong>viro</strong></span> <span class='ocrx_word' id='word_1_90' title='bbox 726 1413 944 1454; x_wconf 90' lang='lat' dir='ltr'><strong>summo</strong></span> <span class='ocrx_word' id='word_1_91' title='bbox 987 1407 1042 1453; x_wconf 92' lang='lat' dir='ltr'><strong>et</strong></span> <span class='ocrx_word' id='word_1_92' title='bbox 1082 1413 1362 1468; x_wconf 88' lang='lat' dir='ltr'><strong>nunquam</strong></span> <span class='ocrx_word' id='word_1_93' title='bbox 1408 1413 1516 1452; x_wconf 90' lang='lat' dir='ltr'><strong>non</strong></span> <span class='ocrx_word' id='word_1_94' title='bbox 1549 1396 1691 1451; x_wconf 81' lang='lat' dir='ltr'><strong>inira</strong></span> <span class='ocrx_word' id='word_1_95' title='bbox 1724 1398 1915 1451; x_wconf 90' lang='lat' dir='ltr'><strong>merita</strong></span> 
     </span>
    </p>
   </div>
   <div class='ocr_carea' id='block_1_15' title="bbox 341 1489 1918 1559">
    <p class='ocr_par' dir='ltr' id='par_1_15' title="bbox 341 1489 1918 1559">
     <span class='ocr_line' id='line_1_15' title="bbox 341 1489 1918 1559; baseline -0.002 -14"><span class='ocrx_word' id='word_1_96' title='bbox 341 1507 440 1547; x_wconf 89' lang='lat' dir='ltr'><strong>sua</strong></span> <span class='ocrx_word' id='word_1_97' title='bbox 469 1490 762 1545; x_wconf 90' lang='lat' dir='ltr'><strong>laudando.</strong></span> <span class='ocrx_word' id='word_1_98' title='bbox 794 1489 936 1556; x_wconf 84' lang='lat' dir='ltr'><strong>Quid</strong></span> <span class='ocrx_word' id='word_1_99' title='bbox 965 1492 1150 1558; x_wconf 82' lang='lat' dir='ltr'><strong>itaque</strong></span> <span class='ocrx_word' id='word_1_100' title='bbox 1181 1505 1284 1559; x_wconf 92' lang='lat' dir='ltr'><strong>ope</strong></span> <span class='ocrx_word' id='word_1_101' title='bbox 1332 1490 1562 1544; x_wconf 89' lang='lat' dir='ltr'><strong>istorum</strong></span> <span class='ocrx_word' id='word_1_102' title='bbox 1613 1489 1776 1543; x_wconf 91' lang='lat' dir='ltr'><strong>trium</strong></span> <span class='ocrx_word' id='word_1_103' title='bbox 1826 1503 1918 1542; x_wconf 92' lang='lat' dir='ltr'><strong>co-</strong></span> 
     </span>
    </p>
   </div>
   <div class='ocr_carea' id='block_1_16' title="bbox 343 1580 1910 1651">
    <p class='ocr_par' dir='ltr' id='par_1_16' title="bbox 343 1580 1910 1651">
     <span class='ocr_line' id='line_1_16' title="bbox 343 1580 1910 1651; baseline -0.002 -15"><span class='ocrx_word' id='word_1_104' title='bbox 343 1583 524 1638; x_wconf 92' lang='lat' dir='ltr'><strong>dicum</strong></span> <span class='ocrx_word' id='word_1_105' title='bbox 550 1582 850 1651; x_wconf 69' lang='lat' dir='ltr'><strong>praestitum</strong></span> <span class='ocrx_word' id='word_1_106' title='bbox 893 1581 988 1645; x_wconf 88' lang='lat' dir='ltr'><strong>sit,</strong></span> <span class='ocrx_word' id='word_1_107' title='bbox 1021 1582 1225 1638; x_wconf 86' lang='lat' dir='ltr'><strong>videbit</strong></span> <span class='ocrx_word' id='word_1_108' title='bbox 1255 1582 1323 1648; x_wconf 89' lang='lat' dir='ltr'><strong>is,</strong></span> <span class='ocrx_word' id='word_1_109' title='bbox 1352 1581 1443 1650; x_wconf 90' lang='lat' dir='ltr'><strong>qui</strong></span> <span class='ocrx_word' id='word_1_110' title='bbox 1470 1596 1647 1650; x_wconf 74' lang='lat' dir='ltr'><strong>operae</strong></span> <span class='ocrx_word' id='word_1_111' title='bbox 1672 1580 1910 1650; x_wconf 92' lang='lat' dir='ltr'><strong>pretium</strong></span> 
     </span>
    </p>
   </div>
   <div class='ocr_carea' id='block_1_17' title="bbox 345 1670 1916 1742">
    <p class='ocr_par' dir='ltr' id='par_1_17' title="bbox 345 1670 1916 1742">
     <span class='ocr_line' id='line_1_17' title="bbox 345 1670 1916 1742; baseline -0.002 -15"><span class='ocrx_word' id='word_1_112' title='bbox 345 1674 578 1740; x_wconf 80' lang='lat' dir='ltr'><strong>duxerit,</strong></span> <span class='ocrx_word' id='word_1_113' title='bbox 629 1672 924 1728; x_wconf 88' lang='lat' dir='ltr'><strong>editionem</strong></span> <span class='ocrx_word' id='word_1_114' title='bbox 971 1674 1113 1730; x_wconf 92' lang='lat' dir='ltr'><strong>hanc</strong></span> <span class='ocrx_word' id='word_1_115' title='bbox 1158 1689 1281 1728; x_wconf 91' lang='lat' dir='ltr'><strong>cum</strong></span> <span class='ocrx_word' id='word_1_116' title='bbox 1335 1673 1533 1739; x_wconf 90' lang='lat' dir='ltr'><strong>altera,</strong></span> <span class='ocrx_word' id='word_1_117' title='bbox 1579 1687 1744 1742; x_wconf 91' lang='lat' dir='ltr'><strong>quam</strong></span> <span class='ocrx_word' id='word_1_118' title='bbox 1781 1670 1916 1737; x_wconf 80' lang='lat' dir='ltr'><strong>dixi,</strong></span> 
     </span>
    </p>
   </div>
   <div class='ocr_carea' id='block_1_18' title="bbox 343 1767 704 1822">
    <p class='ocr_par' dir='ltr' id='par_1_18' title="bbox 343 1767 704 1822">
     <span class='ocr_line' id='line_1_18' title="bbox 343 1767 704 1822; baseline -0.003 -1"><span class='ocrx_word' id='word_1_119' title='bbox 343 1767 704 1822; x_wconf 90' lang='lat' dir='ltr'><strong>committere.</strong></span> 
     </span>
    </p>
   </div>
   <div class='ocr_carea' id='block_1_19' title="bbox 409 1855 1912 1928">
    <p class='ocr_par' dir='ltr' id='par_1_19' title="bbox 409 1855 1912 1928">
     <span class='ocr_line' id='line_1_19' title="bbox 409 1855 1912 1928; baseline 0 -19"><span class='ocrx_word' id='word_1_120' title='bbox 409 1855 609 1912; x_wconf 85' lang='lat' dir='ltr'><strong>Nescio</strong></span> <span class='ocrx_word' id='word_1_121' title='bbox 651 1865 832 1912; x_wconf 89' lang='lat' dir='ltr'><strong>autem</strong></span> <span class='ocrx_word' id='word_1_122' title='bbox 859 1873 958 1914; x_wconf 89' lang='lat' dir='ltr'><strong>cur</strong></span> <span class='ocrx_word' id='word_1_123' title='bbox 984 1857 1207 1928; x_wconf 90' lang='lat' dir='ltr'><strong>quidam</strong></span> <span class='ocrx_word' id='word_1_124' title='bbox 1241 1857 1445 1927; x_wconf 87' lang='lat' dir='ltr'><strong>opinati</strong></span> <span class='ocrx_word' id='word_1_125' title='bbox 1478 1857 1592 1912; x_wconf 89' lang='lat' dir='ltr'><strong>sint</strong></span> <span class='ocrx_word' id='word_1_126' title='bbox 1619 1857 1763 1912; x_wconf 90' lang='lat' dir='ltr'><strong>hanc</strong></span> <span class='ocrx_word' id='word_1_127' title='bbox 1781 1856 1912 1926; x_wconf 89' lang='lat' dir='ltr'><strong>Epi-</strong></span> 
     </span>
    </p>
   </div>
   <div class='ocr_carea' id='block_1_20' title="bbox 342 1948 1911 2016">
    <p class='ocr_par' dir='ltr' id='par_1_20' title="bbox 342 1948 1911 2016">
     <span class='ocr_line' id='line_1_20' title="bbox 342 1948 1911 2016; baseline 0 -12"><span class='ocrx_word' id='word_1_128' title='bbox 342 1950 542 2004; x_wconf 92' lang='lat' dir='ltr'><strong>stolam</strong></span> <span class='ocrx_word' id='word_1_129' title='bbox 579 1964 690 2003; x_wconf 89' lang='lat' dir='ltr'><strong>non</strong></span> <span class='ocrx_word' id='word_1_130' title='bbox 721 1964 846 2004; x_wconf 89' lang='lat' dir='ltr'><strong>esse</strong></span> <span class='ocrx_word' id='word_1_131' title='bbox 874 1949 1158 2016; x_wconf 72' lang='lat' dir='ltr'><strong>Barnaba,</strong></span> <span class='ocrx_word' id='word_1_132' title='bbox 1189 1965 1312 2005; x_wconf 90' lang='lat' dir='ltr'><strong>cum</strong></span> <span class='ocrx_word' id='word_1_133' title='bbox 1338 1960 1517 2004; x_wconf 89' lang='lat' dir='ltr'><strong>tamen</strong></span> <span class='ocrx_word' id='word_1_134' title='bbox 1551 1957 1606 2003; x_wconf 89' lang='lat' dir='ltr'><strong>et</strong></span> <span class='ocrx_word' id='word_1_135' title='bbox 1638 1948 1911 2015; x_wconf 86' lang='lat' dir='ltr'><strong>Clemens,</strong></span> 
     </span>
    </p>
   </div>
   <div class='ocr_carea' id='block_1_21' title="bbox 339 2039 1912 2112">
    <p class='ocr_par' dir='ltr' id='par_1_21' title="bbox 339 2039 1912 2112">
     <span class='ocr_line' id='line_1_21' title="bbox 339 2039 1912 2112; baseline -0.003 -14"><span class='ocrx_word' id='word_1_136' title='bbox 339 2051 395 2098; x_wconf 89' lang='lat' dir='ltr'><strong>et</strong></span> <span class='ocrx_word' id='word_1_137' title='bbox 427 2039 713 2112; x_wconf 75' lang='lat' dir='ltr'><strong>Origenes,</strong></span> <span class='ocrx_word' id='word_1_138' title='bbox 742 2049 798 2096; x_wconf 90' lang='lat' dir='ltr'><strong>et</strong></span> <span class='ocrx_word' id='word_1_139' title='bbox 826 2041 941 2105; x_wconf 91' lang='lat' dir='ltr'><strong>alii,</strong></span> <span class='ocrx_word' id='word_1_140' title='bbox 976 2041 1124 2096; x_wconf 92' lang='lat' dir='ltr'><strong>illam</strong></span> <span class='ocrx_word' id='word_1_141' title='bbox 1155 2043 1206 2096; x_wconf 89' lang='lat' dir='ltr'><strong>ei</strong></span> <span class='ocrx_word' id='word_1_142' title='bbox 1238 2042 1503 2096; x_wconf 87' lang='lat' dir='ltr'><strong>tribuant.</strong></span> <span class='ocrx_word' id='word_1_143' title='bbox 1531 2040 1735 2098; x_wconf 77' lang='lat' dir='ltr'><strong>Oi&#39;fensi</strong></span> <span class='ocrx_word' id='word_1_144' title='bbox 1763 2051 1912 2106; x_wconf 90' lang='lat' dir='ltr'><strong>sunt,</strong></span> 
     </span>
    </p>
   </div>
   <div class='ocr_carea' id='block_1_22' title="bbox 341 2128 1915 2201">
    <p class='ocr_par' dir='ltr' id='par_1_22' title="bbox 341 2128 1915 2201">
     <span class='ocr_line' id='line_1_22' title="bbox 341 2128 1915 2201; baseline -0.003 -15"><span class='ocrx_word' id='word_1_145' title='bbox 341 2132 526 2199; x_wconf 87' lang='lat' dir='ltr'><strong>credo,</strong></span> <span class='ocrx_word' id='word_1_146' title='bbox 566 2133 666 2186; x_wconf 91' lang='lat' dir='ltr'><strong>viri</strong></span> <span class='ocrx_word' id='word_1_147' title='bbox 714 2131 880 2198; x_wconf 90' lang='lat' dir='ltr'><strong>docti,</strong></span> <span class='ocrx_word' id='word_1_148' title='bbox 931 2132 1077 2201; x_wconf 92' lang='lat' dir='ltr'><strong>quod</strong></span> <span class='ocrx_word' id='word_1_149' title='bbox 1127 2131 1212 2186; x_wconf 88' lang='lat' dir='ltr'><strong>hic</strong></span> <span class='ocrx_word' id='word_1_150' title='bbox 1243 2131 1364 2186; x_wconf 82' lang='lat' dir='ltr'><strong>loca</strong></span> <span class='ocrx_word' id='word_1_151' title='bbox 1393 2130 1641 2200; x_wconf 62' lang='lat' dir='ltr'><strong>quasdam</strong></span> <span class='ocrx_word' id='word_1_152' title='bbox 1676 2128 1734 2184; x_wconf 88' lang='lat' dir='ltr'><strong>S.</strong></span> <span class='ocrx_word' id='word_1_153' title='bbox 1767 2128 1915 2184; x_wconf 89' lang='lat' dir='ltr'><strong>Scri-</strong></span> 
     </span>
    </p>
   </div>
   <div class='ocr_carea' id='block_1_23' title="bbox 342 2221 1909 2294">
    <p class='ocr_par' dir='ltr' id='par_1_23' title="bbox 342 2221 1909 2294">
     <span class='ocr_line' id='line_1_23' title="bbox 342 2221 1909 2294; baseline -0.002 -16"><span class='ocrx_word' id='word_1_154' title='bbox 342 2232 516 2294; x_wconf 71' lang='lat' dir='ltr'><strong>ptura:</strong></span> <span class='ocrx_word' id='word_1_155' title='bbox 565 2224 726 2278; x_wconf 87' lang='lat' dir='ltr'><strong>aliter</strong></span> <span class='ocrx_word' id='word_1_156' title='bbox 754 2223 1118 2294; x_wconf 81' lang='lat' dir='ltr'><strong>explicentur,</strong></span> <span class='ocrx_word' id='word_1_157' title='bbox 1144 2239 1308 2293; x_wconf 89' lang='lat' dir='ltr'><strong>quam</strong></span> <span class='ocrx_word' id='word_1_158' title='bbox 1336 2223 1598 2292; x_wconf 83' lang='lat' dir='ltr'><strong>explicari</strong></span> <span class='ocrx_word' id='word_1_159' title='bbox 1622 2221 1909 2276; x_wconf 85' lang='lat' dir='ltr'><strong>debebant.</strong></span> 
     </span>
    </p>
   </div>
   <div class='ocr_carea' id='block_1_24' title="bbox 342 2312 1915 2386">
    <p class='ocr_par' dir='ltr' id='par_1_24' title="bbox 342 2312 1915 2386">
     <span class='ocr_line' id='line_1_24' title="bbox 342 2312 1915 2386; baseline -0.002 -18"><span class='ocrx_word' id='word_1_160' title='bbox 342 2313 670 2370; x_wconf 83' lang='lat' dir='ltr'><strong>Persuaderi</strong></span> <span class='ocrx_word' id='word_1_161' title='bbox 703 2323 1004 2386; x_wconf 88' lang='lat' dir='ltr'><strong>nequeunt,</strong></span> <span class='ocrx_word' id='word_1_162' title='bbox 1037 2314 1118 2369; x_wconf 93' lang='lat' dir='ltr'><strong>sic</strong></span> <span class='ocrx_word' id='word_1_163' title='bbox 1162 2314 1406 2383; x_wconf 87' lang='lat' dir='ltr'><strong>potuisse</strong></span> <span class='ocrx_word' id='word_1_164' title='bbox 1455 2329 1519 2368; x_wconf 87' lang='lat' dir='ltr'><strong>ea</strong></span> <span class='ocrx_word' id='word_1_165' title='bbox 1570 2313 1690 2382; x_wconf 90' lang='lat' dir='ltr'><strong>capi</strong></span> <span class='ocrx_word' id='word_1_166' title='bbox 1738 2329 1767 2366; x_wconf 90' lang='lat' dir='ltr'><strong>a</strong></span> <span class='ocrx_word' id='word_1_167' title='bbox 1797 2312 1915 2366; x_wconf 83' lang='lat' dir='ltr'><strong>viro</strong></span> 
     </span>
    </p>
   </div>
   <div class='ocr_carea' id='block_1_25' title="bbox 343 2405 1913 2477">
    <p class='ocr_par' dir='ltr' id='par_1_25' title="bbox 343 2405 1913 2477">
     <span class='ocr_line' id='line_1_25' title="bbox 343 2405 1913 2477; baseline -0.002 -17"><span class='ocrx_word' id='word_1_168' title='bbox 343 2414 509 2463; x_wconf 63' lang='lat' dir='ltr'><strong>tantas</strong></span> <span class='ocrx_word' id='word_1_169' title='bbox 537 2406 879 2462; x_wconf 89' lang='lat' dir='ltr'><strong>auctoritatis</strong></span> <span class='ocrx_word' id='word_1_170' title='bbox 899 2447 915 2474; x_wconf 91' lang='lat'><strong>,</strong></span> <span class='ocrx_word' id='word_1_171' title='bbox 946 2407 1104 2477; x_wconf 86' lang='lat' dir='ltr'><strong>cujus</strong></span> <span class='ocrx_word' id='word_1_172' title='bbox 1141 2407 1298 2462; x_wconf 90' lang='lat' dir='ltr'><strong>toties</strong></span> <span class='ocrx_word' id='word_1_173' title='bbox 1321 2406 1463 2461; x_wconf 86' lang='lat' dir='ltr'><strong>sacri</strong></span> <span class='ocrx_word' id='word_1_174' title='bbox 1501 2406 1623 2460; x_wconf 91' lang='lat' dir='ltr'><strong>libri</strong></span> <span class='ocrx_word' id='word_1_175' title='bbox 1648 2405 1913 2459; x_wconf 90' lang='lat' dir='ltr'><strong>memine-</strong></span> 
     </span>
    </p>
   </div>
   <div class='ocr_carea' id='block_1_26' title="bbox 343 2495 1916 2570">
    <p class='ocr_par' dir='ltr' id='par_1_26' title="bbox 343 2495 1916 2570">
     <span class='ocr_line' id='line_1_26' title="bbox 343 2495 1916 2570; baseline -0.002 -17"><span class='ocrx_word' id='word_1_176' title='bbox 343 2501 478 2565; x_wconf 85' lang='lat' dir='ltr'><strong>rint,</strong></span> <span class='ocrx_word' id='word_1_177' title='bbox 512 2500 713 2570; x_wconf 89' lang='lat' dir='ltr'><strong>quique</strong></span> <span class='ocrx_word' id='word_1_178' title='bbox 760 2514 978 2569; x_wconf 88' lang='lat' dir='ltr'><strong>semper</strong></span> <span class='ocrx_word' id='word_1_179' title='bbox 1037 2497 1191 2553; x_wconf 85' lang='lat' dir='ltr'><strong>Pauli</strong></span> <span class='ocrx_word' id='word_1_180' title='bbox 1245 2499 1480 2568; x_wconf 86' lang='lat' dir='ltr'><strong>apostoli</strong></span> <span class='ocrx_word' id='word_1_181' title='bbox 1524 2511 1709 2552; x_wconf 90' lang='lat' dir='ltr'><strong>comes</strong></span> <span class='ocrx_word' id='word_1_182' title='bbox 1752 2495 1916 2550; x_wconf 84' lang='lat' dir='ltr'><strong>fuerit</strong></span> 
     </span>
    </p>
   </div>
   <div class='ocr_carea' id='block_1_27' title="bbox 346 2590 1916 2662">
    <p class='ocr_par' dir='ltr' id='par_1_27' title="bbox 346 2590 1916 2662">
     <span class='ocr_line' id='line_1_27' title="bbox 346 2590 1916 2662; baseline -0.002 -16"><span class='ocrx_word' id='word_1_183' title='bbox 346 2591 688 2657; x_wconf 86' lang='lat' dir='ltr'><strong>individuus,</strong></span> <span class='ocrx_word' id='word_1_184' title='bbox 725 2600 776 2646; x_wconf 92' lang='lat' dir='ltr'><strong>et</strong></span> <span class='ocrx_word' id='word_1_185' title='bbox 803 2593 919 2660; x_wconf 90' lang='lat' dir='ltr'><strong>ipse</strong></span> <span class='ocrx_word' id='word_1_186' title='bbox 944 2607 1164 2662; x_wconf 91' lang='lat' dir='ltr'><strong>quoque</strong></span> <span class='ocrx_word' id='word_1_187' title='bbox 1195 2607 1340 2645; x_wconf 93' lang='lat' dir='ltr'><strong>unus</strong></span> <span class='ocrx_word' id='word_1_188' title='bbox 1366 2606 1396 2645; x_wconf 92' lang='lat' dir='ltr'><strong>e</strong></span> <span class='ocrx_word' id='word_1_189' title='bbox 1424 2590 1732 2644; x_wconf 87' lang='lat' dir='ltr'><strong>minoribus</strong></span> <span class='ocrx_word' id='word_1_190' title='bbox 1781 2604 1916 2658; x_wconf 81' lang='lat' dir='ltr'><strong>apo-</strong></span> 
     </span>
    </p>
   </div>
   <div class='ocr_carea' id='block_1_28' title="bbox 346 2680 1915 2755">
    <p class='ocr_par' dir='ltr' id='par_1_28' title="bbox 346 2680 1915 2755">
     <span class='ocr_line' id='line_1_28' title="bbox 346 2680 1915 2755; baseline -0.004 -14"><span class='ocrx_word' id='word_1_191' title='bbox 346 2685 521 2741; x_wconf 78' lang='lat' dir='ltr'><strong>stolis.</strong></span> <span class='ocrx_word' id='word_1_192' title='bbox 557 2683 660 2739; x_wconf 86' lang='lat' dir='ltr'><strong>Sed</strong></span> <span class='ocrx_word' id='word_1_193' title='bbox 693 2685 818 2755; x_wconf 92' lang='lat' dir='ltr'><strong>quis</strong></span> <span class='ocrx_word' id='word_1_194' title='bbox 849 2700 880 2738; x_wconf 95' lang='lat' dir='ltr'><strong>a</strong></span> <span class='ocrx_word' id='word_1_195' title='bbox 923 2683 1118 2754; x_wconf 91' lang='lat' dir='ltr'><strong>primis</strong></span> <span class='ocrx_word' id='word_1_196' title='bbox 1169 2683 1278 2739; x_wconf 90' lang='lat' dir='ltr'><strong>illis</strong></span> <span class='ocrx_word' id='word_1_197' title='bbox 1307 2680 1637 2737; x_wconf 82' lang='lat' dir='ltr'><strong>Christianis</strong></span> <span class='ocrx_word' id='word_1_198' title='bbox 1669 2681 1915 2751; x_wconf 84' lang='lat' dir='ltr'><strong>omnige-</strong></span> 
     </span>
    </p>
   </div>
   <div class='ocr_carea' id='block_1_29' title="bbox 345 2772 1914 2844">
    <p class='ocr_par' dir='ltr' id='par_1_29' title="bbox 345 2772 1914 2844">
     <span class='ocr_line' id='line_1_29' title="bbox 345 2772 1914 2844; baseline -0.003 -13"><span class='ocrx_word' id='word_1_199' title='bbox 345 2793 474 2831; x_wconf 90' lang='lat' dir='ltr'><strong>nam</strong></span> <span class='ocrx_word' id='word_1_200' title='bbox 523 2777 808 2832; x_wconf 91' lang='lat' dir='ltr'><strong>scienliam</strong></span> <span class='ocrx_word' id='word_1_201' title='bbox 836 2783 890 2830; x_wconf 91' lang='lat' dir='ltr'><strong>et</strong></span> <span class='ocrx_word' id='word_1_202' title='bbox 934 2775 1240 2830; x_wconf 82' lang='lat' dir='ltr'><strong>doctrinam</strong></span> <span class='ocrx_word' id='word_1_203' title='bbox 1269 2773 1608 2844; x_wconf 84' lang='lat' dir='ltr'><strong>expostulet;</strong></span> <span class='ocrx_word' id='word_1_204' title='bbox 1638 2773 1763 2842; x_wconf 93' lang='lat' dir='ltr'><strong>quis</strong></span> <span class='ocrx_word' id='word_1_205' title='bbox 1792 2772 1914 2826; x_wconf 93' lang='lat' dir='ltr'><strong>illos</strong></span> 
     </span>
    </p>
   </div>
   <div class='ocr_carea' id='block_1_30' title="bbox 343 2867 1915 2938">
    <p class='ocr_par' dir='ltr' id='par_1_30' title="bbox 343 2867 1915 2938">
     <span class='ocr_line' id='line_1_30' title="bbox 343 2867 1915 2938; baseline -0.003 -16"><span class='ocrx_word' id='word_1_206' title='bbox 343 2883 452 2923; x_wconf 90' lang='lat' dir='ltr'><strong>non</strong></span> <span class='ocrx_word' id='word_1_207' title='bbox 478 2883 632 2938; x_wconf 70' lang='lat' dir='ltr'><strong>aeque</strong></span> <span class='ocrx_word' id='word_1_208' title='bbox 669 2867 1036 2922; x_wconf 89' lang='lat' dir='ltr'><strong>ballucinatos</strong></span> <span class='ocrx_word' id='word_1_209' title='bbox 1074 2867 1374 2930; x_wconf 83' lang='lat' dir='ltr'><strong>existimet,</strong></span> <span class='ocrx_word' id='word_1_210' title='bbox 1415 2876 1578 2936; x_wconf 87' lang='lat' dir='ltr'><strong>atque</strong></span> <span class='ocrx_word' id='word_1_211' title='bbox 1600 2879 1789 2919; x_wconf 88' lang='lat' dir='ltr'><strong>eorum</strong></span> <span class='ocrx_word' id='word_1_212' title='bbox 1827 2879 1915 2917; x_wconf 87' lang='lat' dir='ltr'><strong>ne-</strong></span> 
     </span>
    </p>
   </div>
   <div class='ocr_carea' id='block_1_31' title="bbox 343 2956 1914 3031">
    <p class='ocr_par' dir='ltr' id='par_1_31' title="bbox 343 2956 1914 3031">
     <span class='ocr_line' id='line_1_31' title="bbox 343 2956 1914 3031; baseline -0.002 -19"><span class='ocrx_word' id='word_1_213' title='bbox 343 2969 527 3031; x_wconf 85' lang='lat' dir='ltr'><strong>potes;</strong></span> <span class='ocrx_word' id='word_1_214' title='bbox 563 2959 868 3028; x_wconf 69' lang='lat' dir='ltr'><strong>praasertim</strong></span> <span class='ocrx_word' id='word_1_215' title='bbox 901 2959 957 3012; x_wconf 88' lang='lat' dir='ltr'><strong>in</strong></span> <span class='ocrx_word' id='word_1_216' title='bbox 992 2958 1158 3013; x_wconf 90' lang='lat' dir='ltr'><strong>rebus</strong></span> <span class='ocrx_word' id='word_1_217' title='bbox 1190 2957 1326 3012; x_wconf 92' lang='lat' dir='ltr'><strong>nihil</strong></span> <span class='ocrx_word' id='word_1_218' title='bbox 1351 2958 1417 3012; x_wconf 92' lang='lat' dir='ltr'><strong>ad</strong></span> <span class='ocrx_word' id='word_1_219' title='bbox 1445 2957 1605 3012; x_wconf 85' lang='lat' dir='ltr'><strong>ﬁdem</strong></span> <span class='ocrx_word' id='word_1_220' title='bbox 1639 2956 1914 3026; x_wconf 85' lang='lat' dir='ltr'><strong>pertinen—</strong></span> 
     </span>
    </p>
   </div>
   <div class='ocr_carea' id='block_1_32' title="bbox 344 3049 1913 3121">
    <p class='ocr_par' dir='ltr' id='par_1_32' title="bbox 344 3049 1913 3121">
     <span class='ocr_line' id='line_1_32' title="bbox 344 3049 1913 3121; baseline -0.004 -14"><span class='ocrx_word' id='word_1_221' title='bbox 344 3051 536 3107; x_wconf 87' lang='lat' dir='ltr'><strong>tibus?</strong></span> <span class='ocrx_word' id='word_1_222' title='bbox 563 3049 820 3121; x_wconf 87' lang='lat' dir='ltr'><strong>Nunquid</strong></span> <span class='ocrx_word' id='word_1_223' title='bbox 853 3058 907 3104; x_wconf 91' lang='lat' dir='ltr'><strong>et</strong></span> <span class='ocrx_word' id='word_1_224' title='bbox 933 3050 988 3104; x_wconf 91' lang='lat' dir='ltr'><strong>in</strong></span> <span class='ocrx_word' id='word_1_225' title='bbox 1018 3050 1245 3120; x_wconf 89' lang='lat' dir='ltr'><strong>epistola</strong></span> <span class='ocrx_word' id='word_1_226' title='bbox 1273 3049 1591 3112; x_wconf 84' lang='lat' dir='ltr'><strong>Clementis,</strong></span> <span class='ocrx_word' id='word_1_227' title='bbox 1623 3064 1786 3118; x_wconf 89' lang='lat' dir='ltr'><strong>quam</strong></span> <span class='ocrx_word' id='word_1_228' title='bbox 1815 3063 1913 3101; x_wconf 90' lang='lat' dir='ltr'><strong>no-</strong></span> 
     </span>
    </p>
   </div>
   <div class='ocr_carea' id='block_1_33' title="bbox 2013 554 3599 638">
    <p class='ocr_par' dir='ltr' id='par_1_33' title="bbox 2013 554 3599 638">
     <span class='ocr_line' id='line_1_33' title="bbox 2013 554 3599 638; baseline 0 -18"><span class='ocrx_word' id='word_1_229' title='bbox 2013 575 2128 621; x_wconf 91' lang='lat' dir='ltr'><strong>tum</strong></span> <span class='ocrx_word' id='word_1_230' title='bbox 2175 575 2258 623; x_wconf 87' lang='lat' dir='ltr'><strong>est</strong></span> <span class='ocrx_word' id='word_1_231' title='bbox 2303 567 2545 633; x_wconf 89' lang='lat' dir='ltr'><strong>cuilibet,</strong></span> <span class='ocrx_word' id='word_1_232' title='bbox 2579 583 2744 638; x_wconf 91' lang='lat' dir='ltr'><strong>quam</strong></span> <span class='ocrx_word' id='word_1_233' title='bbox 2779 554 3276 638; x_wconf 77' lang='lat' dir='ltr'><strong>nimium&#39;mystice</strong></span> <span class='ocrx_word' id='word_1_234' title='bbox 3314 574 3368 622; x_wconf 89' lang='lat' dir='ltr'><strong>et</strong></span> <span class='ocrx_word' id='word_1_235' title='bbox 3403 581 3599 637; x_wconf 80' lang='lat' dir='ltr'><strong>super-</strong></span> 
     </span>
    </p>
   </div>
   <div class='ocr_carea' id='block_1_34' title="bbox 2013 641 3596 730">
    <p class='ocr_par' dir='ltr' id='par_1_34' title="bbox 2013 641 3596 730">
     <span class='ocr_line' id='line_1_34' title="bbox 2013 641 3596 730; baseline 0 -18"><span class='ocrx_word' id='word_1_236' title='bbox 2013 659 2224 714; x_wconf 87' lang='lat' dir='ltr'><strong>stitiose</strong></span> <span class='ocrx_word' id='word_1_237' title='bbox 2271 661 2431 730; x_wconf 91' lang='lat' dir='ltr'><strong>(pene</strong></span> <span class='ocrx_word' id='word_1_238' title='bbox 2482 661 2650 715; x_wconf 90' lang='lat' dir='ltr'><strong>etiam</strong></span> <span class='ocrx_word' id='word_1_239' title='bbox 2699 661 2902 729; x_wconf 91' lang='lat' dir='ltr'><strong>inepte)</strong></span> <span class='ocrx_word' id='word_1_240' title='bbox 2951 659 3113 728; x_wconf 89' lang='lat' dir='ltr'><strong>primi</strong></span> <span class='ocrx_word' id='word_1_241' title='bbox 3165 661 3243 714; x_wconf 94' lang='lat' dir='ltr'><strong>illi</strong></span> <span class='ocrx_word' id='word_1_242' title='bbox 3291 641 3596 715; x_wconf 69' lang='lat' dir='ltr'><strong>Christiani</strong></span> 
     </span>
    </p>
   </div>
   <div class='ocr_carea' id='block_1_35' title="bbox 2016 750 3598 822">
    <p class='ocr_par' dir='ltr' id='par_1_35' title="bbox 2016 750 3598 822">
     <span class='ocr_line' id='line_1_35' title="bbox 2016 750 3598 822; baseline -0.002 -16"><span class='ocrx_word' id='word_1_243' title='bbox 2016 750 2330 822; x_wconf 88' lang='lat' dir='ltr'><strong>Scripturas</strong></span> <span class='ocrx_word' id='word_1_244' title='bbox 2366 767 2555 808; x_wconf 87' lang='lat' dir='ltr'><strong>sacras</strong></span> <span class='ocrx_word' id='word_1_245' title='bbox 2601 752 2713 807; x_wconf 91' lang='lat' dir='ltr'><strong>sint</strong></span> <span class='ocrx_word' id='word_1_246' title='bbox 2757 751 3118 821; x_wconf 86' lang='lat' dir='ltr'><strong>interpretati.</strong></span> <span class='ocrx_word' id='word_1_247' title='bbox 3166 751 3224 806; x_wconf 87' lang='lat' dir='ltr'><strong>Si</strong></span> <span class='ocrx_word' id='word_1_248' title='bbox 3254 753 3442 821; x_wconf 80' lang='lat' dir='ltr'><strong>itaque</strong></span> <span class='ocrx_word' id='word_1_249' title='bbox 3463 751 3598 806; x_wconf 86' lang='lat' dir='ltr'><strong>etin</strong></span> 
     </span>
    </p>
   </div>
   <div class='ocr_carea' id='block_1_36' title="bbox 2014 844 3599 915">
    <p class='ocr_par' dir='ltr' id='par_1_36' title="bbox 2014 844 3599 915">
     <span class='ocr_line' id='line_1_36' title="bbox 2014 844 3599 915; baseline -0.001 -14"><span class='ocrx_word' id='word_1_250' title='bbox 2014 847 2120 901; x_wconf 89' lang='lat' dir='ltr'><strong>hoc</strong></span> <span class='ocrx_word' id='word_1_251' title='bbox 2165 855 2391 900; x_wconf 90' lang='lat' dir='ltr'><strong>auctore</strong></span> <span class='ocrx_word' id='word_1_252' title='bbox 2433 845 2683 915; x_wconf 79' lang='lat' dir='ltr'><strong>quaedam</strong></span> <span class='ocrx_word' id='word_1_253' title='bbox 2717 854 3014 898; x_wconf 86' lang='lat' dir='ltr'><strong>occurrant</strong></span> <span class='ocrx_word' id='word_1_254' title='bbox 3057 859 3179 913; x_wconf 85' lang='lat' dir='ltr'><strong>quae</strong></span> <span class='ocrx_word' id='word_1_255' title='bbox 3207 845 3439 900; x_wconf 91' lang='lat' dir='ltr'><strong>eruditis</strong></span> <span class='ocrx_word' id='word_1_256' title='bbox 3481 844 3599 900; x_wconf 82' lang='lat' dir='ltr'><strong>dis-</strong></span> 
     </span>
    </p>
   </div>
   <div class='ocr_carea' id='block_1_37' title="bbox 2012 936 3597 1007">
    <p class='ocr_par' dir='ltr' id='par_1_37' title="bbox 2012 936 3597 1007">
     <span class='ocr_line' id='line_1_37' title="bbox 2012 936 3597 1007; baseline 0.001 -17"><span class='ocrx_word' id='word_1_257' title='bbox 2012 937 2267 1007; x_wconf 89' lang='lat' dir='ltr'><strong>pliceant,</strong></span> <span class='ocrx_word' id='word_1_258' title='bbox 2311 936 2552 991; x_wconf 89' lang='lat' dir='ltr'><strong>dandum</strong></span> <span class='ocrx_word' id='word_1_259' title='bbox 2581 937 2632 990; x_wconf 89' lang='lat' dir='ltr'><strong>id</strong></span> <span class='ocrx_word' id='word_1_260' title='bbox 2662 936 2845 1005; x_wconf 89' lang='lat' dir='ltr'><strong>potius</strong></span> <span class='ocrx_word' id='word_1_261' title='bbox 2883 936 3130 990; x_wconf 89' lang='lat' dir='ltr'><strong>moribus</strong></span> <span class='ocrx_word' id='word_1_262' title='bbox 3161 945 3406 990; x_wconf 88' lang='lat' dir='ltr'><strong>veterum</strong></span> <span class='ocrx_word' id='word_1_263' title='bbox 3435 937 3597 992; x_wconf 88' lang='lat' dir='ltr'><strong>Chri-</strong></span> 
     </span>
    </p>
   </div>
   <div class='ocr_carea' id='block_1_38' title="bbox 2015 1029 3596 1099">
    <p class='ocr_par' dir='ltr' id='par_1_38' title="bbox 2015 1029 3596 1099">
     <span class='ocr_line' id='line_1_38' title="bbox 2015 1029 3596 1099; baseline -0.001 -15"><span class='ocrx_word' id='word_1_264' title='bbox 2015 1029 2321 1084; x_wconf 86' lang='lat' dir='ltr'><strong>stianorum</strong></span> <span class='ocrx_word' id='word_1_265' title='bbox 2349 1045 2515 1099; x_wconf 86' lang='lat' dir='ltr'><strong>quam</strong></span> <span class='ocrx_word' id='word_1_266' title='bbox 2545 1039 2605 1084; x_wconf 93' lang='lat' dir='ltr'><strong>ut</strong></span> <span class='ocrx_word' id='word_1_267' title='bbox 2649 1036 2871 1099; x_wconf 89' lang='lat' dir='ltr'><strong>putetur</strong></span> <span class='ocrx_word' id='word_1_268' title='bbox 2896 1029 3160 1098; x_wconf 89' lang='lat' dir='ltr'><strong>scriptum</strong></span> <span class='ocrx_word' id='word_1_269' title='bbox 3188 1043 3312 1085; x_wconf 88' lang='lat' dir='ltr'><strong>esse</strong></span> <span class='ocrx_word' id='word_1_270' title='bbox 3335 1029 3596 1098; x_wconf 87' lang='lat' dir='ltr'><strong>supposi-</strong></span> 
     </span>
    </p>
   </div>
   <div class='ocr_carea' id='block_1_39' title="bbox 2015 1119 3596 1191">
    <p class='ocr_par' dir='ltr' id='par_1_39' title="bbox 2015 1119 3596 1191">
     <span class='ocr_line' id='line_1_39' title="bbox 2015 1119 3596 1191; baseline 0 -17"><span class='ocrx_word' id='word_1_271' title='bbox 2015 1119 2224 1175; x_wconf 91' lang='lat' dir='ltr'><strong>titium.</strong></span> <span class='ocrx_word' id='word_1_272' title='bbox 2269 1120 2374 1176; x_wconf 89' lang='lat' dir='ltr'><strong>Sed</strong></span> <span class='ocrx_word' id='word_1_273' title='bbox 2427 1136 2606 1191; x_wconf 91' lang='lat' dir='ltr'><strong>neque</strong></span> <span class='ocrx_word' id='word_1_274' title='bbox 2652 1120 2756 1174; x_wconf 91' lang='lat' dir='ltr'><strong>hoc</strong></span> <span class='ocrx_word' id='word_1_275' title='bbox 2799 1135 3134 1191; x_wconf 89' lang='lat' dir='ltr'><strong>quemquam</strong></span> <span class='ocrx_word' id='word_1_276' title='bbox 3166 1134 3386 1176; x_wconf 89' lang='lat' dir='ltr'><strong>movere</strong></span> <span class='ocrx_word' id='word_1_277' title='bbox 3415 1121 3596 1188; x_wconf 89' lang='lat' dir='ltr'><strong>debet,</strong></span> 
     </span>
    </p>
   </div>
   <div class='ocr_carea' id='block_1_40' title="bbox 2015 1209 3598 1282">
    <p class='ocr_par' dir='ltr' id='par_1_40' title="bbox 2015 1209 3598 1282">
     <span class='ocr_line' id='line_1_40' title="bbox 2015 1209 3598 1282; baseline -0.001 -17"><span class='ocrx_word' id='word_1_278' title='bbox 2015 1212 2162 1282; x_wconf 90' lang='lat' dir='ltr'><strong>quod</strong></span> <span class='ocrx_word' id='word_1_279' title='bbox 2197 1210 2468 1267; x_wconf 88' lang='lat' dir='ltr'><strong>Eusebius</strong></span> <span class='ocrx_word' id='word_1_280' title='bbox 2501 1221 2556 1266; x_wconf 92' lang='lat' dir='ltr'><strong>et</strong></span> <span class='ocrx_word' id='word_1_281' title='bbox 2578 1209 2751 1266; x_wconf 71' lang='lat' dir='ltr'><strong>Graeci</strong></span> <span class='ocrx_word' id='word_1_282' title='bbox 2777 1211 3112 1280; x_wconf 88' lang='lat' dir='ltr'><strong>posteriores</strong></span> <span class='ocrx_word' id='word_1_283' title='bbox 3140 1212 3283 1266; x_wconf 90' lang='lat' dir='ltr'><strong>inter</strong></span> <span class='ocrx_word' id='word_1_284' title='bbox 3304 1209 3598 1280; x_wconf 70' lang='grc' dir='ltr'><strong>ἀπόκρυφοι.</strong></span> 
     </span>
    </p>
   </div>
   <div class='ocr_carea' id='block_1_41' title="bbox 2015 1301 3596 1373">
    <p class='ocr_par' dir='ltr' id='par_1_41' title="bbox 2015 1301 3596 1373">
     <span class='ocr_line' id='line_1_41' title="bbox 2015 1301 3596 1373; baseline -0.001 -17"><span class='ocrx_word' id='word_1_285' title='bbox 2015 1303 2362 1371; x_wconf 90' lang='lat' dir='ltr'><strong>reposuerint</strong></span> <span class='ocrx_word' id='word_1_286' title='bbox 2401 1302 2700 1373; x_wconf 87' lang='lat' dir='ltr'><strong>Epistolam</strong></span> <span class='ocrx_word' id='word_1_287' title='bbox 2736 1304 3020 1358; x_wconf 62' lang='lat' dir='ltr'><strong>Barnabas.</strong></span> <span class='ocrx_word' id='word_1_288' title='bbox 3056 1301 3175 1356; x_wconf 85' lang='lat' dir='ltr'><strong>Non</strong></span> <span class='ocrx_word' id='word_1_289' title='bbox 3201 1302 3348 1357; x_wconf 89' lang='lat' dir='ltr'><strong>enim</strong></span> <span class='ocrx_word' id='word_1_290' title='bbox 3385 1303 3490 1356; x_wconf 89' lang='lat' dir='ltr'><strong>hoc</strong></span> <span class='ocrx_word' id='word_1_291' title='bbox 3531 1317 3596 1356; x_wconf 87' lang='lat' dir='ltr'><strong>eo</strong></span> 
     </span>
    </p>
   </div>
   <div class='ocr_carea' id='block_1_42' title="bbox 2016 1388 3595 1461">
    <p class='ocr_par' dir='ltr' id='par_1_42' title="bbox 2016 1388 3595 1461">
     <span class='ocr_line' id='line_1_42' title="bbox 2016 1388 3595 1461; baseline 0.002 -19"><span class='ocrx_word' id='word_1_292' title='bbox 2016 1388 2221 1444; x_wconf 82' lang='lat' dir='ltr'><strong>factum</strong></span> <span class='ocrx_word' id='word_1_293' title='bbox 2264 1391 2414 1460; x_wconf 92' lang='lat' dir='ltr'><strong>quod</strong></span> <span class='ocrx_word' id='word_1_294' title='bbox 2461 1391 2774 1447; x_wconf 85' lang='lat' dir='ltr'><strong>dubitarent</strong></span> <span class='ocrx_word' id='word_1_295' title='bbox 2803 1394 2869 1447; x_wconf 91' lang='lat' dir='ltr'><strong>dc</strong></span> <span class='ocrx_word' id='word_1_296' title='bbox 2901 1401 3158 1458; x_wconf 91' lang='lat' dir='ltr'><strong>auctore,</strong></span> <span class='ocrx_word' id='word_1_297' title='bbox 3191 1393 3284 1447; x_wconf 90' lang='lat' dir='ltr'><strong>sed</strong></span> <span class='ocrx_word' id='word_1_298' title='bbox 3312 1392 3459 1461; x_wconf 91' lang='lat' dir='ltr'><strong>quod</strong></span> <span class='ocrx_word' id='word_1_299' title='bbox 3487 1408 3595 1447; x_wconf 89' lang='lat' dir='ltr'><strong>non</strong></span> 
     </span>
    </p>
   </div>
   <div class='ocr_carea' id='block_1_43' title="bbox 2014 1480 3595 1552">
    <p class='ocr_par' dir='ltr' id='par_1_43' title="bbox 2014 1480 3595 1552">
     <span class='ocr_line' id='line_1_43' title="bbox 2014 1480 3595 1552; baseline 0.001 -20"><span class='ocrx_word' id='word_1_300' title='bbox 2014 1481 2312 1548; x_wconf 87' lang='lat' dir='ltr'><strong>probarent</strong></span> <span class='ocrx_word' id='word_1_301' title='bbox 2334 1481 2595 1552; x_wconf 84' lang='lat' dir='ltr'><strong>mysticas</strong></span> <span class='ocrx_word' id='word_1_302' title='bbox 2629 1482 2764 1536; x_wconf 89' lang='lat' dir='ltr'><strong>istas</strong></span> <span class='ocrx_word' id='word_1_303' title='bbox 2787 1480 3268 1550; x_wconf 86' lang='lat' dir='ltr'><strong>interpretationes</strong></span> <span class='ocrx_word' id='word_1_304' title='bbox 3297 1480 3595 1534; x_wconf 91' lang='lat' dir='ltr'><strong>multorum</strong></span> 
     </span>
    </p>
   </div>
   <div class='ocr_carea' id='block_1_44' title="bbox 2018 1570 3598 1642">
    <p class='ocr_par' dir='ltr' id='par_1_44' title="bbox 2018 1570 3598 1642">
     <span class='ocr_line' id='line_1_44' title="bbox 2018 1570 3598 1642; baseline 0.002 -18"><span class='ocrx_word' id='word_1_305' title='bbox 2018 1570 2077 1624; x_wconf 91' lang='lat' dir='ltr'><strong>S.</strong></span> <span class='ocrx_word' id='word_1_306' title='bbox 2112 1570 2411 1642; x_wconf 73' lang='lat' dir='ltr'><strong>Scriptura:</strong></span> <span class='ocrx_word' id='word_1_307' title='bbox 2446 1573 2718 1628; x_wconf 90' lang='lat' dir='ltr'><strong>locorum.</strong></span> <span class='ocrx_word' id='word_1_308' title='bbox 2750 1573 2954 1628; x_wconf 88' lang='lat' dir='ltr'><strong>Eadem</strong></span> <span class='ocrx_word' id='word_1_309' title='bbox 2986 1573 3198 1628; x_wconf 87' lang='lat' dir='ltr'><strong>ratione</strong></span> <span class='ocrx_word' id='word_1_310' title='bbox 3221 1582 3276 1628; x_wconf 91' lang='lat' dir='ltr'><strong>et</strong></span> <span class='ocrx_word' id='word_1_311' title='bbox 3301 1573 3598 1627; x_wconf 85' lang='lat' dir='ltr'><strong>Clementis</strong></span> 
     </span>
    </p>
   </div>
   <div class='ocr_carea' id='block_1_45' title="bbox 2015 1662 3598 1736">
    <p class='ocr_par' dir='ltr' id='par_1_45' title="bbox 2015 1662 3598 1736">
     <span class='ocr_line' id='line_1_45' title="bbox 2015 1662 3598 1736; baseline 0.004 -22"><span class='ocrx_word' id='word_1_312' title='bbox 2015 1662 2392 1730; x_wconf 81' lang='lat' dir='ltr'><strong>Alexandrini,</strong></span> <span class='ocrx_word' id='word_1_313' title='bbox 2447 1673 2502 1719; x_wconf 94' lang='lat' dir='ltr'><strong>et</strong></span> <span class='ocrx_word' id='word_1_314' title='bbox 2547 1665 2717 1720; x_wconf 82' lang='lat' dir='ltr'><strong>multa</strong></span> <span class='ocrx_word' id='word_1_315' title='bbox 2771 1665 3024 1736; x_wconf 79' lang='lat' dir='ltr'><strong>Origenis</strong></span> <span class='ocrx_word' id='word_1_316' title='bbox 3064 1680 3255 1735; x_wconf 86' lang='lat' dir='ltr'><strong>opera,</strong></span> <span class='ocrx_word' id='word_1_317' title='bbox 3293 1665 3435 1720; x_wconf 88' lang='lat' dir='ltr'><strong>inter</strong></span> <span class='ocrx_word' id='word_1_318' title='bbox 3465 1680 3598 1735; x_wconf 90' lang='lat' dir='ltr'><strong>apo-</strong></span> 
     </span>
    </p>
   </div>
   <div class='ocr_carea' id='block_1_46' title="bbox 2017 1754 3598 1826">
    <p class='ocr_par' dir='ltr' id='par_1_46' title="bbox 2017 1754 3598 1826">
     <span class='ocr_line' id='line_1_46' title="bbox 2017 1754 3598 1826; baseline 0.001 -17"><span class='ocrx_word' id='word_1_319' title='bbox 2017 1755 2224 1825; x_wconf 86' lang='lat' dir='ltr'><strong>crypha</strong></span> <span class='ocrx_word' id='word_1_320' title='bbox 2257 1754 2428 1809; x_wconf 89' lang='lat' dir='ltr'><strong>relata</strong></span> <span class='ocrx_word' id='word_1_321' title='bbox 2472 1765 2622 1810; x_wconf 90' lang='lat' dir='ltr'><strong>sunt.</strong></span> <span class='ocrx_word' id='word_1_322' title='bbox 2663 1754 2851 1826; x_wconf 88' lang='lat' dir='ltr'><strong>Neque</strong></span> <span class='ocrx_word' id='word_1_323' title='bbox 2891 1765 3075 1810; x_wconf 72' lang='lat' dir='ltr'><strong>tamen</strong></span> <span class='ocrx_word' id='word_1_324' title='bbox 3105 1772 3348 1826; x_wconf 90' lang='lat' dir='ltr'><strong>unquam</strong></span> <span class='ocrx_word' id='word_1_325' title='bbox 3378 1755 3598 1810; x_wconf 82' lang='lat' dir='ltr'><strong>dubita-</strong></span> 
     </span>
    </p>
   </div>
   <div class='ocr_carea' id='block_1_47' title="bbox 2016 1845 3591 1918">
    <p class='ocr_par' dir='ltr' id='par_1_47' title="bbox 2016 1845 3591 1918">
     <span class='ocr_line' id='line_1_47' title="bbox 2016 1845 3591 1918; baseline 0 -16"><span class='ocrx_word' id='word_1_326' title='bbox 2016 1856 2132 1902; x_wconf 93' lang='lat' dir='ltr'><strong>tum</strong></span> <span class='ocrx_word' id='word_1_327' title='bbox 2165 1845 2268 1901; x_wconf 82' lang='lat' dir='ltr'><strong>fuit</strong></span> <span class='ocrx_word' id='word_1_328' title='bbox 2294 1846 2426 1917; x_wconf 91' lang='lat' dir='ltr'><strong>quin</strong></span> <span class='ocrx_word' id='word_1_329' title='bbox 2457 1849 2695 1918; x_wconf 80' lang='lat' dir='ltr'><strong>genuina</strong></span> <span class='ocrx_word' id='word_1_330' title='bbox 2739 1857 2924 1904; x_wconf 91' lang='lat' dir='ltr'><strong>essent</strong></span> <span class='ocrx_word' id='word_1_331' title='bbox 2951 1849 3038 1902; x_wconf 90' lang='lat' dir='ltr'><strong>illa</strong></span> <span class='ocrx_word' id='word_1_332' title='bbox 3071 1863 3260 1918; x_wconf 90' lang='lat' dir='ltr'><strong>opera.</strong></span> <span class='ocrx_word' id='word_1_333' title='bbox 3309 1846 3377 1902; x_wconf 90' lang='lat' dir='ltr'><strong>Et</strong></span> <span class='ocrx_word' id='word_1_334' title='bbox 3411 1859 3591 1903; x_wconf 89' lang='lat' dir='ltr'><strong>certe:</strong></span> 
     </span>
    </p>
   </div>
   <div class='ocr_carea' id='block_1_48' title="bbox 2015 1937 3595 2009">
    <p class='ocr_par' dir='ltr' id='par_1_48' title="bbox 2015 1937 3595 2009">
     <span class='ocr_line' id='line_1_48' title="bbox 2015 1937 3595 2009; baseline -0.001 -17"><span class='ocrx_word' id='word_1_335' title='bbox 2015 1938 2063 1992; x_wconf 88' lang='lat' dir='ltr'><strong>si</strong></span> <span class='ocrx_word' id='word_1_336' title='bbox 2120 1938 2305 1992; x_wconf 87' lang='lat' dir='ltr'><strong>omnia</strong></span> <span class='ocrx_word' id='word_1_337' title='bbox 2345 1953 2466 2008; x_wconf 73' lang='lat' dir='ltr'><strong>quae</strong></span> <span class='ocrx_word' id='word_1_338' title='bbox 2518 1938 2814 2008; x_wconf 87' lang='lat' dir='ltr'><strong>aliquando</strong></span> <span class='ocrx_word' id='word_1_339' title='bbox 2860 1939 3000 1994; x_wconf 90' lang='lat' dir='ltr'><strong>inter</strong></span> <span class='ocrx_word' id='word_1_340' title='bbox 3051 1938 3364 2009; x_wconf 88' lang='lat' dir='ltr'><strong>apocrypha</strong></span> <span class='ocrx_word' id='word_1_341' title='bbox 3411 1937 3595 1992; x_wconf 83' lang='lat' dir='ltr'><strong>habita</strong></span> 
     </span>
    </p>
   </div>
   <div class='ocr_carea' id='block_1_49' title="bbox 2019 2027 3592 2100">
    <p class='ocr_par' dir='ltr' id='par_1_49' title="bbox 2019 2027 3592 2100">
     <span class='ocr_line' id='line_1_49' title="bbox 2019 2027 3592 2100; baseline 0.001 -18"><span class='ocrx_word' id='word_1_342' title='bbox 2019 2028 2129 2082; x_wconf 91' lang='lat' dir='ltr'><strong>sint</strong></span> <span class='ocrx_word' id='word_1_343' title='bbox 2167 2028 2396 2098; x_wconf 84' lang='lat' dir='ltr'><strong>rejicere</strong></span> <span class='ocrx_word' id='word_1_344' title='bbox 2453 2028 2707 2096; x_wconf 86' lang='lat' dir='ltr'><strong>velimus,</strong></span> <span class='ocrx_word' id='word_1_345' title='bbox 2756 2028 3055 2100; x_wconf 89' lang='lat' dir='ltr'><strong>rejicienda</strong></span> <span class='ocrx_word' id='word_1_346' title='bbox 3090 2044 3311 2100; x_wconf 91' lang='lat' dir='ltr'><strong>quoque</strong></span> <span class='ocrx_word' id='word_1_347' title='bbox 3347 2037 3492 2084; x_wconf 91' lang='lat' dir='ltr'><strong>esset</strong></span> <span class='ocrx_word' id='word_1_348' title='bbox 3529 2027 3592 2084; x_wconf 92' lang='lat' dir='ltr'><strong>D.</strong></span> 
     </span>
    </p>
   </div>
   <div class='ocr_carea' id='block_1_50' title="bbox 2015 2118 3600 2190">
    <p class='ocr_par' dir='ltr' id='par_1_50' title="bbox 2015 2118 3600 2190">
     <span class='ocr_line' id='line_1_50' title="bbox 2015 2118 3600 2190; baseline -0.002 -15"><span class='ocrx_word' id='word_1_349' title='bbox 2015 2121 2171 2175; x_wconf 88' lang='lat' dir='ltr'><strong>Pauli</strong></span> <span class='ocrx_word' id='word_1_350' title='bbox 2196 2120 2263 2174; x_wconf 89' lang='lat' dir='ltr'><strong>ad</strong></span> <span class='ocrx_word' id='word_1_351' title='bbox 2291 2119 2550 2174; x_wconf 73' lang='lat' dir='ltr'><strong>Hebraeos</strong></span> <span class='ocrx_word' id='word_1_352' title='bbox 2575 2118 2840 2189; x_wconf 86' lang='lat' dir='ltr'><strong>Epistola,</strong></span> <span class='ocrx_word' id='word_1_353' title='bbox 2870 2122 2998 2175; x_wconf 89' lang='lat' dir='ltr'><strong>item</strong></span> <span class='ocrx_word' id='word_1_354' title='bbox 3027 2119 3179 2175; x_wconf 80' lang='lat' dir='ltr'><strong>Juda:</strong></span> <span class='ocrx_word' id='word_1_355' title='bbox 3209 2121 3440 2190; x_wconf 90' lang='lat' dir='ltr'><strong>apostoli</strong></span> <span class='ocrx_word' id='word_1_356' title='bbox 3470 2119 3600 2190; x_wconf 76' lang='lat' dir='ltr'><strong>Epi-</strong></span> 
     </span>
    </p>
   </div>
   <div class='ocr_carea' id='block_1_51' title="bbox 2017 2206 3594 2278">
    <p class='ocr_par' dir='ltr' id='par_1_51' title="bbox 2017 2206 3594 2278">
     <span class='ocr_line' id='line_1_51' title="bbox 2017 2206 3594 2278; baseline -0.002 -14"><span class='ocrx_word' id='word_1_357' title='bbox 2017 2208 2175 2275; x_wconf 87' lang='lat' dir='ltr'><strong>stola,</strong></span> <span class='ocrx_word' id='word_1_358' title='bbox 2224 2216 2276 2262; x_wconf 89' lang='lat' dir='ltr'><strong>et</strong></span> <span class='ocrx_word' id='word_1_359' title='bbox 2307 2206 2396 2260; x_wconf 91' lang='lat' dir='ltr'><strong>illa</strong></span> <span class='ocrx_word' id='word_1_360' title='bbox 2428 2206 2726 2262; x_wconf 90' lang='lat' dir='ltr'><strong>Clementis</strong></span> <span class='ocrx_word' id='word_1_361' title='bbox 2763 2209 2831 2262; x_wconf 90' lang='lat' dir='ltr'><strong>ad</strong></span> <span class='ocrx_word' id='word_1_362' title='bbox 2861 2208 3200 2262; x_wconf 83' lang='lat' dir='ltr'><strong>Corinthios.</strong></span> <span class='ocrx_word' id='word_1_363' title='bbox 3232 2207 3388 2274; x_wconf 85' lang='lat' dir='ltr'><strong>Quod</strong></span> <span class='ocrx_word' id='word_1_364' title='bbox 3431 2223 3594 2278; x_wconf 91' lang='lat' dir='ltr'><strong>quam</strong></span> 
     </span>
    </p>
   </div>
   <div class='ocr_carea' id='block_1_52' title="bbox 2014 2299 3205 2370">
    <p class='ocr_par' dir='ltr' id='par_1_52' title="bbox 2014 2299 3205 2370">
     <span class='ocr_line' id='line_1_52' title="bbox 2014 2299 3205 2370; baseline -0.003 -14"><span class='ocrx_word' id='word_1_365' title='bbox 2014 2299 2315 2356; x_wconf 80' lang='lat' dir='ltr'><strong>absurdum</strong></span> <span class='ocrx_word' id='word_1_366' title='bbox 2342 2300 2434 2363; x_wconf 90' lang='lat' dir='ltr'><strong>sit,</strong></span> <span class='ocrx_word' id='word_1_367' title='bbox 2467 2299 2592 2370; x_wconf 92' lang='lat' dir='ltr'><strong>quis</strong></span> <span class='ocrx_word' id='word_1_368' title='bbox 2624 2301 2825 2369; x_wconf 89' lang='lat' dir='ltr'><strong>estqui</strong></span> <span class='ocrx_word' id='word_1_369' title='bbox 2857 2314 2966 2353; x_wconf 94' lang='lat' dir='ltr'><strong>non</strong></span> <span class='ocrx_word' id='word_1_370' title='bbox 3005 2300 3205 2353; x_wconf 79' lang='lat' dir='ltr'><strong>videat.</strong></span> 
     </span>
    </p>
   </div>
   <div class='ocr_carea' id='block_1_53' title="bbox 2086 2388 3598 2459">
    <p class='ocr_par' dir='ltr' id='par_1_53' title="bbox 2086 2388 3598 2459">
     <span class='ocr_line' id='line_1_53' title="bbox 2086 2388 3598 2459; baseline 0.001 -17"><span class='ocrx_word' id='word_1_371' title='bbox 2086 2388 2191 2442; x_wconf 79' lang='lat' dir='ltr'><strong>Alii</strong></span> <span class='ocrx_word' id='word_1_372' title='bbox 2219 2404 2286 2442; x_wconf 80' lang='lat' dir='ltr'><strong>ex</strong></span> <span class='ocrx_word' id='word_1_373' title='bbox 2313 2389 2452 2459; x_wconf 86' lang='lat' dir='ltr'><strong>stylo</strong></span> <span class='ocrx_word' id='word_1_374' title='bbox 2477 2396 2531 2443; x_wconf 93' lang='lat' dir='ltr'><strong>et</strong></span> <span class='ocrx_word' id='word_1_375' title='bbox 2563 2389 2880 2458; x_wconf 84' lang='lat' dir='ltr'><strong>scriptionis</strong></span> <span class='ocrx_word' id='word_1_376' title='bbox 2914 2403 3111 2458; x_wconf 79' lang='lat' dir='ltr'><strong>genere</strong></span> <span class='ocrx_word' id='word_1_377' title='bbox 3142 2389 3431 2454; x_wconf 81' lang='lat' dir='ltr'><strong>dixerunt,</strong></span> <span class='ocrx_word' id='word_1_378' title='bbox 3477 2405 3598 2444; x_wconf 88' lang='lat' dir='ltr'><strong>sese</strong></span> 
     </span>
    </p>
   </div>
   <div class='ocr_carea' id='block_1_54' title="bbox 2016 2479 3598 2551">
    <p class='ocr_par' dir='ltr' id='par_1_54' title="bbox 2016 2479 3598 2551">
     <span class='ocr_line' id='line_1_54' title="bbox 2016 2479 3598 2551; baseline 0.001 -18"><span class='ocrx_word' id='word_1_379' title='bbox 2016 2479 2420 2549; x_wconf 89' lang='lat' dir='ltr'><strong>deprehendere</strong></span> <span class='ocrx_word' id='word_1_380' title='bbox 2440 2480 2725 2549; x_wconf 90' lang='lat' dir='ltr'><strong>epistolam</strong></span> <span class='ocrx_word' id='word_1_381' title='bbox 2751 2479 2891 2534; x_wconf 88' lang='lat' dir='ltr'><strong>hanc</strong></span> <span class='ocrx_word' id='word_1_382' title='bbox 2914 2495 3036 2534; x_wconf 89' lang='lat' dir='ltr'><strong>esse</strong></span> <span class='ocrx_word' id='word_1_383' title='bbox 3061 2480 3323 2548; x_wconf 89' lang='lat' dir='ltr'><strong>spuriam.</strong></span> <span class='ocrx_word' id='word_1_384' title='bbox 3349 2480 3422 2534; x_wconf 89' lang='lat' dir='ltr'><strong>De</strong></span> <span class='ocrx_word' id='word_1_385' title='bbox 3445 2479 3598 2551; x_wconf 83' lang='lat' dir='ltr'><strong>lgna-</strong></span> 
     </span>
    </p>
   </div>
   <div class='ocr_carea' id='block_1_55' title="bbox 2016 2570 3600 2643">
    <p class='ocr_par' dir='ltr' id='par_1_55' title="bbox 2016 2570 3600 2643">
     <span class='ocr_line' id='line_1_55' title="bbox 2016 2570 3600 2643; baseline -0.001 -16"><span class='ocrx_word' id='word_1_386' title='bbox 2016 2573 2336 2643; x_wconf 90' lang='lat' dir='ltr'><strong>tiiepistolis</strong></span> <span class='ocrx_word' id='word_1_387' title='bbox 2365 2573 2504 2626; x_wconf 91' lang='lat' dir='ltr'><strong>idem</strong></span> <span class='ocrx_word' id='word_1_388' title='bbox 2523 2570 3011 2627; x_wconf 79' lang='lat' dir='ltr'><strong>afﬁrmabant.Sed</strong></span> <span class='ocrx_word' id='word_1_389' title='bbox 3041 2573 3268 2626; x_wconf 90' lang='lat' dir='ltr'><strong>nimium</strong></span> <span class='ocrx_word' id='word_1_390' title='bbox 3295 2587 3427 2626; x_wconf 85' lang='lat' dir='ltr'><strong>sane</strong></span> <span class='ocrx_word' id='word_1_391' title='bbox 3453 2580 3600 2632; x_wconf 85' lang='lat' dir='ltr'><strong>acuti</strong></span> 
     </span>
    </p>
   </div>
   <div class='ocr_carea' id='block_1_56' title="bbox 2016 2663 3601 2735">
    <p class='ocr_par' dir='ltr' id='par_1_56' title="bbox 2016 2663 3601 2735">
     <span class='ocr_line' id='line_1_56' title="bbox 2016 2663 3601 2735; baseline -0.001 -16"><span class='ocrx_word' id='word_1_392' title='bbox 2016 2666 2202 2720; x_wconf 91' lang='lat' dir='ltr'><strong>volunt</strong></span> <span class='ocrx_word' id='word_1_393' title='bbox 2227 2665 2434 2732; x_wconf 93' lang='lat' dir='ltr'><strong>videri,</strong></span> <span class='ocrx_word' id='word_1_394' title='bbox 2461 2665 2556 2735; x_wconf 90' lang='lat' dir='ltr'><strong>qui</strong></span> <span class='ocrx_word' id='word_1_395' title='bbox 2596 2665 2722 2719; x_wconf 89' lang='lat' dir='ltr'><strong>talia</strong></span> <span class='ocrx_word' id='word_1_396' title='bbox 2757 2665 2987 2734; x_wconf 78' lang='lat' dir='ltr'><strong>iactant.</strong></span> <span class='ocrx_word' id='word_1_397' title='bbox 3035 2663 3152 2728; x_wconf 82' lang='lat' dir='ltr'><strong>Non</strong></span> <span class='ocrx_word' id='word_1_398' title='bbox 3202 2665 3276 2717; x_wconf 91' lang='lat' dir='ltr'><strong>ita</strong></span> <span class='ocrx_word' id='word_1_399' title='bbox 3317 2663 3478 2719; x_wconf 82' lang='lat' dir='ltr'><strong>facile</strong></span> <span class='ocrx_word' id='word_1_400' title='bbox 3516 2675 3601 2718; x_wconf 89' lang='lat' dir='ltr'><strong>est</strong></span> 
     </span>
    </p>
   </div>
   <div class='ocr_carea' id='block_1_57' title="bbox 2017 2757 3600 2828">
    <p class='ocr_par' dir='ltr' id='par_1_57' title="bbox 2017 2757 3600 2828">
     <span class='ocr_line' id='line_1_57' title="bbox 2017 2757 3600 2828; baseline -0.003 -14"><span class='ocrx_word' id='word_1_401' title='bbox 2017 2759 2203 2828; x_wconf 87' lang='lat' dir='ltr'><strong>spuria</strong></span> <span class='ocrx_word' id='word_1_402' title='bbox 2238 2759 2439 2828; x_wconf 90' lang='lat' dir='ltr'><strong>scripta</strong></span> <span class='ocrx_word' id='word_1_403' title='bbox 2464 2773 2497 2812; x_wconf 87' lang='lat' dir='ltr'><strong>a</strong></span> <span class='ocrx_word' id='word_1_404' title='bbox 2529 2757 2781 2828; x_wconf 80' lang='lat' dir='ltr'><strong>genuinis</strong></span> <span class='ocrx_word' id='word_1_405' title='bbox 2805 2757 3176 2826; x_wconf 80' lang='lat' dir='ltr'><strong>distinguere,</strong></span> <span class='ocrx_word' id='word_1_406' title='bbox 3205 2772 3370 2826; x_wconf 90' lang='lat' dir='ltr'><strong>quam</strong></span> <span class='ocrx_word' id='word_1_407' title='bbox 3403 2757 3474 2812; x_wconf 90' lang='lat' dir='ltr'><strong>sit</strong></span> <span class='ocrx_word' id='word_1_408' title='bbox 3500 2773 3600 2811; x_wconf 90' lang='lat' dir='ltr'><strong>na-</strong></span> 
     </span>
    </p>
   </div>
   <div class='ocr_carea' id='block_1_58' title="bbox 2015 2847 3632 2919">
    <p class='ocr_par' dir='ltr' id='par_1_58' title="bbox 2015 2847 3632 2919">
     <span class='ocr_line' id='line_1_58' title="bbox 2015 2847 3632 2919; baseline -0.004 -13"><span class='ocrx_word' id='word_1_409' title='bbox 2015 2851 2156 2906; x_wconf 89' lang='lat' dir='ltr'><strong>tivas</strong></span> <span class='ocrx_word' id='word_1_410' title='bbox 2185 2865 2430 2919; x_wconf 83' lang='lat' dir='ltr'><strong>gemmas</strong></span> <span class='ocrx_word' id='word_1_411' title='bbox 2461 2849 2784 2918; x_wconf 83' lang='lat' dir='ltr'><strong>dignoscere</strong></span> <span class='ocrx_word' id='word_1_412' title='bbox 2811 2849 2878 2901; x_wconf 88' lang='lat' dir='ltr'><strong>ab</strong></span> <span class='ocrx_word' id='word_1_413' title='bbox 2901 2848 3248 2902; x_wconf 87' lang='lat' dir='ltr'><strong>adulterinis.</strong></span> <span class='ocrx_word' id='word_1_414' title='bbox 3279 2847 3418 2901; x_wconf 90' lang='lat' dir='ltr'><strong>Cum</strong></span> <span class='ocrx_word' id='word_1_415' title='bbox 3450 2847 3596 2903; x_wconf 89' lang='lat' dir='ltr'><strong>enim</strong></span> <span class='ocrx_word' id='word_1_416' title='bbox 3624 2906 3632 2915; x_wconf 46' lang='grc'><em>,</em></span> 
     </span>
    </p>
   </div>
   <div class='ocr_carea' id='block_1_59' title="bbox 2015 2940 3599 3012">
    <p class='ocr_par' dir='ltr' id='par_1_59' title="bbox 2015 2940 3599 3012">
     <span class='ocr_line' id='line_1_59' title="bbox 2015 2940 3599 3012; baseline -0.002 -16"><span class='ocrx_word' id='word_1_417' title='bbox 2015 2943 2130 2998; x_wconf 84' lang='lat' dir='ltr'><strong>veri</strong></span> <span class='ocrx_word' id='word_1_418' title='bbox 2160 2941 2330 3012; x_wconf 87' lang='lat' dir='ltr'><strong>lapilli</strong></span> <span class='ocrx_word' id='word_1_419' title='bbox 2355 2956 2478 2994; x_wconf 91' lang='lat' dir='ltr'><strong>cum</strong></span> <span class='ocrx_word' id='word_1_420' title='bbox 2510 2940 2717 2996; x_wconf 87' lang='lat' dir='ltr'><strong>lictitiis</strong></span> <span class='ocrx_word' id='word_1_421' title='bbox 2743 2940 3164 2994; x_wconf 88' lang='lat' dir='ltr'><strong>committuntur</strong></span> <span class='ocrx_word' id='word_1_422' title='bbox 3186 2948 3239 2993; x_wconf 90' lang='lat' dir='ltr'><strong>ct</strong></span> <span class='ocrx_word' id='word_1_423' title='bbox 3269 2953 3599 3009; x_wconf 89' lang='lat' dir='ltr'><strong>comparan-</strong></span> 
     </span>
    </p>
   </div>
   <div class='ocr_carea' id='block_1_60' title="bbox 2017 3030 3599 3102">
    <p class='ocr_par' dir='ltr' id='par_1_60' title="bbox 2017 3030 3599 3102">
     <span class='ocr_line' id='line_1_60' title="bbox 2017 3030 3599 3102; baseline -0.001 -15"><span class='ocrx_word' id='word_1_424' title='bbox 2017 3044 2126 3100; x_wconf 90' lang='lat' dir='ltr'><strong>tur,</strong></span> <span class='ocrx_word' id='word_1_425' title='bbox 2162 3043 2275 3087; x_wconf 91' lang='lat' dir='ltr'><strong>tum</strong></span> <span class='ocrx_word' id='word_1_426' title='bbox 2311 3041 2372 3086; x_wconf 91' lang='lat' dir='ltr'><strong>ut</strong></span> <span class='ocrx_word' id='word_1_427' title='bbox 2403 3031 2700 3102; x_wconf 88' lang='lat' dir='ltr'><strong>plurimum</strong></span> <span class='ocrx_word' id='word_1_428' title='bbox 2742 3030 2902 3085; x_wconf 79' lang='lat' dir='ltr'><strong>fucus</strong></span> <span class='ocrx_word' id='word_1_429' title='bbox 2934 3040 3159 3100; x_wconf 89' lang='lat' dir='ltr'><strong>apparet</strong></span> <span class='ocrx_word' id='word_1_430' title='bbox 3197 3053 3209 3086; x_wconf 86' lang='lat'><strong>:</strong></span> <span class='ocrx_word' id='word_1_431' title='bbox 3242 3030 3319 3085; x_wconf 91' lang='lat' dir='ltr'><strong>ita</strong></span> <span class='ocrx_word' id='word_1_432' title='bbox 3359 3047 3599 3101; x_wconf 89' lang='lat' dir='ltr'><strong>purpura</strong></span> 
     </span>
    </p>
   </div>
   <div class='ocr_carea' id='block_1_61' title="bbox 343 3121 3601 3205">
    <p class='ocr_par' dir='ltr' id='par_1_61' title="bbox 343 3121 3601 3205">
     <span class='ocr_line' id='line_1_61' title="bbox 343 3121 3601 3205; baseline -0.002 -7"><span class='ocrx_word' id='word_1_433' title='bbox 343 3143 429 3198; x_wconf 87' lang='lat' dir='ltr'><strong>bis</strong></span> <span class='ocrx_word' id='word_1_434' title='bbox 473 3141 622 3197; x_wconf 90' lang='lat' dir='ltr'><strong>dedit</strong></span> <span class='ocrx_word' id='word_1_435' title='bbox 652 3142 738 3195; x_wconf 91' lang='lat' dir='ltr'><strong>vir</strong></span> <span class='ocrx_word' id='word_1_436' title='bbox 767 3140 1040 3194; x_wconf 79' lang='lat' dir='ltr'><strong>maximus</strong></span> <span class='ocrx_word' id='word_1_437' title='bbox 1067 3138 1340 3194; x_wconf 87' lang='lat' dir='ltr'><strong>Patricius</strong></span> <span class='ocrx_word' id='word_1_438' title='bbox 1366 3137 1584 3205; x_wconf 84' lang='lat' dir='ltr'><strong>Junius,</strong></span> <span class='ocrx_word' id='word_1_439' title='bbox 1628 3138 1919 3192; x_wconf 91' lang='lat' dir='ltr'><strong>bibliothe—</strong></span> <span class='ocrx_word' id='word_1_440' title='bbox 1945 3140 1991 3200; x_wconf 85' lang='lat' dir='ltr'><strong>C</strong></span> <span class='ocrx_word' id='word_1_441' title='bbox 2021 3125 2088 3178; x_wconf 71' lang='lat' dir='ltr'><strong>ad</strong></span> <span class='ocrx_word' id='word_1_442' title='bbox 2116 3139 2413 3195; x_wconf 65' lang='lat' dir='ltr'><strong>Purpllram</strong></span> <span class='ocrx_word' id='word_1_443' title='bbox 2455 3123 2811 3193; x_wconf 64' lang='lat' dir='ltr'><strong>diiUdicau&quot;:</strong></span> <span class='ocrx_word' id='word_1_444' title='bbox 2857 3122 2932 3175; x_wconf 53' lang='lat' dir='ltr'><strong>ita</strong></span> <span class='ocrx_word' id='word_1_445' title='bbox 2971 3130 3024 3176; x_wconf 71' lang='grc' dir='ltr'><strong>εί</strong></span> <span class='ocrx_word' id='word_1_446' title='bbox 3065 3123 3119 3175; x_wconf 79' lang='grc' dir='ltr'>ί¹¹</span> <span class='ocrx_word' id='word_1_447' title='bbox 3155 3121 3279 3176; x_wconf 68' lang='lat' dir='ltr'><strong>aliis</strong></span> <span class='ocrx_word' id='word_1_448' title='bbox 3323 3123 3601 3176; x_wconf 64' lang='lat' dir='ltr'><strong>“lmibus</strong></span> 
     </span>
    </p>
   </div>
   <div class='ocr_carea' id='block_1_62' title="bbox 344 3230 1912 3304">
    <p class='ocr_par' dir='ltr' id='par_1_62' title="bbox 344 3230 1912 3304">
     <span class='ocr_line' id='line_1_62' title="bbox 344 3230 1912 3304; baseline -0.004 -14"><span class='ocrx_word' id='word_1_449' title='bbox 344 3235 527 3290; x_wconf 86' lang='lat' dir='ltr'><strong>carius</strong></span> <span class='ocrx_word' id='word_1_450' title='bbox 557 3234 739 3304; x_wconf 82' lang='lat' dir='ltr'><strong>regius</strong></span> <span class='ocrx_word' id='word_1_451' title='bbox 783 3233 892 3304; x_wconf 89' lang='lat' dir='ltr'><strong>(cui</strong></span> <span class='ocrx_word' id='word_1_452' title='bbox 940 3249 1041 3302; x_wconf 79' lang='lat' dir='ltr'><strong>ego</strong></span> <span class='ocrx_word' id='word_1_453' title='bbox 1081 3241 1292 3287; x_wconf 92' lang='lat' dir='ltr'><strong>tantum</strong></span> <span class='ocrx_word' id='word_1_454' title='bbox 1334 3232 1526 3295; x_wconf 88' lang='lat' dir='ltr'><strong>debeo,</strong></span> <span class='ocrx_word' id='word_1_455' title='bbox 1575 3241 1632 3284; x_wconf 93' lang='lat' dir='ltr'><strong>ut</strong></span> <span class='ocrx_word' id='word_1_456' title='bbox 1663 3230 1816 3300; x_wconf 90' lang='lat' dir='ltr'><strong>plura</strong></span> <span class='ocrx_word' id='word_1_457' title='bbox 1863 3230 1912 3284; x_wconf 91' lang='lat' dir='ltr'><strong>ei</strong></span> 
     </span>
    </p>
   </div>
   <div class='ocr_carea' id='block_1_63' title="bbox 345 3319 1914 3397">
    <p class='ocr_par' dir='ltr' id='par_1_63' title="bbox 345 3319 1914 3397">
     <span class='ocr_line' id='line_1_63' title="bbox 345 3319 1914 3397; baseline -0.004 -14"><span class='ocrx_word' id='word_1_458' title='bbox 345 3327 541 3383; x_wconf 89' lang='lat' dir='ltr'><strong>debere</strong></span> <span class='ocrx_word' id='word_1_459' title='bbox 607 3342 714 3381; x_wconf 84' lang='lat' dir='ltr'><strong>non</strong></span> <span class='ocrx_word' id='word_1_460' title='bbox 775 3326 1051 3397; x_wconf 88' lang='lat' dir='ltr'><strong>possim),</strong></span> <span class='ocrx_word' id='word_1_461' title='bbox 1117 3325 1317 3380; x_wconf 88' lang='lat' dir='ltr'><strong>similia</strong></span> <span class='ocrx_word' id='word_1_462' title='bbox 1377 3322 1724 3378; x_wconf 80' lang='lat' dir='ltr'><strong>occurrunt?</strong></span> <span class='ocrx_word' id='word_1_463' title='bbox 1779 3319 1914 3387; x_wconf 86' lang='lat' dir='ltr'><strong>Quis</strong></span> 
     </span>
    </p>
   </div>
   <div class='ocr_carea' id='block_1_64' title="bbox 345 3411 1913 3488">
    <p class='ocr_par' dir='ltr' id='par_1_64' title="bbox 345 3411 1913 3488">
     <span class='ocr_line' id='line_1_64' title="bbox 345 3411 1913 3488; baseline -0.004 -14"><span class='ocrx_word' id='word_1_464' title='bbox 345 3419 489 3474; x_wconf 91' lang='lat' dir='ltr'><strong>enim</strong></span> <span class='ocrx_word' id='word_1_465' title='bbox 515 3419 660 3474; x_wconf 88' lang='lat' dir='ltr'><strong>bono</strong></span> <span class='ocrx_word' id='word_1_466' title='bbox 687 3420 872 3474; x_wconf 91' lang='lat' dir='ltr'><strong>animo</strong></span> <span class='ocrx_word' id='word_1_467' title='bbox 900 3434 1255 3488; x_wconf 79' lang='lat' dir='ltr'><strong>concoquere,</strong></span> <span class='ocrx_word' id='word_1_468' title='bbox 1270 3417 1441 3487; x_wconf 90' lang='lat' dir='ltr'><strong>possit</strong></span> <span class='ocrx_word' id='word_1_469' title='bbox 1468 3416 1718 3472; x_wconf 81' lang='lat' dir='ltr'><strong>fabellam</strong></span> <span class='ocrx_word' id='word_1_470' title='bbox 1743 3411 1913 3478; x_wconf 90' lang='lat' dir='ltr'><strong>illam,</strong></span> 
     </span>
    </p>
   </div>
   <div class='ocr_carea' id='block_1_65' title="bbox 348 3507 1916 3580">
    <p class='ocr_par' dir='ltr' id='par_1_65' title="bbox 348 3507 1916 3580">
     <span class='ocr_line' id='line_1_65' title="bbox 348 3507 1916 3580; baseline -0.004 -16"><span class='ocrx_word' id='word_1_471' title='bbox 348 3526 513 3578; x_wconf 87' lang='lat' dir='ltr'><strong>quam</strong></span> <span class='ocrx_word' id='word_1_472' title='bbox 563 3511 630 3565; x_wconf 91' lang='lat' dir='ltr'><strong>de</strong></span> <span class='ocrx_word' id='word_1_473' title='bbox 679 3511 934 3580; x_wconf 71' lang='lat' dir='ltr'><strong>phmnice</strong></span> <span class='ocrx_word' id='word_1_474' title='bbox 976 3519 1183 3576; x_wconf 90' lang='lat' dir='ltr'><strong>narrat,</strong></span> <span class='ocrx_word' id='word_1_475' title='bbox 1232 3511 1408 3579; x_wconf 90' lang='lat' dir='ltr'><strong>deque</strong></span> <span class='ocrx_word' id='word_1_476' title='bbox 1465 3509 1715 3578; x_wconf 91' lang='lat' dir='ltr'><strong>pluribus</strong></span> <span class='ocrx_word' id='word_1_477' title='bbox 1773 3507 1916 3561; x_wconf 87' lang='lat' dir='ltr'><strong>ultra</strong></span> 
     </span>
    </p>
   </div>
   <div class='ocr_carea' id='block_1_66' title="bbox 348 3597 1917 3671">
    <p class='ocr_par' dir='ltr' id='par_1_66' title="bbox 348 3597 1917 3671">
     <span class='ocr_line' id='line_1_66' title="bbox 348 3597 1917 3671; baseline -0.003 -16"><span class='ocrx_word' id='word_1_478' title='bbox 348 3601 624 3656; x_wconf 90' lang='lat' dir='ltr'><strong>Oceanum</strong></span> <span class='ocrx_word' id='word_1_479' title='bbox 654 3603 906 3656; x_wconf 88' lang='lat' dir='ltr'><strong>mundis?</strong></span> <span class='ocrx_word' id='word_1_480' title='bbox 936 3600 1052 3656; x_wconf 88' lang='lat' dir='ltr'><strong>Non</strong></span> <span class='ocrx_word' id='word_1_481' title='bbox 1079 3610 1210 3671; x_wconf 87' lang='lat' dir='ltr'><strong>puto</strong></span> <span class='ocrx_word' id='word_1_482' title='bbox 1227 3600 1392 3656; x_wconf 90' lang='lat' dir='ltr'><strong>etiam</strong></span> <span class='ocrx_word' id='word_1_483' title='bbox 1420 3613 1750 3670; x_wconf 89' lang='lat' dir='ltr'><strong>quemquam</strong></span> <span class='ocrx_word' id='word_1_484' title='bbox 1780 3597 1917 3651; x_wconf 84' lang='lat' dir='ltr'><strong>velle</strong></span> 
     </span>
    </p>
   </div>
   <div class='ocr_carea' id='block_1_67' title="bbox 347 3687 1915 3762">
    <p class='ocr_par' dir='ltr' id='par_1_67' title="bbox 347 3687 1915 3762">
     <span class='ocr_line' id='line_1_67' title="bbox 347 3687 1915 3762; baseline -0.003 -17"><span class='ocrx_word' id='word_1_485' title='bbox 347 3691 631 3746; x_wconf 90' lang='lat' dir='ltr'><strong>admittere</strong></span> <span class='ocrx_word' id='word_1_486' title='bbox 652 3692 1044 3762; x_wconf 81' lang='lat' dir='ltr'><strong>expositionem</strong></span> <span class='ocrx_word' id='word_1_487' title='bbox 1063 3693 1248 3756; x_wconf 92' lang='lat' dir='ltr'><strong>istam,</strong></span> <span class='ocrx_word' id='word_1_488' title='bbox 1272 3700 1330 3744; x_wconf 92' lang='lat' dir='ltr'><strong>ut</strong></span> <span class='ocrx_word' id='word_1_489' title='bbox 1353 3691 1576 3744; x_wconf 90' lang='lat' dir='ltr'><strong>linteum</strong></span> <span class='ocrx_word' id='word_1_490' title='bbox 1601 3687 1915 3743; x_wconf 87' lang='lat' dir='ltr'><strong>coccineum</strong></span> 
     </span>
    </p>
   </div>
   <div class='ocr_carea' id='block_1_68' title="bbox 347 3775 1918 3854">
    <p class='ocr_par' dir='ltr' id='par_1_68' title="bbox 347 3775 1918 3854">
     <span class='ocr_line' id='line_1_68' title="bbox 347 3775 1918 3854; baseline -0.003 -21"><span class='ocrx_word' id='word_1_491' title='bbox 347 3779 500 3834; x_wconf 82' lang='lat' dir='ltr'><strong>Raab</strong></span> <span class='ocrx_word' id='word_1_492' title='bbox 541 3781 866 3849; x_wconf 90' lang='lat' dir='ltr'><strong>meretricis,</strong></span> <span class='ocrx_word' id='word_1_493' title='bbox 913 3783 1128 3854; x_wconf 78' lang='lat' dir='ltr'><strong>signum</strong></span> <span class='ocrx_word' id='word_1_494' title='bbox 1173 3780 1338 3836; x_wconf 78' lang='lat' dir='ltr'><strong>fuerit</strong></span> <span class='ocrx_word' id='word_1_495' title='bbox 1377 3777 1661 3848; x_wconf 78' lang='lat' dir='ltr'><strong>sanguinis</strong></span> <span class='ocrx_word' id='word_1_496' title='bbox 1689 3775 1918 3841; x_wconf 89' lang='lat' dir='ltr'><strong>Christi,</strong></span> 
     </span>
    </p>
   </div>
   <div class='ocr_carea' id='block_1_69' title="bbox 348 3865 1919 3943">
    <p class='ocr_par' dir='ltr' id='par_1_69' title="bbox 348 3865 1919 3943">
     <span class='ocr_line' id='line_1_69' title="bbox 348 3865 1919 3943; baseline -0.004 -18"><span class='ocrx_word' id='word_1_497' title='bbox 348 3880 405 3925; x_wconf 91' lang='lat' dir='ltr'><strong>et</strong></span> <span class='ocrx_word' id='word_1_498' title='bbox 435 3872 539 3925; x_wconf 84' lang='lat' dir='ltr'><strong>alia</strong></span> <span class='ocrx_word' id='word_1_499' title='bbox 573 3873 815 3941; x_wconf 39' lang='lat' dir='ltr'><strong>quaedam</strong></span> <span class='ocrx_word' id='word_1_500' title='bbox 857 3873 909 3928; x_wconf 91' lang='lat' dir='ltr'><strong>id</strong></span> <span class='ocrx_word' id='word_1_501' title='bbox 961 3888 1153 3943; x_wconf 82' lang='lat' dir='ltr'><strong>genus,</strong></span> <span class='ocrx_word' id='word_1_502' title='bbox 1193 3887 1316 3940; x_wconf 65' lang='lat' dir='ltr'><strong>quas</strong></span> <span class='ocrx_word' id='word_1_503' title='bbox 1362 3886 1471 3924; x_wconf 93' lang='lat' dir='ltr'><strong>non</strong></span> <span class='ocrx_word' id='word_1_504' title='bbox 1506 3876 1590 3923; x_wconf 90' lang='lat' dir='ltr'><strong>est</strong></span> <span class='ocrx_word' id='word_1_505' title='bbox 1621 3866 1784 3937; x_wconf 85' lang='lat' dir='ltr'><strong>hujus</strong></span> <span class='ocrx_word' id='word_1_506' title='bbox 1815 3865 1919 3919; x_wconf 91' lang='lat' dir='ltr'><strong>loci</strong></span> 
     </span>
    </p>
   </div>
   <div class='ocr_carea' id='block_1_70' title="bbox 353 3959 1915 4033">
    <p class='ocr_par' dir='ltr' id='par_1_70' title="bbox 353 3959 1915 4033">
     <span class='ocr_line' id='line_1_70' title="bbox 353 3959 1915 4033; baseline -0.003 -18"><span class='ocrx_word' id='word_1_507' title='bbox 353 3960 582 4016; x_wconf 78' lang='lat' dir='ltr'><strong>referre.</strong></span> <span class='ocrx_word' id='word_1_508' title='bbox 615 3963 774 4033; x_wconf 86' lang='lat' dir='ltr'><strong>Atqui</strong></span> <span class='ocrx_word' id='word_1_509' title='bbox 800 3972 980 4030; x_wconf 83' lang='lat' dir='ltr'><strong>tamen</strong></span> <span class='ocrx_word' id='word_1_510' title='bbox 1011 3965 1111 4017; x_wconf 88' lang='lat' dir='ltr'><strong>istc</strong></span> <span class='ocrx_word' id='word_1_511' title='bbox 1135 3962 1408 4026; x_wconf 89' lang='lat' dir='ltr'><strong>Clemens,</strong></span> <span class='ocrx_word' id='word_1_512' title='bbox 1456 3961 1572 4030; x_wconf 89' lang='lat' dir='ltr'><strong>pari</strong></span> <span class='ocrx_word' id='word_1_513' title='bbox 1601 3959 1726 4028; x_wconf 86' lang='lat' dir='ltr'><strong>jure</strong></span> <span class='ocrx_word' id='word_1_514' title='bbox 1753 3967 1915 4027; x_wconf 88' lang='lat' dir='ltr'><strong>atque</strong></span> 
     </span>
    </p>
   </div>
   <div class='ocr_carea' id='block_1_71' title="bbox 351 4050 1920 4124">
    <p class='ocr_par' dir='ltr' id='par_1_71' title="bbox 351 4050 1920 4124">
     <span class='ocr_line' id='line_1_71' title="bbox 351 4050 1920 4124; baseline -0.003 -16"><span class='ocrx_word' id='word_1_515' title='bbox 351 4051 657 4121; x_wconf 85' lang='lat' dir='ltr'><strong>Barnabas,</strong></span> <span class='ocrx_word' id='word_1_516' title='bbox 701 4056 880 4111; x_wconf 90' lang='lat' dir='ltr'><strong>dictus</strong></span> <span class='ocrx_word' id='word_1_517' title='bbox 907 4065 990 4110; x_wconf 91' lang='lat' dir='ltr'><strong>est</strong></span> <span class='ocrx_word' id='word_1_518' title='bbox 1019 4055 1319 4124; x_wconf 85' lang='lat' dir='ltr'><strong>apostolus.</strong></span> <span class='ocrx_word' id='word_1_519' title='bbox 1357 4053 1475 4107; x_wconf 79' lang='lat' dir='ltr'><strong>Non</strong></span> <span class='ocrx_word' id='word_1_520' title='bbox 1504 4053 1705 4106; x_wconf 91' lang='lat' dir='ltr'><strong>debent</strong></span> <span class='ocrx_word' id='word_1_521' title='bbox 1734 4050 1920 4119; x_wconf 84' lang='lat' dir='ltr'><strong>itaque</strong></span> 
     </span>
    </p>
   </div>
   <div class='ocr_carea' id='block_1_72' title="bbox 2020 3213 3601 3284">
    <p class='ocr_par' dir='ltr' id='par_1_72' title="bbox 2020 3213 3601 3284">
     <span class='ocr_line' id='line_1_72' title="bbox 2020 3213 3601 3284; baseline -0.001 -14"><span class='ocrx_word' id='word_1_522' title='bbox 2020 3217 2096 3271; x_wconf 80' lang='lat' dir='ltr'><strong>tit.</strong></span> <span class='ocrx_word' id='word_1_523' title='bbox 2130 3216 2233 3271; x_wconf 90' lang='lat' dir='ltr'><strong>Sed</strong></span> <span class='ocrx_word' id='word_1_524' title='bbox 2271 3216 2398 3284; x_wconf 90' lang='lat' dir='ltr'><strong>quid</strong></span> <span class='ocrx_word' id='word_1_525' title='bbox 2431 3225 2548 3279; x_wconf 90' lang='lat' dir='ltr'><strong>est,</strong></span> <span class='ocrx_word' id='word_1_526' title='bbox 2586 3215 2728 3268; x_wconf 90' lang='lat' dir='ltr'><strong>unde</strong></span> <span class='ocrx_word' id='word_1_527' title='bbox 2759 3213 2886 3278; x_wconf 91' lang='lat' dir='ltr'><strong>isti,</strong></span> <span class='ocrx_word' id='word_1_528' title='bbox 2914 3213 3008 3283; x_wconf 90' lang='lat' dir='ltr'><strong>qui</strong></span> <span class='ocrx_word' id='word_1_529' title='bbox 3061 3221 3296 3282; x_wconf 86' lang='lat' dir='ltr'><strong>negant,</strong></span> <span class='ocrx_word' id='word_1_530' title='bbox 3341 3214 3601 3282; x_wconf 88' lang='lat' dir='ltr'><strong>epistolas</strong></span> 
     </span>
    </p>
   </div>
   <div class='ocr_carea' id='block_1_73' title="bbox 2021 3303 3601 3374">
    <p class='ocr_par' dir='ltr' id='par_1_73' title="bbox 2021 3303 3601 3374">
     <span class='ocr_line' id='line_1_73' title="bbox 2021 3303 3601 3374; baseline -0.003 -9"><span class='ocrx_word' id='word_1_531' title='bbox 2021 3311 2122 3365; x_wconf 89' lang='lat' dir='ltr'><strong>has</strong></span> <span class='ocrx_word' id='word_1_532' title='bbox 2143 3323 2265 3364; x_wconf 91' lang='lat' dir='ltr'><strong>esse</strong></span> <span class='ocrx_word' id='word_1_533' title='bbox 2303 3306 2593 3371; x_wconf 64' lang='lat' dir='ltr'><strong>Barnabas,</strong></span> <span class='ocrx_word' id='word_1_534' title='bbox 2628 3313 2681 3359; x_wconf 90' lang='lat' dir='ltr'><strong>et</strong></span> <span class='ocrx_word' id='word_1_535' title='bbox 2725 3303 2953 3374; x_wconf 80' lang='lat' dir='ltr'><strong>lgnatii,</strong></span> <span class='ocrx_word' id='word_1_536' title='bbox 2999 3304 3179 3360; x_wconf 91' lang='lat' dir='ltr'><strong>isthoc</strong></span> <span class='ocrx_word' id='word_1_537' title='bbox 3217 3303 3469 3373; x_wconf 82' lang='lat' dir='ltr'><strong>colligere</strong></span> <span class='ocrx_word' id='word_1_538' title='bbox 3502 3322 3601 3374; x_wconf 88' lang='lat' dir='ltr'><strong>p0-</strong></span> 
     </span>
    </p>
   </div>
   <div class='ocr_carea' id='block_1_74' title="bbox 2023 3394 3600 3470">
    <p class='ocr_par' dir='ltr' id='par_1_74' title="bbox 2023 3394 3600 3470">
     <span class='ocr_line' id='line_1_74' title="bbox 2023 3394 3600 3470; baseline -0.005 -13"><span class='ocrx_word' id='word_1_539' title='bbox 2023 3402 2225 3458; x_wconf 89' lang='lat' dir='ltr'><strong>tuerint</strong></span> <span class='ocrx_word' id='word_1_540' title='bbox 2251 3398 2548 3470; x_wconf 83' lang='lat' dir='ltr'><strong>?Nunquid</strong></span> <span class='ocrx_word' id='word_1_541' title='bbox 2579 3398 2686 3452; x_wconf 85' lang='lat' dir='ltr'><strong>alia</strong></span> <span class='ocrx_word' id='word_1_542' title='bbox 2713 3411 2904 3451; x_wconf 89' lang='lat' dir='ltr'><strong>eorum</strong></span> <span class='ocrx_word' id='word_1_543' title='bbox 2938 3395 3140 3463; x_wconf 88' lang='lat' dir='ltr'><strong>scripta</strong></span> <span class='ocrx_word' id='word_1_544' title='bbox 3165 3394 3453 3448; x_wconf 86' lang='lat' dir='ltr'><strong>viderunt?</strong></span> <span class='ocrx_word' id='word_1_545' title='bbox 3479 3394 3600 3449; x_wconf 87' lang='lat' dir='ltr'><strong>Non</strong></span> 
     </span>
    </p>
   </div>
   <div class='ocr_carea' id='block_1_75' title="bbox 2023 3484 3604 3560">
    <p class='ocr_par' dir='ltr' id='par_1_75' title="bbox 2023 3484 3604 3560">
     <span class='ocr_line' id='line_1_75' title="bbox 2023 3484 3604 3560; baseline -0.007 -10"><span class='ocrx_word' id='word_1_546' title='bbox 2023 3502 2189 3550; x_wconf 85' lang='lat' dir='ltr'><strong>certe.</strong></span> <span class='ocrx_word' id='word_1_547' title='bbox 2216 3491 2371 3550; x_wconf 89' lang='lat' dir='ltr'><strong>Unde</strong></span> <span class='ocrx_word' id='word_1_548' title='bbox 2397 3507 2528 3560; x_wconf 80' lang='lat' dir='ltr'><strong>ergo</strong></span> <span class='ocrx_word' id='word_1_549' title='bbox 2562 3489 2632 3543; x_wconf 90' lang='lat' dir='ltr'><strong>iis</strong></span> <span class='ocrx_word' id='word_1_550' title='bbox 2677 3485 2952 3551; x_wconf 89' lang='lat' dir='ltr'><strong>innotuit,</strong></span> <span class='ocrx_word' id='word_1_551' title='bbox 3003 3500 3113 3554; x_wconf 85' lang='lat' dir='ltr'><strong>quo</strong></span> <span class='ocrx_word' id='word_1_552' title='bbox 3154 3484 3294 3556; x_wconf 87' lang='lat' dir='ltr'><strong>stylo</strong></span> <span class='ocrx_word' id='word_1_553' title='bbox 3351 3485 3437 3540; x_wconf 92' lang='lat' dir='ltr'><strong>usi</strong></span> <span class='ocrx_word' id='word_1_554' title='bbox 3489 3485 3604 3540; x_wconf 91' lang='lat' dir='ltr'><strong>sint</strong></span> 
     </span>
    </p>
   </div>
   <div class='ocr_carea' id='block_1_76' title="bbox 2024 3576 3601 3652">
    <p class='ocr_par' dir='ltr' id='par_1_76' title="bbox 2024 3576 3601 3652">
     <span class='ocr_line' id='line_1_76' title="bbox 2024 3576 3601 3652; baseline -0.005 -14"><span class='ocrx_word' id='word_1_555' title='bbox 2024 3584 2302 3639; x_wconf 88' lang='lat' dir='ltr'><strong>Barnabas</strong></span> <span class='ocrx_word' id='word_1_556' title='bbox 2364 3590 2415 3637; x_wconf 90' lang='lat' dir='ltr'><strong>et</strong></span> <span class='ocrx_word' id='word_1_557' title='bbox 2449 3579 2724 3652; x_wconf 80' lang='lat' dir='ltr'><strong>iguatius?</strong></span> <span class='ocrx_word' id='word_1_558' title='bbox 2776 3577 2847 3630; x_wconf 83' lang='lat' dir='ltr'><strong>At</strong></span> <span class='ocrx_word' id='word_1_559' title='bbox 2887 3577 3143 3646; x_wconf 73' lang='lat' dir='ltr'><strong>inquiunt</strong></span> <span class='ocrx_word' id='word_1_560' title='bbox 3170 3576 3258 3631; x_wconf 83' lang='lat' dir='ltr'><strong>isti</strong></span> <span class='ocrx_word' id='word_1_561' title='bbox 3301 3592 3421 3631; x_wconf 88' lang='lat' dir='ltr'><strong>sese</strong></span> <span class='ocrx_word' id='word_1_562' title='bbox 3451 3577 3601 3630; x_wconf 90' lang='lat' dir='ltr'><strong>nihi-</strong></span> 
     </span>
    </p>
   </div>
   <div class='ocr_carea' id='block_1_77' title="bbox 2025 3667 3599 3738">
    <p class='ocr_par' dir='ltr' id='par_1_77' title="bbox 2025 3667 3599 3738">
     <span class='ocr_line' id='line_1_77' title="bbox 2025 3667 3599 3738; baseline -0.006 -6"><span class='ocrx_word' id='word_1_563' title='bbox 2025 3677 2266 3731; x_wconf 90' lang='lat' dir='ltr'><strong>lominus</strong></span> <span class='ocrx_word' id='word_1_564' title='bbox 2309 3675 2450 3730; x_wconf 90' lang='lat' dir='ltr'><strong>scirc</strong></span> <span class='ocrx_word' id='word_1_565' title='bbox 2486 3688 2614 3726; x_wconf 80' lang='lat' dir='ltr'><strong>vera</strong></span> <span class='ocrx_word' id='word_1_566' title='bbox 2645 3685 2801 3736; x_wconf 83' lang='lat' dir='ltr'><strong>esse,</strong></span> <span class='ocrx_word' id='word_1_567' title='bbox 2839 3685 2961 3738; x_wconf 83' lang='lat' dir='ltr'><strong>quae</strong></span> <span class='ocrx_word' id='word_1_568' title='bbox 2988 3668 3244 3723; x_wconf 87' lang='lat' dir='ltr'><strong>sentiant.</strong></span> <span class='ocrx_word' id='word_1_569' title='bbox 3279 3667 3336 3722; x_wconf 95' lang='lat' dir='ltr'><strong>Si</strong></span> <span class='ocrx_word' id='word_1_570' title='bbox 3368 3669 3442 3722; x_wconf 89' lang='lat' dir='ltr'><strong>ita</strong></span> <span class='ocrx_word' id='word_1_571' title='bbox 3484 3676 3599 3735; x_wconf 90' lang='lat' dir='ltr'><strong>est,</strong></span> 
     </span>
    </p>
   </div>
   <div class='ocr_carea' id='block_1_78' title="bbox 2015 3760 3597 3838">
    <p class='ocr_par' dir='ltr' id='par_1_78' title="bbox 2015 3760 3597 3838">
     <span class='ocr_line' id='line_1_78' title="bbox 2015 3760 3597 3838; baseline -0.005 -15"><span class='ocrx_word' id='word_1_572' title='bbox 2015 3769 2133 3838; x_wconf 88' lang='lat' dir='ltr'><strong>jam</strong></span> <span class='ocrx_word' id='word_1_573' title='bbox 2162 3767 2388 3822; x_wconf 88' lang='lat' dir='ltr'><strong>verbum</strong></span> <span class='ocrx_word' id='word_1_574' title='bbox 2423 3780 2531 3819; x_wconf 92' lang='lat' dir='ltr'><strong>non</strong></span> <span class='ocrx_word' id='word_1_575' title='bbox 2579 3763 2796 3818; x_wconf 84' lang='lat' dir='ltr'><strong>addam.</strong></span> <span class='ocrx_word' id='word_1_576' title='bbox 2834 3760 3160 3830; x_wconf 79' lang='lat' dir='ltr'><strong>Pergamus,</strong></span> <span class='ocrx_word' id='word_1_577' title='bbox 3191 3768 3244 3814; x_wconf 92' lang='lat' dir='ltr'><strong>et</strong></span> <span class='ocrx_word' id='word_1_578' title='bbox 3278 3761 3597 3828; x_wconf 91' lang='lat' dir='ltr'><strong>videamus,</strong></span> 
     </span>
    </p>
   </div>
   <div class='ocr_carea' id='block_1_79' title="bbox 2021 3852 3603 3930">
    <p class='ocr_par' dir='ltr' id='par_1_79' title="bbox 2021 3852 3603 3930">
     <span class='ocr_line' id='line_1_79' title="bbox 2021 3852 3603 3930; baseline -0.005 -14"><span class='ocrx_word' id='word_1_579' title='bbox 2021 3859 2218 3930; x_wconf 85' lang='lat' dir='ltr'><strong>ecquid</strong></span> <span class='ocrx_word' id='word_1_580' title='bbox 2243 3873 2422 3928; x_wconf 71' lang='lat' dir='ltr'><strong>opera:</strong></span> <span class='ocrx_word' id='word_1_581' title='bbox 2445 3855 2676 3926; x_wconf 84' lang='lat' dir='ltr'><strong>pretium</strong></span> <span class='ocrx_word' id='word_1_582' title='bbox 2706 3854 2869 3909; x_wconf 78' lang='lat' dir='ltr'><strong>fuerit</strong></span> <span class='ocrx_word' id='word_1_583' title='bbox 2898 3855 2964 3909; x_wconf 86' lang='lat' dir='ltr'><strong>ad</strong></span> <span class='ocrx_word' id='word_1_584' title='bbox 2997 3855 3139 3908; x_wconf 89' lang='lat' dir='ltr'><strong>hanc</strong></span> <span class='ocrx_word' id='word_1_585' title='bbox 3170 3852 3467 3923; x_wconf 88' lang='lat' dir='ltr'><strong>Epistolam</strong></span> <span class='ocrx_word' id='word_1_586' title='bbox 3499 3852 3603 3909; x_wconf 87' lang='lat' dir='ltr'><strong>ad-</strong></span> 
     </span>
    </p>
   </div>
   <div class='ocr_carea' id='block_1_80' title="bbox 2024 3963 2266 4009">
    <p class='ocr_par' dir='ltr' id='par_1_80' title="bbox 2024 3963 2266 4009">
     <span class='ocr_line' id='line_1_80' title="bbox 2024 3963 2266 4009; baseline -0.012 0"><span class='ocrx_word' id='word_1_587' title='bbox 2024 3963 2266 4009; x_wconf 89' lang='lat' dir='ltr'><strong>notasse.</strong></span> 
     </span>
    </p>
   </div>
   <div class='ocr_carea' id='block_1_81' title="bbox 348 4197 3576 4228">
    <p class='ocr_par' dir='ltr' id='par_1_81' title="bbox 348 4197 3576 4228">
     <span class='ocr_line' id='line_1_81' title="bbox 348 4197 3576 4228; baseline -0.001 -16"><span class='ocrx_word' id='word_1_588' title='bbox 348 4197 3576 4228; x_wconf 55' lang='grc' dir='ltr'><em>Μ</em></span> 
     </span>
    </p>
   </div>
   <div class='ocr_carea' id='block_1_82' title="bbox 1872 4285 2037 4375">
    <p class='ocr_par' dir='ltr' id='par_1_82' title="bbox 1872 4285 2037 4375">
     <span class='ocr_line' id='line_1_82' title="bbox 1872 4285 2037 4375; baseline -0.006 -3"><span class='ocrx_word' id='word_1_589' title='bbox 1872 4285 2037 4375; x_wconf 85' lang='lat' dir='ltr'><strong>IV.</strong></span> 
     </span>
    </p>
   </div>
   <div class='ocr_carea' id='block_1_83' title="bbox 1107 4450 2839 4553">
    <p class='ocr_par' dir='ltr' id='par_1_83' title="bbox 1107 4450 2839 4553">
     <span class='ocr_line' id='line_1_83' title="bbox 1107 4450 2839 4553; baseline -0.01 -19"><span class='ocrx_word' id='word_1_590' title='bbox 1107 4471 1217 4553; x_wconf 79' lang='lat' dir='ltr'><strong>(Ex</strong></span> <span class='ocrx_word' id='word_1_591' title='bbox 1254 4473 1626 4552; x_wconf 69' lang='lat' dir='ltr'><strong>prmfatione</strong></span> <span class='ocrx_word' id='word_1_592' title='bbox 1665 4465 1986 4531; x_wconf 90' lang='lat' dir='ltr'><strong>Editionis</strong></span> <span class='ocrx_word' id='word_1_593' title='bbox 2018 4459 2418 4526; x_wconf 81' lang='lat' dir='ltr'><strong>Oxoniensis</strong></span> <span class='ocrx_word' id='word_1_594' title='bbox 2447 4457 2597 4520; x_wconf 84' lang='lat' dir='ltr'><strong>anni</strong></span> <span class='ocrx_word' id='word_1_595' title='bbox 2634 4450 2839 4527; x_wconf 85' lang='grc'>1680),</span> 
     </span>
    </p>
   </div>
   <div class='ocr_carea' id='block_1_84' title="bbox 421 4601 3614 4689">
    <p class='ocr_par' dir='ltr' id='par_1_84' title="bbox 421 4601 3614 4689">
     <span class='ocr_line' id='line_1_84' title="bbox 421 4601 3614 4689; baseline -0.006 -20"><span class='ocrx_word' id='word_1_596' title='bbox 421 4616 552 4670; x_wconf 90' lang='lat' dir='ltr'><strong>Cum</strong></span> <span class='ocrx_word' id='word_1_597' title='bbox 575 4619 632 4671; x_wconf 87' lang='lat' dir='ltr'><strong>in</strong></span> <span class='ocrx_word' id='word_1_598' title='bbox 655 4618 884 4672; x_wconf 79' lang='lat' dir='ltr'><strong>editione</strong></span> <span class='ocrx_word' id='word_1_599' title='bbox 916 4617 1246 4689; x_wconf 80' lang='lat' dir='ltr'><strong>Scriptorum</strong></span> <span class='ocrx_word' id='word_1_600' title='bbox 1278 4633 1506 4676; x_wconf 82' lang='lat' dir='ltr'><strong>veterum</strong></span> <span class='ocrx_word' id='word_1_601' title='bbox 1535 4619 1921 4675; x_wconf 86' lang='lat' dir='ltr'><strong>ecclesiastico-</strong></span> <span class='ocrx_word' id='word_1_602' title='bbox 1952 4620 1996 4674; x_wconf 92' lang='lat' dir='ltr'><strong>D</strong></span> <span class='ocrx_word' id='word_1_603' title='bbox 2027 4613 2186 4668; x_wconf 83' lang='lat' dir='ltr'><strong>theol.</strong></span> <span class='ocrx_word' id='word_1_604' title='bbox 2214 4611 2418 4677; x_wconf 87' lang='lat' dir='ltr'><strong>doctor,</strong></span> <span class='ocrx_word' id='word_1_605' title='bbox 2447 4618 2497 4664; x_wconf 92' lang='lat' dir='ltr'><strong>et</strong></span> <span class='ocrx_word' id='word_1_606' title='bbox 2514 4609 2854 4662; x_wconf 76' lang='lat' dir='ltr'><strong>astronomiae</strong></span> <span class='ocrx_word' id='word_1_607' title='bbox 2887 4605 3155 4676; x_wconf 79' lang='lat' dir='ltr'><strong>professor</strong></span> <span class='ocrx_word' id='word_1_608' title='bbox 3180 4601 3482 4656; x_wconf 79' lang='lat' dir='ltr'><strong>Sarilianus</strong></span> <span class='ocrx_word' id='word_1_609' title='bbox 3501 4601 3614 4652; x_wconf 80' lang='lat' dir='ltr'><strong>red-</strong></span> 
     </span>
    </p>
   </div>
   <div class='ocr_carea' id='block_1_85' title="bbox 352 4709 1927 4782">
    <p class='ocr_par' dir='ltr' id='par_1_85' title="bbox 352 4709 1927 4782">
     <span class='ocr_line' id='line_1_85' title="bbox 352 4709 1927 4782; baseline 0.002 -22"><span class='ocrx_word' id='word_1_610' title='bbox 352 4725 467 4762; x_wconf 85' lang='lat' dir='ltr'><strong>rum</strong></span> <span class='ocrx_word' id='word_1_611' title='bbox 495 4726 746 4776; x_wconf 88' lang='lat' dir='ltr'><strong>versarer,</strong></span> <span class='ocrx_word' id='word_1_612' title='bbox 784 4714 1055 4780; x_wconf 77' lang='lat' dir='ltr'><strong>prwterire</strong></span> <span class='ocrx_word' id='word_1_613' title='bbox 1083 4730 1185 4767; x_wconf 87' lang='lat' dir='ltr'><strong>non</strong></span> <span class='ocrx_word' id='word_1_614' title='bbox 1213 4714 1364 4769; x_wconf 81' lang='lat' dir='ltr'><strong>licuit</strong></span> <span class='ocrx_word' id='word_1_615' title='bbox 1400 4713 1458 4769; x_wconf 91' lang='lat' dir='ltr'><strong>S.</strong></span> <span class='ocrx_word' id='word_1_616' title='bbox 1496 4712 1761 4767; x_wconf 70' lang='lat' dir='ltr'><strong>Barnaba&#39;</strong></span> <span class='ocrx_word' id='word_1_617' title='bbox 1792 4709 1927 4782; x_wconf 87' lang='lat' dir='ltr'><strong>Epi-_</strong></span> 
     </span>
    </p>
   </div>
   <div class='ocr_carea' id='block_1_86' title="bbox 348 4802 1918 4877">
    <p class='ocr_par' dir='ltr' id='par_1_86' title="bbox 348 4802 1918 4877">
     <span class='ocr_line' id='line_1_86' title="bbox 348 4802 1918 4877; baseline 0.003 -22"><span class='ocrx_word' id='word_1_618' title='bbox 348 4802 572 4868; x_wconf 77' lang='lat' dir='ltr'><strong>stolam,</strong></span> <span class='ocrx_word' id='word_1_619' title='bbox 613 4805 876 4872; x_wconf 62' lang='lat' dir='ltr'><strong>primaeva</strong></span> <span class='ocrx_word' id='word_1_620' title='bbox 909 4807 1280 4876; x_wconf 78' lang='lat' dir='ltr'><strong>antiquitatis,</strong></span> <span class='ocrx_word' id='word_1_621' title='bbox 1319 4809 1615 4877; x_wconf 85' lang='lat' dir='ltr'><strong>argumenti</strong></span> <span class='ocrx_word' id='word_1_622' title='bbox 1657 4809 1834 4873; x_wconf 90' lang='lat' dir='ltr'><strong>sacri,</strong></span> <span class='ocrx_word' id='word_1_623' title='bbox 1869 4813 1918 4860; x_wconf 89' lang='lat' dir='ltr'><strong>et</strong></span> 
     </span>
    </p>
   </div>
   <div class='ocr_carea' id='block_1_87' title="bbox 349 4897 1915 4969">
    <p class='ocr_par' dir='ltr' id='par_1_87' title="bbox 349 4897 1915 4969">
     <span class='ocr_line' id='line_1_87' title="bbox 349 4897 1915 4969; baseline 0.002 -21"><span class='ocrx_word' id='word_1_624' title='bbox 349 4897 581 4948; x_wconf 83' lang='lat' dir='ltr'><strong>auctoris</strong></span> <span class='ocrx_word' id='word_1_625' title='bbox 615 4897 772 4965; x_wconf 87' lang='lat' dir='ltr'><strong>(quod</strong></span> <span class='ocrx_word' id='word_1_626' title='bbox 807 4899 1042 4969; x_wconf 76' lang='lat' dir='ltr'><strong>prtefert)</strong></span> <span class='ocrx_word' id='word_1_627' title='bbox 1083 4901 1291 4954; x_wconf 83' lang='lat' dir='ltr'><strong>nomine</strong></span> <span class='ocrx_word' id='word_1_628' title='bbox 1327 4900 1526 4969; x_wconf 87' lang='lat' dir='ltr'><strong>pariter</strong></span> <span class='ocrx_word' id='word_1_629' title='bbox 1554 4901 1728 4964; x_wconf 86' lang='lat' dir='ltr'><strong>sacri,</strong></span> <span class='ocrx_word' id='word_1_630' title='bbox 1768 4916 1915 4953; x_wconf 87' lang='lat' dir='ltr'><strong>com-</strong></span> 
     </span>
    </p>
   </div>
   <div class='ocr_carea' id='block_1_88' title="bbox 348 4987 1915 5061">
    <p class='ocr_par' dir='ltr' id='par_1_88' title="bbox 348 4987 1915 5061">
     <span class='ocr_line' id='line_1_88' title="bbox 348 4987 1915 5061; baseline 0.004 -22"><span class='ocrx_word' id='word_1_631' title='bbox 348 4987 820 5042; x_wconf 83' lang='lat' dir='ltr'><strong>mendatissimam.</strong></span> <span class='ocrx_word' id='word_1_632' title='bbox 849 4989 979 5044; x_wconf 65' lang='lat' dir='ltr'><strong>Haec</strong></span> <span class='ocrx_word' id='word_1_633' title='bbox 1013 5001 1291 5060; x_wconf 81' lang='lat' dir='ltr'><strong>postquam</strong></span> <span class='ocrx_word' id='word_1_634' title='bbox 1327 5009 1418 5061; x_wconf 91' lang='lat' dir='ltr'><strong>per</strong></span> <span class='ocrx_word' id='word_1_635' title='bbox 1457 4991 1690 5060; x_wconf 91' lang='lat' dir='ltr'><strong>plurima</strong></span> <span class='ocrx_word' id='word_1_636' title='bbox 1719 4990 1915 5045; x_wconf 66' lang='lat' dir='ltr'><strong>sarcula</strong></span> 
     </span>
    </p>
   </div>
   <div class='ocr_carea' id='block_1_89' title="bbox 348 5073 1912 5146">
    <p class='ocr_par' dir='ltr' id='par_1_89' title="bbox 348 5073 1912 5146">
     <span class='ocr_line' id='line_1_89' title="bbox 348 5073 1912 5146; baseline 0.004 -18"><span class='ocrx_word' id='word_1_637' title='bbox 348 5075 403 5128; x_wconf 90' lang='lat' dir='ltr'><strong>in</strong></span> <span class='ocrx_word' id='word_1_638' title='bbox 436 5073 868 5130; x_wconf 85' lang='lat' dir='ltr'><strong>bibliothecarum</strong></span> <span class='ocrx_word' id='word_1_639' title='bbox 905 5079 1093 5146; x_wconf 85' lang='lat' dir='ltr'><strong>pluteis</strong></span> <span class='ocrx_word' id='word_1_640' title='bbox 1137 5081 1463 5145; x_wconf 88' lang='lat' dir='ltr'><strong>delituisset,</strong></span> <span class='ocrx_word' id='word_1_641' title='bbox 1498 5082 1912 5136; x_wconf 80' lang='lat' dir='ltr'><strong>revercndissimi</strong></span> 
     </span>
    </p>
   </div>
   <div class='ocr_carea' id='block_1_90' title="bbox 350 5163 1915 5241">
    <p class='ocr_par' dir='ltr' id='par_1_90' title="bbox 350 5163 1915 5241">
     <span class='ocr_line' id='line_1_90' title="bbox 350 5163 1915 5241; baseline 0.004 -22"><span class='ocrx_word' id='word_1_642' title='bbox 350 5163 584 5229; x_wconf 84' lang='lat' dir='ltr'><strong>Usserii,</strong></span> <span class='ocrx_word' id='word_1_643' title='bbox 641 5165 962 5223; x_wconf 85' lang='lat' dir='ltr'><strong>Armachani</strong></span> <span class='ocrx_word' id='word_1_644' title='bbox 1001 5172 1279 5239; x_wconf 89' lang='lat' dir='ltr'><strong>primatis,</strong></span> <span class='ocrx_word' id='word_1_645' title='bbox 1333 5172 1510 5225; x_wconf 88' lang='lat' dir='ltr'><strong>studio</strong></span> <span class='ocrx_word' id='word_1_646' title='bbox 1565 5181 1612 5225; x_wconf 91' lang='lat' dir='ltr'><strong>et</strong></span> <span class='ocrx_word' id='word_1_647' title='bbox 1661 5174 1915 5241; x_wconf 84' lang='lat' dir='ltr'><strong>auspiciis</strong></span> 
     </span>
    </p>
   </div>
   <div class='ocr_carea' id='block_1_91' title="bbox 344 5254 1911 5329">
    <p class='ocr_par' dir='ltr' id='par_1_91' title="bbox 344 5254 1911 5329">
     <span class='ocr_line' id='line_1_91' title="bbox 344 5254 1911 5329; baseline 0.006 -22"><span class='ocrx_word' id='word_1_648' title='bbox 344 5255 491 5324; x_wconf 89' lang='lat' dir='ltr'><strong>prelo</strong></span> <span class='ocrx_word' id='word_1_649' title='bbox 521 5254 619 5308; x_wconf 88' lang='lat' dir='ltr'><strong>hoc</strong></span> <span class='ocrx_word' id='word_1_650' title='bbox 650 5256 707 5309; x_wconf 86' lang='lat' dir='ltr'><strong>in</strong></span> <span class='ocrx_word' id='word_1_651' title='bbox 735 5257 848 5310; x_wconf 89' lang='lat' dir='ltr'><strong>loco</strong></span> <span class='ocrx_word' id='word_1_652' title='bbox 884 5260 1264 5329; x_wconf 88' lang='lat' dir='ltr'><strong>subjiciebatur</strong></span> <span class='ocrx_word' id='word_1_653' title='bbox 1294 5278 1382 5316; x_wconf 88' lang='lat' dir='ltr'><strong>an.</strong></span> <span class='ocrx_word' id='word_1_654' title='bbox 1429 5261 1588 5314; x_wconf 68' lang='grc'><strong>1645.</strong></span> <span class='ocrx_word' id='word_1_655' title='bbox 1629 5259 1732 5315; x_wconf 89' lang='lat' dir='ltr'><strong>Sed</strong></span> <span class='ocrx_word' id='word_1_656' title='bbox 1767 5263 1911 5316; x_wconf 84' lang='lat' dir='ltr'><strong>urbis</strong></span> 
     </span>
    </p>
   </div>
   <div class='ocr_carea' id='block_1_92' title="bbox 349 5343 1914 5421">
    <p class='ocr_par' dir='ltr' id='par_1_92' title="bbox 349 5343 1914 5421">
     <span class='ocr_line' id='line_1_92' title="bbox 349 5343 1914 5421; baseline 0.002 -20"><span class='ocrx_word' id='word_1_657' title='bbox 349 5343 572 5401; x_wconf 68' lang='lat' dir='ltr'><strong>Omnia!</strong></span> <span class='ocrx_word' id='word_1_658' title='bbox 610 5355 758 5416; x_wconf 84' lang='lat' dir='ltr'><strong>parte</strong></span> <span class='ocrx_word' id='word_1_659' title='bbox 800 5364 992 5418; x_wconf 89' lang='lat' dir='ltr'><strong>magna</strong></span> <span class='ocrx_word' id='word_1_660' title='bbox 1017 5351 1164 5419; x_wconf 82' lang='lat' dir='ltr'><strong>gravi</strong></span> <span class='ocrx_word' id='word_1_661' title='bbox 1194 5351 1433 5404; x_wconf 88' lang='lat' dir='ltr'><strong>incendio</strong></span> <span class='ocrx_word' id='word_1_662' title='bbox 1463 5361 1732 5419; x_wconf 88' lang='lat' dir='ltr'><strong>correpta,</strong></span> <span class='ocrx_word' id='word_1_663' title='bbox 1765 5362 1914 5421; x_wconf 85' lang='lat' dir='ltr'><strong>typo-</strong></span> 
     </span>
    </p>
   </div>
   <div class='ocr_carea' id='block_1_93' title="bbox 345 5436 1912 5510">
    <p class='ocr_par' dir='ltr' id='par_1_93' title="bbox 345 5436 1912 5510">
     <span class='ocr_line' id='line_1_93' title="bbox 345 5436 1912 5510; baseline 0.006 -22"><span class='ocrx_word' id='word_1_664' title='bbox 345 5436 663 5506; x_wconf 83' lang='lat' dir='ltr'><strong>grapheum,</strong></span> <span class='ocrx_word' id='word_1_665' title='bbox 701 5455 818 5492; x_wconf 91' lang='lat' dir='ltr'><strong>cum</strong></span> <span class='ocrx_word' id='word_1_666' title='bbox 853 5450 962 5492; x_wconf 86' lang='lat' dir='ltr'><strong>tota</strong></span> <span class='ocrx_word' id='word_1_667' title='bbox 991 5441 1343 5509; x_wconf 84' lang='lat' dir='ltr'><strong>supellectile,</strong></span> <span class='ocrx_word' id='word_1_668' title='bbox 1375 5442 1578 5496; x_wconf 84' lang='lat' dir='ltr'><strong>schedis</strong></span> <span class='ocrx_word' id='word_1_669' title='bbox 1608 5443 1874 5510; x_wconf 87' lang='lat' dir='ltr'><strong>impressis</strong></span> <span class='ocrx_word' id='word_1_670' title='bbox 1897 5482 1912 5506; x_wconf 88' lang='lat'><strong>,</strong></span> 
     </span>
    </p>
   </div>
   <div class='ocr_carea' id='block_1_94' title="bbox 345 5531 1915 5602">
    <p class='ocr_par' dir='ltr' id='par_1_94' title="bbox 345 5531 1915 5602">
     <span class='ocr_line' id='line_1_94' title="bbox 345 5531 1915 5602; baseline 0.003 -21"><span class='ocrx_word' id='word_1_671' title='bbox 345 5542 394 5581; x_wconf 87' lang='lat' dir='ltr'><strong>et</strong></span> <span class='ocrx_word' id='word_1_672' title='bbox 429 5531 717 5600; x_wconf 71' lang='lat' dir='ltr'><strong>exemplari</strong></span> <span class='ocrx_word' id='word_1_673' title='bbox 744 5533 856 5601; x_wconf 88' lang='lat' dir='ltr'><strong>ipso</strong></span> <span class='ocrx_word' id='word_1_674' title='bbox 877 5574 892 5595; x_wconf 93' lang='lat'><strong>,</strong></span> <span class='ocrx_word' id='word_1_675' title='bbox 922 5534 1288 5602; x_wconf 77' lang='lat' dir='ltr'><strong>conﬂagravit,</strong></span> <span class='ocrx_word' id='word_1_676' title='bbox 1328 5535 1405 5587; x_wconf 87' lang='lat' dir='ltr'><strong>ita</strong></span> <span class='ocrx_word' id='word_1_677' title='bbox 1445 5545 1502 5587; x_wconf 89' lang='lat' dir='ltr'><strong>ut</strong></span> <span class='ocrx_word' id='word_1_678' title='bbox 1540 5551 1603 5587; x_wconf 75' lang='lat' dir='ltr'><strong>ex</strong></span> <span class='ocrx_word' id='word_1_679' title='bbox 1629 5533 1777 5586; x_wconf 84' lang='lat' dir='ltr'><strong>clade</strong></span> <span class='ocrx_word' id='word_1_680' title='bbox 1813 5533 1915 5586; x_wconf 87' lang='lat' dir='ltr'><strong>ista</strong></span> 
     </span>
    </p>
   </div>
   <div class='ocr_carea' id='block_1_95' title="bbox 349 5620 1915 5695">
    <p class='ocr_par' dir='ltr' id='par_1_95' title="bbox 349 5620 1915 5695">
     <span class='ocr_line' id='line_1_95' title="bbox 349 5620 1915 5695; baseline 0.002 -22"><span class='ocrx_word' id='word_1_681' title='bbox 349 5620 482 5674; x_wconf 83' lang='lat' dir='ltr'><strong>nihil</strong></span> <span class='ocrx_word' id='word_1_682' title='bbox 510 5631 832 5690; x_wconf 87' lang='lat' dir='ltr'><strong>superesset,</strong></span> <span class='ocrx_word' id='word_1_683' title='bbox 864 5631 1055 5690; x_wconf 72' lang='lat' dir='ltr'><strong>prwter</strong></span> <span class='ocrx_word' id='word_1_684' title='bbox 1082 5625 1304 5692; x_wconf 84' lang='lat' dir='ltr'><strong>paginas</strong></span> <span class='ocrx_word' id='word_1_685' title='bbox 1343 5625 1656 5689; x_wconf 87' lang='lat' dir='ltr'><strong>nonnullas,</strong></span> <span class='ocrx_word' id='word_1_686' title='bbox 1684 5640 1800 5695; x_wconf 79' lang='lat' dir='ltr'><strong>qua:</strong></span> <span class='ocrx_word' id='word_1_687' title='bbox 1828 5640 1915 5692; x_wconf 84' lang='lat' dir='ltr'><strong>pe-</strong></span> 
     </span>
    </p>
   </div>
   <div class='ocr_carea' id='block_1_96' title="bbox 348 5716 1914 5786">
    <p class='ocr_par' dir='ltr' id='par_1_96' title="bbox 348 5716 1914 5786">
     <span class='ocr_line' id='line_1_96' title="bbox 348 5716 1914 5786; baseline 0.003 -20"><span class='ocrx_word' id='word_1_688' title='bbox 348 5730 438 5767; x_wconf 86' lang='lat' dir='ltr'><strong>nes</strong></span> <span class='ocrx_word' id='word_1_689' title='bbox 470 5726 843 5780; x_wconf 88' lang='lat' dir='ltr'><strong>correctorem,</strong></span> <span class='ocrx_word' id='word_1_690' title='bbox 876 5723 1131 5783; x_wconf 90' lang='lat' dir='ltr'><strong>quantum</strong></span> <span class='ocrx_word' id='word_1_691' title='bbox 1163 5716 1417 5784; x_wconf 85' lang='lat' dir='ltr'><strong>conjicere</strong></span> <span class='ocrx_word' id='word_1_692' title='bbox 1445 5718 1624 5782; x_wconf 87' lang='lat' dir='ltr'><strong>datur,</strong></span> <span class='ocrx_word' id='word_1_693' title='bbox 1664 5719 1914 5786; x_wconf 73' lang='lat' dir='ltr'><strong>fuerant;</strong></span> 
     </span>
    </p>
   </div>
   <div class='ocr_carea' id='block_1_97' title="bbox 353 5806 1911 5875">
    <p class='ocr_par' dir='ltr' id='par_1_97' title="bbox 353 5806 1911 5875">
     <span class='ocr_line' id='line_1_97' title="bbox 353 5806 1911 5875; baseline 0.006 -18"><span class='ocrx_word' id='word_1_694' title='bbox 353 5819 581 5875; x_wconf 82' lang='lat' dir='ltr'><strong>quasque</strong></span> <span class='ocrx_word' id='word_1_695' title='bbox 623 5807 700 5860; x_wconf 88' lang='lat' dir='ltr'><strong>vir</strong></span> <span class='ocrx_word' id='word_1_696' title='bbox 736 5807 1124 5861; x_wconf 77' lang='lat' dir='ltr'><strong>eruditissimus</strong></span> <span class='ocrx_word' id='word_1_697' title='bbox 1158 5806 1444 5864; x_wconf 75' lang='lat' dir='ltr'><strong>Eduarer</strong></span> <span class='ocrx_word' id='word_1_698' title='bbox 1473 5809 1776 5865; x_wconf 70' lang='lat' dir='ltr'><strong>Bernartius</strong></span> <span class='ocrx_word' id='word_1_699' title='bbox 1813 5811 1911 5866; x_wconf 91' lang='lat' dir='ltr'><strong>SS.</strong></span> 
     </span>
    </p>
   </div>
   <div class='ocr_carea' id='block_1_98' title="bbox 2024 4694 3599 4776">
    <p class='ocr_par' dir='ltr' id='par_1_98' title="bbox 2024 4694 3599 4776">
     <span class='ocr_line' id='line_1_98' title="bbox 2024 4694 3599 4776; baseline -0.013 -11"><span class='ocrx_word' id='word_1_700' title='bbox 2024 4711 2190 4776; x_wconf 89' lang='lat' dir='ltr'><strong>emit,</strong></span> <span class='ocrx_word' id='word_1_701' title='bbox 2260 4706 2488 4775; x_wconf 85' lang='lat' dir='ltr'><strong>mihique</strong></span> <span class='ocrx_word' id='word_1_702' title='bbox 2521 4704 2734 4772; x_wconf 84' lang='lat' dir='ltr'><strong>benigne</strong></span> <span class='ocrx_word' id='word_1_703' title='bbox 2777 4698 3200 4754; x_wconf 84' lang='lat' dir='ltr'><strong>communicavit.</strong></span> <span class='ocrx_word' id='word_1_704' title='bbox 3249 4694 3417 4747; x_wconf 79' lang='lat' dir='ltr'><strong>Paulo</strong></span> <span class='ocrx_word' id='word_1_705' title='bbox 3448 4703 3599 4764; x_wconf 83' lang='lat' dir='ltr'><strong>post,</strong></span> 
     </span>
    </p>
   </div>
   <div class='ocr_carea' id='block_1_99' title="bbox 2019 4793 3602 4873">
    <p class='ocr_par' dir='ltr' id='par_1_99' title="bbox 2019 4793 3602 4873">
     <span class='ocr_line' id='line_1_99' title="bbox 2019 4793 3602 4873; baseline -0.011 -14"><span class='ocrx_word' id='word_1_706' title='bbox 2019 4821 2198 4873; x_wconf 89' lang='lat' dir='ltr'><strong>nempe</strong></span> <span class='ocrx_word' id='word_1_707' title='bbox 2221 4818 2358 4857; x_wconf 86' lang='lat' dir='ltr'><strong>anno</strong></span> <span class='ocrx_word' id='word_1_708' title='bbox 2386 4800 2558 4863; x_wconf 70' lang='grc'><strong>1645,</strong></span> <span class='ocrx_word' id='word_1_709' title='bbox 2588 4815 2718 4868; x_wconf 89' lang='lat' dir='ltr'><strong>opus</strong></span> <span class='ocrx_word' id='word_1_710' title='bbox 2749 4797 2812 4850; x_wconf 89' lang='lat' dir='ltr'><strong>ab</strong></span> <span class='ocrx_word' id='word_1_711' title='bbox 2844 4797 3064 4866; x_wconf 85' lang='lat' dir='ltr'><strong>Ilugone</strong></span> <span class='ocrx_word' id='word_1_712' title='bbox 3095 4793 3149 4846; x_wconf 86' lang='grc' dir='ltr'><em>Μ</em></span> <span class='ocrx_word' id='word_1_713' title='bbox 3155 4793 3352 4846; x_wconf 86' lang='lat' dir='ltr'><strong>enardo</strong></span> <span class='ocrx_word' id='word_1_714' title='bbox 3372 4833 3386 4858; x_wconf 88' lang='lat'><strong>,</strong></span> <span class='ocrx_word' id='word_1_715' title='bbox 3416 4806 3602 4843; x_wconf 87' lang='lat' dir='ltr'><strong>mona-</strong></span> 
     </span>
    </p>
   </div>
   <div class='ocr_carea' id='block_1_100' title="bbox 2026 4880 3602 4963">
    <p class='ocr_par' dir='ltr' id='par_1_100' title="bbox 2026 4880 3602 4963">
     <span class='ocr_line' id='line_1_100' title="bbox 2026 4880 3602 4963; baseline -0.01 -16"><span class='ocrx_word' id='word_1_716' title='bbox 2026 4894 2124 4949; x_wconf 85' lang='lat' dir='ltr'><strong>cho</strong></span> <span class='ocrx_word' id='word_1_717' title='bbox 2151 4891 2567 4963; x_wconf 86' lang='lat' dir='ltr'><strong>congregationis</strong></span> <span class='ocrx_word' id='word_1_718' title='bbox 2598 4888 2656 4943; x_wconf 93' lang='lat' dir='ltr'><strong>S.</strong></span> <span class='ocrx_word' id='word_1_719' title='bbox 2685 4887 2893 4953; x_wconf 80' lang='lat' dir='ltr'><strong>Mauri,</strong></span> <span class='ocrx_word' id='word_1_720' title='bbox 2923 4882 3356 4938; x_wconf 85' lang='lat' dir='ltr'><strong>adnotationibus</strong></span> <span class='ocrx_word' id='word_1_721' title='bbox 3378 4880 3602 4935; x_wconf 87' lang='lat' dir='ltr'><strong>eruditis</strong></span> 
     </span>
    </p>
   </div>
   <div class='ocr_carea' id='block_1_101' title="bbox 2014 4973 3602 5052">
    <p class='ocr_par' dir='ltr' id='par_1_101' title="bbox 2014 4973 3602 5052">
     <span class='ocr_line' id='line_1_101' title="bbox 2014 4973 3602 5052; baseline -0.007 -11"><span class='ocrx_word' id='word_1_722' title='bbox 2014 4987 2346 5041; x_wconf 85' lang='lat' dir='ltr'><strong>illustratum</strong></span> <span class='ocrx_word' id='word_1_723' title='bbox 2361 5024 2376 5051; x_wconf 90' lang='lat'><strong>,</strong></span> <span class='ocrx_word' id='word_1_724' title='bbox 2397 5001 2524 5038; x_wconf 92' lang='lat' dir='ltr'><strong>cura</strong></span> <span class='ocrx_word' id='word_1_725' title='bbox 2547 4982 2834 5052; x_wconf 76' lang='lat' dir='ltr'><strong>confratris</strong></span> <span class='ocrx_word' id='word_1_726' title='bbox 2858 4979 3014 5033; x_wconf 73' lang='lat' dir='ltr'><strong>Luca:</strong></span> <span class='ocrx_word' id='word_1_727' title='bbox 3036 4976 3283 5031; x_wconf 83' lang='lat' dir='ltr'><strong>Dachcrii</strong></span> <span class='ocrx_word' id='word_1_728' title='bbox 3305 5019 3319 5042; x_wconf 93' lang='lat'><strong>,</strong></span> <span class='ocrx_word' id='word_1_729' title='bbox 3346 4973 3602 5030; x_wconf 82' lang='lat' dir='ltr'><strong>Menarda</strong></span> 
     </span>
    </p>
   </div>
   <div class='ocr_carea' id='block_1_102' title="bbox 2019 5063 3601 5148">
    <p class='ocr_par' dir='ltr' id='par_1_102' title="bbox 2019 5063 3601 5148">
     <span class='ocr_line' id='line_1_102' title="bbox 2019 5063 3601 5148; baseline -0.011 -14"><span class='ocrx_word' id='word_1_730' title='bbox 2019 5090 2188 5133; x_wconf 88' lang='lat' dir='ltr'><strong>morte</strong></span> <span class='ocrx_word' id='word_1_731' title='bbox 2231 5086 2520 5148; x_wconf 75' lang='lat' dir='ltr'><strong>prwrepto,</strong></span> <span class='ocrx_word' id='word_1_732' title='bbox 2575 5075 2631 5128; x_wconf 90' lang='lat' dir='ltr'><strong>in</strong></span> <span class='ocrx_word' id='word_1_733' title='bbox 2675 5073 2844 5127; x_wconf 90' lang='lat' dir='ltr'><strong>lucem</strong></span> <span class='ocrx_word' id='word_1_734' title='bbox 2890 5070 3120 5124; x_wconf 86' lang='lat' dir='ltr'><strong>Parisiis</strong></span> <span class='ocrx_word' id='word_1_735' title='bbox 3161 5069 3380 5138; x_wconf 84' lang='lat' dir='ltr'><strong>prodiit.</strong></span> <span class='ocrx_word' id='word_1_736' title='bbox 3431 5063 3601 5119; x_wconf 84' lang='lat' dir='ltr'><strong>Porro</strong></span> 
     </span>
    </p>
   </div>
   <div class='ocr_carea' id='block_1_103' title="bbox 2019 5158 3604 5225">
    <p class='ocr_par' dir='ltr' id='par_1_103' title="bbox 2019 5158 3604 5225">
     <span class='ocr_line' id='line_1_103' title="bbox 2019 5158 3604 5225; baseline -0.009 -1"><span class='ocrx_word' id='word_1_737' title='bbox 2019 5187 2109 5225; x_wconf 90' lang='lat' dir='ltr'><strong>an.</strong></span> <span class='ocrx_word' id='word_1_738' title='bbox 2144 5169 2280 5223; x_wconf 72' lang='grc'>1646</span> <span class='ocrx_word' id='word_1_739' title='bbox 2303 5166 2699 5221; x_wconf 85' lang='lat' dir='ltr'><strong>illustrissimus</strong></span> <span class='ocrx_word' id='word_1_740' title='bbox 2725 5163 2792 5218; x_wconf 92' lang='lat' dir='ltr'><strong>D.</strong></span> <span class='ocrx_word' id='word_1_741' title='bbox 2829 5161 3053 5217; x_wconf 85' lang='lat' dir='ltr'><strong>Isaacus</strong></span> <span class='ocrx_word' id='word_1_742' title='bbox 3091 5160 3340 5225; x_wconf 86' lang='lat' dir='ltr'><strong>Vossius,</strong></span> <span class='ocrx_word' id='word_1_743' title='bbox 3365 5158 3604 5212; x_wconf 59' lang='lat' dir='ltr'><strong>luculeua</strong></span> 
     </span>
    </p>
   </div>
   <div class='ocr_carea' id='block_1_104' title="bbox 2019 5250 3604 5331">
    <p class='ocr_par' dir='ltr' id='par_1_104' title="bbox 2019 5250 3604 5331">
     <span class='ocr_line' id='line_1_104' title="bbox 2019 5250 3604 5331; baseline -0.01 -14"><span class='ocrx_word' id='word_1_744' title='bbox 2019 5263 2240 5318; x_wconf 72' lang='lat' dir='ltr'><strong>tissime:</strong></span> <span class='ocrx_word' id='word_1_745' title='bbox 2277 5262 2390 5331; x_wconf 89' lang='lat' dir='ltr'><strong>ejus</strong></span> <span class='ocrx_word' id='word_1_746' title='bbox 2421 5257 2789 5329; x_wconf 84' lang='lat' dir='ltr'><strong>Epistolarum</strong></span> <span class='ocrx_word' id='word_1_747' title='bbox 2827 5253 2885 5310; x_wconf 92' lang='lat' dir='ltr'><strong>S.</strong></span> <span class='ocrx_word' id='word_1_748' title='bbox 2920 5253 3124 5324; x_wconf 83' lang='lat' dir='ltr'><strong>Ignatii</strong></span> <span class='ocrx_word' id='word_1_749' title='bbox 3151 5252 3371 5306; x_wconf 87' lang='lat' dir='ltr'><strong>editioni</strong></span> <span class='ocrx_word' id='word_1_750' title='bbox 3403 5250 3604 5320; x_wconf 78' lang='lat' dir='ltr'><strong>episto—</strong></span> 
     </span>
    </p>
   </div>
   <div class='ocr_carea' id='block_1_105' title="bbox 2017 5343 3602 5422">
    <p class='ocr_par' dir='ltr' id='par_1_105' title="bbox 2017 5343 3602 5422">
     <span class='ocr_line' id='line_1_105' title="bbox 2017 5343 3602 5422; baseline -0.009 -14"><span class='ocrx_word' id='word_1_751' title='bbox 2017 5355 2127 5408; x_wconf 92' lang='lat' dir='ltr'><strong>lam</strong></span> <span class='ocrx_word' id='word_1_752' title='bbox 2154 5356 2288 5407; x_wconf 84' lang='lat' dir='ltr'><strong>hanc</strong></span> <span class='ocrx_word' id='word_1_753' title='bbox 2311 5352 2594 5422; x_wconf 71' lang='lat' dir='ltr'><strong>adjunxit;</strong></span> <span class='ocrx_word' id='word_1_754' title='bbox 2619 5359 2666 5402; x_wconf 90' lang='lat' dir='ltr'><strong>et</strong></span> <span class='ocrx_word' id='word_1_755' title='bbox 2693 5355 2845 5401; x_wconf 83' lang='lat' dir='ltr'><strong>notas</strong></span> <span class='ocrx_word' id='word_1_756' title='bbox 2865 5388 2878 5408; x_wconf 87' lang='lat'><strong>,</strong></span> <span class='ocrx_word' id='word_1_757' title='bbox 2906 5343 3080 5399; x_wconf 85' lang='lat' dir='ltr'><strong>breves</strong></span> <span class='ocrx_word' id='word_1_758' title='bbox 3102 5343 3340 5414; x_wconf 86' lang='lat' dir='ltr'><strong>quidem,</strong></span> <span class='ocrx_word' id='word_1_759' title='bbox 3366 5343 3456 5397; x_wconf 85' lang='lat' dir='ltr'><strong>sed</strong></span> <span class='ocrx_word' id='word_1_760' title='bbox 3481 5358 3602 5395; x_wconf 88' lang='lat' dir='ltr'><strong>eru-</strong></span> 
     </span>
    </p>
   </div>
   <div class='ocr_carea' id='block_1_106' title="bbox 2017 5431 3596 5499">
    <p class='ocr_par' dir='ltr' id='par_1_106' title="bbox 2017 5431 3596 5499">
     <span class='ocr_line' id='line_1_106' title="bbox 2017 5431 3596 5499; baseline -0.011 -1"><span class='ocrx_word' id='word_1_761' title='bbox 2017 5446 2159 5498; x_wconf 84' lang='lat' dir='ltr'><strong>ditas</strong></span> <span class='ocrx_word' id='word_1_762' title='bbox 2185 5443 2414 5495; x_wconf 77' lang='lat' dir='ltr'><strong>addidit.</strong></span> <span class='ocrx_word' id='word_1_763' title='bbox 2434 5441 2654 5494; x_wconf 88' lang='lat' dir='ltr'><strong>Demum</strong></span> <span class='ocrx_word' id='word_1_764' title='bbox 2672 5455 2760 5492; x_wconf 89' lang='lat' dir='ltr'><strong>an.</strong></span> <span class='ocrx_word' id='word_1_765' title='bbox 2780 5433 3090 5490; x_wconf 71' lang='lat' dir='ltr'><strong>l67210an.</strong></span> <span class='ocrx_word' id='word_1_766' title='bbox 3119 5431 3596 5499; x_wconf 85' lang='lat' dir='ltr'><strong>Bapt.Cotelerius,</strong></span> 
     </span>
    </p>
   </div>
   <div class='ocr_carea' id='block_1_107' title="bbox 2017 5522 3595 5602">
    <p class='ocr_par' dir='ltr' id='par_1_107' title="bbox 2017 5522 3595 5602">
     <span class='ocr_line' id='line_1_107' title="bbox 2017 5522 3595 5602; baseline -0.008 -9"><span class='ocrx_word' id='word_1_767' title='bbox 2017 5537 2293 5593; x_wconf 88' lang='lat' dir='ltr'><strong>Societatis</strong></span> <span class='ocrx_word' id='word_1_768' title='bbox 2318 5535 2618 5591; x_wconf 73' lang='lat' dir='ltr'><strong>Sorbonica:</strong></span> <span class='ocrx_word' id='word_1_769' title='bbox 2642 5532 2909 5602; x_wconf 84' lang='lat' dir='ltr'><strong>theologus</strong></span> <span class='ocrx_word' id='word_1_770' title='bbox 2929 5572 2943 5596; x_wconf 96' lang='lat'><strong>,</strong></span> <span class='ocrx_word' id='word_1_771' title='bbox 2983 5525 3322 5584; x_wconf 70' lang='lat' dir='ltr'><strong>Bibliotheca</strong></span> <span class='ocrx_word' id='word_1_772' title='bbox 3351 5543 3460 5580; x_wconf 73' lang='lat' dir='ltr'><strong>sure</strong></span> <span class='ocrx_word' id='word_1_773' title='bbox 3496 5522 3595 5581; x_wconf 82' lang='lat' dir='ltr'><strong>SS.</strong></span> 
     </span>
    </p>
   </div>
   <div class='ocr_carea' id='block_1_108' title="bbox 2021 5618 3597 5698">
    <p class='ocr_par' dir='ltr' id='par_1_108' title="bbox 2021 5618 3597 5698">
     <span class='ocr_line' id='line_1_108' title="bbox 2021 5618 3597 5698; baseline -0.006 -17"><span class='ocrx_word' id='word_1_774' title='bbox 2021 5627 2248 5681; x_wconf 89' lang='lat' dir='ltr'><strong>Patrum</strong></span> <span class='ocrx_word' id='word_1_775' title='bbox 2278 5629 2368 5698; x_wconf 90' lang='lat' dir='ltr'><strong>qui</strong></span> <span class='ocrx_word' id='word_1_776' title='bbox 2401 5626 2720 5696; x_wconf 87' lang='lat' dir='ltr'><strong>temporibus</strong></span> <span class='ocrx_word' id='word_1_777' title='bbox 2755 5623 3063 5694; x_wconf 87' lang='lat' dir='ltr'><strong>apostolicis</strong></span> <span class='ocrx_word' id='word_1_778' title='bbox 3095 5622 3389 5691; x_wconf 77' lang='lat' dir='ltr'><strong>ﬂoruerunt</strong></span> <span class='ocrx_word' id='word_1_779' title='bbox 3411 5660 3426 5685; x_wconf 91' lang='lat'><strong>,</strong></span> <span class='ocrx_word' id='word_1_780' title='bbox 3467 5618 3597 5688; x_wconf 85' lang='lat' dir='ltr'><strong>Epi-</strong></span> 
     </span>
    </p>
   </div>
   <div class='ocr_carea' id='block_1_109' title="bbox 2021 5712 3594 5788">
    <p class='ocr_par' dir='ltr' id='par_1_109' title="bbox 2021 5712 3594 5788">
     <span class='ocr_line' id='line_1_109' title="bbox 2021 5712 3594 5788; baseline -0.005 -15"><span class='ocrx_word' id='word_1_781' title='bbox 2021 5721 2212 5774; x_wconf 87' lang='lat' dir='ltr'><strong>stolam</strong></span> <span class='ocrx_word' id='word_1_782' title='bbox 2243 5721 2376 5773; x_wconf 87' lang='lat' dir='ltr'><strong>hanc</strong></span> <span class='ocrx_word' id='word_1_783' title='bbox 2399 5721 2652 5786; x_wconf 88' lang='lat' dir='ltr'><strong>inseruit,</strong></span> <span class='ocrx_word' id='word_1_784' title='bbox 2678 5719 3064 5788; x_wconf 82' lang='lat' dir='ltr'><strong>versionemque</strong></span> <span class='ocrx_word' id='word_1_785' title='bbox 3089 5731 3273 5770; x_wconf 83' lang='lat' dir='ltr'><strong>novam</strong></span> <span class='ocrx_word' id='word_1_786' title='bbox 3295 5712 3594 5776; x_wconf 83' lang='lat' dir='ltr'><strong>adornavit,</strong></span> 
     </span>
    </p>
   </div>
   <div class='ocr_carea' id='block_1_110' title="bbox 2022 5812 2984 5882">
    <p class='ocr_par' dir='ltr' id='par_1_110' title="bbox 2022 5812 2984 5882">
     <span class='ocr_line' id='line_1_110' title="bbox 2022 5812 2984 5882; baseline -0.002 -16"><span class='ocrx_word' id='word_1_787' title='bbox 2022 5816 2270 5872; x_wconf 71' lang='lat' dir='ltr'><strong>notasiluc</strong></span> <span class='ocrx_word' id='word_1_788' title='bbox 2302 5812 2699 5868; x_wconf 81' lang='lat' dir='ltr'><strong>laudatissimas</strong></span> <span class='ocrx_word' id='word_1_789' title='bbox 2724 5813 2984 5882; x_wconf 83' lang='lat' dir='ltr'><strong>apposuit.</strong></span> 
     </span>
    </p>
   </div>
  </div>
