4032 6146
439 305 540 362 607

1566 304 1626 364 S.
1671 301 2038 360 BARNABAS
2058 302 2062 309 ’
2079 295 2443 355 APOSTOLU
2454 297 2509 351 S.

3577 291 3678 348 668

511 425 645 488 ρυω
703 424 768 478 de
824 439 975 492 opere
1019 425 1132 494 ipso
1181 424 1408 480 dicenda
1447 434 1762 496 supersunt,
1805 434 1862 478 ut
1913 423 2012 478 viri
2041 427 2087 484 Α
2115 418 2274 472 stolos
2302 433 2423 470 suos
2457 414 2694 484 elegisset
2720 410 2912 480 Jesus,
2939 409 3033 483 qui
3047 415 3201 465 erant
3223 406 3367 463 omni
3396 406 3680 478 iniquitate

437 515 614 583 magni
658 515 922 568 memoriis
958 514 1104 573 litem
1125 555 1140 579 ,
1174 515 1340 569 verbis
1382 516 1734 570 illustrissimi
1765 515 2006 585 primatis

435 604 679 671 prtedicti
698 644 712 667 ,
742 621 860 675 qua:
895 606 1138 674 ﬂammas
1164 618 1434 661 evaserant
1454 650 1468 672 ,
1495 606 1760 660 exhibebo.

433 747 616 787 JACOBI
650 749 952 787 ARIACHANI
974 749 1041 786 DE
1070 750 1321 788 BARNABE
1357 750 1615 790 EPISTOLA
1641 749 2002 790 PRAEMONITIO.

512 865 530 897 ι
554 846 840 918 Polycarpi
869 848 935 902 ad
955 847 1330 917 Philippenses
1357 848 1674 918 Epistolam,
1702 849 1855 919 longe
1877 866 2004 920 pro-

434 939 684 994 lixiorem
730 939 820 994 illa
867 955 988 1009 qum
1036 940 1266 993 habetur
1311 945 1454 1011 typis
1480 955 1712 1007 excusa,
1760 941 1900 1010 apud
1947 955 2004 996 se

433 1030 620 1084 Graece
675 1029 934 1098 scriptam
977 1030 1282 1095 exstitisse,
1337 1029 1614 1083 Baronio'
1659 1037 2004 1099 persuaserat

431 1117 758 1174 Franciscus
810 1117 1148 1185 Turrianus,
1194 1117 1481 1174 Societatis
1533 1118 1662 1174 lesu
1699 1120 1998 1190 presbyter.

433 1210 539 1264 Sed
585 1210 879 1279 exemplari
923 1209 1069 1264 illius
1111 1209 1426 1279 diligentius
1473 1210 1751 1279 inspecto,
1795 1218 1998 1278 partem

429 1300 602 1370 ipsius
633 1301 925 1355 maximam
957 1302 1022 1354 ad
1052 1301 1337 1370 epistolam
1362 1342 1376 1366 ,
1421 1317 1542 1371 quae
1572 1301 1834 1355 Barnabas
1869 1316 2001 1371 apo-

429 1391 548 1445 stoli
580 1390 857 1446 ferebatur
881 1391 1008 1446 olim
1042 1391 1260 1445 nomine
1281 1433 1294 1458 ,
1320 1392 1673 1461 pertinuisse,
1698 1391 1998 1460 deprehen-

428 1481 508 1535 dit
535 1490 723 1549 postca
757 1480 995 1536 Jacobus
1035 1481 1393 1547 Sirmondus,
1424 1482 1665 1550 ejusdem
1713 1480 1998 1536 Societatis

428 1572 732 1642 theologus.
780 1572 966 1644 Neque
1007 1573 1162 1628 aliter
1211 1574 1504 1640 habuisse,
1537 1574 1618 1627 vel
1660 1573 1999 1628 bibliothecae

429 1662 734 1730 Vaticana},
761 1666 845 1720 vel
873 1665 1165 1720 cardinalis
1206 1666 1502 1720 Columnaai
1532 1665 1750 1720 codices
1771 1705 1784 1730 ,
1809 1673 1995 1720 osten-

425 1752 507 1808 dit
532 1752 724 1811 Petrus
752 1754 1055 1810 Halloixius
1074 1756 1116 1822 ³,
1150 1764 1204 1809 et
1235 1757 1347 1826 ipse
1378 1755 1598 1826 jesuita.

502 1885 522 1920 ι
544 1865 747 1938 Nempe
773 1868 827 1923 in
852 1869 1029 1940 primo
1053 1869 1384 1940 exemplari,
1417 1885 1482 1924 ex
1513 1884 1622 1939 quo
1652 1869 1998 1925 Columnteus

426 1957 518 2014 ille
559 1960 729 2014 codex
766 1960 883 2030 (qui
920 1961 1162 2015 omnium
1203 1970 1425 2031 putatur
1465 1961 1906 2032 antiquissimus)
1945 1970 1999 2016 et

423 2050 619 2120 reliqui
645 2051 738 2122 qui
769 2060 1062 2121 supersunt
1086 2053 1248 2107 hodie
1280 2061 1408 2108 sunt
1433 2054 1722 2124 descripti,
1747 2053 1999 2108 librario-

423 2157 545 2196 rum
583 2142 714 2196 vitio
759 2145 1043 2213 quaternio
1093 2144 1177 2198 vel
1217 2145 1456 2200 omissus
1499 2144 1584 2199 vel
1636 2145 1997 2216 transpositus

421 2239 508 2288 est
535 2250 549 2288 :
583 2234 741 2303 cujus
765 2233 976 2290 defectu
1016 2234 1220 2291 factum
1251 2244 1336 2290 est
1356 2276 1370 2300 ,
1402 2244 1462 2290 ut
1492 2235 1544 2289 in
1573 2233 1779 2291 Graecis
1804 2251 1997 2306 super-

422 2326 642 2382 stitibus
672 2337 726 2381 et
755 2327 914 2382 ﬁnem
942 2329 1186 2398 epistolae
1214 2328 1500 2400 Polycarpi
1528 2326 1921 2395 desideremus,
1943 2337 1997 2384 et

421 2415 752 2486 principium
784 2417 1067 2476 Barnabat.

497 2525 517 2559 ι
546 2506 682 2562 Nam
710 2509 865 2579 longe
892 2511 1292 2581 antiquioribus
1322 2512 1485 2567 etiam
1512 2513 1867 2581 temporibus,
1885 2527 1994 2566 non

423 2597 612 2670 lgnatii
644 2601 821 2655 solum
850 2601 1056 2658 litteras
1085 2603 1214 2658 huic
1241 2601 1526 2673 Polycarpi
1551 2601 1808 2672 Epistulae
1831 2601 1995 2672 (quod

421 2705 486 2744 ex
530 2689 635 2745 ﬁne
673 2691 842 2760 ipsius
889 2692 1081 2761 liquet)
1134 2693 1406 2762 subjectas
1443 2692 1648 2756 fuisse,
1692 2692 1787 2746 sed
1832 2691 1995 2745 simul

421 2795 546 2833 cum
583 2781 664 2835 eis
686 2789 737 2835 et
762 2779 920 2834 istam
952 2779 1214 2836 Barnabas
1240 2799 1253 2834 :
1279 2796 1345 2835 ex
1369 2781 1460 2835 illo
1491 2779 1807 2851 Hieronymi
1851 2780 1990 2845 loco,

422 2869 476 2923 iu
503 2869 642 2924 libro
684 2887 747 2925 ιιι
793 2869 1038 2926 adversus
1082 2873 1424 2944 Pelagianos,
1451 2872 1762 2927 blandiente
1809 2871 1996 2941 conje-

422 2969 608 3024 ctura.
646 2972 705 3016 ut
736 2963 1041 3028 crederem,
1076 2964 1481 3034 peneinductus
1512 2979 1633 3018 sum
1664 2981 1678 3018 :
1711 2961 1954 3035 Ignatius
1975 3003 1990 3027 ,

420 3055 502 3110 tir
538 3055 856 3123 apostolicus
901 3065 950 3110 et
994 3066 1217 3127 martyr,
1252 3056 1434 3110 scribit
1479 3055 1733 3109 audacter
1763 3071 1783 3110 :
1821 3055 1995 3126 Elegit

2107 509 2412 579 iniquiores.
2441 505 2542 560 Ubi
2566 504 2893 560 Catholicam
2923 505 3065 559 hanc
3093 501 3326 572 appellat
3351 501 3639 570 epistolam
3660 541 3675 565 ,

2107 601 2250 671 quod
2300 599 2430 653 nulli
2480 596 2794 668 particulari
2847 595 2930 651 vel
2983 609 3257 665 personae,
3298 593 3378 647 vel
3424 591 3677 646 Ecclesiae

2107 692 2367 759 inscripta
2414 704 2478 743 ea
2534 681 2720 754 esset,
2778 686 2873 742 sed
2922 685 3358 740 Christianorum
3408 680 3675 749 fratrum,

2105 781 2420 849 ubicunque
2447 776 2758 848 degentium
2781 815 2796 840 ,
2827 775 2926 844 ipsi
2952 773 3312 829 universitati.
3338 770 3526 841 Neque
3545 785 3676 826 vero

2104 873 2413 938 mirabitur,
2465 869 2658 940 Ignatii
2724 872 2946 924 nomine
2998 867 3318 937 productum
3375 863 3546 919 fuisse
3606 865 3676 921 ab

2103 962 2452 1034 Hieronymo,
2477 961 2620 1031 quod
2643 968 2761 1014 erat
2783 958 3041 1013 Barnabas
3066 975 3080 1024 ;
3110 957 3204 1027 qui
3227 955 3489 1010 Barnabae
3511 956 3673 1011 etiam

2103 1056 2260 1111 titulo
2316 1071 2345 1110 a
2392 1054 2670 1108 Clemente
2699 1050 3067 1106 Alexandrino
3111 1048 3388 1103 laudatum
3427 1047 3675 1112 animad-

2101 1148 2357 1216 verterit,
2389 1147 2537 1218 quod
2577 1146 2826 1201 Romano
2875 1141 3145 1198 Clementi
3185 1141 3362 1196 fuerat
3391 1140 3674 1195 ascriben-

2099 1240 2250 1296 dum.
2277 1238 2326 1294 ls
2347 1239 2491 1294 enim
2525 1237 2690 1292 citato
2717 1239 2836 1292 loco
2884 1235 3080 1306 psalmi
3132 1234 3368 1305 (Aperite
3393 1232 3521 1284 mihi
3551 1247 3673 1301 por-

2101 1339 2183 1383 tas
2212 1329 2475 1398 justitiw,
2515 1329 2567 1381 in
2602 1330 2745 1396 ipsas
2790 1329 3054 1397 ingressus
3092 1322 3379 1392 conﬁtebor
3414 1321 3673 1385 Domino;

2098 1419 2207 1474 haec
2242 1428 2317 1473 est
2361 1428 2514 1490 porta
2556 1418 2804 1484 Domini,
2828 1418 2967 1487 justi
3014 1414 3317 1470 transibunt
3346 1430 3438 1484 per
3466 1429 3581 1467 eam
3602 1413 3669 1482 θ),

2097 1511 2375 1580 prophetae
2397 1511 2599 1565 dictum
2627 1511 2729 1565 hoc
2750 1526 2780 1564 a
2803 1508 3052 1564 Barnaba
3072 1507 3152 1562 sic
3173 1505 3479 1576 expositum
3505 1504 3672 1559 fuisse

2097 1600 2204 1654 ait:
2234 1599 2448 1653 Πολλῶν
2502 1599 2682 1653 πυλῶν
2728 1598 3068 1670 ὰνεῳγυιῶν,
3116 1599 3151 1670 ἡ
3194 1593 3323 1669 [ὲν]
3361 1594 3670 1668 δικαιοσύνῃ

2097 1689 2237 1760 αὕτη
2291 1691 2504 1762 ἐστὶνὴ
2557 1692 2614 1745 ὲν
2641 1690 2891 1762 Χριστῷ,
2926 1683 3043 1763 ὲνῇ
3079 1689 3335 1760 μακάριοι
3380 1688 3576 1752 πάντες
3618 1688 3668 1738 οἱ

2027 1801 2069 1856 Β
2097 1780 2442 1845 εἰσελθόντες.
2487 1782 2620 1837 Cum
2665 1782 2846 1836 multa:
2895 1791 3062 1852 porta
3107 1783 3215 1837 sint
3276 1789 3510 1851 apertae;
3555 1795 3668 1850 qua:

2096 1881 2173 1928 est
2193 1873 2458 1942 justitiw,
2495 1889 2557 1928 ea
2589 1882 2666 1928 est
2696 1875 2752 1927 in
2795 1873 3005 1929 Christo
3032 1887 3053 1926 :
3086 1889 3142 1928 tn
3175 1889 3330 1943 quam
3376 1872 3514 1926 beati
3548 1879 3667 1925 sunt

2096 1979 2271 2017 omnes
2312 1965 2402 2034 qui
2444 1973 2566 2018 sunt
2598 1964 2840 2034 ingressi.
2881 1962 3012 2030 Qua:
3046 1963 3264 2034 quidem
3286 2004 3301 2030 ,
3331 1964 3384 2017 in
3425 1963 3669 2018 Barnaba

2097 2051 2303 2107 frustra
2351 2052 2615 2123 quaesita,
2671 2053 2725 2106 in
2779 2053 2960 2122 priore
3001 2052 3296 2108 Clementis
3345 2051 3586 2123 Epistola
3619 2055 3671 2122 (a

2094 2142 2413 2198 doctissimo
2433 2142 2671 2199 Patricio
2690 2143 2855 2199 Junio
2883 2161 2990 2200 non
3019 2143 3094 2199 ita
3115 2144 3318 2215 pridem
3345 2144 3512 2216 edita)
3542 2146 3674 2201 toti-

2095 2232 2218 2287 dem
2247 2232 2427 2288 verbis
2455 2247 2711 2302 expressa
2740 2233 3070 2289 invenimus.

2177 2339 2198 2374 ι
2228 2321 2399 2378 Porro
2427 2323 2564 2378 duas
2595 2323 2760 2378 hasce
2797 2321 3142 2392 imperfectas
3163 2321 3438 2394 Polycarpi
3462 2330 3514 2376 et
3535 2321 3670 2376 Bar-

2095 2417 2251 2472 nabas
2281 2417 2496 2474 Graecas
2525 2420 2783 2489 epistolas
2803 2461 2818 2486 ,
2853 2434 2920 2474 ex
2951 2420 3181 2475 Andreae
3209 2419 3415 2475 Sehotti
3440 2416 3670 2490 apog'ra-

2095 2509 2205 2578 pho
2234 2524 2333 2564 sua
2375 2526 2539 2564 manu
2582 2511 2883 2580 descriptas
2915 2511 2998 2565 vir
3037 2512 3379 2568 clarissimus
3408 2512 3673 2568 Claudius

2097 2599 2430 2667 Salmasius,
2461 2617 2569 2656 una
2609 2609 2735 2657 cum
2764 2603 2988 2673 antiqua
3027 2603 3216 2658 Latina
3244 2586 3505 2659 Barnabas
3546 2621 3672 2659 ver-

2096 2692 2289 2760 sione,
2330 2709 2397 2748 ex
2418 2703 2600 2749 vetere
2637 2694 2982 2753 Corbeiensis
3024 2697 3366 2752 bibliothecae
3408 2697 3592 2752 codice
3639 2713 3671 2752 a

2094 2782 2309 2838 Joanne
2335 2782 2601 2839 Cordesio
2627 2785 2895 2855 exscripta
2920 2827 2935 2852 ,
2965 2783 3151 2841 lsaaco
3181 2785 3405 2853 Vossio,
3430 2786 3670 2841 celeber-

2095 2873 2222 2928 rimi
2269 2873 2416 2930 illius
2449 2874 2674 2930 Gerardi
2714 2876 2826 2930 ﬁlio
2848 2917 2862 2943 ,
2895 2892 3123 2932 summae
3152 2877 3265 2946 spei
3301 2877 3523 2946 juveni,
3555 2887 3670 2932 tra-

2097 2966 2276 3022 didit:
2338 2984 2501 3038 quam
2546 2984 2669 3024 cum
2717 2968 2905 3024 Graeco
2949 2968 3209 3025 Barnabas
3247 2978 3394 3024 textu
3441 2971 3671 3040 conjun-

2096 3067 2273 3127 ctam,
2323 3060 2518 3115 additis
2561 3061 2722 3115 etiam
2749 3061 2976 3115 eruditis
3013 3061 3274 3127 notis,ad
3319 3061 3526 3130 prelum
3575 3060 3664 3114 ille

420 3145 678 3200 Dominus
708 3147 970 3217 apostolos
991 3188 1004 3211 ,
1032 3148 1121 3218 qui
1157 3163 1312 3216 super
1339 3163 1514 3200 omnes
1544 3146 1776 3200 homines
1811 3163 1994 3216 pecca-
2021 3141 2064 3201 C
2095 3152 2396 3223 apparavit.
2423 3149 2494 3206 Ut
2527 3151 2690 3222 igitur
2732 3151 2785 3204 in
2823 3150 3067 3223 Sylloges
3101 3152 3265 3223 hujus
3297 3152 3485 3218 initio,
3518 3150 3670 3206 Grai-

422 3249 557 3292 tores
605 3250 778 3292 erant.
827 3236 899 3293 Ut
953 3239 1097 3292 enim
1144 3240 1197 3293 in
1247 3240 1549 3308 posteriore
1591 3238 1995 3309 lgnatianarum

419 3330 786 3400 Epistolarum
813 3332 1133 3386 collectione
1152 3373 1166 3397 ,
1186 3347 1310 3385 cum
1348 3331 1571 3400 reliquis
1593 3330 1828 3400 praeﬁxae
1857 3330 1996 3387 fuis-

419 3433 542 3479 sent
586 3422 770 3479 Mariae
806 3423 1152 3478 Castabalitae
1189 3424 1410 3478 nomine
1457 3423 1728 3493 inscriptae
1770 3425 1993 3490 litterze,

419 3532 513 3572 eas
535 3517 700 3571 etiam
735 3517 908 3587 ipsius
938 3515 1131 3585 lgnatii
1163 3516 1425 3586 inscripto
1455 3516 1645 3582 titulo,
1687 3517 1741 3569 iu
1773 3516 1994 3570 Antonii

421 3610 685 3665 Melissa‘
739 3610 1031 3679 productas
1100 3610 1271 3665 fuisse
1320 3609 1804 3663 animadvertimus
1853 3626 1865 3662 :
1921 3609 1995 3662 ita

419 3705 583 3760 etiam
613 3704 668 3758 in
703 3705 883 3774 priore
919 3705 1041 3770 illa,
1067 3720 1191 3759 cum
1223 3704 1366 3758 inter
1397 3702 1681 3773 Polycarpi
1718 3711 1771 3756 et
1805 3699 1994 3772 lgnatii

419 3797 594 3851 eidem
624 3796 943 3866 subjunctas
972 3797 1228 3866 epistolas
1247 3838 1262 3862 ,
1287 3795 1450 3850 etiam
1490 3795 1580 3848 illa
1621 3793 1884 3848 Barnabas
1913 3794 1995 3846 in-

423 3887 685 3956 terposita
749 3887 1058 3955 legeretur;
1116 3902 1222 3940 non
1278 3887 1478 3939 mirum
1537 3886 1582 3939 si
1636 3885 1993 3956 ἁμαρτήματι

423 3976 737 4047 μνημονικῷ
773 3976 1084 4042 consimili,
1132 3984 1186 4030 et
1235 3977 1426 4030 eodem
1473 3974 1634 4029 modo
1658 3972 1992 4040 excusabili,

419 4068 610 4139 lgnatii
642 4069 862 4124 nomine
892 4069 1138 4123 citaverit
1175 4067 1570 4138 Hieronymus,
1603 4068 1748 4136 quod
1777 4066 1994 4136 proprie

419 4171 538 4215 erat
564 4160 910 4214 tribuendum
939 4160 1218 4214 Barnabas.

497 4270 516 4303 ι
541 4250 599 4305 In
634 4267 697 4306 ea
727 4252 870 4305 enim
890 4290 906 4317 ,
930 4267 1093 4321 quam
1131 4266 1276 4305 nunc
1303 4251 1528 4316 damus,
1558 4248 1706 4304 illius
1726 4247 1990 4319 Epistola,

421 4345 689 4401 sententia
735 4345 850 4400 haec
877 4353 1090 4414 reperta
1122 4343 1405 4406 estz'l‘obg
1452 4341 1614 4406 ἰδίους
1667 4341 1993 4405 ἀποστόλους

2099 3255 2224 3295 cum
2269 3240 2626 3312 Polycarpum
2647 3283 2662 3308 ,
2692 3243 2992 3311 posteriore
3039 3242 3124 3296 sui
3167 3249 3321 3311 parte
3350 3256 3414 3296 ex
3447 3243 3670 3311 antiqua

2099 3334 2354 3389 versione
2389 3332 2581 3387 Latina
2614 3333 2919 3402 suppletum
2942 3373 2957 3400 ,
2991 3331 3336 3387 exhibuimus
3364 3351 3377 3386 :
3412 3333 3485 3385 ita
3515 3341 3571 3385 et
3604 3331 3672 3385 ad

2097 3427 2216 3498 ejus
2254 3425 2415 3480 ﬁnem
2456 3424 2765 3479 Barnabam
2789 3465 2806 3491 ,
2844 3423 3024 3493 priore
3053 3423 3135 3478 sui
3169 3431 3322 3493 parte
3349 3439 3416 3477 ex
3443 3423 3551 3477 alia
3580 3439 3673 3477 ve-

2096 3527 2211 3574 tere
2266 3516 2712 3588 interpretatione
2757 3515 3005 3571 similiter
3048 3515 3475 3586 redintegratum
3525 3515 3670 3583 (non

2097 3611 2217 3666 sine
2258 3609 2638 3665 humanissimi
2681 3607 2862 3663 Vossii
2899 3607 3218 3677 consensu)
3284 3616 3672 3676 repraesentare

2095 3703 2274 3758 visum
2324 3701 2447 3756 fuit.
2481 3700 2559 3754 Es.
2605 3700 2763 3769 cujus
2806 3699 3096 3769 utriusque
3138 3698 3428 3753 collatione
3481 3706 3671 3754 mutua

2094 3802 2177 3849 est
2197 3792 2614 3862 deprehensum,
2644 3805 2754 3844 non
2778 3789 2956 3844 solum
2989 3791 3222 3858 primam
3255 3789 3509 3859 Epistolas
3545 3805 3672 3858 par-

2097 3894 2204 3942 tem
2232 3885 2285 3939 in
2315 3883 2615 3954 exemplari
2638 3882 2832 3936 Latino
2865 3881 3036 3937 fuisse
3062 3891 3472 3948 conservatam,
3506 3895 3670 3951 quam

2094 3976 2332 4033 defuisse
2372 3975 2613 4030 diximus
2656 3973 2712 4027 in
2743 3973 2965 4040 Graeco;
3010 3973 3300 4028 sed.etiam
3341 3983 3668 4042 postremam

2094 4068 2213 4123 vice
2237 4082 2392 4121 versa
2423 4073 2686 4120 retentam
2717 4063 2887 4119 fuisse
2935 4064 2988 4117 in
3019 4063 3239 4128 Graeco,
3270 4079 3390 4133 quae
3424 4064 3611 4117 aberat
3639 4077 3672 4117 a

2093 4159 2286 4214 Latino
2303 4199 2320 4223 ,
2352 4167 2513 4227 atque
2538 4158 2592 4210 in
2618 4155 2956 4210 inter-mediis
2984 4164 3263 4224 praeterea,
3288 4156 3546 4208 nonnulla
3573 4155 3672 4208 ha-

2093 4251 2222 4306 bere
2260 4249 2506 4305 Graiarum
2543 4264 2662 4318 quae
2699 4248 2897 4301 desunt
2937 4247 2990 4300 in
3035 4247 3224 4301 Latino
3248 4248 3289 4312 ⁷,
3328 4256 3380 4300 et
3416 4245 3669 4301 Latinum

2096 4356 2290 4396 rursus
2321 4356 2442 4410 quae
2476 4353 2584 4393 non
2613 4339 2958 4407 reperiuntur
2987 4337 3039 4390 in
3065 4336 3286 4404 Graeco;
3326 4338 3482 4407 cujus
3507 4355 3669 4408 gene-

418 4439 544 4503 τοὺς
579 4438 868 4510 μέλλοντας
897 4436 1191 4509 κηρύσσειν
1222 4435 1282 4489 τὸ
1299 4433 1622 4504 Εὑαγγέλιον
1646 4433 1809 4487 αὐτοῦ
1833 4475 1848 4500 ,
1879 4434 1995 4501 ἐξε-

2097 4433 2174 4490 ris
2213 4449 2275 4488 ea
2309 4441 2474 4498 sunt,
2512 4445 2633 4500 quae
2662 4430 2718 4483 in
2752 4437 2984 4498 utroque
3017 4438 3272 4483 contextu
3307 4431 3462 4483 uncis
3499 4430 3673 4483 inclu-

419 4530 609 4598 λέξατο
647 4532 804 4594 ὄντας
852 4530 991 4601 ὑπὲρ
1041 4530 1218 4581 πᾶσαν
1259 4529 1528 4599 ἁμαρτίαν
1591 4527 1986 4600 ἀνομωτέρους.

420 4629 593 4694 Quam
613 4637 663 4682 et
682 4625 1128 4695 auteHieronymi
1147 4633 1390 4693 tempora
1413 4622 1464 4675 in
1486 4621 1674 4676 eadem
1698 4621 1994 4688 exstitisse,

419 4722 583 4775 verba
630 4721 716 4773 illa
750 4718 1000 4788 Origenis
1025 4717 1045 4747 ⁵
1073 4717 1229 4770 ﬁdem
1262 4714 1467 4768 faciunt
1496 4731 1509 4766 :
1555 4730 1573 4763 ι
1598 4713 1908 4784 Γέγραπται
1938 4713 1994 4765 δὲ

420 4816 477 4867 ὲν
500 4817 564 4884 τῇ
588 4812 838 4884 ’Βαρνάϐα
859 4809 1132 4879 Καθολικῇ
1160 4806 1417 4877 ἐπιστολῇ
1453 4805 1592 4875 (ὅθεν
1616 4807 1644 4856 ὁ
1668 4805 1871 4868 Κέλσος
1896 4805 1992 4857 λα-

421 4905 528 4959 ϐὼν
561 4907 698 4976 τάχα
729 4902 900 4966 εἶπεν,
935 4900 1070 4955 εἷναι
1099 4901 1426 4971 ὲπιρῤήτους
1459 4899 1551 4949 καὶ⁴
1595 4897 1992 4967 πονηροτάτους

421 5002 545 5064 τοὺς
595 4997 1060 5065 ἁποστόλους),ὄτι
1093 4993 1372 5060 ἐξελέξατο
1397 4991 1522 5049 τοὺς
1553 4988 1712 5051 ἰδίους
1767 4986 1994 5040 ἀποστό-

420 5093 544 5156 λους
585 5090 788 5160 Ἰησοῦς
834 5089 991 5150 ὄντας
1044 5087 1183 5157 ὑπὲρ
1229 5087 1406 5137 πᾶσαν
1444 5080 1670 5151 ἀνομίαν
1718 5078 1990 5148 ἀνομωτέ-

422 5202 597 5256 ρους.»
619 5180 888 5249 Scriptum
931 5188 1008 5232 est
1058 5193 1182 5231 sane
1214 5176 1267 5228 in
1288 5172 1552 5228 Barnabas
1584 5167 1859 5224 Catholica
1882 5171 1993 5238 cpi-

419 5276 558 5330 stola
624 5273 783 5344 (unde
818 5273 1044 5342 fortasse
1076 5269 1259 5324 Celsus
1288 5266 1616 5320 occasionem
1639 5262 1898 5332 arripuit,
1931 5273 1989 5316 ut

420 5365 687 5434 apostolos
719 5364 943 5433 infames
971 5371 1018 5415 et
1051 5358 1393 5429 nequissimos
1422 5355 1673 5426 diceret),
1697 5352 1836 5424 quod
1863 5369 1990 5422 apo-

2100 4523 2274 4578 denda
2311 4523 2643 4577 curavimus.

2175 4634 2192 4666 s
2223 4615 2302 4669 Ex
2331 4616 2546 4670 duobus
2574 4625 2753 4669 autem
2791 4615 3080 4685 praecipuis
3119 4613 3378 4668 membris
3410 4621 3520 4666 tota
3555 4613 3670 4666 hare

2097 4713 2310 4762 constat
2345 4703 2622 4775 Epistola:
2657 4721 2780 4775 quae
2822 4706 2876 4758 in
2910 4714 3162 4759 contextu
3189 4703 3377 4758 Graeco
3403 4703 3505 4757 hac
3531 4703 3670 4756 inter

2095 4816 2154 4855 se
2183 4803 2503 4858 transitione
2530 4817 2773 4857 connexa
2804 4802 3071 4856 videmus.
3108 4799 3294 4854 Ταῦτα
3315 4797 3433 4868 μὲν
3459 4798 3665 4862 οὕτως.

2095 4893 2526 4964 Met-qu6er
2554 4895 2622 4949 δὲ
2657 4893 2755 4947 καὶ
2794 4892 2890 4946 ἐπὶ
2933 4891 3141 4960 ἑτέραν
3177 4889 3400 4960 γνῶσιν
3439 4888 3536 4940 καὶ
3581 4888 3666 4940 δι-

2093 4983 2312 5052 δαχήν·
2353 4985 2446 5039 ubi
2483 5001 2583 5056 pro
2619 4982 3071 5055 μεταλάϐωμεν,
3104 4982 3192 5036 alii
3227 4981 3663 5052 μεταϐάλωμεν,

2091 5075 2360 5133 Patricius
2386 5076 2580 5133 Junius
2625 5086 2810 5132 noster
2842 5075 3181 5145 μεταϐῶμεν
3222 5075 3507 5144 legendum
3537 5088 3667 5127 cou-

2087 5169 2228 5239 jicit.
2253 5169 2309 5223 lu
2335 5170 2513 5239 priore
2545 5178 2729 5224 autem
2762 5177 2914 5239 parte
2935 5167 3202 5223 sententia
3227 5167 3343 5220 haec
3369 5167 3523 5236 longe
3543 5173 3668 5218 ante

2089 5269 2442 5332 praecesserat
2492 5279 2506 5316 :
2553 5261 2737 5331 Ἔχεις
2794 5262 2888 5313 καὶ
2926 5260 2984 5312 ὲν
3042 5260 3214 5332 τούτῳ
3243 5258 3340 5330 τὴν
3379 5257 3532 5321 δόξαν
3571 5255 3666 5308 τοῦ

2103 5351 2310 5424 Ἰησοῦ,
2357 5353 2437 5406 ὅτι
2471 5353 2529 5406 ὲν
2572 5351 2717 5422 αὐτῷ
2757 5351 2968 5416 πάντα,
3014 5352 3106 5404 καὶ
3132 5353 3212 5414 εἰς
3257 5348 3451 5411 αὐτόν,
3500 5361 3665 5416 quam

492 5509 514 5539 ³
536 5507 761 5569 Baron.,
784 5502 969 5558 Natat.
1004 5502 1059 5554 in
1081 5498 1428 5569 Martyrolog.
1465 5497 1612 5551 llam.
1633 5495 1856 5550 Januar.
1889 5495 1978 5569 go.
2057 5496 2078 5526 ⁸
2106 5493 2166 5569 P.
2193 5495 2833 5569 Halloix.l_\l'otat._ini’it.
2865 5493 3167 5569 Polycarpi,
3193 5506 3312 5560 cap.
3346 5479 3434 5552 i6,

477 5577 679 5634 Meliss.
708 5575 801 5628 lib.
831 5591 888 5638 ιι,
919 5588 1082 5627 serm.
1146 5571 1232 5625 19.

1344 5555 1831 5638 “'Origen.contra
1874 5566 2104 5638 Celsum,
2130 5567 2224 5621 lib.
2261 5584 2300 5634 1,
2329 5584 2381 5638 p.
2415 5566 2504 5621 50.
2581 5568 2602 5597 ³
2630 5555 3014 5638 Psal._cnvni.
3055 5555 3130 5638 al.
3165 5555 3307 5638 exvit
3332 5600 3346 5624 ,
3372 5577 3420 5638 ο.
3455 5559 3544 5624 19,
3569 5555 3662 5638 ξθο

408 5644 413 5650 ’
478 5628 777 5714 Ῑιιιεῖᾁυίε
823 5628 888 5700 ρι’
931 5642 1100 5706 illul,
1172 5656 1202 5695 a
1262 5628 1540 5694 Clemente
1586 5636 1882 5693 Alexandr.
1931 5653 1971 5708 _v

2095 5628 2298 5692 romatf
2331 5628 2578 5694 'citatum
2615 5656 2627 5692 :
2676 5635 3065 5708 ’.ἁπλούστερον
3109 5633 3237 5704 ὑμῖν
3297 5631 3532 5702 γράφω,
3577 5628 3666 5682 ἵνα

435 5739 529 5774 συν
540 5717 675 5789 ίητε.
