4032 6146
323 361 426 418 669

1655 353 2189 418 PROLEGOMENA.

3461 370 3564 429 670

326 493 481 540 vetus
502 481 728 540 Latinus
763 482 1028 553 interpres
1064 498 1165 540 suo
1192 484 1315 541 loco
1340 492 1542 540 motam
1582 485 1687 540 huc
1706 496 1886 541 trans-

1990 485 2191 540 τούτων
2254 485 2586 552 ἐπιϐούλους.
2661 489 2902 562 Ἀγάπης
2962 492 3128 545 τέκνα
3189 494 3283 547 καὶ
3343 495 3564 568 εἰρήνης

323 577 482 644 tulit,
509 577 676 632 totius
715 575 969 645 Epistolze
1026 576 1299 648 epilogum
1337 577 1482 633 hunc
1519 577 1653 632 satis
1700 578 1890 632 incon-

319 668 544 725 ciunum
572 676 838 725 statuens.
863 667 994 722 Htec
1023 680 1198 724 autem
1220 670 1297 724 sic
1325 680 1466 724 sunt.
1497 669 1714 723 Habetis
1750 671 1887 724 inte-

319 761 424 816 rim
444 761 509 816 de
534 761 808 831 majestate
834 762 1066 825 Christi,
1099 764 1357 833 quomodo
1396 765 1572 817 omnia
1612 765 1668 817 in
1703 763 1886 832 illum,

317 861 370 908 et
399 869 492 922 per
515 852 668 907 illum
691 855 835 924 facta
858 864 1000 910 sunt.
1030 855 1132 910 Cui
1161 857 1230 909 sit
1254 855 1438 922 honor,
1470 857 1654 921 virtus,
1694 855 1885 926 gloria,

305 958 460 998 nunc
505 953 556 998 et
603 945 656 998 in
699 945 894 1001 saecula
939 947 1271 1002 steculorum.
1325 945 1574 1002 Secunda
1633 946 1890 1017 Epistolze

319 1044 473 1104 parte
511 1035 725 1104 penitus
767 1036 1132 1105 praetermissa
1160 1055 1172 1089 :
1199 1051 1364 1106 quam
1412 1036 1646 1104 ideirco,
1699 1035 1888 1091 Latina

317 1125 676 1182 eruditissimi
725 1126 951 1182 Gerardi
980 1127 1284 1200 Langbaini
1335 1131 1622 1197 versione,
1674 1130 1729 1184 in
1787 1131 1888 1186 hac

319 1216 555 1272 editione
578 1218 1011 1296 locupletandam
1042 1221 1375 1276 curavimus.

397 1327 416 1359 ι
443 1307 525 1362 Ab
561 1309 666 1364 hac
707 1325 834 1363 vero
868 1311 1096 1364 duarum
1121 1313 1324 1366 viarum
1365 1314 1713 1371 distinctione
1762 1332 1888 1387 pars

318 1398 423 1454 ista
465 1400 615 1454 ducit
656 1401 985 1456 exordium:
1045 1403 1182 1457 Ὀδοὶ
1237 1403 1330 1456 δύο
1383 1406 1488 1458 είσὶ
1535 1406 1752 1478 διδαχῆς
1797 1406 1890 1460 καὶ

317 1488 594 1556 ἐξουσίαςο
629 1492 666 1563 ἧ
697 1509 754 1545 τε
787 1491 880 1545 τοῦ
915 1494 1089 1564 φωτὸς
1111 1535 1124 1558 ,
1173 1497 1319 1568 καὶὴ
1364 1496 1456 1549 τοῦ
1495 1499 1734 1561 σκότους.
1766 1500 1892 1553 Δια-

317 1581 462 1654 φορὰ
480 1583 536 1636 δὲ
565 1583 732 1655 πολλὴ
762 1585 869 1638 τῶν
889 1585 980 1638 δύο
997 1585 1150 1640 ὁδῶν·
1178 1587 1260 1656 ἐφ’
1275 1581 1343 1658 ἧς
1362 1588 1460 1658 μὲν
1474 1588 1581 1661 γάρ
1597 1591 1700 1642 είσι
1731 1607 1890 1642 τετα-

315 1676 510 1746 γμένοι
539 1679 859 1747 φωταγωγοὶ
885 1679 1101 1748 ἄγγελοι
1133 1679 1228 1732 τοῦ
1253 1681 1410 1747 Θεοῦ,
1438 1683 1522 1752 ἐφ’
1553 1677 1619 1754 ἦς
1633 1683 1690 1735 δὲ
1723 1681 1888 1751 ἄγγε-

313 1768 398 1822 λοι
429 1769 523 1823 τοῦ
551 1771 781 1824 Σατανᾶ.
814 1771 894 1826 Ad
915 1787 1038 1840 quae
1083 1775 1246 1829 verba
1279 1775 1582 1845 respexisse
1600 1774 1887 1846 Origenem

1990 579 2305 649 γνωστικῶς
2366 581 2791 654 προσηγόρευσε.
2847 581 2952 638 Ubi
2989 595 3260 653 postrema
3307 585 3399 645 illa
3427 626 3442 650 ,
3494 602 3562 642 ex

1989 669 2250 726 Barnaba:
2270 672 2441 728 nostri
2472 681 2729 729 contextu
2749 716 2764 740 ,
2788 675 2861 729 ita
2885 684 3012 730 sunt
3033 677 3396 732 restituenda:
3431 679 3565 734 Ἵνα

1987 758 2218 828 σωθῆτε
2257 765 2327 818 ἐν
2373 764 2561 835 ἡμέρᾳ
2611 768 2879 834 κρίσεως.
2933 769 3160 821 Τούτων
3209 769 3564 838 ἐπιϐούλους

1989 855 2098 924 (vel
2125 856 2442 923 ἐπιόόλους
2464 901 2479 924 ,
2515 867 2574 914 ut
2609 859 2863 913 emendat
2899 859 3287 931 Sylburgius,)
3326 862 3565 931 ἀγάπης

1989 946 2170 1000 τέκνα
2184 947 2280 1000 καὶ
2303 948 2547 1016 εἰρήνης
2561 949 2900 1018 γνωστικῶς
2922 951 3392 1019 προσηγόρευσε,
3417 953 3558 1007 idem

1990 1053 2068 1094 sc.
2103 1037 2416 1105 Barnabas;
2450 1039 2554 1093 sub
2577 1038 2750 1110 ipsius
2773 1038 3028 1110 Epistola:
3049 1041 3370 1105 clausulam,
3397 1041 3562 1112 paulo

1989 1135 2146 1196 post,
2192 1143 2288 1182 eos
2319 1129 2386 1183 ad
2415 1144 2554 1198 quos
2591 1129 2808 1195 scribit,
2840 1129 2916 1182 ita
2945 1131 3232 1186 salutans:
3265 1128 3560 1198 σώζεσθε,

1988 1217 2223 1287 ἀγάπης
2250 1219 2429 1272 τέκνα
2457 1220 2554 1272 καὶ
2581 1219 2843 1288 εἶρήνης.
2871 1220 2943 1276 Ut
2989 1232 3102 1277 tum
3143 1239 3209 1277 ex
3259 1222 3556 1293 principio,

1991 1315 2105 1362 tum
2133 1324 2201 1363 ex
2234 1310 2338 1364 line
2363 1309 2649 1382 manifeste
2677 1313 3073 1380 deprehensum
3111 1323 3399 1382 appareat,
3456 1331 3558 1385 po-

1990 1399 2191 1454 sterius
2215 1401 2517 1458 membrum
2543 1402 2647 1457 hoc
2677 1404 2975 1473 (utcunque
2995 1419 3023 1457 a
3047 1403 3242 1459 Latino
3267 1405 3560 1474 interprete

1990 1491 2206 1548 silentio
2255 1497 2728 1568 praetermissum),
2768 1499 3014 1569 ejusdem
3056 1499 3303 1568 corporis
3349 1508 3557 1569 partem

1989 1600 2109 1641 esse
2129 1629 2143 1652 ,
2173 1586 2330 1655 cujus
2364 1597 2416 1643 et
2445 1590 2705 1657 primum.

2068 1697 2088 1730 ι
2117 1679 2198 1734 Ad
2229 1680 2396 1736 totius
2415 1696 2546 1736 vero
2576 1680 2832 1750 Epistolas
2867 1690 3144 1736 auctorem
3180 1689 3234 1736 et
3262 1679 3560 1734 auctorita-

1990 1779 2096 1826 tem
2128 1771 2270 1842 quod
2299 1772 2528 1840 attinet,
2557 1774 2699 1829 idem
2723 1774 2812 1830 ille
2833 1772 3263 1845 Clemens(utde
3287 1772 3557 1841 discipulo

315 1876 428 1915 non
461 1870 546 1917 est
566 1862 789 1917 dubium
810 1904 824 1927 ,
861 1863 913 1917 in
943 1863 1083 1919 libro
1124 1881 1186 1920 ιιι
1235 1866 1376 1936 Περὶ
1404 1865 1624 1935 ἀρχῶν,
1657 1882 1777 1936 cap.
1815 1866 1883 1932 2,
1917 1849 1962 1904 Β
1990 1861 2161 1932 ipsius
2187 1861 2420 1932 Origene
2451 1865 2587 1918 nihil
2617 1866 2818 1934 dicam)
2851 1875 2906 1921 et
2925 1866 3165 1922 auctoris
3191 1864 3473 1931 Barnabas,
3505 1871 3560 1917 et

314 1951 392 2007 ita
417 1952 739 2008 scribentem
769 1972 781 2008 :
810 1953 1008 2010 Eadem
1030 1973 1232 2028 quoque
1252 1957 1532 2012 Barnabas
1559 1960 1614 2012 in
1644 1957 1886 2029 Epistola

315 2061 416 2100 sua
444 2045 716 2113 declarat,
751 2065 871 2102 cum
895 2049 1030 2104 duas
1060 2051 1172 2104 vias
1198 2067 1308 2106 esse
1337 2051 1500 2117 dicit,
1530 2067 1691 2106 unam
1714 2050 1848 2106 lucis
1867 2092 1883 2118 ,

315 2135 541 2189 alteram
573 2137 939 2203 tenebrarum;
979 2140 1166 2210 quibus
1191 2149 1240 2194 et
1272 2156 1494 2209 prteesse
1532 2149 1700 2194 certos
1729 2156 1886 2210 quos-

315 2243 414 2296 que
447 2227 656 2298 angelos
690 2228 859 2283 dicit:
886 2230 982 2284 vim
1017 2232 1227 2300 quidem
1270 2231 1406 2285 lucis
1431 2271 1446 2297 ,
1477 2231 1686 2302 angelos
1718 2230 1882 2305 lucis,

315 2318 647 2372 tenebrarum
677 2328 852 2373 autem
883 2319 1026 2388 'vite,
1064 2321 1274 2391 angelos
1314 2320 1551 2376 Satanw.
1589 2320 1704 2376 Etsi
1739 2321 1883 2376 enim

314 2407 372 2462 in
426 2408 608 2478 priore
657 2426 875 2481 quoque
923 2410 1178 2481 Epistolas
1229 2423 1380 2484 parte
1441 2413 1566 2484 (uti
1614 2414 1778 2468 etiam
1828 2413 1882 2467 in

314 2500 912 2570 pseudo-Clementinis
944 2503 1442 2560 Constitutionibus
1456 2504 1498 2574 ⁸,
1523 2521 1753 2576 quarum
1789 2519 1885 2559 au-

314 2599 519 2646 ctorem
543 2631 558 2656 ,
587 2600 647 2646 ut
678 2607 743 2647 ex
772 2590 1022 2649 Romano
1050 2593 1354 2664 Clemente,
1387 2595 1597 2668 lgnatio
1615 2639 1630 2664 ,
1667 2606 1721 2652 et
1761 2597 1883 2652 aliis

313 2682 456 2748 alia,
486 2682 558 2736 ita
589 2699 710 2754 quae
745 2684 812 2739 de
844 2685 1057 2742 duabus
1090 2687 1216 2742 vita:
1243 2689 1545 2760 mortisque
1578 2689 1682 2744 viis
1709 2689 1883 2746 fusius

311 2782 565 2842 enarrat,
588 2790 652 2830 ex
680 2775 782 2831 hac
803 2776 920 2846 ipsa
944 2777 1204 2835 Barnaba:
1230 2780 1456 2850 epistola
1493 2781 1879 2849 intervertisse,

312 2867 399 2920 vel
429 2866 602 2935 prima
647 2866 787 2922 faeie
837 2869 1031 2940 legenti
1071 2870 1380 2941 constabit)
1411 2871 1637 2926 duarum
1681 2874 1881 2926 viarum

310 2955 457 3012 facta
484 2959 554 3013 sit
588 2958 825 3026 mentio,
859 2959 962 3016 hoc
991 2970 1168 3016 tamen
1198 2970 1406 3017 tantum
1435 2962 1487 3017 in
1521 2963 1674 3029 loco,
1713 2980 1882 3036 auge-

311 3053 490 3107 lorum
519 3051 656 3108 lucis
681 3061 733 3108 et
758 3050 972 3108 Satanae
991 3095 1006 3121 ,
1037 3054 1225 3109 iisdem
1247 3053 1625 3130 praefectorum
1645 3096 1660 3120 ,
1686 3073 1882 3112 occur-

1988 1953 2331 2011 auctoritatis
2353 1956 2662 2025 apostolica
2679 1995 2696 2024 ,
2718 1972 2840 2012 eam
2872 1957 3044 2014 fuisse
3064 1957 3310 2013 credidit.
3334 1955 3392 2010 ln
3417 1956 3560 2009 libro

1985 2046 2131 2100 enim
2163 2045 2256 2101 illo
2286 2063 2326 2100 ιι
2355 2045 2685 2102 Stromatum
2706 2092 2720 2116 ,
2748 2049 2854 2104 alia
2870 2058 3058 2120 postea
3081 2049 3389 2105 testimonia
3411 2063 3477 2102 ex
3493 2061 3558 2101 ea

1984 2135 2294 2206 producens
2315 2177 2330 2202 ,
2362 2136 2466 2191 hac
2493 2139 2666 2192 utitur
2691 2137 3006 2209 praefatione
3038 2155 3051 2192 :
3081 2139 3264 2201 Ὅπως
3305 2138 3349 2190 δ’
3397 2138 3559 2207 ἡμεῖς

1984 2226 2080 2280 τοῦ
2123 2227 2364 2281 διαϐόλου
2412 2228 2512 2294 τὰς
2567 2231 2842 2301 ἐνεργείας
2895 2232 2987 2284 καὶ
3047 2230 3116 2284 τὰ
3160 2229 3442 2300 πνεύματα
3488 2227 3560 2283 τὰ

1986 2319 2270 2392 ἀκάθαρτα
2303 2321 2383 2384 είς
2414 2320 2512 2392 τὴν
2543 2321 2638 2374 τοῦ
2670 2322 2993 2394 ἁμαρτωλοῦ
3026 2322 3201 2394 ψυχὴν
3224 2321 3559 2392 ἐπισπείρειν

1987 2412 2184 2482 φαμὲν,
2208 2411 2269 2466 οὔ
2287 2430 2372 2485 μοι
2386 2414 2468 2468 δεῖ
2480 2414 2735 2468 πλειόνων
2750 2415 2940 2484 λόγων,
2965 2417 3324 2490 παραθεμένῳ
3349 2415 3559 2487 μάρτυν

1983 2501 2075 2554 τὸν
2103 2504 2454 2558 ἀποστολικδν
2477 2505 2757 2576 Βαρνάϐαν
2790 2507 2909 2579 (ὀδὲ
2934 2507 3042 2560 τῶν
3074 2509 3438 2579 ἑϐδομήκοντα
3466 2501 3555 2576 ἦν,

1985 2593 2080 2647 καὶ
2131 2595 2388 2667 συνεργὸς
2441 2595 2536 2648 τοῦ
2601 2597 2857 2668 Παύλου)
2911 2598 3052 2652 κατὰ
3082 2599 3250 2665 ξλέξιν
3297 2592 3400 2651 ὧδέ
3443 2615 3560 2660 πως

1983 2687 2227 2755 λέγοντα.
2283 2687 2556 2753 Quomodo
2596 2701 2772 2745 autem
2821 2709 2912 2746 nos
2967 2693 3168 2746 diaboli
3196 2692 3556 2762 operationes,

1983 2788 2032 2834 ct
2058 2779 2276 2845 spiritus
2307 2781 2607 2836 immundos
2637 2784 2690 2836 in
2717 2785 3008 2853 peccatoris
3034 2787 3267 2838 animam
3299 2784 3559 2838 seminare

1983 2869 2226 2922 dicamus
2246 2911 2259 2936 ,
2310 2886 2415 2925 non
2454 2872 2584 2925 mihi
2618 2873 2859 2942 pluribus
2890 2873 3056 2929 verbis
3085 2891 3214 2944 opus
3244 2883 3351 2941 est,
3382 2874 3430 2927 si
3456 2873 3558 2926 ad-

1981 2956 2184 3012 duxere
2217 2967 2398 3013 testem
2430 2958 2742 3015 Barnabam
2769 2964 3115 3031 apostolicum
3141 2964 3275 3037 (erat
3308 2973 3483 3017 autem
3511 2963 3557 3016 is

1983 3065 2048 3104 ea:
2091 3048 2482 3122 Septuaginta,
2522 3061 2570 3107 et
2609 3052 2772 3108 Pauli
2805 3055 3022 3124 adjutor
3054 3055 3119 3126 ‘°)
3165 3056 3246 3109 his
3287 3056 3450 3108 verbis
3480 3055 3558 3108 sic

308 3143 386 3198 rit
413 3145 875 3199 commemoratio.
906 3145 1057 3201 Adde
1077 3147 1224 3217 quod
1252 3154 1306 3201 et
1329 3144 1545 3203 Satanae
1574 3148 1750 3218 ipsum
1777 3165 1880 3204 no-

1988 3142 2261 3195 dicentem.
2292 3142 2357 3196 Et
2386 3143 2440 3196 in
2472 3159 2504 3196 v
2537 3162 2548 3198 :
2589 3145 2904 3216 Βαρνάϐας,
2946 3149 2974 3200 ὁ
3006 3148 3099 3200 καὶ
3138 3147 3305 3209 αὐτὸς
3358 3161 3559 3214 συγκη-

309 3251 436 3290 men
483 3236 552 3290 ab
592 3234 954 3308 Hieronymo,
1002 3237 1057 3291 in
1105 3239 1212 3292 ﬁne
1259 3238 1424 3292 libelli
1465 3237 1542 3293 De
1584 3241 1878 3294 nominibus

316 3327 625 3392 Hebraicis,
675 3329 813 3382 inter
852 3343 914 3383 ea
976 3339 1301 3397 recensetur,
1345 3346 1466 3400 quae
1518 3347 1585 3387 cx
1638 3330 1877 3402 Epistola

312 3421 579 3474 Barnaba:
618 3427 746 3474 sunt
775 3419 1004 3487 selecta,
1044 3437 1145 3475 nec
1187 3421 1242 3475 in
1293 3423 1475 3490 priore
1501 3431 1681 3479 tamen
1717 3425 1882 3494 hujus

312 3509 570 3579 Epistolas
597 3519 748 3578 parte
777 3509 986 3580 uspiam
1009 3521 1214 3579 exstat,
1246 3512 1299 3566 in
1331 3529 1438 3584 qua
1461 3514 1666 3584 reliqua
1699 3518 1882 3572 omnia

314 3611 447 3657 sunt
491 3613 699 3673 reperta
749 3621 763 3658 :
810 3604 856 3660 si
906 3605 1068 3660 modo
1111 3604 1260 3661 Nave
1306 3606 1439 3677 (quo
1474 3609 1695 3664 nomine
1720 3608 1879 3676 Jesu,

316 3693 435 3747 sive
469 3691 636 3749 Josue
674 3703 877 3764 patrem
936 3695 1110 3751 Graeci
1152 3697 1478 3768 indigitant)
1528 3713 1627 3768 pro
1670 3697 1884 3753 Nahum

314 3789 656 3858 reposueris;
681 3805 840 3859 quem
882 3790 1088 3845 librarii
1131 3791 1434 3845 temeritate
1466 3790 1556 3846 hic
1580 3789 1752 3848 fuisse
1795 3792 1884 3847 in-
1937 3864 1939 3867 ι

313 3876 514 3934 fultum
536 3918 551 3943 ,
578 3879 824 3949 germinis
858 3879 1114 3949 adjuncta
1161 3882 1536 3951 interpretatio
1566 3882 1699 3938 satis
1722 3882 1882 3937 evin-

315 3972 412 4026 cit.
442 3971 578 4026 Cum
615 3969 825 4026 Nahum
858 3973 928 4027 sit
958 3972 1280 4040 consolator,
1309 3973 1454 4029 Nave
1483 3989 1612 4030 vero
1631 4015 1646 4042 ,
1674 3991 1845 4030 semen
1868 4017 1882 4042 ,

315 4081 527 4134 germen
548 4064 630 4120 vel
671 4065 1006 4132 pulchritudo
1034 4079 1054 4117 :
1082 4065 1160 4120 uti
1214 4066 1327 4136 jam
1377 4066 1530 4137 prius
1591 4067 1644 4121 ln
1692 4067 1882 4122 eodem

315 4156 462 4213 libro
488 4166 820 4227 exposuerat
847 4157 963 4226 ipse
990 4155 1352 4228 Hieronymus
1383 4159 1423 4212 '.

395 4267 416 4300 ι
454 4248 779 4319 Longiorem
842 4263 1064 4319 quoque
1122 4248 1264 4305 hanc
1321 4248 1492 4304 fuisse
1548 4248 1881 4319 Epistolam,

323 4339 688 4412 Στιχομετρία
729 4339 820 4394 illa
843 4339 977 4394 satis
1018 4338 1438 4409 indicat,quam
1485 4339 1695 4394 Latinis
1737 4341 1884 4406 (tiam

1986 3229 2150 3302 ρύξας
2185 3231 2263 3302 τῷ
2309 3231 2614 3304 Ἀποστόλῳ
2647 3233 2787 3287 κατὰ
2821 3235 2920 3305 τὴν
2951 3234 3222 3289 διακονίαν
3254 3234 3361 3288 τῶν
3390 3233 3558 3286 ἐθνῶν

1981 3326 2073 3381 τὸν
2107 3327 2286 3395 λόγον.
2340 3327 2660 3396 Barnabas,
2717 3332 2808 3400 qui
2848 3332 2958 3400 ipse
2999 3347 3199 3402 quoque
3237 3333 3291 3384 in
3325 3332 3557 3400 gentium

1983 3418 2275 3474 ministerio
2295 3421 2603 3490 pradicavit
2623 3420 2833 3477 verbum
2850 3439 2955 3475 una
2972 3438 3088 3475 cum
3105 3421 3340 3491 apostolo
3362 3420 3553 3476 Paulo.

1981 3509 2167 3582 Neque
2189 3513 2466 3582 apostolici
2494 3515 2672 3570 solum
2689 3554 2704 3578 ,
2729 3515 2823 3570 sed
2849 3515 3012 3568 etiam
3040 3513 3266 3582 apostoli
3293 3512 3558 3568 Barnaba:

1983 3602 2205 3658 nomine
2225 3643 2240 3670 ,
2274 3604 2327 3658 in
2357 3621 2397 3660 ιι
2447 3603 2773 3660 Stromatum
2796 3605 2934 3659 libro
2953 3646 2968 3672 ,
2995 3603 3240 3659 eamdem
3272 3602 3556 3673 epistolam

1983 3693 2169 3750 laudat
2200 3714 2214 3750 :
2251 3697 2640 3769 ejusdemque,
2672 3715 2781 3754 non
2813 3699 2995 3753 minus
3018 3714 3180 3769 quam
3221 3699 3555 3767 reliquarum

1987 3784 2394 3857 Scripturarum
2426 3791 2818 3846 canonicarum
2839 3833 2854 3858 ,
2884 3792 2937 3845 in
2965 3791 3124 3846 libris
3150 3789 3556 3862 Hypotyposeon

1985 3888 2290 3934 contractas
2317 3881 2706 3950 explicationes
2739 3883 2983 3938 exhibuit
3010 3883 3072 3939 “.

2062 3987 2083 4020 ι
2124 3969 2400 4026 Barnabas
2432 3969 2678 4042 Cyprius,
2715 3974 2804 4043 qui
2844 3983 2893 4027 et
2927 3973 3118 4044 Joseph
3164 3971 3385 4040 Levites,
3437 3989 3554 4027 cum

1986 4061 2158 4116 Paulo
2179 4063 2412 4133 gentium
2438 4065 2707 4134 apostolus
2734 4067 3034 4130 ordinatus,
3069 4083 3229 4120 unam
3265 4067 3333 4120 ad
3380 4067 3554 4135 (edi/i-

1987 4157 2248 4210 cationem
2299 4156 2551 4212 Ecclesia:
2610 4158 2950 4227 pertinentem
2985 4158 3280 4228 Epistolam
3339 4176 3553 4228 compo-

1987 4250 2119 4314 suit,
2153 4265 2269 4319 qua’
2306 4250 2446 4304 inter
2468 4251 2798 4321 apocryphas
2829 4253 3120 4322 scripturas
3152 4253 3363 4323 legitur,
3397 4253 3470 4306 ait
3501 4253 3556 4306 in

2001 4338 2490 4397 Ecclesiasticorum
2561 4344 2874 4412 scriptorum
2949 4341 3199 4414 Catalogo
3248 4345 3306 4400 Β.
3364 4343 3557 4397 lliero-

319 4431 508 4486 Graaca
529 4432 695 4486 editio
724 4431 815 4486 hic
840 4439 923 4486 est
951 4430 1176 4499 mutila)
1211 4447 1278 4485 ex
1335 4429 1622 4501 Nicephori
1658 4429 1888 4500 patriar—
1990 4447 2211 4501 nymus,
2260 4440 2314 4484 et
2345 4432 2485 4485 libro
2513 4448 2612 4486 xm
2673 4433 3183 4488 Commentariorum
3213 4436 3268 4488 in
3295 4433 3556 4500 Ezechiel,

321 4523 439 4578 elue
502 4522 1090 4594 Constantinopolitani
1143 4519 1592 4591 Chronographia.
1665 4521 1889 4577 tradidit
1925 4515 1964 4568 Ι)
1989 4537 2109 4591 cap.
2140 4521 2208 4575 45
2243 4540 2255 4572 :
2299 4521 2556 4589 Vitulum,
2591 4523 2788 4593 inquit,
2819 4525 2910 4594 qui
2936 4542 3031 4594 pro
3061 4525 3204 4580 nobis
3253 4525 3557 4579 immolatus

319 4617 644 4672 Anastasius
667 4657 682 4682 ,
731 4616 990 4671 Romana:
1021 4614 1274 4670 Ecclesiae
1319 4615 1785 4670 bibliothecarius.
1829 4613 1886 4668 In
1992 4623 2088 4677 est,
2121 4623 2171 4668 et
2199 4615 2368 4667 multa
2419 4613 2821 4684 Scripturarum
2862 4615 3000 4683 loca,
3032 4627 3083 4670 et
3120 4617 3381 4687 pracipue
3415 4617 3557 4670 Bar-

320 4722 430 4778 qua
451 4747 465 4773 ,
494 4716 554 4761 ut
584 4716 789 4776 septem
835 4706 1131 4762 Catholicae
1167 4703 1309 4776 (quae
1337 4707 1620 4776 vocantur)
1661 4703 1886 4771 Jacobi,

322 4801 502 4865 Petri,
525 4799 749 4856 Joannis
778 4809 831 4854 et
856 4799 1010 4855 Juda:
1037 4798 1320 4869 Epistolas,
1348 4797 1485 4852 15υο
1506 4797 1753 4853 versibus
1772 4838 1788 4864 ,
1817 4797 1888 4851 ita

323 4901 379 4948 et
408 4892 524 4948 haec
559 4893 851 4957 Barnabas,
884 4891 1022 4947 1506
1047 4889 1433 4959 comprehensa
1468 4888 1634 4944 fuisse
1666 4889 1886 4944 dicitur.

324 4983 386 5039 In
431 4984 734 5054 posteriore
773 4983 1008 5053 denique
1050 4980 1307 5050 Epistolas
1349 4989 1500 5050 parte
1538 4989 1750 5048 reperta
1787 4981 1888 5036 ista

323 5087 488 5144 sunt,
539 5093 568 5131 a
613 5077 890 5132 Clemente
919 5075 1320 5138 Alexandrino,
1365 5075 1420 5128 in
1480 5073 1619 5128 libro
1663 5090 1700 5128 ιι
1739 5073 1890 5129 Stro-

325 5180 562 5238 matum,
593 5187 657 5225 ex
688 5171 932 5225 Barnaba
965 5171 1124 5224 citata
1179 5187 1192 5222 :
1249 5169 1304 5221 '0
1339 5167 1395 5221 δὲ
1425 5167 1602 5230 Θεὸςό
1630 5166 1722 5220 τοῦ
1758 5184 1891 5221 παν-

322 5263 416 5328 τὸς
439 5263 644 5334 κόσμου
678 5261 964 5334 γυριεύων,
997 5261 1105 5332 δῴη
1131 5260 1224 5314 καὶ
1253 5262 1378 5332 ὑμῖν
1408 5259 1597 5329 σοφίαν
1621 5261 1711 5313 καὶ
1740 5260 1891 5312 σύνε-

325 5373 431 5422 σιν,
457 5357 649 5428 ὲπιστή
658 5372 783 5426 μην,
799 5352 995 5422 γνῶσιν
1017 5351 1124 5406 τῶν
1150 5352 1527 5423 δικαιωμάτων
1549 5350 1732 5414 αὐτοῦ,
1758 5353 1890 5405 ὑπο-

328 5451 519 5520 μονήν.
538 5446 754 5501 Γίνεσθε
779 5441 870 5499 οὖν
897 5445 1234 5511 θεοδίδακτοι,
1252 5443 1604 5516 ὲκζητοῦντες
1626 5443 1678 5496 τί
1705 5443 1895 5514 ζητεῖό

328 5541 532 5611 Κύριος
549 5541 640 5610 ἀφ’
663 5539 832 5609 ὑμῶν.
866 5539 986 5590 Ἵνα-
1011 5534 1205 5608 εὕρητε
1221 5537 1278 5588 ὲν
1301 5537 1481 5607 ἡμέρᾳ
1515 5533 1744 5604 κρίσεως
1770 5534 1895 5597 τοὺς

1995 4705 2144 4758 ηαὺω
2177 4703 2438 4774 Epistula,
2470 4722 2587 4776 qua:
2635 4706 2856 4760 habetur
2897 4709 3038 4762 inter
3081 4708 3384 4778 Scripturas
3417 4714 3560 4779 ἀρο-

1994 4797 2239 4866 cryphas,
2271 4797 2530 4851 nominat.
2570 4796 2762 4852 Utrum
2791 4815 2918 4853 vero
2939 4817 3000 4854 ex
3029 4802 3246 4871 propria
3279 4810 3459 4855 mente
3491 4802 3560 4856 ab

1996 4890 2233 4959 apostolo
2255 4889 2322 4942 ad
2344 4890 2749 4958 tediﬁcationem
2784 4891 3032 4947 Ecclesia:
3054 4896 3395 4963 compositam
3419 4894 3560 4948 hanc

1996 4982 2166 5038 fuisse
2223 4981 2518 5052 Epistulam
2581 4983 2671 5037 ille
2721 4983 2939 5051 dixerit,
2984 5001 3050 5039 ex
3100 4986 3330 5040 aliorum
3377 4995 3557 5040 autem

1997 5091 2162 5130 sensu
2189 5075 2244 5129 in
2284 5076 2721 5145 apocryphorum
2750 5077 2979 5131 classem
3012 5076 3324 5146 coniecerit,
3368 5079 3560 5147 exqui-

1994 5177 2117 5222 rant
2139 5168 2230 5222 alii
2259 5185 2272 5222 :
2299 5169 2352 5222 in
2375 5185 2494 5223 eam
2515 5177 2661 5224 certe
2687 5169 3008 5223 sententiam
3034 5171 3386 5240 propcndisse
3406 5171 3559 5227 illum

1997 5262 2310 5332 aliquando,
2338 5278 2402 5318 ex
2431 5261 2723 5316 Nominum
2752 5261 3139 5316 Hebraicorum
3170 5263 3351 5318 libello
3377 5265 3559 5336 colligi

1997 5370 2159 5424 posse
2206 5355 2485 5421 videatur;
2516 5355 2570 5408 in
2600 5370 2732 5424 quo,
2764 5370 2888 5409 cum
2941 5355 3168 5425 reliquis
3197 5353 3332 5409 Novi
3367 5355 3560 5412 Testa;

2002 5448 2169 5502 tuenti
2197 5447 2513 5517 Scripturis,
2546 5447 2710 5501 etiam
2752 5447 3014 5502 Barnaba:
3066 5449 3223 5502 istam
3264 5447 3558 5519 Epistolam

2000 5537 2346 5607 conjunctam
2372 5538 2440 5593 ab
2466 5553 2531 5592 eo
2554 5536 2727 5592 fuisse
2745 5539 3041 5594 cernimus.

400 5652 423 5683 ⁸
465 5651 753 5708 Constitut.
809 5650 1082 5720 apostolic.
1123 5649 1215 5703 lib.
1248 5665 1345 5715 vn,
1394 5665 1515 5720 cap.
1553 5649 1604 5714 l,
1636 5648 1691 5714 2,
1749 5659 1802 5704 et
1857 5649 2147 5720 deinceps_._
2207 5649 2228 5680 ⁹
2258 5647 2481 5720 Hieron.
2526 5647 2886 5720 De‘nominib.
2939 5648 3214 5713 Hebraic.,
3266 5649 3319 5703 in
3345 5648 3556 5706 Exodo.

334 5719 553 5794 “idem
599 5723 761 5794 etiam
795 5717 1022 5794 allirmat
1069 5721 1121 5774 in
1169 5717 1852 5794 l_ibro_VI.t_llypotgposeatt

1988 5717 2072 5773 md
2108 5718 2330 5794 Euseb,
2386 5719 2480 5775 lib.
2515 5733 2554 5774 ιι
2607 5717 2786 5788 Hist.,
2825 5736 2950 5792 κεφ.
2995 5720 3084 5790 α’).
3166 5723 3205 5753 ¹¹
3237 5721 3558 5794 Ἐπιτετμη-

335 5790 502 5860 μένας
536 5793 821 5866 πεποίηται
845 5793 1138 5867 διηγήσεις.
1169 5790 1391 5861 Euseb,
1428 5791 1520 5846 lib.
1565 5808 1613 5847 νι
1636 5789 1807 5860 Hist,
1834 5809 1886 5844 κε

1997 5796 2082 5859 ιγ’,
2111 5789 2186 5844 ιδ’.
