4066 6140
467 316 566 374 671

1533 315 1591 373 S.
1632 315 2002 379 BARNABAS
2039 269 2470 378 APOS’i’OLUS.

3601 326 3709 382 673

536 450 556 483 ι
594 428 651 486 ln
692 430 782 486 illa
828 428 1123 505 Nicephori
1152 432 1754 508 Constantinopolitani
1807 438 2043 508 patriar-
2071 444 2118 500 Α
2145 456 2331 495 nomen
2370 441 2672 512 appositum
2698 457 2717 494 :
2744 452 2858 510 aut,
2907 443 2956 496 si
2992 441 3177 512 libeat,
3223 442 3523 514 Epistolam
3573 444 3710 499 hanc

457 522 577 578 chae
612 523 996 597 Στιχομετρίᾳ,
1030 542 1193 596 quam
1240 526 1454 585 Latinis
1514 530 1867 585 Anastasium
1917 529 2032 586 Ro-

458 629 636 670 manae
661 613 919 672 Ecclesia;
947 617 1428 676 hibliotbecarium
1449 622 1739 679 tradidisse
1766 622 2029 688 diximus,

457 721 490 759 a
516 702 653 761 Novi
683 705 1019 764 Testamenti
1065 714 1391 784 apocryphis
1427 714 1649 784 quidem
1698 716 1917 785 scriptis
1942 732 2032 772 se-

457 806 707 868 paratur,
752 800 847 854 sed
893 801 1035 857 inter
1076 816 1141 857 ea
1174 804 1363 873 quibus
1407 805 1796 860 contradicitur
1848 807 1934 877 (ut
1979 815 2034 862 et

456 888 816 962 A'pocalypsis
861 890 1113 965 Joannis)
1163 905 1496 951 recensetur.
1555 895 1613 951 In
1678 900 1850 954 altero
1896 914 2029 954 vero

459 978 730 1047 lndiculo,
765 999 929 1053 quem
969 988 1247 1042 Anastasii
1284 986 1487 1044 Nicaani
1513 990 1567 1044 in
1595 988 1653 1046 S.
1688 989 2030 1061 Scripturam

457 1070 870 1137 Quaestionibus
924 1076 1231 1146 subjectum
1289 1081 1545 1149 vidimus,
1574 1098 1681 1138 una
1713 1099 1837 1138 cum
1898 1100 2032 1155 apo-

460 1164 683 1234 cryphis
728 1165 1051 1236 simpliciter
1077 1170 1473 1228 adnumeratur
1500 1192 1513 1228 :
1538 1182 1595 1229 ct
1624 1173 1797 1244 ipsius
1842 1175 2034 1232 Hiero.

460 1255 612 1327 nymi
670 1255 724 1310 in
783 1255 1014 1330 Proloyo
1062 1261 1271 1332 galeato
1320 1264 1580 1336 suﬂ‘ragio
1631 1266 1944 1333 accedente,
1981 1276 2036 1323 et

461 1346 790 1404 universalis
824 1348 1084 1407 Ecclesiae
1131 1355 1299 1409 simul
1345 1355 1574 1427 judicio,
1612 1373 1735 1428 quae
1768 1357 2034 1414 Barnabas

462 1436 728 1507 scriptum
761 1439 970 1495 nullum
1004 1442 1059 1497 in
1115 1459 1332 1500 sacrum
1362 1445 1642 1501 Canonem
1673 1463 1912 1517 unquam
1938 1448 2030 1503 ad-

461 1526 680 1583 misisse
703 1542 980 1602 comperta
1004 1542 1106 1614 est.
1134 1534 1379 1592 Montani
1413 1539 1559 1593 enim
1587 1541 1788 1609 Spiritu
1819 1539 2034 1596 aﬂlatus

462 1615 567 1673 fuit
588 1618 961 1679 Tertullianus
985 1625 1047 1692 ",
1073 1642 1198 1682 cum
1224 1628 1470 1698 epistolae
1502 1630 1570 1685 ad
1609 1629 1870 1685 Hebraeos
1896 1629 2032 1684 Bar-

463 1712 619 1767 nabas
662 1713 832 1769 allixit
883 1717 1138 1772 titulum:
1168 1727 1222 1775 et
1277 1720 1447 1775 altera
1501 1722 1637 1789 haec,
1664 1723 1703 1791 ἡ
1732 1721 2031 1794 φερομένη

2136 533 2547 588 consolatoriam
2588 534 2725 607 (qua:
2772 535 2965 605 stepius
2998 536 3199 589 dicitur
3247 536 3364 590 ideo
3403 537 3622 606 scripta,
3648 549 3707 593 ut

2136 622 2357 677 lectores
2428 624 2583 678 laetos
2606 622 2855 694 faceret),
2885 640 2950 679 ea:
2979 626 3276 695 argumenti
3321 625 3709 697 designatione,

2131 713 2199 765 ab
2231 722 2445 766 auctore
2472 713 2606 782 ipso,
2638 711 2937 780 Barnabas,
2968 715 3074 768 sive
3104 714 3437 782 consolator,
3465 704 3706 786 dppella-

2134 813 2281 870 tam;
2309 822 2370 859 eo
2398 805 2507 874 fere
2550 804 2707 859 modo
2763 822 2864 877 quo
2896 806 3030 861 liber
3074 803 3375 861 Salomonis
3419 806 3706 880 Coheleth,

2132 895 2240 948 sive
2271 894 2651 962 Ecclesiastes,
2686 895 2916 962 dicitur;
2945 904 3041 950 aut
3071 894 3285 951 Hermae
3329 913 3459 967 opus
3506 896 3706 956 Pastor

2132 983 2461 1040 inscribitur.
2516 986 2791 1056 Quidquid
2821 987 2914 1052 sit,
2946 1003 3150 1041 necesse
3180 996 3256 1041 est
3306 998 3364 1041 ut
3413 987 3705 1059 fateamur,

2134 1076 2333 1145 optima
2353 1075 2458 1145 ﬁde
2491 1077 2806 1147 scriptorem
2834 1077 2971 1131 hunc
3013 1094 3170 1131 usum
3215 1077 3408 1147 fuisse;
3441 1093 3544 1131 non
3568 1078 3703 1132 alie-

2134 1184 2250 1235 nos,
2292 1169 2401 1223 imo
2440 1185 2541 1223 non
2591 1170 2821 1240 aliquos,
2860 1170 3156 1239 captavisse
3185 1169 3402 1235 titulos;
3446 1169 3543 1223 hoc
3585 1186 3707 1225 vero

2134 1259 2306 1314 solum
2354 1260 2456 1314 sibi
2502 1277 2804 1332 arrogasse,
2847 1270 2905 1315 ut
2938 1278 3028 1316 ceu
3054 1278 3081 1315 e
3105 1262 3344 1332 ﬁdelium
3371 1278 3523 1334 grege
3554 1262 3707 1317 mini—

2135 1368 2251 1406 mus
2277 1352 2492 1423 aliquis,
2521 1369 2657 1408 unus
2683 1369 2746 1407 ea:
2772 1353 2904 1420 illis,
2936 1354 3104 1423 frater
3128 1348 3388 1423 fratribus
3439 1353 3706 1408 salutaria

2136 1443 2338 1497 monita
2362 1452 2691 1515 proponeret,
2720 1459 2812 1514 per
2840 1445 3017 1499 omnia
3041 1443 3363 1498 orthodoxus
3408 1452 3457 1498 et
3490 1455 3707 1514 aposto-

2135 1537 2333 1605 lorum,
2362 1540 2659 1609 prazsertim
2690 1537 2751 1595 S.
2780 1538 2964 1607 Pauli,
2990 1537 3223 1611 vestigiis
3264 1539 3511 1595 insistens
3535 1553 3555 1593 :
3574 1550 3630 1594 ut
3659 1538 3708 1593 si
3748 1520 3757 1527 v

2136 1646 2241 1685 non
2268 1632 2511 1686 laborum
2533 1640 2583 1686 et
2612 1631 2885 1700 itinerum,
2915 1630 3103 1685 saltem
3136 1632 3443 1702 dogmatum
3484 1631 3708 1701 partici-

2135 1740 2251 1794 pem
2279 1724 2471 1794 ubique
2497 1740 2865 1795 agnoscamus.
2904 1722 3120 1778 Interea
3162 1723 3704 1791 animadvertendum,

462 1806 741 1874 Βαρνάϐα
761 1810 1072 1879 ἐπιστολή,
1098 1813 1165 1868 ab
1195 1812 1431 1870 Eusebio
1450 1815 1493 1847 “
1516 1832 1626 1870 non
1657 1817 1835 1871 solum
1887 1816 2028 1870 inter

2136 1816 2431 1872 Historiam
2458 1815 2604 1884 Jobi,
2656 1815 2823 1884 Ruth,
2861 1816 3122 1882 Estheris,
3158 1826 3207 1870 et
3237 1815 3703 1886 Paralipomenon,

464 1900 766 1970 scripturas
796 1903 983 1973 quibus
1007 1905 1415 1974 contradicitur,
1450 1907 1544 1963 sed
1570 1908 1735 1963 etiam
1766 1910 1907 1964 inter
1937 1925 2034 1963 no-

469 1991 588 2047 thas
616 1994 939 2050 collocatur.
970 1994 1038 2052 Ut
1083 1997 1172 2053 hic
1216 1999 1378 2054 etiam
1410 2000 1589 2056 locum
1639 2000 1857 2067 habeat,
1885 2001 2031 2072 quod

462 2085 531 2137 de
559 2083 682 2140 aliis
697 2086 940 2156 ejusdem
968 2091 1181 2160 generis
1207 2092 1275 2146 ab
1300 2091 1609 2162 Augustino
1627 2094 1670 2125 “’
1690 2104 1774 2149 est
1801 2093 2028 2149 dictum.

466 2172 597 2228 ch
623 2178 822 2247 scripta
848 2183 1071 2236 castitas
1101 2182 1334 2237 Cononis
1360 2200 1463 2237 non
1492 2186 1682 2254 recepit
1715 2205 1734 2241 .'
1758 2201 1861 2239 non
1895 2186 2033 2256 quod

461 2282 645 2320 eorum
702 2270 994 2338 hominum,
1053 2275 1143 2344 qui
1192 2274 1300 2327 Deo
1345 2275 1681 2345 placuerunt,
1729 2276 2037 2347 reprobetur

463 2359 799 2425 auctoritas;
854 2362 944 2415 sed
997 2362 1137 2434 quod
1172 2365 1277 2418 ista
1332 2381 1437 2419 non
1484 2366 1771 2420 credantur
1798 2368 2035 2437 ipsorum

461 2467 593 2505 8888.

538 2558 558 2593 ι
596 2541 921 2614 Quanquam
942 2561 1047 2600 non
1080 2548 1240 2617 longe
1262 2558 1386 2618 post
1408 2549 1579 2618 ipsius
1611 2550 1647 2603 Β
1667 2551 1872 2606 ornabit:
1900 2560 2035 2607 tem-

463 2646 596 2701 pora
632 2643 915 2687 exaratam
971 2633 1142 2690 fuisse
1187 2638 1330 2691 hanc
1386 2636 1710 2706 Epistolam,
1759 2648 1837 2695 tot
1884 2641 1975 2695 illa
2004 2658 2036 2697 a

461 2723 743 2779 Clemente
772 2726 1147 2780 Alexandrino
1192 2729 1309 2799 (qui
1351 2730 1604 2797 proximo
1642 2740 1767 2798 post
1816 2740 2036 2801 aposto-

466 2815 547 2870 los
570 2815 770 2870 sazculo
794 2816 1011 2886 claruit)
1048 2831 1114 2870 ex
1157 2834 1243 2884 ea,
1277 2819 1331 2871 in
1362 2818 1690 2874 Slromatum
1712 2822 1886 2889 libris,
1918 2823 2036 2877 lau-

466 2907 593 2961 data
623 2907 959 2973 testimonia,
988 2908 1151 2963 Iidem
1178 2908 1405 2965 faciunt.
1426 2910 1640 2977 Quibus
1673 2921 1728 2967 et
1762 2913 1854 2968 illa
1883 2914 2033 2985 ejus—

466 2999 588 3054 dem
611 2998 663 3053 in
688 2998 1010 3070 Ptedagogo,
1038 3001 1132 3055 lib.
1160 3019 1221 3069 ιι,
1248 3018 1365 3073 cap.
1393 3002 1480 3070 10,
1508 3003 1807 3074 adjungcre
1832 3006 1991 3060 liceat
2019 3024 2031 3060 :

467 3094 576 3148 Καὶ
631 3093 721 3148 τὸν
764 3096 860 3166 μὲν
917 3096 1097 3167 λαγὼν
1117 3098 1236 3152 κατ’
1262 3098 1380 3163 ἔτος
1408 3098 1748 3154 πλεονεκτεῖν
1776 3117 1906 3169 φασι
1934 3101 2033 3172 τὴν

464 3186 768 3255 ἀφόδευσιν,
803 3189 883 3252 εἰς
907 3189 1172 3261 ἀριθμοὺς
1197 3184 1277 3253 οἷς
1306 3190 1566 3260 βεϐίωκεν
1598 3191 1772 3245 ἐτεσιν
1820 3191 2036 3262 ἴσχοντα

463 3278 695 3348 τρυπάς.
722 3278 853 3345 Quae
884 3296 948 3335 ex
985 3281 1105 3335 istis
1123 3282 1375 3352 EpiStolze
1398 3283 1561 3353 hujus
1586 3291 1893 3337 mutuatum
1910 3298 2034 3338 eum

467 3367 661 3438 fuisse,
686 3372 895 3426 monuit
923 3388 1009 3428 me
1025 3372 1086 3428 D.
1111 3373 1305 3431 Petrus
1321 3375 1622 3443 Turnerus,
1652 3374 1959 3432 Savilianus
1980 3376 2035 3430 in

466 3460 759 3517 Academia
773 3461 1068 3521 Oxoniensi
1090 3468 1400 3523 matheseos
1417 3466 1699 3538 professor
1721 3468 2036 3523 eruditissi-

468 3572 591 3611 mus
620 3575 633 3611 :
679 3557 799 3611 ’Ότι
829 3560 863 3629 ἡ
889 3558 1097 3629 λαγῶος
1135 3560 1256 3614 κατ’
1309 3560 1550 3614 ἐνιαυτὸν
1590 3559 1901 3617 πλεονεκτεῖ
1939 3562 2037 3635 τὴν

466 3648 783 3718 ἁφόδευσιψ
815 3651 914 3704 ὅσα
954 3651 1062 3724 γὰρ
1086 3652 1180 3723 ἐτη
1206 3654 1293 3726 ζῇ,
1336 3653 1602 3718 τοσαύτας
1648 3654 1761 3725 ἔχει
1806 3657 2034 3727 τῳπάς.

470 3743 575 3798 Sed
606 3753 659 3798 et
700 3744 941 3814 aliquam
977 3746 1066 3800 hic
1095 3746 1393 3816 praiferunt
1438 3749 1725 3805 vetustatis
1776 3752 2034 3820 speciem,

468 3838 713 3908 ipsarum
744 3838 1183 3909 apocrypharum
1224 3841 1645 3911 scripturarum,
1675 3859 1905 3913 quarum
1922 3844 2035 3915 jam

468 3930 562 3984 diu
594 3929 649 3982 in
682 3927 921 3983 Ecclesia
974 3929 1244 3985 obsolevit
1289 3934 1575 3999 memoria,
1608 3936 1896 3994 citationes
1928 3952 2035 3993 non

467 4035 659 4093 paucae
688 4038 703 4074 :
728 4019 870 4073 inter
899 4036 1037 4090 quas
1068 4031 1122 4075 et
1151 4021 1298 4076 illam
1346 4021 1578 4080 fortasse
1620 4027 1747 4096 quis
1773 4042 2039 4082 amiume-

469 4112 702 4168 raverit:
736 4110 915 4183 Regna
939 4114 993 4165 in
1022 4115 1175 4168 terris
1206 4119 1382 4169 decem
1411 4116 1745 4186 regnabant:
1777 4129 1826 4173 et
1863 4136 2037 4177 resur—

467 4215 550 4278 get
582 4213 721 4258 retro
766 4204 1016 4274 pusillus,
1064 4207 1156 4277 qui
1203 4207 1424 4277 deponet
1455 4217 1559 4263 tres
1592 4212 1648 4264 in
1689 4228 1885 4279 unum;
1913 4212 2040 4269 licet

467 4312 531 4352 ea
561 4295 805 4351 Danielis
835 4295 1073 4365 capitulo
1101 4312 1199 4365 vn,
1224 4298 1302 4352 uti
1347 4299 1477 4353 olim
1511 4298 1734 4355 in‘LXX
1769 4300 2040 4372 Interpre-

470 4396 587 4442 tum
622 4388 859 4444 editione
895 4389 1197 4458 legebatur,
1225 4391 1567 4461 desumptam
1598 4393 1769 4449 fuisse
1791 4410 1891 4465 ego
1916 4396 2037 4466 qui-

2132 1909 2369 1980 aliosque
2405 1923 2470 1964 ex
2507 1906 2659 1962 libris
2706 1908 2759 1961 in
2812 1906 3131 1961 Hebraicum
3162 1904 3428 1960 Canonem
3451 1905 3703 1975 receptis,

2132 2006 2271 2074 quod
2313 2002 2516 2071 pariter
2543 2000 2741 2055 obtinet
2764 2002 2818 2055 in
2853 1999 3096 2070 Epistola
3127 1998 3196 2054 ad
3226 1998 3499 2066 Hebraeos,
3525 2006 3711 2052 aucto-

2135 2111 2253 2148 rum
2282 2094 2497 2148 nomina
2525 2093 2741 2147 minime
2763 2093 3034 2163 prteferre,
3058 2102 3106 2146 et
3147 2100 3323 2146 tamen
3372 2091 3436 2145 de
3485 2089 3707 2144 illorum

2134 2184 2238 2254 ﬁde
2282 2184 2433 2240 nulla
2476 2193 2553 2240 est
2610 2186 2990 2239 controversia.
3050 2182 3275 2237 Interim
3322 2182 3707 2252 dispiciendum

2134 2275 2361 2344 videtur,
2389 2294 2460 2331 an
2487 2294 2582 2331 nos
2632 2278 2732 2331 hac
2785 2283 3088 2345 tempestate
3132 2277 3321 2329 rectius
3353 2275 3416 2327 de
3447 2272 3709 2344 Epistolas

2134 2368 2293 2438 hujus
2346 2378 2561 2424 auctore
2606 2370 2869 2440 possimus
2923 2368 3190 2437 judicare,
3236 2384 3389 2439 quam
3441 2366 3531 2437 qui
3580 2381 3708 2435 pro-

2131 2460 2278 2513 ximo
2308 2462 2532 2515 vixerint
2582 2461 2795 2525 saeculo,
2825 2459 3059 2515 Clemens
3105 2459 3516 2525 Alexandrinus,
3552 2469 3708 2527 atque

2138 2550 2407 2622 Origenes,
2460 2554 2551 2624 qui
2589 2552 2647 2608 S.
2679 2552 2944 2607 Barnabw
2991 2553 3296 2622 ascripsere.
3342 2550 3512 2605 Porro
3542 2550 3708 2603 adnoc

2135 2644 2377 2710 tandum,
2409 2646 2602 2712 scripto
2651 2644 2814 2699 alicui
2862 2662 2967 2699 non
3003 2645 3119 2698 ideo
3167 2646 3351 2697 statim
3399 2644 3558 2713 ﬁdem
3588 2660 3704 2698 om-

2135 2752 2251 2788 nem
2285 2734 2553 2805 abrogari,
2595 2737 2642 2788 si
2694 2736 2758 2789 de
2809 2736 2925 2805 ejus
2972 2746 3188 2789 auctore
3218 2735 3510 2805 aliquando
3544 2735 3706 2806 fuerit

2135 2826 2463 2889 dubitatum,
2494 2836 2586 2878 aut
2626 2826 2672 2878 si
2718 2827 2890 2894 ipsum
2942 2841 3035 2893 per
3063 2824 3278 2894 aliquod
3327 2833 3527 2894 tempus
3574 2824 3708 2878 deli-

2137 2918 2318 2971 tuerit.
2349 2916 2564 2971 Norunt
2613 2915 2809 2971 eruditi
2841 2917 2950 2971 hac
2990 2918 3106 2985 ipsa
3144 2916 3357 2985 scriptis
3388 2916 3709 2985 quibusdam

2136 3012 2190 3064 in
2220 3008 2484 3064 Cononem
2511 3024 2652 3063 nunc
2686 3018 2733 3062 et
2762 3007 2890 3061 olim
2937 3007 3155 3075 receptis
3196 3006 3486 3072 accidisse;
3518 3017 3565 3061 et
3590 3024 3710 3077 qua:

2135 3101 2200 3155 de
2227 3100 2286 3157 S.
2316 3100 2579 3154 Barnabw
2601 3099 2824 3169 epistola
2853 3098 3011 3168 refert
3054 3096 3333 3162 Eusebius,
3370 3097 3551 3150 eadem
3585 3114 3709 3151 eum

2140 3211 2241 3249 non
2281 3192 2434 3245 modo
2476 3192 2539 3244 de
2583 3189 2640 3246 S.
2683 3188 2909 3244 Joannis
2945 3188 3268 3259 Apocalypsi
3298 3198 3343 3242 et
3381 3186 3440 3243 S.
3469 3187 3629 3243 ludar
3656 3200 3707 3243 et

2138 3284 2414 3342 catholicis
2470 3281 2710 3337 omnibus
2760 3281 3038 3351 Epistolis,
3089 3282 3179 3335 sed
3225 3282 3388 3335 etiam
3423 3281 3487 3334 de
3516 3281 3613 3335 illa
3638 3283 3707 3335 ad

2142 3377 2415 3439 Hebrteos.
2449 3391 2567 3446 quia
2609 3390 2748 3429 nunc
2778 3371 2837 3428 S.
2869 3372 3042 3427 Paulo
3080 3372 3392 3436 ascribitur,
3426 3372 3545 3426 licet
3580 3372 3707 3426 olim

2141 3467 2199 3525 S.
2240 3466 2505 3522 Barnabas
2539 3467 2918 3535 imputaretur,
2953 3463 3213 3517 retulisse.

2210 3559 2428 3617 Constat
2456 3556 2751 3628 Epistolam
2765 3556 2919 3622 hanc,
2943 3572 3060 3627 qua:
3076 3556 3183 3625 fere
3210 3564 3322 3610 tota
3349 3565 3426 3610 est
3468 3556 3521 3609 in
3563 3554 3707 3626 Syn-

2144 3670 2326 3725 agogte
2358 3652 2569 3717 ritibus,
2610 3659 2659 3705 et
2699 3658 3006 3704 sanctarum
3038 3647 3439 3720 Scripturarum
3472 3651 3706 3720 mysticis

2149 3745 2386 3801 sensibus
2430 3741 2746 3809 evolvendis,
2780 3741 2849 3796 ad
2895 3742 3043 3795 rudis
3093 3743 3237 3812 vulgi
3287 3753 3497 3812 captum
3533 3744 3705 3797 minus

2140 3836 2617 3901 accommodatam,
2644 3843 2693 3887 et
2746 3833 2967 3904 proinde
3014 3833 3297 3888 verisimile
3320 3843 3397 3888 est
3426 3852 3457 3887 a
3486 3834 3705 3888 lectione

2138 3929 2251 3999 ejus
2288 3926 2502 3999 publica
2552 3925 2850 3981 Ecclesiam
2882 3937 2998 3997 post
3029 3935 3230 3996 tempus
3283 3926 3500 3997 aliquod
3537 3926 3707 3981 absti-

2137 4021 2355 4076 nuisse:
2391 4018 2530 4090 quod
2570 4027 2620 4074 et
2661 4019 2816 4073 hodie
2858 4017 3058 4088 factum
3111 4017 3175 4071 de
3231 4017 3501 4072 nonnullis
3526 4034 3708 4071 recon-

2132 4110 2349 4166 ditioris
2393 4110 2693 4182 argumenti
2737 4107 3000 4179 periochis
3049 4123 3166 4177 qua:
3213 4106 3270 4160 in
3315 4123 3468 4160 sacro
3493 4105 3706 4161 Conone

2139 4204 2495 4258 continentur.
2533 4200 2649 4265 Hoc
2690 4217 2808 4256 vero
2859 4199 3081 4269 ﬁdenter
3117 4199 3365 4265 dixerim,
3409 4197 3706 4267 Epistolam

2138 4299 2272 4351 hanc
2297 4314 2397 4369 quo
2427 4296 2654 4366 penitius
2693 4292 3041 4364 intelligetur,
3089 4308 3150 4347 eo
3177 4291 3519 4362 acceptiorem
3551 4292 3705 4362 futu-

2141 4407 2276 4459 ram,
2304 4399 2355 4447 et
2383 4390 2453 4445 ad
2489 4403 2766 4444 sacrarum
2791 4385 3146 4455 Litterarum,
3174 4402 3269 4441 nec
3300 4402 3404 4441 non
3435 4386 3707 4456 antiquis-

466 4477 591 4534 dem
614 4478 1037 4536 existimaverim
1068 4498 1081 4534 :
1110 4495 1233 4535 cum
1282 4479 1670 4539 Theodotionis
1711 4483 2036 4554 interpreta-
2067 4481 2109 4536 D
2139 4487 2393 4538 simorum
2439 4481 2667 4537 Patrum
2719 4480 3069 4550 cognitionem
3096 4477 3386 4549 plurimum
3416 4477 3707 4548 facturam.

468 4570 568 4633 tio,
601 4585 765 4641 quam
799 4570 853 4624 in
887 4568 1129 4634 Daniele,
1157 4570 1326 4625 altera
1356 4570 1442 4625 illa
1489 4573 1819 4642 posthabita,
1851 4572 2036 4629 Eccle-

467 4663 608 4718 siam
656 4670 846 4731 postea
899 4661 1175 4731 recepisse
1229 4662 1520 4718 conﬁrmat
1574 4662 2033 4737 Hieronymus“,

468 4756 613 4812 hanc
638 4756 797 4812 nobis
830 4756 991 4811 hodie
1018 4755 1307 4812 lectionem
1344 4757 1600 4814 exhibeat
1628 4777 1642 4814 :
1666 4758 1817 4814 Δέκα
1849 4760 2034 4825 ,βασι-

465 4846 595 4913 λεῖς
619 4845 1090 4914 ἀναστήσονται,
1120 4846 1218 4902 καὶ
1248 4848 1553 4906 όπίσω.....
1584 4869 1605 4903 s

537 4938 758 5009 Reliqua
784 4939 1188 4995 desiderantur:
1217 4942 1345 5011 quid
1397 4952 1575 4996 autem
1612 4943 2031 5012 eruditissimus,

470 5029 740 5085 Hibernia:
777 5031 941 5101 juxta
992 5042 1041 5087 et
1077 5034 1307 5088 melioris
1347 5034 1672 5091 litteratum
1715 5038 1936 5107 primas,
1967 5039 2031 5093 de

465 5120 702 5191 epistola:
744 5122 901 5191 hujus
945 5133 1159 5178 auctore
1204 5125 1446 5190 senserit,
1478 5142 1779 5197 quanquam
1835 5144 1937 5182 non
1967 5145 2032 5183 ea:

465 5218 625 5270 dictis
685 5215 887 5287 liquido
936 5228 1208 5287 appareat,
1251 5218 1452 5271 indicia
1500 5227 1672 5273 tamen
1721 5227 1845 5272 sunt
1898 5220 2032 5273 satis

466 5307 615 5362 clara
644 5322 761 5379 quas
801 5308 960 5378 ﬁdem
1006 5309 1234 5378 faciant,
1274 5310 1612 5379 propendisse
1640 5326 1759 5364 eum
1794 5310 1852 5364 in
1900 5310 2034 5365 hanc

465 5402 801 5467 sententiam,
852 5408 908 5454 ut
965 5401 1195 5455 crederet
1246 5417 1374 5471 opus
1415 5402 1509 5454 hoc
1563 5402 1814 5470 scriptori
1860 5403 2035 5472 ignoto

466 5492 662 5547 deberi.
692 5491 821 5547 Esto
841 5508 963 5563 ergo
990 5492 1113 5546 huic
1135 5493 1278 5562 operi
1302 5493 1474 5548 aliena
1501 5509 1660 5548 manu
1685 5492 1743 5547 S.
1773 5493 2037 5551 Barnaba:

2141 4574 2459 4646 Quanquam
2496 4574 2634 4627 enim
2679 4583 2962 4643 perpetuus
3008 4571 3209 4628 Veteris
3249 4570 3602 4626 lnstrumenti
3638 4570 3708 4623 ad

2138 4665 2393 4720 Messium
2444 4673 2706 4734 respectus
2746 4663 2898 4720 nobis
2954 4664 3109 4735 quasi
3136 4679 3229 4734 per
3257 4671 3598 4716 transennam
3642 4677 3707 4715 επ

2139 4756 2384 4812 Chaldazi
2408 4754 2795 4827 Paraphrastis
2819 4756 3111 4824 stricturis,
3138 4756 3458 4824 scriptorum
3487 4754 3707 4809 Talmu—

2137 4848 2398 4915 dicorum,
2431 4845 2889 4918 Rabbinorumque
2926 4846 3175 4917 malignis
3224 4846 3708 4915 interpretamentis

2135 4948 2490 5010 compareat:
2514 4938 2641 4993 olim
2680 4947 2855 4993 tamen
2899 4938 3109 5008 quando
3154 4938 3206 4991 in
3253 4938 3398 4992 omni
3426 4935 3708 5009 Synagoga

2137 5030 2567 5087 hebdomadatim
2603 5047 2710 5085 non
2754 5031 2905 5086 lecta:
2934 5040 3173 5098 tantum,
3205 5029 3295 5084 sed
3346 5040 3399 5087 et
3444 5039 3709 5085 enarrata?

2134 5134 2285 5181 erant
2317 5123 2641 5194 Scriptum;
2664 5121 2934 5177 Midrasch
2952 5121 3049 5175 iste
3064 5122 3338 5191 mysticus,
3354 5122 3463 5177 sive
3483 5137 3705 5193 evange-

2136 5220 2270 5273 licus
2297 5216 2502 5273 Veteris
2534 5215 3227 5281 Instrumentisensus,non
3243 5214 3418 5267 minus
3466 5214 3706 5267 omnibus

2135 5311 2540 5380 iunotuitquam
2584 5308 2695 5377 ipse
2720 5322 2870 5360 sacer
2905 5314 3079 5360 textus
3105 5321 3124 5358 :
3150 5315 3202 5360 et
3221 5306 3441 5376 proinde
3473 5321 3574 5359 non
3602 5306 3705 5358 mi-

2138 5419 2236 5457 nus
2268 5403 2457 5456 idonea
2489 5397 2858 5469 suppeditabat
2896 5406 3209 5468 argumenta
3232 5397 3303 5450 ad
3328 5395 3704 5451 conrincendos

2138 5493 2380 5561 Iudaeos,
2397 5508 2555 5563 quam
2568 5507 2630 5545 ea
2646 5506 2764 5556 qua:
2775 5505 2839 5544 ex
2850 5489 3218 5543 disertissimis
3243 5502 3515 5543 sacrarum
3533 5484 3597 5538 Li
3602 5494 3704 5537 tte-

541 5610 584 5642 "
615 5607 932 5686 Tertullian.
963 5608 1037 5686 De
1064 5611 1320 5686 pudicitia
1339 5650 1357 5675 ,
1384 5628 1507 5686 cap.
1526 5610 1618 5686 29,
1639 5622 1780 5686 e_t_ex
1799 5629 1883 5686 eo.
1917 5612 2256 5686 Hieronqu
2278 5612 2523 5686 Catalog.
2542 5610 2723 5686 script.
2746 5608 3109 5686 ecclesiastsin
3140 5606 3324 5686 Paulo.
3343 5675 3356 5686 _
3403 5600 3700 5686 ‘:_Euseb.,

468 5679 644 5754 “1);?!
680 5677 887 5754 "ista!
915 5677 1237 5754 ecclesiasti,
1270 5698 1391 5754 κεφ.
1435 5677 1520 5736 ιζ’.
1551 5683 1629 5736 ιδ’.
1663 5683 1738 5737 Id.
1767 5685 1919 5751 ibid.,
1950 5685 1987 5739 1.
2017 5701 2031 5738 1

2136 5677 2253 5754 κεφζ
2290 5691 2386 5738 κε’.

469 5750 630 5805 c.58.
713 5749 754 5779 "
814 5748 1038 5815 Pra'fat.
1076 5753 1128 5804 in
1183 5748 1389 5806 Daniel.

2469 5672 2511 5715 ἶδ
2540 5672 2855 5750 Αυέιιειὶη.³
2892 5677 2963 5733 De
3008 5679 3207 5735 civitat.
3259 5675 3375 5743 Dei,
3421 5672 3513 5728 lib.
3540 5686 3700 5736 xvm,
