4032 6146
373 264 484 322 67⁵3

1734 247 2271 311 ΓΒΟΙιΕΟΟΜΕΝΑ.

3523 267 3627 320 674

375 397 557 436 rarum
613 379 824 434 vocibus
868 376 1092 447 fuissem
1137 375 1386 430 deducta.
1433 373 1570 428 Hinc
1619 374 1819 442 factum
1845 385 1942 436 est,
1975 375 2017 425 A
2047 373 2227 440 fuerit,
2259 374 2513 428 invidiam
2542 375 2745 444 facere;
2777 392 2839 430 ne
2863 377 3103 446 iniquum
3123 378 3372 446 petendo,
3394 393 3454 431 eo
3478 379 3620 448 quod

376 473 514 543 quod
571 470 826 524 Dominus
881 482 1058 522 noster
1101 475 1152 521 et
1200 467 1312 536 ejus
1332 465 1591 534 apostoli,
1611 469 1718 533 fere
1744 465 1946 533 passim

373 568 623 618 adversus
672 563 889 616 Judteos
931 561 1119 615 exinde
1165 567 1474 629 argumenta
1495 557 1942 626 deprompserint;

371 668 420 710 et
447 659 493 710 si
523 657 657 727 forte
709 653 888 723 aliqua
911 652 1052 722 apud
1090 662 1358 705 auctorem
1389 658 1627 702 nostrum
1656 657 1940 701 occurrant

370 764 488 817 qua:
523 747 730 817 longius
775 743 942 813 petita
986 741 1249 805 videntur,
1304 738 1402 792 illa
1431 738 1574 807 ipsa,
1619 744 1713 788 aut
1760 751 1939 788 eorum

370 838 562 892 saltem
585 834 802 903 vestigia
827 833 883 885 in
906 829 1165 900 Epistolis
1191 828 1434 882 Paulinis
1474 827 1591 897 quis
1629 827 1822 894 poterit
1850 842 1937 880 re-

369 931 556 999 perire.

437 1022 539 1078 Sed
575 1021 815 1074 nolumus
862 1017 1121 1089 pertinaci
1171 1015 1328 1067 nimis
1375 1012 1672 1082 patrocinio
1703 1009 1933 1065 S.Bar-
1979 1012 1990 1024 '

370 1117 538 1182 nabat,
571 1125 661 1170 aut
704 1115 994 1185 quicunque
1023 1107 1276 1178 Epistolis
1305 1106 1462 1174 hujus
1505 1115 1692 1158 auctor
1727 1103 1932 1156 demum

2049 479 2255 533 tequum
2290 473 2368 516 est
2422 465 2755 518 excidamus.
2813 465 3028 520 Modica
3083 477 3207 520 sunt
3254 484 3373 537 qute
3422 469 3475 520 in
3503 468 3619 536 ejus

2048 557 2277 626 gratiam
2317 557 2604 624 poscimus,
2651 573 2766 622 nec,
2813 566 2871 609 ut
2917 568 3068 626 puto,
3098 559 3258 628 facile
3285 561 3618 614 recusanda:

2047 654 2105 697 ut
2137 646 2389 698 nimirum
2418 647 2464 698 si
2497 663 2599 698 non
2627 647 2751 715 ipsi,
2775 646 2966 700 saltem
2997 649 3149 701 annis
3179 651 3293 716 eius
3322 653 3486 705 honos
3515 650 3618 704 ha-

2047 737 2346 791 beatur:si
2393 753 2496 791 non
2548 738 2846 807 apostolum
2899 756 3267 809 agnoscamus,
3297 759 3414 795 eum
3444 752 3620 796 tamen

2045 843 2135 880 ceu
2164 827 2385 882 Patrem
2409 846 2737 884 revereamur
2765 847 2783 884 :
2805 841 2856 885 et
2895 832 3129 895 demum,
3158 835 3204 886 si
3229 851 3328 887 non
3356 836 3411 887 in
3442 834 3619 889 Cano-

2045 937 2161 974 nem
2187 921 2344 976 illum
2389 921 2745 993 recipiendum
2778 927 3056 990 ducamus,
3075 926 3263 981 saltem
3293 929 3348 981 in
3377 931 3616 984 classicis

2043 1013 2412 1080 scriptoribus,
2445 1031 2541 1085 pro
2570 1015 2832 1086 dignitate
2868 1034 3026 1087 quam
3055 1019 3185 1072 olim
3213 1020 3441 1074 obtinuit
3473 1022 3612 1090 apud

2044 1103 2296 1158 Ecclesia:
2313 1107 2595 1174 scriptores
2626 1110 3047 1179 antiquissimos,
3080 1129 3432 1168 numeremus.

380 1227 3600 1262 MM”

1931 1335 2050 1425 V.

445 1526 568 1607 (D.
630 1527 728 1586 LE
763 1521 1111 1594 NOURRY,
1164 1519 1526 1596 Apparatus
1591 1515 1673 1576 ad

2026 1529 2217 1670 3.621313.)
2237 1514 2577 1577 maximam
2628 1529 2748 1581 vet.
2809 1517 3018 1598 Patr.,
3080 1525 3276 1586 Paris.
3352 1530 3528 1606 1703,

790 1775 1179 1833 ARTICULUS
1217 1774 1494 1831 PRIMUS.

679 1892 924 1962 Analysis
953 1891 1207 1960 Epistolas
1239 1889 1296 1945 S.
1326 1887 1608 1942 Barnabas.

433 2013 636 2067 Auctor
665 2009 830 2078 hujus
859 2006 1112 2077 Epistolas
1130 2048 1145 2073 ,
1172 2005 1454 2074 praemissa
1479 2016 1668 2057 eorum
1695 2001 1761 2055 ad
1789 2015 1928 2069 quos

363 2105 554 2162 scribit
591 2103 741 2158 brevi
798 2099 1166 2163 salutatione,
1226 2097 1414 2151 laudat
1461 2095 1677 2148 illorum
1733 2093 1925 2158 ﬁdem,

363 2199 684 2254 charitatem
705 2238 720 2262 ,
752 2194 990 2264 aliaque,
1020 2191 1224 2262 quibus
1252 2187 1445 2259 repleti
1477 2194 1653 2250 erant,
1691 2183 1928 2252 Spiritus

361 2290 537 2345 sancti
564 2288 728 2347 dona.
773 2283 931 2340 Nulla
955 2299 1084 2338 vero
1113 2282 1220 2336 alia
1253 2282 1466 2335 ratione
1496 2277 1740 2332 animum
1773 2291 1830 2330 se
1860 2275 1927 2329 ad

361 2381 712 2438 scribendum
743 2379 1018 2448 appulisse
1052 2375 1355 2445 proﬁtetur,
1389 2372 1494 2426 nisi
1527 2379 1587 2426 ut
1613 2370 1772 2425 ﬁdem
1809 2369 1930 2424 illo-

363 2489 485 2529 rum
529 2471 902 2542 perfectiorem
961 2469 1244 2532 redderet,
1290 2464 1704 2533 ostenderetque
1756 2461 1925 2518 Deum

365 2567 484 2620 ideo
508 2565 799 2635 prophetas
840 2577 940 2617 suo
988 2560 1190 2629 Spiritu
1236 2559 1483 2623 atllasse,
1519 2564 1579 2610 ut
1606 2555 1784 2611 foedus
1827 2571 1928 2609 no-

366 2671 490 2709 vum
517 2695 531 2720 ,
575 2654 954 2709 lncarnatione
1001 2651 1123 2705 Filii
1175 2651 1262 2706 sui
1299 2649 1630 2713 ineundum,
1670 2649 1926 2702 omnibus

362 2747 806 2816 pmnuntiarent.
859 2743 997 2798 Hinc
1043 2744 1131 2797 ille
1182 2750 1566 2812 argumentum
1620 2756 1779 2795 suum
1834 2756 1927 2810 ag-

362 2853 603 2909 gressus,
632 2854 698 2894 ex
731 2837 1048 2892 eorumdem
1079 2834 1473 2905 pr0phetarum
1499 2832 1738 2887 oraculis
1762 2831 1925 2886 Clui-

361 2938 504 2984 stum
547 2927 835 2981 Dominum
883 2926 1006 2996 jure
1071 2925 1268 2979 merito
1324 2924 1457 2992 legis
1525 2921 1778 2978 Mosaicae
1830 2921 1926 2974 ab-

359 3035 584 3091 rogasse
610 3017 876 3076 sacriﬁcia
898 3060 912 3083 ,
941 3017 1203 3087 nullaque
1230 3016 1335 3069 alia
1359 3057 1374 3081 ,
1413 3029 1579 3084 quam
1611 3013 1836 3082 spiritus
1872 3020 1926 3065 et

357 3083 541 3169 coidis
566 3112 844 3182 postulare
876 3083 1234 3164 demonstrat.
1258 3083 1624 3173 Quamobrem
1662 3105 1786 3158 illos
1810 3104 1923 3160 sol-
1950 3083 1993 3140 (ἶ

357 3207 503 3260 licite
529 3203 804 3264 admonet,
832 3200 900 3254 ab
928 3199 994 3252 iis
1014 3205 1242 3254 caveant
1263 3237 1278 3261 ,
1301 3196 1395 3264 qui
1436 3195 1606 3264 legem
1634 3193 1836 3264 Moysis
1869 3201 1924 3247 et

355 3296 563 3350 Christi
585 3293 749 3348 simul
776 3291 1170 3346 observandam
1187 3303 1310 3342 esse
1333 3287 1612 3341 docerent.
1646 3285 1772 3339 Ideo
1794 3299 1922 3339 vero

357 3390 506 3443 illam
551 3385 839 3440 rescissam
885 3396 1005 3437 esse
1048 3380 1243 3445 probat
1272 3397 1286 3432 :
1313 3387 1370 3431 ut
1399 3376 1609 3430 dilectio
1635 3376 1765 3430 Jesu
1798 3392 1923 3429 con-

355 3482 593 3549 signetur
626 3479 681 3530 in
709 3473 956 3529 cordibus
982 3473 1168 3527 vestris
1193 3471 1248 3524 in
1273 3486 1415 3538 spem
1448 3469 1571 3539 ﬁdei
1594 3469 1778 3535 illius;
1809 3470 1922 3524 his-

359 3587 466 3641 que
489 3571 664 3624 tribus
691 3566 981 3622 virtutibus
1004 3605 1020 3631 ,
1044 3562 1360 3616 meditemur
1407 3563 1646 3616 timorem
1688 3561 1822 3628 Dei,
1870 3573 1920 3616 et

357 3661 716 3716 custodiamus
745 3659 999 3714 mandata
1041 3658 1207 3713 illius.
1258 3655 1499 3711 Subinde
1531 3655 1653 3708 aliis
1688 3654 1914 3724 prophe-

359 3763 535 3808 tarum
584 3753 719 3807 locis
772 3751 991 3821 planum
1041 3751 1227 3820 utique
1273 3747 1405 3802 facit
1451 3745 1736 3802 Christum
1797 3745 1920 3800 ideo

358 3861 577 3900 carnem
629 3843 870 3898 induisse
894 3883 909 3908 ,
957 3849 1300 3911 mortemque
1329 3840 1564 3907 obiisse,
1598 3847 1688 3902 ut,
1727 3839 1919 3894 mortis

359 3939 586 4008 imperio
611 3937 909 4001 destructo,
938 3936 1196 3990 mundum
1230 3933 1497 4004 sanguine
1527 3947 1630 3987 suo
1680 3933 1917 3987 redime-

360 4038 461 4086 ret.
485 4030 641 4096 Quod
673 4027 844 4084 Judaei
870 4044 993 4084 cum
1031 4029 1252 4083 credere
1280 4029 1590 4092 noluerint,
1617 4028 1792 4081 voluit
1827 4026 1918 4079 ille

359 4122 709 4191 Evangelium
753 4137 912 4177 suum
944 4122 1204 4176 omnibus
1250 4121 1504 4191 gentibus
1548 4121 1618 4174 ab
1653 4119 1917 4189 apostolis

358 4213 662 4285 praedicari.
688 4213 852 4268 Addit
877 4213 1162 4268 Christum
1193 4214 1296 4268 etsi
1318 4227 1386 4267 ex
1414 4211 1593 4266 Patris
1621 4219 1914 4281 praecepto,

358 4307 518 4361 sicuti
546 4306 861 4376 praedictum
894 4304 1092 4370 fuerat,
1119 4305 1312 4360 lubens
1341 4312 1590 4358 mortuus
1617 4304 1711 4369 sit,
1735 4303 1916 4373 ipsum

1960 1751 2004 1804 Β
2030 1760 2152 1800 rum
2178 1747 2358 1803 locum
2387 1749 2632 1821 adoptati
2669 1752 2969 1810 Christiani
3006 1757 3461 1825 subrugarentur.
3492 1758 3600 1815 De-

2034 1836 2197 1906 nique
2236 1847 2524 1909 postquam
2549 1842 2615 1896 de
2643 1841 2867 1900 Sabbati
2899 1847 3285 1915 celebratione,
3311 1850 3611 1908 Dominicae

2031 1927 2137 1982 diei
2190 1929 2566 2000 institutione,
2614 1937 2800 2005 templi
2853 1936 3330 2012 llierosolymitani
3387 1944 3606 2000 destru-

2030 2018 2229 2086 ctione,
2261 2019 2467 2090 Deique
2513 2023 2566 2076 in
2607 2027 2868 2083 cordibus
2895 2031 3100 2085 nostris
3125 2032 3466 2088 habitatione
3491 2035 3608 2090 dis-

2030 2111 2222 2175 seruit,
2247 2113 2476 2181 primam
2501 2115 2707 2171 claudit
2727 2118 2982 2188 Epistolas
3009 2132 3240 2191 partem.

2101 2200 2159 2256 In
2205 2207 2480 2274 secunda,
2524 2225 2648 2278 quae
2683 2211 2904 2266 brevior
2929 2223 3042 2280 est,
3085 2217 3284 2285 stylum
3321 2218 3388 2271 ad
3436 2218 3610 2272 infor—

2029 2297 2258 2352 mandos
2298 2298 2737 2357 Christianorum
2785 2319 2966 2360 mores
3001 2309 3310 2375 convertit;
3359 2311 3608 2380 duasque

2029 2398 2318 2458 eapropter
2383 2393 2724 2449 demonstrat
2799 2411 2920 2450 esse
2976 2397 3261 2452 hominum
3325 2401 3465 2455 vias.
3538 2400 3609 2457 Et

2027 2482 2263 2548 priorem
2304 2484 2521 2553 quidem
2547 2529 2562 2553 ,
2595 2487 2680 2541 cui
2709 2488 2885 2557 angeli
2925 2498 3202 2557 prtesunt,
3246 2505 3476 2561 quaeque
3520 2495 3606 2549 via

2030 2571 2164 2628 lucis
2203 2574 2442 2643 dicitur,
2490 2594 2615 2633 cum
2659 2579 2931 2648 explicat,
2967 2580 3042 2634 ibi
3079 2583 3209 2651 quid
3253 2582 3605 2640 Christianus

2029 2679 2206 2735 agere,
2240 2668 2367 2736 quid
2395 2668 2585 2738 fugere
2611 2671 2826 2736 debeat,
2870 2673 3116 2726 omnium
3144 2673 3320 2728 oculis
3355 2675 3601 2746 subjicit.

2026 2757 2389 2816 Posteriorem
2423 2779 2586 2829 vero,
2613 2779 2735 2834 quae
2780 2767 2958 2817 subest
3003 2765 3204 2835 angelis
3251 2765 3504 2830 Satanae,
3552 2777 3603 2821 et

2026 2853 2110 2906 via
2141 2857 2470 2908 tenebrarum
2525 2856 2976 2926 cognominatur,
3033 2859 3378 2927 explanaudo
3422 2861 3601 2929 palam

2027 2944 2116 2998 ille
2147 2944 2278 3000 facit
2303 2962 2425 3017 qua:
2458 2949 2569 3002 sint
2596 2950 2747 3014 vitia,
2789 2957 2842 3004 et
2885 2950 3029 3004 mala
3052 2965 3216 3020 opera
3236 2990 3252 3016 ,
3285 2952 3486 3023 quibus
3518 2953 3602 3006 in-

2027 3035 2250 3104 quinata
2304 3037 2485 3091 anima
2519 3039 2696 3106 pmnis
2729 3039 2927 3096 inferni
2976 3041 3270 3096 addicitur.
3307 3041 3600 3111 Postremo

2029 3136 2085 3181 ut
2124 3127 2409 3197 imperatis
2450 3129 2650 3184 divinis
2711 3146 2920 3185 morem
2972 3142 3201 3202 gerant,
3253 3131 3597 3199 adhortatur,

2022 3227 2513 3288 comprecaturque
2563 3228 2623 3274 ut
2673 3223 2757 3276 sui
2801 3223 3151 3276 meminerint
3207 3222 3351 3292 apud
3401 3222 3595 3288 Deum,

2023 3304 2182 3374 cujus
2228 3306 2286 3358 in
2330 3309 2504 3377 gratia
2540 3317 2601 3362 ut
2649 3325 2864 3380 semper
2917 3319 3210 3378 maneant,
3255 3313 3594 3382 expetendo,

2023 3394 2279 3465 Epistolaa
2307 3399 2626 3455 coronidem
2660 3401 2908 3469 imponit.

2545 3511 2942 3568 ARTICULUS
2981 3513 3044 3570 ll.

2026 3601 2177 3656 Hanc
2207 3604 2486 3675 epistolqm
2509 3604 2751 3675 eamdem
2779 3621 2910 3670 esse,
2939 3621 3056 3675 qua:
3103 3603 3165 3656 ab
3207 3606 3592 3675 antiquissimis

2389 3673 2643 3728 Ecclesite
2672 3673 2925 3728 Patribus
2951 3673 3228 3730 laudatur.

2089 3763 2320 3820 Constat
2350 3762 2647 3834 Epistolam
2694 3765 2836 3820 hanc
2867 3765 3113 3820 eamdem
3141 3780 3264 3820 esse
3283 3805 3297 3830 ,
3327 3782 3490 3836 quam
3523 3768 3594 3822 ab

2022 3855 2535 3925 antiquissimorum
2561 3853 2818 3910 Ecclesiae
2847 3865 3154 3926 temporum
3179 3853 3435 3910 Patribus
3456 3854 3593 3909 Bar-

2020 3951 2174 4003 naba:
2204 3947 2427 4002 nomine
2454 3946 2677 4001 citatam
2708 3944 2880 4001 fuisse
2905 3962 2970 4001 ex
2998 3947 3316 4001 eorumdem
3348 3947 3595 4002 testimo-

2020 4041 2125 4094 niis
2152 4041 2376 4110 planum
2419 4039 2498 4092 iit.
2539 4037 2597 4092 Id
2641 4047 2824 4092 autem
2879 4038 2962 4092 vel
3011 4053 3077 4091 ex
3127 4038 3242 4092 sola
3295 4037 3597 4097 Clementis

2018 4129 2372 4186 Alexandrini
2405 4128 2732 4184 auctoritate
2766 4127 3128 4182 invictissime
3158 4128 3590 4184 demonstratur.

2018 4221 2166 4287 Quos
2195 4223 2338 4276 enim
2367 4238 2433 4276 ex
2456 4238 2520 4276 ea
2543 4222 2694 4275 locos
2724 4220 2974 4289 protulit,
3007 4220 3044 4275 ii
3088 4236 3156 4274 ex
3187 4220 3445 4290 Epistolas
3481 4221 3590 4275 ini~

2019 4315 2116 4378 tio,
2158 4315 2253 4369 ubi
2299 4313 2485 4369 Graeca
2511 4313 2673 4368 verba
2713 4313 2924 4378 deleta,
2956 4320 3120 4383 atque
3164 4328 3230 4366 ex
3261 4312 3477 4378 medio,
3526 4327 3594 4367 ac

358 4407 539 4453 “me”
561 4415 747 4454 "erum
775 4414 896 4454 esse
920 4397 1011 4453 Dei
1043 4397 1264 4453 Filium-
1284 4397 1530 4467 Explicat
1557 4397 1752 4452 deinde
1775 4411 1914 4466 (1110·
1944 4412 1993 4472 D
2019 4409 2237 4462 tandem
2261 4421 2328 4460 ex
2352 4407 2458 4460 ﬁne
2482 4446 2496 4470 ,
2521 4404 2612 4458 ubi
2639 4402 2832 4457 Latina
2863 4403 3235 4472 interpretatio
3263 4402 3463 4465 deﬁcit,
3493 4418 3595 4455 ex-

357 4491 519 4544 modo
567 4490 843 4560 propheta:
886 4499 941 4544 et
978 4489 1161 4544 verbis
1208 4497 1263 4544 et
1311 4488 1501 4559 ﬁguris
1553 4486 1914 4556 signiﬁcarim

355 4583 635 4638 Christum
663 4585 717 4637 in
743 4583 998 4653 passione
1027 4592 1183 4639 aceto
1203 4591 1257 4638 et
1281 4581 1402 4636 felle
1431 4580 1752 4651 potandum,
1785 4595 1916 4650 pur-

354 4688 493 4745 pura
537 4675 902 4742 induendum,
951 4675 1124 4744 spinis
1177 4673 1591 4740 coronandum;
1647 4671 1742 4726 sed
1799 4671 1915 4724 haec

355 4765 536 4818 omnia
582 4767 764 4821 surdis
798 4764 1107 4821 Iudaeorum
1154 4764 1380 4817 auribus
1426 4764 1734 4817 decantata.
1787 4755 1917 4812 lude

356 4865 538 4911 autem
576 4858 780 4927 colligit
807 4873 966 4912 aures
993 4856 1174 4911 cordis
1203 4853 1694 4918 circumcidendas,
1727 4852 1914 4907 docet-

354 4966 460 5021 que
484 4950 951 5007 eircumcisionem
974 4947 1286 5003 Iudaeorum
1325 4946 1686 5014 antiquatam,
1712 4942 1912 4998 Mosai-

355 5059 557 5113 easque
594 5044 759 5113 leges,
797 5043 996 5113 quibus
1026 5040 1130 5096 cibi
1181 5037 1431 5092 nonnulli
1459 5036 1908 5106 prohibebantur,

355 5134 626 5204 spirituali
655 5149 820 5188 sensu
845 5131 1241 5203 intelligendas.
1268 5129 1400 5185 Post
1436 5131 1550 5183 haec
1579 5125 1819 5182 ostendit
1842 5127 1910 5179 ab

356 5225 548 5280 iisdem
591 5226 866 5296 prophetis
934 5226 1156 5295 insuper
1217 5221 1638 5293 praenuntiatum
1681 5219 1797 5275 fore
1855 5227 1912 5271 ut

353 5318 524 5376 Judati
574 5335 671 5374 nec
697 5318 898 5374 Christi
927 5318 1196 5387 baptismo
1231 5316 1611 5379 abluerentur,
1657 5328 1758 5368 nec
1786 5329 1913 5367 cru-

356 5430 476 5470 cem
508 5415 626 5486 ejus
649 5419 1020 5484 agnoscerent,
1043 5419 1206 5480 atque
1226 5411 1298 5466 ob
1321 5409 1565 5480 ejusdem
1596 5404 1799 5460 Christi
1829 5405 1899 5458 ab

358 5509 464 5564 illis
493 5511 755 5580 ejuratam
785 5507 1118 5574 divinitatem
1156 5502 1466 5560 exharedes
1501 5499 1628 5556 facti
1655 5539 1670 5565 ,
1711 5499 1764 5553 in
1809 5511 1902 5553 eo-

433 5695 648 5753 “Varia
678 5713 848 5753 sacra.

2018 4505 2236 4568 cerptos
2271 4512 2393 4552 esse
2439 4495 2953 4551 manifestissimum
3000 4504 3103 4550 est.
3149 4493 3365 4548 Erravit
3420 4493 3594 4562 igitur

2018 4589 2270 4661 Moynius
2297 4588 2359 4653 “,
2387 4587 2719 4643 Calviniana:
2762 4597 2922 4641 secta:
2948 4585 3078 4639 olim
3126 4583 3453 4653 Rothomagi
3484 4584 3593 4636 mi-

2022 4685 2188 4738 nister
2207 4726 2222 4749 ,
2249 4683 2343 4752 qui
2373 4681 2731 4751 posteriorem
2775 4681 2939 4752 hujus
2969 4678 3223 4749 Epistolas
3249 4685 3455 4746 partem
3486 4691 3590 4733 nec

2022 4774 2267 4846 ejusdem
2300 4773 2614 4843 scriptoris,
2647 4788 2748 4827 nec
2777 4771 3021 4842 ejusdem
3071 4769 3199 4840 styli
3251 4783 3316 4822 ac
3348 4767 3588 4838 priorem

2020 4867 2193 4923 videri
2223 4865 2520 4921 arbitratus
2549 4873 2651 4920 est.
2696 4862 2849 4917 Hanc
2878 4861 3079 4931 quippe
3130 4861 3302 4929 ipsam
3337 4867 3545 4929 partem
3565 4899 3586 4927 ,

2019 4968 2215 5030 praeter
2239 4965 2599 5012 memoratum
2645 4955 2977 5009 Clementem
3010 4951 3078 5005 ab
3111 4950 3342 5018 Origene
3381 4948 3588 5019 Grego-

2021 5052 2210 5122 rioque
2238 5049 2586 5105 Nazianzeno
2611 5048 2800 5102 eodem
2827 5044 3093 5098 Barnabte
3117 5042 3338 5096 nomine
3359 5040 3586 5098 citatam

2017 5145 2270 5215 legimus.

2530 5229 2926 5285 ARTICULUS
2964 5227 3057 5283 lll.

2016 5331 2094 5386 De
2140 5339 2355 5391 auctore
2391 5325 2546 5394 hujus
2592 5323 2828 5407 epistolte
2875 5323 3212 5391 antiquorum
3261 5328 3581 5386 scriptorum

2643 5410 2940 5462 opiniones.

2087 5494 2224 5550 Tota
2269 5493 2434 5563 igitur
2460 5491 2526 5545 de
2553 5489 2657 5544 hac
2688 5487 2925 5556 Epistula
2961 5483 3251 5540 dilIicultas
3283 5482 3339 5537 in
3363 5495 3430 5536 eo
3459 5493 3582 5537 ver-
