4032 6146
415 310 417 312 .
501 267 608 323 67-5
1565 251 1618 304 S.
1661 242 2030 304 BARNABAS
2068 241 2496 298 APOSTOLUS.
3623 227 3734 281 676

503 393 688 450 satur,
738 389 924 436 utrum
971 393 1004 432 a
1044 365 1292 432 Barnaba
1345 365 1624 438 apostolo,
1654 361 1812 431 cujus
1849 356 2067 429 praefert
2095 362 2141 421 Α
2172 358 2325 410 nabze
2381 354 2594 424 penitus
2637 333 2987 419 abiudicant,
3038 351 3092 399 et
3147 340 3515 412 apocrypham
3568 346 3735 407 atque

503 490 723 539 nomen,
756 487 884 527 vere
915 467 1156 541 profecta
1203 462 1292 516 sit.
1318 457 1434 512 Non
1474 470 1579 508 una
1611 452 1876 520 siquidem
1902 465 1963 502 ea
1999 449 2067 503 de

504 584 564 623 re
612 567 962 636 antiquorum
1015 555 1272 612 Ecclesiae
1310 551 1534 605 Patrum
1597 545 1701 600 iuit
1771 541 2062 598 sententia.

504 659 843 715 Posteriores
880 668 1010 708 vero
1040 647 1334 716 scriptores
1365 642 1418 694 in
1448 640 1632 710 plures
1674 635 1957 704 magisque
1984 631 2068 686 di-

504 768 690 807 versas
722 748 1004 819 Opiniones
1027 741 1294 795 abierunt.
1327 734 1578 788 Clemens
1605 727 1803 784 etenim
1834 725 2068 778 Alexan-

505 846 697 898 drinus
731 839 913 894 nullus
939 845 1179 902 unquam
1207 823 1475 882 dubitavit
1502 837 1622 876 eam
1655 833 1845 874 verum
1878 813 2065 886 genui-

507 949 749 1004 numque
790 930 959 984 fetum
1015 938 1134 978 esse
1176 917 1437 973 Barnabas
1463 957 1477 980 ,
1523 928 1683 983 quem
1715 909 2021 980 apostolum
2049 947 2064 968 ,

505 999 682 1083 virum
717 1019 1095 1092 apostolicum,
1125 1026 1293 1068 unum
1320 1023 1386 1062 ex
1436 1004 1796 1074 septuaginta,
1832 1010 1887 1056 et
1915 999 2068 1054 Pauli

506 1119 808 1188 adjutorem
837 1109 1091 1180 appellat.
1118 1102 1243 1157 Haec
1267 1099 1448 1154 videre
1473 1104 1555 1151 est
1583 1095 1638 1149 in
1663 1093 1810 1148 illius
1828 1091 2069 1146 Stroma-

509 1221 619 1264 tum
651 1205 805 1261 libris
835 1199 1114 1263 secundo,
1166 1193 1357 1264 quinto
1403 1197 1457 1243 et
1502 1186 1747 1242 sexto”.
1799 1182 2067 1238 Clementi

507 1308 687 1356 autem
755 1288 1071 1364 praeceptori
1116 1300 1217 1340 suo
1263 1279 1594 1349 subscripsit
1646 1275 1906 1346 Origenes
1950 1291 1962 1325 :
2008 1290 2072 1328 ac

506 1399 693 1464 postea
718 1382 1013 1454 Gregorius
1035 1377 1410 1433 Nazianzenus
1435 1371 1685 1440 Origenis
1715 1367 1886 1437 ipsius
1909 1365 2071 1419 verba

506 1476 941 1540 transcribendo,
969 1473 1020 1526 in
1048 1470 1237 1526 eadem
1279 1478 1498 1536 quoque
1528 1461 1784 1530 opinione
1815 1473 1874 1513 se
1904 1457 2072 1512 fuisse

509 1574 654 1630 haud
679 1572 910 1626 obscure
940 1559 1290 1634 signiﬁcavit.

583 1665 781 1720 Verum
813 1659 1074 1715 adversus
1097 1652 1430 1707 Clementem
1463 1659 1704 1716 pugnare
1732 1643 1942 1697 videtur
1973 1639 2072 1696 Eu-

511 1753 789 1817 sebius“;
819 1743 1260 1821 quandoquidem
1297 1739 1389 1794 ubi
1415 1738 1482 1792 de
1506 1736 1753 1806 ejusdem
1779 1733 2074 1788 Clementis

509 1846 777 1918 Operibus
825 1849 1132 1897 sermonem
1178 1829 1458 1887 instituit:
1498 1825 1562 1880 In
1607 1824 1830 1891 iisdem,
1870 1825 2079 1894 inquit,

515 1916 662 1994 libris
686 1936 838 2004 affert
867 1928 1163 1991 testimonia
1192 1925 1610 1992 Scripturarum,
1629 1934 1744 1988 quae
1761 1935 1792 1970 a
1818 1916 2082 1970 nonnullis

516 2031 882 2101 repudiantur,
909 2038 1086 2092 nempe
1108 2035 1172 2077 ex
1197 2017 1475 2087 Sapientia
1508 2012 1832 2076 Salomonis,
1867 2010 1992 2063 itent
2019 2023 2084 2061 ea:

517 2100 760 2195 Epistola
803 2116 1087 2174 Clementis
1138 2127 1198 2165 ac
1228 2107 1513 2164 Barnabae.
1550 2105 1618 2159 Et
1657 2103 1818 2174 paulo
1861 2109 1984 2171 post
2002 2100 2080 2152 ηε

519 2219 669 2273 Idem
694 2216 749 2268 in
780 2211 929 2266 libris
970 2201 1402 2260 Ὑποτυπώσεων
1427 2199 1683 2260 omnium,
1720 2206 1777 2248 ut
1807 2211 1910 2248 uno
1937 2192 2087 2247 verbo

517 2312 693 2366 dicam
719 2349 734 2376 ,
766 2305 1038 2373 utriusque
1085 2293 1405 2371 Testamenti
1434 2291 1823 2360 scripturarum
1843 2300 2087 2354 compen-

518 2405 722 2458 diosam
750 2395 969 2452 instruit
1001 2389 1385 2450 narrationem,
1411 2400 1472 2436 ne
1496 2383 1607 2436 illis
1634 2379 1844 2451 quidem
1872 2385 2090 2446 praeter-

518 2495 692 2549 missis
720 2487 1022 2560 scripturis,
1057 2483 1120 2536 de
1146 2479 1334 2551 quibus
1371 2476 1508 2529 inter
1545 2471 1739 2526 multos
1780 2468 2086 2538 ambigitur,

519 2587 679 2641 Iuda:
706 2558 996 2653 Epistolam
1017 2617 1031 2639 ,
1054 2585 1100 2629 et
1128 2572 1413 2633 Barnabte,
1451 2583 1512 2620 ac
1545 2563 1776 2634 reliquas
1800 2558 2088 2614 catholicas

524 2650 793 2748 Epistolas
842 2671 1101 2738 intelligo.
1159 2663 1298 2719 Tum
1345 2659 1583 2729 denique
1613 2671 1681 2711 ex
1720 2668 1821 2708 sua
1856 2651 1938 2706 sic
1977 2650 2093 2718 ipse

525 2768 790 2826 sententia
841 2760 1157 2834 pronuntiat
1179 2757 1264 2809 ²⁰ε
1301 2754 1410 2807 Pro
1460 2749 1657 2819 spuriis
1703 2742 1930 2799 habendi
1970 2751 2092 2794 sunt

523 2865 684 2917 etiam
722 2832 884 2911 Actus
925 2850 1156 2906 Pauli...
1187 2844 1450 2910 Barnabas
1474 2842 1601 2894 item
1643 2835 1906 2908 Epistola.
1941 2832 2093 2889 Unde

525 2951 796 3020 intelligas
826 2942 1120 3000 Eusebium
1147 2980 1164 3006 ,
1196 2933 1560 3008 quorumdam
1589 2928 1959 2998 antiquiorum
2003 2941 2094 2979 ve-

2170 446 2572 516 supposititiam
2619 458 2740 498 esse
2789 439 3146 496 contendunt.
3193 435 3396 489 Contra
3437 445 3568 485 vero
3615 428 3728 483 Ha-

2169 539 2737 606 mondus,Vossius,
2782 535 2968 589 Bullus
3021 540 3076 586 et
3123 528 3389 599 Dupinius
3439 540 3561 580 eam
3621 539 3733 579 non

2169 635 2334 689 alium
2375 647 2538 703 quam
2595 630 2898 684 Barnabam
2954 632 3233 680 auctorem
3277 621 3484 676 habere
3533 633 3736 690 propu-

2169 733 2354 790 gnant.

2693 825 3091 885 ARTICULUS
3133 824 3195 880 V.

2420 925 2663 979 Primum
2705 930 3072 992 argumentum
3107 917 3464 972 examinatur.

2241 1020 2345 1087 Qui
2385 1018 2681 1088 Epistolam
2711 1017 2852 1069 hanc
2878 1012 3138 1066 Barnabas
3170 1007 3504 1079 abjudicant,
3535 1005 3621 1059 his
3649 1005 3735 1058 ni-

2173 1124 2360 1171 tuntur
2390 1108 2744 1182 argumentis.
2777 1106 2841 1160 Et
2865 1106 3042 1175 primo
3076 1101 3294 1172 quidem
3326 1099 3363 1153 ii
3408 1095 3631 1152 Eusebii
3653 1104 3736 1150 at-

2170 1221 2276 1275 que
2324 1201 2680 1273 Hieronymi,
2726 1199 2819 1269 qui
2867 1213 2985 1252 eam
3031 1195 3097 1250 ad
3130 1190 3436 1263 apocrypha
3465 1197 3520 1243 et
3553 1187 3734 1257 spuria

2171 1293 2463 1366 ablegant,
2509 1291 2833 1346 auctoritate
2861 1303 2889 1340 a
2916 1285 3075 1339 nobis
3101 1282 3355 1352 superius
3377 1280 3541 1334 allata
3570 1286 3734 1332 utun-

2174 1396 2281 1442 tur.
2320 1386 2488 1442 Docet
2528 1383 2726 1452 quippe
2760 1380 2902 1435 idem
2934 1377 3298 1446 Hieronymus
3314 1373 3360 1404 "
3386 1389 3400 1424 :
3425 1369 3740 1442 Apocryplta

2171 1496 2351 1534 eorum
2393 1495 2494 1532 non
2521 1492 2631 1532 esse
2662 1489 2885 1546 quorum
2912 1469 3085 1527 titulis
3110 1474 3514 1538 praenotantur:
3546 1463 3648 1529 vel,
3678 1469 3740 1517 ut

2175 1572 2328 1629 addit
2351 1571 2600 1627 Gelasius
2633 1583 2798 1638 papa,
2832 1567 3018 1634 aliquo
3049 1561 3366 1617 inﬁciuntur
3393 1574 3598 1614 errore.
3631 1557 3738 1612 Alii

2175 1675 2353 1721 tamen
2397 1669 2601 1732 negant.
2636 1658 2856 1713 Eusebii
2895 1652 3315 1724 Hieronymique
3365 1650 3432 1704 de
3478 1647 3746 1702 Barnabas

2181 1755 2419 1828 Epistola
2463 1753 2628 1807 verba
2659 1751 2855 1805 debere
2886 1748 3148 1802 alterutro
3191 1757 3354 1798 sensu
3388 1740 3581 1808 accipi.
3620 1736 3741 1792 Non

2127 1886 2138 1898 ι
2182 1849 2399 1921 quidem
2424 1845 2621 1915 primo,
2655 1857 2779 1896 cum
2827 1837 3121 1907 Epistolam
3164 1835 3308 1887 hanc
3347 1829 3608 1884 Barnabas
3643 1843 3742 1879 no-

2184 1941 2329 1995 mine
2361 1935 2585 1992 inscribi
2616 1949 2724 1988 non
2762 1930 3091 1990 inlicientur,
3144 1941 3207 1979 ac
3233 1923 3596 1992 Hieronymus
3621 1933 3739 1972 eam

2186 2050 2215 2088 a
2260 2029 2509 2085 Barnaba
2550 2024 2913 2094 compositam
2956 2034 3077 2074 esse
3131 2016 3378 2071 allirmet.
3429 2012 3614 2081 Neque
3655 2026 3740 2065 se-

2187 2122 2383 2188 cundo,
2412 2136 2534 2175 cum
2566 2119 2712 2172 illam
2738 2130 2844 2169 non
2895 2121 3100 2167 tantum
3130 2109 3306 2163 omnis
3329 2105 3531 2160 erroris
3555 2117 3737 2172 exper-

2189 2225 2318 2278 tem,
2351 2212 2442 2267 sed
2471 2212 2656 2273 etiam,
2686 2215 2746 2261 ut
2779 2204 2855 2259 ait
2881 2202 3241 2271 Hieronymus
3259 2198 3322 2263 “,
3347 2197 3414 2249 ad
3435 2195 3745 2262 aediﬁcatio-

2189 2324 2304 2362 nem
2329 2304 2579 2358 Ecclesia:
2604 2301 2943 2371 pertinentem
2965 2301 3272 2364 agnoscant.
3293 2289 3368 2343 Eo
3387 2288 3550 2359 igitur
3572 2301 3747 2340 sensu

2190 2416 2308 2457 eam
2357 2408 2586 2467 uterque
2632 2394 2873 2463 spuriam
2918 2397 2973 2443 et
3020 2385 3380 2456 apocrypham
3421 2395 3545 2434 esse
3583 2376 3747 2444 dixit,

2191 2492 2338 2562 quod
2362 2491 2504 2545 inter
2532 2485 2829 2541 canonicos
2858 2479 3056 2536 divinas
3091 2475 3389 2544 Scriptura:
3430 2471 3600 2525 libros
3637 2482 3750 2522 non

2193 2585 2596 2640 adnumeretur.

2264 2673 2467 2728 Verum
2505 2687 2569 2725 ex
2602 2668 2778 2738 posita
2820 2667 2948 2719 olim
2990 2663 3057 2716 ab
3092 2658 3396 2729 Augustino
3431 2651 3612 2723 regula
3654 2666 3751 2705 ur-

2195 2772 2320 2838 gent
2340 2776 2528 2817 eorum
2561 2756 2894 2822 adversarii;
2939 2768 3002 2807 ca
3050 2762 3278 2820 quaeque
3317 2744 3515 2813 scripta
3555 2741 3624 2795 ab
3651 2739 3754 2793 Ec-

2195 2835 2358 2912 clesia
2383 2851 2548 2922 recipi
2583 2848 2855 2913 debuisse,
2886 2859 3009 2916 qum
3031 2859 3059 2900 a
3084 2841 3327 2914 quolibet
3351 2835 3599 2908 apostolo
3627 2847 3755 2904 pro-

2196 2950 2364 3006 diisse
2392 2943 2718 3002 constiterit.
2758 2939 2888 2994 Inde
2927 2939 3127 3008 quippe
3173 2941 3398 2990 sanctus
3435 2930 3526 2983 ille
3563 2927 3756 2981 doctor

527 3041 702 3112 stigiis
745 3033 1089 3098 inhaerendo,
1137 3028 1434 3100 Epistolam
1473 3023 1735 3077 Barnabas
1765 3034 1864 3089 pro
1907 3016 2091 3086 spuria
2119 3045 2160 3102 ο
2193 3052 2384 3099 contra
2421 3035 2790 3094 adversarium
2824 3031 2984 3102 Legis
3027 3039 3082 3084 el
3117 3025 3514 3095 prophetarum
3560 3019 3756 3082 mnos,

528 3131 804 3188 habuisse.
834 3126 1196 3195 Hieronymus
1226 3133 1354 3172 vero
1376 3117 1417 3147 ¹¹
1449 3115 1598 3170 illam
1639 3112 1772 3166 inter
1791 3112 2092 3179 Scripturas

527 3223 856 3296 apocryphas
915 3216 1186 3273 amandat.
1239 3211 1479 3280 Uterque
1525 3221 1691 3277 porro
1737 3202 2095 3272 Nicephorus,

529 3291 1166 3384 Constantinopolitanus
1216 3304 1428 3363 scilicet
1477 3309 1642 3370 atque
1673 3297 1942 3359 Calixtus,
1984 3291 2098 3346 En-

532 3413 666 3469 sebii
711 3410 870 3464 verba
914 3414 1245 3472 sensumque
1273 3394 1584 3467 expressit:
1616 3391 1710 3446 sed
1741 3401 1992 3459 quaenam
2029 3385 2102 3438 sit

533 3502 751 3559 Eusebii
787 3517 851 3554 ac
875 3493 1188 3565 Hieronymi
1217 3491 1284 3546 de
1311 3483 1745 3558 apocryphorum
1779 3477 2102 3534 delinitione

535 3596 754 3667 opinio,
785 3593 964 3648 adhuc
990 3597 1073 3644 est
1103 3586 1156 3639 in
1187 3578 1575 3638 controversia.

1057 3693 1452 3754 ARTICULUS
1488 3691 1580 3746 Ν.

1000 3792 1265 3849 Sententia
1297 3786 1660 3842 recentiorum.

614 3919 884 3986 Quantum
913 3911 978 3966 ad
1003 3907 1333 3964 recentiores
1356 3946 1367 3967 ,
1395 3900 1550 3969 Hugo
1574 3893 1866 3951 Menardus
1886 3932 1901 3956 ,
1933 3890 2106 3944 Bene-

544 4013 762 4066 dictinze
794 4005 968 4078 gentis
995 3998 1330 4061 monachus,
1361 3995 1428 4047 de
1466 3994 1565 4045 hac
1598 3987 1842 4058 Epistola
1868 3985 1946 4039 sic
1979 3997 2104 4036 sen-

550 4105 614 4158 tit
634 4075 889 4163 “zJure,
936 4092 1151 4163 inquit,
1191 4091 1329 4142 inter
1374 4085 1662 4152 scripturas
1712 4075 2035 4146 apocrypha:
2077 4087 2110 4122 a

549 4195 727 4249 citatis
767 4186 1070 4244 auctoribus
1100 4186 1546 4241 connumeratur;
1579 4181 1688 4224 tum
1719 4170 1843 4239 quia
1871 4183 1938 4220 an
1966 4163 2110 4218 Bar-

552 4289 702 4343 naba:
726 4286 814 4349 sit,
845 4283 1100 4335 incertum
1123 4284 1237 4337 est;
1287 4281 1396 4324 tum
1417 4268 1543 4338 quia
1581 4262 1821 4334 quaedam
1846 4259 2114 4327 reperiun-

555 4391 807 4448 tur,qua:
836 4370 1140 4442 difﬁcultate
1182 4364 1395 4418 minime
1442 4364 1655 4419 carent;
1686 4350 1942 4421 siquidem
1985 4362 2114 4400 non-

553 4471 714 4526 nulla:
761 4473 880 4521 sunt
923 4463 979 4515 in
1017 4477 1079 4514 ea
1128 4455 1381 4519 salebrw,
1433 4449 1500 4502 ad
1560 4461 1693 4516 quas
1747 4443 1920 4494 minus
1967 4438 2112 4490 cauti

553 4561 814 4632 o/fendere
849 4554 1070 4626 possint.
1102 4547 1212 4602 Nec
1247 4544 1358 4609 ulli,
1405 4539 1607 4603 subdit,
1640 4535 1837 4592 mirum
1868 4543 1990 4584 esse
2016 4527 2112 4581 de-

555 4623 666 4723 bet,
693 4650 838 4724 quod
850 4623 952 4702 illa
983 4658 1084 4698 nec
1113 4657 1143 4695 a
1173 4639 1474 4698 Clemente,
1496 4645 1600 4684 nec
1622 4628 1691 4682 ab
1719 4623 1958 4693 Origene
1982 4633 2118 4689 apo-

559 4719 762 4820 crypha
831 4746 1163 4802 censeatur,
1225 4729 1484 4801 siquidem
1539 4719 1838 4787 huiusmodi
1881 4722 2118 4769 auctores

561 4804 782 4896 utuntur
831 4828 1168 4903 apocryphis.
1235 4821 1490 4876 Fluctuat
1548 4814 1730 4870 animo
1782 4804 2118 4867 Cotelerius,

562 4891 904 4992 summisque
948 4891 1125 4974 se'ait
1149 4909 1557 4968 dillicultatibus
1590 4898 1873 4973 przepediri
1902 4891 2087 4964 quomi
2106 4920 2120 4930 -

564 5034 669 5075 nus
697 4988 956 5069 Barnabas
981 5024 1102 5065 eam
1145 5003 1426 5065 attribuat,
1470 5011 1634 5068 quam
1665 5003 1846 5064 tamen
1891 4988 1968 5041 illi
2000 5000 2121 5039 om-

565 5115 698 5168 nino
726 5110 990 5176 abrogare
1027 5116 1135 5155 non
1178 5097 1360 5152 audet.
1413 5091 1490 5145 Re
1521 5096 1698 5143 autem
1730 5094 2021 5154 perpensa,
2067 5077 2120 5130 in

567 5207 714 5261 hunc
743 5194 1020 5253 concludit
1049 5191 1271 5246 modum
1301 5204 1314 5239 :
1347 5183 1457 5253 Ego
1483 5181 1645 5249 magis
1685 5175 1900 5237 inclina,
1924 5179 1980 5223 ut
2005 5183 2126 5222 cen-

564 5309 708 5350 seant
751 5305 852 5342 non
880 5301 990 5340 esse
1029 5279 1289 5352 apostoli;
1323 5276 1712 5346 proﬁteturque
1741 5282 1801 5322 se
1831 5263 2028 5335 gratias
2059 5257 2124 5312 iis

567 5384 914 5442 habiturum,
939 5375 1035 5446 qui
1055 5346 1328 5426 voluerint
1353 5365 1580 5418 certiora
1621 5356 1872 5428 proferre.
1918 5346 2124 5404 Natalis

567 5490 698 5530 vero
723 5467 1047 5530 Alexander,
1081 5466 1524 5524 memoratusque
1554 5448 1801 5521 Moynius
1826 5444 1972 5498 illam
1993 5441 2124 5494 Barv

640 5585 680 5615 ¹’¹
721 5581 855 5634 Vide
913 5591 1074 5645 supra
1127 5568 1446 5645 Tes_timon_i_a
1470 5571 1746 5645 “veterum.

573 5656 661 5708 Μ.
737 5625 886 5702 ίΓῦε
1123 5642 1305 5713 eccles.
1349 5638 1424 5713 _”
1470 5632 1685 5713 Prodat.
1711 5630 1764 5681 in
1788 5625 1958 5713 Epist2

1851 5556 1894 5587 ¹⁸
1930 5552 2047 5606 Lib.

2225 5544 2394 5601 Hist.,
2426 5553 2545 5605 cap.
2582 5533 2688 5606 ΑΞ.
2732 5529 2806 5606 _’_’
2843 5526 2940 5580 lib.
2988 5539 3241 5606 tn,hcap.
3415 5597 3427 5606 Α
3466 5515 3512 5547 ὀ
3553 5511 3664 5606 Ibid
3697 5548 3715 5574 ,
3741 5523 3794 5606 ξς

1986 5582 2267 5676 55min."
2297 5614 2343 5646 ³³
2569 5604 2651 5678 7-,
2676 5582 2746 5653 ad
2777 5598 3000 5678 Laetam.
3071 5582 3144 5678 ξς-
3157 5582 3244 5678 De.
3259 5590 3452 5678 afript.
3480 5582 3666 5640 eccles.

2195 3135 2424 3190 Andreas
2449 3139 2503 3187 et
2527 3129 2754 3185 Joannis
2781 3138 2980 3181 nomen
3013 3119 3384 3192 praeferentes,
3415 3109 3758 3182 apocryphos

2198 3243 2319 3284 esse
2338 3226 2532 3295 probat
2550 3223 2617 3288 ’⁸,
2647 3221 2772 3291 quia
2801 3218 2848 3272 si
2877 3215 3094 3271 illorum
3122 3219 3315 3276 essent,
3358 3205 3550 3273 recepti
3587 3208 3760 3256 essent

2199 3321 2263 3374 ab
2290 3292 2548 3371 Ecclesia.
2570 3312 2723 3380 Quod
2751 3310 2796 3366 si
2822 3307 3157 3377 respondeas
3186 3300 3453 3373 quosdam
3479 3292 3762 3367 putavisse

2203 3414 2344 3467 hanc
2377 3407 2674 3480 Epistolam
2704 3404 2844 3458 inter
2875 3399 3190 3468 Scripturas
3215 3391 3506 3450 canonicas
3546 3386 3614 3441 ab
3635 3383 3763 3439 Ori-

2205 3521 2338 3576 gene
2372 3497 2714 3572 computari,
2754 3505 2920 3564 atque
2961 3506 3029 3547 eo
3073 3489 3129 3544 in
3161 3497 3390 3541 numero
3424 3481 3482 3536 in
3524 3475 3765 3546 antiquis

2205 3572 2523 3655 earumdem
2565 3591 2971 3660 Scripturarum
3002 3579 3268 3649 eatologis
3296 3573 3518 3646 reperiri
3549 3590 3564 3625 :
3594 3572 3768 3626 insta-

2206 3692 2344 3747 bunt
2387 3686 2579 3741 iisdem
2612 3683 2668 3736 in
2705 3674 2967 3744 catalogis
3015 3672 3152 3726 alios
3180 3667 3364 3722 itidem
3411 3663 3582 3717 libros
3613 3673 3768 3728 repe-

2207 3783 2328 3847 riri,
2363 3779 2457 3850 qui
2487 3791 2585 3847 pro
2619 3769 2899 3828 canonicis
2925 3777 3208 3845 nunquam
3234 3756 3406 3813 habiti
3428 3762 3576 3817 sunt;
3606 3759 3769 3819 atque

2208 3839 2456 3944 Origenis
2487 3839 2682 3923 .verbis
2727 3862 2779 3916 id
2820 3859 2967 3931 quod
3009 3839 3202 3919 aiunt”,
3260 3849 3410 3904 nullo
3470 3842 3768 3915 signiﬁcari

2211 3965 2372 4021 modo
2395 3959 2738 4017 contendent.

2279 4051 2626 4124 Respondent
2651 4050 2832 4116 itaque
2865 4041 2956 4098 alii
2981 4037 3277 4096 secundum
3307 4026 3599 4101 Augustini
3619 4040 3772 4079 men-

2214 4161 2319 4206 tem
2346 4191 2360 4213 ,
2406 4161 2511 4201 non
2556 4140 2742 4197 omnia
2779 4135 3005 4191 omnino
3047 4126 3447 4198 apostolorum,
3479 4120 3564 4174 vel
3591 4116 3773 4188 potius

2216 4239 2636 4313 apostolicorum
2667 4232 2939 4290 virorum,
2964 4222 3121 4280 sicuti
3150 4216 3411 4272 Barnabze
3436 4253 3450 4276 ,
3480 4211 3684 4279 scripta
3717 4208 3773 4260 in

2219 4330 2606 4389 canonicorum
2631 4333 2916 4377 numerum
2945 4329 3065 4370 esse
3089 4309 3402 4372 referenda;
3431 4301 3776 4375 quandoqui-

2145 4403 2190 4458 Β
2217 4427 2338 4481 dem
2371 4432 2425 4478 et
2444 4421 2582 4474 liber
2608 4415 2821 4469 Hermas
2838 4452 2852 4477 ,
2879 4417 2933 4464 et
2959 4402 3253 4462 Clementis
3279 4395 3512 4454 Romani
3539 4393 3777 4464 Epistola

2221 4520 2367 4574 hunc
2433 4515 2493 4568 in
2551 4518 2840 4565 numerum
2903 4499 3130 4555 minime
3172 4492 3505 4572 referuntur.
3557 4487 3779 4540 Addunt

2221 4567 2480 4681 praeterea
2505 4617 2616 4658 non
2639 4615 2706 4654 eo
2724 4599 2846 4667 ipso
2871 4593 3137 4661 scriptum
3157 4567 3378 4655 aliquod
3390 4597 3491 4652 pro
3511 4578 3778 4634 canonico

2223 4670 2531 4758 habendum
2561 4737 2577 4760 ,
2605 4691 2749 4764 quod
2781 4690 2849 4744 ab
2872 4682 3119 4756 apostolo
3148 4678 3405 4750 quopiam
3431 4675 3642 4729 editum
3669 4670 3776 4734 sit,

2225 4795 2320 4850 sed
2351 4793 2404 4848 id
2436 4761 2660 4858 insuper
2703 4780 2962 4837 Ecclesiae
2993 4772 3307 4831 deﬁnitione
3347 4763 3650 4823 renuntiari
3681 4761 3780 4814 de-

2225 4887 2354 4941 bere
2383 4883 2715 4936 asseverant.

2294 4975 2405 5030 Nos
2433 4981 2614 5028 autem
2652 4962 2940 5036 Augustini
2988 4963 3221 5011 mentem
3251 4967 3320 5005 ex
3360 4948 3487 5012 alia,
3514 4958 3677 5014 quam
3718 4940 3785 4995 de

2228 5069 2384 5124 libris
2413 5059 2739 5135 apocrypbis
2777 5053 2986 5117 statuit,
3020 5043 3240 5104 certiori
3281 5039 3470 5110 regula
3503 5035 3786 5104 explican-

2229 5164 2352 5218 dam
2375 5173 2494 5214 esse
2524 5166 2829 5210 censemus.
2856 5147 2995 5201 Cum
3030 5141 3172 5197 enim
3207 5137 3322 5205 ipse
3359 5129 3667 5187 accuratius
3696 5125 3792 5177 de—

2531 5209 2669 5298 liber
2713 5235 2974 5294 dicendus
3027 5229 3100 5285 sit
3144 5215 3592 5294 apocrypbus“:
3642 5209 3794 5318 εει-ἕξ

2229 5299 2408 5412 plura:
2445 5331 2787 5404 apocrypha,
2837 5323 3048 5392 inquit,
3099 5319 3494 5382 nuncupantur,
3540 5321 3598 5359 eo
3650 5299 3793 5372 quod

2230 5392 2438 5486 beculta
2478 5392 2665 5481 eorum
2695 5420 2840 5488 origo
2870 5430 2972 5469 non
3002 5407 3197 5464 claruit
3226 5399 3504 5464 Patribus,
3545 5413 3577 5448 a
3605 5392 3794 5466 quibus

577 5660 661 5708 Μ.
737 5660 779 5683 ²¹
812 5660 886 5702 Ue
912 5660 1090 5713 script.
1123 5660 1305 5695 ecetes.
1382 5660 1424 5667 --
1475 5660 1685 5686 nonat.
1712 5660 1764 5681 Ill
1790 5660 1958 5694 ulnam.
1989 5660 2221 5676 unum...
2372 5660 2438 5678 Ἴ
2483 5660 2488 5661 ,
2640 5660 2649 5666 ,

577 5725 694 5778 Lib.
727 5738 762 5783 ι,
794 5729 975 5772 contra
1011 5717 1209 5768 advers.
1239 5708 1386 5776 Legis
1412 5715 1458 5757 et
1497 5702 1768 5769 Propltet.,
1801 5712 1918 5765 cap.
1947 5693 2036 5746 ‘20.
2114 5692 2160 5722 ιδ
2183 5686 2302 5741 Lib.
2337 5697 2403 5735 xv
2435 5678 2510 5730 De
2533 5675 2741 5729 civitate
2773 5669 2865 5722 Dei
2889 5708 2904 5734 ,
2931 5681 3050 5734 cap.
3077 5665 3149 5718 ‘25
3174 5703 3190 5730 ,
3220 5660 3329 5734 μ.
