4032 6146
437 284 544 343 677

1813 259 2347 334 PROLEGOMENA.

3577 277 3681 332 678

438 422 607 476 mque
637 403 706 461 αά
728 422 820 461 nos
853 403 1146 459 ααειονξιαε
1178 398 1438 457 veracium
1463 393 1862 466 Scripturarum
1899 401 2014 444 cer—
2043 387 2088 448 Α
2116 387 2406 442 contraria:
2432 388 2714 442 sententiae
2745 396 3180 461 propugnatores
3211 405 3277 448 ac
3320 393 3535 463 patroni
3586 410 3678 450 re-

439 501 649 555 tissima
676 510 722 554 et
751 500 1024 553 notissima
1058 497 1384 551 successione
1410 489 1659 563 pervenit.
1685 486 1764 540 Ex
1788 487 1888 539 hac
1915 496 2011 536 au-

438 601 548 648 tem
604 593 730 647 libri
788 591 1081 663 apocryphi
1135 588 1450 645 deﬁnitione
1495 593 1643 639 recte
1692 577 2005 635 adversario

437 700 563 752 suo,
594 685 763 740 libros
790 683 1020 740 Andreae
1043 691 1097 737 et
1117 680 1342 735 Joannis
1366 673 1668 746 objicienti,
1686 670 1998 742 respondet,

435 791 532 832 eos
562 774 722 846 plane
749 790 871 832 esse
917 773 1289 845 apocryphos;
1329 770 1456 840 quia
1485 769 1532 823 si
1572 766 1641 821 ab
1671 765 1740 820 iis
1767 777 1998 833 quorum

435 873 586 922 tanta
637 875 754 921 erat
795 865 938 936 apud
984 863 1281 919 Ecclesiam
1331 859 1655 924 auctoritas,
1706 870 1833 909 vere
1875 868 2003 923 pro-

433 960 687 1027 diissent,
722 958 777 1014 id
800 967 854 1014 et
905 956 1156 1012 Patribus
1185 961 1551 1025 perspectum,
1575 959 1630 1006 et
1662 949 1731 1004 ab
1759 947 1998 1002 Ecclesia

434 1052 631 1108 fuisset
684 1055 983 1120 receptum.
1053 1047 1394 1116 Quapropter
1449 1058 1573 1098 cum
1643 1057 1674 1096 e
1722 1038 1998 1095 contrario

433 1142 589 1212 origo
634 1141 879 1211 epistolae
936 1138 1197 1193 Barnabas
1239 1135 1520 1198 Patribus,
1568 1131 1827 1186 nimirum
1873 1129 1998 1185 Cle-

434 1231 639 1299 menti,
682 1229 903 1301 Origeni
944 1237 1107 1298 atque
1133 1227 1256 1281 aliis
1288 1224 1566 1291 claruerit,
1597 1239 1663 1278 ex
1694 1223 1856 1278 allata
1886 1221 1998 1274 Au-

433 1324 639 1394 gustini
666 1322 981 1378 deﬁnitione
1017 1321 1160 1376 inter
1187 1318 1529 1390 apocryphas
1570 1316 1869 1387 scripturas
1898 1330 1998 1368 an-

434 1415 711 1472 numerari
743 1430 850 1470 non
877 1413 1052 1470 debet.

956 1542 1352 1601 ARTICULUS
1390 1542 1479 1599 Vl.

682 1660 981 1716 Secundum
1011 1668 1380 1732 argumentum
1407 1657 1737 1728 expenditur.

2114 479 2407 548 spondent,
2435 479 2550 532 ilch
2580 479 2744 532 verba
2761 494 2877 534 non
2902 481 3129 536 omnino
3154 483 3220 538 ad
3267 483 3497 539 litteram
3523 525 3539 550 ,
3583 485 3676 540 sed

2104 570 2395 641 benignius
2425 571 2764 640 accipienda,
2805 572 3053 644 nihilque
3088 573 3234 629 aliud
3278 590 3476 631 sonare
3510 591 3673 648 quam

2105 664 2384 734 apostolos
2402 703 2418 729 ,
2443 664 2589 734 quod
2612 664 2831 734 quidem
2861 681 3050 720 verum
3083 677 3187 733 est,
3216 676 3341 723 ante
3364 670 3676 724 conversio-

2101 770 2225 810 nem
2259 771 2412 811 suam
2446 757 2616 812 multa
2642 773 2947 829 magnaque
2973 774 3247 829 peccasse.

2172 845 2282 902 Nos
2312 863 2442 902 vero
2474 848 2579 904 hoc
2615 849 2757 903 idem
2787 859 3166 921 argumentum
3198 851 3266 905 ab
3297 849 3525 922 Origene
3557 850 3670 921 jam

2100 939 2228 994 olim
2261 939 2430 995 fuisse
2457 940 2692 996 dilutum
2728 944 3125 1012 respondemus
3145 945 3211 998 ’⁷.
3241 944 3375 1000 Cum
3397 945 3542 999 enim
3566 945 3674 1016 for-

2100 1039 2238 1084 tasse
2261 1028 2454 1087 Celsus
2491 1046 2558 1086 ex
2587 1032 2779 1088 iisdem
2813 1035 3056 1091 auctoris
3087 1037 3259 1091 nostri
3289 1038 3471 1092 verbis
3511 1053 3670 1093 ocea-

2097 1122 2318 1188 sionem,
2353 1123 2471 1193 ipso
2500 1132 2634 1179 teste
2665 1124 2917 1195 Origene,
2949 1128 3284 1196 arripuisset,
3311 1137 3369 1182 ut
3402 1127 3667 1197 apostolos

2097 1212 2322 1282 infames
2342 1223 2390 1266 et
2415 1215 2757 1284 nequissimos
2783 1217 2998 1284 diceret,
3021 1215 3205 1272 Jesum
3229 1219 3297 1271 ad
3320 1219 3666 1288 apostolicam

2097 1304 2414 1372 [unctionem
2443 1305 2658 1375 elegisse
2696 1307 2930 1362 homines
2956 1310 3101 1362 omni
3130 1311 3412 1380 iniquitate
3440 1312 3668 1381 iniquio-

2099 1413 2212 1461 res;
2243 1397 2323 1452 sic
2349 1397 2524 1461 illum,
2555 1407 2608 1452 et
2635 1399 2856 1469 quidem
2888 1401 3136 1470 apposite
3171 1403 3237 1457 ad
3263 1417 3377 1458 rem
3420 1414 3664 1462 nostram

2096 1486 2342 1542 confutat
2366 1505 2380 1542 :
2410 1487 2552 1552 Quid
2583 1489 2749 1558 igitur
2764 1489 3004 1557 absurdi,
3033 1493 3080 1545 si
3108 1492 3263 1546 Iesus
3284 1495 3552 1550 ostendere
3579 1512 3667 1550 vo-

2093 1581 2203 1636 lens
2233 1581 2462 1635 ltumano
2505 1583 2682 1652 generi
2718 1595 2977 1654 quantum
3019 1587 3134 1655 ejus
3181 1589 3441 1647 medicina
3479 1600 3666 1645 contra

2093 1681 2260 1740 pestes
2295 1673 2596 1726 animarum
2621 1674 2837 1744 polleat,
2862 1676 3088 1746 infames
3111 1687 3161 1732 et
3191 1682 3532 1750 nequissimos
3559 1682 3665 1738 ele-

502 1756 818 1813 Secundllm
863 1764 1240 1826 argumentum
1267 1795 1280 1820 ν
1309 1769 1418 1822 quo
1444 1753 1559 1806 1³³³0
1584 1749 1824 1841 ΕΡίειίξῘἎ
1847 1747 1990 1841 βπ·-
2020 1744 2062 1799 Β
2090 1763 2188 1832 git,
2227 1772 2284 1817 ut
2315 1779 2518 1817 morum
2557 1744 2964 1834 purissimarum
2999 1744 3290 1837 exemplum
3321 1773 3503 1841 fierent
3548 1791 3664 1828 am-

429 1848 584 1903 naba:
611 1847 973 1917 abjudicetur,
990 1845 1114 1900 inde
1141 1845 1491 1914 desumptum
1513 1849 1618 1907 est,
1635 1839 1779 1911 quod
1808 1839 1990 1892 videa-

429 1949 519 1993 tur
543 1937 860 1993 incredibile
901 1934 1208 2006 apostolum
1239 1949 1332 1988 eas
1369 1933 1689 2002 scripsisse,
1737 1946 1875 2001 quas
1915 1928 1988 1983 ibi

426 2029 680 2098 legimus,
708 2037 926 2084 coactas
957 2026 1216 2081 nimirum
1249 2023 1569 2094 allegorias,
1612 2021 1989 2076 enarrationes

427 2116 831 2188 Scripturarum
849 2116 1030 2170 minus
1043 2113 1675 2182 verisimiles,anilesque
1691 2111 1758 2166 de
1771 2109 1986 2165 anima-

424 2209 568 2264 libus
583 2208 815 2264 fabulas.
833 2206 1143 2277 Respondet
1154 2203 1493 2270 Hannondus,
1517 2201 1812 2266 Gnosticos,
1840 2198 1988 2255 Scri-

422 2311 595 2372 pturce
631 2317 799 2356 sacrte
829 2302 1048 2372 mystiee
1087 2297 1495 2369 interpretanda
1536 2295 1844 2367 facultatem
1883 2293 1984 2347 sibi

423 2393 926 2465 arrogantes,multa
942 2391 1133 2447 Veteris
1155 2389 1474 2448 Testementi
1492 2387 1792 2442 testimonia
1809 2385 1877 2439 ad
1891 2387 1988 2438 im-

421 2503 580 2557 puros
603 2503 728 2542 usus
752 2484 1239 2538 accommodasse...
1252 2518 1290 2536 ..
1309 2479 1448 2533 Hinc
1464 2477 1744 2532 Barnabas
1763 2477 1860 2530 hac
1877 2476 1984 2545 fere

423 2581 664 2634 uniuersa
686 2576 925 2647 Epistula
953 2591 1052 2629 sua
1074 2573 1271 2628 Veteris
1296 2570 1644 2626 Instrumenti
1662 2568 1780 2622 loca
1800 2583 1982 2638 quam-

419 2672 650 2742 plurima
679 2669 929 2739 mystice,
958 2668 1118 2721 etiam
1145 2665 1450 2720 cabalistice
1475 2661 1734 2732 exposita,
1763 2659 1981 2715 Gnosti-

419 2780 601 2818 corum
632 2761 888 2816 doctrinis
921 2759 1155 2830 opponit.

491 2851 841 2924 Respondent
871 2852 962 2906 alii
1011 2850 1346 2905 Clementem
1374 2846 1822 2913 Alexandrinum,
1853 2843 1979 2901 Ori-

418 2959 607 3017 genem
634 2985 650 3011 ,
680 2943 929 3012 aliosque
971 2942 1065 3012 qui
1108 2940 1250 3007 hanc
1271 2938 1573 3010 Epistulam
1598 2936 1861 2997 Barnabas
1883 2935 1981 2990 ad-

411 3034 677 3107 jndicant,
702 3033 835 3088 nihil
867 3041 1116 3098 coactum
1149 3031 1204 3085 in
1235 3030 1355 3101 ejus
1385 3027 1678 3099 allegoriis,
1702 3026 1838 3082 nihil
1867 3040 1978 3080 non

414 3126 709 3182 verisimile
745 3125 800 3180 in
846 3123 1312 3189 enarrationibus,
1342 3121 1479 3176 nihil
1503 3120 1736 3191 denique
1757 3118 1973 3174 fabulo-

414 3235 537 3282 sum
587 3219 643 3273 in
682 3233 748 3274 ea
781 3217 1084 3287 reperisse;
1125 3215 1237 3270 imo
1267 3214 1404 3268 nihil
1444 3214 1592 3283 quod
1621 3226 1730 3269 non
1756 3218 1978 3281 aposto-

413 3309 581 3366 licum
621 3308 823 3372 virum,
870 3305 1010 3361 nihil
1057 3303 1205 3374 quod
1241 3317 1273 3358 a
1324 3302 1587 3358 Barnabas
1628 3299 1802 3372 ipsius
1836 3299 1976 3372 stylo

414 3403 652 3457 alienum
683 3397 921 3468 aliquid,
955 3403 1051 3451 aut
1095 3395 1189 3449 illo
1233 3394 1515 3466 indignum
1551 3408 1662 3464 prae
1715 3406 1775 3449 se
1814 3390 1971 3446 ferat.

414 3493 756 3563 Quapropter
775 3487 1038 3559 quosdam
1062 3495 1265 3541 nostrae
1292 3485 1466 3540 aetatis
1487 3484 1637 3540 viros
1657 3482 1976 3540 temeritatis

414 3587 674 3642 audacter
703 3582 978 3646 incusant,
1007 3579 1103 3650 qui
1133 3579 1199 3634 de
1231 3577 1372 3650 stylo
1393 3575 1817 3647 apostolicorum
1841 3574 1977 3630 scri-

414 3685 636 3748 ptorum
672 3673 868 3730 melius
897 3687 1060 3744 quam
1105 3669 1422 3726 eorumdem
1453 3667 1703 3739 discipuli
1729 3708 1746 3734 ,
1777 3666 1978 3736 aliique

416 3782 699 3838 suppares,
731 3773 826 3821 aut
845 3762 1091 3836 ejusdem
1136 3761 1312 3817 aetatis
1342 3760 1612 3828 homines,
1639 3774 1699 3814 se
1731 3759 1978 3829 judicare

415 3871 579 3928 posse
618 3855 920 3912 conﬁdunt.
953 3851 1050 3908 His
1081 3851 1346 3921 adjiciunt
1376 3849 1510 3905 illud
1541 3847 1714 3906 fuisse
1758 3849 1972 3906 Judaao-

415 3965 538 4004 rum
584 3949 651 4003 ad
690 3945 1060 4003 Christianam
1108 3943 1297 4009 ﬁdem,
1333 3943 1475 3998 sicut
1515 3942 1632 4012 ipse
1674 3941 1973 4008 Barnabas,

414 4040 628 4095 noviter
655 4052 1044 4094 conversorum
1085 4033 1390 4104 ingenium;
1445 4043 1502 4087 ut
1533 4033 1844 4103 Scripturas
1889 4048 1977 4088 sa-

413 4147 538 4186 cras
568 4129 841 4201 allegoriis
867 4145 931 4184 ac
985 4129 1228 4200 mysticis
1257 4124 1693 4181 enarrationibus
1719 4125 1978 4194 interpre-

415 4234 660 4279 tarentur
680 4265 694 4289 ,
721 4221 1000 4291 multaque
1032 4220 1085 4274 in
1119 4218 1440 4274 animalium
1495 4216 1847 4287 proprietates
1874 4216 1973 4270 ob-

415 4325 714 4373 servarent.

2089 1855 2428 1924 plectentibus
2471 1857 2586 1925 ejus
2630 1856 2995 1929 Evangelium.
3039 1859 3185 1915 Nihil
3229 1878 3360 1934 ergo
3408 1864 3658 1931 absurdi,

2089 1944 2227 1999 nihil
2270 1943 2517 2001 Barnaba
2564 1948 2792 2018 indigni,
2843 1966 2945 2006 nec
2978 1952 3207 2008 nimium
3239 1954 3570 2026 hyperbolici
3604 1959 3661 2012 in

2089 2035 2173 2091 bis
2196 2037 2379 2092 verbis
2407 2052 2529 2092 esse
2560 2039 2644 2092 vir
2670 2054 2901 2095 summae
2924 2041 3249 2100 eruditionis
3280 2043 3541 2117 Origenes
3561 2064 3653 2103 ar-

2087 2124 2324 2181 bitratus
2349 2135 2434 2182 est
2463 2145 2476 2180 :
2511 2126 2878 2201 Hieronymus
2926 2141 3107 2187 autem
3142 2135 3285 2189 hanc
3331 2139 3658 2193 sententiam

2086 2217 2206 2272 viro
2237 2219 2537 2288 apostolico
2565 2220 2638 2274 ita
2669 2221 2886 2290 dignam
2917 2225 3169 2290 credidit,
3196 2228 3333 2280 utin
3360 2228 3499 2283 libro
3523 2245 3658 2285 con-

2089 2316 2172 2363 tra
2214 2307 2535 2379 Pelagianos
2582 2312 2818 2382 scripto,
2868 2316 3115 2370 eamdem
3166 2316 3362 2388 lgnatii
3403 2321 3658 2392 martyris

2087 2401 2308 2457 nomine
2337 2403 2560 2458 laudare
2590 2418 2698 2458 non
2731 2405 3080 2461 dubitaverit.

2586 2514 2984 2573 ARTICULUS
3022 2519 3154 2576 Vlll.

2390 2605 2594 2676 Μουνιὶὶ
2624 2609 2936 2678 conjectura:
2961 2611 3344 2676 discutiuntur.

2152 2696 2401 2769 Moynius
2431 2699 2554 2756 aliis
2583 2701 2912 2770 quibusdam
2943 2711 3139 2758 contra
3168 2705 3412 2760 eamdem
3442 2706 3648 2776 episto-

2082 2801 2190 2847 lam
2221 2802 2426 2864 pugnat
2451 2795 2782 2864 conjecturis
2812 2813 2826 2851 :
2857 2811 2980 2865 quae
3008 2795 3231 2867 quidem
3262 2799 3518 2867 quamvis
3547 2800 3658 2857 sint

2080 2884 2390 2951 levissima,
2425 2894 2606 2939 tamen
2638 2901 2760 2940 cum
2811 2887 2997 2941 nullus
3024 2887 3293 2944 hactenus
3325 2889 3394 2946 iis
3427 2906 3657 2962 respon-

2081 2972 2227 3027 disse
2255 2972 2492 3044 legatur',
2521 2988 2619 3043 pro
2650 2989 2800 3030 more
2829 2985 3038 3043 nostro,
3088 2992 3153 3032 ne
3194 2979 3326 3048 quid
3374 2979 3655 3052 relinqua-

2004 3079 2048 3139 ο
2081 3079 2205 3120 mus
2231 3065 2517 3132 intactum,
2548 3064 2668 3126 illas
2704 3067 3022 3137 singillatim
3059 3070 3516 3128 examinabimus.
3563 3074 3658 3128 Ait

2077 3155 2261 3227 itaque
2288 3175 2302 3212 :
2333 3175 2352 3209 α
2383 3156 2508 3212 Haec
2535 3159 2762 3228 epistola
2789 3159 2832 3215 si
2860 3167 3006 3216 esset
3031 3159 3327 3231 Barnabae,
3360 3163 3508 3219 illam
3539 3181 3650 3220 non

2077 3264 2238 3304 secus
2280 3264 2345 3304 ac
2375 3247 2729 3320 Evangelium
2782 3250 3018 3306 Matthzei
3067 3254 3280 3308 tumulo
3331 3269 3433 3310 suo
3479 3256 3644 3312 condi

2071 3339 2348 3412 jussisset.
2383 3359 2403 3393 ›
2440 3338 2645 3396 Verum
2671 3341 2796 3412 quis
2819 3342 3036 3414 Moynio
3064 3345 3370 3400 Barnabam
3396 3345 3656 3417 Epistolas

2077 3447 2192 3489 suae
2233 3431 2512 3503 exemplar
2554 3447 2790 3503 semper,
2845 3444 2942 3489 ant
2973 3437 3188 3504 saltem,
3240 3453 3366 3492 cum
3419 3449 3650 3495 mortem

2077 3523 2230 3592 obiit,
2274 3539 2461 3582 secum
2494 3540 2806 3580 asservasse
2845 3527 3140 3596 patefecit?
3175 3528 3316 3584 Num
3355 3531 3527 3587 moris
3567 3540 3654 3588 est

2077 3616 2220 3688 apud
2244 3618 2492 3673 homines
2515 3617 2872 3687 epistolarum
2901 3635 3128 3676 suarum
3159 3624 3239 3677 sic
3262 3623 3406 3692 apud
3433 3639 3494 3680 se
3528 3640 3648 3680 ser-

2073 3725 2206 3766 vare
2248 3709 2620 3780 exemplaria?
2658 3709 2861 3767 Demus
2890 3720 3071 3767 tamen
3101 3713 3318 3786 Moynio
3346 3731 3510 3785 penes
3534 3732 3651 3772 mo—

2076 3801 2303 3857 rientem
2337 3800 2646 3856 Barnabam
2677 3800 2848 3856 fuisse
2877 3801 3138 3873 Epistolas
3181 3821 3294 3860 sua:
3325 3807 3602 3877 exemplar
3629 3825 3646 3863 :

2075 3891 2320 3962 nunquid
2354 3905 2483 3961 ergo
2521 3891 2957 3953 lucubrationem
2987 3909 3142 3948 suam
3179 3895 3264 3948 vir
3308 3895 3650 3952 modestissi-

2075 3998 2199 4038 mus
2223 3981 2414 4036 eodem
2443 3981 2497 4036 in
2529 3983 2706 4052 pretio
2731 3997 2796 4036 ac
2831 3981 3069 4038 Matthazi
3103 3982 3456 4056 Evangelium
3483 3987 3649 4042 babes

2075 4071 2201 4126 bat?
2246 4070 2303 4126 Si
2338 4071 2390 4126 id
2437 4073 2734 4128 contendat
2778 4072 3058 4145 Moynius,
3087 4074 3334 4132 dicemus
3366 4092 3492 4132 eum
3522 4078 3648 4134 ideo

2075 4179 2198 4219 cum
2234 4164 2339 4220 hoc
2367 4163 2684 4235 Evangelio,
2714 4180 2824 4220 non
2853 4174 3034 4220 autem
3067 4183 3189 4222 cum
3221 4184 3320 4223 sua
3366 4166 3645 4240 Epistola,

2075 4256 2290 4325 sepeliri
2317 4257 2590 4322 voluisse;
2621 4259 2748 4326 quia
2777 4258 2911 4314 illud
2939 4260 3224 4316 historiam
3255 4262 3400 4330 vitae,
3427 4265 3640 4332 mortis,

2077 4362 2140 4402 ac
2175 4348 2567 4404 miraculorum
2609 4350 2838 4415 Christi,
2869 4367 3033 4422 quam
3067 4368 3284 4424 semper
3318 4370 3428 4424 prae
3467 4356 3642 4414 oculis

484 4409 780 4475 Addemus.
819 4421 922 4462 nos
964 4406 1122 4475 paulo
1165 4402 1806 4506 ροειροωοιιειὴειυνοε
1836 4399 1976 4504 ¹ξ³¹¹⁰
2004 4416 2053 4476 D
2080 4399 2880 4512 abies;sanescat};

414 4501 710 4572 Epistulam
751 4500 797 4555 si
828 4498 1088 4553 Barnabas
1133 4511 1244 4551 non
1276 4496 1368 4560 sit,
1401 4494 1642 4549 auctoris
1669 4508 1791 4548 esse
1819 4493 1970 4562 ejus-

413 4595 536 4650 dem
570 4608 692 4648 cum
745 4591 856 4657 illo,
891 4599 986 4643 aut
1033 4597 1198 4643 certae
1227 4587 1486 4658 proximae
1532 4586 1726 4641 aetatis.
1759 4583 1970 4639 Nemini

414 4690 595 4739 autem
641 4697 772 4738 vero
815 4679 1088 4736 videbitur
1136 4678 1314 4734 simile
1366 4677 1684 4747 scriptorem
1733 4676 1973 4747 pium-et

415 4776 657 4841 doctum,
686 4772 818 4828 viris
842 4770 1153 4843 apostolicis
1180 4784 1441 4835 coaevum,
1469 4770 1673 4840 quique
1695 4767 1971 4838 quomodo

415 4867 646 4938 apostoli
689 4864 1001 4934 Scripturas
1042 4869 1395 4933 exponerent,
1447 4862 1690 4931 apprime
1726 4867 1970 4920 noverat,

417 4952 486 5005 ab
518 4961 703 5005 eorum
739 4950 906 5019 stylo,
947 4955 1002 5000 et
1031 4948 1301 5004 scribendi
1334 4946 1828 5020 interpretandique
1860 4963 1978 5002 me-

418 5043 585 5098 tbodo
607 5041 706 5096 hac
735 5041 788 5094 in
822 5039 1060 5111 Epistola
1091 5041 1304 5111 penitus
1329 5039 1641 5098 descivisse.

924 5173 1319 5231 ARTICULUS
1356 5173 1468 5230 Vll.

697 5266 929 5322 Tertium
956 5281 1323 5339 argumentum
1360 5267 1709 5322 examinatur.

484 5355 724 5413 Tertium
757 5369 1134 5429 argumentum
1164 5368 1267 5428 est,
1317 5359 1616 5415 Barnabam
1657 5357 1819 5412 modo
1861 5365 1970 5412 tam

414 5447 766 5519 hyperbolico
791 5463 900 5503 non
930 5457 1246 5505 vocaturum
1281 5451 1553 5521 apostolos
1597 5448 1971 5519 iniquissimos

414 5542 722 5611 hominum,
745 5552 800 5599 et
830 5558 992 5614 super
1024 5559 1186 5600 omne
1208 5555 1488 5616 peccatum
1526 5553 1862 5618 peccatores.
1903 5543 1972 5599 At

481 5709 528 5746 ³⁸⁸
558 5709 678 5771 Lib.
713 5722 849 5768 cont.
887 5710 1117 5768 Celsum.
1195 5712 1240 5745 '°
1268 5712 1385 5768 Lib.
1417 5714 1507 5769 cit.

2144 4529 2317 4586 Instat
2355 4540 2530 4587 tamen
2570 4532 2822 4604 Moynius
2848 4537 3187 4608 apocryphos
3226 4539 3398 4594 libros
3425 4539 3494 4594 ab
3537 4555 3640 4595 au-

2077 4631 2224 4676 ctore
2250 4631 2440 4676 nostro
2467 4623 2643 4678 citari.
2675 4622 2814 4690 Quid
2846 4625 2970 4681 inde
2987 4627 3024 4679 ?'
3041 4625 3232 4683 Nonne
3257 4637 3310 4682 et
3337 4629 3641 4686 doctissimi

2073 4713 2175 4767 viri
2197 4711 2426 4767 Paulum
2452 4713 2712 4770 etJudam
2741 4716 2910 4773 libros
2940 4719 3125 4773 itidem
3155 4721 3498 4791 apocryphos
3520 4723 3641 4777 lau-

2075 4803 2289 4858 davisse
2341 4803 2612 4859 fatentur?
2669 4804 2860 4862 Nonne
2910 4820 2964 4862 et
3013 4806 3218 4862 Paulus
3264 4809 3398 4878 tipse
3455 4812 3639 4866 ethni-

2077 4911 2288 4963 corum,
2326 4913 2463 4968 quos
2498 4899 2824 4969 apocryphis
2872 4900 2940 4954 ab
2970 4913 3192 4957 auctore
3235 4911 3422 4957 nostro
3456 4904 3640 4961 citatis

2079 4996 2336 5056 praestare
2363 5003 2522 5043 nemo
2552 4989 2772 5054 dixerit,
2801 4991 2981 5044 attulit
3009 4992 3420 5047 auctoritatem?

2151 5076 2314 5150 Urget
2361 5079 2539 5135 adhuc
2555 5079 2601 5111 ’⁸
2631 5079 2935 5136 Barnabam
2967 5079 3223 5152 EpiStolae
3250 5084 3316 5137 ad
3346 5082 3637 5154 Hebraeos,

2078 5171 2296 5225 nomine
2328 5169 2481 5225 Pauli
2510 5180 2844 5240 praenotata,
2891 5172 3061 5228 fuisse
3093 5183 3392 5230 auctorem.
3436 5177 3635 5246 Atqui,

2075 5264 2250 5334 inquit
2279 5264 2388 5329 ille,
2433 5279 2536 5318 non
2561 5263 2708 5316 video
2733 5279 2895 5333 quate
2917 5266 3159 5333 secundis
3187 5267 3329 5319 curis
3353 5283 3636 5338 argumen-

2077 5365 2187 5410 tum
2225 5355 2368 5410 istud
2407 5357 2597 5410 iterum
2641 5364 3012 5424 pertractusset
3044 5373 3162 5410 cum
3193 5360 3422 5429 quadam
3449 5361 3638 5430 prima

2074 5446 2410 5513 delibatione,
2449 5447 2602 5517 quasi
2642 5446 2950 5515 inEpistola
2980 5447 3050 5500 ad
3083 5447 3333 5504 Hebraeos
3359 5453 3636 5506 materiam

2073 5542 2235 5597 istam
2276 5543 2435 5599 nimis
2483 5539 2866 5611 perfunctorie,
2903 5544 3185 5618 .ntinusque
3232 5545 3456 5615 feliciter
3499 5555 3634 5601 esset
