4032 6146
472 200 583 260 679

1657 202 1713 259 S.
1755 203 2122 258 BARNABAS
2159 203 2587 261 APOSTOLUS.

3615 217 3721 272 δερ

462 329 790 393 prosecutus.
814 319 1000 393 Neque
1045 323 1154 379 hoc
1179 333 1561 396 argumentum
1601 327 1782 396 priore
1809 327 2042 382 validius
2069 329 2117 386 Α
2144 337 2341 382 verunt
2368 328 2685 399 diligentius
2754 331 2812 384 hi
2862 315 3371 402 ingenueiatentur
3400 332 3724 403 apud'anti-

460 424 565 469 est.
595 413 780 469 Primo
805 415 1005 486 quippe
1032 414 1233 472 falsum
1275 425 1358 473 est
1415 417 1723 472 Barnabam
1794 418 1937 473 hanc
1977 417 2045 472 ad

462 504 723 563 Hebraeos
771 508 1060 578 scripsisse
1097 508 1684 580 Epistolam.,Deinde,
1730 520 1870 575 esto,
1907 526 2045 566 εει-ι-

461 601 651 668 pserit.
687 598 947 669 Nunquid
983 616 1092 654 non
1132 603 1313 670 potuit
1343 601 1486 656 idem
1517 611 1708 657 auctor
1739 603 1950 658 duabus
1975 603 2043 657 ad

460 691 710 747 diversos
756 692 985 746 diversae
1035 692 1277 761 regionis
1331 692 1604 758 homines,
1657 709 1797 763 quos
1845 694 2040 749 iisdem

455 785 728 840 doctrinis
773 793 829 839 et
860 784 1146 854 praeceptis
1196 784 1442 839 imbuere
1470 786 1707 852 volebat,
1741 787 1884 842 datis
1921 786 2041 855 epi-

455 877 640 940 stolis,
671 877 811 930 idem
841 883 1079 930 tractare
1110 878 1530 945 argumentum?
1563 876 1810 947 Denique
1853 893 2038 931 nonne

457 967 604 1021 idem
632 975 825 1020 auctor
867 967 1053 1035 plures
1077 967 1142 1021 de
1174 982 1234 1021 re
1267 968 1457 1022 eadem
1515 968 1724 1022 litteras
1755 957 2036 1034 scribere:

459 1061 761 1129 eademque
788 1059 845 1113 in
873 1059 982 1114 illis
1027 1068 1268 1130 repetere
1299 1068 1352 1116 et
1393 1061 1672 1117 inculcare
1709 1062 2039 1132 quandoque

457 1152 712 1221 cogitur?

536 1243 704 1313 Urget
751 1243 950 1299 iterum
985 1243 1236 1316 Moynius
1279 1245 1421 1300 hanc
1465 1243 1769 1315 Epistolam
1801 1261 1833 1300 a
1875 1245 2035 1316 primi

457 1345 514 1392 et
554 1337 780 1392 secundi
809 1338 993 1392 saeculi
1035 1337 1419 1406 scriptoribus,
1461 1345 1592 1405 puta
1623 1336 1905 1392 Clemente
1932 1337 2039 1393 Ro-

460 1444 645 1495 mano,
691 1426 1010 1498 Polycarpo,
1057 1429 1266 1498 Ignatio
1306 1429 1469 1483 etiam
1515 1427 1571 1482 in
1618 1430 1734 1484 suis
1777 1431 2039 1485 adversus

458 1518 677 1577 Iudaeos
731 1521 1194 1592 disputationibus
1243 1521 1437 1577 nullibi
1488 1520 1786 1577 laudatam.
1836 1521 2036 1578 Verum

459 1629 600 1683 quas
647 1613 782 1668 alias
829 1613 992 1668 iidem
1049 1613 1350 1682 scriptores
1401 1611 1634 1667 aliorum
1678 1613 1937 1684 epistolas
1987 1626 2040 1670 et

460 1706 664 1774 scripta
711 1704 1028 1768 citaverint,
1075 1704 1129 1757 in
1174 1704 1413 1757 medium
1458 1702 1708 1774 proferre
1751 1703 2036 1758 debuerat.

459 1795 604 1864 Quid
650 1811 803 1859 vero,
849 1797 895 1850 si
943 1797 1059 1850 hate
1090 1794 1332 1865 Epistola
1368 1796 1421 1849 in
1455 1810 1649 1850 eorum
1691 1811 1888 1852 manus
1928 1812 2038 1852 non

461 1887 707 1943 venerit?
758 1886 867 1942 Sed
914 1886 1248 1955 conjecturis
1304 1902 1413 1940 non
1465 1896 1550 1942 est
1597 1903 1770 1957 opus;
1831 1897 2038 1943 certum

460 1980 660 2051 quippe
688 1988 772 2034 est
801 1980 945 2033 hanc
976 1978 1273 2048 Epistolam
1302 1995 1332 2034 a
1363 1978 1641 2034 Clemente
1664 1980 2040 2037 Alexandrino

461 2072 648 2128 saeculi
697 2072 924 2127 secundi
969 2081 1215 2136 auctore,
1247 2081 1308 2126 ut
1354 2087 1520 2142 supra
1549 2073 1810 2139 vidimus,
1840 2075 2036 2143 citari';

461 2163 606 2232 quod
633 2163 700 2216 ad
731 2176 927 2216 vanam
973 2161 1334 2230 objectionem
1366 2160 1528 2230 plane
1553 2159 1867 2216 diluendam
1904 2162 2040 2218 satis

461 2269 736 2324 superque
762 2255 968 2308 dictum
1002 2253 1091 2308 sit.

533 2345 701 2400 Instat
723 2345 959 2414 denique
982 2345 1126 2399 hanc
1148 2342 1445 2413 Epistolam
1473 2358 1504 2396 a
1527 2342 1794 2409 Barnaba,
1817 2344 1911 2414 qui
1935 2344 2039 2399 sub

458 2433 674 2490 Nerone
704 2436 1024 2507 martyrium
1055 2451 1252 2505 passus
1289 2443 1398 2500 est,
1426 2435 1587 2490 scribi
1612 2450 1722 2489 non
1759 2435 2035 2505 potuisse;

460 2528 662 2596 quippe
688 2543 810 2598 quae
835 2538 957 2597 post
981 2543 1226 2582 eversam
1256 2542 1283 2580 a
1309 2525 1434 2580 Tito
1457 2525 1889 2597 Hierosolymam
1913 2527 2037 2581 data

461 2615 646 2671 fuerit.
677 2619 853 2687 Atque
884 2618 987 2672 hoc
1011 2617 1142 2672 illud
1168 2625 1252 2671 est
1285 2618 1426 2686 quod
1453 2617 1508 2670 in
1535 2616 1678 2672 notis
1705 2623 1758 2671 et
1781 2617 2039 2672 observa-

461 2707 704 2762 tionibus
733 2708 849 2761 suis
879 2715 1261 2778 argumentum
1307 2707 1713 2761 invictissimum
1750 2717 1800 2761 et
1828 2709 2033 2762 eviden-

465 2799 729 2852 tissimum
746 2800 1000 2868 appellat.
1026 2797 1084 2852 Id
1113 2800 1293 2868 itaque
1317 2799 1480 2868 paulo
1503 2798 1788 2868 prolixiori
1817 2815 2040 2870 respon-

463 2889 622 2945 sione
656 2889 975 2944 solvendum
1006 2897 1111 2944 est.

995 2980 1387 3036 ARTICULUS
1426 2981 1516 3037 IX.

691 3073 1040 3140 Quandonam
1078 3075 1186 3128 hac
1210 3073 1434 3143 epistola
1463 3073 1661 3144 scripta
1687 3075 1778 3128 sit.

537 3165 656 3220 lam
686 3167 830 3220 enim
860 3182 968 3236 quo
998 3175 1238 3236 tempore
1284 3167 1399 3220 haec
1428 3163 1670 3236 Epistola
1698 3166 1900 3236 scripta
1927 3165 2032 3232 sit,

465 3256 855 3329 indagandum.
903 3256 1005 3324 Qui
1036 3273 1155 3312 eam
1200 3256 1463 3312 Barnabas
1506 3258 1772 3323 tribuunt,
1811 3258 1865 3312 hi
1909 3266 2035 3314 ante

461 3350 584 3420 ejus
612 3351 819 3406 obitum
849 3351 1030 3404 datam
1059 3365 1181 3405 esse
1209 3349 1431 3404 indubie
1473 3351 1850 3418 pronuntiant.
1901 3349 2035 3418 Qui-

465 3444 571 3498 bus
593 3457 722 3497 vero
753 3457 841 3498 res
874 3441 929 3496 in
962 3442 1223 3511 ambiguo
1246 3450 1350 3508 est,
1391 3441 1429 3495 ii
1452 3449 1633 3496 tamen
1665 3443 1810 3498 illius
1841 3453 2035 3498 aucto-

466 3551 580 3590 rem
609 3535 944 3604 temporibus
986 3533 1355 3602 apostolorum
1383 3532 1635 3589 ﬂoruisse
1673 3549 1804 3589 vero
1842 3543 2034 3605 putant

465 3628 722 3682 similius.
754 3625 997 3695 Denique
1019 3627 1112 3695 qui
1147 3641 1178 3680 a
1209 3622 1454 3680 Barhaba
1486 3625 1781 3696 profectam
1808 3637 2030 3698 negant,

462 3735 588 3774 eam
619 3726 743 3788 post
771 3717 1042 3772 excidium
1076 3715 1650 3788 Hierosolymitanum,
1697 3717 1792 3772 sed
1815 3729 1940 3774 ante
1964 3720 2032 3774 ti-

465 3824 592 3864 nem
629 3808 852 3864 secundi
880 3807 1063 3863 saeculi
1092 3808 1351 3877 scriptam
1385 3823 1506 3864 esse
1540 3814 1853 3878 opinantur.
1883 3808 2032 3882 Moy-

466 3901 595 3955 nius
625 3899 888 3956 hisaddit
918 3899 1066 3954 illam
1099 3909 1224 3968 post
1265 3915 1452 3954 necem
1481 3898 1706 3966 Justini,
1749 3902 1843 3971 qui
1885 3916 2030 3958 anno

468 3992 573 4046 162
604 4001 699 4046 aut
729 3993 843 4051 ,165
883 4000 1092 4058 martyr
1124 3991 1400 4054 occubuit,
1457 4001 1513 4046 et
1553 3999 1677 4046 ante
1707 3991 2030 4047 Tertulliani

467 4092 724 4149 mortem,
755 4099 876 4152 qua:
906 4082 1053 4138 circa
1085 4096 1288 4137 annum
1334 4080 1441 4135 215
1485 4081 1729 4152 contigit,
1775 4083 2033 4154 obsigna-

465 4189 578 4234 tam
609 4177 797 4233 fuisse.
822 4175 1006 4245 Neque
1029 4185 1207 4230 tamen
1237 4174 1324 4229 ille
1349 4174 1453 4228 alia
1482 4173 1693 4228 ratione
1721 4175 2030 4244 opinionem

467 4283 624 4323 suam
659 4267 963 4332 conﬁrmat,
997 4282 1157 4336 quam
1186 4265 1332 4335 quod
1363 4264 1637 4318 nonnullae
1658 4265 1725 4319 de
1744 4265 2032 4320 emissario

2146 436 2288 491 quos
2317 422 2616 492 scriptores
2646 421 2781 476 nihil
2819 439 3164 491 succurrere,
3196 424 3344 478 unde
3372 425 3723 494 quandonam

2145 511 2422 568 Barnabas
2444 514 2514 568 ab
2555 514 2734 585 Cypro
2765 515 2946 571 insula
2987 516 3231 582 redierit,
3265 515 3544 585 vitamque
3580 530 3729 571 mare

2145 603 2286 674 tyrio
2317 605 2581 673 posuerit,
2625 614 2776 661 certo
2817 606 3132 661 definiatur.
3165 605 3389 661 Constat
3423 614 3608 660 autem
3659 605 3727 662 il-

2141 695 2252 749 lum
2283 706 2404 766 post
2433 695 2863 759 Hierosolymam
2895 712 3038 752 anno
3070 696 3158 762 72,
3190 707 3284 751 aut
3317 697 3476 766 juxta
3503 696 3720 752 doctio-

2141 800 2228 838 res
2274 787 2641 858 chronologos
2679 786 2746 840 70
2795 803 2824 840 a
2867 786 2988 840 Tito
3019 788 3376 853 dcstructam,
3419 786 3589 840 vitam
3620 802 3721 857 po-

2143 879 2313 933 tuisse
2347 880 2670 948 producere.
2708 877 2901 934 Petrus
2940 879 3207 949 siquidem
3243 888 3296 934 et
3329 877 3539 934 Paulus
3567 893 3716 933 anno

2140 977 2352 1023 tantum
2384 970 2474 1034 66,
2503 971 2556 1023 id
2591 979 2675 1024 est
2699 985 2810 1023 uno
2837 978 2932 1024 aut
2956 970 3129 1024 tribus
3153 979 3274 1039 post
3297 970 3570 1024 excidium
3593 968 3720 1026 Hie-

2139 1070 2591 1141 rosolymitanum
2611 1069 2806 1135 .annis,
2829 1069 3076 1141 martyrii
3100 1070 3335 1139 palmam
3355 1070 3535 1140 adepti
3564 1081 3713 1126 sunt.

2138 1162 2284 1217 Nihil
2313 1177 2442 1231 ergo
2472 1169 2618 1215 vetat
2646 1161 2939 1231 quominus
2961 1160 3242 1216 Barnabas
3272 1161 3327 1215 in
3351 1159 3593 1231 Epistola
3617 1179 3715 1219 sua

2140 1253 2368 1322 hujusce
2397 1252 2594 1307 excidii
2622 1251 2812 1306 fecerit
2838 1252 3192 1307 mentionem.

2209 1345 2371 1400 Certo
2400 1351 2580 1398 autem
2613 1344 2818 1398 certius
2850 1352 2934 1398 est
2963 1343 3105 1399 hanc
3127 1343 3373 1399 eamdem
3403 1342 3704 1414 Epistolam

2139 1453 2249 1492 non
2288 1437 2464 1492 solum
2492 1436 2560 1492 ab
2584 1432 2821 1506 Origene
2851 1435 3030 1502 citari,
3067 1436 3161 1490 sed
3191 1435 3353 1491 etiam
3380 1451 3411 1490 a
3437 1434 3714 1492 Clemente

2140 1527 2532 1594 Alexandrino,
2565 1527 2682 1598 qui,
2710 1537 2769 1582 ut
2795 1527 2873 1582 ait
2899 1526 3188 1590 Eusebius,
3221 1527 3414 1597 primis
3439 1529 3712 1597 apostolo-

2142 1637 2262 1675 rum
2295 1620 2634 1690 temporibus
2659 1619 2969 1690 proximum
3000 1635 3059 1676 se
3079 1618 3254 1675 fuisse
3284 1629 3530 1676 testatur.
3557 1617 3712 1676 Unde

2146 1711 2433 1768 coniicitur
2473 1711 2828 1778 Clementem,
2865 1711 2961 1782 qui
2991 1710 3291 1781 Epistolam
3336 1710 3499 1778 hanc,
3551 1711 3709 1766 sicuti

2140 1816 2210 1855 ex
2251 1799 2714 1869 frequentioribus
2754 1799 2875 1869 ejus
2909 1799 3266 1857 citationibus
3296 1798 3486 1868 liquet,
3530 1797 3710 1869 magni

2141 1895 2414 1952 aestimare
2442 1893 2747 1959 videbatur,
2778 1894 2847 1947 ab
2873 1892 3190 1963 apostolicis
3214 1892 3368 1958 viris,
3396 1891 3520 1960 quis
3549 1905 3709 1946 verus

2141 1987 2287 2043 illius
2309 1995 2498 2041 auctor
2523 1985 2810 2048 exstiterit,
2839 1984 3113 2041 curiosius
3139 1983 3451 2054 indagasse,
3473 1996 3578 2037 nec
3598 1979 3705 2036 dif-

2145 2075 2356 2133 ficiliter
2398 2075 2672 2131 didicisse.
2716 2074 2921 2129 Deinde
2961 2074 3102 2130 idem
3147 2072 3398 2128 Clemens
3424 2070 3576 2126 circa
3605 2085 3710 2125 an-

2141 2185 2271 2224 num
2298 2168 2403 2223 200
2438 2166 2549 2221 fato
2579 2166 2800 2221 functus
2827 2173 2932 2232 est,
2969 2164 3300 2234 proindeque
3327 2162 3497 2217 libros
3537 2177 3672 2217 suos
3694 2204 3710 2227 ,

2145 2261 2240 2317 ubi
2289 2261 2430 2315 hanc
2455 2258 2755 2330 Epistolam
2791 2257 3052 2322 laudavit,
3080 2257 3133 2310 in
3165 2256 3336 2310 lucem
3366 2253 3517 2324 prius
3567 2253 3714 2308 emi—

2142 2364 2306 2410 serat.
2333 2355 2498 2424 Atqui
2526 2354 2672 2407 illam
2699 2367 2808 2408 non
2835 2361 2895 2406 ut
2917 2365 3107 2406 recens
3141 2349 3380 2419 aliquod,
3413 2346 3508 2402 sed
3557 2347 3713 2400 anti-

2142 2465 2264 2521 quae
2313 2446 2653 2504 auctoritatis
2702 2445 2965 2514 scriptum
3005 2441 3212 2508 laudat,
3262 2441 3495 2510 ideoque
3539 2453 3711 2508 quam

2140 2543 2364 2612 putabat
2419 2540 2680 2612 martyrio
2736 2537 2925 2608 lgnatii
2967 2534 3353 2605 antiquiorem.
3402 2530 3548 2598 Qum
3599 2531 3712 2584 imo

2139 2633 2342 2703 ubique
2387 2647 2486 2702 pro
2519 2640 2668 2687 certo
2715 2630 2870 2700 ponit
2922 2628 3068 2682 illam
3115 2643 3146 2681 a
3177 2624 3426 2679 Barnaba
3461 2623 3710 2693 apostolo

2138 2724 2416 2794 scriptam,
2453 2722 2793 2789 nullumque,
2844 2732 3006 2788 quem
3040 2723 3245 2778 nosset,
3300 2712 3430 2767 huic
3460 2707 3708 2781 opinioni

2138 2808 2420 2878 refragari.
2454 2806 2612 2861 Tanti
2655 2805 2758 2859 viri
2788 2813 3058 2874 tantaeque
3100 2799 3446 2867 eruditionis,
3479 2814 3543 2853 ac
3571 2805 3711 2851 tem-

2139 2901 2363 2971 poribus
2394 2897 2705 2969 apostolicis
2738 2896 2874 2952 adeo
2919 2895 3084 2950 vicini
3114 2893 3433 2957 auctoritas,
3482 2889 3709 2945 maximi

2139 2999 2285 3045 certe
2311 2990 2454 3059 apud
2485 3004 2674 3044 omnes
2703 2989 2863 3044 debet
2888 3003 3010 3043 esse
3037 2985 3330 3057 ponderis;
3361 2999 3485 3040 cum
3512 2984 3563 3036 in
3585 2982 3700 3052 pri-

2137 3081 2242 3136 mis
2270 3080 2417 3134 nulla
2446 3079 2601 3134 ﬁrma
2628 3079 2904 3133 rationum
2939 3084 3282 3146 argumenta,
3316 3074 3561 3143 nihilque
3590 3072 3704 3138 illi,

2134 3172 2242 3228 nisi
2272 3171 2587 3240 conjectura
2616 3171 2884 3240 quaedam,
2926 3185 3119 3238 parum
3159 3167 3336 3222 valida
3372 3174 3703 3236 opponatur.

2132 3261 2400 3318 Caeterum
2431 3260 2780 3330 quantumvis
2809 3257 3060 3313 Clemens
3101 3259 3154 3312 in
3187 3257 3441 3327 Epistola:
3467 3258 3708 3312 auctoris

2132 3351 2353 3406 nomine
2381 3365 2593 3406 errasse
2617 3350 2911 3415 diceretur,
2934 3365 3002 3403 ex
3025 3347 3144 3418 ejus
3171 3358 3352 3403 tamen
3376 3347 3706 3401 auctoritate

2132 3441 2498 3497 invictissime
2526 3441 2933 3497 demonstratur
2964 3440 3112 3494 illam
3139 3439 3222 3494 vel
3251 3439 3320 3493 ab
3349 3453 3459 3493 uno
3480 3452 3546 3492 ex
3567 3452 3704 3506 apo-

2133 3532 2309 3601 stolis,
2355 3533 2438 3588 vel
2487 3533 2678 3588 saltem
2708 3533 2778 3588 ab
2831 3533 3015 3602 aliquo
3067 3547 3133 3586 ex
3179 3530 3451 3601 proximis
3510 3543 3705 3584 eorum

2132 3624 2542 3680 successoribus
2569 3623 2742 3679 fuisse
2768 3633 3071 3679 exaratam.

2202 3716 2260 3772 Id
2291 3717 2509 3786 quidem
2556 3731 2624 3771 ex
2671 3715 3069 3785 manuscriptis
3112 3712 3390 3770 codicibus
3419 3709 3621 3767 Graecis
3651 3718 3707 3764 et

2131 3807 2342 3862 Latinis
2378 3805 2687 3862 conﬁrmari
2728 3806 3012 3876 potuisset,
3066 3805 3112 3860 si
3146 3805 3240 3874 qui
3269 3803 3492 3857 omnino
3521 3802 3706 3856 incor-

2133 3899 2299 3968 rupti,
2345 3912 2410 3951 ac
2454 3911 2644 3951 verum
2679 3895 2935 3966 Epistolas
2982 3894 3197 3950 titulum
3241 3893 3593 3963 praeferentes
3634 3890 3703 3944 ad

2134 4005 2234 4044 nos
2263 3989 2654 4058 pervenissent.
2686 3987 2756 4042 At
2783 3987 2837 4040 in
2872 3986 3073 4041 Graecis
3099 3985 3379 4041 codicibus
3404 3981 3702 4054 caputejus

2131 4089 2471 4150 amputatum
2517 4085 2622 4144 est,
2671 4089 2726 4134 et
2762 4078 2950 4133 titulus
2994 4077 3090 4147 qui
3127 4077 3181 4130 in
3227 4077 3415 4132 Graeca
3457 4072 3700 4129 Menardi

2131 4174 2369 4229 editione
2392 4172 2610 4244 legitur,
2641 4187 2707 4227 ex
2734 4171 2969 4227 Eusebio
2993 4171 3204 4226 videtur
3231 4171 3570 4239 desumptus.
3596 4167 3702 4222 La-

2132 4265 2281 4321 tinus
2317 4279 2448 4320 vero
2483 4264 2824 4319 bibliothecae
2867 4271 3068 4318 nostra
3099 4261 3292 4327 codex,
3331 4261 3424 4330 qui
3450 4259 3697 4314 omnium

467 4357 774 4412 Judzeorum
803 4356 956 4410 hirco
985 4353 1324 4410 caeremoniae
1351 4353 1405 4406 in
1429 4352 1531 4406 hac
1559 4351 1799 4420 Epistola
1826 4364 2033 4405 memo-
2062 4371 2111 4429 ι)
2136 4355 2327 4425 procul
2366 4353 2532 4409 dubio
2573 4361 2658 4409 est
2692 4352 3134 4423 antiquissimus,
3181 4352 3284 4406 hac
3322 4360 3535 4406 tantum
3580 4349 3698 4420 epi-

471 4456 681 4512 rentur,
711 4461 848 4517 quas
873 4445 1016 4501 sicut
1041 4443 1184 4512 apud
1213 4441 1516 4507 Justinum,
1553 4443 1681 4496 licet
1714 4441 1783 4495 de
1823 4441 1891 4496 iis
1917 4441 2033 4496 dis-

470 4544 637 4604 serat,
664 4535 867 4590 frustra
893 4533 1198 4604 quatsieris,
1223 4533 1297 4587 ita
1323 4531 1468 4602 apud
1493 4530 1890 4585 Tertullianum
1915 4541 2034 4584 tan-

471 4627 754 4682 tummodo
789 4626 1054 4681 invenias.
1100 4623 1304 4680 Verum
1345 4638 1378 4678 a
1418 4638 1528 4694 quo
1565 4622 1753 4677 didicit
1779 4620 2033 4693 Moynius

469 4721 612 4776 hanc
660 4719 956 4790 Epistolam
1010 4732 1177 4788 penes
1226 4715 1503 4772 Justinum
1551 4731 1791 4784 unquam
1838 4713 2031 4781 fuisse,

466 4810 758 4880 Ipsumque
784 4825 906 4865 eam
927 4807 1163 4879 legisse?
1189 4806 1298 4862 Fac
1331 4814 1510 4860 tamen
1535 4816 1587 4861 et
1609 4804 1860 4861 habuerit
1883 4813 1935 4859 et
1957 4805 2035 4860 le-

468 4903 627 4972 gerit,
656 4901 901 4972 nunquid
930 4901 1051 4956 ideo
1079 4914 1270 4954 omnes
1296 4898 1435 4952 hirci
1463 4898 1737 4952 emissarii
1765 4912 2029 4952 caeremo-

467 4995 612 5059 nias,
651 5008 720 5047 ne
744 4993 813 5047 iis
851 4992 1090 5062 quidem,
1121 5004 1243 5061 quae
1278 4987 1330 5042 in
1364 4987 1606 5058 Epistola
1637 4987 1897 5041 Barnabae
1934 5002 2031 5041 oc-

468 5093 718 5154 currunt,
741 5084 1146 5156 praetermissis,
1179 5080 1367 5136 debuit
1391 5079 1858 5133 commemorare?
1885 5077 2032 5131 Nihil

469 5179 633 5250 igitur
660 5178 765 5233 hac
793 5176 1041 5248 negativa
1073 5173 1389 5244 conjectura
1421 5170 1596 5240 magis
1623 5169 1902 5234 frivolum,
1930 5171 2032 5224 mi-

470 5285 684 5340 nusque
713 5269 782 5323 ad
808 5283 924 5323 rem
947 5266 1185 5336 aliquam
1216 5263 1565 5319 asserendam
1593 5263 1870 5317 idoneum.

541 5362 662 5431 Quo
707 5375 874 5432 porro
918 5367 1162 5427 tempore
1190 5355 1469 5411 Barnabas
1511 5354 1727 5421 obierit,
1761 5355 2030 5410 incertum

469 5464 573 5510 est.
608 5451 763 5508 Unde
791 5449 977 5506 nescio
1006 5447 1138 5519 quid
1173 5447 1278 5503 sibi
1324 5445 1454 5501 velit
1480 5443 1746 5515 Moynius,
1797 5459 1924 5498 cum
1963 5459 2031 5499 ex

469 5541 830 5600 communiori
869 5540 1126 5610 opinione
1168 5547 1446 5617 asseverat
1484 5535 1639 5590 illum
1669 5537 1771 5592 sub
1802 5536 2031 5606 imperio

470 5634 701 5693 {Va-onis
720 5632 980 5705 martyrio
1011 5630 1263 5686 affectum
1325 5628 1456 5698 Qui:
1474 5627 1621 5684 enim
1651 5629 1705 5684 id
1731 5627 2027 5698 investiga-

2134 4447 2338 4518 graphe
2365 4446 2682 4502 inscribitur
2714 4465 2727 4500 :
2760 4444 2958 4514 Incipit
2981 4445 3206 4516 epistola
3237 4445 3500 4500 Barnabas
3527 4444 3701 4513 fclici-

2136 4549 2233 4603 ter,
2261 4546 2425 4608 atque
2458 4539 2677 4592 demum
2704 4537 2757 4590 iu
2794 4538 2900 4592 fine
2925 4537 3006 4592 sic
3043 4537 3428 4592 concluditur:
3465 4535 3701 4605 Explica

2133 4629 2358 4700 epistola
2386 4627 2667 4684 Barnaba.

2661 4717 3055 4775 ABTICULUS
3089 4718 3159 4774 X.

2435 4806 2516 4861 Ad
2546 4823 2675 4878 quos
2699 4807 2810 4862 lucc
2838 4807 3057 4878 epistola
3087 4809 3285 4878 scripta
3313 4809 3406 4864 sit.

2132 4895 2162 4933 ν
2204 4896 2400 4967 lntegri
2427 4906 2608 4952 autem
2641 4898 2687 4952 si
2730 4907 3006 4954 exstarent
3038 4900 3395 4969 manuscripti
3433 4901 3510 4956 illi
3540 4900 3696 4956 codi-

2133 5003 2246 5055 ces,
2269 4988 2428 5044 nobis
2453 4988 2640 5058 utique
2668 5004 2778 5042 non
2804 4989 2969 5044 modo
2994 4989 3251 5060 Epistola:
3284 4991 3448 5061 hujus
3478 4991 3695 5046 titulum

2133 5079 2491 5145 iudicassent,
2521 5079 2612 5133 sed
2652 5095 2748 5134 eos
2779 5081 2944 5134 etiam
2977 5082 3043 5135 ad
3071 5097 3212 5152 quos
3243 5083 3334 5137 illa
3362 5084 3566 5139 directa
3587 5095 3691 5138 est.

2132 5167 2190 5223 Id
2219 5169 2364 5223 enim
2392 5183 2491 5223 sua
2521 5184 2631 5223 non
2657 5179 2808 5224 caret
2833 5170 3168 5227 dilﬁcultate.
3201 5172 3399 5228 Putant
3424 5175 3695 5244 siquidem

2133 5259 2388 5314 nonnulli
2425 5276 2492 5315 ex
2523 5270 2641 5316 tota
2687 5262 2953 5319 orationis
2995 5264 3135 5319 serie
3163 5265 3361 5334 conjici
3385 5280 3546 5336 posse
3571 5282 3702 5320 cam

2134 5351 2201 5406 ad
2233 5350 2573 5408 Christianos
2604 5353 2829 5408 missam
2859 5351 3140 5422 Hebraeos,
3189 5365 3406 5412 tenaces
3433 5358 3703 5412 nimirum

2133 5442 2372 5512 antiquae
2390 5443 2545 5512 legis,
2578 5456 2632 5500 et
2666 5446 2732 5500 ad
2767 5445 3024 5503 Hebraeos
3049 5462 3170 5503 esse
3193 5448 3534 5518 inscriptam.
3585 5447 3702 5502 Ve-

2131 5548 2256 5587 rum
2292 5535 2378 5589 vel
2417 5549 2483 5590 ex
2514 5535 2629 5605 ipsa
2662 5539 2831 5594 totius
2863 5538 3137 5608 Epistolas,
3169 5555 3200 5594 a
3246 5539 3401 5595 nobis
3443 5541 3700 5611 superius

2135 5629 2277 5686 facta
2298 5629 2898 5702 synopsitexploratum
2926 5631 3006 5698 iit,
3036 5631 3158 5688 ideo
3175 5632 3452 5702 praecipue
3474 5635 3558 5707 ad_
3574 5647 3699 5689 eam
