4066 6140
342 263 439 319 681

1704 248 2239 307 PROLEGOMENA.

3491 247 3594 301 682

337 379 683 440 scribendam
738 385 1019 434 auctorem
1072 377 1191 449 ejus
1243 366 1537 447 impulsum
1584 385 1645 430 ut
1694 390 1792 430 eos
1839 375 1907 429 ad
1938 382 1985 437 Α
2085 373 2341 431 Usserius
2363 373 2564 444 quippe
2592 370 3040 442 archiepiscopus
3069 372 3451 427 Armacnanus
3473 374 3587 442 pri—

337 490 480 547 quos
519 471 740 542 scripsit
763 471 1133 541 praemuniret,
1179 469 1602 540 prohiberetque
1640 483 1709 523 ne
1735 468 1806 523 ab
1848 467 1916 523 iis

335 565 716 634 deciperentur
741 559 834 630 qui
865 559 1036 628 legem
1064 556 1267 629 Moysis
1297 564 1352 611 et
1374 555 1581 611 Christi
1604 554 1769 610 simul
1796 568 1915 609 ser-

337 655 574 710 vandam
626 667 749 708 esse
778 652 1122 706 asserebant.
1155 648 1320 719 Atqui
1360 647 1449 701 hic
1489 662 1646 701 error
1673 645 1917 716 ejusdem

340 748 453 805 fere
479 761 603 804 cum
632 744 944 800 Christiana
976 742 1238 811 religione
1268 748 1354 796 est
1394 740 1570 795 aetatis
1599 758 1612 792 :
1652 739 1919 805 illumque

342 855 451 895 non
488 837 665 893 solum
710 834 990 899 Hebraeos,
1035 834 1130 888 sed
1161 832 1327 887 etiam
1371 828 1680 894 haereticos,
1726 829 1919 899 quales

342 939 500 988 erant
520 928 785 983 Ebionitae
808 937 863 980 et
883 924 1244 991 Cerinthiani,
1264 922 1524 978 docuisse
1546 920 1916 977 certissimum

343 1028 451 1077 est.
477 1010 741 1075 Praeterea
763 1017 864 1072 etsi
893 1033 923 1070 a
951 1016 1083 1071 solis
1104 1013 1346 1069 Hebraeis
1367 1029 1521 1068 error
1547 1013 1635 1067 hic
1663 1011 1919 1068 dissemi-

346 1115 508 1161 natus
545 1104 762 1170 fuisset,
805 1112 1055 1173 poterant
1102 1111 1282 1156 tamen
1320 1101 1431 1171 ipsi
1466 1117 1532 1156 eo
1578 1115 1688 1171 quo
1718 1099 1919 1170 flagra-

346 1194 477 1249 bant
503 1193 785 1264 religionis
813 1209 927 1248 suae
956 1192 1160 1256 studio,
1192 1191 1341 1244 illum
1375 1191 1516 1260 apud
1558 1205 1750 1244 omnes
1792 1204 1918 1247 cum

346 1284 624 1349 Hebraeos,
656 1294 769 1338 tum
819 1283 1047 1353 gentiles
1082 1281 1149 1335 ad
1190 1281 1557 1335 Christianam
1589 1280 1745 1335 fidem
1782 1296 1917 1335 con-

348 1394 535 1434 versos
561 1376 765 1446 ubique
794 1374 1180 1430 disseminare.
1214 1370 1400 1426 Potuit
1425 1388 1555 1443 ergo
1585 1380 1777 1425 auctor
1825 1385 1926 1425 no-

350 1478 460 1527 ster
504 1484 613 1529 non
657 1466 726 1521 ad
770 1464 1027 1520 Hebraeos
1059 1461 1460 1528 tantummodo,
1515 1461 1609 1517 sed
1658 1461 1821 1516 etiam
1857 1460 1924 1515 ad

348 1559 713 1625 Christianos,
760 1572 899 1628 quos
947 1557 1015 1611 ab
1044 1555 1288 1611 Ilebraeis
1338 1556 1427 1609 vel
1454 1553 1722 1609 haereticis
1752 1552 1927 1623 decipi

352 1651 646 1716 metuebat,
678 1665 833 1705 suam
858 1648 1091 1718 dirigere
1122 1647 1429 1717 epistolam.

427 1728 693 1813 Objicitur
718 1749 895 1794 tamen
919 1739 1320 1794 Tertullianum
1357 1734 1657 1807 Epistolam
1683 1734 1836 1789 Pauli
1860 1734 1928 1789 ad
1958 1724 2003 1783 Β

352 1834 609 1891 Hebraeos
656 1833 854 1887 citasse
902 1830 1163 1885 Barnabas
1216 1828 1477 1894 nomine;
1540 1827 1791 1897 forsitan,
1837 1826 1925 1879 in-

353 1927 569 1997 quiunt,
592 1932 802 1993 accepto
825 1938 1031 1975 rumore
1051 1922 1113 1974 de
1137 1920 1379 1991 Epistola
1401 1918 1632 1989 quadam
1656 1915 1926 1971 Barnaba:

355 2017 426 2071 ad
468 2015 713 2070 Hebr-reos
754 2032 788 2068 a
808 2030 861 2068 se
896 2029 996 2067 non
1020 2012 1178 2066 visa?
1208 2010 1314 2066 Sed
1358 2010 1462 2065 hac
1491 2007 1800 2078 objectione
1849 2008 1928 2061 lc-

356 2108 439 2163 vis
467 2106 775 2176 conjectura
803 2104 911 2159 alia
958 2103 1132 2175 multo
1173 2100 1363 2156 leviori
1391 2101 1674 2170 probatur.
1701 2096 1929 2153 Vernat-

355 2200 631 2257 enimvero
678 2198 725 2254 si
770 2184 1138 2251 Tertullia'nus
1189 2193 1490 2264 Epistolam
1545 2191 1611 2246 ad
1666 2188 1926 2244 Hebraeos

358 2291 616 2346 Barnabae
643 2289 906 2359 assignat,
932 2286 1178 2341 eamdem
1205 2284 1297 2338 alii
1332 2283 1516 2347 Luem,
1544 2282 1633 2337 alii
1657 2277 1927 2336 Clementi

358 2378 691 2451 adjudicant.
722 2374 976 2445 Nunquid
998 2388 1127 2443 ergo
1159 2371 1215 2425 in
1247 2372 1390 2425 hanc
1416 2368 1741 2424 sententiam
1776 2365 1925 2418 abie-

357 2481 526 2528 runt:
565 2470 796 2540 forsitan
824 2481 1033 2521 rumore
1077 2470 1285 2532 accepto
1327 2462 1390 2516 de
1427 2459 1668 2531 Epistola
1702 2457 1931 2530 quadam

360 2562 517 2618 Luca:
543 2560 621 2616 vel
648 2558 926 2615 Clementis
959 2555 1028 2610 ad
1057 2552 1305 2606 Hebraeos
1331 2569 1362 2605 a
1392 2566 1446 2606 se
1470 2548 1754 2605 non-visa!
1789 2544 1931 2614 Quid

359 2657 464 2714 hac
492 2651 805 2723 conjectura
836 2644 1086 2703 rutilius?
1114 2643 1410 2699 Dicendum
1444 2641 1607 2713 igitur
1632 2638 1932 2710 Epistolam

358 2747 429 2804 ad
459 2744 713 2800 Hebraeos
743 2755 774 2795 a
800 2738 1139 2794 Tertulliano
1182 2733 1447 2789 Barnabae
1476 2730 1699 2786 no'mine
1727 2727 1933 2784 idcirco

360 2836 655 2899 laudatam,
688 2831 769 2887 vel
799 2830 927 2900 quia
951 2844 1076 2884 eum
1109 2840 1235 2881 vere
1265 2823 1492 2895 putabat
1528 2822 1649 2893 ejus
1674 2820 1935 2891 Epistolae

360 2935 659 2989 auctorem,
690 2937 785 2977 seu
819 2920 998 2991 potius
1027 2916 1220 2982 mavis,
1270 2915 1661 2984 interpretem;
1685 2912 1769 2967 vel
1804 2910 1932 2981 quia

360 3032 486 3073 cum
523 3015 671 3069 illam
709 3013 777 3068 ab
818 3012 1002 3082 aliquo
1044 3008 1200 3063 Pauli
1234 3008 1382 3063 socio
1420 3014 1475 3061 et
1504 3002 1773 3073 discipulo
1794 3002 1934 3057 scri-

360 3118 510 3180 ptam
540 3105 803 3171 crederet,
847 3102 901 3158 id
938 3101 1071 3155 nulli
1102 3100 1300 3170 potiori
1333 3099 1457 3168 jure
1484 3110 1648 3167 quam
1678 3094 1937 3149 Barnabas

360 3198 708 3255 tribuendum
737 3194 1041 3266 judicavit:
1071 3193 1156 3247 vel
1184 3190 1419 3260 denique
1447 3188 1571 3243 aliis
1599 3185 1769 3242 fretus
1800 3200 1933 3241 cou-

358 3291 611 3364 jecturis,
639 3304 707 3345 ex
743 3288 884 3364 Ialm
918 3295 1207 3341 auctorum
1237 3292 1331 3338 aut
1350 3281 1603 3336 codicum
1629 3277 1937 3333 manuscri-

364 3362 906 3454 ptorumcrrantium
938 3374 1253 3432 testimonio
1288 3370 1610 3440 desumptis,
1643 3383 1781 3439 quas
1821 3367 1934 3438 jam

363 3473 609 3529 divinare
629 3477 940 3542 promptum
966 3482 1074 3521 non
1109 3475 1213 3521 cst.

433 3564 609 3620 Porro
653 3562 699 3618 si
735 3570 883 3618 certo
913 3558 1125 3614 deliniri
1172 3572 1280 3612 non
1323 3555 1495 3627 possit
1525 3553 1619 3624 qui
1651 3551 1934 3620 homines,

363 3657 592 3729 cujusve
627 3653 866 3724 regionis
893 3651 929 3706 ii
960 3649 1164 3705 fuerint
1194 3649 1260 3702 ad
1292 3662 1429 3717 quos
1476 3646 1616 3699 hanc
1654 3642 1935 3698 Barnabas

366 3747 519 3804 misit
558 3744 895 3815 Epistolam,
940 3744 1159 3796 constat
1210 3745 1395 3791 tamen
1439 3749 1534 3790 eos
1591 3733 1935 3789 Christianos

368 3838 560 3903 fuisse,
604 3834 698 3905 qui
742 3834 798 3887 in
842 3827 1182 3900 assequenda
1221 3828 1345 3881 vita:
1396 3822 1723 3879 Christianae
1754 3821 1933 3891 perfe-

367 3932 549 3989 ctione
600 3924 876 3996 profectus
905 3922 1117 3991 aliquos
1142 3920 1256 3988 jam
1286 3917 1546 3981 fecerant,
1587 3929 1834 3986 quosque
1874 3921 1936 3966 ut

369 4020 543 4090 magis
572 4033 637 4072 ac
660 4015 832 4086 magis
860 4013 915 4066 in
943 4027 1007 4066 ea
1040 4010 1383 4081 prolicercnt,
1418 4008 1770 4072 adhortatur;
1795 4018 1933 4074 quos

368 4102 604 4182 denique
632 4109 906 4169 admonet,
945 4111 1175 4159 caveant
1203 4100 1394 4156 sedqu
1420 4100 1488 4154 ab
1518 4097 1814 4164 haereticis,
1839 4096 1932 4167 qui

368 4202 524 4259 vanis
572 4197 797 4270 argutiis
844 4204 898 4250 et
947 4192 1337 4250 subtilitatibus
1392 4190 1562 4261 legem
1614 4187 1818 4259 Moysis
1868 4202 1933 4242 ac

369 4289 570 4348 Christi
598 4287 760 4343 simul
801 4282 1196 4341 observandam
1233 4281 1356 4336 aliis
1386 4278 1620 4334 suadere
1654 4278 1931 4332 conaban-

370 4390 481 4437 tur.
517 4378 881 4447 Quamobrem
911 4372 1054 4428 idem
1099 4380 1292 4427 auctor
1332 4377 1518 4425 noster
1554 4383 1649 4423 eos
1674 4376 1782 4422 tota
1819 4366 1933 4437 epi—

371 4472 508 4527 stola
540 4485 639 4525 sua
662 4475 849 4523 contra
886 4465 1267 4527 haereticorum
1301 4462 1520 4516 illorum
1552 4472 1766 4513 errores
1809 4473 1930 4511 mu-

372 4557 473 4624 nit,
502 4570 568 4611 ac
588 4553 913 4611 Christianae
948 4546 1168 4623 pietatis
1194 4550 1478 4621 praeceptis
1509 4546 1794 4602 informat.

885 4662 1280 4719 ARTICULUS
1319 4661 1416 4717 XI.

371 4777 450 4834 De
487 4775 643 4847 hujus
686 4774 941 4846 Epistola:
986 4774 1226 4896 fontana,
1270 4782 1320 4827 et
1364 4771 1530 4825 variis
1578 4770 1692 4840 ejus
1749 4770 1938 4824 editio-

1055 4859 1109 4896 m
1148 4860 1229 4896 us.

1055 4859 1229 4897 ηιοιιε.

440 4935 682 5007 Epistola
712 4935 829 4989 haec
851 4933 1122 4989 fortunam
1149 4932 1339 4988 habuit
1375 4931 1607 4996 variam,
1630 4930 1938 5000 mirumque

362 5032 416 5085 in
461 5028 688 5084 modum
730 5026 1069 5081 mutabilem.
1111 5023 1250 5079 Cum
1284 5023 1427 5078 enim
1459 5030 1636 5087 tanto,
1681 5031 1740 5075 ut
1770 5036 1934 5091 supra

360 5120 636 5184 diximus,
661 5117 949 5188 splendore
976 5125 1034 5172 et
1057 5116 1298 5171 secundo
1324 5121 1378 5169 et
1407 5111 1643 5176 duobus,
1680 5126 1745 5165 ac
1776 5111 1936 5166 forsi-

362 5223 454 5267 tan
497 5211 662 5267 etiam
702 5209 877 5265 tribus
903 5208 1255 5280 sequentibus
1290 5203 1551 5261 Ecclesiae
1585 5203 1799 5257 saeculis
1830 5202 1935 5256 mi-

363 5300 597 5367 cuisset,
626 5300 880 5370 deinceps
914 5298 986 5354 ita
1029 5298 1273 5363 evanuit,
1323 5307 1385 5351 ut
1425 5306 1620 5365 praeter
1648 5302 1936 5363 utrumque

362 5390 757 5464 Nicephorum,
789 5390 883 5462 qui
926 5390 1090 5447 verba
1119 5386 1340 5445 Eusebii
1380 5395 1475 5443 aut
1519 5387 1713 5443 saltem
1743 5398 1933 5439 eorum

366 5495 595 5538 sensum
624 5481 983 5553 descripsere,
1012 5481 1106 5534 vix
1134 5480 1278 5534 alius
1298 5480 1367 5535 de
1405 5494 1470 5534 ea
1502 5479 1832 5533 mentionem
1857 5473 1937 5529 fe-

371 5571 515 5629 cisse
536 5571 857 5643 reperiatur.
879 5569 1080 5625 Nostro
1099 5570 1315 5626 tandem
1339 5569 1540 5626 saeculo
1560 5568 1747 5626 Graece
1764 5575 1818 5622 et
1838 5564 1937 5620 La-

373 5663 485 5718 tine
511 5664 675 5719 variis
702 5665 756 5718 in
779 5661 1135 5717 Bibliothecis
1159 5660 1387 5717 feliciter
1412 5661 1652 5731 inventa,
1675 5675 1706 5718 e
1734 5668 1813 5716 tot
1833 5672 1933 5716 sae--

376 5752 618 5810 eulorum
646 5752 887 5807 tenebris
907 5752 1151 5807 emersit.

621 5845 885 5909 Ριτειοι..
927 5843 1044 5905 Gtt.
1084 5844 1159 5904 ll.

2020 481 2166 520 mam
2210 465 2330 536 ejus
2372 464 2667 518 editionem
2695 480 2761 518 ex
2793 464 3205 533 manuscriptis,
3239 480 3363 535 quae
3390 476 3588 519 mutuo

2021 558 2088 612 ab
2111 558 2231 613 aliis
2256 567 2560 627 acceperat,
2581 555 2777 610 Oxouii
2801 570 2945 610 anno
2966 556 3104 610 1642
3125 557 3430 612 adornavit.
3459 557 3588 621 Sed,

2021 646 2217 703 Vossio
2250 656 2407 713 teste,
2441 661 2549 701 una
2579 646 2732 701 urbis
2756 646 2920 716 hujus
2951 656 3103 716 parte
3126 648 3287 716 paulo
3316 657 3441 717 post
3467 648 3592 718 igne

2020 747 2367 808 consumpta,
2418 739 2524 794 hoc
2580 738 2832 793 incendio
2890 738 3074 792 omnia
3122 740 3377 796 editionis
3423 742 3591 811 hujus

2022 828 2351 898 exemplaria
2392 828 2689 897 perierunt.
2732 826 2887 882 Unus
2914 837 3094 882 tamen
3133 828 3323 896 codex,
3356 829 3592 886 flammis

2020 927 2259 989 ereptus,
2288 920 2340 972 in
2378 918 2705 973 bibliotheca
2736 917 2979 987 ejusdem
3012 919 3184 986 urbis,
3225 920 3270 975 si
3298 910 3404 990 qua
3444 922 3592 983 edito

2023 1010 2195 1080 ipsius
2224 1009 2484 1079 Catalogo
2508 1008 2641 1063 fides
2668 1009 2916 1064 habenda
2947 1011 3038 1074 sit,
3065 1021 3401 1066 asservatur.

2092 1101 2218 1157 Haec
2245 1102 2416 1172 prima
2447 1101 2700 1172 Epistola:
2729 1112 2931 1157 nostra:
2976 1104 3143 1159 editio
3176 1105 3351 1160 doctis
3376 1104 3449 1159 ita
3488 1122 3590 1175 pa-
3645 1160 3659 1174 ,

2023 1207 2147 1247 rum
2178 1192 2435 1256 innotuit,
2463 1202 2520 1246 ut
2544 1208 2664 1246 eam
2691 1193 2761 1247 ab
2808 1191 3034 1264 Hugone
3063 1193 3323 1249 Menardo
3355 1195 3592 1265 primum

2023 1285 2225 1341 editam
2263 1285 2352 1338 vix
2396 1301 2538 1340 unus
2577 1294 2670 1340 aut
2715 1286 2854 1340 alter
2894 1302 3006 1339 non
3045 1296 3328 1355 agnoscat.
3356 1288 3424 1342 At
3448 1298 3595 1344 certe

2024 1392 2214 1434 omnes
2260 1378 2422 1433 facile
2473 1378 2777 1435 concedent
2814 1393 2939 1434 eum
2986 1380 3223 1448 primum
3264 1379 3466 1444 fuisse,
3500 1383 3594 1451 qui

2025 1469 2171 1524 illam
2201 1470 2343 1541 typis
2375 1470 2686 1524 mandatam
2723 1469 2899 1523 nostri
2938 1469 3083 1538 juris
3125 1468 3332 1524 fecerit.
3363 1469 3412 1524 Is
3448 1471 3598 1525 enini

2026 1578 2152 1618 cum
2204 1562 2483 1617 incidisset
2525 1562 2582 1616 in
2619 1562 3054 1632 manuscriptum
3101 1560 3357 1617 Latinum
3402 1562 3599 1618 biblio-

2026 1652 2198 1709 theca:
2222 1651 2559 1715 Corbcianae,
2584 1668 2853 1707 annorum
2884 1653 3004 1722 plus
3022 1668 3186 1723 quam
3207 1653 3311 1708 900
3327 1654 3596 1719 codicem,

2031 1743 2309 1813 aliumque
2354 1742 2627 1808 Graecum,
2683 1743 2822 1798 inter
2870 1742 3136 1799 Thuriaui
3177 1746 3379 1815 scripta
3410 1743 3598 1801 Roma:

2030 1834 2333 1901 inventum,
2381 1850 2411 1888 a
2459 1833 2781 1891 doctissimo
2831 1834 3125 1892 Sirmondo
3152 1837 3475 1907 accepisset,
3526 1854 3597 1893 ex

2029 1936 2264 1995 utroque
2310 1925 2605 1995 exemplari
2653 1926 2721 1981 ad
2759 1928 3055 1995 parandam
3101 1929 3398 1985 editionem
3439 1944 3597 1984 suam

2028 2015 2159 2070 totis
2184 2016 2394 2071 viribus
2420 2017 2687 2072 incubuit.
2715 2016 2822 2073 Sed
2852 2019 3067 2075 collatis
3096 2021 3402 2087 codicibus,
3427 2022 3599 2077 altera

2029 2102 2286 2175 Epistola:
2323 2114 2479 2176 parte
2518 2106 2573 2160 in
2602 2106 2859 2162 Latinum
2895 2124 3071 2174 versa,
3101 2110 3379 2180 variisque
3409 2111 3601 2166 obser-

2029 2196 2344 2252 vationibus
2393 2197 2749 2267 compositis,
2811 2198 3136 2268 priusquam
3185 2197 3395 2268 aliquid
3447 2199 3601 2268 prelo

2031 2288 2296 2343 committi
2329 2290 2588 2359 potuerit,
2614 2290 2909 2347 immatura
2959 2300 3134 2346 morte
3158 2290 3460 2347 exstinctus
3492 2301 3596 2346 est.

2030 2378 2374 2451 Quapropter
2403 2380 2581 2438 Lucas
2604 2381 2907 2439 Dacherius
2937 2393 3139 2454 paratae
3165 2383 3234 2437 ab
3268 2383 3360 2437 illo
3389 2382 3601 2437 editio-

2032 2471 2121 2526 nis
2154 2487 2341 2527 euram
2400 2473 2456 2527 in
2483 2488 2544 2529 se
2577 2475 2802 2544 recepit,
2855 2489 3086 2545 eamque
3133 2474 3419 2544 praemissa
3457 2489 3489 2527 a
3538 2489 3599 2528 se

2032 2562 2349 2634 praefatione
2370 2578 2516 2619 anno
2541 2565 2679 2621 1645
2717 2566 2968 2622 absolvit.
3312 2612 3313 2615 η

2103 2654 2264 2712 Anno
2291 2656 2656 2727 subsequente
2684 2657 2837 2713 Isaac
2862 2656 3090 2713 Vossius
3131 2656 3327 2713 iterum
3350 2656 3598 2712 eamdem

2033 2744 2330 2817 Epistolam
2369 2761 2433 2801 ex
2480 2748 2655 2802 tribus
2686 2747 3107 2817 manuscriptis,
3150 2761 3261 2802 uno
3309 2747 3602 2803 bibliothe-

2034 2854 2113 2896 cae
2132 2839 2481 2907 Florentinae,
2510 2841 2681 2896 altero
2703 2839 2998 2907 Vaticanae,
3025 2840 3183 2895 tertio
3203 2840 3600 2903 Theatinorum

2035 2930 2434 3000 Romanorum,
2458 2932 2854 2990 Amstelodami
2895 2933 3076 2988 emisit
3105 2932 3158 2987 in
3191 2932 3492 3003 publicum.
3540 2931 3599 2986 ιιι

2036 3025 2123 3081 his
2154 3033 2337 3080 autem
2365 3025 2622 3080 omnibus
2676 3024 2960 3079 codicibus
2989 3040 3155 3079 manu
3187 3024 3426 3080 exaratis
3474 3023 3603 3093 Epi—

2038 3117 2179 3172 stola
2228 3130 2379 3172 caret
2431 3116 2608 3183 initio,
2655 3124 2822 3185 atque
2851 3116 2947 3170 uni
2991 3130 3059 3169 ex
3113 3114 3307 3186 Ignatii
3342 3114 3601 3186 Epistolis

2036 3208 2305 3281 proxime,
2330 3219 2384 3263 et
2408 3208 2615 3277 absque
2648 3208 2805 3262 titulo
2837 3207 3209 3277 conjungitur.

2106 3300 2410 3357 Cotelerius
2455 3312 2600 3353 anno
2630 3297 2769 3352 1672
2808 3313 2875 3352 ex
2920 3298 3198 3353 Sirmondi
3247 3314 3354 3354 ms.
3407 3294 3601 3354 Graeco

2036 3392 2241 3459 codice,
2281 3391 2348 3447 de
2384 3405 2496 3462 quo
2534 3399 2659 3445 ante
2696 3390 2958 3456 diximus,
2998 3389 3145 3443 illam
3187 3405 3379 3445 rursus
3403 3389 3598 3457 edidit,

2035 3499 2286 3555 novaque
2314 3483 2587 3549 versione,
2620 3482 2927 3552 antiquiore
2958 3491 3141 3536 tamen
3200 3498 3306 3538 non
3358 3480 3598 3549 omissa,

2034 3576 2289 3644 donavit;
2322 3575 2662 3646 praefixitque
2694 3574 2961 3646 Operibus
2984 3582 3291 3631 sanctorum
3336 3572 3600 3642 Patrum,

2033 3669 2124 3739 qui
2156 3667 2472 3738 temporibus
2522 3666 2881 3736 apostolorum
2933 3667 3251 3736 ﬂoruerunt.
3298 3667 3368 3721 At
3426 3668 3598 3722 multa

2034 3758 2199 3826 hujus
2221 3756 2475 3811 editionis
2499 3755 2828 3825 exemplaria
2864 3756 3104 3812 incensis
3129 3755 3438 3828 bibliopolae
3464 3772 3597 3826 apo-

2036 3850 2226 3914 thecis,
2258 3850 2378 3920 igne
2404 3856 2727 3918 consumpta
2752 3856 2899 3904 sunt.

2104 3940 2345 4011 Denique
2378 3939 2629 4011 Moynius
2652 3954 2777 3993 cum
2815 3937 3155 4009 Rothomago
3202 3936 3456 3991 Leisdam
3499 3936 3601 3991 do-

2032 4030 2217 4086 cendae
2243 4030 2525 4100 theologia:
2548 4044 2716 4085 causa
2759 4043 2819 4085 se
2853 4028 3196 4093 contulisset,
3241 4028 3316 4083 ibi
3352 4028 3598 4083 eamdem

2033 4120 2335 4191 Epistolam
2382 4121 2525 4175 inter
2559 4136 2658 4177 sua
2700 4119 2862 4175 Varia
2901 4135 3063 4172 sacra
3086 4118 3170 4173 edi
3199 4119 3431 4173 curavit.
3462 4117 3602 4174 Ulti-

2034 4222 2179 4261 mam
2212 4215 2392 4261 autem
2427 4207 2569 4261 hanc
2596 4208 2889 4263 editionem
2936 4207 3026 4261 ille
3070 4222 3137 4260 ex
3184 4207 3374 4262 codice
3404 4223 3599 4261 manu-

2033 4299 2237 4367 scripto
2288 4296 2624 4362 Florentino,
2664 4312 2825 4367 quem
2882 4297 2935 4350 in
2968 4295 3312 4350 Hollandiam
3357 4294 3598 4351 Ralla-us

1966 4406 2010 4461 ι)
2038 4388 2313 4451 attulerat,
2346 4388 2475 4442 etin
2502 4402 2613 4456 quo
2645 4386 2757 4440 haec
2781 4385 3022 4455 Epistola
3071 4387 3161 4440 uui
3200 4402 3265 4441 ex
3298 4385 3599 4454 Ignatianis

2038 4480 2243 4548 absque
2274 4478 2430 4532 titulo
2460 4487 2513 4532 et
2540 4478 2806 4548 principio
2826 4478 3186 4544 connectitur,
3217 4493 3275 4531 se
3300 4478 3601 4531 adornasse

2041 4574 2286 4621 testatur.
2321 4566 2476 4632 Quod
2511 4582 2643 4621 sane
2672 4582 2868 4636 magno
2895 4566 3054 4622 nobis
3086 4566 3289 4621 indicio
3319 4575 3406 4621 est
3453 4566 3601 4621 hunc

2037 4673 2202 4712 manu
2230 4665 2512 4712 exaratum
2536 4658 2776 4713 codicem
2806 4674 2910 4713 non
2939 4658 3104 4712 alium
3137 4672 3257 4713 esse
3279 4673 3310 4713 a
3331 4658 3509 4727 primo
3530 4674 3597 4712 ex

2037 4749 2106 4805 iis
2134 4748 2313 4805 tribus
2338 4750 2492 4820 queis
2519 4748 2769 4804 Vossium
2800 4748 2856 4802 in
2887 4747 3197 4803 accuranda
3238 4764 3337 4803 sua
3359 4748 3599 4803 editione

2036 4854 2202 4894 usum
2240 4853 2362 4895 esse
2405 4839 2665 4894 diximus.
2697 4836 2970 4893 Caeterum
3018 4839 3237 4909 utrique
3272 4838 3504 4895 Vossius
3545 4850 3602 4896 et

2037 4932 2287 5005 Moynius
2309 4946 2416 4986 non
2440 4933 2601 4986 aliatn
2632 4931 2936 4986 versionem
2961 4930 3233 4997 Latinam,
3265 4947 3432 5002 quam
3462 4934 3600 4988 anti-

2035 5026 2308 5096 quiorem,
2344 5039 2375 5079 a
2407 5022 2665 5078 Menardo
2697 5024 2971 5089 inventam
2995 5031 3049 5078 et
3070 5022 3412 5091 adornatam,
3436 5032 3599 5093 atque

2036 5134 2069 5173 a
2089 5118 2354 5175 Dacherio
2376 5118 2575 5173 editam
2610 5117 2992 5173 adhibuerunt.

2550 5251 2945 5310 ARTICULUS
2980 5252 3097 5307 XII.

2140 5350 2216 5405 De
2234 5352 2373 5405 notis
2392 5358 2441 5404 et
2467 5347 2913 5404 observationibus
2940 5346 2996 5400 in
3015 5345 3150 5399 hanc
3173 5343 3487 5415 Epistolam.

2106 5463 2316 5532 Singuli
2364 5463 2557 5518 harum
2612 5461 2915 5517 editionum
2970 5466 3227 5517 "auctores
3300 5458 3596 5529 Epistolam

2036 5537 2183 5610 illam
2233 5554 2380 5609 notis
2431 5563 2487 5608 et
2531 5552 3007 5607 observationibus
3064 5551 3179 5607 suis
3227 5549 3594 5604 illustrarunt.

2034 5645 2183 5713 Quas
2212 5645 2380 5700 edidit
2408 5643 2722 5710 Menardus,
2774 5660 2853 5698 ere
2881 5644 2994 5698 fere
3042 5658 3231 5698 omnes
3267 5643 3350 5697 vel
3375 5641 3442 5696 ad
3468 5655 3597 5696 cor-

2033 5736 2332 5797 rectionem
2357 5734 2880 5806 cxplicationemque
2907 5742 3106 5802 textus,
3150 5733 3228 5789 vel
3261 5742 3320 5787 ut
3348 5732 3439 5789 illa
3469 5730 3595 5813 διξῙὶ

3241 5827 3319 5886 2.2
