4066 6140
399 261 504 323 683

1471 275 1527 332 S.
1571 273 1937 329 BARNABAS
1975 274 2406 338 APOSTOLUS.

3537 295 3643 352 684

395 409 516 449 esse
539 395 829 466 apostolici
853 396 1133 468 probetur,
1179 393 1520 451 ‘conduCunt.
1553 393 1856 453 Nonnullas
1889 405 1968 452 ta-
1997 399 2045 455 Δ
2073 414 2316 458 ruerunt.
2343 405 2457 459 Cur
2476 421 2607 478 ergo
2626 407 2681 463 in
2710 404 3009 482 Scripturis
3038 413 3234 484 sacris,
3262 414 3461 486 quibus
3486 416 3649 473 Chri-

397 500 520 541 men
549 489 884 560 quanquue
905 487 1169 543 admiscet
1193 486 1520 542 eruditionis
1551 503 1665 541 sua:
1685 498 1870 554 testes,
1902 504 1965 543 ex

395 581 598 651 quibus
616 580 784 638 facile
813 581 1081 650 intelligas
1109 580 1281 633 multo
1309 581 1686 649 perfectiorem
1727 582 1970 638 futuram

397 676 572 731 fuisse
604 678 722 746 ejus
747 673 1121 736 editionem.si
1148 690 1244 745 per
1274 684 1506 730 mortem
1524 677 1646 731 viro
1665 685 1778 731 tam
1810 677 1970 732 docto

400 769 466 822 :ul
500 769 812 822 umbilicum
845 764 990 820 illam
1018 767 1316 836 perducere
1345 766 1607 824 licuisset.

469 857 659 911 Nullus
720 854 912 910 Vossio
952 857 1242 924 pauciOres
1284 857 1674 929 breviorestjue
1724 859 1779 912 i'n
1826 859 1970 915 hanc

401 947 693 1017 Epistolam
720 945 1100 1002 adnotationes
1130 947 1330 1010 edidit;
1349 959 1452 1002 nec
1474 943 1562 1003 ille
1590 949 1809 1019 quidem
1841 965 1972 1020 pro-

399 1034 620 1092 lixiores
648 1035 825 1090 facere
848 1044 1223 1093 consueverat.
1276 1037 1481 1095 Omnes
1529 1038 1641 1095 fere
1671 1041 1968 1096 correctio-

397 1143 517 1182 nem
573 1136 753 1182 textus
802 1136 1070 1198 spectant.
1119 1127 1400 1196 Qua-dam,
1451 1131 1544 1186 sed
1599 1133 1964 1201 paucissimm,

394 1220 659 1290 quosdam
696 1220 964 1276 obscuros
994 1220 1148 1276 locos
1193 1221 1505 1290 explicant;
1558 1224 1721 1292 atque
1761 1225 1815 1278 in
1846 1224 1968 1279 illa-

395 1329 516 1369 rum
571 1313 846 1384 praecipua
877 1313 1260 1368 observatione
1307 1313 1640 1384 disputatur,
1689 1309 1798 1386 quo
1849 1317 1966 1387 spi-

394 1422 590 1461 narum
643 1420 842 1478 genere
873 1421 1075 1460 corona
1105 1405 1310 1462 Christi
1361 1406 1620 1476 patientis
1664 1416 1962 1480 compacta

393 1499 578 1554 fuerit.
1152 1517 1157 1520 ·

464 1589 563 1646 His
600 1591 770 1646 multo
809 1590 992 1661 plures
1031 1589 1416 1659 longioresque
1449 1592 1514 1646 ‘in
1565 1588 1710 1648 hanc
1755 1585 1969 1663 Episto-

397 1687 503 1740 lam
549 1682 1050 1746 animadversiones
1092 1697 1120 1736 a
1150 1680 1420 1737 Cotelerio
1451 1683 1772 1753 camposita’.
1797 1682 1964 1740 Sunt.

397 1776 502 1831 Sed
535 1776 831 1845 optandum
861 1790 1010 1839 sane,
1045 1781 1107 1827 ut
1136 1773 1189 1827 in
1220 1772 1287 1829 iis
1314 1789 1434 1844 quae
1455 1790 1564 1829 non
1587 1774 1771 1831 minus
1796 1788 1962 1846 quam

394 1877 602 1938 septem
639 1881 804 1937 supra
824 1866 1048 1938 triginta
1073 1877 1453 1934 nu'merantur,
1477 1867 1561 1921 vir
1587 1867 1678 1923 ille
1713 1869 1963 1925 eruditus

394 1965 462 2018 ab
492 1961 736 2018 auctoris
780 1975 950 2030 scopo
977 1976 1086 2015 non
1119 1961 1195 2014 ita
1241 1969 1384 2030 saepe
1418 1959 1701 2029 digressus
1729 1958 1962 2030 fuisset,

392 2057 618 2127 suisque
648 2071 757 2110 non
790 2064 899 2109 tam
923 2046 1083 2109 facile
1121 2053 1441 2109 indulsisset
1465 2053 1820 2126 conjectUris.

462 2143 714 2218 Moynius
766 2152 1080 2216 postremus
1129 2146 1378 2201 omnium
1418 2154 1578 2200 notas
1616 2144 1966 2201 observatio-

392 2253 600 2308 nesque
630 2230 930 2306 divulgavit
955 2235 1010 2290 in
1043 2237 1184 2292 hanc
1235 2236 1561 2308 Epistolam,
1601 2234 1816 2292 caeteris
1847 2252 1966 2292 om-

391 2331 553 2386 nibus
583 2329 742 2400 longe
767 2322 1099 2396 diffusinres,
1135 2338 1408 2399 tantaeque
1434 2327 1783 2399 prolixitatis,
1812 2337 1873 2384 lit
1896 2328 1965 2383 ad

392 2425 562 2480 solam
593 2419 923 2477 eruditionis
952 2437 1086 2489 suae,
1113 2422 1412 2491 praesertim
1445 2417 1747 2487 Hebraicis,
1780 2431 1966 2477 osten-

393 2517 654 2573 tationem
714 2505 1030 2585 composita:
1075 2514 1383 2569 videantur.
1434 2511 1593 2567 Nulla
1641 2504 1844 2583 qu‘ippe
1881 2521 1966 2568 est

335 2609 346 2629 '
393 2608 725 2673 observatio,-
760 2606 850 2660 ubi
885 2621 995 2660 non
1029 2605 1144 2661 sint
1189 2605 1581 2677 digressiones,
1612 2613 1668 2659 et
1720 2619 1863 2675 saepe
1892 2620 1960 2661 ex

387 2700 522 2770 ipsis
564 2696 1000 2768 digressionibus
1032 2695 1085 2751 in
1112 2696 1216 2751 alia
1249 2693 1308 2750 fit
1330 2696 1526 2749 iterum
1554 2695 1858 2765 digressus,
1887 2696 1962 2752 ita

388 2800 448 2847 ut
479 2799 659 2846 textus
687 2790 952 2852 auctoris,
987 2788 1127 2843 notis
1159 2788 1410 2854 obrutus,
1457 2787 1729 2843 lectorum
1784 2789 1961 2845 oculis

386 2891 698 2939 evanescat.
725 2880 834 2936 Nec
877 2881 967 2936 ille
998 2879 1220 2950 quidem
1252 2879 1359 2934 alia
1389 2879 1602 2935 ratione
1623 2895 1683 2935 se
1712 2891 1791 2935 tot
1821 2891 1964 2934 tam-

387 2990 494 3046 que
537 2975 765 3030 diffusas
819 2970 1323 3027 animadversiones
1376 2972 1687 3042 publicasse
1742 2973 1958 3036 innuit;

2073 503 2190 549 stus
2220 497 2641 568 praedicabatur,
2673 505 3010 573 exponendis
3033 515 3142 561 tam
3175 507 3404 578 turpiter
3430 523 3649 566 errasse

2070 585 2474 644 criminantur?
2507 590 2764 662 Nunquid
2791 595 2996 651 ultimm
3025 606 3225 654 nostra:
3259 599 3432 656 aetatis
3468 599 3647 656 homi-

2070 693 2170 734 nes
2217 679 2271 734 in
2302 680 2368 735 iis
2397 683 2734 752 explicandis
2765 686 3040 743 doctiores
3069 699 3197 744 sunt
3225 699 3279 746 et
3327 685 3627 759 acutiores,

2069 781 2234 839 quam
2268 773 2346 826 illi
2376 767 2470 845 Qui
2503 777 2571 830 ab
2598 777 2860 847 apostolis
2891 780 2975 835 vel
3022 781 3092 835 ab
3119 797 3309 837 eorum
3358 783 3645 854 discipulis

2070 864 2305 934 suscepti
2337 875 2388 920 et
2411 866 2646 930 educati,
2678 869 2731 924 in
2756 885 2947 926 eorum
2980 873 3169 928 schola
3189 875 3473 930 scientiam
3501 877 3647 933 Scri-

2068 965 2353 1022 pturarum
2373 956 2680 1014 didicerunt
2695 961 2982 1017 ?‘Caveant
3005 964 3393 1022 inconsiderati
3419 966 3644 1025 Patrum

2069 1055 2437 1116 accusatores,
2468 1065 2536 1104 ne
2563 1065 2705 1106 vano
2729 1051 2981 1108 litteralis
3003 1070 3218 1119 sensus,
3244 1070 3406 1126 quem
3441 1057 3647 1129 ubique

2070 1138 2373 1202 venditant,
2428 1131 2715 1210 praetextu,
2757 1159 2788 1198 a
2834 1143 3014 1200 littera
3055 1147 3336 1203 occidente
3367 1151 3640 1218 percussi,

2070 1227 2125 1281 in
2158 1228 2418 1285 caecitatis
2467 1243 2734 1300 errorem,
2765 1249 2931 1304 quem
2981 1236 3105 1292 aliis
3159 1244 3361 1295 temere
3393 1239 3644 1311 inurunt,

2069 1319 2288 1390 ipsimet
2309 1321 2687 1391 prolabuntur.

2137 1408 2551 1468 Observandum
2591 1423 2850 1485 praeterea
2889 1428 3168 1475 auctorem
3211 1429 3460 1477 nostrum
3485 1439 3639 1494 quae-

2067 1501 2192 1557 dam
2225 1501 2514 1575 utriusque
2536 1497 2874 1563 Testamenti
2897 1509 3099 1566 citasse
3147 1513 3480 1582 testimonia,
3513 1531 3638 1587 quae

2067 1609 2193 1649 cum
2223 1593 2280 1650 in
2318 1598 2490 1654 sacris
2515 1598 2670 1656 libris
2707 1613 2814 1657 non
2839 1597 3200 1673 reperiantur,
3230 1605 3320 1660 illa
3360 1623 3391 1661 a
3418 1605 3641 1664 1υάωο-

2070 1703 2189 1744 rum
2243 1688 2798 1765 Christianorumque
2850 1698 3238 1756 traditionibus
3264 1701 3640 1773 desumpsisse

2067 1780 2491 1837 existimandum
2531 1788 2633 1841 est.
2685 1783 2944 1852 Quaedam
2975 1805 3106 1846 vero
3149 1807 3217 1846 ex
3262 1802 3458 1863 quarto
3498 1793 3639 1851 libro

2069 1871 2253 1930 Esdrte
2298 1877 2568 1944 protulit:
2604 1878 2699 1934 sed
2746 1873 2900 1935 illum
2947 1884 3200 1939 censoria
3248 1883 3450 1957 Moynii
3507 1896 3635 1944 nota

2066 1965 2210 2022 male
2231 1967 2475 2023 inustum
2515 1985 2582 2024 ex
2618 1969 2727 2039 his,
2753 1982 2874 2042 qna:
2899 1973 2965 2028 de
2991 1975 3096 2030 hoc
3123 1977 3328 2046 scripto
3352 1977 3405 2032 in
3431 1979 3633 2035 nostris

2067 2056 2135 2112 ad
2166 2051 2440 2115 Ambrosii
2463 2051 2639 2130 Opera
2665 2054 3137 2122 admonitionibus
3161 2065 3208 2098 '°
3235 2063 3638 2138 disputavimus

2065 2149 2246 2223 quivis
2285 2142 2444 2206 facile
2469 2151 2758 2224 intelligat.
3513 2160 3515 2162 ’

2136 2239 2520 2298 Adnotand'um
2550 2252 2771 2315 quoque
2803 2245 2872 2300 ab
2895 2254 3121 2304 auctore
3160 2256 3353 2304 nostro
3378 2250 3638 2323 antiquos

2065 2348 2174 2389 non
2206 2342 2418 2389 tantum
2450 2331 2737 2392 haereticos
2768 2337 3090 2407 expugnari,
3120 2338 3216 2394 sed
3245 2338 3410 2394 etiam
3440 2330 3639 2410 impios

2064 2423 2238 2479 nostri
2261 2415 2446 2478 saeculi
2481 2415 2825 2489 Socinianos,
2859 2435 3051 2482 contra
3095 2442 3235 2498 quos
3255 2429 3461 2486 Christi
3491 2423 3635 2486 divi-

2065 2505 2211 2570 nitas
2238 2515 2294 2568 in
2318 2515 2421 2570 hac
2447 2513 2693 2586 Epistola
2722 2507 3084 2574 invictissime
3117 2520 3406 2577 asseritur.

2135 2595 2330 2661 Nonne
2356 2605 2503 2661 enim
2527 2606 2605 2662 ibi
2644 2601 2923 2664 Barnabas
2952 2609 3105 2664 illum
3150 2622 3335 2681 aperte
3366 2618 3633 2670 terrarum

2065 2696 2359 2752 Dominum
2385 2697 2644 2768 appellat,
2681 2694 2940 2769 huncque
2985 2699 3280 2770 ipsummet
3313 2720 3435 2760 esse
3467 2707 3636 2761 testa-

2063 2797 2174 2854 tur,
2207 2787 2293 2841 cui
2325 2802 2356 2841 a
2386 2781 2546 2842 Patre
2573 2802 2676 2842 suo
2703 2789 2907 2844 aeterno
2936 2798 3062 2844 ante
3085 2793 3274 2846 mundi
3297 2793 3632 2851 creatidnem

2062 2878 2268 2933 dictum
2298 2885 2383 2934 est
2409 2896 2424 2933 ξ
2455 2868 2747 2933 Faciamus
2774 2879 3034 2936 hominem
3064 2882 3134 2935 ad
3156 2883 3439 2954 imaginem
3480 2895 3530 2940 et
3556 2875 3636 2940 si-

2063 2960 2416 3024 militudinem
2437 2979 2672 3025 nostram
2695 2963 2720 3024 .9
2743 2964 2847 3026 Sed
2878 2980 3098 3041 prasstat
3121 2988 3246 3028 eum
3291 2973 3473 3031 verbis
3515 2976 3634 3033 suis

387 3067 492 3121 nisi
524 3066 653 3137 quia
697 3073 962 3135 praerepta
995 3062 1096 3118 sibi
1131 3065 1424 3119 occasione
1471 3061 1614 3136 typis
1660 3062 1958 3118 mandandi
1989 3069 2037 3135 ο
2065 3063 2374 3135 loquentem
2404 3063 2622 3132 audire:
2651 3061 2720 3116 Et
2745 3057 2814 3116 ad
2838 3064 2934 3117 hoc
2959 3063 3215 3119 Dominus
3244 3060 3499 3120 sustinuit
3519 3056 3635 3138 pati

386 3174 585 3213 novam
612 3158 846 3228 Operum
871 3155 1114 3226 Josephi,
1145 3172 1308 3227 quam
1331 3171 1362 3212 a
1385 3156 1548 3228 longo
1572 3165 1814 3228 tempere
1841 3173 1963 3213 mo-

387 3251 621 3305 liebatur
653 3248 970 3315 editionem,
996 3248 1262 3320 quidquid
1297 3249 1470 3320 magis
1497 3247 1796 3316 eruditum,
1841 3261 1958 3306 ma»

387 3341 580 3413 gisque
602 3341 884 3396 curiosum
909 3341 974 3397 ad
1007 3357 1128 3396 eam
1180 3341 1562 3411 perficiendam
1618 3351 1959 3413 praeparave-

385 3447 492 3501 rat,
519 3435 625 3492 hoc
651 3435 705 3490 in
739 3444 900 3490 notas
926 3433 1448 3507 observationesque
1481 3450 1610 3491 suas
1659 3450 1960 3507 congeren-

384 3527 514 3581 dum
565 3542 688 3582 esse
728 3526 1020 3598 putaverit.
1054 3523 1172 3580 Non
1202 3527 1608 3583 contemnimus
1659 3527 1762 3583 viri
1811 3520 1959 3582 docti

387 3619 772 3683 eruditionem,
801 3617 896 3673 sed
933 3618 1274 3688 prudentiori
1300 3618 1510 3690 judicio
1536 3635 1600 3675 ac
1626 3620 1761 3676 locis
1783 3620 1960 3691 aptio-

387 3711 540 3766 ribus
562 3709 882 3765 collocanda
909 3718 1047 3765 erat.

887 3845 1286 3907 ARTICULUS
1324 3845 1462 3903 XIII.

596 3957 1165 4016 Noote-observationes
1192 3964 1245 4017 in
1270 3963 1406 4017 hanc
1430 3961 1744 4032 Epistolam.

459 4077 517 4134 Si
555 4078 686 4150 quid
721 4079 882 4135 nobis
917 4087 998 4134 tot
1026 4089 1244 4150 tamque
1289 4079 1521 4135 diversis
1554 4079 1953 4135 observationi-

387 4173 488 4228 bus
515 4168 823 4228 addendum
851 4181 1182 4243 superesset,
1218 4167 1532 4228 Christiana
1566 4172 1814 4227 libertate
1830 4188 1956 4228 cum

384 4260 605 4335 Moynlo
627 4263 868 4333 aliisque
899 4262 1177 4318 nonnullis
1200 4263 1268 4318 de
1291 4277 1481 4318 eorum
1505 4261 1833 4319 conﬁdentia
1861 4279 1958 4318 ex-

383 4356 813 4428 postularemus,
847 4366 954 4426 qua
993 4365 1049 4410 et
1095 4351 1375 4411 auctorem
1424 4365 1670 4411 nostrum
1713 4365 1768 4411 et
1812 4357 1955 4411 anti—

381 4418 678 4517 quissimos
705 4418 962 4500 Ecclesiae
986 4444 1280 4513 scriptores
1307 4457 1373 4498 eo
1391 4452 1648 4514 arguunt,
1681 4443 1809 4514 quia
1836 4443 1958 4514 plu-
1985 4418 2031 4474 D

383 4553 472 4593 res
502 4531 713 4592 Veteris
738 4529 1072 4591 Testamenti
1101 4534 1255 4590 locos
1277 4533 1344 4590 de
1382 4527 1575 4590 Messia
1612 4534 1956 4606 interpretati

384 4630 515 4696 sint,
551 4642 692 4699 quos
744 4626 820 4681 illi
867 4626 934 4682 ad
983 4641 1110 4680 eum
1161 4625 1391 4681 minime
1419 4625 1692 4696 respicere
1719 4627 1956 4683 arbitra-

382 4721 603 4776 bantur.
646 4713 792 4774 Nihil
831 4717 978 4773 enim
1009 4717 1112 4772 hac
1146 4717 1499 4773 accusatione
1540 4719 1700 4775 nobis
1738 4720 1956 4775 videtur

383 4812 652 4882 iniquius,
693 4811 832 4865 nihil
863 4810 1023 4880 plane
1063 4809 1379 4866 absurdius.
1413 4810 1644 4868 Constat
1683 4806 1954 4883 siquidem

381 4903 662 4959 Christum
687 4902 954 4972 apostolis
980 4911 1034 4957 ct
1055 4896 1342 4972 discipulis
1365 4904 1480 4959 suis
1513 4920 1759 4972 sensum,
1799 4917 1860 4962 ut
1881 4909 1958 4962 ait

383 4996 667 5067 Scriptura
695 4995 836 5066 ipsa,
863 4997 1165 5064 aperuisse,
1209 5007 1267 5050 ut
1316 4997 1666 5068 intelligerent
1713 4993 1955 5069 Scriptu-

383 5107 470 5145 ras
496 5088 562 5155 “,
588 5087 824 5143 maxime
847 5100 978 5143 vero
1003 5081 1126 5143 illos
1151 5086 1397 5158 ejusdem
1430 5087 1726 5160 Scriptum
1778 5091 1952 5160 locos,

381 5181 474 5250 qui
507 5180 798 5234 adventum
824 5179 967 5250 ejus,
1001 5167 1262 5246 mortem,
1287 5191 1592 5251 caeteraque
1621 5182 1791 5251 ipsius
1813 5182 1954 5239 facta

382 5268 842 5340 prtenuntiabant.
873 5269 1038 5340 Atqui
1088 5271 1318 5341 apostoli
1350 5281 1405 5326 et
1438 5272 1696 5343 discipuli
1743 5272 1952 5330 Christi

381 5360 601 5417 eosdem
632 5360 928 5432 Scriptura:
954 5376 1170 5429 sensus,
1198 5378 1337 5433 quos
1364 5380 1393 5418 a
1411 5364 1598 5419 divino
1619 5377 1952 5437 praeceptore

383 5469 485 5510 suo
508 5463 853 5524 acceperant,
887 5455 1002 5511 suis
1041 5472 1262 5528 quoque
1304 5456 1611 5527 discipulis,
1654 5457 1709 5512 id
1740 5472 1826 5516 est
1853 5475 1952 5515 au-

384 5546 518 5600 ctori
543 5556 753 5613 nostro,
786 5546 1016 5618 aliisque
1043 5550 1289 5620 ejusdem
1315 5552 1414 5608 aevi
1437 5552 1794 5622 scriptoribus
1825 5570 1954 5626 ape-

2065 3171 2160 3226 pro
2215 3154 2398 3208 anima
2469 3161 2685 3219 nostra,
2735 3161 2856 3207 tum
2901 3156 2972 3209 sit
3025 3157 3165 3210 orbis
3220 3163 3482 3210 terrarum
3523 3145 3635 3212 Do-

2064 3250 2260 3316 minus,
2284 3247 2370 3301 cui
2408 3247 2547 3300 dixit
2569 3236 2655 3300 die
2675 3254 2794 3300 ante
2817 3247 3246 3301 constitutionem
3267 3250 3450 3303 δαίσαιιί
3462 3267 3509 3305 :I
3524 3249 3635 3304 Fa-

2064 3343 2267 3396 ciamus
2315 3339 2577 3394 hominem
2600 3336 2669 3392 ad
2699 3337 2982 3408 imaginem
3018 3345 3068 3391 et
3099 3337 3504 3396 similitudinem
3537 3356 3633 3396 no-

2062 3442 2287 3488 stram.)

2126 3523 2275 3592 Quid
2304 3537 2434 3579 vero
2471 3521 2617 3594 quod
2650 3521 2792 3582 idem
2843 3529 3040 3591 auctor
3080 3531 3270 3578 noster
3313 3538 3423 3577 non
3469 3521 3630 3578 modo

2056 3618 2229 3692 solem
2256 3633 2385 3687 opus
2414 3627 2668 3670 manuum
2705 3616 2841 3686 ejus,
2876 3616 3084 3672 scilicet
3109 3614 3344 3674 Christi.
3391 3613 3585 3669 asserit
3610 3629 3628 3668 ς

2061 3713 2154 3768 sed
2182 3711 2236 3766 in
2268 3710 2390 3781 ipso
2411 3717 2466 3763 et
2487 3715 2710 3778 propter
2729 3708 2907 3779 ipsum
2924 3722 3046 3764 esse
3070 3706 3252 3763 omnia
3285 3706 3487 3762 diserte
3504 3713 3630 3774 pro-

2059 3800 2315 3857 nuntiat:
2350 3785 2527 3859 Habes
2554 3800 2741 3862 etiam,
2788 3797 2986 3868 inquit,
3028 3790 3084 3850 in
3109 3796 3206 3851 hoc
3223 3795 3447 3867 gloriam
3474 3785 3626 3863 Iesu,

2060 3892 2198 3964 quod
2235 3892 2291 3945 in
2316 3892 2431 3961 ipso
2461 3900 2584 3944 sunt
2607 3889 2808 3955 omnia,
2829 3896 2878 3942 et
2899 3889 2954 3942 in
2976 3887 3172 3958 ipsum.

2133 3983 2378 4053 Denique
2403 3981 2658 4052 neplura
2708 3967 2815 4035 alia
2852 3980 3058 4050 passim
3092 3979 3148 4034 in
3176 3979 3346 4036 haece
3385 3972 3626 4050 Epistol-

2060 4075 2228 4132 simili
2258 4073 2422 4130 modo
2453 4073 2658 4130 dictata
2698 4082 3082 4143 congeramus,
3125 4072 3182 4128 id
3209 4079 3423 4127 tantum
3471 4071 3630 4142 juvat

2059 4167 2414 4238 subiungere,
2443 4181 2553 4237 quo
2577 4164 2832 4220 Christus
2874 4164 2931 4218 in
2957 4163 3218 4220 cordibus
3246 4163 3472 4230 nostris,
3504 4172 3630 4217 tan-

2057 4274 2225 4331 quam
2265 4259 2324 4314 in
2353 4257 2570 4328 templis
2592 4256 2704 4312 Deo
2729 4255 3066 4313 consecratis
3097 4255 3341 4311 habitare
3374 4244 3576 4310 dicitur
3610 4270 3626 4310 :

2061 4352 2202 4418 Quia
2226 4352 2496 4422 oportebat
2524 4365 2644 4405 eum
2673 4349 2728 4404 in
2760 4365 2919 4403 carne
2947 4364 3220 4420 apparere,
3237 4357 3287 4402 et
3310 4347 3549 4402 habitare
3569 4348 3629 4402 its

2059 4445 2250 4511 nobis;
2282 4443 2533 4512 templum
2563 4443 2703 4497 enim
2722 4451 2988 4509 sanctum,
3018 4441 3212 4511 fratres
3244 4440 3367 4509 mei,
3397 4438 3626 4494 Domino

2058 4549 2135 4594 est
2162 4537 2420 4593 habitatio
2448 4535 2622 4590 cordis
2650 4535 2838 4590 nostri.

2112 4629 2267 4697 Quis
2285 4637 2494 4696 autem,
2516 4626 2712 4682 amabo
2740 4635 2813 4692 te,
2849 4625 2953 4681 nisi
2979 4624 3093 4695 jam
3125 4622 3474 4694 prtejudicata
3501 4621 3628 4694 opi-

2059 4724 2224 4778 nione
2267 4723 2430 4793 plane
2463 4721 2769 4777 obcaecatus
2807 4721 2995 4784 homo,
3046 4731 3246 4788 negare
3275 4715 3474 4772 audeat
3510 4715 3628 4772 hac

2060 4815 2244 4872 omnia
2269 4815 2336 4870 ab
2361 4823 2585 4870 auctore
2613 4821 2804 4868 nostro
2820 4821 2928 4866 non
2955 4809 3022 4864 de
3047 4809 3156 4863 alio
3187 4807 3353 4864 scribi
3385 4819 3626 4880 unquam

2057 4907 2325 4979 potuisse,
2358 4907 2464 4963 nisi
2498 4906 2565 4962 de
2593 4920 2725 4962 vero
2772 4916 3141 4976 germanoque
3174 4901 3270 4957 Dei
3321 4901 3482 4970 Filio,
3529 4899 3626 4970 qui

2058 5002 2303 5073 ejusdem
2333 4999 2558 5056 omnino
2587 5014 2712 5055 cum
2740 4995 2901 5052 Patre
2927 5011 3028 5051 suo
3074 4997 3146 5052 sit
3173 5001 3383 5051 naturae
3411 5003 3466 5049 et
3491 4993 3627 5050 sub-

2059 5095 2294 5161 stantiae,
2315 5093 2528 5164 ipsique
2557 5088 2793 5161 perfecte
2817 5073 3089 5158 planeque
3113 5082 3452 5142 coaeternus?

2129 5181 2689 5243 Animadvertendum
2732 5178 2969 5249 denique
3017 5178 3158 5233 hanc
3179 5177 3422 5233 auctoris
3451 5174 3628 5230 nostri

2060 5277 2362 5349 Epistolam
2385 5275 2453 5330 ad
2465 5287 2568 5329 nos
2581 5273 2844 5342 integram
2860 5284 2968 5324 non
2987 5269 3328 5339 pervenisse:
3353 5265 3624 5335 siquidem

2062 5369 2232 5426 Graeci
2251 5367 2469 5424 codices
2485 5359 2847 5430 manuscripti
2873 5357 3028 5416 titulo
3043 5365 3098 5411 et
3116 5353 3386 5426 principio
3411 5361 3624 5417 carent,

2058 5462 2418 5536 pluribusque
2447 5464 2661 5514 scatent
2699 5453 2916 5520 erratis,
2949 5463 3070 5522 qua:
3092 5448 3198 5504 nisi
3245 5446 3477 5536 aliorum
3519 5457 3627 5512 ope

2058 5533 2308 5612 codicum
2353 5547 2634 5608 emendari
2685 5562 2796 5605 non
2843 5549 3070 5617 queunt.
3103 5539 3165 5596 ln
3208 5537 3393 5595 codice
3422 5533 3626 5593 Latino

455 5705 499 5736 ’°
527 5703 658 5760 Luc.
691 5721 839 5773 xxiv,
864 5707 954 5762 45.
1033 5707 1077 5740 ³ο
1114 5706 1390 5766 Admonit.
1416 5711 1472 5770 in
1499 5711 1593 5771 lib.
1625 5710 1682 5769 S.
1714 5711 1968 5796 Ambros.
1999 5710 2076 5770 Ds
2105 5709 2224 5768 bon.
2266 5719 2424 5765 mort.
