4032 6146
351 324 457 379 685

1696 300 2230 360 PROLEGOMENA.

3510 300 3613 355 636

350 423 749 503 secund‘a'pars
774 398 1037 501 Epistulae
1064 426 1276 494 deﬁcit;
1329 425 1522 496 priune
1547 436 1679 478 vero
1706 421 1928 477 additus
1957 429 2005 485 Α
2032 421 2221 477 Graeco
2274 419 2566 486 habentur,
2616 419 2686 474 ab
2723 420 2846 491 ipso
2866 422 3238 492 praetermissa
3285 420 3615 489 sun'tf-Qua-

347 536 435 581 est
462 524 608 589 linis,
632 521 790 593 quasi
824 520 956 575 nihil
987 518 1224 589 amplius
1248 515 1609 572 desideretur.
1624 510 1796 568 Vetus
1823 528 1925 566 au-

350 626 460 673 tem
491 616 761 684 interpres
791 612 1020 668 Latinus
1077 625 1187 664 non
1240 606 1429 663 omnia
1481 604 1723 660 auctoris
1755 604 1923 658 verba

349 708 610 775 reddidit,
668 715 723 762 et
753 704 1016 759 nonnulla
1065 700 1343 772 aliquibus
1386 704 1438 753 in
1489 698 1649 763 locis,
1699 711 1821 767 quae
1863 696 1919 749 in

2031 516 2251 579 propter
2278 506 2369 562 ille
2396 508 2481 563 vel
2500 508 2554 562 in
2573 508 2829 564 mutilum
2855 510 3102 566 codicem
3133 512 3349 581 incidit,
3374 512 3460 567 vel
3491 511 3616 566 data

2029 618 2194 673 opera
2226 603 2475 672 quaedam
2499 601 2707 668 omisit,
2733 603 2818 658 vel
2848 604 3084 675 denique
3109 606 3352 664 auctoris
3375 607 3462 664 sui
3498 622 3620 662 sen-

2026 708 2148 748 Slllll
2178 708 2285 747 11011
2320 702 2605 749 assecutus
2624 701 2727 747 est.

524 881 570 889 ““¹”
624 882 643 895 ι’
906 886 911 887 ⁷
1166 894 1169 895 ν
1194 887 1940 895 *Αᾉῌρ--ψ

2040 878 3185 895 -—_—.——————.‘—L————a——__a

1905 1001 2077 1093 VI.

459 1166 1011 1268 (GALLANDIUS,
1054 1186 1181 1246 νει.
1208 1183 1390 1245 Patr.
1424 1179 1847 1255 Bibliotheca,
1885 1184 1928 1240 t.
1961 1178 2014 1253 1,
2049 1178 2371 1252 Venetiis,
2405 1180 2581 1251 1765,
2618 1177 2871 1253 in-fol.,
2906 1188 3183 1263 Proleg.,
3226 1205 3286 1266 ρ,
3330 1187 3531 1266 χιιι.)

856 1344 1087 1402 CAPUT
1126 1342 1420 1401 PRIMUM.

353 1473 504 1539 Num
533 1474 592 1537 S.
618 1481 893 1537 Barnabas
927 1492 1114 1536 auctor
1143 1484 1211 1535 sit
1243 1478 1501 1551 Epistula:
1542 1485 1665 1551 quia
1697 1475 1791 1551 sub
1816 1476 1932 1545 ejus

425 1554 636 1612 nomiue
680 1552 1075 1623 circumfertur.
1136 1548 1375 1607 Clemens
1416 1548 1819 1623 Alexandrinus
1880 1555 1931 1600 et

431 1624 679 1693 Origenes
698 1639 814 1681 eam
838 1617 1099 1679 Barnabw
1122 1632 1382 1676 asserunt.
1407 1620 1760 1693 Hieronymus
1785 1617 1928 1693 item,

428 1686 580 1763 cujus
607 1694 963 1746 testimonium
987 1694 1297 1763 edisset-itur
1320 1703 1475 1762 atque
1499 1686 1781 1745 astruitar.
1814 1686 1929 1739 Eu-

430 1761 562 1818 sebii
594 1762 938 1819 Cdzsariensis
964 1761 1111 1817 locus
1141 1761 1420 1833 expensus.

428 1897 575 1954 Inter
608 1898 977 1957 vetustissima
1038 1898 1223 1953 saeculi
1261 1914 1278 1951 ι
1315 1895 1688 1953 ecclesiastica
1738 1910 1935 1950 monu-

358 1999 566 2057 menta,
599 1991 819 2055 tertium
871 1992 1050 2046 locum
1106 1997 1339 2059 occupat
1383 1988 1627 2058 Epistula
1663 2003 1786 2058 quae
1834 1987 1937 2042 sub

361 2082 423 2138 Β.
456 2082 719 2138 Barnabas
741 2084 962 2138 nomine
992 2081 1396 2137 circumfertur.
1431 2079 1506 2136 De
1540 2089 1766 2135 auctore
1788 2077 1934 2133 haud

359 2190 470 2230 una
499 2183 585 2231 est
616 2175 946 2246 scriptorum
972 2181 1090 2228 tum
1130 2182 1375 2228 veterum
1418 2180 1533 2226 tum
1572 2169 1935 2236 recentiorum

361 2269 655 2323 sententia.

436 2358 508 2414 Ut
536 2362 718 2415 autem
744 2360 875 2416 hinc
913 2358 1304 2426 exurdiamur,
1336 2357 1537 2413 sreculo
1578 2372 1618 2411 ll
1659 2355 1942 2411 desinente

358 2452 616 2507 Clemens
643 2451 1044 2508 Alexandrinus
1073 2451 1348 2522 plerisque
1379 2450 1433 2504 in
1473 2448 1627 2513 locis,
1659 2463 1825 2518 supra
1855 2447 1942 2502 in-

361 2553 448 2599 ter
468 2548 712 2600 veterum
742 2544 1055 2599 testimonia
1084 2543 1295 2610 relatis,
1319 2542 1460 2595 hanc
1484 2539 1782 2609 Epistulam
1808 2554 1943 2594 con-

358 2644 570 2691 stanter
614 2634 877 2689 Barnabas
916 2633 1180 2697 attribuit,
1205 2641 1259 2686 et
1285 2631 1503 2701 quidem
1533 2627 1793 2699 apostolo,
1822 2628 1942 2681 testi

360 2726 684 2793 apostolico,
716 2727 807 2780 uni
861 2741 925 2779 ea:
970 2742 1073 2779 ιιι
1119 2723 1335 2776 Domini
1374 2720 1653 2790 discipulis
1697 2728 1752 2775 et
1779 2718 1941 2773 Pauli

355 2814 628 2884 adjutori,
659 2824 719 2870 ut
748 2816 977 2886 ipsemet
1007 2830 1132 2869 eum
1164 2814 1421 2884 appellat.
1453 2811 1595 2879 Quin
1620 2822 1675 2867 et
1705 2811 1762 2865 in
1788 2812 1943 2866 libris

364 2906 825 2970 Ὑποτυπώσεων,
871 2904 1107 2960 Eusebio
1150 2914 1285 2959 teste
1321 2903 1467 2970 ³¹-³²,
1498 2901 1940 2971 cumpeudiosam

347 2998 501 3054 Novi
528 2998 859 3053 Testamenti
898 2996 1306 3066 Scripturarum
1328 2993 1732 3051 enarrationem
1782 2990 1941 3049 insti-

2043 1339 2167 1393 viris
2199 1337 2499 1392 illustribus
2529 1340 2720 1405 edidit,
2747 1339 2815 1394 de
2842 1337 2963 1408 ejus
2986 1334 3241 1406 Epistulae
3264 1333 3613 1399 auctoritate,

2040 1447 2151 1486 non
2181 1447 2362 1487 autem
2383 1432 2451 1486 de
2477 1442 2724 1498 auctore,
2751 1432 2910 1486 aliter
2934 1429 3215 1486 censuisse
3243 1421 3610 1482 existimatur.

2042 1524 2134 1582 Sic
2163 1527 2308 1581 enim
2357 1526 2433 1581 ibi
2457 1526 2540 1580 ³⁵ε
2580 1526 2858 1582 Barnabas
2906 1526 3156 1596 Cyprius,
3196 1524 3289 1596 qui
3326 1532 3376 1576 et
3420 1521 3615 1585 Ioseph

2038 1618 2277 1685 Levites,
2332 1636 2452 1674 cum
2498 1619 2673 1675 Paulo
2716 1621 2949 1690 gentium
2989 1618 3257 1688 apostolus
3293 1609 3615 1684 ordinatus,

1963 1754 2008 1810 Β
2037 1731 2200 1769 unam
2242 1715 2311 1768 ad
2353 1715 2761 1783 wdiﬁcationem
2798 1715 3054 1770 Ecclesia:
3100 1714 3441 1810 pertinentem
3480 1710 3614 1781 Epi-

2038 1813 2233 1860 stolam
2282 1808 2599 1877 composuit,
2632 1809 2914 1877 quaeinter
2954 1806 3281 1876 apocryphas
3320 1799 3615 1875 scripturas

2037 1898 2253 1971 legitur.
2286 1900 2458 1965 Quem
2493 1899 2546 1954 in
2578 1899 2757 1954 locum
2791 1901 2925 1954 scite
2956 1896 3348 1954 Pcarsouius“
3378 1915 3391 1950 :
3425 1915 3442 1947 ι
3474 1894 3616 1949 Bar-

2039 1992 2191 2046 nabat
2219 1990 2518 2061 Epistulam
2544 1990 2715 2047 fuisse
2747 1991 2912 2045 tradit
2943 1984 3041 2054 (S.
3068 1982 3468 2060 Hieronymus)
3502 2002 3614 2042 non

2039 2082 2146 2152 ipsi
2180 2080 2609 2151 supposititiam,
2643 2090 2738 2136 aut
2773 2081 3045 2151 spuriam;
3095 2081 3165 2133 ad
3208 2080 3616 2149 aedificationem

2041 2171 2295 2229 Ecclesite
2330 2173 2647 2243 pertinuisse
2676 2174 2909 2239 asserit;
2942 2187 3051 2227 non
3091 2173 3275 2242 itaque
3300 2172 3614 2227 beereticam

2039 2265 2297 2334 putavit:
2336 2263 2525 2317 lectam
2554 2272 2735 2331 tamen
2775 2266 2912 2318 inter
2951 2264 3279 2334 apocryphas
3322 2265 3615 2333 scripturas

2041 2356 2221 2422 docet,
2254 2370 2354 2410 nec
2383 2355 2452 2408 ab
2481 2353 2726 2409 Ecclesia
2756 2356 3096 2425 repudiatam
3123 2355 3325 2410 innuit.
3352 2374 3371 2406 ι

2114 2444 2271 2511 Quod
2308 2454 2491 2501 autem
2526 2444 2891 2517 Hieronymus
2922 2433 3221 2517 Epistulam
3261 2436 3523 2503 Bai-nabat
3550 2445 3616 2501 ad

2043 2538 2387 2609 apocryphas
2415 2538 2718 2613 scripturas
2769 2540 3060 2605 amandet,
3111 2555 3223 2595 nou
3277 2554 3451 2609 usque
3480 2539 3618 2594 adeo

2044 2630 2322 2701 negotium
2354 2629 2629 2686 facessere
2649 2630 2831 2696 debet,
2855 2640 2916 2686 ut
2939 2632 3126 2686 statim
3159 2622 3463 2686 adulterina
3486 2646 3613 2686 cen~

2043 2724 2213 2779 senda
2266 2724 2371 2786 sit,
2430 2723 2646 2794 ipsique
2703 2725 2954 2794 apostolo
3000 2712 3399 2794 abjudicanda;
3452 2737 3617 2792 quam

2044 2825 2235 2871 contra
2283 2814 2455 2872 fuisse
2480 2816 2549 2871 ab
2598 2831 2664 2871 eo
2719 2816 3080 2886 compositam
3122 2816 3412 2886 perspicue
3456 2814 3621 2870 tradit

2044 2914 2269 2963 sanctus
2331 2907 2543 2963 doctor.
2594 2905 2760 2977 quue
2804 2915 2863 2961 ut
2918 2905 3118 2962 clarius
3166 2906 3345 2961 adhue
3396 2915 3617 2976 pateat,

2044 3000 2295 3069 exemplo
2318 2999 2624 3057 illustrabo.
2648 2998 2871 3071 Legitur
2895 3000 2949 3054 in
2978 3000 3207 3055 Decreto
3230 2992 3577 3055 Gelasiano”
3602 3017 3617 3053 :

350 3104 410 3148 tu
420 3107 527 3147 ens
545 3091 685 3146 idem
706 3090 980 3156 Clemens,
999 3089 1259 3144 Barnabas
1284 3088 1411 3142 item
1432 3086 1729 3156 EpiSlOlam
1750 3101 1844 3141 eas
1862 3086 1947 3139 Ῐη-
1971 3091 2016 3153 C
2050 3091 2294 3147 Historia
2313 3092 2528 3147 Eusebii
2548 3092 2818 3162 Pamphili
2835 3093 3155 3163 apocrypha.
3175 3094 3342 3160 Cedo,
3361 3093 3622 3147 statuitne

349 3195 450 3241 ter
472 3181 1000 3239 recensuit.‘Alicubi
1026 3194 1205 3236 tamen
1232 3180 1511 3250 presbyter
1538 3177 1943 3234 Alexandrinus

351 3277 658 3335 consilium
693 3284 936 3329 mutasse
981 3274 1238 3327 videtur:
1282 3273 1413 3326 dum
1445 3271 1591 3326 enim
1632 3285 1701 3325 ex
1751 3269 1943 3325 eadem

341 3371 615 3443 Epistula
670 3367 930 3423 nonnulla
974 3365 1269 3432 delibat”,
1300 3363 1566 3418 Barnabas
1614 3362 1942 3418 sententiam

356 3462 647 3521 interdum
697 3458 943 3528 respuit;
993 3456 1245 3526 quamvis
1294 3455 1429 3508 tanti
1480 3453 1584 3507 viri
1642 3451 1944 3508 reverentia

359 3564 572 3619 tactus,
600 3553 720 3622 ejus
744 3551 951 3606 nomini
972 3556 1182 3621 parcat,
1206 3557 1267 3603 ut
1295 3556 1421 3619 post
1439 3546 1772 3603 Cutelerium
1808 3545 1943 3602 Put-

358 3657 526 3707 terus
556 3643 863 3701 admonuit.
945 3671 957 3685 ο

442 3740 780 3795 Clementem
832 3736 1267 3792 Alexandrinum
1329 3741 1717 3804 praeceptorem
1782 3746 1944 3788 suum

367 3842 600 3888 secutus
646 3828 945 3900 Origenes,
991 3827 1138 3883 circa
1184 3827 1423 3881 medium
1471 3823 1659 3880 saeculi
1705 3840 1802 3890 Ill,
1834 3838 1943 3877 non

366 3925 551 3980 solum
576 3937 607 3977 a
630 3921 878 3976 Barnaba
906 3919 1165 3990 scriptam
1189 3919 1398 3989 putavit
1414 3916 1732 3988 Epistulam,
1755 3930 1944 3970 verum

365 4015 537 4072 etiam
588 4013 906 4067 catholicam
950 4010 1253 4077 vocitavit,
1287 4018 1341 4065 et
1376 4007 1667 4079 Scriptura:
1721 4007 1947 4063 nomine

366 4105 655 4177 insignivit
675 4106 741 4159 “.
771 4103 929 4171 Sunt,
961 4102 1161 4173 inquit,
1196 4111 1448 4172 praeterea
1494 4102 1652 4170 (sicut
1679 4101 1735 4154 in
1765 4100 1946 4155 multis

366 4201 668 4272 Scriptura!
721 4198 851 4253 locis
898 4196 1407 4267 invenimus)etiam
1456 4196 1729 4266 utriusque
1773 4193 1944 4264 partis

363 4294 451 4350 uel
484 4287 758 4362 utriusque
800 4291 898 4345 uio:
929 4290 1162 4359 [autores
1185 4288 1404 4358 quidam
1445 4297 1495 4341 et
1530 4288 1800 4357 adjutores
1850 4308 1948 4345 an-

365 4385 501 4460 geli,
531 4394 638 4442 etc.
672 4383 886 4450 Quibus
925 4382 1185 4436 nimirum
1217 4382 1398 4437 verbis
1438 4381 1508 4436 ad
1552 4380 1812 4451 Epistulae
1842 4398 1945 4437 no-

2047 3183 2134 3237 his
2166 3183 2347 3237 verbis
2377 3192 2602 3237 sanctus
2639 3182 2887 3252 pontifex
2931 3183 3224 3238 Historiam
3266 3182 3488 3239 Eusebii
3524 3199 3619 3236 ec-

2046 3268 2401 3328 clesiasticam
2440 3276 2699 3344 episcopo
2731 3275 2808 3329 illi
2838 3274 3164 3330 Caesariensi
3195 3270 3367 3331 fuisse
3411 3288 3620 3345 suppo-

2046 3364 2248 3419 sitam?
2273 3364 2498 3422 Minime
2531 3369 2779 3424 omnium
2806 3388 2819 3423 :
2848 3380 2903 3424 at
2947 3371 2999 3425 id
3030 3367 3379 3424 solummodo
3405 3364 3621 3422 edicere

2032 3459 2220 3513 ‘voluit
2249 3458 2522 3529 Gelasius,
2552 3461 2771 3518 Eusebii
2796 3461 3093 3517 Historiam
3119 3477 3225 3516 non
3257 3475 3379 3516 esse
3407 3455 3621 3529 publice

2046 3547 2103 3601 in
2130 3546 2371 3604 Ecclesia
2412 3550 2716 3621 legendam,
2752 3552 2881 3607 dum
2912 3551 3268 3623 apocrypham
3297 3549 3616 3627 declaravit.

2045 3637 2316 3695 Nimirum
2348 3641 2513 3713 hujus
2546 3642 2697 3697 vocis
2729 3642 3048 3713 dxdxpvsra
3078 3645 3160 3699 vis
3195 3655 3249 3698 et
3279 3643 3426 3697 notio
3453 3644 3621 3713 probe

2050 3733 2301 3798 tenenda,
2330 3740 2392 3787 ut
2432 3748 2520 3788 res
2554 3733 2888 3803 ejuscemodi
2933 3736 3035 3791 rite
3067 3735 3446 3805 expediantur.
3474 3733 3622 3790 Con-

2047 3831 2157 3879 stat
2199 3825 2347 3880 enim
2397 3825 2540 3879 inter
2571 3828 2849 3895 eruditos,
2905 3844 3090 3884 vocem
3136 3829 3295 3885 istam
3348 3845 3459 3884 non
3510 3845 3620 3885 uno

2048 3931 2215 3971 sensu
2245 3916 2642 3987 accipiendam.
2666 3918 2800 3974 Rem
2833 3919 2955 3976 fuse
2984 3930 3277 3990 pertractat
3311 3921 3453 3975 inter
3481 3920 3621 3976 alios

2050 4006 2305 4065 Svicerus
2332 4009 2375 4047 ³⁸
2403 4028 2417 4079 ;
2452 4012 2544 4066 sed
2597 4012 2817 4069 brevius
2852 4014 3208 4084 exaetiusque
3255 4014 3324 4069 cl.
3359 4012 3621 4069 Fontani-

2048 4115 2153 4155 nus
2177 4099 2264 4156 "z
2305 4118 2323 4153 ι
2361 4101 2520 4172 Apud
2565 4111 2781 4161 seteres
2822 4103 3032 4169 Patres,
3074 4106 3283 4176 inquit,
3319 4108 3620 4177 apocrypha

2046 4208 2110 4249 ea
2139 4208 2266 4249 vere
2297 4203 2447 4262 sunt,
2480 4211 2603 4265 qua:
2633 4197 2903 4251 canonicis
2938 4208 3309 4268 opponuntur.
3335 4197 3475 4254 Hinc
3502 4199 3618 4253 An-

2048 4282 2255 4338 nalium
2313 4299 2510 4353 parens
2561 4284 2830 4341 Barunius
2863 4286 2931 4351 ⁵⁸,
2988 4289 3288 4359 apocrypha
3343 4305 3452 4343 esse
3498 4289 3616 4357 ait,

2046 4376 2198 4445 quasi
2226 4392 2329 4430 non
2358 4378 2758 4448 hagiographa;
2789 4395 2893 4434 non
2923 4388 3117 4447 tamen,
3148 4391 3207 4435 ut
3233 4400 3296 4437 ea
3324 4376 3616 4452 (Gelasius)

365 4489 503 4538 atra:
530 4486 695 4548 caput
723 4475 792 4530 18
820 4475 1051 4547 digitum
1077 4475 1375 4531 intendisse
1400 4474 1688 4545 Origenem
1713 4475 1905 4545 liquet.
1976 4464 2021 4520 Ι)
2051 4468 2114 4521 ab
2147 4468 2388 4524 Ecclesia
2419 4472 2630 4525 omnino
2664 4475 2981 4541 proscribat.
3025 4476 3366 4546 Augustinus
3390 4475 3554 4530 tradit
3572 4474 3617 4506 “

442 4567 505 4623 In
520 4569 767 4623 eamdem
790 4580 954 4637 porro
969 4565 1298 4621 sententiam
1328 4565 1395 4619 de
1417 4563 1667 4619 Barnaba
1681 4562 1941 4634 Epistulae

364 4668 597 4717 auctore
646 4657 811 4713 ivisse
849 4669 1070 4726 quoque
1116 4652 1173 4708 S.
1212 4651 1604 4724 Hieronymum
1647 4654 1773 4724 jure
1815 4652 1941 4723 quis

363 4750 592 4816 dixerit,
623 4747 923 4805 Clementis
962 4744 1198 4801 fortasse
1245 4744 1601 4800 Alexandrini
1640 4744 1728 4800 vel
1761 4745 1944 4815 potius

362 4844 625 4914 Origenis
671 4839 788 4896 sive
822 4837 1152 4894 auctoritate
1189 4836 1304 4892 sive
1333 4836 1582 4907 exemplo
1609 4846 1939 4907 permotum.

362 4935 656 5008 Siquidem
683 4933 739 4987 in
773 4944 938 5000 opere
964 4928 1037 4982 De
1064 4928 1501 4996 interpretatione
1529 4928 1800 4980 nominum
1830 4926 1943 4981 He-

362 5032 705 5091 braicorttm,
755 5024 900 5078 inter
934 5018 1069 5075 Novi
1099 5018 1434 5075 Testamenti
1474 5019 1644 5074 libros
1682 5018 1943 5089 Epistula:

360 5134 592 5197 quoque
633 5115 898 5172 Barnabze
941 5113 1121 5169 locum
1169 5111 1285 5181 ipse
1323 5110 1541 5167 dedisse
1584 5112 1939 5181 comperitur.

362 5219 523 5288 opus
574 5208 707 5265 illud
752 5204 1029 5262 scribebat
1068 5203 1259 5259 doctor
1309 5203 1584 5258 maximus
1626 5218 1771 5258 anno
1813 5204 1939 5259 388.

362 5305 640 5372 Deinceps
672 5308 826 5361 vero,
883 5306 1031 5347 anno
1060 5291 1270 5347 scilicet
1315 5291 1443 5359 392,
1474 5307 1584 5363 quo
1616 5292 1821 5349 librum
1865 5293 1943 5350 De

2007 4625 2018 4635 .
2047 4574 2109 4614 ea
2149 4559 2399 4616 denotari
2434 4562 2640 4616 nomine
2670 4565 3113 4635 apocryphorum,
3137 4581 3254 4636 qua:
3289 4565 3354 4620 ab
3378 4567 3620 4620 auctori-

2051 4657 2159 4703 tate
2218 4651 2476 4704 canonica
2522 4650 2769 4723 diligenti
2795 4650 3183 4711 examinatione
3227 4664 3429 4711 remota
3470 4666 3616 4712 sunt.

2048 4736 2254 4808 Duplex
2286 4740 2433 4794 enim
2484 4749 2602 4796 erat
2654 4743 2968 4813 scriptura:
3006 4746 3280 4813 canonica,
3313 4747 3473 4817 cuius
3522 4763 3621 4801 au-

2046 4837 2166 4886 ctor
2212 4829 2452 4901 Spiritus
2478 4844 2738 4901 sanctus;
2771 4847 2825 4890 et
2873 4838 3194 4907 apocrypha,
3236 4839 3395 4908 cujus
3429 4848 3621 4894 auctor

2048 4923 2212 4980 homo
2242 4928 2417 4985 solus.
2446 4928 2539 4984 llla
2569 4931 2785 5000 publice
2818 4933 2873 4988 in
2898 4932 3141 4991 Ecclesia
3168 4953 3183 5002 ;
3226 4936 3342 4992 lucc
3377 4952 3487 4992 non
3521 4938 3619 5005 ita,

2043 5015 2149 5087 legi
2180 5028 2413 5088 poterat.
2445 5022 2626 5089 Quare
2655 5025 2855 5082 librum
2887 5032 3243 5101 apocryphum
3277 5046 3421 5100 esse,
3474 5034 3617 5089 idem

2047 5123 2302 5168 censetur
2342 5122 2511 5185 atque
2563 5120 2891 5177 auctoritate
2937 5138 3146 5192 carere,
3184 5147 3291 5201 qua
3322 5132 3531 5201 publice
3563 5134 3620 5186 in

2048 5201 2311 5297 Ecclesia,
2345 5215 2404 5261 ut
2428 5210 2685 5263 canonica
2718 5212 2991 5283 leguntur,
3023 5218 3125 5288 legi
3158 5224 3352 5291 possit.
3376 5225 3618 5297 Duplicis

2048 5295 2193 5351 enim
2229 5299 2444 5369 generis
2477 5305 2788 5375 apocrypha
2821 5305 3068 5366 Gelasius
3096 5327 3412 5382 enumerat,
3439 5295 3619 5379 ortho-

432 5432 557 5525 τέ’
581 5432 806 5525 Euseb,
830 5437 974 5525 Hist.
1001 5439 1206 5525 tacete},
1235 5439 1459 5525 “bal/1,"
1459 5456 1576 5525 cap.
1600 5438 1688 5525 li:
1723 5440 1811 5525 ﬁ”
1832 5441 1940 5498 Clet

2040 5451 2098 5498 tt.
2126 5445 2304 5525 xilem,
2332 5448 2574 5525 Pwdag.,
2605 5451 2698 5525 lib.
2722 5468 2784 5525 ll,
2809 5469 2928 5524 cap.
2960 5455 3044 5521 10,
3072 5472 3125 5525 p.
3145 5458 3270 5523 221,
3289 5461 3418 5515 edit.
3438 5462 3618 5521 Orba.

366 5503 535 5559 1715.

641 5504 981 5599 ςξ-(ξςίεεξιᾘ
1007 5508 1296 5599 Explanat.
1333 5511 1393 5599 in
1619 5511 1869 5599 edulium.
1899 5530 1937 5581 ι,
1961 5513 2053 5599 ΞΑ.
2132 5515 2175 5548 ³⁸
2209 5504 2689 5599 Hieronnnbﬂe'uir.
2716 5504 2938 5599 illusl'rrl,
2962 5504 3613 5599 ulpici-7°“

377 5572 595 5665 Kiudif.
615 5572 839 5665 _lgnat-.:
859 5572 1071 5665 ρει-ξιιμ,
1092 5572 1222 5665 'cap:
1254 5581 1308 5649 4,
1334 5572 1606 5665 pag.'28_9.
1642 5583 1725 5665 ﬂ"
1754 5572 1959 5665 G_e_|as.',
1982 5583 2163 5653 Decr.,
2186 5600 2325 5665 _c_apn.
2352 5589 2406 5665 il.
2445 5572 2490 5621 ³⁸
2525 5572 2938 5665 ὃνξςξίξιίηῗῇᾎδῖ
2966 5572 3204 5665 Eé'c'iifi.
3248 5572 3415 5656 ait;

368 5652 512 5717 tum.
544 5642 588 5710 1,
614 5642 827 5717 ρζ457έ
859 5642 876 5649 ’
915 5651 958 5682 ³⁸
986 5642 1300 5717 Ροιιιιιὴἰηά

367 5710 415 5745 δι
450 5710 630 5784 Aug.,'
659 5716 736 5774 De
766 5717 925 5776 Ciait.
951 5720 1072 5791 Dei,
1092 5721 1188 5779 lib.
1214 5710 1305 5789 xv,
1332 5722 1567 5794 cap..25.

1386 5653 1695 5732 istufiquil.
1716 5695 1733 5727 ,
1787 5655 1883 5713 lib.
1919 5671 1972 5727 ν,
2005 5671 2126 5728 cap.
2178 5653 2329 5729 ll,'§
2350 5658 2405 5731 8,
2434 5674 2559 5732 pag.
2585 5662 2712 5721 554.

3458 5622 3590 5659 υφοε

2823 5621 2923 5648 vws.
2966 5621 3119 5665 εδει,
3153 5621 3204 5655 γ.
3262 5621 3415 5656 Αποκ
3458 5622 3486 5657 υ
3531 5622 3610 5669 ος,

2823 5665 2867 5699 ⁸ο
2899 5666 3123 5738 Baron.,
3156 5671 3223 5729 ad
3253 5689 3343 5730 an.
3377 5621 3465 5745 5f,
3492 5622 3528 5751 (ξ
3557 5677 3610 5732 9.
