4032 6146
487 283 591 340 687

1643 282 1698 337 S.
1743 283 2103 340 BARNABAS
2141 283 2568 344 APOSTOLUS.

3624 295 3732 350 688

486 403 739 456 datorum
767 399 1235 455 etlttereticorttitt.
1263 398 1386 456 ll:ec
1411 400 1636 456 omnino
1684 401 2046 472 rejiciuntur:
2081 413 2124 465 Α
2158 403 2209 456 in
2263 403 2587 472 praecedenti
2638 403 2814 473 capite
2866 414 3115 461 recenset
3147 405 3447 478 Epistulam
3487 405 3640 464 Judte
3675 420 3732 466 et

485 495 575 549 illa
605 493 889 550 canonicis
919 502 1290 563 opponuntur,
1325 501 1378 547 et
1423 493 1642 563 publica
1686 501 1897 547 tantum
1921 535 1935 558 ,
1983 493 2054 548 oh

484 600 666 641 naevos
697 585 963 655 quosdam
991 626 1007 651 ,
1050 585 1105 638 in
1153 583 1397 640 Ecclesia
1430 584 1662 640 lectione
1702 585 2000 655 privantur.
2030 604 2048 638 ι

484 677 760 735 llacteuus
813 677 899 733 vir
948 676 1220 733 eruditus.
1278 675 1467 746 itaque
1517 675 1648 730 dum
1691 675 2054 748 llieronymus

483 771 780 844 Epistolam
831 769 1002 826 fuisse
1053 785 1082 823 a
1136 767 1382 823 Barnaba
1441 767 1800 837 compositam
1841 768 2052 834 scribit,

478 881 596 935 qua:
629 865 767 918 inter
787 864 1108 934 apocryphas
1139 863 1428 932 scripturas
1456 859 1683 930 legitur,
1731 859 1850 930 ejus
1890 860 2051 914 verba

479 958 561 1012 sic
586 966 715 1013 sunt
741 957 1076 1026 accipienda,
1109 965 1169 1010 ut
1202 971 1327 1009 vere
1355 970 1382 1008 a
1409 953 1653 1008 Barnaba
1689 953 2050 1022 compositam

477 1049 776 1119 Epistolam
819 1058 1112 1114 asseveret,
1165 1063 1287 1118 qua:
1334 1056 1517 1102 tamen
1566 1045 1708 1101 inter
1754 1045 2051 1100 canonicas

477 1142 779 1213 scripturas
808 1141 1034 1196 minime
1072 1141 1482 1196 adnumeratur.
1524 1139 1748 1204 Erustra
1785 1138 1930 1194 enim
1968 1147 2052 1193 est

477 1232 783 1303 Basnagius
803 1232 870 1299 δ’,
918 1232 1048 1287 dum
1103 1231 1259 1286 nobis
1309 1231 1539 1286 suadere
1565 1239 1798 1286 conatur
1855 1228 2049 1284 lliero-

477 1339 701 1396 nymum
752 1323 1093 1394 populariter
1118 1321 1290 1378 fuisse
1321 1323 1562 1378 locutum
1596 1332 1650 1378 et
1691 1322 1833 1376 tituli
1865 1321 2048 1376 habita

478 1416 716 1479 ratione,
751 1431 860 1469 non
896 1430 997 1484 pro
1034 1415 1110 1469 rei
1134 1415 1384 1480 veritate,
1412 1415 1541 1470 dum
1577 1413 1881 1469 Barnabam
1909 1429 2049 1467 com-

473 1509 711 1577 posuisse
739 1508 882 1563 hanc
908 1507 1208 1579 Epistulam
1245 1508 1441 1564 litteris
1471 1508 1713 1564 tradidit.

545 1597 801 1654 Veterum
850 1601 1179 1656 testimoniis
1209 1601 1315 1656 huc
1343 1617 1516 1671 usque
1556 1602 1736 1656 allatis
1772 1602 2047 1658 contraire

472 1691 690 1747 videtur
744 1690 1048 1760 Eusebius,
1080 1694 1172 1764 qui
1224 1692 1484 1748 Barnabas
1524 1692 1826 1764 Epistulam
1869 1694 2043 1758 νόθοις

2161 497 2398 566 reliquas
2426 497 2564 551 alias
2594 498 2914 565 catholicas,
2948 500 3074 554 item
3104 498 3406 570 Epistolam
3429 500 3724 571 Barnaltm;

2156 603 2294 658 quas
2328 599 2509 642 tamen
2538 604 2699 644 nemo
2732 589 2873 645 inter
2907 593 3248 663 apocryphas
3279 592 3584 664 scripturas
3609 611 3726 650 mc~

2156 679 2261 734 rito
2288 682 2646 736 recensuerit.
2679 701 2697 732 ι

2226 768 2343 823 Νοιι
2366 779 2452 825 est
2475 770 2659 842 itaque
2682 786 2781 826 cur
2803 770 3017 827 Eusebii
3044 774 3422 830 auctoritatem
3447 784 3726 846 tantopere

2156 867 2386 927 urgeant
2413 861 2661 914 nonnulli
2693 862 3024 919 recentiores
3062 865 3259 931 critici,
3284 881 3396 936 quo
3424 865 3720 936 Epistolam

2154 957 2401 1002 nostram
2428 946 2693 1008 Barnabas
2724 951 3061 1021 abjudiccnt.
3104 953 3337 1010 Tantum
3383 957 3528 1012 enim
3571 959 3723 1014 abest

2155 1048 2213 1092 ut
2241 1038 2387 1093 illam
2424 1038 2695 1095 Eusebius
2723 1042 2966 1111 spuriam
2990 1085 3006 1110 ,
3045 1043 3430 1113 adulterinam,
3469 1048 3721 1116 supposi-

2153 1129 2327 1185 titiam
2355 1145 2478 1187 esse
2503 1131 2854 1199 existimarit,
2884 1143 2943 1189 ut
2972 1135 3208 1190 maxime
3241 1136 3408 1190 etiam
3453 1137 3716 1205 integram

2153 1221 2533 1292 sinceramque
2573 1225 2864 1294 agnovisse
2913 1225 3181 1281 dicendus
3221 1227 3335 1295 sit;
3386 1229 3586 1300 quippe
3620 1231 3715 1302 qui

2149 1328 2269 1368 eam
2305 1326 2586 1371 recenseat
2613 1317 2752 1373 inter
2787 1318 2952 1375 libros
2989 1318 3460 1392 ἀντιλεγομένους,
3495 1324 3547 1378 in
3580 1339 3719 1395 quo-

2151 1421 2271 1460 rum
2297 1407 2422 1462 albo
2450 1407 2617 1464 refert
2643 1410 2810 1466 etiam
2837 1410 2883 1446 "
2918 1411 3219 1482 Epistolam
3248 1432 3365 1486 qum
3398 1415 3594 1470 dicitur
3617 1416 3722 1470 Ja-

2150 1498 2284 1565 cobi,
2311 1511 2360 1554 et
2391 1517 2509 1571 qute
2529 1499 2708 1568 Juda',
2733 1513 2782 1557 et
2805 1503 3088 1557 secundam
3119 1504 3293 1572 Petri;
3325 1506 3551 1562 Joannis
3589 1509 3715 1564 item

2149 1591 2374 1646 alteram
2401 1602 2452 1647 et
2481 1595 2694 1648 tertiam
2713 1635 2729 1660 ,
2759 1610 2849 1649 nec
2878 1612 2980 1650 non
3012 1596 3308 1667 Epistolam
3352 1600 3422 1654 ad
3464 1599 3713 1658 Παιδί-(τος

2144 1693 2195 1737 et
2240 1684 2634 1756 Apocalypsim.
2679 1685 2802 1742 Uno
2853 1689 3049 1755 verbo,
3097 1691 3164 1744 de
3197 1689 3452 1761 Epistola:
3501 1701 3710 1748 tantum

471 1787 810 1842 accenset”.
848 1786 1046 1842 Verum
1083 1807 1100 1838 ι
1153 1787 1481 1858 imprOprie,
1530 1787 1709 1858 inquit
1754 1787 2030 1856 Valesius,

2145 1778 2488 1846 auctoritate,
2523 1795 2654 1835 num
2685 1780 2892 1838 scilicet
2920 1782 2974 1837 in
2998 1797 3278 1838 sacrarum
3307 1784 3708 1856 Scripturarum

470 1879 576 1934 hoc
601 1893 801 1934 nomen
826 1889 1056 1949 usurpat
1083 1878 1374 1947 Eusebius,
1401 1895 1498 1948 pro
1530 1879 1681 1936 libris
1712 1881 1918 1937 scilicet
1944 1883 2038 1953 qui

468 1971 740 2042 ambiguae
769 1982 898 2027 sunt
922 1972 1264 2029 auctoritatis
1289 1991 1304 2041 ;
1350 1989 1474 2028 cum
1501 1974 1643 2028 νόθοι
1673 1975 1780 2030 dici
1809 1973 2041 2030 debeant

469 2063 590 2117 libri
632 2063 946 2130 adulterini,
977 2073 1032 2119 et
1069 2063 1138 2118 ab
1180 2065 1449 2121 hatreticis
1497 2067 1733 2122 conﬁcti.
1785 2067 1941 2133 Quod
1982 2078 2040 2123 ut

467 2155 814 2214 manifestius
835 2168 1114 2229 appareat,
1141 2158 1546 2231 intelligendum
1577 2171 1663 2217 est
1693 2170 1800 2218 tres
1827 2163 2038 2232 species

464 2264 585 2304 esse
610 2247 874 2305 librorum
907 2265 1212 2305 sacrorum.
1238 2251 1345 2306 Alii
1375 2261 1506 2308 sunt
1539 2262 1690 2308 extra
1715 2264 2037 2310 controver-

466 2340 604 2395 siam
637 2341 752 2396 veri
799 2360 812 2396 :
861 2341 950 2397 alii
994 2350 1146 2396 extra
1196 2343 1625 2399 controversiam
1679 2343 1842 2399 falsi:
1894 2346 2036 2401 tertii

465 2440 591 2485 sunt
635 2430 702 2485 de
743 2431 944 2500 quibus
991 2432 1132 2485 inter
1170 2431 1427 2501 antiquos
1466 2430 1782 2502 ambigitur.
1836 2429 1902 2486 lli
1938 2447 2035 2502 po-

462 2521 650 2576 stremi
680 2522 822 2576 νόθοι
856 2523 966 2578 dici
996 2537 1103 2577 non
1135 2532 1388 2592 possunt,
1423 2537 1548 2578 cum
1584 2539 1615 2578 a
1646 2522 1836 2578 multis
1865 2523 2034 2578 habiti

462 2613 573 2666 sint
612 2626 712 2683 pro
753 2613 917 2668 veris.
962 2611 1151 2668 Restat
1179 2612 1378 2683 igitur,
1419 2622 1480 2667 ut
1528 2612 1753 2668 secundi
1782 2613 2035 2670 dicantur

461 2704 602 2757 νόθοι
649 2705 764 2759 sive
807 2703 1121 2759 adulterini.
1163 2723 1181 2757 ι
1233 2689 1358 2760 Haec
1410 2705 1492 2760 vir
1520 2705 1611 2760 ille
1654 2706 2030 2786 doctissimus.

460 2789 752 2849 Enimvero
799 2803 1090 2864 postquam
1142 2796 1199 2850 ὲν
1245 2799 1357 2859 τοῖς
1412 2797 1587 2860 νόθοις
1637 2797 1807 2852 Actus
1855 2795 2031 2866 Pauli,

459 2884 722 2940 Barnabas
777 2883 1079 2955 Epistolam
1158 2887 1375 2957 aliaque
1446 2888 1707 2942 nommlla
1756 2889 2034 2946 retulisset

462 2977 768 3043 Eusebius,
821 2978 1004 3034 statim
1055 2979 1281 3034 subdit:
1317 2979 1417 3034 His
1463 2980 1721 3052 adjunge,
1762 2983 1809 3036 si
1855 2982 2030 3051 lubet,

454 3071 681 3125 Joannis
711 3070 1118 3136 Revelationem,
1149 3087 1306 3142 quant
1350 3074 1591 3127 nonnulli
1627 3089 1692 3127 ex
1729 3074 1848 3140 albo
1879 3073 2030 3130 Scri-

455 3175 732 3237 pturarum
771 3175 1071 3234 eapungunt
1093 3181 1112 3229 ;
1140 3164 1237 3218 alii
1277 3181 1393 3219 vero
1419 3165 1555 3220 inter
1591 3164 1752 3221 libros
1795 3167 2028 3221 omnium

455 3275 706 3313 consensu
754 3256 1002 3327 probatos
1046 3257 1414 3312 adnumerant.
1479 3255 1861 3314 Verumtamen
1908 3274 2028 3314 eer-

455 3361 571 3406 tum
603 3359 706 3415 cst,
736 3349 925 3406 eodem
955 3347 1192 3404 Eusebio
1227 3357 1360 3404 teste
1387 3387 1405 3416 ,
1479 3348 1858 3422 Apocalypsim
1884 3366 2028 3406 nuu-

452 3457 619 3513 quam
649 3441 792 3496 inter
812 3441 984 3497 libros
1009 3439 1198 3504 νόθους
1227 3441 1342 3497 sive
1370 3440 1909 3498 adulterinosfuisse
1939 3455 2026 3498 re-

456 3532 641 3598 latam,
674 3529 770 3587 se'd
803 3539 1011 3587 tantum
1041 3529 1184 3587 inter
1207 3545 1304 3588 eos
1331 3531 1426 3602 qui
1464 3531 1869 3604 ἀντιλεγόμενοι
1910 3532 2026 3588 sive

449 3625 604 3679 dubii
628 3623 990 3678 habebantur.
1013 3621 1152 3678 Cum
1179 3622 1345 3694 igitur
1367 3623 1698 3697 ἀκυρολογῑᾳ
1728 3624 1817 3680 hic
1840 3632 2025 3680 utatur

451 3717 742 3786 episcopus
769 3713 1154 3782 Ctesariensis,
1198 3714 1419 3770 aliunde
1461 3715 1730 3771 sententia
1775 3715 2023 3787 ejusdem

449 3812 535 3857 est
558 3801 871 3873 repetenda.
899 3801 1040 3869 Quid
1067 3802 1262 3872 plura?
1287 3800 1561 3858 Eusebius
1589 3803 1847 3874 deinceps
1873 3805 2020 3876 seip-

451 3909 573 3950 sum
601 3893 894 3949 emendat:
929 3893 1176 3948 eamdem
1209 3894 1356 3948 enim
1399 3893 1663 3950 Barnabas
1697 3893 2020 3966 Epistolam,

448 3998 612 4052 quam
641 3983 808 4037 modo
838 3983 1073 4039 vidimus
1114 3984 1183 4039 ab
1211 3998 1278 4038 eo
1310 3983 1486 4046 νόθοις
1517 3985 1862 4054 attributam,
1892 4001 2020 4042 mox

447 4073 882 4146 ἀντιλεγομένοις
926 4075 1174 4146 adjungit
1217 4075 1272 4129 in
1327 4075 1444 4131 haec
1483 4076 1647 4131 verba
1667 4077 1750 4132 ιιι
1801 4077 2018 4150 Κέχρη-

444 4185 535 4221 ται
562 4167 606 4222 δ’
630 4168 687 4220 ὲν
713 4167 894 4231 αὐτοῖς
917 4167 1012 4221 καὶ
1033 4169 1152 4232 ταῖς
1174 4165 1282 4220 ἀπὸ
1301 4165 1411 4220 τῶν
1433 4167 1857 4240 ἀντιλεγομένων
1883 4187 2020 4243 γρα-

446 4259 561 4330 φῶν
593 4258 950 4332 μαρτυρίαις
977 4259 1077 4329 τῆς
1111 4276 1170 4313 τε
1203 4259 1503 4332 λεγομένης
1541 4260 1884 4332 Σολομῶντος
1917 4263 2016 4316 Σο-

445 4349 605 4420 φίας,
661 4348 757 4402 καὶ
804 4348 911 4418 τῆς
947 4347 1123 4419 Ἰησοῦ
1173 4347 1268 4403 τοῦ
1321 4349 1522 4421 Σιράχ’
1575 4351 1671 4404 καὶ
1728 4350 1830 4422 τῆς
1881 4352 2018 4425 πρὸς

2141 1884 2349 1926 canone
2377 1873 2688 1942 reponenda
2736 1882 2916 1940 esset,
2961 1889 3089 1930 cum
3140 1878 3422 1933 nonnullis
3463 1889 3702 1935 veterum

2140 1963 2448 2034 ambigebat
2481 1963 2772 2034 Eusebius,
2802 1975 2865 2022 ut
2895 1966 3144 2037 pluribus
3171 1969 3376 2027 evincit
3416 1971 3712 2028 Tiliemon-

2143 2057 2253 2113 tius
2273 2056 2340 2112 “.
2390 2056 2603 2124 Quibus
2657 2059 2826 2116 addas
2869 2059 3068 2127 velim,
3097 2062 3166 2116 ab
3214 2073 3436 2119 auctore
3489 2079 3711 2136 quoque

2141 2148 2542 2206 Stichometriaa
2576 2166 2698 2222 quae
2741 2148 3048 2222 Nicephoro
3086 2153 3194 2209 CP.
3237 2153 3530 2224 tribuitur,
3567 2158 3713 2215 inter

2137 2259 2234 2300 cas
2262 2245 2566 2314 scripturas
2609 2260 2731 2316 qua:
2768 2245 3166 2315 ἀντιλέγονται,
3198 2245 3454 2302 Barnabat
3482 2246 3712 2319 Episto-

2138 2335 2246 2389 lam
2293 2335 2590 2391 recenscri.
2641 2335 2784 2402 Quin
2834 2337 2982 2392 etin
3043 2337 3268 2408 antiqua
3316 2337 3711 2396 Stichometria

2139 2423 2334 2480 Latina
2361 2466 2378 2493 ,
2410 2423 2464 2480 in
2521 2423 2842 2496 praefatione
2888 2425 2956 2480 ad
3000 2425 3305 2482 Barnabam
3360 2441 3393 2482 a
3440 2428 3714 2485 Gotelerio

2137 2517 2301 2582 edita,
2327 2517 2519 2573 eadem
2569 2516 2811 2587 Epistola
2851 2526 2980 2588 post
3020 2517 3318 2588 Epistolam
3352 2518 3507 2576 Iudae
3545 2533 3710 2593 atque

2138 2621 2263 2666 ante
2309 2609 2542 2666 Joannis
2583 2608 2990 2666 Revelationem
3019 2621 3073 2666 et
3124 2610 3295 2681 Actus
3330 2613 3707 2684 apostolorum

2137 2701 2306 2758 relata
2333 2701 2693 2772 conspicitur.

2204 2792 2342 2848 Cum
2373 2793 2540 2864 igitur
2560 2808 2627 2848 ex
2666 2793 3162 2851 vetustissimorum
3194 2793 3423 2850 Patrum
3451 2795 3701 2852 testimo-

2134 2885 2241 2941 niis
2265 2895 2501 2954 constet,
2528 2885 2788 2956 Epistolae
2823 2895 3024 2943 nostra
3052 2895 3330 2942 auctorem
3368 2886 3536 2944 fuisse
3563 2886 3704 2943 Bar-

2133 2978 2331 3034 nabam
2371 2977 2630 3051 Cyprium
2655 3021 2670 3046 ,
2695 2979 3025 3050 apostolum,
3069 2987 3261 3034 testem
3294 2981 3655 3049 apostolicum
3683 3022 3701 3048 ,

2134 3084 2303 3124 unum
2331 3085 2399 3126 ex
2425 3085 2532 3125 Lxx
2553 3070 2768 3126 Domini
2793 3070 3080 3142 discipulis
3109 3080 3164 3126 et
3183 3070 3337 3127 Pauli
3367 3072 3698 3142 adjutorem;

2133 3161 2186 3216 in
2223 3160 2455 3216 nihilum
2478 3161 2592 3216 abit
2618 3159 2916 3216 Christiani
2953 3159 3211 3217 Sehotani
3232 3161 3572 3233 figmentum,
3605 3165 3698 3233 qui

2130 3253 2269 3308 duos
2300 3251 2578 3308 Barnabas
2598 3252 2886 3323 distinguit
2907 3252 2989 3319 ";
3035 3267 3268 3323 quorum
3306 3271 3326 3304 ι
3369 3253 3506 3308 alter
3535 3252 3703 3310 fuerit

2127 3357 2195 3397 ex
2217 3343 2570 3415 evangelistis
2597 3353 2652 3400 et
2672 3344 2966 3400 comitibus
2994 3345 3388 3414 apostolorum,
3412 3343 3548 3400 alter
3567 3359 3701 3400 vero

2126 3448 2159 3490 e
2187 3435 2603 3492 sublimioribus
2629 3435 2912 3506 apostolis,
2957 3436 3011 3491 id
3039 3445 3124 3492 est
3151 3437 3369 3508 proprie
3405 3434 3480 3492 ita
3512 3436 3697 3507 appel-

2127 3527 2274 3583 latis.
2310 3545 2331 3580 ι
2371 3527 2473 3582 Cui
2499 3527 2718 3598 quidem
2752 3527 2970 3584 erudito
2996 3528 3117 3584 viro
3151 3529 3268 3584 haec
3292 3527 3461 3586 lsaaci
3510 3529 3692 3586 γοεδΞί

2125 3618 2291 3676 verba
2314 3619 2616 3690 regerimus
2630 3619 2677 3652 ⁵⁸
2703 3637 2718 3676 :
2755 3638 2775 3673 ι
2803 3619 2955 3676 Unde
2980 3619 3168 3689 habes,
3193 3620 3391 3692 inquit,
3420 3622 3567 3693 quod
3582 3622 3693 3678 duo

2124 3712 2328 3794 fuerint
2367 3713 2630 3768 Bai-nabat
2672 3713 2816 3768 inter
2860 3713 3140 3783 apostolos
3175 3701 3272 3769 aut
3317 3715 3690 3784 apostolorum

2122 3805 2464 3876 discipulos?
2510 3803 2664 3862 Unde
2707 3804 2838 3861 item
2869 3805 3038 3862 habes
3076 3806 3220 3876 quod
3254 3821 3398 3862 unus
3427 3821 3495 3861 ex
3517 3807 3689 3862 subli-

2123 3898 2408 3965 mioribus,
2434 3893 2538 3953 hoc
2561 3907 2646 3954 est
2673 3913 2704 3952 e
2732 3897 3020 3954 duodecim
3059 3897 3223 3954 fuerit
3261 3898 3548 3970 apostolis,
3577 3915 3689 3955 non

2120 3999 2300 4046 autem
2325 4005 2356 4045 e
2389 4005 2495 4044 ιιι
2524 3989 2830 4060 discipulis,
2865 3989 2942 4044 uti
2971 3988 3134 4044 habet
3162 3988 3418 4046 Clemens
3445 3989 3688 4046 Alexan-

2118 4085 2355 4141 drinus?
2389 4083 2501 4155 Ego
2527 4101 2659 4140 vero
2685 4084 2831 4154 quod
2863 4083 3078 4154 scripsi,
3112 4084 3165 4140 id
3194 4084 3372 4155 ipsum
3396 4086 3689 4146 confirmat

2119 4173 2401 4243 inscriptio
2445 4173 2608 4243 hujus
2651 4172 2946 4243 Epistolze,
2995 4173 3051 4228 in
3096 4189 3203 4244 qua
3242 4174 3398 4231 Pauli
3423 4175 3684 4247 συνέκδη-

2119 4281 2221 4338 μος
2242 4265 2580 4335 appellatur:
2608 4265 2898 4322 conﬁrmat
2929 4264 3292 4336 Hieronymus
3336 4266 3390 4320 in
3430 4263 3690 4334 Catalogo

2115 4364 2428 4435 scriptorum
2483 4358 2983 4423 ecclesiasticarum,
3030 4364 3161 4424 etc.,
3192 4367 3251 4413 ut
3274 4357 3442 4414 mirer
3464 4357 3595 4429 quid
3630 4368 3685 4413 te

456 4439 735 4512 Ἐϐραίους
765 4439 1082 4511 ἐπιπολῆς·
1116 4441 1216 4513 τῆς
1242 4457 1302 4494 τε
1339 4441 1614 4512 Βαρνάϐα,
1645 4441 1737 4495 καὶ
1763 4442 2014 4516 Κλήμεν-

2132 4451 2371 4518 moverit,
2396 4450 2751 4522 quamobrem
2775 4451 2916 4508 duos
2942 4451 3163 4507 ﬁnxeris
3188 4449 3493 4506 Barnabas.
3531 4467 3554 4502 ι
3581 4447 3684 4505 Ne.

345 4517 360 4528 ‘
440 4549 552 4596 τος,
581 4532 674 4586 καὶ
700 4530 868 4586 Ἰούδα
899 4549 913 4586 ε
944 4530 1011 4585 In
1033 4532 1220 4586 iisdem
1244 4531 1393 4586 libris
1419 4533 1831 4605 (Στρωματέων)
1857 4536 2036 4604 affert,

443 4625 739 4696 (Clemens)
769 4625 1068 4678 testimonia
1093 4623 1505 4694 scripturarum,
1531 4641 1649 4695 qua:
1679 4643 1710 4680 a
1742 4626 2011 4682 nonnullis

441 4718 832 4787 repudiantur:
859 4733 1042 4787 nempe
1081 4733 1148 4771 ea:
1195 4715 1473 4788 Sapientia
1509 4717 1832 4784 Salomonis,
1869 4729 1920 4774 et
1946 4736 2012 4776 ea:

439 4825 501 4862 ea
527 4825 642 4879 quae
665 4809 863 4863 dicitur
910 4807 1185 4879 Sapientia
1209 4809 1336 4866 Iesu
1379 4812 1483 4881 ﬁlii
1529 4811 1718 4868 Siraclt
1737 4829 1756 4868 :
1786 4817 1910 4869 item
1943 4831 2009 4870 ea:

441 4896 684 4968 Epistola
707 4903 775 4953 ad
813 4899 1090 4968 Hebraeos,
1129 4911 1180 4956 ct
1224 4917 1288 4956 ea:
1317 4901 1600 4958 Clementis
1642 4921 1705 4958 ac
1747 4904 2008 4962 Barnabte

437 4991 716 5064 Epistolis.
745 4993 812 5050 Et
841 4995 1004 5065 paulo
1033 5005 1158 5067 post
1183 4997 1270 5053 his
1295 4997 1506 5068 gemina
1533 4997 1757 5069 profert.
1801 4998 1904 5056 Ubi
1931 5000 2002 5057 cl.

437 5085 692 5142 Valesius
719 5087 786 5142 ad
815 5102 931 5143 rem
954 5097 1198 5144 nostram
1226 5089 1341 5146 haec
1358 5088 1620 5146 adnotat:
1651 5109 1671 5143 ι
1694 5089 1837 5148 inter
1858 5094 2005 5149 ἅντι-

434 5178 732 5251 λεγομένας
759 5179 1062 5252 scripturas
1096 5180 1386 5250 Eusebius,
1419 5192 1532 5239 tum
1567 5184 1671 5241 hoc
1707 5184 1852 5255 loco,
1884 5194 1999 5243 tum

505 5367 552 5402 ⁸³
569 5364 827 5436 Basnag.,
854 5364 1051 5420 Annal.

2119 4555 2227 4611 que
2255 4542 2430 4613 magis
2457 4541 2672 4612 proﬁcit
2712 4540 3118 4610 Tentzclius";
3150 4541 3245 4611 qui
3288 4539 3573 4597 nonnullis
3605 4538 3682 4595 ιε.

2115 4634 2278 4690 vibus
2306 4634 2643 4704 coniecturis
2679 4634 2970 4703 adductus,
2998 4634 3052 4689 in
3075 4649 3198 4690 eam
3237 4633 3562 4690 sententiam
3591 4633 3678 4689 dea

2114 4723 2287 4792 venit,
2325 4723 2624 4795 Epistolam
2674 4731 2919 4780 nostram
2972 4723 3316 4779 Alexandria:
3348 4721 3404 4778 in
3443 4721 3682 4794 [Egypto

2111 4821 2373 4879 extremis
2394 4819 2619 4875 Adriani
2643 4817 2998 4886 temporibus,
3035 4818 3105 4874 ab
3133 4818 3322 4888 aliqua
3355 4817 3558 4874 schola:
3587 4833 3681 4874 ca‘

2111 4913 2390 4971 techetica:
2409 4911 2791 4969 Alexandrinas
2823 4910 3047 4968 doctore
3077 4911 3181 4966 sub
3202 4910 3466 4967 Barnabas
3493 4909 3677 4966 nomi-

2113 5019 2180 5059 ne
2201 5003 2371 5060 fuisse
2397 5003 2684 5060 conﬁctam
2699 5004 2768 5060 '°.
2801 5002 3081 5074 Moynium
3103 5011 3387 5072 praetereo,
3407 5002 3503 5072 qui
3521 5002 3676 5071 ejus-

2107 5096 2231 5152 dem
2259 5094 2515 5166 Epistolas
2540 5105 2818 5152 auctorem
2849 5093 2980 5150 facit
3009 5093 3066 5150 S.
3097 5092 3458 5165 Polycarpum
3487 5090 3678 5163 Smyr-

2107 5204 2331 5246 nensem
2367 5188 2692 5258 antistitem,
2719 5202 2788 5245 eo
2812 5196 3023 5244 tantum
3045 5187 3268 5244 nomine
3287 5185 3432 5258 quod
3461 5185 3520 5240 in
3555 5200 3677 5239 ma-

1201 5375 1246 5442 ιἶ
1271 5364 1476 5442 coclea.
1512 5365 1705 5442 _ad__an.
1728 5366 1819 5436 50,
1852 5366 1880 5440 §
1909 5368 1998 5424 54.
2032 5438 2052 5442 Α
2074 5368 2121 5403 ⁸³
2147 5371 2370 5438 Euseb.,
2394 5373 2544 5429 Hist.
2575 5378 2727 5437 eccl.,
2753 5373 2848 5428 lib.
2876 5388 2960 5440 ιιι,
2983 5387 3102 5442 cap.
3128 5371 3222 5426 25.
3297 5368 3347 5442 ’ἢ
3377 5365 3481 5433 ld.,
3512 5365 3675 5442 ἰδίαις

505 5365 827 5436 “Basnag.,
854 5365 1051 5420 Annal.
1073 5365 1241 5490 rolit.
1271 5365 1476 5446 cccles..
1517 5365 1584 5420 ad
1610 5381 1705 5447 an.
1728 5366 1819 5436 50,
1852 5366 1880 5440 §
1909 5368 1998 5424 54.
2074 5368 2121 5403 ⁸³
2147 5371 2370 5438 Euseb.,
2394 5373 2544 5429 Hist.
2575 5378 2727 5437 eccl.,
2753 5373 2848 5428 lib.
2876 5388 2960 5440 ιιι,
2983 5387 3102 5442 cap.
3128 5371 3222 5426 25.
3297 5368 3345 5403 “
3377 5365 3481 5433 ld.,
3512 5365 3674 5432 ibid.,

436 5436 530 5520 lib.
563 5452 678 5520 vnn.
702 5437 922 5520 cap-alii
953 5445 1009 5520 et
1040 5437 1062 5490 l
1112 5475 1125 5489 .
1181 5435 1380 5520 ηιςηιιιε,
1413 5435 1543 5520 ἕρπει.
1564 5436 1682 5520 _|tb.
1728 5453 1815 5520 ιιι.
1867 5455 1987 5520 cap.
2025 5438 2117 5506 24,
2165 5445 2336 5520 25,_et
2375 5444 2566 5520 alib_i_.__
2600 5444 2648 5520 ‘_‘
2672 5444 2920 5511 Tillem.,
2953 5442 3217 5520 dlcmoirg
3241 5440 3394 5520 eccl.,
3453 5448 3590 5520 tom.
3626 5436 3674 5503 ι,

437 5515 551 5584 not.
581 5507 719 5584 ﬁ,_in
753 5504 1154 5584 ξτβετιιξιιξηιρ.
1179 5504 1301 5584 6_58.
1333 5507 1376 5538 ⁸⁷
1414 5504 1900 5584 Scliptatt.,_D_iatr.
1936 5504 2000 5584 lle
2028 5542 2030 5557 .

2135 5504 2400 5569 ιον-(γεγε.
2431 5513 2571 5568 LXX
2602 5513 2764 5579 Intt.,
2795 5504 2917 5584 cap:
2949 5514 3005 5578 4,
3031 5529 3083 5583 p.
3117 5511 3238 5568 118.
3268 5509 3445 5584 ,ιδ-λιξ.
3481 5507 3674 5584 Υοξδον

434 5576 765 5658 ρηρεηέῖιειᾴ
911 5575 1401 5658 de_LXXmlntt.,__]

435 5644 596 5712 litim,
626 5645 768 5702 Bibl.
800 5645 894 5701 Gr.
928 5689 942 5715 ,
987 5656 1118 5701 tom.
1144 5645 1231 5712 Ill,
1256 5663 1309 5717 ν.
1339 5644 1458 5712 175,
1488 5646 1608 5701 174.

1395 5591 1447 5657 _l_)_-
1681 5577 1725 5609 "
1754 5577 1995 5648 Tcntzcl,
2026 5587 2166 5651 apud
2207 5584 2369 5642 Fabr.
2403 5585 2541 5640 Bibl.
2578 5575 2783 5643 Eccles.
2811 5575 3046 5657 p.'42,'§'
3076 5584 3162 5638 ιο.
3237 5580 3287 5614 ⁸⁸
3321 5579 3529 5635 Videsis
3562 5575 3674 5631 Fa-
