4066 6140
440 295 548 354 689

1737 272 1740 274 ⁷
1792 279 2326 341 PROLEGOMENA.
2426 279 2428 282 '

3587 268 3690 324 690

437 407 736 480 nscriptis
757 405 1042 464 codicibus
1068 403 1158 460 illa
1181 414 1304 457 cum
1317 394 1709 481 Polycarpiana
1730 395 2013 466 jungatur,
2044 394 2090 450 Α
2119 387 2605 481 Rabbinornmque
2648 385 2926 481 malignis.
2947 383 3441 481 interpretamentis
3475 396 3665 481 compa

437 517 616 576 neque
641 499 808 570 hujus
837 499 999 554 linem
1031 506 1127 552 aut
1153 495 1276 564 ejus
1298 491 1512 548 initium
1537 488 1863 573 exemplaria
1889 500 2013 556 quae

435 602 736 668 supersum
783 591 1094 648 exhibeant.
1139 588 1297 656 Quod
1345 587 1563 660 quidem
1630 594 2012 656 argumentum

435 705 602 762 quam
657 687 936 743 inﬁrmum
985 685 1059 740 sit
1120 697 1395 754 quamque
1442 681 1646 744 inane,
1685 676 2010 748 jamdudum

435 781 886 838 demonstrarunt
913 775 1126 832 Caveas
1149 815 1165 844 ,
1197 772 1510 830 Tentzelius
1536 773 1581 804 “
1604 813 1620 837 ,
1652 769 1954 839 Basnagius
1966 767 2012 800 "

436 872 660 942 aliique.
710 869 940 942 Ipseque
983 867 1229 941 proiecto
1259 864 1511 937 Moynius
1555 863 1624 919 ab
1673 877 1740 917 eo
1770 859 2014 932 urgendo

439 960 839 1028 abstinuisset,
877 961 925 1016 si
964 958 1174 1015 Usserii
1205 955 1371 1012 verba
1408 954 1462 1009 in
1504 951 1918 1026 praemonitione
1946 949 2013 1005 de

439 1052 702 1109 Barnabas
728 1049 995 1124 Epistola,
1017 1067 1050 1106 a
1077 1049 1285 1107 Joanne
1314 1047 1462 1102 Fello
1482 1047 1626 1102 edita
1651 1059 1717 1101 eo
1732 1044 1851 1114 ipso
1867 1056 2013 1098 anno

437 1159 551 1218 quo
581 1161 680 1200 sua
713 1144 876 1199 Varia
905 1161 1059 1198 sacra
1081 1142 1376 1215 evulgavit,
1409 1141 1583 1212 legere
1614 1136 1712 1193 sibi
1744 1135 2008 1192 licuisset:

446 1257 466 1292 σ
500 1235 726 1309 Nempe,
769 1237 948 1308 inquit
979 1237 1070 1292 ille
1094 1277 1111 1302 ,
1144 1236 1198 1290 in
1246 1234 1425 1306 primo
1463 1230 1760 1302 exemplari
1805 1245 1871 1284 ex
1900 1243 2012 1300 quo

438 1331 792 1389 Columnaeus
827 1329 918 1385 ille
951 1328 1122 1384 codex
1160 1326 1278 1398 (qui
1323 1325 1571 1380 omnium
1611 1331 1832 1393 putatur
1870 1321 2012 1376 anti-

438 1423 763 1496 quissimus)
788 1432 842 1478 et
872 1421 1069 1492 reliqui
1107 1420 1202 1491 qui
1227 1427 1526 1490 supersunt
1565 1417 1724 1473 hodie
1750 1423 1878 1472 sunt
1915 1415 2011 1470 de-

439 1513 650 1584 scripti,
670 1511 1018 1568 librariorum
1046 1510 1179 1566 vitio
1219 1508 1507 1580 quaternio
1536 1507 1620 1562 vel
1661 1506 1900 1563 omissus
1926 1505 2011 1561 vel

438 1606 806 1677 transpositus
848 1596 932 1660 est
972 1621 986 1658 :
1025 1604 1184 1674 cujus
1221 1601 1436 1658 defectu
1470 1600 1673 1656 factum
1711 1609 1820 1666 est,
1858 1607 1917 1654 ut
1955 1598 2009 1653 in

436 1697 642 1790 Grzecis
670 1698 1058 1768 superstitibus
1076 1706 1131 1751 et
1158 1697 1317 1790 linem
1335 1692 1895 1790 EpistolzeAPolycat-pi
1916 1692 2010 1748 de-
2039 1735 2082 1790 Β

437 1789 742 1848 sideremus
772 1799 828 1846 et
857 1790 1186 1861 principium
1216 1789 1500 1844 Barnabzc.
1533 1807 1552 1840 ι
1585 1785 1741 1855 Quod
1785 1788 1831 1844 si
1878 1801 2007 1842 nec-

435 1883 565 1938 dum
599 1881 867 1938 sententia
895 1881 1155 1938 decedere
1179 1881 1465 1938 statuisset
1493 1881 1578 1934 vir
1599 1880 1868 1947 eruditus,
1904 1878 2008 1950 ipsi

437 1980 629 2036 saltem
655 1978 1198 2035 animadvertendum
1244 1990 1382 2047 erat,
1417 1979 1559 2050 apud
1590 1988 1884 2050 utrumque
1911 1993 2006 2032 ve-

438 2077 607 2124 terem
639 2070 986 2140 interpretem
1021 2071 1319 2126 etiamnum
1359 2079 1575 2125 exstare
1602 2085 1726 2125 eum
1754 2068 2009 2140 Epistola:

437 2161 843 2235 Polycarpianze
890 2162 1090 2232 ﬁnem,
1142 2171 1255 2217 tum
1302 2178 1424 2234 qum
1468 2170 1552 2218 est
1605 2161 1867 2217 Barnabas
1903 2161 2007 2216 ini-

1065 2363 1294 2421 CAPUT
1321 2362 1386 2420 ll.

433 2479 676 2536 Potiores
725 2480 1040 2551 objectiones
1079 2480 1397 2547 diluuntur,
1427 2496 1590 2551 eaque
1635 2477 2005 2550 potissimum,

611 2568 716 2622 qua
743 2551 903 2621 hujus
938 2551 1196 2620 Epistola:
1223 2552 1504 2623 integritas
1535 2551 1840 2622 impetitur,

506 2664 734 2732 Verum,
765 2665 854 2722 his
881 2665 1085 2734 missis,
1111 2665 1241 2736 quid
1265 2665 1490 2736 insuper
1527 2664 1769 2720 adversa:
1787 2673 2006 2721 senten-

435 2758 524 2814 tia:
551 2758 767 2830 patroni
793 2757 1061 2829 principue
1091 2757 1372 2829 objiciant,
1400 2755 1777 2828 inspiciamus.
1809 2755 1876 2810 Et
1896 2755 2009 2826 pri-

433 2866 583 2907 mum
615 2850 836 2922 quidem
867 2849 1129 2904 Barnabas
1165 2849 1482 2919 abjudicant
1511 2847 1830 2919 Epistolam,
1859 2845 2006 2918 quod

433 2951 624 2998 auctor
649 2943 894 3012 quaedam
921 2941 1132 2998 Veteris
1159 2940 1492 2997 Testamenti
1519 2940 1639 2996 loca
1670 2940 1855 2996 minus
1884 2948 2007 3010 apte

433 3033 660 3105 allegata
685 3042 739 3088 et
769 3033 998 3104 mystice
1038 3032 1203 3088 nimis
1223 3031 1490 3102 exposita,
1530 3032 1584 3085 in
1621 3032 1858 3087 medium
1881 3045 2006 3101 pro-

433 3126 616 3181 ducat.
640 3124 781 3181 lluic
813 3135 994 3181 autem
1015 3124 1308 3197 objectioni
1339 3124 1521 3180 verbis
1553 3122 1878 3179 Hammondi
1909 3139 2004 3179 oc-

431 3231 655 3272 currere
683 3217 878 3287 placet,
918 3232 1041 3288 qua:
1086 3215 1168 3273 sic
1209 3232 1269 3273 se
1310 3214 1571 3272 habent"
1620 3233 1634 3270 :
1696 3234 1716 3268 ς
1757 3213 2002 3285 Apostoli

431 3309 696 3366 Barnabas
743 3324 865 3380 quae
912 3324 1020 3364 non
1050 3308 1124 3364 ita
1155 3309 1364 3381 pridem
1404 3308 1604 3379 prodiit
1643 3307 1904 3379 Epistola,
1936 3324 2004 3364 ex

431 3405 538 3462 hoc
567 3420 680 3460 uno
701 3404 1085 3461 Gnosticorum
1104 3404 1422 3460 charactere
1444 3402 1729 3459 commode
1744 3402 2003 3482 explicari

431 3497 662 3569 poterit;
689 3499 848 3565 alias,
880 3508 938 3553 ut
961 3498 1346 3568 complicatum
1369 3507 1423 3552 et
1451 3497 1722 3568 prolixum
1750 3497 2001 3567 tenigma,

431 3588 794 3644 certissimam
822 3587 1117 3644 lectoribus
1147 3602 1366 3644 crucem
1397 3586 1629 3643 factura.
1677 3585 1770 3643 Isti
1801 3588 2004 3659 quippe

434 3679 672 3736 Simonis
712 3681 969 3746 asseclas,
1008 3665 1228 3751 γνῶὶςιν,
1269 3681 1320 3736 id
1360 3689 1474 3748 est,
1505 3679 1806 3751 Scriptura:
1835 3695 2004 3737 sacrm

431 3775 662 3846 mystice
694 3775 1110 3845 interpretandae
1151 3773 1462 3830 facultatem
1508 3773 1613 3830 sibi
1660 3783 2002 3846 arrogantes,

431 3869 605 3924 multa
631 3866 843 3946 Veteris
866 3865 1196 3924 Testamenti
1226 3867 1484 3940 mysteria
1507 3867 1574 3923 ad
1601 3867 1847 3939 impuros
1871 3883 2005 3924 usus

434 3975 568 4016 suos
599 3960 1207 4016 accommodabant.....
1251 3959 1391 4016 llinc
1431 3959 1711 4017 Barnabas
1757 3961 1862 4018 hac
1891 3961 2006 4017 fere

433 4055 690 4110 universa
730 4053 972 4125 Epistola
1023 4069 1159 4122 sua,
1220 4053 1429 4110 Veteris
1481 4053 1836 4112 lnstrnmenti
1886 4056 2004 4113 loca

429 4148 854 4217 quamplurima,
877 4147 1102 4219 mysxice
1123 4147 1290 4203 etiam
1314 4157 1368 4202 et
1389 4147 1700 4204 cabalistice
1731 4149 2002 4220 exposita,

429 4238 819 4295 Gnostieorum
852 4239 1114 4296 doctrinis
1142 4240 1386 4310 opponit.
1423 4261 1441 4293 ι
1479 4239 1802 4296 Hammondi
1834 4242 2002 4297 vesti-

431 4332 534 4401 giis
564 4332 821 4389 insistens
853 4330 1092 4388 Joannes
1127 4330 1378 4388 Fellus”
1415 4351 1429 4388 :
1472 4352 1490 4384 ι
1526 4333 1778 4399 Constat,
1803 4333 2000 4404 inquit,

2117 488 2253 543 reat.
2289 480 2417 535 olim
2441 488 2623 537 tamen
2660 474 2880 547 quando
2913 473 2966 530 in
2996 475 3144 530 omni
3189 489 3462 548 synagoga
3493 473 3694 528 hebdo-

2116 571 2376 627 madatim
2407 584 2516 624 non
2554 568 2706 624 lecta:
2738 575 2972 633 tantum,
3012 566 3108 622 sed
3143 577 3197 623 et
3238 575 3507 623 enarrata:
3535 571 3694 621 erant

2116 665 2420 735 scripturae,
2472 661 2744 718 Midrasch
2775 662 2878 717 iste
2908 659 3172 732 mysticus
3199 659 3314 716 sive
3345 657 3694 729 evangelicus

2117 756 2331 812 Veteris
2353 753 2707 810 lnstrumenti
2734 768 2953 818 sensus,
2987 767 3097 808 non
3119 752 3303 808 minus
3330 751 3586 808 omnibus
3612 751 3695 806 in-

2114 848 2297 904 notuit
2326 862 2492 918 quam
2530 846 2650 916 ipse
2680 861 2835 900 sacer
2866 853 3086 913 textus;
3117 854 3172 899 et
3197 843 3423 914 proinde
3449 860 3559 899 non
3583 843 3692 898 mi-

2115 956 2218 996 nus
2246 939 2440 994 idonea
2485 938 2866 1008 suppeditabat
2905 945 3228 1010 argumenta
3269 936 3336 992 ad
3365 935 3696 992 convincen-

2113 1032 2212 1088 dos
2233 1030 2472 1099 Judazos,
2502 1046 2668 1102 quam
2696 1045 2759 1086 ea
2785 1045 2906 1102 quae
2923 1045 2991 1086 ex
3008 1027 3385 1086 disertissimis
3409 1042 3690 1084 sacrarum

2113 1124 2419 1178 litterarum
2471 1122 2698 1178 vocibus
2743 1121 2977 1178 fuissent
3014 1122 3318 1178 deducta...
3364 1119 3432 1176 Et
3461 1119 3508 1175 si
3550 1118 3696 1175 forte

2114 1216 2296 1287 aliqua
2323 1214 2466 1286 apud
2490 1223 2769 1270 auctorem
2813 1221 3064 1269 nostrum
3111 1220 3409 1268 occurrunt
3432 1225 3556 1282 quae
3576 1210 3695 1266 lon-

2113 1308 2236 1379 gins
2263 1306 2429 1378 petita
2458 1306 2734 1372 videntur,
2769 1304 2859 1359 illa
2892 1304 3010 1376 ipsa
3040 1314 3135 1359 aut
3155 1318 3350 1359 eorum
3391 1301 3584 1358 saltem
3611 1316 3698 1356 ve-

2114 1397 2272 1468 stigia
2307 1397 2362 1452 in
2397 1396 2660 1467 Epistolis
2688 1395 2934 1452 Paulinis
2982 1396 3108 1466 quis
3136 1395 3338 1467 poterit
3366 1393 3628 1466 reperire.
3665 1414 3685 1448 ι

2116 1488 2391 1545 Hactenus
2419 1487 2530 1544 ille.
2552 1485 2692 1543 Hinc
2719 1487 2927 1543 factum
2961 1497 3020 1543 ut
3042 1503 3168 1544 cum
3197 1487 3332 1544 viris
3360 1486 3536 1543 doctis
3565 1501 3694 1543 con-

2114 1581 2362 1647 cludam,
2395 1579 2798 1636 vetustissimos
2819 1579 3065 1644 Patrum,
3098 1578 3429 1639 Clementem
3455 1577 3694 1632 Alexan-

2113 1673 2357 1739 drinum,
2391 1673 2702 1744 Origenem,
2729 1680 2957 1727 caeteros
2982 1670 3077 1742 qui
3112 1669 3412 1741 Epistolam
3445 1677 3692 1725 nostram

2113 1774 2373 1837 tanquam
2411 1765 2685 1820 sincerum
2729 1762 2994 1819 Barnabas
3037 1764 3205 1818 fetum
3254 1771 3578 1834 agnoscunt,
3615 1762 3693 1817 ni-

2113 1858 2190 1912 hil
2233 1857 2500 1912 absonum
2536 1856 2591 1912 in
2643 1856 2765 1927 ejus
2798 1855 3277 1923 enarrationibus,
3330 1854 3467 1910 nihil
3511 1855 3693 1910 detor-

2111 1959 2249 2016 tmn,
2279 1960 2530 2004 coactum
2567 1949 2704 2003 nihil
2733 1948 2786 2003 in
2809 1947 2930 2018 ejus
2960 1946 3256 2019 allegoriis,
3292 1947 3429 2002 nihil
3460 1947 3695 2018 denique

2109 2041 2228 2096 viro
2248 2040 2553 2111 apostolico
2591 2041 2877 2113 indignum
2913 2039 2966 2094 in
2997 2054 3062 2094 ea
3097 2039 3407 2106 detexisse;
3439 2039 3692 2110 adeoque

2112 2132 2249 2188 nihil
2277 2134 2423 2204 quod
2455 2134 2576 2204 ejus
2615 2142 2829 2188 {etatem
2873 2147 2983 2186 non
3024 2129 3204 2186 ferat:
3236 2142 3296 2186 ut
3333 2131 3563 2201 proinde
3589 2131 3694 2186 mi-

2113 2226 2259 2280 nime
2293 2226 2550 2281 audiendi
2581 2225 2872 2281 videantur
2916 2223 3166 2278 nonnulli
3200 2223 3569 2291 recentiores,
3599 2224 3692 2293 qui

2110 2317 2176 2372 de
2197 2318 2338 2388 stylo
2369 2316 2701 2387 scriptorum
2725 2314 3154 2386 apostolicorum
3189 2315 3387 2370 melius
3419 2331 3586 2385 quam
3607 2331 3695 2370 eo-

2109 2411 2358 2465 rumdem
2391 2409 2673 2480 discipuli,
2718 2407 2921 2479 aliique
2963 2418 3061 2463 aut
3091 2407 3388 2478 synchroni
3442 2418 3536 2462 aut
3568 2424 3693 2477 sup-

2109 2517 2267 2570 pares
2299 2501 2572 2568 homines,
2603 2515 2663 2554 se
2681 2499 2929 2570 judicare
2959 2512 3125 2568 posse
3154 2499 3456 2554 conlidunt.
3483 2498 3601 2566 Qua
3623 2500 3692 2554 de

2110 2609 2169 2647 re
2211 2593 2368 2663 plura
2402 2595 2538 2648 satis
2581 2591 2826 2662 apposite
2873 2590 2996 2645 aliis
3038 2589 3328 2645 observata
3376 2591 3518 2661 apud
3557 2589 3692 2645 Zor-

2110 2688 2262 2742 nium
2280 2687 2329 2719 ⁵⁸
2361 2687 2624 2758 reperias.

2178 2778 2420 2851 Pergunt
2448 2779 2748 2835 adversarii
2774 2817 2790 2845 ,
2829 2793 3002 2848 eaque
3031 2785 3289 2849 regerunt
3314 2791 3438 2848 quae
3467 2775 3535 2832 de
3559 2789 3694 2847 apo-

2108 2871 2262 2928 stolis
2312 2871 2569 2942 Epistola:
2625 2879 2814 2928 auctor
2869 2871 2956 2927 his
3015 2870 3197 2928 verbis
3253 2867 3689 2940 pronuntiat":

2111 2962 2334 3029 Quando
2359 2973 2564 3030 autem,
2608 2963 2706 3028 ait,
2755 2962 3024 3032 apostolos
3055 2978 3180 3018 suos
3217 2963 3309 3032 qui
3346 2961 3693 3032 pranlicaturi

2031 3071 2076 3129 ο
2108 3066 2257 3114 erant
2288 3057 2437 3111 illius
2473 3055 2819 3126 Evangelium
2845 3055 3024 3126 elegit,
3050 3055 3286 3109 homines
3307 3056 3450 3109 omni
3479 3065 3693 3124 peccato

2105 3143 2394 3214 iniquiores
2417 3185 2434 3210 ,
2476 3142 2637 3206 ὄντας
2686 3142 2832 3213 ὑπὲρ
2874 3145 3057 3196 πᾶσαν
3110 3143 3383 3216 ἁμαρτίαν
3416 3141 3692 3214 ἀνομωτέ-

2107 3252 2254 3306 ρους,
2281 3244 2341 3288 ut
2381 3234 2672 3290 ostenderet
2702 3234 2841 3304 quod
2873 3250 2978 3288 non
3002 3233 3144 3288 venit
3182 3251 3367 3289 vocare
3389 3233 3570 3304 justas
3596 3233 3688 3288 sed

2105 3338 2399 3400 peccatores
2443 3327 2514 3382 ad
2547 3327 2912 3397 paenitentiam
2936 3344 2956 3394 ;
2985 3337 3110 3382 tunc
3138 3328 3320 3398 palam
3349 3329 3475 3398 fecit
3495 3343 3550 3383 se
3576 3344 3687 3383 esse

2106 3421 2312 3476 Filium
2341 3419 2459 3474 Dei.
2487 3418 2622 3486 Quis
2656 3427 2837 3475 autem
2861 3402 3356 3490 credat,inquiunt,
3387 3420 3688 3490 apostolos,

2106 3512 2392 3568 hominum
2423 3511 2805 3581 iniquissimos
2821 3517 2876 3565 et
2906 3527 3063 3581 super
3093 3527 3244 3565 omne
3272 3521 3539 3581 peccatum
3567 3526 3687 3581 pec-

2106 3613 2340 3673 catores,
2370 3619 2402 3660 a
2434 3602 2682 3658 Barnaba
2727 3601 2902 3660 fuisse
2937 3603 3202 3659 vocatos?
3235 3601 3524 3674 Simplices
3564 3605 3688 3675 qui-

2104 3697 2250 3766 dem,
2284 3697 2472 3762 rudes,
2504 3696 2789 3767 imperitos
2812 3704 2978 3767 atque
2999 3696 3248 3752 homines
3274 3695 3546 3752 interdum
3577 3713 3687 3752 ma-

2106 3789 2190 3846 los
2217 3787 2396 3846 fuisse
2429 3788 2554 3845 illos
2588 3787 2642 3842 in
2675 3787 2850 3844 sacris
2877 3788 3070 3845 litteris
3102 3789 3376 3862 legimus;
3411 3797 3468 3844 at
3495 3803 3682 3862 pecca-
3775 3769 3780 3781 ’

2107 3891 2253 3939 tores
2282 3881 2527 3937 omnium
2556 3881 2830 3939 maximos
2858 3898 2956 3939 cos
2978 3883 3256 3940 exstitisse
3287 3898 3397 3939 non
3430 3883 3685 3957 legimus.

2177 3972 2388 4041 Quibus
2414 3972 2651 4044 primum
2684 3989 2749 4030 ex
2789 3973 3032 4030 virorum
3070 3975 3514 4032 doctissimorum
3556 3991 3685 4032 sen-

2108 4066 2274 4121 tentia
2299 4067 2639 4136 reponimus,
2657 4066 2795 4122 nihil
2821 4069 2876 4124 in
2899 4067 3200 4136 Scripturis
3220 4083 3511 4125 occurrere
3533 4069 3682 4140 quod

2106 4157 2237 4214 huic
2266 4157 2703 4216 Barnahaz'dicto
2733 4169 3018 4233 repugnet.
3047 4158 3254 4224 Deinde
3281 4177 3412 4218 vero
3432 4161 3564 4234 quid
3587 4164 3687 4219 ob-

2107 4259 2215 4306 stat
2243 4251 2375 4321 quin
2407 4251 2527 4321 ejus
2553 4253 2719 4307 verba
2750 4252 2830 4307 sic
2863 4251 3223 4322 accipiantur,
3257 4262 3315 4308 ut
3359 4254 3496 4308 nihil
3537 4254 3687 4309 aliud

2107 4349 2326 4408 sonent,
2352 4355 2517 4410 quam
2548 4341 2823 4411 apostolos
2847 4349 3138 4410 antequam
3157 4353 3506 4404 vocarentur,
3529 4342 3684 4412 plura

431 4420 731 4493 Epistolam
758 4424 920 4488 hanc,
955 4439 1078 4494 qua:
1113 4421 1226 4478 fere
1262 4433 1374 4478 tota
1411 4435 1492 4479 est
1525 4425 1578 4478 in
1609 4423 1908 4495 Synagoga:
1930 4425 2003 4480 ri-
2035 4414 2082 4474 Ι)
2105 4440 2160 4486 οι
2194 4431 2375 4502 gravia
2398 4431 2618 4502 quidem
2646 4432 2946 4500 peccasse?
2979 4430 3036 4486 Id
3063 4447 3195 4487 sane
3214 4430 3282 4486 de
3309 4430 3562 4487 Matthan
3584 4449 3685 4503 pu-

431 4517 578 4573 tibus
611 4525 664 4572 et
700 4532 982 4572 sacrarum
1028 4516 1432 4590 Scripturarum
1481 4520 1723 4592 mysticis
1749 4522 2002 4578 sensibus

428 4609 761 4676 evolvendis,
796 4610 863 4665 ad
897 4609 1054 4666 rudis
1096 4611 1243 4682 vulgi
1286 4620 1504 4682 captum
1548 4612 1732 4669 minus
1755 4628 1877 4670 esse
1905 4629 2000 4669 ac-

429 4702 864 4768 commodatam;
902 4711 958 4757 et
985 4703 1213 4772 proinde
1240 4704 1536 4759 verisimile
1564 4715 1666 4772 est,
1694 4721 1725 4760 a
1765 4706 1998 4762 lectione

427 4795 548 4866 ejus
587 4795 804 4865 publica
841 4793 1140 4850 Ecclesiam
1185 4804 1308 4866 post
1337 4807 1550 4865 tempus
1582 4796 1800 4867 aliquod
1828 4797 1998 4852 absti-

427 4887 678 4944 nuisse...
713 4885 828 4942 Hoc
855 4901 984 4942 vero
1013 4887 1238 4942 fidenter
1258 4887 1510 4954 dixerim,
1536 4888 1832 4959 Epistolam
1857 4892 1998 4948 hanc

424 4996 535 5051 quo
564 4980 802 5050 penitius
840 4980 1204 5051 intelligatur,
1233 4997 1298 5036 eo
1335 4981 1696 5051 acceptiorem
1733 4981 1996 5052 futuram,

423 5081 478 5128 et
502 5073 572 5128 ad
595 5086 881 5128 sacrarum
906 5072 1211 5128 litterarum
1236 5088 1338 5129 nec
1360 5089 1465 5128 non
1489 5073 1996 5145 antiquissimorum

422 5162 648 5220 Patrum
665 5164 1028 5234 cognitionem
1053 5164 1346 5235 plurimum
1364 5165 1994 5238 facturam.Quanquam

422 5256 569 5312 enim
601 5265 897 5326 perpetuus
918 5253 1130 5313 Veteris
1155 5255 1506 5314 lnstrumenti
1532 5259 1601 5314 ad
1628 5257 1881 5316 Messiam
1906 5276 1996 5317 re-

424 5360 646 5421 spectus
691 5348 852 5404 nobis
891 5347 1050 5419 quasi
1093 5365 1188 5420 per
1248 5359 1600 5406 transennam
1647 5366 1713 5406 ex
1755 5351 1994 5414 Chaldaei

425 5439 803 5513 Parapbrastis
833 5441 1108 5497 stricturis
1127 5480 1143 5510 ,
1174 5443 1501 5514 scriptorum
1550 5441 1992 5502 Talmudicorum

2107 4523 2322 4578 blicano
2350 4530 2599 4589 constat;
2645 4523 2698 4576 id
2721 4537 2942 4593 quoque
2971 4522 3038 4577 dc
3059 4523 3311 4593 apostolo
3345 4522 3536 4589 Paulo,
3562 4523 3680 4593 qui,

2107 4624 2166 4669 ut
2188 4613 2410 4684 ipsemet
2441 4615 2508 4668 de
2539 4627 2599 4668 se
2621 4611 2812 4668 scribit
2831 4613 2900 4680 ⁸⁷,
2938 4613 3087 4682 prius
3124 4611 3457 4682 blasphemus
3494 4613 3596 4682 fuit
3630 4622 3681 4667 et

2103 4716 2400 4778 persecutor
2418 4715 2468 4760 et
2491 4704 2933 4771 contumeliosus;
2974 4705 3177 4776 quique
3226 4707 3468 4774 seipsum
3497 4707 3684 4776 appel-

2103 4802 2180 4857 lat
2204 4809 2536 4870 peccatorum
2566 4799 2818 4870 primum,
2865 4799 2946 4854 sic
2975 4799 3229 4869 inquiens
3259 4815 3272 4850 :
3309 4799 3543 4870 Χριστὸς
3579 4799 3681 4870 Ἰη-

2107 4894 2234 4958 σοῦς
2288 4888 2452 4965 ἦλθεν
2484 4893 2564 4956 εἰς
2613 4891 2704 4945 τὸν
2737 4891 2942 4961 κόσμον
2973 4890 3332 4965 ἁμαρτωλοὺς
3363 4890 3557 4956 σῶσαι,
3605 4885 3680 4947 ὧν

2105 4986 2318 5059 πρῶτός
2349 4987 2464 5057 εἰμι
2492 4983 2602 5054 ἐγώ
2628 5000 2643 5014 ο
2675 4999 2786 5055 quo
2814 4983 2956 5039 forte
2977 4984 3031 5038 in
3062 4985 3252 5055 primis
3282 4983 3520 5054 respexit
3546 4983 3683 5039 Bar-

2104 5080 2310 5146 nabas,
2350 5077 2593 5148 ejusdem
2636 5075 2793 5131 Pauli
2822 5075 3192 5148 συνέκδημος,
3241 5075 3370 5132 dum
3402 5077 3680 5147 apostolos

2104 5169 2423 5241 priusquam
2473 5167 2832 5238 eligerentur,
2885 5166 3132 5222 homines
3160 5176 3319 5223 vocat
3345 5166 3504 5232 ὄντας
3535 5167 3678 5244 ὑπὲρ

2105 5265 2282 5318 πᾶσαν
2299 5259 2569 5333 ἁμαρτίαν
2595 5260 2993 5332 ἀνομωτέρους·
3012 5275 3189 5331 neque
3209 5259 3353 5316 enim
3377 5260 3676 5331 quidquam

2104 5373 2206 5412 nos
2235 5355 2402 5426 cogit,
2429 5364 2491 5410 ut
2518 5353 2587 5409 de
2616 5354 2872 5410 omnibus
2892 5361 2946 5408 et
2971 5354 3203 5424 singulis
3233 5353 3494 5423 apostolis
3521 5351 3575 5410 id
3606 5353 3676 5408 ab

2100 5462 2167 5504 eo
2215 5447 2420 5503 dictum
2465 5445 2852 5515 intelligamus.
2902 5443 3042 5512 Quid
3068 5445 3308 5515 qumris‘t
3341 5443 3489 5500 Duos
3519 5443 3674 5500 lucu-

527 5602 572 5633 ⁸¹
603 5600 872 5668 Tcntzel.,
901 5569 1384 5672 Exercit._sc_lect.,
1415 5610 1556 5670 part.
1587 5617 1626 5668 ι,
1659 5615 1709 5670 p.
1750 5600 1869 5656 l5'2.
1912 5604 1956 5634 θ’
1989 5603 2246 5672 Basnag.,
2293 5600 2497 5672 Annal.
2521 5600 2671 5672 polit.
2694 5601 2846 5672 eccl,
2879 5599 2943 5656 ad
2972 5599 3184 5672 an.7750,
3220 5599 3247 5670 §
3285 5600 3374 5656 57.
3416 5599 3462 5632 ⁸³
3501 5597 3671 5654 Ham-

425 5673 637 5743 mond”
669 5673 898 5727 Dissert.
931 5687 970 5738 ι,
995 5687 1116 5742 cap.
1154 5669 1207 5743 Ἰν,
1231 5670 1290 5741 §§
1311 5669 1456 5743 με,
1490 5689 1611 5743 pag.
1636 5669 1728 5733 ‘22,
1753 5673 1843 5726 9.5.
1922 5674 1967 5706 ⁸⁵
1996 5673 2152 5741 Fell.,

2191 5669 2502 5744 prajlat.‘_ad
2538 5670 2708 5743 Epist.
2742 5669 2908 5727 Baro.
2987 5673 3032 5705 ⁸⁸
3064 5669 3252 5741 Zorn.,
3289 5673 3482 5744 Opusc.
3503 5684 3670 5736 sect,

428 5752 560 5799 tom.
593 5742 633 5808 I,
659 5759 714 5812 ι).
743 5743 850 5803 648
881 5758 996 5814 seq.
1063 5740 1123 5776 ’⁵⁵
1161 5740 1322 5799 Barn.
1349 5740 1544 5814 Episl.,
1566 5740 1686 5814 cap.
1725 5749 1777 5806 5,
1835 5744 1898 5822 ,πῖ
1949 5743 2006 5800 l'.

2107 5764 2135 5800 I.
2168 5740 2204 5809 ις
2253 5741 2446 5808 l5,15.
