4066 6140
441 289 549 349 ιθδ

1753 327 1756 330 .
1785 285 2317 346 PROLEGOMENA.

3587 289 3692 348 ϐω
3749 307 3752 314 .

445 403 703 479 μιοῦρον
735 414 842 475 est,
880 405 1178 478 genuinum
1221 423 1330 463 non
1372 421 1494 463 esse
1539 406 1841 478 scriptum;
1872 405 2013 476 peri-
2043 409 2090 468 Α
2119 407 2354 463 maxime
2377 407 2539 462 etiam
2590 406 2838 464 eamdem
2890 408 3114 481 insuper
3143 407 3401 465 habeant.
3455 407 3520 464 Et
3565 410 3691 480 jure

442 496 720 553 clitabitur
746 498 947 568 prioris
971 497 1229 569 Epistolas
1268 499 1438 569 partis
1485 497 1640 564 lides,
1671 495 2014 567 quandoqui-

442 590 579 645 dem-
600 587 786 645 Graece
830 605 940 644 non
986 599 1319 660 compareat.
1358 589 1776 646 Conc.usionem
1806 603 1928 658 qua:
1955 587 2011 641 in

443 679 653 735 Latinis
696 681 1103 751 exemplaribus
1135 681 1418 736 hodiernis
1446 689 1746 749 comparet,
1775 678 2013 734 librariis

441 769 625 824 deberi
657 769 891 826 libenter
920 769 1287 826 concesserim
1314 787 1330 837 ;
1366 768 1636 840 siquidem
1666 768 1706 823 ii
1743 768 2014 822 istiusmo-

441 858 499 914 di
535 858 760 930 epilogis
790 858 961 919 libros
993 874 1025 914 a
1053 874 1113 915 se
1141 859 1482 928 conscriptos
1516 858 1646 913 alibi
1687 857 1892 928 passim
1924 873 2015 910 or-

442 960 665 1010 narunt.
715 949 823 1008 Sed
873 959 928 1007 et
978 951 1186 1008 iteratae
1213 951 1526 1021 scriptionis
1566 961 1689 1020 post
1714 950 2013 1005 solemnem

441 1042 860 1099 valedictionem
889 1056 999 1097 non
1030 1040 1230 1096 desunt
1251 1041 1518 1111 exempla.
1551 1038 1642 1095 Sic
1672 1039 1844 1109 Epist.
1877 1036 1918 1091 ll
1946 1036 2014 1091 ad

443 1135 830 1199 Timotheum,
853 1142 976 1205 post
1021 1132 1400 1204 doxologiam,
1438 1133 1686 1202 quaedam
1733 1140 2013 1200 resumpto

442 1230 654 1292 calamo
684 1226 1101 1291 subnectuntur,
1139 1234 1200 1280 ut
1229 1225 1337 1279 alia
1371 1223 1491 1295 ejus
1535 1223 1750 1296 generis
1793 1230 2015 1292 praeter-

440 1332 583 1381 eam.
613 1337 632 1372 ι
661 1316 788 1373 llaec
812 1317 920 1371 ille.

513 1411 594 1466 Ad
646 1410 888 1480 reliquas
931 1408 1152 1464 levioris
1179 1409 1442 1464 momenti
1479 1407 1826 1464 dillicultates
1865 1407 2012 1476 quod

443 1501 656 1564 attinet,
705 1499 827 1554 illas
850 1498 988 1554 mira
1031 1513 1165 1554 sane
1195 1497 1519 1553 dexteritate
1547 1496 1800 1552 dissolvit
1840 1495 2012 1565 Pape-
2063 1495 2066 1498 ’

441 1591 704 1648 brochius
727 1591 812 1644 vir
839 1590 1192 1646 doctissimus
1215 1590 1283 1657 θ’,
1311 1605 1472 1660 quem
1507 1583 1733 1660 proinde
1755 1588 2014 1644 consule-

443 1698 504 1738 re
533 1690 775 1753 prtestat.
808 1679 915 1737 Eas
946 1681 1096 1749 item,
1135 1690 1196 1737 ut
1237 1681 1470 1752 tempori
1511 1696 1754 1751 parcam,
1786 1688 2004 1750 praeter-

2119 498 2367 567 quidem.
2396 496 2530 553 Nam
2582 515 2704 568 qua:
2746 501 3054 557 communis
3102 501 3277 557 fertur
3326 503 3593 558 sententia
3623 504 3696 559 de

2119 588 2380 644 Barnabae
2416 589 2518 644 sub
2548 587 2763 645 Nerone
2800 592 3083 663 martyrio,
3119 594 3270 648 nullo
3309 593 3505 650 idoneo
3531 605 3689 660 teste,

2118 680 2267 735 nulla
2321 690 2565 736 veterum
2629 683 2956 737 auctoritate
3020 683 3304 752 ﬁrmatur;
3366 686 3689 756 nttllumque

2119 771 2262 841 apud
2297 770 2554 843 antiquos
2582 774 2878 844 scriptores
2913 775 3202 846 vestigium
3246 779 3510 845 occurrit,
3544 781 3688 835 unde

2116 879 2226 934 quo
2287 873 2532 934 tempore
2580 881 2894 935 supremum
2947 866 3090 922 diem
3146 869 3344 925 obierit
3385 870 3694 936 Barnabas,

2116 965 2266 1010 certo
2293 965 2586 1012 statuatur.
2613 957 2816 1014 Contra
2837 974 2990 1026 vero,
3029 974 3154 1014 cum
3183 969 3397 1017 constet
3417 978 3483 1019 ex
3515 963 3682 1020 Eusc-

2115 1040 2206 1101 bio
2234 1044 2280 1077 τδ
2311 1053 2366 1100 et
2405 1043 2734 1118 Hieronymo
2761 1047 2830 1114 ",
2856 1035 3138 1118 apostolos
3179 1048 3400 1105 Petrum
3449 1059 3504 1106 et
3544 1050 3690 1106 Pa'u-

2114 1136 2230 1192 lum
2265 1138 2461 1193 ultimo
2508 1136 2743 1194 Neronis
2767 1155 2932 1207 anno,
2952 1140 3006 1195 id
3027 1149 3111 1197 est
3135 1155 3282 1196 anno
3321 1141 3412 1206 68,
3441 1143 3706 1213 martyrii-

2115 1228 2353 1297 palmam
2379 1227 2552 1284 fuisse
2576 1230 2801 1300 adeptos
2837 1248 2851 1285 :
2887 1232 3079 1302 quidni
3102 1247 3232 1303 ergo
3262 1231 3543 1288 Barnabas
3568 1243 3690 1303 post

2113 1326 2326 1389 captam
2357 1333 2388 1374 a
2420 1317 2543 1374 Tito
2590 1318 3021 1393 Hierosolymam
3065 1338 3212 1378 anno
3243 1323 3331 1390 70,
3363 1324 3573 1395 aliquot
3599 1325 3690 1380 ads-

2113 1411 2222 1465 huc
2250 1426 2425 1468 annos
2447 1412 2517 1466 ab
2550 1427 2739 1467 eorum
2773 1415 3146 1483 apostolorum
3190 1415 3458 1486 martyrio
3487 1416 3696 1472 vixisse-

2112 1503 2384 1572 potuerit,
2420 1503 2718 1574 etquidem
2763 1505 2817 1559 in
2865 1505 3058 1575 primis
3087 1521 3211 1561 cum
3247 1508 3361 1578 jam
3418 1523 3450 1576 ο
3506 1509 3687 1563 medio

2115 1594 2330 1650 sublato
2383 1593 2619 1663 Nerone,
2667 1598 2978 1667 persecutio
3027 1598 3281 1666 desierit;
3335 1607 3396 1654 ut
3457 1601 3686 1670 proinde

2112 1689 2256 1744 circa
2289 1703 2492 1744 annum
2530 1687 2599 1742 7S
2633 1697 2729 1744 aut
2761 1690 2827 1744 75
2850 1689 3147 1761 Epistolam
3175 1691 3498 1763 scripserit?

442 1775 602 1876 Tm"
631 1789 754 1876 Tm
789 1789 824 1876 ξ
865 1772 1084 1876 Μ⁰Υ¹ῘῘ⁰
1126 1773 1362 1876 [fimum
1386 1867 1398 1876 _
1423 1773 1695 1838 excitam’
1743 1771 1938 1876 “finde
1978 1786 2009 1826 ³
2039 1761 2088 1843 ﬁ
2182 1802 2253 1856 At
2285 1801 2430 1861 enim
2461 1817 2528 1858 ex
2562 1803 2857 1858 Alexandri
2887 1805 3143 1860 monachi
3179 1761 3356 1876 elegia
3387 1805 3441 1859 in
3467 1803 3526 1860 S.
3553 1805 3686 1860 Bar-

442 1867 742 1935 Tentzelio,
785 1865 1064 1937 Basnagio.
1102 1867 1338 1937 aliisque
1384 1867 1706 1925 instauratae
1756 1864 2008 1931 fuerunt;

440 1974 510 2015 eo
547 1958 631 2014 vel
662 1957 900 2019 maxime
920 1956 1066 2028 quod
1091 1956 1411 2029 Moynianas
1439 1956 1811 2027 perstringens
1840 1955 2011 2026 potis-

441 2052 643 2115 simum
667 2051 738 2110 cl.
769 2049 1039 2107 Nourrius
1057 2051 1130 2119 ⁷ο,
1158 2051 1295 2108 alias
1321 2064 1542 2121 quoque
1572 2049 1799 2106 diluisse
1828 2049 2010 2104 videa-

442 2153 554 2198 tur.
594 2142 888 2208 Ceterum,
920 2142 1066 2212 quod
1087 2141 1340 2200 laudatus
1380 2128 1786 2210 Papebrochius
1819 2155 1884 2193 ex
1909 2141 2009 2193 hu-

435 2233 530 2302 jus
559 2231 812 2302 Epistolas
865 2231 1039 2302 capite
1069 2230 1138 2286 15
1183 2231 1500 2302 conjecerit,
1560 2231 1711 2296 illam
1764 2228 1906 2285 forte
1937 2231 2006 2285 ab

440 2322 625 2392 aliquo
649 2321 1042 2379 Chiliastarum
1071 2330 1196 2392 post
1217 2337 1422 2376 annum
1459 2322 1528 2378 97
1574 2319 1745 2377 fuisse
1767 2321 2009 2392 perscri-

440 2419 588 2481 ptam
609 2429 625 2479 ;
649 2427 714 2468 ex
742 2427 804 2467 ea
835 2411 1054 2483 quidem
1103 2411 1416 2482 suspicione
1450 2411 1630 2481 ipsum
1675 2411 2008 2488 exemissent

442 2503 735 2564 Menardus
752 2505 805 2560 in
822 2505 1016 2574 primis
1045 2513 1100 2559 et
1124 2503 1454 2571 Cotelerius,
1477 2518 1711 2574 quorum
1741 2503 2005 2565 editiones

442 2596 628 2659 videre
647 2595 752 2658 sibi
782 2596 930 2652 haud
951 2595 1246 2667 contigisse
1287 2602 1544 2664 testatur.

1050 2709 1280 2767 CAPUT
1307 2709 1396 2766 ΙΙΙ.

642 2801 760 2868 Quo
792 2809 1021 2873 tempore
1050 2803 1248 2872 scripta
1274 2802 1459 2873 fuerit,
1495 2802 1803 2874 inquiritur.

514 2891 621 2948 Sed
652 2894 865 2949 tandem
895 2893 964 2948 ad
985 2902 1202 2964 tempus
1239 2894 1620 2963 inquirendum
1659 2893 2003 2960 accedamus,

441 3003 554 3059 quo
585 2986 823 3057 Epistola
849 2987 968 3056 ipsa
992 2996 1216 3043 exarata
1235 2985 1412 3042 fuisse
1433 2987 1799 3042 existimatur.
1834 2984 2007 3040 Nimi-

442 3095 591 3147 rum,
632 3088 692 3133 ut
718 3078 921 3148 optime
943 3076 1141 3133 Millius
1164 3079 1232 3144 τι,
1268 3077 1431 3147 paulo
1473 3085 1598 3146 post
1637 3091 1841 3130 annum
1886 3091 2007 3130 aerte

442 3171 681 3242 vulgaris
707 3170 795 3238 70,
824 3169 939 3225 sive
966 3183 1092 3224 cum
1131 3169 1246 3239 jam
1290 3183 1483 3224 recens
1513 3166 1706 3224 fuisset
1754 3181 2004 3222 eversum

443 3264 726 3332 templum,
758 3263 1042 3332 deletaque
1086 3263 1220 3317 urbs
1267 3259 1780 3331 Hierosolymitana.
1836 3257 1904 3313 Et
1952 3259 2008 3314 id

439 3357 660 3427 quidem
685 3372 755 3411 ex
783 3357 971 3411 eadem
1019 3354 1262 3425 Epistula
1311 3355 1447 3410 satis
1491 3353 1681 3422 liquet.
1733 3351 1828 3406 Sic
1855 3351 2003 3406 enim

441 3449 517 3504 ibi
538 3450 584 3487 τ’
603 3467 618 3506 :
639 3449 821 3522 Πέρας
850 3447 980 3518 γοῦν
1012 3448 1172 3501 πάλιν
1199 3447 1364 3516 λέγει·
1393 3464 1414 3499 ι
1451 3440 1580 3499 ’1δοῦ
1613 3447 1663 3498 οἱ
1677 3444 1993 3508 καθελόντες

442 3542 533 3596 τδν
550 3541 674 3596 ναὸν
695 3541 903 3604 τοῦτον,
917 3540 1069 3594 αὐτοὶ
1086 3539 1246 3592 αὐτὸν
1265 3537 1693 3608 οἰκοδομήσουσι.
1711 3536 2005 3590 ΓΙΝΕΤΑΙ.

444 3633 542 3688 Διὰ
582 3633 689 3703 γὰρ
741 3633 803 3687 τὸ
855 3632 1112 3703 πολεμεῖν
1155 3631 1372 3698 αὐτοὺς,
1414 3628 1692 3702 καθῃρέθη
1736 3628 1840 3682 ὑπὸ
1901 3627 2009 3682 τῶν

443 3724 650 3796 ἐχθρῶν
677 3725 845 3779 ΝΥΝ.
893 3743 912 3775 ι
956 3723 1025 3776 Et
1082 3722 1293 3776 tandem
1336 3737 1520 3775 rursus
1574 3721 1650 3773 ait
1681 3721 1727 3752 ⁷³
1760 3735 1780 3774 :
1813 3739 1832 3772 ‹
1875 3718 2010 3774 Ecce

441 3817 533 3887 qui
555 3817 927 3870 destruxerunt
953 3814 1201 3884 templum
1227 3814 1346 3877 hoc,
1365 3813 1468 3882 ipsi
1494 3811 1630 3866 illud
1646 3811 2008 3882 aediﬁcabant.

445 3906 614 3977 quue
660 3922 876 3960 zvsm'r.
928 3903 1072 3959 Nam
1100 3906 1229 3976 quia
1281 3905 1474 3959 bellum
1519 3915 1726 3976 gerunt,
1763 3923 1897 3962 nunc
1943 3905 2008 3960 ab

443 3998 680 4051 hostibus
728 3998 1054 4052 destructum
1104 4006 1204 4051 est.
1250 4015 1270 4050 ι
1306 3995 1380 4050 lta
1412 3997 1557 4051 enim
1589 4013 1713 4052 cum
1757 3997 1907 4053 Fello
1956 4006 2012 4053 et

443 4089 713 4154 Gotelerio
764 4089 818 4143 in
849 4087 995 4144 edito
1033 4088 1450 4158 distinguendus
1492 4089 1581 4143 hic
1629 4089 1806 4157 locus,
1838 4091 2011 4146 recla-

443 4188 629 4243 mante
657 4181 784 4236 licet
815 4178 1090 4245 Menardo,
1129 4180 1222 4249 qui
1270 4178 1334 4233 τὸ
1373 4178 1490 4233 νῦν
1531 4180 1673 4235 male
1720 4179 1876 4252 jungi
1905 4197 2010 4237 no-

447 4270 582 4325 mini
633 4270 861 4339 ὲχθρῶν
886 4270 1225 4326 autumabat.

513 4359 669 4416 Haud
720 4361 976 4431 equidem
1019 4361 1233 4431 ignoro,
1278 4359 1557 4434 Moynium
1597 4370 1650 4417 et
1672 4362 2009 4420 Tentzelium

2033 3119 2080 3177 C

2111 1893 2309 1947 nabam
2348 1891 2695 1966 perspicuum
2719 1901 2804 1950 est
2842 1894 3021 1965 ipsum
3049 1895 3262 1951 vivente
3302 1894 3483 1951 adhuc
3512 1895 3686 1950 Paulo

2110 1984 2358 2060 apostolo
2391 2000 2466 2039 ex-
2492 1987 2596 2040 hac
2637 1987 2747 2040 vita
2777 1985 3040 2056 migrasse
3077 2005 3090 2040 :
3119 1987 3283 2057 idque
3325 1997 3471 2057 patet
3507 2002 3573 2042 ex
3604 1989 3686 2042 ul-

2109 2078 2260 2134 timis
2285 2077 2431 2134 illius
2455 2077 2637 2134 verbis
2681 2078 2748 2134 ad
2780 2077 3043 2134 Joannem
3075 2077 3343 2146 Marcum,
3387 2081 3679 2135 consobri-

2109 2186 2240 2224 num
2291 2185 2489 2238 suum,
2536 2186 2659 2240 quae
2713 2170 2793 2225 sic
2847 2185 2906 2226 se
2949 2170 3151 2226 habent
3182 2171 3274 2224 7':
3339 2170 3424 2223 Ἐν
3455 2170 3580 2242 τῇδε
3613 2171 3681 2240 τῇ

2108 2262 2290 2335 ἡμέρᾳ
2337 2263 2416 2316 δεῖ
2448 2281 2515 2334 με
2545 2261 2894 2332 τελειωθῆναι
2923 2263 3004 2325 εἰς
3048 2260 3148 2325 τὰς
3176 2263 3367 2333 χεῖρας
3395 2261 3503 2314 τῶν
3533 2260 3684 2314 ἀπει-

2108 2353 2344 2408 θούντων
2378 2352 2662 2406 Ἰουδαίωνο
2713 2352 2777 2406 σὺ
2825 2352 2882 2404 δὲ
2916 2350 3146 2418 ἐξελθὼν
3195 2350 3300 2417 ἔξω
3345 2351 3446 2420 τῆς
3477 2349 3684 2412 πόλεως

2107 2441 2249 2497 κατὰ
2277 2442 2508 2513 δυσμὰς,
2540 2442 2794 2516 εὑρήσεις
2822 2442 2885 2494 τὸ
2918 2441 3077 2513 σῶμά
3106 2459 3228 2513 μου·
3271 2443 3366 2496 καὶ
3397 2442 3554 2496 τοῦτο
3583 2442 3681 2497 θά-

2104 2531 2230 2601 ψας,
2267 2531 2446 2596 ἔξελθε
2478 2532 2587 2584 ἀπὸ
2620 2532 2869 2602 Κύπρουο
2905 2532 3001 2585 καὶ
3035 2531 3266 2602 πορεύου
3301 2532 3381 2595 εἰς
3409 2531 3502 2585 τὸν
3529 2531 3680 2585 Παῦ-

2105 2623 2215 2687 λον,
2249 2625 2343 2677 καὶ
2372 2623 2477 2678 ἴσθι
2526 2625 2640 2695 μετ’
2673 2623 2861 2687 αὐτοῦ,
2901 2623 3007 2687 ἓως
3044 2617 3104 2678 οὗ
3152 2625 3180 2677 ὁ
3224 2623 3432 2695 Κύριος
3480 2626 3684 2678 οἰκονο-

2109 2717 2272 2788 μήσει
2321 2715 2392 2770 τὰ
2423 2715 2564 2770 κατὰ
2614 2715 2694 2770 σέ·
2730 2715 2913 2787 μέλλει
2952 2715 3060 2788 γὰρ
3092 2716 3154 2768 τὸ
3185 2715 3358 2787 ὄνομά
3390 2733 3482 2769 σου
3515 2733 3681 2788 μεγα-

2104 2804 2360 2878 λυνθῆναι
2419 2808 2477 2860 ἐν
2525 2806 2623 2889 ὅλη
2672 2808 2739 2882 τῇ
2784 2805 3098 2878 οἰκουμένῃ.
3149 2803 3325 2860 Hodie
3385 2806 3683 2876 inﬁdelium

2103 2897 2418 2960 Iudaeorum
2441 2885 2681 2954 manibus
2719 2915 2800 2955 me
2823 2899 3182 2954 consummari
3215 2909 3419 2970 oportet
3456 2915 3476 2954 :
3513 2908 3569 2953 tu
3596 2917 3682 2954 ve-

2108 2970 2185 3044 ro‘
2213 2984 2364 3044 extra
2393 2991 2682 3056 civitatem,
2723 2991 3042 3045 occidentem
3077 3003 3256 3044 versus
3308 2998 3572 3061 egredere,
3627 3001 3679 3046 et

2109 3097 2297 3158 corpus
2340 3097 2512 3138 meum
2548 3081 2774 3136 invenies
2807 3095 2826 3133 :
2865 3081 3004 3152 quod
3045 3098 3164 3136 cum
3204 3082 3492 3151 sepelieris,
3535 3083 3622 3136 exi
3653 3097 3683 3136 e

2109 3173 2302 3250 Cypro,
2333 3183 2382 3227 et
2425 3171 2496 3226 ad
2539 3163 2773 3249 Paulum
2800 3173 3164 3243 proﬁciscere;
3196 3182 3246 3226 et
3271 3183 3380 3227 esto
3410 3189 3529 3225 cum
3560 3171 3680 3239 illo,

2109 3264 2283 3336 quoad
2309 3263 2565 3318 Dominus
2611 3281 2691 3319 res
2744 3272 2862 3319 tuas
2907 3265 3228 3334 disposuerit
3266 3279 3287 3318 :
3318 3265 3558 3334 futurum
3603 3271 3684 3318 est

2109 3354 2269 3432 enim,
2298 3362 2355 3407 ut
2379 3370 2561 3408 nomen
2586 3363 2733 3408 tuum
2763 3370 2855 3424 per
2878 3363 3042 3407 totum
3071 3364 3336 3409 terrarum
3373 3353 3548 3406 urbem
3596 3352 3696 3408 dii

2108 3444 2369 3516 vulgetur.
2421 3443 2548 3500 Haec
2586 3444 2683 3499 ibi.
2733 3441 2802 3498 Et
2845 3443 3109 3499 Barnabas
3155 3433 3374 3512 quidem
3438 3443 3696 3496 hortanti

2108 3552 2316 3592 morem
2362 3524 2599 3608 gessisse
2645 3535 2912 3604 Marcum,
2937 3551 2968 3591 e
3005 3534 3162 3589 Pauli
3209 3533 3470 3603 Epistolis
3509 3543 3686 3603 patet.

2109 3627 2210 3685 llic
2254 3619 2400 3684 enim
2451 3629 2518 3684 ad
2568 3628 2924 3685 Colossenses
2972 3627 3219 3683 scribens
3257 3630 3326 3692 ⁷⁷,
3355 3641 3450 3680 eos
3482 3624 3682 3682 salutat

2109 3724 2332 3780 nomine
2379 3723 2555 3798 Marci
2614 3722 2915 3777 consobrini
2967 3719 3267 3785 Barnabw;
3317 3719 3412 3790 qui
3486 3735 3687 3788 nempe-

2107 3815 2348 3887 primum
2390 3815 2447 3871 in
2501 3831 2669 3874 causa
2716 3813 2896 3870 fuerat
2951 3829 3050 3869 cur
3109 3810 3313 3868 Paulus
3358 3828 3388 3866 a
3429 3810 3682 3873 Barnaba

2110 3908 2417 3974 secesserit,
2446 3917 2508 3963 ut
2544 3909 2778 3964 habetur
2810 3907 2865 3961 in
2897 3907 3048 3968 Actis
3070 3905 3154 3980 "5
3187 3905 3392 3982 quique
3420 3903 3681 3972 deinceps

2109 3999 2178 4054 ad
2209 3999 2445 4058 ollicium
2482 4013 2756 4066 reversus,
2796 3996 2969 4058 Paulo
3014 3997 3155 4056 ﬁdus
3203 4011 3387 4052 comes
3429 3995 3685 4060 adhaesit,

2107 4094 2267 4163 eique
2295 4093 2514 4148 demum
2545 4100 2670 4164 post
2694 4100 2933 4148 mortem.
2954 4089 3216 4145 Barnabm
3247 4089 3430 4143 utilem
3455 4103 3692 4158 operaur

2109 4187 2166 4242 in
2209 4185 2517 4242 ministerio
2564 4185 2867 4257 apostolico
2899 4184 3170 4254 praestitit,
3218 4192 3276 4237 ut
3305 4183 3372 4237 ad
3405 4173 3680 4236 Philemo-

2109 4287 2234 4328 nem
2257 4272 2375 4328 ἰ’-(ξι
2393 4287 2462 4328 ex
2489 4272 3146 4344 posterioribusviuculis
3170 4273 3237 4326 ad
3261 4271 3608 4327 Timotheum
3633 4272 3679 4302 ⁸⁸

2110 4361 2376 4430 scribens,
2417 4363 2571 4421 idem.
2593 4370 2829 4419 testatur
2871 4360 3189 4426 Apostolus.
3223 4361 3385 4430 Atqui
3421 4367 3544 4430 quae
3573 4359 3679 4415 Co-

444 4450 573 4505 binc
593 4451 776 4521 potius
810 4452 1075 4506 Barnabas
1096 4451 1444 4522 abjudieandi
1488 4450 1786 4522 Epistolam
1817 4471 2008 4512 ausam
2039 4461 2086 4518 D
2112 4455 2456 4513 lossensibus
2471 4462 2527 4509 ct
2539 4452 2847 4513 Philemoni
2875 4453 3148 4522 inscriptae
3163 4461 3381 4508 exstant
3398 4451 3676 4522 Epistulae,

443 4541 704 4611 arripere,
736 4557 801 4597 eo
831 4542 1040 4598 scilicet
1063 4544 1281 4598 nomine
1310 4543 1456 4612 quod
1489 4551 1737 4613 tempora
1781 4547 2007 4605 minime

442 4631 730 4703 quadrent.
770 4631 1050 4687 Barnabas
1091 4632 1263 4700 enim,
1308 4631 1584 4702 inquiunt,
1620 4649 1686 4689 ex
1729 4639 2005 4693 communi

441 4724 708 4780 sententia
731 4722 942 4780 Nerone
965 4724 1266 4796 imperante
1281 4729 1602 4801 martyrium
1633 4729 1819 4797 subiit,
1843 4728 2008 4785 adeo-
2041 4787 2044 4790 ,

441 4830 549 4885 que
588 4825 716 4870 ante
769 4831 934 4886 quam
983 4817 1252 4887 templum
1297 4818 1844 4896 Hierosolymitanum
1891 4823 2008 4880 solo

441 4915 751 4977 aequaretur
777 4924 791 4960 :
821 4922 996 4977 quam.
1014 4909 1232 4978 quidem
1259 4910 1617 4981 objectionem
1640 4916 1775 4970 tanti
1800 4917 2011 4971 ducunt

441 4997 480 5052 ii
509 4997 623 5051 viri
661 4998 859 5064 critici,
891 5007 952 5053 ut
992 4999 1254 5056 invictum
1304 5015 1683 5073 argumentum
1737 5009 2007 5077 appellare

442 5102 553 5142 non
579 5086 848 5146 dubitent.
880 5091 1134 5146 Attamen
1172 5101 1381 5148 tantum
1411 5095 1568 5150 abest-
1603 5105 1661 5152 ut
1695 5097 2006 5156 istiusmodi

439 5175 751 5236 difﬁcultati.
798 5178 906 5235 vim
968 5180 1207 5252 aliquam
1266 5183 1446 5240 inesse
1498 5185 1596 5239 alii
1640 5199 1899 5243 censeant
1947 5202 2008 5246 ut

523 5316 852 5392 ff__l_’apebr._,
876 5318 998 5374 Act.
1025 5317 1304 5392 SS-,_Jup.
1336 5328 1468 5392 tom.
1495 5321 1558 5386 ll,
1599 5338 1722 5392 pag.

430 5392 474 5422 ⁷⁸
513 5386 1095 5461 ΜίιΙηίΡτοιεροηιζαά
1125 5390 1202 5444 Ν.
1235 5390 1319 5455 Τ.,
1354 5389 1381 5461 §
1411 5392 1534 5446 144.
1603 5386 1657 5425 ’⁷³

1770 5325 1896 5392 459,
1929 5323 2038 5396 εδ.
2117 5325 2162 5357 ⁷⁸
2188 5323 2389 5396 Nourr.
2424 5322 2558 5396 App.
2585 5323 2653 5377 ad
2688 5321 2830 5376 Bibl.
2857 5321 2976 5396 P_P.
3002 5365 3018 5392 ,
3045 5335 3179 5396 tom.
3214 5325 3252 5387 Ι,
3286 5339 3408 5396 pag.

1731 5392 2115 5464 aruah.Epist.
2146 5411 2266 5464 cap.
2301 5395 2387 5450 16.
2448 5394 2510 5464 1³
2538 5394 2642 5448 lsa.
2674 5409 2822 5464 xuxﬁ,
2854 5395 2884 5464 il
2899 5392 2950 5448 7.
3029 5395 3075 5426 ⁷³
3103 5392 3323 5458 Eusebi,
3361 5392 3582 5464 Curam,
3606 5392 3675 5448 ad

2098 4544 2266 4617 'juxta
2304 4544 2546 4603 virorum
2600 4541 2939 4599 eruditorum
2969 4539 3014 4573 “
3047 4539 3392 4605 sententiam,
3421 4540 3492 4592 ab
3533 4539 3678 4608 Apoo

2113 4641 2256 4698 stolo
2298 4645 2535 4693 exaratae
2584 4633 2834 4694 feruntur
2870 4645 3014 4688 anno
3055 4629 3160 4695 62,;
3204 4645 3324 4699 quae
3361 4638 3552 4684 autem
3593 4646 3680 4685 se-

2113 4729 2301 4786 cunda-
2344 4735 2427 4782 est
2453 4725 2521 4781 ad
2553 4723 2925 4786 Timotheum,
2953 4735 3100 4774 anno
3140 4719 3230 4784 67,
3262 4735 3385 4774 cum
3417 4719 3676 4774 nimirum

2107 4822 2435 4897 jampridem
2465 4836 2496 4876 e
2518 4819 2658 4873 vivis
2673 4815 3014 4873 excessisset
3042 4811 3346 4876 Barnabas,
3370 4812 3528 4880 cujus
3553 4813 3678 4866 hor-

2112 4925 2228 4972 tatu
2270 4913 2512 4969 Joannes
2552 4909 2766 4966 Marcus
2794 4907 2990 4962 exinde
3038 4904 3211 4959 Paulo
3244 4918 3365 4960 sese
3417 4902 3674 4958 comitem

2111 5007 2336 5062 addidit.
2369 5002 2447 5059 ιω
2478 5001 2650 5057 ferme
2678 4997 2993 5054 Tcntzclius
3021 4996 3089 5062 ⁸⁸,
3125 4995 3218 5066 qui
3245 5005 3299 5052 et
3333 4995 3474 5052 hanc
3519 4994 3676 5064 obje-

2111 5101 2354 5156 ctionem
2395 5102 2608 5150 tantum
2659 5089 2916 5162 ponderis
2977 5087 3178 5142 habere
3246 5087 3566 5149 arbitratur,
3617 5097 3678 5140 ut

2111 5189 2286 5246 eidem
2299 5185 2450 5242 ruihil
2471 5181 2681 5239 obverti
2710 5194 2870 5253 posse
2892 5186 3167 5234 asseveret
3193 5193 3357 5248 quam
3381 5177 3674 5247 Epistolam

3451 5324 3521 5379 58
3557 5338 3672 5393 seq.

433 5477 524 5513 au.
568 5473 811 5534 Ingxx.
863 5457 1203 5534 ζ”,δ-ΑΗίειςρη-ε,
1231 5461 1318 5534 _De
1359 5457 1465 5516 'vir.
1499 5463 1724 5526 illustr..
1760 5468 1925 5534 cap.l
1961 5457 2015 5520 et
2037 5466 2089 5518 5.
2168 5457 2404 5518 "'Alex.
2439 5463 2613 5528 Μοη..
2666 5463 2808 5531 apud
2849 5463 3118 5526 Boll:tnd.,
3172 5457 3454 5530 Act.’SS.,
3506 5462 3674 5527 Junii,

434 5539 544 5610 tum
563 5569 576 5582 .
608 5527 670 5593 ll,
701 5545 826 5610 pag.
851 5529 980 5610 Hii.

1069 5529 1114 5560 ⁷⁷
1138 5530 1364 5600 ίϐυιοεε.
1405 5534 1594 5597 tv,10.
1670 5535 1715 5567 ⁷⁸
1746 5529 1865 5588 Aci.
1895 5552 1985 5599 xv,
2011 5534 2199 5590 '57—'59.
2279 5535 2323 5567 '9
2353 5534 2609 5593 Philem.,
2646 5529 2785 5586 vers.
2822 5534 2912 5588 24.
2989 5536 3035 5566 ⁸ο
3073 5535 3112 5588 ll
3151 5536 3291 5590 Tim.
3355 5529 3550 5600 tv,ll.
3627 5535 3673 5567 ⁸⁸

434 5599 655 5684 Pears-q
693 5597 1350 5684 innAnnql;”Pau_l_.,mpag.
1386 5601 1606 5684 20,:2'5;
1632 5603 1868 5684 Mill.,_in
1893 5597 2191 5684 Prol-egent.
2227 5605 2294 5657 ad
2317 5604 2403 5684 .
2574 5604 2628 5684 ἐξ
2651 5602 2740 5669 80,
2772 5604 3032 5684 82,]?55
3060 5605 3296 5684 Tillium,
3334 5597 3494 5680 Mein.
3517 5606 3682 5671 ποίη

437 5680 567 5723 tum.
605 5667 646 5732 l,
675 5684 728 5746 p.
755 5669 884 5732 292,
913 5668 1038 5722 595.
1118 5669 1162 5701 ⁸²
1187 5667 1374 5725 Tentz.
1407 5673 1472 5728 ad
1501 5667 1749 5743 Hierom,
1776 5667 1862 5731 De
1886 5676 1981 5731 rir.
2018 5667 2241 5737 illusit,
2267 5675 2397 5731 edit.
2432 5667 2670 5740 Fabric”
2704 5667 2824 5744 cap.
2853 5675 2908 5742 6,
2941 5676 2967 5747 §
2997 5667 3050 5740 3,
3078 5692 3197 5748 pag.
3224 5678 3311 5732 Ml.
