4066 6140
411 335 519 390 695

1578 321 1633 376 S.
1671 316 2034 374 BARNABAS
2071 313 2499 371 APOSTOLL'S.

3545 312 3647 370 696

410 463 694 519 nostram;
729 467 851 522 quae
881 451 1121 522 quidem,
1162 444 1365 509 subdit,
1405 459 1527 497 cum
1565 440 1633 496 sit
1657 439 1833 510 ipsmu
1867 452 1986 509 κρι-
2015 445 2062 502 Α
2090 432 2268 488 tiones
2318 432 2593 502 majorem
2630 439 2836 500 partem
2887 430 3136 499 scriptas,
3168 429 3380 514 alicubi
3414 428 3645 487 forsitan

407 543 655 615 νόμενον,
704 557 812 598 non
854 550 940 596 est
991 534 1294 608 argumenti
1347 534 1469 587 loco
1528 529 1878 586 assumenda.
1923 524 1980 582 Id

408 650 541 690 sane
567 650 599 690 a
625 634 749 691 viro
775 634 990 689 erudito
1016 630 1213 685 nollem
1252 626 1482 681 dictum.

477 747 591 817 Age
643 762 790 808 nunc
817 744 1098 799 videamus
1142 755 1272 795 num
1299 739 1435 794 adeo
1470 736 1625 792 ﬁrma
1669 735 1743 791 sit
1786 733 1981 788 istius-

399 837 556 892 snodi
610 835 868 906 objectio,
911 841 973 887 ut
1013 847 1134 887 eam
1169 829 1371 884 nedum
1407 826 1600 892 everti,
1648 824 1742 879 sed
1775 839 1842 878 ne
1868 821 1980 878 ullo

405 927 626 998 quidem
655 935 814 996 pacto
851 921 1093 978 hebetari
1141 921 1324 975 liceat.
1362 917 1517 985 Quod
1545 925 1604 972 ut
1632 925 1975 985 pnestemus,

405 1017 798 1074 advertendum
828 1016 1067 1085 primum
1104 1013 1374 1078 onmium,
1407 1018 1574 1067 totam
1605 1006 1867 1062 Tentzelii
1890 1021 1979 1060 ar-

405 1114 870 1186 gumentationem
915 1113 1077 1170 unius
1134 1110 1423 1168 Alexandri
1480 1109 1739 1166 monachi
1792 1106 1976 1178 Cyprii

405 1205 722 1263 testimonio
765 1204 969 1268 fulciri,
1000 1203 1286 1274 scriptoris
1319 1201 1578 1256 nimirum
1618 1199 1837 1256 obscuri
1869 1213 1973 1252 no.

401 1299 569 1355 minis
593 1307 756 1368 atque
798 1298 973 1353 aetatis
1003 1299 1241 1352 incertae.
1273 1294 1654 1366 Antiquiorem
1693 1291 1973 1347 enimvero

399 1390 603 1446 saeculo
652 1406 708 1444 ix
762 1391 939 1460 ipsum
971 1405 1079 1444 non
1117 1387 1286 1444 fuisse
1335 1395 1552 1443 constat
1599 1383 1742 1454 apud
1788 1379 1972 1437 erudi-

400 1489 485 1535 tos
511 1480 557 1512 ⁸³
597 1498 611 1535 :
653 1479 850 1534 litteris
896 1493 1134 1547 namque
1163 1477 1519 1547 consignasse
1570 1473 1744 1528 fertur
1791 1471 1966 1524 Vitam

397 1569 714 1642 Nicephori,
747 1569 1074 1641 patriarchae
1124 1567 1259 1634 CP.,
1286 1567 1378 1637 qui
1438 1565 1628 1620 eodem
1667 1561 1868 1619 sacculo
1913 1577 1968 1615 IK

397 1664 620 1719 ineunte
668 1663 919 1718 floruisse
961 1659 1314 1730 comperitur.
1368 1657 1565 1727 Ecquas
1617 1671 1782 1726 porro
1833 1652 1968 1708 ﬁdes

396 1755 648 1826 scriptori
691 1755 818 1810 huic
848 1753 1178 1817 adhibenda,
1205 1751 1377 1820 quiet
1405 1749 1742 1804 laudatorem
1781 1745 1964 1817 potius

395 1863 561 1916 quam
619 1846 940 1900 historicum
988 1844 1120 1915 agit,
1167 1853 1220 1899 et
1269 1843 1358 1897 illa
1403 1857 1524 1912 quae
1586 1840 1770 1894 multis
1819 1847 1964 1893 retro

397 1938 611 1994 sacculis
657 1946 784 1994 ante
823 1938 996 2008 ipsius
1043 1952 1218 1992 aevum
1267 1936 1564 2006 contigere,
1606 1933 1767 1988 nobis
1797 1947 1963 1986 enar-

394 2028 518 2083 rat?
565 2026 752 2098 Neque
799 2037 884 2084 est
931 2030 1077 2098 quod
1147 2029 1271 2099 quis
1327 2036 1573 2098 reponat,
1631 2024 1960 2079 monachum

391 2118 557 2173 istum
590 2119 694 2172 sub
713 2118 1064 2174 Laudationis
1079 2134 1192 2174 suae
1216 2119 1376 2174 ﬁnem
1397 2117 1683 2172 tradidisse
1699 2116 1766 2182 ",
1790 2132 1962 2186 pauca

390 2209 490 2264 illa
520 2225 638 2280 qua:
658 2211 722 2263 de
754 2209 1020 2266 Barnaba:
1062 2212 1170 2266 vita
1214 2219 1265 2265 et
1305 2210 1561 2279 martyrio
1589 2208 1856 2278 perhibet,
1891 2208 1958 2261 ab

389 2311 605 2355 auctore
641 2299 974 2356 Stromatum
1027 2300 1292 2357 Clemente
1342 2301 1670 2371 aliorumque
1729 2308 1958 2354 veterum

389 2392 624 2466 scriptis,
652 2407 683 2447 a
731 2408 790 2448 se
818 2393 1046 2448 collecta
1077 2391 1247 2448 fuisse
1268 2402 1432 2463 atque
1470 2391 1739 2462 exposita.
1774 2388 1959 2460 Siqui-

387 2483 511 2537 dem
538 2483 592 2538 in
629 2493 884 2555 promptu
924 2485 1192 2540 habemus
1212 2500 1334 2554 qua:
1377 2484 1444 2540 de
1471 2483 1715 2537 Barnaba
1751 2479 1959 2551 profert

386 2571 640 2628 Clemens
667 2574 1099 2643 Alexandrinus;
1151 2591 1388 2645 quorum
1425 2584 1608 2630 tamen
1659 2573 1750 2627 vix
1781 2572 1954 2626 ullum

384 2664 675 2736 vestigium
699 2665 841 2736 apud
875 2667 1204 2721 monachum
1234 2667 1492 2737 Cyprium
1524 2666 1784 2736 reperias.
1808 2662 1955 2718 Reli-

385 2771 495 2826 qua
525 2771 653 2811 vero
693 2772 816 2826 qum
856 2756 946 2811 ille
992 2757 1106 2812 sive
1132 2773 1162 2812 a
1187 2756 1476 2812 Theodoro
1502 2755 1752 2822 Lectore,
1781 2754 1896 2810 sive
1923 2770 1954 2809 a

382 2842 508 2921 Nilo
537 2844 890 2922 Doxopatrio,
924 2847 1157 2918 aliisque
1197 2847 1336 2902 forte
1359 2847 1633 2916 sequioris
1675 2846 1773 2901 aevi
1817 2845 1954 2900 scri-

383 2939 635 3010 ptoribus
666 2940 990 3010 desumpsit,
1017 2941 1260 3007 sublesta
1297 2939 1462 2995 nimis
1510 2939 1614 2994 ﬁde
1660 2940 1949 3008 laborant;

381 3028 610 3104 perinde
642 3044 708 3085 ac
735 3029 824 3084 illa
852 3029 1114 3085 Barnabas
1161 3033 1366 3086 monita
1393 3028 1592 3085 Joanni
1624 3029 1806 3098 Marco
1835 3039 1953 3091 Ira-1

381 3118 518 3193 dita,
547 3134 670 3188 qua:
717 3135 862 3176 unus
893 3120 1122 3190 ipsemet
1149 3121 1454 3176 monachus
1481 3118 1800 3183 Laudationi
1832 3136 1946 3178 suae
1974 3143 2019 3202 ο

383 3207 614 3264 intexuit
646 3209 820 3288 gadeo
847 3219 906 3264 ut
928 3211 1132 3265 nullam
1167 3211 1393 3264 omnino
1418 3211 1526 3266 vim
1559 3211 1626 3266 ad
1659 3227 1946 3269 assensum

379 3299 814 3370 extorquendum
859 3300 1116 3368 habeant,
1139 3315 1261 3370 qua:
1306 3317 1336 3356 a
1367 3303 1730 3372 scriptoribus
1755 3303 1947 3360 istius-

379 3390 528 3446 modi
579 3391 950 3462 proferuntur.
976 3391 1224 3448 Graviter
1255 3395 1400 3448 enim
1439 3403 1495 3449 et
1530 3410 1656 3450 vere
1683 3395 1820 3450 dixit
1846 3394 1950 3449 Ba-

383 3482 573 3538 ronius
602 3491 810 3547 noster,
834 3484 919 3538 vir
966 3485 1243 3540 maximus
1271 3485 1317 3516 ⁸⁸
1349 3503 1362 3539 :
1390 3486 1544 3550 Quod
1583 3504 1616 3539 α
1662 3488 1948 3540 recentiore

376 3580 593 3626 auctore
630 3573 686 3626 in
729 3572 881 3626 rebus
930 3573 1163 3644 antiquis
1223 3575 1336 3628 sine
1386 3574 1614 3644 alicujus
1645 3576 1945 3630 retustioris

377 3661 697 3736 auctoritate
759 3663 1048 3733 profertur,
1115 3666 1487 3721 contemnitur.
1539 3665 1675 3720 Illud
1726 3681 1946 3736 quoque

377 3753 610 3834 accedit,
641 3754 847 3809 absona
895 3755 1155 3827 pleraque
1182 3771 1248 3812 ac
1276 3757 1414 3812 falsa
1463 3757 1518 3812 in
1547 3757 1792 3828 ejusdem
1825 3772 1944 3812 mo-

377 3846 538 3901 nachi
586 3844 925 3904 Laudatione
972 3863 1291 3916 occurrere;
1325 3864 1446 3920 quae
1485 3865 1616 3906 sane
1656 3850 1725 3904 ad
1772 3849 1943 3920 ipsius

375 3935 538 3990 ﬁdem
584 3935 989 3991 obtundendam
1028 3938 1457 4008 elevandamque
1508 3955 1618 3995 non
1650 3940 1938 3995 minimum

374 4027 593 4095 valeant
622 4045 636 4081 :
673 4042 780 4096 qua
809 4027 876 4082 de
907 4043 964 4082 re
1009 4027 1064 4083 in
1110 4031 1306 4100 primis
1335 4031 1656 4094 consulendi
1687 4032 1941 4089 laudatus

377 4117 648 4198 liaroniqus
681 4120 728 4171 '.‘
751 4134 815 4174 ac
845 4119 1224 4176 Tillcmontius
1251 4121 1318 4176 ⁸⁷.

445 4252 542 4310 llis
561 4271 692 4312 vero
710 4257 801 4313 vix
825 4258 952 4313 dum
979 4258 1053 4315 ita
1080 4260 1372 4326 enarratis,
1403 4259 1472 4314 ad
1497 4274 1693 4315 manus
1720 4270 1940 4319 nostras

372 4348 619 4417 pervenit
642 4349 744 4405 viri
785 4351 1031 4408 doctrina
1057 4362 1110 4409 et
1145 4353 1452 4408 eruditione
1476 4355 1788 4424 praestantis
1811 4370 1940 4425 per.

361 4440 644 4496 eruditum
695 4457 826 4498 sane
849 4443 1298 4498 Commentarium
1331 4446 1386 4500 in
1415 4455 1557 4500 vetus
1583 4462 1936 4503 marmoreum

368 4528 430 4587 S.
459 4530 832 4603 Neapolitana:
871 4535 1104 4590 ecclesia:
1147 4534 1554 4605 Kalendarium,
1583 4539 1675 4610 qui
1704 4540 1932 4595 Alexan-

367 4622 451 4676 dri
501 4624 756 4680 monachi
805 4639 1026 4681 causam
1085 4625 1480 4684 defendendam
1540 4631 1796 4700 suscepit,
1863 4631 1930 4686 il-

367 4713 588 4784 lumque
649 4715 849 4770 seculo
906 4731 959 4770 vI
1015 4716 1298 4774 desinente
1379 4718 1631 4776 ﬂoruisse
1704 4732 1929 4777 conten-

363 4804 446 4858 dit
481 4805 550 4858 ⁸⁸.
599 4804 858 4863 Dolemus
899 4808 1178 4864 enimvero
1225 4809 1401 4865 serius
1452 4811 1618 4883 nobis,
1658 4811 1929 4867 detectum

364 4911 524 4966 opus,
554 4912 665 4967 quo
708 4899 975 4955 hactenus
1001 4899 1145 4955 dicta
1179 4909 1460 4972 utcunque
1489 4903 1827 4972 temperandi
1849 4901 1930 4956 fa-

362 4989 540 5044 cultas
591 4989 714 5044 data
760 4999 925 5046 esset.
959 4992 1027 5046 At
1058 4992 1188 5047 illud
1236 4993 1428 5049 saltem
1479 4994 1728 5050 concedit
1769 4994 1834 5048 V.
1862 4992 1926 5062 C.

365 5079 512 5134 hunc
551 5083 878 5137 monachum
908 5081 1190 5154 Cyprium,
1232 5102 1252 5135 ε
1297 5099 1404 5139 non
1446 5085 1676 5140 multum
1707 5085 1927 5155 quidem

359 5169 569 5238 judicio
623 5171 883 5240 valuisse,
925 5188 1024 5229 nec
1059 5189 1187 5230 raro
1216 5174 1269 5229 in
1319 5175 1485 5246 paulo
1529 5175 1934 5246 antiquioribus,

365 5262 529 5326 rebus
553 5278 584 5338 a
606 5263 830 5328 veritate
852 5265 1168 5333 aberrasse;
1193 5266 1323 5347 quin
1350 5280 1404 5341 et
1431 5267 1710 5343 insulanas
1737 5281 1936 5336 narra—_

2086 541 2180 595 per
2219 540 2314 579 ora
2345 524 2592 587 traditas,
2618 533 2863 580 secutum
2894 537 3015 577 esse
3047 539 3061 574 :
3102 539 3120 572 ι
3160 530 3218 574 ut
3240 507 3520 591 propterea
3545 524 3647 576 mi-

2084 634 2188 673 nus
2242 617 2347 672 ﬁde
2375 617 2574 686 dignus
2620 615 2743 685 jure
2787 613 2945 669 nobis
2994 613 3262 681 videatur,
3306 613 3360 666 in
3410 612 3478 668 iis
3524 628 3647 684 quae

2081 706 2461 779 persequimur
2493 705 2900 776 investigandis.

2153 796 2362 866 Itaque,
2391 803 2451 850 ut
2495 795 2580 850 his
2605 794 2824 848 demum
2868 793 3100 850 certiora
3136 792 3504 864 solidioraque
3545 793 3645 850 ob-.

2076 889 2355 960 jiciamus,
2386 901 2508 956 qua:
2548 885 2974 957 adﬁsententiam
3029 898 3272 941 nostram
3304 886 3639 940 conﬁrmau-

2078 983 2202 1038 dam
2235 981 2458 1051 propius
2497 979 2800 1035 accedant:
2841 978 3079 1048 primum
3129 976 3347 1048 quidem
3398 993 3462 1030 ex
3510 992 3642 1046 apo-

2077 1073 2342 1128 stolorum
2365 1070 2516 1127 Actis
2543 1071 2588 1110 ’ν
2619 1070 2754 1124 satis
2779 1068 2967 1139 liquet,
3008 1067 3235 1123 Paulum
3265 1069 3404 1123 inter
3434 1078 3489 1124 et
3510 1067 3642 1122 Bar-

2076 1161 2271 1214 n‘aham
2325 1160 2660 1226 dissensum,
2689 1168 2815 1229 post
2842 1175 3012 1213 unum
3047 1159 3348 1215 alterumve
3395 1175 3637 1215 mensem

2074 1267 2102 1305 a
2130 1261 2322 1306 coacto
2353 1250 2846 1323 Hierosolymitano
2891 1251 3125 1306 concilio
3154 1251 3438 1307 accidisse.
3477 1252 3639 1306 Auno

2074 1350 2257 1396 autem
2313 1341 2648 1412 Dionysiano
2690 1342 2752 1396 5i
2810 1340 3055 1395 habitum
3113 1340 3283 1396 fuisse
3342 1342 3635 1396 concilium

2072 1433 2224 1499 illud,
2243 1442 2356 1488 rata
2377 1442 2460 1489 est
2485 1433 2844 1488 celebriorum
2871 1433 3326 1503 chronologorum
3352 1433 3536 1502 opinio
3549 1432 3631 1488 ’σε

2071 1524 2315 1595 adeoque
2342 1525 2446 1581 hoc
2494 1525 2616 1596 ipso
2647 1540 2813 1589 anno,
2852 1525 2968 1581 sive
3013 1534 3073 1581 ut
3102 1525 3340 1580 maxime
3392 1525 3495 1581 sub
3523 1525 3633 1580 ini-

2071 1617 2205 1670 tium
2268 1617 2606 1686 iuscquentis
2657 1617 2726 1672 52
2768 1617 3029 1672 Barnaba:
3080 1633 3110 1672 a
3151 1616 3322 1672 Paulo
3369 1617 3634 1673 discessio

2067 1708 2366 1777 contigisse
2389 1708 2621 1763 videtur.
2654 1707 2773 1762 Jam
2815 1723 2946 1763 vero
2976 1718 3212 1778 quatuor
3251 1717 3346 1763 aut
3392 1709 3633 1780 quinque

1999 1791 2042 1851 Β
2069 1807 2192 1868 post
2218 1813 2394 1854 annos
2418 1799 2486 1854 ab
2517 1813 2583 1854 eo
2603 1798 2859 1864 divortio,
2889 1809 3181 1870 utrumque
3208 1799 3402 1856 iterum
3432 1817 3632 1858 conve-

2066 1891 2235 1955 nisse,
2266 1889 2410 1944 haud
2434 1889 2685 1958 obscure,
2718 1907 2838 1946 meo
2877 1891 3098 1961 quidem
3142 1891 3347 1958 animo,
3381 1905 3412 1946 e
3450 1892 3631 1962 priore

2065 1979 2132 2032 ad
2165 1977 2476 2033 Corinthios
2508 1978 2748 2049 Epistola
2791 1979 3068 2052 colligitur
3096 1980 3162 2035 “.
3187 1978 3262 2035 lbi
3311 1982 3454 2036 enim
3489 1981 3628 2038 Bar-

2064 2072 2220 2126 naba:
2245 2072 2395 2127 velut
2425 2073 2560 2128 socii
2604 2073 2854 2128 ﬁdissimi
2901 2073 3150 2128 meminit
3201 2074 3493 2144 Apostolus
3539 2074 3628 2130 his

2061 2165 2243 2220 verbis
2272 2184 2286 2220 :
2318 2164 2572 2236 Nunquid
2617 2183 2719 2220 non
2747 2165 2991 2220 habemus
3018 2175 3330 2234 potestatem
3353 2165 3625 2220 mulierem

2061 2273 2291 2310 sororem
2328 2257 2775 2322 circumducendi,
2807 2258 2944 2311 sicut
2992 2266 3040 2311 et
3073 2257 3248 2310 caeteri
3294 2257 3541 2326 apostoli,
3571 2265 3626 2310 et

2062 2347 2253 2415 fratres
2283 2345 2519 2409 Domini,
2551 2356 2602 2400 et
2639 2344 2879 2415 Cephas?
2900 2345 3007 2400 Aut
3037 2361 3130 2415 ego
3160 2345 3301 2398 solus
3329 2353 3376 2398 et
3407 2343 3621 2398 Barna-

2060 2443 2152 2496 bas
2195 2458 2297 2494 non
2344 2441 2592 2496 habemus
2633 2449 2941 2510 potestatem
2975 2440 3072 2492 hoc
3100 2439 3393 2508 operandi?
3435 2437 3623 2492 Enim-

2056 2548 2208 2599 vero,
2238 2542 2334 2588 aut
2365 2548 2466 2603 ego
2495 2532 2730 2587 maxime
2775 2531 2953 2597 fallor,
3000 2540 3093 2586 aut
3136 2530 3415 2586 Barnabas
3449 2529 3622 2586 Paulo

2056 2625 2384 2691 adhaerebat,
2431 2625 2559 2679 dum
2608 2624 2675 2678 de
2725 2639 2791 2679 eo
2835 2623 2949 2677 base
2984 2622 3254 2677 scribebat
3301 2621 3616 2691 Apostolus.

2054 2714 2213 2770 Prior
2237 2724 2417 2770 autem
2447 2715 2514 2768 ad
2563 2713 2879 2769 Corinthios
2922 2711 3162 2781 Epistola
3195 2728 3340 2768 anno
3369 2712 3436 2767 56
3467 2712 3616 2768 desi-

2054 2817 2216 2862 neute
2237 2808 2305 2874 ",
2322 2807 2408 2862 vel
2428 2807 2497 2861 57
2531 2806 2750 2860 ineunte
2779 2805 2846 2870 ⁸³,
2874 2803 3074 2873 scripta
3103 2802 3441 2874 perhibetur.
3461 2801 3618 2859 Unde

2053 2914 2286 2969 pronum
2335 2908 2419 2953 est
2465 2911 2697 2967 arguere
2744 2895 3072 2961 Barnabam,
3126 2904 3412 2963 postquam
3474 2908 3536 2949 se
3581 2909 3615 2950 a

2051 2985 2220 3050 Paulo
2251 2987 2586 3056 sejunxerat,
2621 3000 2766 3040 anno
2797 2986 2886 3050 5|,
2929 2984 3042 3055 jam
3087 2984 3210 3039 inde
3238 2993 3360 3053 post
3379 2993 3615 3055 quatuor

2053 3078 2133 3131 vel
2157 3077 2398 3148 quinque
2428 3091 2694 3131 annorum
2737 3075 2992 3144 spatium,
3018 3084 3079 3128 ut
3102 3075 3264 3128 modo
3310 3074 3612 3139 innuimus,

2051 3169 2107 3226 in
2134 3168 2256 3238 ejus
2280 3168 2499 3223 demum
2529 3167 2842 3222 societatem
2887 3165 3117 3220 rediisse
3147 3183 3162 3220 :
3195 3174 3255 3219 ut
3281 3165 3511 3235 proinde
3532 3164 3613 3219 nil

2048 3259 2271 3324 mirum,
2312 3257 2360 3314 si
2402 3255 2629 3311 Joannis
2658 3254 2824 3310 Marci
2858 3253 3119 3309 Barnabas
3147 3255 3462 3310 consobrini
3493 3271 3613 3310 me-

2047 3348 2266 3405 minerit
2293 3347 2584 3418 Apostolus
2615 3362 2759 3402 anno
2788 3345 2878 3412 62,
2907 3346 3037 3401 dum
3067 3346 3134 3401 ad
3185 3345 3540 3402 Colossenses
3559 3355 3615 3402 et

2047 3439 2112 3495 ad
2145 3438 2515 3493 Philemonem
2549 3436 2843 3503 scriberet;
2885 3435 3173 3505 ipsumque
3220 3434 3275 3488 in
3309 3435 3502 3504 primis
3527 3450 3612 3490 re-

2045 3538 2265 3586 censeat
2304 3543 2449 3584 anno
2499 3527 2590 3590 67,
2637 3543 2746 3597 quo
2795 3527 3090 3583 secundam
3142 3526 3209 3581 ad
3261 3525 3610 3581 Timotheum

2045 3622 2266 3690 scripsit
2313 3619 2632 3690 Epistolam,
2680 3619 2820 3673 inter
2845 3633 2940 3672 eos
2971 3619 3152 3673 socios
3192 3633 3223 3673 e
3261 3617 3460 3687 quibus
3505 3617 3610 3678 sibi

2043 3711 2426 3767 assistentibus
2460 3718 2822 3780 Opportunum
2854 3708 2908 3763 in
2936 3708 3052 3764 suis
3081 3709 3310 3774 vinculis
3348 3709 3606 3765 solatium

2045 3803 2231 3858 Roma:
2257 3802 2544 3871 reciperet.

2111 3893 2297 3965 Neque
2319 3903 2529 3949 tantum
2560 3893 2842 3950 desinente
2868 3907 3014 3948 anno
3058 3891 3150 3960 56,
3183 3891 3276 3947 sed
3312 3891 3478 3947 etiam
3503 3893 3611 3948 sub.

2041 3987 2321 4058 sequentis
2367 3986 2437 4042 57
2489 3985 2651 4041 ﬁnem
2703 3985 2785 4041 vel
2830 3984 3064 4039 fortasse
3116 3983 3338 4038 ineunte
3373 3985 3462 4051 58,
3495 4001 3608 4055 quo

2041 4088 2286 4150 tempore
2332 4078 2603 4148 posterior
2637 4076 2896 4145 inscripta
2927 4074 3027 4130 fuit
3058 4074 3360 4130 Corinthiis
3387 4074 3606 4145 Episto-

2040 4171 2090 4227 la
2148 4171 2216 4237 “,
2249 4171 2413 4226 vitam
2459 4170 2638 4225 adhuc
2679 4167 2852 4237 egisse
2904 4165 3230 4233 Barnabam,
3275 4176 3606 4222 censuerunt

2040 4264 2288 4319 nonnulli
2333 4260 2692 4319 ecclesiastici
2747 4258 3044 4327 scriptores
3097 4256 3308 4313 Joanne
3357 4259 3599 4329 Chryso-

2037 4367 2219 4413 stomo
2244 4355 2604 4426 antiquiores.
2631 4351 2708 4404 Ad
2738 4351 2829 4404 illa
2857 4349 2999 4405 enim
3024 4349 3267 4419 Apostoli
3297 4351 3463 4405 verba
3494 4351 3544 4384 ³³
3579 4369 3595 4404 :

2040 4447 2287 4501 Misimus
2329 4446 2488 4500 etiam
2526 4458 2644 4496 cum
2672 4440 2767 4494 illo
2814 4441 3056 4509 fratrem,
3102 4439 3254 4507 cujus
3290 4439 3408 4494 laus
3438 4450 3515 4495 est
3547 4442 3603 4496 in

2040 4537 2326 4608 Evangelia
2349 4551 2441 4606 per
2462 4549 2636 4588 omnes
2651 4529 2937 4597 Ecclesias,
2977 4531 3090 4584 haec
3112 4529 3337 4585 adnotat
3357 4531 3600 4600 Chrysoo

2036 4642 2247 4687 stomus
2282 4628 2369 4682 “:
2435 4624 2546 4678 Kal.
2583 4623 2668 4686 τίς
2719 4616 2873 4686 οὗτός
2918 4624 3064 4675 ἐστιν
3094 4624 3122 4676 ὁ
3153 4622 3412 4691 ἁδελφός;
3443 4621 3600 4686 Τινὲς

2040 4724 2138 4794 μὲν
2167 4721 2258 4774 τὸν
2289 4718 2521 4774 Δουκᾶνο
2557 4716 2651 4770 καί
2691 4732 2822 4786 φασι
2869 4715 2956 4770 διὰ
3001 4714 3099 4786 τὴν
3142 4714 3379 4783 ἱστορίαν
3423 4715 3599 4786 ἥνπερ

2034 4811 2255 4885 ἔγραψε.
2297 4809 2453 4873 Τινὲς
2496 4807 2554 4862 δὲ
2601 4807 2692 4861 τὸν
2737 4807 3038 4878 Βαρνάϐαν·
3094 4805 3186 4858 καὶ
3238 4804 3349 4877 γὰρ
3397 4805 3490 4859 καὶ
3538 4805 3598 4858 τδ

2035 4904 2280 4974 ἄγραφον
2331 4903 2590 4973 κήρυγμα
2628 4896 2954 4967 Εὐαγγέλιον
3021 4895 3188 4950 καλεῖ.
3251 4895 3316 4948 Et
3356 4896 3595 4966 quisnam

2034 5004 2110 5046 est
2148 4992 2234 5044 hic
2281 4991 2493 5060 frater?
2529 4987 2787 5043 Nonnulli
2814 4986 3019 5056 quidem
3051 4986 3132 5039 his
3175 4985 3344 5039 verbis
3395 4984 3594 5039 Lucam

2033 5084 2327 5155 signiﬁcari
2373 5092 2609 5153 putant:
2643 5092 2799 5151 atque
2843 5081 2936 5133 hoc
2995 5079 3177 5132 dicunt
3226 5089 3440 5149 propter
3478 5094 3593 5134 eam

2035 5172 2312 5225 historiam
2346 5187 2505 5241 quam
2549 5169 2742 5223 litteris
2771 5167 3060 5222 mandavit.
3090 5167 3200 5221 Alii
3241 5185 3360 5222 vero
3381 5169 3590 5222 Barna-

2036 5261 2153 5336 bam
2183 5276 2201 5314 :
2228 5262 2418 5316 etenim
2459 5261 2888 5330 prwdicationem
2928 5275 3128 5329 quoque
3175 5276 3280 5313 nou
3318 5261 3589 5329 scriptam,

437 5445 489 5516 e
512 5442 753 5516 Fabric.,
786 5443 940 5516 Bibl.
962 5443 1086 5516 σγ..
1110 5453 1243 5501 tom.
1275 5443 1348 5516 Χ,
1371 5458 1504 5516 ρος..
1525 5440 1660 5516 475.
1679 5443 1724 5516 ξι
1747 5443 1902 5516 stes.
1929 5444 1954 5497 i

2060 5484 2098 5506 .,
2125 5443 2267 5516 apud
2292 5442 2907 5516 _Biulland.rl.4cunam.
2945 5441 3000 5506 8,
3031 5457 3082 5516 ρ.
3115 5440 3238 5495 458.
3282 5442 3326 5516 ’ξ’
3356 5439 3586 5516 Βεδτοη..

363 5514 644 5584 przelocut.
664 5513 732 5584 ad
750 5514 960 5584 Annal.
979 5515 1130 5579 eccl.,
1157 5524 1288 5584 tom.
1320 5510 1416 5583 l,'§
1444 5510 1615 5584 13:“
1641 5512 1742 5580 Id.,
1772 5513 2008 5579 ibid.,ad
2042 5531 2131 5569 an.
2154 5510 2254 5573 r51.
2287 5514 2401 5584 §55
2428 5522 2480 5584 et
2509 5514 2656 5567 alibi.
2696 5510 3178 5584 “Tallemaﬁdlem.
3199 5511 3504 5584 eccl.,_t_om.
3544 5511 3584 5576 Ι,

363 5599 488 5654 pag.
513 5582 776 5654 412,655
799 5593 854 5639 et
886 5600 1039 5654 seqq.

365 5651 704 5723 Mcm._eccl.,
735 5663 868 5723 tom.
908 5651 1096 5723 l,pag.
1126 5655 1254 5708 545.
1330 5656 1372 5686 ’ί
1406 5653 1425 5706 1
1463 5653 1588 5708 Cor.
1625 5668 1702 5716 Ix,
1729 5655 1782 5718 5,
1815 5654 1868 5723 6.
1945 5657 1992 5687 ⁸³
2036 5651 2405 5723 Tillein.,l.c.
2428 5692 2442 5715 ,
2483 5669 2516 5722 p

1144 5586 1189 5615 ⁸⁸
1225 5571 1492 5648 Μειῑὸὲιιη
1517 5571 1832 5646 Comment,
1858 5571 1966 5638 vol.
2001 5584 2062 5646 ΙΙ,
2096 5600 2216 5653 pag.
2245 5571 2501 5639 555-557.
2542 5584 2586 5615 ⁸³
2625 5584 2742 5636 Act.
2769 5598 2870 5653 xv,_
2895 5571 3106 5653 50436.,
3127 5581 3172 5612 ⁹⁰
3200 5571 3584 5653 V_id._"l‘ill_em.,

2522 5691 2534 5704 .
2567 5653 2687 5708 565.
2767 5654 2814 5687 ’³
2843 5650 3027 5706 Pcars.
3074 5650 3268 5704 Annal.
3311 5648 3496 5718 Paul.,
3528 5666 3581 5718 p.

363 5723 452 5784 iii;
496 5719 655 5794 Ilill.,_
682 5717 991 5794 Prolegoru.:
1009 5717 1077 5776 ad
1113 5724 1183 5794 Ν.
1211 5723 1272 5777 Τ.
1291 5763 1319 5794 ,ί
1338 5724 1364 5794 ς
1385 5725 1437 5779 9.
1515 5723 1564 5757 “
1590 5717 1828 5794 Tillem.,
1853 5722 1954 5778 Pea

2087 5733 2141 5780 et
2168 5717 2296 5780 Mill.
2323 5717 2574 5794 luciscit.
2652 5726 2697 5756 ’⁸
2723 5720 2764 5775 11
2803 5721 2928 5777 Cor.
2953 5737 3082 5794 vtu,
3124 5718 3207 5773 18.
3287 5721 3328 5753 ⁸⁸
3358 5717 3581 5789 ωαψς..

363 5793 513 5850 ltum.
556 5790 612 5856 8,
640 5792 693 5844 in
724 5789 896 5862 Epist.
931 5791 992 5848 ll
1025 5795 1093 5849 ad
1127 5793 1274 5864 Cor.,
1301 5789 1408 5866 δῖ,
1442 5794 1579 5866 Opp.
1607 5793 1826 5862 tom.X,
1848 5810 1970 5870 pag.
1992 5794 2113 5852 56-h.
2243 5805 2246 5807 λ
2343 5789 2347 5805 ’
