4066 6140
456 346 561 403 697

1781 324 2308 385 PRULEGOMENA.

3583 317 3686 375 698

459 459 798 533 Erangetium
833 458 1118 523 nuncupat.
1174 451 1330 509 Unde
1389 451 1574 507 videas
1621 450 2014 522 Chrysostomo
2042 449 2090 506 A
2117 454 2222 502 stet
2247 442 2572 509 Barnabam,
2603 439 2859 533 adeoque
2879 436 3142 533 Joannem
3177 435 3434 533 EMarcum
3463 449 3685 533 ‘conso-

458 553 586 608 item
610 547 828 620 probari
845 561 1034 602 eorum
1058 551 1298 601 veterum
1326 542 1650 612 scriptorum
1669 540 2016 604 sententiam,

455 643 549 714 qui
574 639 818 710 Apostoli
847 638 1011 693 verba
1044 637 1111 692 de
1141 635 1389 690 Barnaba
1415 634 1633 690 fuerunt
1656 631 2014 702 interpretati.

456 736 659 792 Verum
721 729 1062 801 apertissime
1102 727 1468 782 Theodoritns
1520 727 1574 780 in
1632 723 1886 778 eumdem
1936 722 2017 776 lo-

453 842 580 884 Cnm
611 826 655 858 "
683 843 697 880 :
729 824 832 878 Τὸν
878 820 1277 895 τρισμακάριον
1324 815 1606 888 Βαρνάϐαν
1639 813 1711 868 τὰ
1755 813 2017 885 εἰρημένα

452 915 863 992 χαρακτηρίζει.
905 913 1075 976 Αὐτὸς
1105 911 1214 982 γὰρ
1255 910 1352 964 καὶ
1391 911 1448 963 ὲν
1485 907 1782 978 Ἀντιοχείᾳ
1805 906 1902 960 σὺν
1938 905 2016 976 τῷ

457 1007 708 1083 μακαρίῳ
769 1007 984 1078 Παύλῳ,
1039 1006 1141 1077 τῆς
1195 1003 1524 1078 χειροτονίας
1578 1002 1864 1071 τετύχηκε,
1919 998 2015 1054 τοῦ

454 1100 598 1154 θείου
628 1099 944 1169 Πνεύματος
975 1097 1273 1169 εἰρηκότος·
1322 1095 1661 1164 Ἀφορίσατε
1683 1093 1757 1159 δή
1785 1108 1887 1161 μοι
1910 1090 2016 1144 τὸν

450 1191 765 1262 Βαρνάϐαν
808 1191 906 1246 καὶ
931 1191 1038 1246 τὸν
1060 1192 1316 1254 Σαῦλον,
1337 1195 1425 1256 εἰς
1455 1181 1520 1242 τό
1547 1191 1722 1258 ἔργον
1751 1187 1782 1241 ὃ
1828 1201 2014 1255 προσ-

452 1281 741 1352 κέκλημαι
762 1282 1002 1348 αὐτούς.
1027 1281 1155 1335 "are
1187 1280 1340 1335 verba
1360 1280 1634 1349 designant
1657 1278 2014 1332 beatissimum

450 1373 776 1429 Barnabam.
808 1373 928 1445 Ipse
956 1391 1179 1445 namque
1199 1375 1492 1428 Antiochia’
1519 1389 1634 1427 cum
1665 1371 1814 1426 beato
1839 1369 2014 1424 Paulo

448 1467 725 1520 ordinatus
760 1475 858 1533 est,
911 1465 1113 1520 dicente
1149 1466 1326 1520 divino
1379 1464 1584 1534 Spiritu
1616 1480 1635 1517 :
1673 1484 1691 1515 ι
1735 1463 2014 1535 Segregate

444 1558 576 1611 mihi
606 1555 913 1612 Barnabam
947 1567 997 1612 et
1028 1557 1272 1623 Sardum,
1309 1557 1378 1610 ad
1408 1573 1535 1626 opus
1580 1556 1649 1610 ad
1671 1557 1810 1627 quod
1833 1555 2011 1609 vocavi

445 1665 554 1704 eos.
597 1665 616 1700 ι
651 1647 834 1718 Neque
859 1647 1006 1702 aliud
1036 1663 1168 1704 sane
1195 1648 1423 1703 suadere
1467 1647 1680 1701 videtur
1723 1654 2012 1701 contextus

445 1737 728 1794 Paulinus.
761 1737 1039 1808 Siquidem
1071 1738 1250 1794 verbis
1274 1736 1438 1794 modo
1467 1738 1710 1793 recitatis
1730 1738 1794 1790 de
1817 1738 2006 1807 fratre,

444 1825 596 1898 cujus
643 1827 763 1882 laus
822 1837 900 1882 est
930 1831 986 1882 in
1034 1827 1320 1898 Evangelia
1361 1845 1453 1898 per
1483 1845 1660 1882 omnes
1716 1827 2004 1892 Ecclesiae,

442 1918 628 1976 subdit
655 1917 842 1973 statim
873 1917 1166 1988 Apostolus
1199 1937 1212 1973 :
1239 1917 1362 1972 Non
1398 1917 1570 1972 solum
1605 1926 1801 1982 autem,
1832 1917 1924 1972 sed
1955 1927 2005 1972 et

441 2015 721 2069 ordinatus
762 2023 838 2069 est
888 2031 1056 2069 comes
1106 2014 1542 2085 peregrinationis
1603 2025 1818 2069 nostrae.
1869 2012 2005 2081 Quis

439 2121 604 2177 porro
627 2099 812 2162 comes
826 2106 968 2162 iste?
989 2105 1105 2161 Non
1126 2105 1321 2174 Lucas,
1340 2123 1447 2160 non
1475 2106 1638 2170 Silas,
1655 2123 1767 2177 non
1790 2107 2002 2177 Apollo,

440 2213 551 2254 non
580 2196 819 2255 Joannes
846 2197 1081 2265 Marcus,
1111 2207 1171 2254 ut
1210 2199 1456 2253 nonnulli
1497 2176 1708 2254 veteres
1734 2206 1789 2253 et
1817 2213 2004 2253 recen-

437 2291 608 2345 tiores
643 2299 1011 2358 censuerunt;
1047 2290 1141 2346 sed
1183 2290 1334 2347 solus
1378 2289 1674 2343 Barnabas.
1727 2286 1826 2342 ilic
1854 2287 2002 2342 enim

437 2394 582 2435 unus
609 2379 806 2451 legitur
819 2380 1214 2452 χειροτονηθεὶς
1237 2377 1760 2452 συνέκδημοςήμῶν,
1785 2376 2001 2432 utPau-

433 2471 525 2527 ius
577 2471 780 2528 ibidem
831 2472 1106 2544 loquitur;
1150 2471 1219 2527 ad
1242 2472 1334 2527 illa
1381 2472 1573 2542 procul
1624 2471 1792 2527 dubio
1829 2468 2003 2539 respi-

433 2563 609 2630 ciens,
663 2578 787 2632 qua:
821 2562 890 2618 de
946 2578 1006 2617 se
1045 2562 1164 2633 ipso
1210 2570 1275 2617 et.
1315 2561 1561 2616 Barnaba
1611 2561 1901 2616 traduntur
1945 2559 2010 2614 in

432 2655 584 2711 Actis
613 2655 660 2688 "
680 2673 695 2710 ε
715 2653 826 2709 Καὶ
843 2654 1140 2720 ἐπιθέντες
1166 2657 1274 2717 τὰς
1301 2655 1499 2723 χεῖρας
1527 2652 1751 2719 αὐτοῖς,
1777 2651 1999 2707 ἀπέλυι

434 2763 589 2811 σαν,
615 2746 758 2816 quod
791 2746 1040 2816 nuspiam
1069 2747 1135 2801 de
1163 2747 1286 2801 aliis
1320 2760 1576 2815 expresse
1602 2745 1854 2816 legimus.

505 2836 647 2904 Quid
677 2837 821 2907 quod
849 2837 990 2892 idem
1045 2836 1104 2892 S.
1146 2835 1388 2892 Joannes
1417 2835 1840 2906 Chrysostomns
1869 2851 1998 2891 cen-

2120 534 2338 592 brinum
2390 549 2575 599 suum,
2631 540 2756 602 post
2809 529 3206 585 discessionem
3263 542 3294 582 a
3344 525 3517 581 Paulo
3565 541 3689 595 qua!

2117 646 2263 686 anno
2302 629 2364 684 51
2400 627 2696 698 contigisse
2755 623 2951 678 merito
3004 623 3374 687 existimatur,
3422 621 3687 691 Apostolo

2118 723 2312 778 iterum
2341 721 2452 792 jam
2497 717 2792 774 adhaesisse
2820 731 2964 769 anno
2987 715 3075 780 56,
3107 715 3239 784 quin
3267 721 3322 768 et
3345 714 3398 766 iu
3427 713 3565 769 vivis
3592 713 3662 767 ad

2117 816 2224 870 huc
2249 815 2425 886 egisse
2454 827 2600 867 anno
2628 820 2740 865 tum
2764 810 2856 874 58,
2883 819 2995 864 tum
3027 805 3116 872 62,
3149 822 3324 876 neque
3351 809 3560 876 uspiam
3591 823 3688 875 ap-

2116 913 2327 976 pareat,
2382 904 2562 973 ipsum
2611 910 2739 956 ante
2797 897 3354 969 Hierosolymitanum
3409 898 3684 954 excidium

2116 1010 2430 1066 supremum
2487 994 2628 1048 diem
2671 993 2918 1054 obiisse:
2956 1001 3012 1046 ut
3057 991 3286 1060 proinde
3322 990 3457 1043 nihil
3505 992 3687 1044 obstet

2114 1101 2226 1156 quo
2248 1085 2430 1140 minus
2460 1091 2584 1153 post
2610 1097 2814 1137 annum
2859 1080 2946 1146 70,
2973 1096 3083 1150 quo
3117 1079 3440 1151 πανολεορία
3470 1080 3560 1134 illa
3590 1080 3684 1134 Ju-

2114 1177 2268 1232 daica
2299 1175 2548 1245 contigit,
2595 1175 2714 1244 ejus
2745 1174 2797 1227 in
2831 1173 3075 1242 Epistula
3106 1188 3205 1228 sua
3243 1173 3559 1228 meminisse
3589 1188 3687 1226 au-

2115 1280 2235 1327 ctor
2273 1270 2532 1342 potuerit.
2571 1270 2774 1325 Verum
2815 1269 2918 1323 hac
2944 1267 3013 1322 de
3050 1284 3109 1322 re
3156 1266 3496 1321 Mazochium
3523 1267 3586 1321 V.
3619 1266 3681 1321 C.

2115 1361 2267 1418 adire
2292 1368 2515 1432 praestat
2537 1362 2558 1392 ²
2578 1400 2594 1427 ,
2633 1360 2728 1430 qui
2757 1375 2824 1415 ex
2873 1359 3025 1414 Actis
3053 1356 3251 1412 Joanni
3291 1357 3473 1412 Marco
3510 1356 3687 1411 tribu-

2113 1455 2185 1510 tis
2240 1453 2462 1524 copiose
2517 1453 2652 1508 satis
2701 1467 2766 1508 ac
2813 1451 3024 1506 erudite
3072 1449 3140 1504 de
3200 1465 3346 1503 anno
3395 1446 3685 1503 emortuali

2115 1544 2173 1600 S.
2206 1544 2470 1598 Barnabas
2522 1558 2710 1614 agens,
2760 1542 2940 1613 ipsum
2993 1555 3140 1595 anno
3170 1539 3238 1594 76
3267 1539 3474 1595 Christi
3523 1540 3682 1595 fidem

2112 1650 2216 1692 suo
2254 1635 2523 1703 sanguine
2568 1635 2947 1705 consignasse,
3005 1631 3164 1702 longe
3208 1632 3504 1688 verisimile
3554 1647 3683 1688 cen-

2111 1734 2215 1782 set.

2722 1817 2951 1874 CAPUT
2982 1817 3073 1873 Π.

2211 1933 2440 2000 Quantae
2465 1934 2536 1988 sit
2563 1935 2926 1998 auctoritatis,
2943 1942 2994 1987 et
3018 1933 3205 2004 quanti
3236 1933 3573 1988 aestimanda.

2175 2023 2296 2080 Jam
2331 2040 2482 2092 vero,
2512 2034 2573 2080 ut
2603 2033 2824 2096 quanta)
2857 2025 2929 2080 sit
2957 2024 3302 2080 auctoritatis
3333 2025 3522 2080 cadent
3552 2023 3682 2096 Epi-

2105 2117 2270 2184 stola,
2293 2116 2510 2171 demum
2538 2114 2924 2184 dispiciamus;
2978 2115 3124 2169 illam
3176 2116 3401 2170 maximi
3437 2131 3560 2171 esse
3602 2115 3682 2170 fa-

2103 2206 2353 2262 ciendam
2387 2205 2624 2275 quisque
2665 2205 2788 2275 iure
2825 2203 3106 2271 fatebitur,
3139 2215 3252 2259 tum
3287 2220 3386 2274 pro
3419 2205 3682 2275 dignitate

2103 2304 2268 2369 atque
2309 2297 2714 2354 existimatione
2765 2315 2929 2370 quam
2975 2299 3106 2354 olim
3167 2300 3312 2368 apud
3365 2299 3678 2356 vetustissi-

2101 2405 2223 2446 mos
2251 2389 2661 2446 ecclesiasticos
2703 2391 2998 2460 scriptores
3039 2391 3297 2456 obtinuit,
3338 2400 3450 2445 tum
3480 2390 3532 2444 in
3563 2390 3680 2461 pri-

2101 2482 2208 2537 ntis
2245 2497 2344 2551 pro
2385 2481 2531 2536 illius
2552 2482 2726 2551 pretio
2749 2498 2813 2538 ac
2839 2483 3071 2538 utilitate
3097 2499 3262 2553 quam
3293 2497 3356 2538 ex
3383 2497 3448 2538 ea
3479 2482 3532 2536 in
3571 2480 3678 2536 Ec»

2101 2570 2322 2626 elesiam
2353 2572 2603 2627 derivare
2636 2583 2974 2642 compertum
3016 2587 3118 2629 est.
3156 2592 3174 2625 ι
3221 2573 3286 2628 Et
3314 2590 3467 2636 sane,
3495 2572 3679 2628 verbis

2102 2671 2224 2717 utor
2246 2662 2498 2717 Daclterii
2541 2660 2606 2716 V.
2655 2662 2718 2717 C.
2768 2663 2809 2729 ³,
2849 2679 3162 2732 quanquam
3205 2663 3501 2732 Epistulam
3537 2663 3680 2716 hanc

2099 2768 2200 2823 pro
2250 2753 2513 2808 canonica
2563 2763 2617 2808 et
2663 2764 2816 2809 extra
2850 2756 3206 2811 dubitandam
3245 2757 3402 2811 ﬁdem
3439 2753 3678 2824 legitima

2098 2844 2324 2900 minime
2381 2843 2754 2914 proferamus;
2799 2847 2997 2917 stylum
3055 2857 3237 2901 tamen
3287 2861 3345 2901 re
3382 2861 3508 2900 vera
3557 2862 3681 2900 ma-

428 2929 614 2994 misse
639 2929 1202 3006 quoque-rideturhut
1232 2929 1352 2983 viro
1399 2929 1614 2984 erudito
1651 2936 1896 2983 notatum
1927 2931 1995 2996 θ’,
2094 2932 2307 3003 jestatis
2330 2934 2646 3004 apostolica:
2679 2935 2927 3006 dignum,
2967 2937 3364 3006 materiamque
3398 2935 3678 2992 nascentis

429 3027 730 3083 Barnabam
779 3025 1125 3096 superstitem
1174 3023 1352 3078 adimo
1384 3020 1577 3086 fuisse,
1619 3021 1748 3076 dum
1793 3019 1860 3075 ad
1888 3019 1997 3075 CO-
2100 3025 2356 3083 Ecclesiaa
2404 3027 2570 3083 rebus
2629 3030 3098 3083 accommodatam
3153 3043 3261 3082 non
3304 3028 3466 3083 modo
3513 3029 3675 3098 sapit,

429 3119 704 3174 lossenses
727 3117 1020 3187 Apostolus
1049 3116 1330 3170 scriberet.
1359 3113 1520 3169 lnilla
1540 3115 1684 3170 enim
1704 3114 1868 3170 verba
1890 3113 1994 3169 "’2
2023 3111 2066 3172 ϐ
2099 3120 2194 3176 sed
2217 3119 2414 3190 ingerit
2431 3118 2595 3174 etiam
2621 3119 3068 3175 clementioribus
3105 3121 3368 3175 lectorum
3406 3119 3632 3188 indiciis
3657 3135 3673 3175 :

426 3207 642 3265 Salutat
697 3226 850 3264 vos...
903 3208 1117 3262 Marcus
1164 3207 1506 3261 consobrinus
1551 3206 1834 3273 Barnabw,
1881 3207 1996 3263 haec

2104 3213 2168 3267 ita
2201 3221 2279 3280 ttt,
2330 3211 2376 3266 si
2417 3211 2672 3283 πορφύρα
2718 3211 2867 3283 παρὰ
2912 3212 3010 3282 τὴν
3051 3212 3335 3283 πορφύραν
3375 3211 3673 3283 διακριτια,

425 3301 593 3356 habet
625 3300 684 3355 S.
721 3301 914 3356 doctor
937 3300 990 3356 ‘:
1022 3300 1130 3352 Καὶ
1149 3298 1335 3352 τοῦτον
1356 3298 1688 3370 ἐνεκωμίασε
1721 3300 1858 3363 τέως
1889 3299 1996 3353 ἀπὸ

423 3394 524 3464 τῆς
561 3391 894 3462 συγγενείας·
953 3391 1124 3462 μέγας
1176 3391 1285 3462 γὰρ
1314 3385 1383 3460 ἦν
1438 3390 1577 3462 ἀνὴρ
1622 3393 1651 3445 ὁ
1693 3391 1990 3463 Βαρνάϐας.

424 3481 566 3551 Περὶ
594 3482 666 3537 οὗ
711 3481 952 3536 ἐλάϐετε
985 3483 1256 3548 ἐντολὰς,
1283 3483 1390 3536 ἐὰν
1429 3484 1577 3552 ἔλθῃ
1610 3483 1761 3551 πρὸς
1817 3481 1992 3554 ὑμᾶς,

424 3573 682 3650 δέξασθε
735 3576 939 3630 αὐτόν.
983 3574 1048 3628 Ti
1080 3574 1225 3646 τάρς
1255 3574 1355 3628 οὐκ
1407 3575 1651 3645 ἐδέχοντο
1681 3577 1773 3629 καὶ
1826 3577 1995 3647 χωρὶς

422 3664 650 3731 τούτους
683 3662 791 3719 ναί·
825 3663 958 3718 ἀλλὰ
979 3665 1128 3733 μετὰ
1156 3664 1393 3731 πολλῆς
1423 3663 1533 3732 τῆς
1564 3665 1839 3734 σπουδῆς
1869 3665 1994 3736 βού-

364 3758 370 3763 ’
421 3753 620 3826 λομαι,
655 3754 807 3825 φησί·
843 3755 938 3808 καὶ
979 3753 1134 3808 τοῦτο
1166 3755 1258 3807 τὸν
1293 3753 1459 3825 ἄνδρα
1497 3755 1736 3808 δείκνυσι
1791 3756 1987 3827 μέγαν.

424 3845 582 3906 Hunc
617 3862 819 3918 quoque
834 3847 949 3916 jam
972 3846 1210 3900 laudavit
1234 3862 1299 3900 ex
1328 3847 1634 3917 cognatione
1664 3863 1684 3901 :
1715 3859 1828 3902 erat
1855 3850 1992 3904 enim

422 3938 701 3994 Barnabas
730 3939 810 3992 vir
844 3955 1084 4008 magnus.
1127 3957 1146 3990 ι
1180 3937 1254 3992 De
1277 3955 1378 4009 quo
1400 3941 1676 4010 accepistis
1701 3943 1954 4004 mandata
1972 3959 1992 3998 :

421 4031 470 4094 si
505 4031 698 4085 venerit
739 4031 807 4084 ad
837 4047 947 4094 vos,
977 4031 1227 4099 suscipite
1252 4030 1424 4085 illum.
1461 4050 1479 4083 ι
1516 4032 1658 4098 Quid
1696 4036 1857 4089 vero?
1887 4051 1992 4090 non

421 4122 580 4176 aliter
628 4123 1015 4191 suscepissent!
1044 4122 1293 4177 Maxime.
1342 4123 1446 4178 Sed
1495 4141 1613 4178 cum
1664 4139 1875 4196 magno,
1909 4129 1994 4181 in-

419 4212 556 4282 quit,
587 4212 762 4266 studio
787 4227 806 4265 :
842 4222 892 4266 et
921 4211 1017 4265 hoc
1066 4229 1311 4282 magnum
1355 4215 1526 4267 virum
1564 4216 1808 4270 ostendit.
1844 4216 1993 4272 Scri—

2094 3303 2338 3374 prol‘ecto
2375 3303 2443 3358 de
2481 3319 2580 3358 sua
2611 3318 2736 3358 cum
2769 3311 3089 3358 czeterorum
3127 3303 3503 3372 apostolorum
3534 3303 3675 3358 scri-

2095 3394 2202 3464 ptis
2251 3393 2686 3464 comparatione,
2747 3392 3071 3463 suli‘ragium
3117 3393 3418 3446 secundum
3452 3408 3675 3461 sperare

2094 3485 2308 3541 debeat.
2356 3505 2374 3538 ι
2429 3484 2557 3542 Haec
2615 3485 2726 3540 ille.
2787 3484 2908 3551 Qua
2950 3485 3016 3539 de
3061 3499 3122 3539 re
3160 3498 3261 3538 nos
3289 3499 3505 3555 quoque
3530 3499 3671 3539 non-

2094 3577 2242 3633 nulla
2273 3579 2436 3646 paulo
2463 3585 2610 3645 ante,
2641 3593 2765 3647 cap.
2791 3576 2847 3642 2,
2882 3577 3185 3647 attigimus.

2166 3671 2303 3728 Illud
2344 3685 2476 3726 vero
2516 3671 2866 3741 potissimum
2909 3669 3346 3724 animadvertere
3375 3669 3597 3739 juverit,
3640 3685 3672 3725 e

2093 3763 2357 3818 Barnabas
2407 3763 2649 3833 Epistola
2698 3761 2999 3818 Ecclesiam
3055 3762 3382 3818 catholicam
3433 3761 3670 3832 praesidii

2091 3856 2388 3928 plurimum
2429 3863 2610 3924 petere
2641 3855 2707 3910 ad
2743 3853 3120 3910 Unitariorum
3150 3853 3482 3924 impietatem
3518 3871 3672 3911 ever—

2094 3949 2332 4017 tendam,
2365 3949 2782 4019 doctrinamque
2811 3947 3170 4003 orthodoxam
3201 3947 3268 4002 de
3296 3946 3425 4002 Jesu
3462 3947 3670 4004 Christi

2091 4043 2214 4099 Filii
2249 4043 2344 4099 Dei
2373 4045 2442 4116 τῇ
2484 4042 2847 4115 προῦπάρξει,
2875 4041 3103 4112 ejusque
3145 4039 3223 4111 τῷ
3249 4040 3488 4112 ὁμουσίῳ
3515 4040 3671 4096 forti-

2090 4146 2172 4192 ter
2198 4137 2552 4191 astruendam
2579 4133 3071 4203 stabiliendamque
3103 4151 3117 4187 :
3153 4142 3212 4188 ut
3247 4144 3369 4202 post
3409 4132 3624 4188 Bullum
3647 4133 3671 4165 ⁸

2089 4237 2143 4283 ct
2164 4226 2425 4283 Grabium
2460 4226 2481 4258 ⁸
2508 4226 2757 4296 pluribus
2792 4223 3030 4280 ostendit
3073 4223 3158 4278 vir
3185 4225 3381 4281 ductus
3422 4224 3671 4281 Pruden—

422 4314 574 4374 ptam
606 4314 786 4358 autem
817 4319 961 4358 anno
1013 4305 1083 4358 62
1127 4304 1299 4359 fuisse
1344 4306 1485 4360 hanc
1537 4307 1602 4360 ad
1636 4307 1992 4364 Colossenses
2090 4320 2200 4374 [ius
2242 4314 2502 4374 Mai-anus
2552 4318 2594 4371 ο,
2640 4315 2717 4370 De
2753 4316 2964 4371 caeteris
3000 4330 3164 4384 porro
3197 4313 3523 4373 Christiana;
3568 4318 3669 4372 do-

422 4395 742 4466 Epistulam,
789 4411 852 4449 ex
893 4396 1131 4450 virorum
1157 4397 1493 4452 eruditorum
1525 4399 1795 4453 sententia
1827 4416 1988 4469 snpe-

2104 4410 2280 4466 :trin:e
2306 4410 2598 4479 capitibus,
2641 4424 2706 4463 ex
2748 4408 2936 4463 eadem
2979 4407 3218 4478 Epistula
3242 4409 3520 4476 eruentlis,
3554 4425 3669 4478 praa

419 4489 538 4543 rius
569 4488 823 4542 vidimus.
857 4487 935 4541 Ex
966 4488 1167 4558 quibus
1197 4505 1348 4559 ergo,
1397 4490 1443 4544 si
1494 4491 1695 4560 prioris
1731 4490 1988 4560 Epistula:
2018 4487 2065 4510 ν
2092 4499 2318 4568 reliquis
2346 4513 2519 4568 nuper
2549 4497 2686 4552 satis
2719 4497 2931 4550 erudite
2967 4497 3229 4552 disseruit
3265 4496 3336 4551 cl.
3383 4496 3666 4552 Marcella-

420 4578 784 4635 Corinthiacaa
830 4579 996 4634 verba
1029 4579 1080 4633 in
1113 4580 1352 4634 medium
1383 4582 1616 4636 adducta
1647 4582 1814 4652 probe
1843 4583 1987 4638 acci-
2089 4590 2175 4646 lus
2201 4591 2244 4644 ".
2281 4587 2377 4643 llis
2420 4597 2601 4642 autem
2646 4587 2910 4640 hactenus
2947 4585 3251 4641 observatis
3294 4586 3493 4640 addere
3532 4585 3665 4640 libet

419 4675 669 4746 piantur;
703 4677 748 4731 si
774 4675 1186 4738 Theodoritum,
1217 4672 1481 4730 Joannem
1528 4675 1983 4748 Chrysostomum
2088 4698 2155 4738 ex
2181 4679 2379 4736 Vossio
2410 4679 2432 4710 ⁸
2463 4687 2516 4732 et
2544 4676 2720 4733 llodio
2759 4677 2801 4743 ’,
2847 4676 2902 4730 S.
2943 4676 3250 4730 Barnabam
3294 4675 3547 4744 quamvis
3594 4693 3663 4733 ex

417 4781 622 4836 eosque
645 4767 941 4837 scriptores
963 4766 1365 4820 ecclesiasticos
1405 4781 1545 4834 quos
1572 4767 1712 4821 idem
1760 4777 1984 4823 sanctus
2089 4774 2276 4829 Graeca
2319 4769 2619 4826 LXXvirali
2683 4771 2934 4824 versione
2963 4768 3259 4838 Scriptura:
3297 4768 3417 4823 loca
3457 4769 3664 4824 descri-

415 4858 605 4913 doctor
634 4859 927 4924 collaudat,
961 4873 1073 4927 pra:
1116 4857 1424 4912 Alexandro
1472 4859 1765 4923 monacho,
1794 4869 1851 4914 ut
1887 4876 1986 4930 par
2089 4865 2217 4919 bere
2243 4861 2608 4926 consueverit,
2644 4860 2966 4929 plerumque
3011 4867 3190 4912 tamen
3233 4857 3552 4914 llebraicam
3577 4875 3664 4913 vc-

415 4957 522 5015 est,
569 4949 859 5004 audiamus
892 4968 904 5002 :
937 4950 1372 5004 concludendum
1415 4950 1658 5018 profecto
1694 4952 1818 5017 erit,
1865 4955 1983 5009 ina-
2090 4958 2304 5010 ritatem
2330 4961 2579 5009 secutum
2605 4950 2794 5005 fuisse.
2825 4949 2996 5020 Cujus
3024 4949 3243 5020 quidem
3277 4951 3355 5006 rei
3391 4960 3451 5004 ut
3489 4967 3660 5007 unum

416 5057 541 5099 nem
575 5055 698 5094 esse
722 5039 980 5094 Tcntzelii
1024 5040 1408 5110 objectioncm.
1443 5040 1588 5096 illius
1613 5050 1821 5098 tantum
1866 5061 1976 5101 mo-
2088 5047 2173 5101 vel
2215 5046 2444 5100 alterum
2485 5042 2793 5112 exemplum
2845 5037 2900 5096 in
2951 5041 3190 5096 medium
3226 5041 3560 5113 proferatur,
3591 5059 3690 5098 ex-

417 5135 580 5189 nacbi
622 5132 806 5204 Cyprii
859 5133 1170 5189 testimonio
1201 5133 1445 5189 innixam
1472 5151 1486 5200 ;
1510 5149 1634 5189 cum
1685 5136 1820 5190 satis
1851 5153 1985 5193 con-
2087 5134 2252 5201 LXX,
2276 5134 2428 5191 Isaia:
2458 5149 2609 5200 χχιι,
2645 5132 2731 5200 16,
2773 5131 2887 5187 Ι]ωο
2914 5131 3108 5186 recitat
3146 5146 3339 5189 auctor
3372 5134 3457 5189 “’z
3505 5134 3659 5190 Ἰδοὺ

487 5343 533 5375 ’τ
559 5341 833 5414 Theodor.
866 5339 1122 5414 in_Epist.
1151 5340 1215 5395 II
1244 5341 1466 5414 ad_Cor.
1500 5357 1602 5414 fin
1625 5381 1639 5405 ,
1684 5343 1780 5405 18,
1817 5343 1903 5414 19,
1927 5341 2004 5414 Op

2104 5353 2236 5398 tom.
2275 5343 2363 5409 Ill,
2399 5359 2523 5414 pag.
2565 5344 2696 5398 243.
2752 5341 2967 5414 _'“_A_ct.
2995 5354 3118 5402 xm,
3148 5339 3201 5394 3.
3246 5340 3320 5414 __°f'
3347 5337 3651 5414 Tillent_.,_rl.

416 5427 582 5484 c.,_p.
612 5413 740 5467 415.
790 5413 888 5484 γ¹⁰⁰
918 5408 1130 5484 Coloss.
1166 5429 1238 5476 IV,
1268 5412 1354 5466 10.
1436 5414 1452 5442 ί
1489 5411 1800 5484 Ch_rysost.,
1827 5408 1991 5484 hom.—

2104 5408 2361 5484 inWEpist,
2393 5408 2716 5484 ad'Coloss”
2746 5412 2772 5483 §
2805 5410 3025 5484 23‘Qpp.
3064 5421 3196 5464 tom.
3246 5408 3336 5473 XI,
3371 5426 3491 5484 pag.
3523 5408 3650 5484 496.

417 5483 439 5512 '
470 5479 736 5554 Malean,
771 5483 1273 5554 Commentain‘ttet.
1304 5499 1494 5554 manu.
1529 5479 1784 5554 Kalend,
1809 5483 2010 5554 Vol.11,
2047 5499 2100 5554 p.
2144 5479 2404 5538 570-572.
2486 5479 2807 5554 _'Daeher.,
2840 5479 3009 5554 Epist.
3066 5495 3306 5554 nuncup.
3373 5479 3647 5554 ’atl’hprim.

415 5553 544 5626 edit.
573 5553 837 5626 Menardi,
861 5553 1036 5626 Paris.
1071 5552 1229 5626 1615.
1261 5623 1274 5626 _
1303 5550 1496 5626 ‘__Bnll.
1528 5553 1657 5626 De[._
1682 5548 1777 5626 ῥά.
1822 5552 1972 5626 [\lic.2
1998 5548 2148 5626 sect.
2183 5569 2365 5626 r,_eap.
2400 5555 2454 5617 2,
2481 5552 2507 5626 §
2540 5553 2596 5619 2,
2628 5549 2934 5626 Aetscct_._2_,
2956 5565 3086 5626 gap.
3117 5552 3176 5626 21
3209 5549 3318 5626 §_l.
3395 5552 3416 5626 1
3450 5548 3642 5626 Οιςιιὺη

417 5621 615 5676 Annot.
658 5624 788 5693 ibid.
820 5639 943 5693 pag.
974 5622 1066 5684 2i,
1091 5622 1180 5674 4-1.
1229 5623 1278 5693 μ⁸
1320 5622 1552 5684 Marum,
1593 5619 1776 5693 Dicin.
1812 5621 1991 5693 D.VN.
2023 5622 2082 5677 Ι.
2108 5623 2197 5686 C.,
2228 5619 2330 5677 lib:
2364 5640 2436 5689 Iv,
2477 5619 2596 5693 cap.
2621 5623 2677 5686 2,
2709 5639 2761 5692 p.
2813 5619 3080 5693 371-573.
3157 5623 3177 5654 "
3209 5619 3472 5693 Marcella
3506 5619 3645 5693 Con-

417 5693 564 5768 cord.
595 5693 683 5768 des
709 5689 1024 5768 §§.__Péres,
1065 5691 1269 5768 tum._l_,
1301 5709 1422 5762 pag.
1459 5693 1478 5744 1
1511 5708 1635 5768 seq:
1703 5694 1726 5726 ⁸
1759 5692 1826 5748 Is.
1856 5692 2000 5768 _V_o_ss

2104 5694 2159 5768 te
2175 5693 2423 5768 transl_at_.
2453 5689 2603 5755 LXX
2633 5689 2794 5768 luta,
2828 5690 3191 5768 cap.2l,pag.
3211 5691 3298 5749 69.
3379 5695 3400 5727 ⁹
3424 5689 3638 5747 Humtr.

422 5757 559 5817 liud.
597 5762 670 5818 De
703 5757 840 5818 Bibl.
868 5773 998 5818 text.
1033 5763 1192 5833 θήρη·
1218 5757 1318 5818 lib:
1343 5757 1423 5827 In,
1454 5777 1572 5832 cap.
1593 5757 1658 5831 ’5,
1697 5779 1816 5836 pag.
1848 5764 1975 5820 2'77.
2031 5757 2100 5796 ’³ο
2123 5762 2287 5819 Barn.
2321 5762 2520 5836 Epist.,
2544 5781 2666 5839 cap.
2695 5763 2749 5820 (ο.
