4032 6146
426 283 533 341 699

1585 288 1644 344 S.
1685 287 2054 350 BARNABAS
2093 289 2516 346 APOSTOLUS.

3571 299 3673 355 700

427 397 702 469 ἐμϐάλλω
755 401 840 465 εις
881 400 952 454 τὰ
999 399 1240 468 θεμέλια
1281 405 1436 458 Σιὼν
1473 405 1648 461 λίθον
1673 407 2002 477 πολυτελῆ,

2108 411 2324 466 subdit:
2363 411 2506 478 Quid
2534 410 2680 466 dicat
2709 413 2741 484 ἡ
2769 413 2972 476 Γθῶσις
3012 411 3302 483 (Coguitio,
3343 413 3458 471 sive
3497 414 3676 472 Scien-

427 489 734 558 ἐκλεκτόν,
792 490 1237 562 dxpoqvowai’or,
1281 498 1537 566 ἔντιμον.
1604 498 1776 560 Verba
1822 510 2003 556 tamen

431 582 680 650 proxime
728 583 1117 653 subsequentia
1161 567 1246 641 ex,
1284 586 1514 644 Hebraeo
1571 591 1718 650 fonte
1766 595 2000 662 repetit:

428 676 541 731 Καὶ
562 676 631 740 ὃς
657 675 894 732 euros;
921 677 1015 729 ἐπ’
1040 679 1246 747 αὐτὸν,
1280 679 1515 748 ζήσεται
1548 685 1634 749 εἰς
1660 685 1767 738 τὸν
1799 685 2004 750 αἰῶνα,

430 768 500 822 Et
547 769 639 838 qui
691 770 976 838 speraverit
1017 771 1074 824 iu
1113 770 1290 838 illum,
1326 774 1458 828 vivet
1500 774 1552 828 in
1591 787 1866 832 aeternum.
1905 779 2004 836 Ubi

430 859 566 915 LXX
589 879 602 914 :
627 860 738 913 Kal
759 864 792 914 ὀ
818 864 1118 916 πιστεύων
1140 865 1212 917 οὺ
1232 865 1318 933 μὴ
1347 869 1778 940 καταισχυνθῇ,
1798 870 1868 925 Et
1891 889 2006 928 cre-

428 949 556 1006 dens
607 967 710 1004 non
751 953 1123 1021 confundetur.
1164 955 1305 1011 Alibi
1343 966 1523 1013 autem
1565 975 1631 1014 ex
1669 960 1803 1019 Gen.
1843 979 1903 1026 tt,
1945 965 2003 1030 2,

430 1041 547 1107 haec
590 1042 752 1096 habet
797 1044 837 1075 “
895 1061 909 1098 ;
969 1044 1082 1098 Kal
1123 1047 1528 1105 συνετέλεσεν
1555 1052 1611 1124 (ό
1640 1053 1804 1126 Θεὸς)
1837 1056 1908 1110 ἐν
1930 1056 2007 1126 τῇ

430 1133 620 1201 ἡμέρᾳ
653 1133 728 1202 τῇ
753 1135 988 1206 ἐϐδόμῃ,
1017 1154 1070 1191 κ.
1107 1155 1158 1192 τ.
1189 1138 1238 1192 λ.
1285 1139 1356 1194 Et
1393 1147 1772 1201 consummavit
1819 1147 2004 1219 (Deus)

430 1223 485 1276 in
510 1222 594 1275 die
616 1225 858 1292 septima,
881 1235 984 1279 etc.
1015 1227 1083 1280 At
1113 1225 1276 1295 LXX,
1311 1229 1381 1282 ἐν
1399 1229 1475 1299 τῇ
1510 1233 1698 1302 ἡμέρᾳ
1724 1235 1800 1305 τῇ
1829 1236 1968 1307 ἕκτῃ
1987 1279 2003 1305 ,

431 1312 488 1365 iu
513 1312 598 1365 die
619 1325 789 1368 sexta.
819 1313 957 1371 Hinc
1004 1315 1062 1371 S.
1103 1317 1469 1392 Hieronymus
1500 1324 1553 1377 in
1595 1324 2005 1387 Traditionibus

432 1402 712 1459 Hebraicis
745 1424 758 1460 :
793 1404 902 1460 Pro
943 1408 1028 1462 die
1067 1420 1237 1477 sexta,
1277 1412 1331 1465 in
1378 1413 1602 1470 Iiebrteo
1649 1417 1790 1471 diem
1843 1421 2007 1488 septi-

429 1514 573 1552 mam
599 1498 770 1553 habet.
801 1497 973 1564 Quem
1001 1500 1055 1555 in
1077 1505 1260 1558 locum
1299 1505 1457 1574 plura
1484 1507 1737 1565 observat
1757 1511 2005 1570 eruditus

433 1589 666 1646 Grabius
691 1593 755 1656 ",
789 1591 951 1663 digna
995 1609 1128 1650 sane
1164 1611 1287 1666 qute
1333 1598 1475 1667 apud
1516 1599 1695 1669 ipsum
1735 1601 2002 1673 legantur.

430 1681 551 1737 Alia
596 1699 727 1738 vero
777 1685 1051 1756 ejusmodi
1093 1689 1364 1759 exempla,
1397 1706 1464 1746 ex
1521 1693 1708 1749 eadem
1762 1692 2003 1766 Epistola

431 1777 743 1847 repetenda.

1051 1914 1280 1974 CAPUT
1318 1917 1386 1976 γ.

433 2033 705 2109 Iudicium
732 2037 798 2109 et.
825 2035 1130 2109 .‘lfozocltii:
1161 2041 1313 2109 cujus
1351 2043 1512 2097 etiam
1559 2044 1783 2101 erudita:
1831 2047 2007 2102 obser-

505 2107 735 2188 vationes
759 2107 812 2159 in
843 2107 1045 2188 aliquot
1071 2107 1306 2188 ejusdem
1338 2111 1755 2188 Epistolteloca,
1787 2116 2004 2188 reliquis

501 2175 794 2230 editoribus
823 2175 1118 2247 prw'terita',
1155 2181 1210 2234 in
1237 2175 1469 2237 medium
1497 2175 1861 2243 adducuntur.

506 2286 611 2343 Sed
669 2305 796 2345 ecce
835 2291 931 2346 tibi
979 2291 1064 2346 vir
1114 2292 1470 2351 doctissimus
1499 2297 1658 2368 cujus
1691 2299 1858 2369 paulo
1882 2307 2008 2355 ante

432 2381 806 2447 meminimus,
856 2382 987 2438 dum
1025 2381 1289 2440 Barnabas
1330 2397 1479 2461 gesta
1513 2386 1635 2444 fuse
1659 2390 2008 2459 persequitur

433 2472 682 2541 miraque
713 2472 914 2542 ingenii
946 2474 1266 2530 dexteritate
1297 2477 1552 2542 illustrat,
1595 2478 1802 2548 aliquot
1844 2481 2007 2535 etiam

433 2563 555 2632 ejus
584 2563 842 2634 Epistolas
873 2565 992 2620 loca
1022 2567 1237 2636 egregie
1256 2583 1360 2636 pro
1389 2583 1544 2625 more
1571 2585 1675 2624 suo
1704 2571 1960 2627 edisserit
1991 2590 2004 2626 :

434 2663 495 2709 ut
527 2654 756 2725 proinde
793 2671 972 2726 operte
995 2657 1227 2726 pretium
1261 2675 1346 2713 me
1375 2658 1646 2715 facturum
1675 2663 2007 2733 existimem,

434 2747 482 2801 si
513 2746 818 2803 luculentas
859 2747 1005 2802 illius
1059 2747 1468 2805 observationes
1519 2751 1624 2808 hoc
1665 2753 1770 2808 loci
1805 2755 2009 2810 descri-

433 2839 581 2892 bam.
635 2836 728 2892 Sic
767 2846 946 2892 autem
997 2853 1056 2894 se
1091 2839 1294 2895 habent
1332 2841 1376 2872 “
1411 2860 1424 2896 :
1469 2861 1487 2892 α
1524 2842 1600 2898 Ex
1627 2860 1738 2915 quo
1765 2847 2005 2916 primum

435 2935 680 2998 tempore
701 2928 771 2982 ab
793 2926 1287 2998 HugoneMenardo
1300 2933 1576 3002 publicam
1600 2935 1774 2992 lucem
1797 2939 2010 3008 aspexit

437 3017 680 3089 Epistola
705 3038 828 3092 quae
858 3024 961 3079 sub
991 3023 1253 3081 Barnabat
1285 3029 1516 3097 apostoli
1557 3030 1776 3086 nomine
1821 3047 1850 3085 a
1882 3031 2006 3087 Cle-

435 3123 616 3168 mente
642 3115 1035 3185 Alexandrino,
1075 3116 1306 3189 Origene
1333 3127 1386 3175 et
1427 3121 1551 3177 aliis
1597 3123 1814 3179 laudata
1863 3123 2005 3193 fuit;

435 3211 516 3257 tot
543 3203 655 3273 jam
689 3207 933 3262 virorum
979 3208 1474 3266 eruditissimorum
1520 3211 2008 3271 animadversioni-

437 3294 543 3349 bus
572 3297 763 3365 patuit,
791 3307 852 3353 ut
874 3315 1339 3370 supervacaneum
1376 3303 1450 3360 sit
1475 3303 1771 3375 quidquam
1799 3307 1852 3363 iu
1885 3323 2005 3363 eam

437 3388 562 3439 novi
587 3390 824 3459 aggredi.
856 3388 1059 3447 Tamen
1088 3391 1267 3448 obiter
1306 3393 1454 3449 illam
1489 3398 1829 3466 percurrenti
1872 3389 2012 3455 inci-~

437 3477 635 3532 derunt
661 3479 797 3534 mihi
831 3481 1080 3551 quaedam
1126 3483 1249 3540 aliis
1278 3486 1572 3556 praeterita,
1605 3503 1727 3559 quae
1767 3488 1857 3546 hic
1886 3491 2009 3547 bre-

435 3567 576 3622 viter
597 3585 961 3641 aspcrgercm.

515 3677 534 3711 ‹
571 3658 746 3730 Caput
773 3663 805 3714 6
831 3663 913 3718 sic
957 3665 1146 3734 incipit
1195 3683 1212 3720 :
1245 3667 1382 3723 Ὅτε
1401 3669 1514 3724 οὗν
1535 3671 1822 3740 ἐποίησεν
1845 3667 2011 3728 ἐντο-

437 3751 578 3817 λήν,
605 3761 710 3806 etc.
743 3753 876 3806 Cum
924 3765 1099 3809 autem
1136 3758 1260 3827 fecit
1312 3777 1642 3818 pnmcsrruu
1689 3765 2009 3838 (Christus),

439 3842 566 3912 quid
590 3844 763 3897 dicit?
804 3845 935 3910 Quis
981 3857 1058 3900 est
1101 3851 1191 3920 qui
1234 3851 1508 3921 judicetur
1545 3859 2013 3930 mecum1’etquae

435 3950 607 4005 porro
649 3953 716 3992 ex
757 3938 910 3994 Isaia:
941 3955 993 4006 L,
1025 3939 1078 4007 8,
1110 3942 1164 4004 9,
1197 3944 1408 3999 recitat.
1443 3945 1542 4003 llic
1569 3949 1859 4004 observatu
1901 3968 2010 4007 non

442 4017 722 4098 indignum
748 4038 849 4096 est,
876 4031 1115 4104 ἐντολήν,
1153 4045 1489 4105 prwceptum,
1531 4039 1780 4095 absolute
1825 4050 1879 4097 et
1918 4059 2014 4113 per

439 4119 815 4175 excellentiam
864 4125 1047 4178 vocari
1091 4123 1268 4191 Patris
1311 4127 1614 4197 jussionem
1658 4131 1725 4185 de
1765 4131 2016 4189 incarna-

443 4209 590 4263 tione
637 4219 692 4264 et
737 4219 849 4265 toto
901 4213 1154 4268 humanae
1185 4216 1546 4285 reparationis
1594 4219 1831 4289 negotio,
1866 4221 2010 4290 quod

442 4300 662 4365 ἐντολὰς
705 4303 798 4356 τοῦ
854 4305 1086 4375 Πατρός,
1130 4317 1394 4377 ρνωρερια
1425 4306 1631 4375 Patris,
1684 4319 1843 4364 vocat
1895 4312 2012 4381 ipse

441 4391 716 4457 Christus,
741 4393 898 4448 Joan.
934 4411 1024 4461 xv,
1057 4395 1144 4450 10.
1170 4398 1250 4453 Ac
1272 4398 1524 4454 fortassis
1543 4400 1802 4454 alluditur
1827 4417 1857 4456 a
1885 4401 2012 4457 Bar-

2031 1742 2080 1808 Β

2110 505 2206 574 tia)
2238 505 2425 558 discite
2455 523 2468 535 ·
2501 522 2520 557 t
2565 503 2784 575 Sperate
2820 507 2874 560 in
2911 523 3051 574 eum,
3078 507 3169 577 qui
3195 508 3250 561 in
3276 525 3433 562 carne
3455 511 3673 580 manife-

2107 596 2328 649 standus
2365 605 2444 650 est
2496 597 2660 663 vobis,
2709 595 2911 652 Iesum.
2975 597 3254 663 Γνὼσεως,
3295 601 3548 669 scientia,
3578 619 3677 659 no-

2107 680 2254 736 mine
2280 698 2398 738 tevo
2444 685 2745 753 apostolico
2797 685 3096 743 intellectas
3143 686 3312 742 fuisse
3354 704 3588 747 arcanas
3622 705 3676 748 et

2106 773 2427 845 allegoricas
2496 777 2695 832 veteris
2740 776 2962 832 fcederis
3003 777 3467 848 significationes,
3516 798 3675 837 nemo

2107 865 2342 936 ignorat.
2391 864 2467 922 Ea
2492 878 2578 923 est
2607 868 2784 924 Clavis
2834 869 3091 935 scientiae,
3138 871 3193 925 in
3241 887 3348 941 qua
3394 873 3502 930 sibi
3545 875 3675 946 legis

2105 957 2311 1027 peritos
2374 959 2649 1029 placuisse
2687 960 2941 1018 Christus
2981 963 3189 1017 notavit
3220 963 3283 1016 ¹⁸.
3321 963 3390 1018 At
3418 964 3524 1021 hoc
3559 982 3676 1020 am—

2106 1048 2248 1118 plius
2269 1048 2358 1103 hic
2385 1049 2889 1117 animadvertimus,
2937 1052 3162 1118 Γνῶσιν,
3192 1053 3487 1120 scientiam,
3517 1055 3674 1126 quasi

2106 1141 2304 1198 librum
2361 1142 2541 1209 citari,
2579 1153 2635 1199 et
2688 1161 2755 1200 ex
2798 1161 2864 1200 eo
2915 1145 3196 1200 verbailla
3237 1145 3514 1216 proferri:
3549 1149 3676 1218 Spe-

2107 1241 2241 1297 rate,
2269 1241 2376 1288 etc.
2410 1231 2567 1300 Quod
2597 1236 2819 1305 quidem
2850 1252 2915 1291 εχ
2939 1235 3220 1293 Clemente
3245 1238 3613 1294 Alexandrino
3632 1242 3674 1272 ³⁸

2105 1325 2278 1380 multo
2304 1333 2388 1381 est
2427 1325 2757 1395 evidentius,
2799 1328 2892 1383 ubi
2942 1329 3058 1384 haec
3097 1329 3263 1383 verba
3321 1344 3389 1388 ex
3429 1328 3675 1394 Barnaba

2104 1415 2185 1470 sic
2220 1413 2537 1484 recitantur,
2577 1427 2636 1472 ut
2670 1419 2854 1489 φησιν,
2895 1420 3039 1490 quod
3076 1418 3167 1476 hic
3203 1419 3376 1488 deest,
3427 1423 3675 1492 suppleas

2107 1513 2196 1559 tur
2219 1523 2233 1560 :
2267 1505 2410 1570 Quid
2437 1508 2580 1564 dicat
2608 1495 2876 1580 Cogititio,
2901 1509 3090 1564 discite
3117 1523 3136 1563 :
3164 1509 3668 1582 Ἐλπίσατε,φησὶν,

2105 1599 2198 1654 ἐπὶ
2229 1600 2342 1665 τόν,
2371 1610 2480 1665 etc.
2514 1599 2758 1670 Sperate,
2797 1602 2995 1671 inquit,
3026 1601 3079 1663 iu
3131 1616 3270 1668 eum,
3302 1610 3436 1669 etc.,
3474 1604 3548 1657 uti
3578 1620 3671 1670 su:-

2107 1705 2222 1761 pra.
2263 1687 2366 1745 Ubi
2395 1690 2805 1758 animadvertis,
2847 1691 2979 1747 illud
3023 1693 3186 1764 φησίν
3235 1693 3424 1759 aderri
3464 1711 3530 1750 ex
3577 1709 3669 1754 ore

2107 1779 2390 1846 Barnabze,
2423 1781 2615 1852 utique
2651 1796 2721 1839 ex
2751 1781 3080 1853 Cognitionis
3116 1785 3232 1841 sive
3260 1784 3507 1846 Scientia:
3537 1788 3671 1843 libro

2105 1871 2348 1946 citantis.
2387 1870 2582 1929 Plures
2638 1873 2771 1931 olim
2819 1873 2994 1930 fuisse
3047 1874 3364 1945 hujusmodi
3429 1876 3671 1938 Scientic

2105 1964 2276 2024 libros
2322 1965 2695 2036 circumlatos,
2731 1967 2802 2023 ab
2845 1966 3050 2024 Iudaeis
3095 1969 3384 2040 allegorica
3417 1973 3672 2027 sectanti-

2107 2057 2209 2113 bus
2238 2058 2602 2128 conscriptos,
2630 2074 2739 2115 non
2770 2069 2854 2121 est
2887 2059 3135 2120 dubium.
3166 2059 3248 2116 Ad
3268 2075 3363 2117 eos
3386 2077 3518 2133 ergo
3545 2062 3675 2124 Bar-

2107 2141 2277 2204 nabas
2303 2147 2621 2220 plerumque
2670 2151 2888 2222 ablegat
2937 2151 3334 2226 lectores,_>ubi
3361 2152 3431 2208 ad
3465 2153 3675 2224 allego..-

2105 2238 2218 2294 rias
2238 2239 2555 2310 digreditur.
2591 2238 2814 2302 Scimus
2833 2240 3129 2297 hodienum
3156 2241 3211 2298 in
3254 2240 3558 2314 Targumim
3588 2243 3673 2298 lo?

2105 2345 2168 2390 ca
2209 2330 2488 2400 complura
2522 2329 2589 2384 ad
2629 2329 2882 2392 Messian]
2928 2330 3121 2386 referri
3154 2348 3168 2386 :
3206 2330 3361 2404 quod,
3387 2345 3454 2385 ex
3481 2331 3672 2394 eadem

2106 2418 2310 2474 Γνώσει
2336 2421 2592 2484 manavit.
2634 2419 2941 2476 Notandum
2989 2430 3074 2479 est
3112 2431 3297 2486 autem
3337 2422 3391 2484 in
3437 2422 3678 2490 ascripto

2106 2514 2249 2582 loco,
2277 2516 2378 2570 etsi
2409 2515 2591 2571 omnia
2637 2515 2814 2570 verbis
2843 2515 3068 2576 totidem
3109 2529 3175 2570 ex
3201 2510 3406 2599 Γνῴσει
3447 2514 3679 2576 reciten-

2106 2615 2216 2673 tur,
2251 2607 2380 2676 illud
2405 2616 2585 2663 tamen
2630 2606 2855 2679 Ἰησοῦν,
2883 2605 3089 2675 Iesum,
3115 2606 3262 2677 quod
3290 2605 3548 2662 ad—aﬁnem
3579 2604 3675 2660 ad-

2106 2700 2274 2768 ditur,
2319 2714 2385 2754 ex
2431 2698 2690 2756 Barnabaa
2731 2714 2898 2754 manu
2935 2698 3263 2769 proiectum,
3304 2709 3416 2758 non
3461 2696 3528 2757 ab
3554 2709 3673 2758 au.-

2106 2802 2256 2847 ctore
2281 2790 2555 2856 Γνὼσεως.
2597 2790 2769 2858 Quem
2813 2791 3036 2861 quidem
3065 2788 3316 2844 Iudaeum
3364 2788 3535 2848 fuisse
3579 2802 3681 2842 ne-.

2107 2899 2260 2939 cesse
2313 2893 2415 2950 est,
2467 2883 2674 2954 alioqui
2721 2899 2754 2938 a
2803 2882 3052 2949 Barnaba
3097 2881 3315 2938 Iudaeos
3358 2879 3678 2936 convicturo

2107 2974 2334 3029 minime
2368 2974 2670 3033 citandum.
2711 2971 2936 3028 Iudaeus
2975 2980 3158 3028 autem
3199 2970 3455 3052 Messian)
3497 2975 3678 3036 norat,

2033 3099 2076 3157 ρ
2109 3064 2301 3121 Iesum
2330 3082 2440 3122 non
2463 3076 2645 3122 norat.

2187 3221 2205 3254 ‹
2235 3202 2426 3256 Statim
2460 3201 2657 3257 ibidem
2688 3201 2974 3272 sequitur:
3017 3199 3191 3254 Hamo
3241 3200 3397 3265 enim,
3447 3197 3523 3268 γῆ
3566 3198 3690 3260 ἐστι.

2110 3292 2412 3362 πάσχουσα,
2471 3301 2615 3346 terra
2652 3301 2728 3346 est
2782 3293 3008 3362 patiens.
3058 3287 3298 3360 Apparet
3342 3288 3432 3343 hic
3476 3287 3680 3340 Barnao

2056 3376 2068 3383 ’
2109 3382 2256 3451 bam,
2291 3391 2384 3437 aut
2441 3382 2692 3453 quisquis
2739 3392 2824 3438 est
2867 3391 3077 3446 auctor,
3133 3379 3476 3450 philosophis
3519 3392 3679 3434 aures

2110 3476 2436 3532 admovisse.
2468 3474 2604 3531 Nam
2636 3475 2770 3530 illud
2802 3475 3104 3544 πάσχουσα,
3136 3473 3367 3545 patiens,
3409 3471 3477 3527 ad
3505 3471 3685 3542 philos

2109 3569 2407 3638 sophorum
2453 3567 2706 3639 τεχνικὴν
2749 3566 2993 3636 γλῶτταν
3043 3557 3127 3622 est
3171 3565 3540 3635 referendum,
3573 3581 3689 3636 qua

2109 3661 2394 3716 materiam
2446 3662 2561 3730 pati
2610 3659 2881 3715 dicebant.
2951 3645 3165 3724 Homo,
3217 3647 3430 3741 inquit,
3487 3670 3571 3713 est
3615 3673 3677 3711 ex
3734 3738 3738 3742 .

2111 3762 2278 3820 terra,
2319 3767 2429 3807 non
2463 3750 2682 3821 quidem
2727 3759 2940 3822 agente,
2973 3751 3065 3806 sed
3092 3739 3348 3819 patiente.
3374 3747 3547 3818 Cujus
3569 3757 3680 3804 sta-

2110 3847 2207 3902 tim
2235 3847 2496 3900 rationem
2540 3842 2717 3898 reddit
2759 3843 2846 3899 his
2890 3844 3116 3899 verbis:
3186 3842 3317 3895 Ἀπὸ
3361 3839 3688 3909 προσώπου

2110 3938 2219 4008 γὰρ
2254 3936 2362 4005 τῆς
2388 3935 2500 4004 γῆς
2523 3937 2560 4004 ἡ
2584 3935 2808 4002 πλάσις
2836 3935 2942 3990 τοῦ
2976 3933 3155 4005 Ἀδὰμ
3184 3932 3442 4003 ἐγένετο.
3473 3932 3514 3984 Α
3549 3931 3682 4001 facie

2110 4031 2248 4084 enim
2277 4039 2429 4084 terra:
2475 4028 2622 4097 ﬁctio
2678 4027 2796 4097 (seu
2846 4026 3126 4096 formatio)
3157 4024 3286 4079 Ade:
3308 4023 3534 4078 exstitit.
3583 4020 3692 4075 Ubi.

2110 4119 2476 4190 pulcherrima
2502 4117 2918 4172 llellenistarum
2943 4117 3148 4174 locutio
3177 4115 3437 4171 occurrit.
3461 4113 3679 4168 Hebrai-

2109 4226 2235 4268 cum
2251 4213 2406 4267 enim
2422 4219 2560 4272 915D
2578 4209 2812 4280 Mippene
2844 4209 3009 4280 (quod
3031 4207 3199 4264 Judaei
3227 4207 3531 4262 Hellenistat
3555 4221 3677 4276 per-

2110 4313 2294 4373 petuo,
2324 4303 2428 4357 ἀπὸ
2456 4300 2766 4376 προσώπου,
2804 4302 2860 4356 h.
2889 4316 2939 4355 e.
2981 4317 3013 4353 a
3035 4299 3169 4369 facie
3201 4299 3456 4367 reddunt)
3487 4312 3691 4367 quamo.

2111 4395 2242 4450 libet
2271 4410 2513 4460 causam,
2548 4395 2711 4449 etiam
2755 4393 3112 4460 materialem,
3146 4392 3224 4446 uti
3265 4391 3572 4461 philosophi
3601 4390 3685 4443 lo-

441 4484 583 4537 naba
605 4485 670 4538 ad
697 4484 824 4539 illud
856 4485 1054 4558 psalmi
1081 4503 1270 4553 xxxix,
1306 4489 1361 4556 8,
1395 4489 1461 4544 9:
1495 4489 1640 4543 Tunc
1668 4492 1783 4546 dixi
1817 4507 1837 4544 :
1877 4493 2012 4550 Ecce
2043 4488 2088 4544 D
2113 4497 2377 4559 quuntnr,
2419 4488 2684 4558 designat.
2735 4485 2882 4557 Ergo
2926 4485 3265 4541 tantumdem
3307 4491 3410 4547 est,
3463 4499 3497 4536 a
3551 4483 3689 4551 facie

439 4575 706 4630 uenio..."
745 4583 802 4628 ut
843 4576 1039 4644 faciam
1065 4575 1383 4631 voluntatem
1419 4588 1564 4632 tuam
1589 4595 1607 4632 :
1631 4595 1793 4650 quam
1819 4583 2012 4636 volun—

442 4673 608 4720 tatem
638 4681 760 4720 mox
791 4681 963 4721 Lscsu
994 4676 1151 4722 vocat
1177 4685 1190 4721 :
1221 4667 1361 4721 Deus
1395 4685 1559 4734 meus,
1588 4671 1749 4736 votui,
1777 4681 1826 4725 et
1846 4673 2011 4742 legem

447 4770 592 4812 tuam
622 4758 678 4812 in
705 4758 874 4812 medio
906 4759 1079 4814 cordis
1117 4761 1236 4814 mei.
1261 4759 1495 4815 Omnino
1523 4762 1627 4818 hac
1651 4765 2011 4833 przeceptioue

445 4850 627 4904 divina
660 4852 832 4921 plena:
861 4865 990 4907 sunt
1037 4853 1323 4922 utriusque
1352 4852 1574 4910 fmderis
1619 4855 1830 4925 paginae
1861 4875 1873 4910 :
1908 4857 2012 4912 hoc

445 4953 656 5000 tantum
707 4948 794 5002 hic
845 4964 1070 5015 novum,
1119 4948 1266 5019 quod
1307 4964 1369 5004 ea
1402 4951 1489 5005 hic
1517 4952 1764 5008 absolute
1798 4969 2010 5008 tumcu-

445 5052 588 5094 non
621 5050 978 5108 nuncupetur.
1004 5041 1073 5094 At
1100 5050 1257 5096 vetus
1287 5041 1554 5112 interpres
1577 5042 1676 5096 Dei
1697 5053 2012 5114 praeceptum

445 5130 697 5198 reddidit,
729 5143 790 5186 ut
815 5133 1056 5189 insolens
1086 5135 1339 5204 loquendi
1380 5151 1552 5206 genus
1589 5135 1793 5191 clarius
1839 5136 2014 5191 etlice-

447 5232 550 5282 ret.

524 5337 542 5368 ‹
582 5317 751 5373 Paulo
789 5326 934 5388 post,
964 5319 1190 5375 recitato
1229 5319 1397 5377 Musis
1434 5320 1746 5376 testimonio
1787 5321 1856 5376 de
1895 5321 2014 5376 adi-

450 5406 703 5474 piscenda
738 5418 880 5464 terra
916 5408 1114 5466 ﬂuente
1156 5411 1294 5466 lacte
1339 5420 1394 5466 et
1443 5413 1623 5482 melle,
1675 5410 1858 5468 statim
1900 5413 2019 5467 haec

2117 4591 2290 4649 terrae,
2319 4597 2382 4636 ac
2409 4581 2456 4636 si
2483 4581 2727 4646 dixisset,
2756 4595 2822 4633 ea:
2847 4589 2989 4633 terra
3019 4577 3311 4633 formatum
3341 4591 3462 4632 esse
3488 4577 3683 4630 Adam.

2116 4673 2183 4728 Et
2214 4674 2328 4730 lucc
2353 4671 2516 4729 etiam
2561 4670 2758 4726 ibidem
2807 4670 3037 4726 totidem
3079 4669 3261 4725 verbis
3301 4666 3556 4723 Clemens
3601 4682 3700 4721 re.

2116 4767 2238 4821 fert.

2193 4879 2212 4910 ‹
2247 4859 2377 4927 Cap.
2411 4857 2443 4909 7
2475 4855 2538 4924 “,
2576 4855 2736 4911 sicuti
2775 4859 2940 4910 etiam
2980 4854 3035 4908 in
3074 4851 3431 4924 sequentibus
3491 4848 3687 4919 capiti-

2116 4952 2241 5018 bus,
2275 4949 2479 5020 pluries
2522 4946 2653 5002 illud
2694 4945 3017 5018 Προσέχετε,
3066 4943 3358 5007 Attendite,
3400 4940 3689 4995 intercala—

2120 5055 2247 5100 tur:
2298 5042 2444 5113 quod
2481 5040 2756 5111 peculiare
2801 5047 2885 5094 est
2917 5034 3382 5107 ἀλληγορούντων,
3419 5033 3488 5088 ad
3511 5040 3688 5086 atten-

2121 5135 2321 5188 tionem
2351 5131 2673 5187 acuendam.

2196 5243 2214 5276 ι
2247 5222 2377 5292 Cap.
2423 5223 2458 5277 9
2509 5221 2590 5276 "z
2636 5221 2819 5275 Ἀλλὰ
2863 5219 2960 5273 καὶ
3010 5217 3128 5285 πᾶς
3155 5218 3343 5286 Σύρος
3375 5213 3692 5282 καὶἈραςῦ·

2121 5317 2219 5371 καὶ
2245 5315 2465 5382 πάντες
2486 5317 2541 5368 οἱ
2581 5313 2754 5382 ἱερεῖς
2776 5312 2892 5366 τῶν
2919 5311 3198 5379 εἰδώλων,
3230 5320 3336 5364 ctc.
3369 5327 3384 5362 :
3427 5306 3617 5360 Verum
3640 5312 3689 5357 et

2121 5411 2291 5465 omnis
2330 5406 2496 5479 Syrus
2521 5415 2571 5462 et
2595 5404 2767 5458 Arabs
2803 5412 2852 5458 et
2878 5419 3054 5458 omnes
3083 5401 3358 5474 idolorum
3391 5397 3690 5452 sacerdotes

523 5592 562 5665 ξξ
593 5590 781 5665 Barn.,
814 5591 984 5665 Epist.
1053 5607 1171 5662 cap.
1200 5593 1286 5665 15.
1329 5596 1407 5665 _“
1434 5595 1622 5660 Grab.,
1659 5593 1826 5665 Epist.
1875 5594 1946 5648 ad
1962 5592 2018 5648 I.
2044 5591 2180 5648 Mill.
2202 5589 2286 5665 Ade
2315 5584 2615 5665 lib._Iudi£.
2642 5581 2854 5665 genuirt.
2894 5575 3041 5632 LXX
3071 5566 3687 5665 fnttn.“vers.,npag.nﬁ'i.

453 5659 496 5731 ‘j
518 5659 782 5729 Masoch.,
815 5659 904 5717 ubi
955 5659 1137 5731 supra}

451 5727 626 5787 Oxon.
665 5725 820 5788 1715.
900 5734 942 5765 ¹⁶
976 5725 1343 5806 ΒόιυιιεΕρῑδι.
1387 5750 1506 5809 cap.
1537 5725 1588 5792 7.
1668 5737 1710 5769 ¹⁷
1751 5735 1884 5792 Ibid.

1246 5637 1288 5695 ῖί
1326 5637 1846 5730 ιιιεῗ’ἱῇ”δ’ἑῗ’”ἐέ
1873 5637 2505 5723 ὃῖρῖιὶἑὶὶἱζᾜὲχὲὲιὶιὴ,
2553 5637 2749 5710 δένδρη.
2783 5652 2876 5707 lib.
2913 5666 2967 5717 ν,
3007 5665 3126 5718 cap.
3172 5645 3268 5711 ιο,
3300 5659 3352 5715 p.
3386 5637 3689 5702 assedit.
