4032 6146
396 334 504 392 ⁸101

1741 314 2272 376 PROLEGOMENA.

3545 311 3654 370 708

401 447 859 506 circumciduntur
906 444 1039 513 Quae
1070 444 1268 503 merito
1295 441 1667 500 diﬂicultatem
1696 442 1974 495 crearunt.
2004 439 2052 496 Α
2077 433 2262 489 braice
2301 430 2597 503 respondet
2632 444 2864 498 censen,
2912 432 3032 497 via;
3084 446 3208 488 cum
3251 440 3443 487 contra
3472 427 3654 496 οὐδός

406 543 611 599 Verum
640 543 754 596 haec
792 557 899 594 non
931 549 1057 596 sunt
1085 539 1153 594 ad
1192 538 1523 594 severiorem
1566 534 1829 589 trutinam
1860 531 1978 589 exi-

405 635 616 707 genda,
670 632 766 688 sed
808 631 1162 702 παχυτέρως,
1216 628 1608 693 crassiuscule,
1660 625 1977 696 accipienda

405 728 557 783 hunc
609 723 779 780 ferme
838 723 896 777 in
943 724 1165 778 modum
1220 740 1234 777 :
1288 720 1478 789 Quivis
1538 718 1747 791 Syrus,
1798 716 1978 787 quivis

403 818 602 883 Arabs,
628 816 809 887 quivis
847 815 1267 870 simulacrorum
1299 811 1556 869 sacerdos
1600 808 1978 865 circumcisio-

406 923 532 961 nem
581 905 850 973 admittit;
883 915 978 959 aut
1010 921 1025 959 :
1062 901 1141 958 Ne
1181 901 1305 974 Syri
1336 902 1555 973 quidem
1591 909 1645 956 et
1670 900 1900 964 Arabes,
1925 905 1981 953 ct

402 993 613 1063 protani
637 991 946 1050 sacerdotes
967 1009 998 1050 a
1025 993 1441 1051 circumcisione
1477 994 1793 1050 abhorrent.
1826 991 1963 1051 Nam

401 1084 529 1155 quia
561 1085 700 1141 inter
724 1086 891 1157 Syros
915 1097 969 1142 et
992 1088 1219 1154 Arabes,
1243 1087 1492 1157 interque
1512 1086 1771 1159 profanos
1793 1102 1970 1143 sacer-

398 1177 557 1233 dotes
576 1184 778 1243 essent,
803 1178 895 1249 qui
920 1180 1011 1234 illo
1033 1195 1092 1235 se
1112 1180 1275 1236 modo
1296 1180 1611 1236 mundiores
1633 1187 1974 1249 praestarent:

399 1266 557 1324 licuit
614 1266 876 1325 Barnabas
933 1271 1179 1341 apostolo
1225 1271 1444 1336 dicere,
1496 1269 1974 1326 circumcisionem

398 1359 714 1427 promiscue
750 1359 820 1415 ab
873 1359 979 1415 illis
1016 1362 1287 1433 usurpari.
1322 1360 1458 1428 Quis
1512 1374 1622 1415 non
1678 1360 1734 1415 in
1774 1360 1973 1419 talibus

393 1453 600 1509 similia
626 1453 913 1525 loquitur?
936 1455 1205 1514 Caeterum
1231 1457 1472 1513 Arabum
1508 1457 1778 1528 plurimos
1804 1455 1978 1512 fuisse

391 1561 615 1618 verpos,
648 1549 812 1606 sicuti
836 1559 892 1606 et
928 1550 1243 1607 sacerdotes
1273 1549 1580 1623 Egyptios,
1618 1566 1729 1605 non
1765 1558 1848 1606 est
1876 1550 1978 1605 du-

389 1639 570 1696 bium.
622 1640 701 1698 Ac
748 1657 817 1698 ne
857 1641 925 1698 de
969 1640 1123 1714 Syris
1147 1642 1370 1715 quidem
1405 1651 1489 1699 est
1515 1643 1899 1707 dubitandum,
1928 1642 1976 1697 si

392 1732 620 1803 quidem
649 1748 841 1788 verum
871 1733 947 1791 sit
970 1734 1116 1805 quod
1155 1734 1367 1806 antiqui
1409 1734 1780 1802 crediderunt,
1813 1733 1977 1791 Phae-

390 1824 547 1880 nices
594 1825 898 1898 περιτομήν
947 1825 1257 1882 admisisse.
1303 1825 1565 1899 Origenes
1611 1827 1682 1881 ad
1719 1826 1872 1881 Rom.
1913 1842 1973 1893 ιι,

394 1917 490 1986 25,
543 1917 687 1974 inter
742 1927 968 1975 caeteros
1017 1920 1459 1976 circumcisionis
1514 1920 1754 1976 cultores
1809 1920 1973 1977 etiam

390 2006 683 2066 Phoenices
705 2012 1013 2067 numeravit
1046 2011 1133 2068 his
1163 2013 1348 2068 verbis
1377 2031 1391 2067 :
1418 2011 1479 2068 Si
1510 2012 1775 2083 replicetis
1804 2013 1974 2068 histo-

391 2103 505 2157 rias
538 2111 755 2177 vestras,
780 2102 1051 2157 invenietis
1072 2119 1175 2157 non
1201 2104 1373 2159 solum
1395 2104 1775 2177 Egyptiorum
1800 2124 1977 2161 sacer-

391 2193 564 2262 dotes,
589 2194 679 2249 sed
701 2202 751 2248 et
784 2192 987 2249 Arabas
1018 2204 1070 2250 et
1094 2193 1381 2267 Egyptios
1409 2206 1460 2252 et
1486 2196 1777 2257 Pummcss
1806 2199 1975 2256 alios-

390 2301 511 2355 que,
549 2302 771 2355 quorum
795 2286 975 2341 studia
1020 2289 1196 2359 gratia
1232 2287 1541 2358 Itujusmodi
1586 2291 1974 2361 superstitionis

389 2376 621 2449 nobilius
655 2379 845 2447 vigent.
1402 2374 1405 2377 ⁷

471 2487 491 2522 ι
527 2469 661 2541 Cap.
691 2470 759 2526 16
792 2471 879 2527 ἐξ
931 2471 1118 2528 Adhuc
1164 2482 1217 2529 et
1256 2473 1321 2527 de
1375 2472 1568 2545 templo
1598 2474 1774 2529 dicam
1806 2474 1972 2543 vobis,

388 2559 651 2629 quomodo
697 2572 933 2616 errantes
987 2563 1186 2628 miseri,
1220 2564 1313 2617 ἐπὶ
1337 2565 1439 2637 τὴν
1487 2564 1605 2620 ὁδὸν
1628 2566 1882 2637 ἤλπισαν,
1917 2569 1976 2622 in

389 2664 521 2704 vuu
542 2662 898 2721 speraverant,
922 2662 973 2707 et
1005 2655 1184 2709 nonin
1212 2655 1381 2710 Deum
1401 2658 1575 2727 ipsum
1601 2660 1692 2728 qui
1717 2659 1841 2729 fecit
1864 2676 1970 2727 eos,

386 2744 545 2811 quasi
585 2743 773 2798 domus
825 2744 925 2800 Dei
954 2755 1107 2801 esset.
1155 2744 1255 2802 Hic
1300 2733 1425 2803 non.
1454 2756 1538 2805 est
1564 2749 1791 2808 dubium
1840 2751 1974 2821 quin

382 2834 532 2901 ὁδοῦ,
560 2836 678 2904 vim,
707 2836 929 2892 nomine
949 2840 1209 2909 templum
1234 2841 1419 2911 veniat
1453 2860 1468 2896 :
1498 2857 1623 2897 nam
1651 2852 1710 2898 et
1740 2842 1796 2898 in
1834 2851 1975 2899 tem-

376 2928 481 3000 plo
508 2938 679 2985 totam
740 2927 1056 2985 Iudaeorum
1111 2931 1367 2987 ﬁduciam
1419 2932 1593 2990 fuisse
1649 2935 1971 3006 repositam,

372 3008 544 3076 motat
572 3020 665 3077 illa
708 3021 941 3079 celebris
981 3022 1369 3090 conclamatio,
1425 3022 1698 3095 Templum
1733 3025 1970 3095 Domini,

2077 524 2406 595 respondeat
2438 523 2705 579 Hebraico
2753 538 2902 592 SAPH,
2937 524 3080 593 quod
3119 534 3202 581 est
3229 522 3411 577 limen.
3450 520 3650 577 Verum

2077 617 2360 673 sciendum
2406 625 2494 673 est
2536 614 3127 681 ﬂebraicumrnsnscu,
3170 631 3294 670 cum
3335 630 3367 669 a
3394 613 3652 667 calcando

2076 709 2281 777 veniat,
2324 724 2435 764 non
2490 716 2701 763 tantum
2739 708 2880 761 viam
2923 706 3255 777 significare,
3291 707 3385 762 sed
3414 714 3472 761 et
3505 696 3655 777 paui-

2075 811 2329 867 mentum,
2358 809 2413 856 et
2437 799 2492 854 in
2528 799 2770 855 recitatis
2801 798 2939 854 locis
2968 799 3131 854 etiam
3158 798 3338 865 limen,
3362 799 3509 869 quod
3535 807 3651 853 sta—

2079 893 2175 947 tim
2224 893 2292 947 ab
2337 892 2772 964 ingredientibus
2818 890 3081 945 calcatur.
3132 888 3335 945 Deinde
3378 906 3503 945 cum
3540 888 3652 943 Jer.
3687 883 3705 918 "

2075 1002 2243 1054 xxxv,
2271 987 2325 1050 4,
2340 984 2769 1056 φυλάσσοντος
2796 985 2912 1053 τὴν
2940 984 3102 1051 ὀδόν,
3127 984 3468 1041 custodientis
3492 984 3651 1047 viam,

2073 1093 2175 1150 pro
2200 1078 2292 1132 τὸν
2311 1078 2486 1143 οὐδόν,
2513 1078 2857 1133 custodientis
2886 1078 3044 1132 limen
3072 1077 3219 1148 (nam
3248 1075 3383 1131 Heb.
3402 1086 3485 1131 est
3502 1080 3651 1148 sum)

2076 1187 2200 1227 meo
2229 1172 2439 1242 judicio
2471 1173 2710 1242 positum
2766 1172 3108 1238 inveniatur;
3164 1185 3276 1225 non
3321 1169 3486 1225 video
3520 1169 3652 1240 quin
3750 1216 3764 1230 .

2075 1266 2265 1324 eadem
2300 1267 2531 1326 mutatio
2561 1266 2702 1323 locis
2743 1281 2910 1336 supra
2937 1265 3271 1335 depromptis
3300 1262 3541 1334 potuerit
3564 1277 3656 1317 ac—

2075 1359 2277 1417 cidere.
2311 1358 2593 1414 Postremo
2620 1373 2690 1413 ne
2721 1358 2982 1413 tricemur
3025 1356 3254 1423 diutius,
3304 1356 3356 1411 si
3384 1370 3655 1427 gramma-

2074 1451 2216 1507 ticos
2271 1450 2547 1518 audimus,
2601 1450 2739 1515 ὁδός,
2787 1450 2895 1515 uia,
2953 1457 3008 1505 et
3046 1448 3219 1514 οὐδός,
3264 1448 3448 1503 limen.
3483 1464 3653 1503 unum

2077 1544 2329 1613 idemque
2373 1558 2573 1599 nomen
2606 1553 2753 1599 sunt.
2800 1542 2937 1598 Nam
2986 1551 3041 1599 et
3078 1542 3327 1598 Homero
3366 1541 3519 1606 οὐδός
3555 1557 3656 1612 pro

2074 1638 2211 1701 ὁδός,
2264 1638 2372 1703 via,
2434 1646 2736 1707 usurpatur
2790 1655 2805 1691 :
2851 1646 2905 1692 et
2946 1645 3136 1692 contra
3181 1635 3382 1691 Suidas
3422 1642 3655 1689 testatur

2074 1746 2261 1786 vocem
2292 1730 2429 1795 ὁδός,
2472 1729 2518 1785 si
2561 1739 2815 1785 tenuetur
2852 1730 3029 1801 prima
3070 1729 3298 1801 syllaba,
3348 1728 3657 1800 significare

2076 1823 2249 1891 οὐδόν,
2293 1824 2331 1879 i.
2365 1838 2416 1879 e.
2465 1822 2646 1889 limen,
2684 1823 2849 1879 allato
2889 1822 3177 1894 Sophoclis
3219 1822 3363 1878 loco.
3402 1820 3563 1877 Paria
3598 1821 3653 1876 In

2075 1911 2363 1968 Eustathio
2411 1913 2675 1982 reperies,
2714 1921 2769 1967 et
2816 1912 2870 1966 in
2922 1910 3209 1982 Sophoclis
3258 1910 3555 1967 scholiaste
3583 1909 3654 1967 ad

2075 2004 2341 2061 celebrem
2359 2005 2480 2075 ejus
2498 2004 2679 2060 locum
2704 2019 2734 2059 a
2760 2002 2929 2058 Suida
2956 2011 3011 2058 et
3031 2002 3319 2057 Eustathto
3348 2002 3653 2058 laudatum.

2075 2098 2153 2154 De
2196 2096 2397 2169 quibus
2448 2096 2574 2152 vide
2629 2096 2693 2152 ll.
2753 2095 3091 2168 Stephanum
3138 2097 3202 2151 η.
3239 2093 3350 2151 Nec
3379 2103 3434 2151 te
3472 2095 3657 2151 turbet

2074 2191 2223 2262 quod
2248 2191 2362 2247 haec
2380 2190 2605 2261 antiqua
2628 2199 2683 2247 et
2706 2199 2993 2261 poetarum
3019 2189 3317 2261 peculiaria
3344 2189 3651 2245 videantur:

2074 2300 2203 2340 nam
2234 2283 2289 2338 in
2322 2280 2465 2336 LXX
2507 2290 2564 2339 et
2608 2282 2811 2339 Judaeis
2855 2281 3167 2339 Hellenistis
3197 2282 3432 2353 plurima
3454 2297 3656 2337 occur--

2074 2384 2226 2446 runt,
2268 2375 2466 2447 partim
2522 2375 2833 2446 antiquata,
2897 2376 3096 2446 partim
3146 2374 3527 2430 Alexandrinae
3561 2381 3657 2429 aut

2075 2468 2307 2525 aliarum
2351 2467 2661 2539 ignOtarum
2702 2466 3061 2522 dialectorum
3099 2463 3417 2537 peculiaria.
3472 2481 3493 2516 ι
3544 2460 3655 2518 Ha-

2077 2569 2266 2618 ctenus
2297 2557 2361 2613 ν.
2394 2558 2453 2615 C.

2682 2669 2914 2728 CAPUT
2954 2668 3042 2725 Vl.

2074 2789 2152 2846 De
2177 2789 2340 2845 variis
2368 2785 2597 2858 ejusdem
2624 2781 3288 2858 Epistolazeditionibusae
3302 2750 3662 2858 versiouibus;

2143 2863 2201 2915 in
2226 2853 2412 2930 primis
2441 2872 2557 2912 vero
2583 2860 2648 2911 de
2670 2853 2843 2911 uetere
2865 2854 3062 2909 Latina
3085 2894 3099 2919 ,
3130 2853 3220 2907 ubi
3258 2861 3307 2907 et
3330 2853 3563 2920 paucula
3592 2853 3657 2906 de

2143 2948 2271 2987 cura
2300 2940 2503 2985 ηοειτα.

2145 3024 2266 3080 lam
2299 3039 2428 3080 vero
2469 3036 2541 3078 ne
2567 3019 2744 3077 ofﬁcio
2775 3027 2966 3075 nostro
2994 3017 3212 3089 penitus
3254 3017 3447 3073 deesse
3467 3016 3655 3071 videa-

375 3111 643 3181 te-nplum
690 3111 927 3181 Domini,
978 3121 1034 3168 et
1076 3115 1224 3185 quod
1266 3114 1425 3170 initio
1473 3125 1660 3171 noster
1690 3116 1759 3172 de
1783 3118 1974 3189 templo
2001 3124 2047 3188 ο
2078 3131 2224 3182 mur,
2255 3115 2322 3170 ad
2353 3114 2537 3169 varias
2567 3121 2624 3167 et
2659 3110 2881 3181 quidem
2925 3110 3165 3178 potiores
3194 3106 3452 3178 Epistola:
3490 3107 3656 3177 hujus

372 3205 673 3276 proposuit
699 3206 903 3272 dicere,
940 3215 997 3261 et
1041 3205 1190 3275 quod
1240 3222 1369 3262 mox
1408 3208 1613 3274 subdit,
1655 3209 1821 3274 Quasi
1862 3209 1972 3279 (via
2073 3207 2342 3264 editiones
2363 3221 2427 3259 ac
2444 3203 2725 3259 versiones
2748 3199 3107 3255 recensendas
3127 3200 3474 3255 accedamus.
3502 3197 3653 3252 lllam

372 3296 601 3355 scilicet
629 3296 744 3367 illa)
777 3297 967 3351 domus
1005 3296 1100 3351 Dei
1126 3308 1279 3353 esset.
1312 3297 1461 3354 Vidit
1484 3300 1586 3355 hoc
1608 3308 1664 3355 et
1698 3309 1857 3357 vetus
1888 3302 1973 3356 in-
2073 3302 2257 3370 itaque
2281 3299 2494 3367 primus
2548 3296 2700 3365 prelo
2748 3293 3056 3364 subjecerat
3080 3291 3278 3347 Oxouii
3324 3290 3656 3373 auno_1645

378 3398 623 3459 terpres,
658 3387 753 3457 qui
789 3402 889 3456 pro
922 3388 1066 3454 ὁδόν,
1090 3389 1254 3453 uiam,
1283 3389 1465 3459 posuit
1489 3391 1686 3455 (edem;
1714 3390 1795 3446 sic
1824 3390 1973 3446 enim
2071 3390 2308 3446 Iacobus
2357 3387 2638 3452 Usserius,
2676 3405 2696 3440 ι
2740 3385 2965 3452 Verum,
3012 3386 3192 3455 inquit
3235 3382 3416 3438 Fcllus
3444 3383 3511 3449 ⁸⁸,
3534 3382 3655 3451 ejus

377 3479 626 3544 reddidit
657 3497 673 3535 :
705 3477 773 3532 In
804 3494 965 3536 tensa
992 3496 1136 3549 spem
1164 3479 1483 3535 habuerunt.
1513 3481 1816 3538 Colelerius
1850 3482 1973 3553 qui-
2074 3481 2230 3538 urbis
2264 3489 2435 3551 parte.
2459 3495 2657 3552 magna
2696 3478 2844 3550 gravi
2890 3475 3142 3533 incendio
3192 3484 3460 3544 correpta,
3495 3484 3654 3544 typo-

380 3572 513 3627 dem
561 3570 628 3625 ad
658 3570 904 3641 quaedam
928 3570 1216 3631 Seniorum
1260 3572 1382 3627 loca
1422 3572 1661 3628 allusum
1710 3573 1967 3644 suspica»
2070 3577 2368 3647 grapheu’m
2399 3589 2522 3629 cum
2558 3581 2671 3627 tota
2710 3568 3072 3640 supellectile,
3104 3566 3320 3622 schedis
3371 3564 3653 3636 impressis

385 3672 504 3728 tur,
536 3661 591 3714 in
617 3660 820 3731 quibus
852 3660 971 3725 ὁδός
997 3661 1249 3719 similiter
1276 3678 1379 3733 pro
1410 3663 1603 3734 templo
1634 3664 1778 3719 sumi
1807 3678 1971 3734 posse
2069 3678 2124 3723 et
2147 3663 2445 3735 exemplari
2478 3664 2617 3733 ipso,
2647 3658 3025 3731 conﬂagravit.
3049 3680 3069 3714 ι

385 3753 626 3815 videtur.
664 3752 860 3809 Verum
887 3762 942 3810 et
968 3754 1058 3815 hic
1087 3753 1387 3819 Barnabas,
1436 3763 1492 3810 et
1516 3754 1591 3810 ibi
1629 3754 1771 3809 LXX
1795 3756 1969 3821 οὐδόν,
2141 3755 2263 3825 Quo
2289 3764 2468 3811 autem
2509 3754 2681 3810 ferme
2723 3762 2967 3823 tempore
2996 3748 3192 3806 Oxonii
3240 3764 3394 3805 suam
3425 3746 3655 3819 parabat

386 3845 573 3912 limen,
608 3846 899 3917 scripsisse
921 3846 1193 3914 videntur,
1224 3855 1489 3902 consueto
1510 3846 1787 3902 schemate
1810 3856 1971 3902 uten-
2069 3850 2362 3906 editionem
2394 3846 2651 3903 Usserius
2670 3887 2685 3912 ,
2715 3845 2783 3901 de
2820 3845 2935 3914 ipsa
2969 3842 3205 3913 Epistola
3236 3840 3462 3896 Parisiis
3502 3838 3659 3895 evul-'

388 3946 495 4003 tes,
543 3954 654 4011 quo
700 3954 828 4010 pars
869 3955 968 4009 pro
1016 3948 1132 3994 toto
1170 3939 1429 4007 sumitur,
1471 3949 1526 3995 et
1557 3954 1668 4010 quo
1700 3940 1971 4010 hodieque
2069 3941 2246 4013 gauda
2282 3939 2558 4010 cogitabat
2596 3937 2752 4008 llugo
2791 3934 3104 4000 Menardus,
3144 3933 3450 3987 monachus
3479 3931 3652 3987 Bene-

390 4031 622 4099 utimur,
655 4032 746 4087 ubi
787 4031 1003 4086 Limina
1043 4030 1405 4102 apostolorum
1435 4031 1671 4091 invisere
1712 4031 1967 4088 dicimur.
2068 4033 2307 4089 dictinus
2355 4046 2387 4085 e
2426 4030 2847 4101 congregatione
2877 4026 2947 4081 S-
2982 4025 3179 4081 Mauri.
3225 4023 3455 4094 Jamque
3509 4023 3652 4095 typis

387 4122 700 4195 Legendum
723 4131 808 4179 est
839 4124 1004 4194 igitur
1030 4123 1129 4178 ἐπὶ
1152 4126 1257 4177 τὸν
1282 4121 1529 4185 mitior”:
1552 4123 1631 4182 ’in
1661 4123 1868 4190 limine,
1909 4123 1965 4177 h.
2067 4128 2268 4192 praesto
2304 4128 2422 4175 erat
2447 4135 2609 4190 opus,
2644 4117 2877 4172 eruditis
2912 4114 3360 4171 adnotationibus
3407 4114 3653 4169 illustra-

385 4230 438 4270 e.
472 4214 664 4285 templo
710 4231 855 4285 spem
885 4213 1223 4289 collocantes.
1268 4212 1538 4269 Caeterum
1584 4214 1631 4268 si
1686 4212 1967 4270 Barnabas
2038 4223 2216 4279 .tum;
2245 4211 2341 4267 sed
2370 4226 2516 4268 anno
2561 4209 2700 4265 1644
2736 4209 2980 4275 ineunte,
3017 4216 3195 4261 morte
3238 4213 3505 4276 przerepto
3532 4204 3652 4258 viro

385 4311 549 4376 uiam,
571 4307 686 4377 τὴν
710 4307 873 4372 ὀδόν,
893 4307 971 4360 uti
1002 4322 1149 4362 nunc
1176 4306 1396 4377 legitur,
1413 4305 1655 4361 scribere
1677 4305 1962 4370 voluisset,
2068 4307 2250 4368 docto,
2266 4304 2411 4358 illius
2434 4300 2629 4359 edendi
2649 4316 2838 4370 curam
2863 4301 2916 4353 iu
2934 4314 2992 4354 se
3004 4298 3206 4368 recepit
3228 4298 3348 4367 ejus
3365 4297 3651 4369 syncellita

385 4403 457 4457 ad
486 4401 647 4456 finem
674 4399 869 4457 οὖσαν
892 4397 1191 4468 posuisset,
1215 4413 1323 4452 non
1351 4396 1517 4464 ὄντα,
1554 4397 1701 4468 quod
1723 4413 1830 4451 non
1858 4397 1963 4452 nisi
1998 4467 2014 4468 ί
2070 4396 2247 4452 Lucas
2270 4393 2589 4458 Dacherius,
2619 4392 2715 4461 qui
2745 4402 2799 4445 et
2821 4400 3039 4446 auctum
3070 4388 3391 4459 praefatione
3415 4404 3537 4454 sua,
3566 4388 3651 4441 in-

384 4509 513 4549 cum
540 4493 723 4550 οὺδόν
745 4467 1002 4548 convenit
1036 4507 1052 4545 :
1080 4490 1181 4558 ὡς,
1213 4490 1412 4561 inquit,
1440 4467 1586 4544 ὀντά
1606 4490 1773 4544 οἷκον
1792 4489 1960 4555 Θεοῦ.

2075 4496 2332 4559 sequente
2356 4499 2503 4541 anno
2531 4483 2671 4540 1645
2691 4484 2745 4538 in
2776 4483 2953 4538 lucem
2997 4483 3199 4537 emisit.
3233 4480 3305 4537 Ut
3330 4488 3511 4535 autem
3538 4478 3651 4549 pri-

382 4582 556 4649 Idem,
581 4584 659 4639 uti
679 4583 815 4650 dixi,
836 4582 1106 4653 judicium
1130 4582 1236 4637 erit
1258 4584 1343 4649 Ade
1371 4582 1507 4638 locis
1554 4580 1965 4639 LXXviralibus
2071 4600 2175 4640 mae
2209 4582 2375 4653 hujus
2396 4581 2653 4638 editionis
2682 4579 2824 4636 ratio
2851 4578 3041 4634 lectori
3068 4586 3350 4647 utcunque
3376 4584 3649 4644 comperta

383 4676 455 4731 Ill
484 4676 616 4747 Reg.
650 4692 771 4743 vm,
816 4674 1007 4741 44-48,
1058 4675 1114 4729 in
1160 4674 1362 4745 quibus
1404 4689 1553 4731 nunc
1596 4673 1965 4741 προσεύεον-
2071 4676 2163 4741 sit,
2190 4674 2365 4744 ipsius
2401 4673 2470 4729 cl.
2496 4672 2722 4728 editoris
2756 4670 2921 4725 verba
2954 4670 3045 4724 hic
3087 4668 3400 4723 describere
3426 4664 3647 4735 juverit.

384 4784 548 4823 ται...
576 4767 719 4823 ὀδόν
743 4768 964 4840 legitur,
994 4782 1119 4822 cum
1163 4766 1451 4838 legendum
1478 4765 1549 4821 sit
1572 4764 1775 4820 οὐδόν.
1816 4765 1962 4841 Ado—

388 4859 584 4933 rabunt
612 4858 794 4927 limen,
825 4867 935 4914 etc.
965 4857 1142 4913 Sicuti
1168 4856 1334 4912 etiam
1377 4854 1420 4910 11
1444 4855 1624 4916 Paral.
1658 4871 1734 4924 v1,
1766 4855 1959 4912 54-38.

386 4949 505 5009 Non
554 4950 800 5005 inaudita
850 4960 935 5007 est
981 4949 1127 5021 apud
1179 4959 1393 5004 veteres
1445 4948 1649 5004 liminis
1691 4948 1960 5005 adoratio.

388 5041 597 5098 Scitum
618 5048 704 5097 est
730 5042 894 5097 etiam
923 5042 1183 5112 antiquos
1214 5056 1243 5093 ο
1268 5054 1366 5110 pro
1393 5040 1602 5109 integra
1626 5038 1964 5112 diphthongo

385 5152 460 5189 ου
487 5133 741 5204 primitus
769 5133 1057 5205 scripsisse
1099 5135 1184 5202 (ut
1234 5132 1288 5187 in
1334 5131 1577 5187 nummis
1619 5132 1964 5204 Συρακοσίων

386 5241 488 5297 pro
512 5227 958 5294 Συρακουσίων,
976 5233 1033 5281 et
1061 5235 1314 5281 sexcenta
1339 5223 1583 5294 ejusdem
1605 5223 1798 5293 modi),
1816 5223 1962 5294 quod

390 5318 761 5389 postmodum.
793 5317 1223 5388 descriptoribus
1273 5315 1452 5371 fraudi
1505 5306 1696 5381 fuisse,
1730 5330 1839 5369 non
1879 5322 1965 5369 est

389 5410 771 5480 dubitandum.
820 5408 1029 5465 Dixerit
1069 5407 1267 5479 aliquis
1296 5408 1353 5463 in
1387 5407 1550 5463 modo
1593 5406 1827 5463 laudatis
1860 5406 1962 5461 Se-

390 5506 611 5583 niorum
659 5501 795 5583 locis
837 5500 983 5556 ὀδόν
1024 5516 1147 5558 esse
1185 5501 1549 5570 retinendum,
1599 5499 1730 5573 quia
1774 5498 1825 5556 ei
1856 5497 1961 5556 lle-

462 5741 504 5773 ¹⁸
534 5739 695 5801 Bartt.
734 5740 928 5823 Epist”
954 5756 1000 5795 ς.
1032 5738 1078 5792 7.

2070 4762 2162 4820 Sic
2207 4765 2371 4836 igitur
2419 4764 2546 4819 ille:
2588 4781 2605 4817 ι
2654 4761 2710 4816 lu
2753 4760 3036 4816 Pbilastrii
3073 4758 3313 4829 episcopi
3349 4754 3651 4810 Brixiensis

2067 4858 2325 4913 volumen
2354 4872 2519 4912 manu
2576 4855 2840 4924 scriptum
2872 4868 2903 4908 e
2942 4852 3259 4907 Corbeiensi
3294 4847 3649 4915 monasterio,

2068 4968 2195 5008 cum
2244 4949 2528 5006 incidisset
2571 4946 2867 5019 aliquando
2893 4944 2957 4998 Β.
2990 4943 3051 4999 Ρ.
3079 4944 3312 4998 domnus
3339 4940 3497 5011 llugo
3539 4938 3638 4994 Me-

2070 5044 2305 5109 uardus,
2347 5040 2544 5095 ibidem
2571 5037 2816 5109 proxime
2844 5043 2969 5106 post
3005 5033 3303 5104 Epistolam
3328 5029 3649 5086 Tertulliani

2069 5135 2148 5191 De
2185 5136 2316 5191 cibis
2345 5132 2616 5195 Judaicis,
2641 5129 2904 5186 Barnabae
2926 5128 3144 5183 nomine
3173 5124 3486 5196 insignitam
3519 5122 3652 5194 Epi-

2067 5228 2262 5283 stolam
2286 5242 2393 5281 una
2430 5240 2553 5280 cum
2582 5222 2767 5277 Jacobi
2810 5219 3041 5291 apostoli
3075 5216 3315 5287 Epistola
3344 5215 3649 5285 deprehen-

2068 5321 2189 5375 dit:
2238 5330 2474 5388 moxque
2521 5314 2574 5368 in
2608 5312 2852 5368 animum
2907 5308 3141 5371 induxit,
3170 5322 3289 5362 eam
3345 5314 3407 5359 ut
3431 5320 3496 5359 ex
3530 5303 3650 5373 pul«

2067 5426 2194 5467 vere
2216 5418 2271 5466 et
2291 5407 2546 5483 squalore
2568 5411 2870 5466 excuteret,
2898 5400 3253 5471 appositeque
3282 5397 3425 5453 notis
3454 5393 3648 5450 diluci-

2068 5506 2246 5561 daret.
2294 5502 2361 5558 At
2381 5500 2509 5572 quia
2553 5514 2618 5553 ex
2676 5496 3015 5567 primoribus
3063 5493 3321 5550 Ecclesiae
3367 5490 3645 5557 Batribus,

1162 5738 1203 5770 ι’
1234 5736 1297 5794 ll.
1328 5737 1538 5821 Steph,
1582 5737 1758 5809 Tltes.,
1789 5747 1918 5797 tom.
1954 5738 2018 5805 ll,
2056 5739 2163 5797 col.
2210 5740 2365 5796 1185.
2448 5740 2490 5771 ²⁰
2529 5738 2685 5806 Fell.,
2719 5738 2924 5811 praefat.
2964 5739 3028 5796 ad
3062 5737 3230 5811 Epist.
3269 5737 3503 5805 Barnab,
3602 5772 3607 5783 ι
