4066 6140
457 296 570 358 Ἰῡὸ

1607 305 1664 362 8.
1703 303 2076 361 BARNABAS
2110 304 2541 365 APOSTOLUS.

3606 312 3717 370 τοι

458 417 741 475 Clemente
786 419 1177 487 Alexandrino,
1217 416 1474 491 Origene,
1505 394 1865 485 Tertulliano,
1907 415 2041 471 Gre-
2071 417 2116 475 Δ
2146 416 2389 474 Patrum
2469 418 2885 491 apostolicontm
2952 420 3272 479 collectione
3363 419 3717 481 Londincnsi.

461 515 617 585 gorio
645 511 1012 581 Nazian‘zcno,
1041 513 1376 584 Hieronymo
1419 512 1653 581 aliisque
1683 525 1794 565 non
1829 507 2042 581 paucis,

464 607 566 661 hac
621 605 675 659 in
724 604 967 675 Epistula
1020 604 1352 672 Barnabam,
1401 618 1498 659 seu
1550 603 1799 673 quemvis
1853 599 2044 666 alium,

466 699 656 754 Grrece
696 697 867 754 fuisse
911 698 1153 753 locutum
1187 699 1329 754 haud
1357 698 1523 753 dubie
1565 695 1854 763 didicerat,
1891 694 2049 752 haesit

461 806 572 865 non
596 805 787 860 parum
814 791 1127 860 implicatus
1156 808 1170 845 :
1198 807 1296 847 nec
1316 789 1586 862 ejusmodi
1609 799 2048 857 monumentum,

461 883 543 937 sic
570 879 948 951 imperfectum
973 896 1038 936 ac
1068 882 1236 938 saevis
1265 890 1507 947 scatens,
1536 888 1599 935 ut
1618 880 1710 935 illa
1737 896 1845 950 qua
1875 880 2049 936 codex

462 975 774 1043 exscriptus
803 981 890 1028 est
925 981 1059 1028 tetas
1102 971 1330 1040 ferebat,
1362 973 1416 1028 in
1445 972 1721 1044 publicum
1766 987 1939 1029 ausus
1963 982 2050 1028 est

464 1063 690 1118 inferre.
727 1059 926 1117 Verum
952 1062 1230 1134 suppetias
1254 1062 1472 1119 tandem
1497 1063 1681 1118 attulit
1699 1062 2050 1119 doctissimus

464 1154 812 1221 Sit-mundus,
849 1157 1141 1213 Societatis
1165 1148 1293 1212 Jesu
1322 1157 1608 1227 presbyter
1638 1174 1652 1210 :
1682 1155 1732 1211 is
1758 1154 1959 1226 quippe
1978 1155 2050 1211 de

461 1248 782 1320 apographo
811 1249 1022 1317 Graeco,
1066 1249 1212 1321 quod
1246 1247 1436 1303 Ruina:
1459 1249 1605 1304 inter
1634 1263 1767 1305 mss.
1794 1256 1851 1303 et
1891 1249 2051 1304 sche-

375 1359 380 1363 ·
462 1340 565 1395 das
600 1338 666 1394 Β.
697 1339 760 1397 Ρ.
793 1339 1050 1395 Turriani
1079 1339 1387 1396 eruditione
1431 1354 1496 1395 ac
1521 1354 1703 1394 rerum
1751 1338 2049 1393 multarum

465 1433 695 1490 scientia
738 1434 1034 1490 clarissimi
1087 1443 1383 1504 reperera‘t,
1436 1434 1798 1489 libentissime
1827 1449 2049 1490 accom-

465 1526 708 1582 modavit
730 1525 1010 1584 Menardo.
1036 1524 1195 1582 Unde
1229 1536 1412 1581 autem
1441 1525 1799 1597 exscripserit
1822 1541 2052 1598 apogra-

463 1620 634 1688 phum
664 1616 992 1685 Turrianus,
1024 1632 1115 1672 res
1164 1624 1251 1672 est
1281 1617 1441 1673 nobis
1471 1632 1695 1687 prorsus
1747 1616 1955 1688 ignota.
1980 1618 2052 1672 At

462 1722 597 1765 vero
626 1710 792 1765 veluti
827 1709 1119 1781 genuinam
1171 1709 1394 1763 nomine
1428 1707 1695 1763 Barnabas
1723 1706 2047 1778 Epistulam,

465 1804 535 1858 ab
563 1802 808 1872 antiquis
835 1800 1197 1871 scriptoribus
1220 1801 1493 1856 laudatam
1521 1809 1686 1871 atque
1707 1809 2048 1872 usurpatam,

466 1892 666 1950 Versio
691 1895 807 1965 ipsa
836 1893 1053 1960 Latina,
1084 1894 1203 1949 sine
1230 1892 1399 1948 dubio
1425 1902 1550 1948 ante
1576 1907 1778 1948 annum
1807 1908 2053 1964 nongen-

465 1985 723 2042 tesimum
758 1986 962 2056 scripta
1019 1985 1351 2055 persuadet;
1390 1999 1518 2040 cum
1566 1983 1740 2040 l‘erme
1787 1984 2052 2041 continuo

465 2080 639 2134 textui
684 2077 873 2134 Graeco
913 2077 1239 2148 respondeat
1278 2076 1335 2131 in
1375 2076 1749 2133 omnibus.....
1799 2075 2052 2133 Mutilum

463 2178 551 2225 cst
574 2168 845 2235 Graecum,
873 2169 1065 2224 mutila
1094 2169 1276 2224 versiu
1298 2166 1513 2223 Latina.
1545 2167 1797 2226 Graecum
1831 2170 2052 2241 quidem

465 2260 681 2317 lacunis
706 2270 763 2316 et
794 2262 1033 2318 hiatibus
1062 2260 1220 2316 initio
1253 2268 1465 2316 tantum
1494 2259 1754 2332 Epistula:
1780 2261 2055 2319 deforma-

467 2362 674 2411 tur..."
712 2353 903 2411 Versio
939 2365 1122 2411 autem
1160 2364 1311 2412 caret
1333 2366 1487 2427 parte
1522 2364 1820 2426 postrema,
1843 2354 1932 2410 cui
1963 2370 2058 2413 ac-

466 2449 772 2503 cessionem
817 2462 957 2503 nova
990 2449 1440 2520 interpretatione
1474 2464 1544 2504 ex
1584 2447 1776 2506 Graeco
1806 2447 2055 2506 Romano

467 2539 651 2595 attulit
678 2539 1090 2596 Menardus.....
1118 2540 1375 2597 Codicem
1412 2541 1637 2596 unicum
1684 2539 1900 2606 habuit,
1926 2555 2054 2599 cum

465 2635 715 2691 Graecum
742 2642 857 2687 tum
900 2631 1187 2699 Latinum,
1216 2646 1396 2702 neque
1437 2646 1635 2686 sanum
1660 2632 1869 2703 ubique
1887 2632 2052 2699 satis;

469 2737 532 2784 ut
559 2725 787 2797 proinde
832 2741 979 2781 nunc
1018 2740 1173 2791 cura,
1218 2741 1365 2780 nunc
1399 2724 1715 2795 conjectura
1762 2724 1842 2780 illi
1894 2724 2057 2781 fuerit

465 2815 777 2874 adhibenda
810 2834 824 2869 :
855 2815 1003 2885 quod
1038 2823 1221 2869 tamen
1263 2813 1344 2869 sic
1373 2828 1538 2885 parce
1566 2821 1622 2869 t-t
1655 2813 1951 2883 prudenter
1978 2813 2056 2869 fe-

466 2907 566 2972 cit,
595 2916 656 2961 ut
683 2908 737 2959 in
769 2904 910 2959 linea
944 2918 1049 2957 non
1080 2902 1240 2957 facile
1279 2902 1515 2957 litteram
1548 2911 1810 2969 mutaret,
1857 2903 1954 2959 sed
1986 2904 2054 2959 ad

467 2998 772 3071 marginem
817 2996 1120 3052 adnotaret.
1158 3016 1177 3048 ι
1218 2994 1334 3051 lluc
1360 3012 1533 3066 usque
1560 2994 1884 3054 Dacherius.

2221 510 2367 567 Inter
2405 512 2684 569 versiones
2709 521 2890 569 autem
2926 514 3089 585 hujus
3128 513 3383 586 Epistulae
3418 517 3718 588 principem

2150 604 2331 659 locum
2382 597 2485 661 sibi
2523 604 2762 660 vindicat
2786 614 2946 661 vetus
2993 604 3227 662 Latina:
3275 606 3343 662 de
3376 624 3485 678 qua
3529 618 3723 679 praeter

2148 711 2212 751 ea
2251 712 2373 767 qua:
2402 695 2635 768 sparsim
2669 697 2794 753 hinc
2822 698 2947 754 inde
2993 698 3292 770 attigimus.
3325 699 3407 755 sic
3442 710 3625 757 censet
3648 703 3720 758 cl.

2149 787 2453 845 Cotelerius
2475 788 2521 820 “
2549 810 2561 844 :
2607 806 2626 841 ι
2664 786 2831 844 Vetus
2866 788 3242 859 interpretatio
3268 789 3574 847 barbariem
3599 793 3722 849 ubi-

2148 893 2277 948 que,
2309 879 2512 949 ubique
2561 878 2943 952 negligentiam
2969 880 3240 948 ostendit;
3286 890 3479 952 estque
3519 884 3723 955 imper-

2151 970 2288 1026 fecta
2345 977 2401 1025 et
2457 972 2671 1036 mutila,
2721 979 2836 1027 tum
2888 973 3117 1042 passim,
3172 982 3287 1028 tum
3345 974 3615 1046 praecipue
3656 976 3726 1033 ad

2150 1062 2336 1123 linem,
2364 1061 2458 1116 ubi
2491 1061 2790 1131 posteriora
2821 1063 2997 1133 capita
3035 1072 3379 1131 resecantur;
3410 1063 3551 1122 forte
3594 1068 3726 1138 quia

2150 1153 2336 1208 minus
2362 1153 2521 1210 ducta
2566 1154 2886 1209 videbantur
2918 1154 3222 1225 interpreti,
3249 1165 3412 1226 atque
3439 1155 3506 1211 ad
3541 1171 3726 1215 mures

2150 1244 2326 1315 magis
2364 1243 2690 1315 pertinentia
2720 1266 2732 1300 :
2767 1245 2930 1315 igitur
2975 1246 3201 1302 omissis
3244 1246 3332 1312 iis,
3364 1247 3725 1318 coluphunem

2150 1337 2611 1408 percluxulogiam
2652 1337 2901 1407 imponit.
2936 1336 3107 1393 Suum
3157 1347 3339 1394 tamen
3385 1339 3459 1395 illi
3487 1343 3725 1401 versioni

2149 1430 2381 1501 pretium
2413 1448 2427 1485 :
2456 1430 2544 1486 cui
2574 1429 2837 1486 debemus
2862 1431 3046 1501 priora
3077 1433 3276 1502 capita,
3303 1448 3427 1488 cum
3452 1450 3559 1490 nun
3586 1450 3725 1506 pau-

2147 1525 2230 1580 cis
2258 1522 2736 1579 emendationibus
2756 1522 2928 1578 Graeci
2956 1530 3274 1592 contextus;
3301 1533 3362 1579 ut
3385 1525 3520 1580 nihil
3545 1525 3725 1581 dicam

2148 1617 2216 1672 de
2239 1617 2565 1687 antiquitate
2587 1615 2734 1671 illius
2759 1631 2823 1672 ac
2851 1615 3218 1685 simplicitate.
3263 1635 3283 1669 ι
3314 1618 3603 1674 Auctorem
3629 1634 3728 1691 au-

2151 1718 2260 1765 tem
2289 1707 2456 1776 hujus
2491 1705 2763 1762 versiunis
2793 1703 2963 1761 fuisse
3005 1704 3064 1759 S.
3092 1704 3444 1762 Philastrium
3481 1705 3728 1763 Brixien-

2152 1816 2267 1857 sem
2296 1799 2612 1870 episcopum
2637 1795 3370 1868 conjecitPapebrochius",
3392 1814 3728 1872 cumquese-

2151 1899 2315 1946 eutus
2357 1888 2645 1944 Fabricius
2676 1888 2743 1943 “.
2777 1887 2848 1943 At
2878 1887 3152 1943 immerito
3180 1888 3560 1962 sane.,Neque
3583 1891 3726 1948 enim

2151 1980 2467 2049 Menardus,
2498 1980 2712 2052 primus
2740 1980 2939 2037 veteris
2968 1980 3115 2038 illius
3142 1982 3610 2053 interpretationis
3636 1984 3729 2041 dc—

2152 2084 2347 2141 tector,
2410 2089 2589 2145 neque
2637 2072 2901 2141 Vossius,
2946 2088 3124 2144 neque
3164 2073 3503 2141 Cotelerius.
3554 2091 3730 2147 neque

2153 2170 2247 2224 alii
2297 2168 2409 2239 qui-
2449 2167 2707 2239 deinceps
2754 2169 2897 2225 hanc
2943 2167 3241 2239 Epistulam
3293 2168 3621 2237 vulgarunt,
3675 2169 3728 2226 id

2154 2276 2397 2332 unquam
2424 2260 2624 2317 litteris
2650 2260 2942 2317 tradidere.
2973 2259 3140 2316 Error
3168 2269 3350 2316 autem
3378 2261 3728 2317 duumvirum

2154 2354 2374 2410 illorum
2403 2369 2435 2410 e
2479 2351 2936 2410 verbis'Dacherii
2967 2353 3129 2409 modo
3158 2353 3344 2409 relatis
3380 2353 3616 2410 fortasse
3642 2369 3732 2409 ur-

2154 2454 2272 2513 tus;
2305 2445 2505 2517 quibus
2533 2446 2795 2503 docemur
2829 2463 2849 2498 ι
2885 2445 3200 2501 Menardum
3230 2445 3283 2500 in
3318 2443 3594 2507 Philastrii
3616 2446 3726 2516 epi-

2154 2537 2304 2607 scopi
2334 2535 2635 2594 Brixiensis
2680 2537 2938 2592 volumen
2969 2550 3075 2591 ms.
3105 2549 3137 2591 e
3169 2534 3485 2590 Corbeiensi
3536 2549 3731 2590 mona-

2154 2628 2325 2684 sterio
2381 2626 2639 2685 incidlsse
2671 2647 2689 2680 ι
2728 2628 2783 2682 lu
2825 2641 2936 2698 quo
2988 2642 3097 2683 una
3153 2641 3277 2682 cum
3310 2626 3433 2682 aliis
3487 2634 3732 2693 veterum

2153 2718 2460 2789 opusculis,
2508 2727 2778 2774 vetustam
2823 2732 3045 2789 quoque
3072 2717 3336 2773 Barnabas
3363 2716 3622 2788 Epistula:
3649 2719 3734 2773 iu-

2157 2811 2601 2881 terpretationem
2634 2807 3011 2879 deprehendit,
3036 2823 3199 2878 quam
3230 2822 3296 2862 ex
3323 2808 3513 2864 eodem
3545 2809 3735 2865 codice

2155 2901 2446 2973 descripsit
2478 2900 2533 2956 in
2566 2901 2743 2957 lucem
2772 2901 3097 2956 emissurus.
3127 2898 3382 2954 Pluribus
3402 2900 3510 2970 egit
3537 2900 3638 2954 hac
3663 2902 3733 2955 de

2156 3009 2215 3049 re
2246 2992 2546 3049 Galeardus
2568 2990 2634 3048 ν.
2662 2994 2725 3049 (ἒ.
2758 2993 2812 3047 in
2846 2990 3164 3063 praefatione
3189 2990 3257 3046 ad
3284 2990 3614 3046 luculentam
3639 3005 3732 3046 ve-

539 3083 768 3144 Posteru
822 3102 971 3143 anno
1025 3086 1165 3142 1646
1218 3086 1616 3169 Amstelodami
1671 3088 1817 3160 typis
1871 3087 2054 3145 denuo
2080 3115 2124 3174 ε
2159 3093 2333 3141 terum
2392 3082 2617 3139 Patrum
2672 3081 2943 3137 Brixianat
3000 3080 3256 3137 Ecclesiae
3311 3080 3730 3148 collectionem;

465 3181 841 3237 excutiendam
859 3180 1076 3236 curavit
1097 3162 1351 3235 eamdem.
1365 3178 1664 3250 Epistulam
1682 3179 1904 3237 lsaacus
1925 3179 2057 3240 Vos-

468 3274 680 3353 sius-ad
708 3272 913 3329 calcem
936 3270 1308 3343 Epistolarum
1339 3269 1400 3330 S.
1429 3271 1623 3344 lgnatii
1645 3272 1745 3342 M.,
1767 3273 1912 3331 notis
1932 3275 2056 3331 bre-

469 3366 629 3421 vibus
672 3365 767 3420 sed
811 3364 1044 3421 eruditis
1093 3366 1463 3422 illustratum:
1507 3367 1668 3437 cujus
1720 3367 2053 3438 exemplara

470 3456 744 3514 Salmasiu
772 3456 953 3529 primo
983 3466 1268 3529 acceptum
1291 3457 1526 3513 contulit
1549 3473 1675 3513 cum
1706 3459 1883 3515 tribus
1914 3474 2051 3514 mss.

468 3548 773 3615 codicibus,
804 3564 873 3604 ex
919 3548 1265 3605 bibliothecis
1291 3547 1527 3605 Medicea
1573 3548 1911 3617 Florentius,
1944 3547 2055 3606 Va-

470 3641 651 3695 ticana
679 3648 734 3695 et
763 3638 1159 3695 Theatinurum
1192 3639 1383 3697 Romae
1426 3640 1741 3712 degentium
1785 3642 2052 3713 repetitis.

470 3731 683 3799 Quibus
713 3732 980 3789 subsidiis
1010 3732 1233 3804 adjutus
1271 3733 1702 3790 vetustissimum
1727 3735 1833 3790 hoc
1861 3749 2057 3791 monu-

470 3835 715 3881 mentum
757 3826 931 3881 multu
973 3826 1297 3898 castigatius
1325 3825 1637 3896 evulgavit:
1685 3844 1704 3879 ι
1742 3842 1867 3883 cum
1906 3827 2054 3883 enim

470 3918 715 3975 Meuardi
752 3920 944 3987 editio,
974 3930 1036 3976 ut
1064 3921 1294 3991 ipsemet
1335 3919 1432 3988 ait,
1469 3936 1537 3976 ex
1572 3937 1683 3977 uno
1716 3922 2059 3992 promanarit

470 4012 683 4078 codice,
712 4012 830 4068 lieri
854 4012 1014 4068 aliter
1043 4027 1151 4067 non
1181 4012 1363 4083 putuit
1392 4011 1528 4083 quin
1552 4012 2056 4070 inemendatissima

471 4105 735 4176 prodiret.
777 4124 797 4156 ι

544 4218 760 4289 Elapsis
785 4232 918 4273 vero
946 4216 1135 4288 viginti
1168 4232 1264 4273 sex
1298 4214 1458 4272 annis
1483 4232 1512 4271 a
1544 4216 1716 4288 prima
1743 4215 1919 4274 Vossii
1941 4216 2060 4279 edi-2‘

474 4312 643 4377 tione,
675 4310 817 4365 hanc
859 4308 1125 4364 Barnabaa
1166 4306 1461 4380 Epistulam
1509 4323 1732 4364 rursum
1779 4306 1833 4364 in
1859 4309 2058 4379 vulgus

471 4403 655 4458 emisit
682 4402 908 4459 Parisiis
953 4400 1093 4455 l672
1132 4416 1258 4454 cum
1297 4408 1481 4456 vetere
1532 4399 1728 4454 Latina
1783 4401 2053 4467 versione,

472 4512 613 4552 nova
666 4496 891 4567 insuper
946 4492 1413 4566 interpretatione,
1464 4494 1719 4565 notisque
1765 4495 2056 4552 luculentis

476 4592 801 4648 adornatam
852 4587 1094 4644 Joannes
1142 4586 1385 4661 Baptista
1436 4586 1770 4655 Cotelerius,
1826 4603 2060 4659 eamque

471 4686 750 4757 praeclara:
770 4698 886 4741 sua:
924 4681 1154 4737 Patrum
1195 4682 1606 4754 apostolicarum
1642 4681 1869 4737 editioni
1908 4681 2057 4737 inse-

471 4779 603 4834 ruit.
648 4777 822 4845 Quam
868 4776 1087 4847 quidem
1117 4773 1410 4830 editionem
1461 4774 1566 4829 sub
1606 4772 1770 4828 linem
1813 4772 2056 4843 ejusdem

472 4871 681 4939 sarculi,
714 4883 861 4925 anno
896 4868 1058 4936 l698,
1095 4866 1402 4936 Autuerpia:
1443 4881 1537 4921 seu
1575 4863 2055 4937 potius,Amstelo~

471 4965 616 5021 danti
650 4963 791 5036 typis
815 4961 1160 5034 consignavit
1187 4976 1311 5016 cum
1348 4960 1493 5015 notis
1514 4958 1787 5014 variorum
1818 4957 2057 5013 Joannes

470 5056 738 5124 Clericus,
798 5056 1106 5124 iterumque
1150 5051 1333 5108 saeculi
1387 5051 1660 5107 currentis
1720 5064 1866 5105 anno
1915 5048 2059 5104 1724

2150 3194 2343 3248 quem,
2372 3178 2420 3234 si
2446 3189 2624 3247 vacat,
2654 3177 2827 3233 lector
2854 3176 3014 3232 adeat
3039 3176 3107 3230 ".

2228 3290 2639 3348 Reeentioribus
2683 3303 2813 3345 vero
2857 3286 3202 3359 versionibus
3249 3293 3472 3356 praestat
3507 3283 3734 3357 Anglico

2156 3384 2430 3440 Guilielmi
2464 3381 2643 3438 Waltii
2665 3396 2792 3438 cum
2827 3379 3086 3451 Epistolis
3112 3378 3433 3441 Clementis,
3463 3376 3656 3449 lgnat.i
3678 3387 3736 3433 et

2156 3476 2461 3549 Pulycarpi,
2495 3489 2594 3531 nec
2623 3489 2732 3530 non
2786 3472 2999 3531 Hermze
3044 3472 3292 3540 Pastore,
3323 3471 3552 3527 Londiui
3592 3472 3733 3528 edita

2156 3582 2288 3622 ann.
2326 3566 2467 3621 1695
2489 3574 2545 3621 et
2583 3562 2740 3619 1710.
2777 3561 2852 3619 De
2879 3564 2983 3619 hae
3016 3572 3196 3619 autem
3222 3562 3471 3619 versione
3506 3563 3732 3633 loquens

2154 3655 2395 3713 Joannes
2423 3656 2668 3712 Clericus
2704 3655 2757 3710 in
2781 3654 3011 3725 epistula
3039 3653 3438 3724 nuncupaturia
3466 3653 3734 3724 posterio-

2159 3750 2235 3806 ris
2269 3749 2490 3803 Patrum
2531 3748 2945 3819 apostolicorum
2969 3747 3224 3809 editionis
3260 3745 3637 3813 Cotelerianaz,
3663 3746 3731 3801 ad

2155 3843 2407 3898 eumdem
2434 3840 2688 3896 Wakium
2712 3840 2828 3911 jam
2859 3839 3330 3911 archiepiscopum
3368 3837 3729 3895 Cantuarien-

2156 3950 2295 4002 sem,
2322 3936 2438 3990 haec
2465 3935 2628 3990 habet
2654 3954 2668 3989 :
2703 3953 2723 3987 ι
2759 3934 2886 3990 Fuit
2911 3942 2966 3989 et
2986 3932 3091 3987 alia
3123 3932 3284 3999 ratio,
3310 3947 3485 4003 eaque
3506 3930 3733 4003 majoris

2154 4028 2688 4101 ponderis,'propter
2706 4043 2871 4100 quam
2893 4026 3201 4083 existimavi
3225 4025 3320 4081 tibi
3345 4026 3489 4081 hanc
3508 4023 3732 4079 Patrum

2154 4122 2566 4195 apostolicorum
2615 4123 3059 4184 editioncm‘non
3093 4118 3510 4191 displicituram.
3563 4117 3733 4173 Nemo

2156 4216 2416 4272 nimirum
2459 4224 2597 4280 erat,
2647 4215 2739 4287 qui
2797 4213 2979 4269 minus
3027 4212 3413 4283 dedignaretur
3461 4210 3730 4283 ejusmodi

2157 4308 2480 4377 scriptores;
2507 4321 2743 4378 quorum
2774 4305 3082 4376 plerosque,
3106 4314 3160 4360 et
3187 4319 3282 4360 eos
3302 4305 3521 4375 quidem
3553 4303 3733 4375 genui-

2158 4413 2276 4465 uos,
2313 4395 2371 4452 S.
2403 4396 2729 4462 Barnabam,
2776 4396 2835 4449 S.
2875 4394 3163 4466 lgnatium,
3194 4394 3267 4450 Β.
3308 4395 3639 4450 Clementem
3678 4403 3734 4451 et

2161 4488 2221 4545 S.
2272 4489 2657 4560 Polycarpum,
2690 4487 2759 4543 ad
2805 4502 2944 4558 quos
2981 4501 3260 4543 accessere
3300 4486 3497 4541 Pastor
3525 4488 3735 4543 llcrntte

2157 4594 2213 4640 et
2233 4582 2427 4655 lgnatii
2452 4580 2794 4650 Martyrium,
2813 4580 2866 4635 in
2891 4579 3176 4651 Anglicum
3195 4593 3500 4634 sermonem
3519 4594 3732 4634 summa

2160 4674 2266 4729 lide
2290 4681 2459 4742 atque
2477 4669 2769 4741 elegantia,
2804 4668 2986 4739 quoad
3013 4683 3103 4723 res
3135 4667 3363 4734 ferebat,
3390 4668 3729 4735 convertisti,

2158 4776 2214 4821 et
2241 4762 2524 4835 prooemiis
2552 4763 2878 4834 pereruditis
2905 4778 2969 4817 ac
2994 4762 3203 4833 judicio
3243 4776 3463 4817 summo
3492 4760 3734 4816 conscri-

2160 4857 2269 4927 ptis
2307 4855 2537 4911 oruasti.
2570 4872 2590 4907 »
2626 4853 2704 4910 Ita
2745 4854 3010 4911 Clericus.
3038 4852 3173 4920 Quae
3212 4855 3433 4924 quidem
3456 4854 3510 4909 in
3542 4853 3733 4925 primis

2160 4949 2251 5004 hic
2286 4947 2595 5002 describere
2638 4946 2863 5018 placuit,
2903 4956 2961 5000 ut
3001 4953 3214 5002 constet
3261 4946 3441 5016 ipsum
3494 4956 3733 5002 mutasse

2159 5042 2483 5100 sententiam
2514 5061 2528 5099 :
2559 5044 2831 5114 siquidem
2875 5053 3033 5098 antea
3070 5042 3124 5097 in
3157 5058 3256 5098 sua
3298 5043 3542 5100 Historia
3567 5044 3732 5100 eccle-

474 5146 754 5203 uounullis
788 5145 1018 5202 Joannis
1058 5143 1279 5200 Davisii
1306 5143 1534 5213 suisque
1568 5141 2057 5198 animadversioni-
2156 5138 2376 5196 siastica
2397 5138 2444 5170 ’⁸
2475 5139 2758 5194 sinistrum
2786 5137 2993 5192 tulerat
3011 5136 3078 5193 de
3106 5137 3167 5194 S.
3198 5136 3459 5194 Barnabas
3492 5138 3730 5210 Epistula

472 5241 575 5296 bus
597 5247 837 5294 auctam.
879 5237 1145 5307 Denique,
1182 5246 1245 5293 ut
1280 5234 1436 5304 Fclli,
1469 5234 1671 5307 Moynii
1711 5234 2054 5304 aliorumque
2152 5232 2456 5304 judicium,
2505 5244 2668 5303 quam
2727 5228 2833 5284 hoc
2880 5227 2984 5283 loci
3013 5228 3234 5285 demum
3299 5231 3578 5300 genuinam
3630 5245 3731 5301 ap-

475 5342 863 5405 prtetereamus
910 5330 1198 5396 editiones,
1247 5329 1494 5385 eamdem
1550 5326 1847 5398 Epistulam
1897 5325 2049 5397 prelo
2153 5326 2339 5397 pellat.

474 5427 754 5485 commisit
797 5424 1104 5482 Richardus
1163 5422 1359 5480 Russel
1410 5436 1556 5478 anno
1612 5420 1751 5477 1746
1776 5457 1793 5485 ,
1842 5418 1899 5475 in
1947 5432 2049 5475 sua
2225 5417 2518 5490 Reliquum
2548 5423 2634 5473 est
2662 5425 2723 5473 ut
2749 5416 2941 5489 paucis
2979 5415 3352 5472 edisseramus
3380 5429 3487 5485 qua
3518 5413 3729 5468 ratione

543 5573 587 5603 ¹¹
628 5568 800 5624 Cotel.
827 5566 1009 5638 ludis.
1041 5568 1105 5622 de
1135 5565 1307 5638 Epist.
1333 5564 1391 5620 S.
1413 5565 1606 5638 Barth,
1642 5562 1745 5638 sub
1777 5562 1870 5638 litt.
1889 5631 1921 5638 __
1948 5562 1992 5593 "
2034 5558 2178 5638 Papo

478 5641 618 5695 Bibl.
649 5639 768 5702 Gr.,
799 5637 1017 5704 tom.X,
1049 5626 1256 5709 pagfzt,
1291 5645 1347 5691 et
1375 5626 1682 5709 praefataad
1702 5632 1760 5688 S.
1804 5631 2059 5709 [:hilastr.
2113 5626 2184 5663 ’ίδ
2216 5629 2490 5709 Galeam"
2522 5630 2730 5700 pncl'at.
2769 5631 2839 5685 ad
2864 5626 3071 5693 collect.
3106 5641 3206 5686 vet.
3234 5630 3353 5685 PP.
3386 5628 3532 5684 Brix.
3564 5626 3717 5697 κει,

477 5728 531 5784 p.
570 5698 819 5767 axx-xxvi.
869 5710 940 5744 ~"
978 5698 1150 5777 (ᾷιὲτξ
1180 5698 1322 5763 "ist.
1367 5698 1520 5772 me,
1551 5706 1617 5761 ad
1657 5721 1786 5760 ann.
1814 5703 1899 5769 7|,
1932 5701 1961 5774 §
1990 5701 2044 5769 ἓ,
2100 5715 2222 5773 pag.
2263 5698 2386 5755 474.

2179 5557 2261 5630 br.
2293 5559 2413 5614 Act.
2441 5556 2539 5614 SS.
2570 5556 2723 5626 Jun.,
2746 5567 2881 5615 tum.
2919 5557 2985 5624 ll,
3009 5576 3063 5630 p.
3089 5559 3346 5616 457-460.
3394 5556 3722 5630 A"7Faltric.,
