4066 6140
400 285 503 340 709

1736 278 2267 341 PROLECOMENA.

3542 291 3646 344 ἨΟ

394 407 572 477 capite
601 405 711 463 12:
747 425 767 460 ι
799 405 939 463 Ecce
981 407 1180 463 iterum
1228 404 1389 463 Iesus
1439 422 1549 463 non
1604 406 1751 462 filius
1806 403 1970 460 Navze
1997 409 2045 465 Α
2139 400 2311 457 Porro
2338 397 2527 455 Jesum
2557 399 2837 457 Christum
2888 416 2999 456 non
3045 403 3223 459 solum
3255 420 3444 460 verum
3475 404 3644 461 Deum

395 497 605 572 (Graece
628 498 843 563 melius,
860 498 973 562 υἱὸς
997 498 1329 570 ἀνθρώπου),
1347 500 1443 556 sed
1476 497 1646 555 Filius
1670 499 1785 564 Dei,
1816 507 1970 554 ante-

394 605 560 661 quam
601 589 655 644 in
689 604 854 644 carne
898 588 1341 644 manifestaretur
1388 589 1536 660 (l8);
1577 608 1596 642 ι
1625 592 1800 661 pergit
1840 603 1971 643 vero

394 681 697 747 Barnabas,
747 681 834 735 loc
867 680 961 735 cit.
1005 700 1024 734 ι
1067 680 1339 748 Quoniam
1387 698 1516 756 ergo
1568 682 1765 738 dicturi
1813 689 1971 737 erant

394 770 676 827 Christum
708 785 831 826 esse
862 772 1031 826 tilium
1060 771 1303 840 Davidis,
1330 773 1697 828 reformidans
1729 782 1784 828 et
1812 771 1971 826 intel-

394 864 569 934 ligens
601 878 839 919 errorem
873 864 1284 931 sceleratorum,
1339 864 1537 920 iterum
1578 865 1712 921 dicit
1758 864 1966 921 David:

401 974 421 1008 ι
460 953 606 1008 Dixit
635 952 898 1010 Dominus
933 954 1162 1011 Domino
1208 970 1351 1023 meo,
1384 975 1404 1008 ι
1430 965 1537 1012 etc.
1586 955 1707 1023 Quo
1749 955 1969 1011 Davidis

394 1047 541 1103 dicto
573 1046 687 1118 jam
730 1048 848 1118 ipse
899 1047 1147 1103 Salvator
1188 1049 1526 1104 divinitatem
1564 1060 1813 1120 personae
1857 1063 1973 1104 sua:

393 1138 596 1194 Iudaeis
627 1139 1018 1206 insinuaverat,
1043 1138 1280 1195 Matthtei
1310 1152 1448 1207 χχιι,
1480 1140 1568 1195 41.
1600 1139 1787 1196 Jesum
1811 1140 1975 1195 Chri-

396 1240 543 1285 stum
574 1247 762 1286 verum
803 1230 973 1286 Deum
1010 1247 1131 1287 esse
1178 1241 1232 1286 et
1280 1231 1477 1286 Filium
1522 1231 1639 1296 Dei,
1673 1233 1780 1287 alio
1808 1242 1975 1302 argu-

397 1337 583 1380 mento
613 1334 873 1395 praeterea
905 1326 1261 1393 demonstrat,
1289 1327 1418 1381 dum
1446 1326 1522 1381 ait
1552 1326 1665 1396 (t9)
1694 1341 1706 1378 ε
1742 1326 1973 1394 Quando

398 1426 582 1471 autem
608 1418 888 1487 apostolos
937 1433 1089 1483 suos,
1124 1418 1217 1488 qui
1263 1417 1608 1488 pmdicaturi
1642 1426 1798 1473 erant
1827 1417 1972 1473 illius

397 1506 773 1579 Evangelium,
804 1508 983 1580 elegit,
1008 1509 1262 1564 homines
1299 1508 1449 1564 omni
1480 1518 1705 1580 peccato
1734 1509 1974 1579 iniquio-

398 1608 509 1666 res,
541 1608 601 1653 ut
639 1600 952 1656 ostenderet
1000 1601 1143 1671 quod
1191 1615 1301 1656 non
1334 1600 1485 1656 venit
1531 1616 1728 1656 vocare
1766 1601 1970 1670 justos,

398 1690 494 1746 sed
528 1699 841 1762 peccatores
895 1692 962 1745 ad
1007 1692 1420 1761 paenitentiam,
1458 1699 1591 1748 tunc
1632 1693 1811 1763 palam
1836 1692 1968 1749 fecit

398 1799 458 1839 se
488 1799 608 1840 esse
635 1784 833 1840 Filiam
871 1781 968 1840 Dei
1006 1784 1119 1857 (20)
1151 1806 1164 1841 :

466 1875 590 1930 Alia
618 1877 781 1930 etiam
812 1874 865 1929 in
898 1875 1016 1930 loco
1059 1875 1339 1946 sequentia
1367 1876 1555 1933 scribit
1582 1875 1694 1948 (21)
1722 1896 1736 1933 :
1769 1896 1787 1930 ι
1825 1878 1966 1946 Quid

400 1966 598 2023 iterum
629 1966 762 2024 dicit
798 1968 1012 2039 Moyses
1042 1968 1171 2025 Jesu
1218 1970 1329 2027 tilio
1374 1969 1537 2025 Navae
1586 1956 1809 2043 (Josuae)
1840 1988 1965 2028 cum

396 2058 473 2114 illi
500 2060 797 2129 prophetia:
819 2062 989 2130 gratia
1015 2060 1262 2131 praedito,
1290 2062 1341 2117 id
1372 2062 1613 2118 nominis
1643 2063 1966 2134 imponeret,

395 2151 520 2205 ideo
552 2153 747 2218 solum,
776 2160 839 2207 ut
866 2153 1047 2209 omnis
1090 2154 1325 2224 populus
1375 2154 1717 2225 intelligeret,
1746 2154 1966 2211 Patrem

395 2243 463 2297 de
488 2236 629 2299 Filio
660 2259 759 2299 suo
786 2242 914 2300 Jesu
944 2253 1140 2301 cuncta
1178 2245 1564 2301 manifestasse
1615 2246 1725 2302 tilio
1769 2246 1971 2304 Navae?

397 2331 653 2403 hnposito
675 2334 838 2405 igitur
866 2350 931 2391 eo
964 2335 1185 2391 nomine
1214 2337 1431 2407 quando
1456 2337 1608 2394 misit
1636 2353 1761 2393 eum
1794 2338 1849 2394 in
1877 2356 1973 2396 ex-

394 2423 724 2494 ploratorem
769 2434 961 2494 terrae,
1002 2426 1141 2482 dixit
1174 2443 1187 2481 :
1216 2428 1407 2497 Accipe
1443 2426 1635 2481 librum
1678 2429 1734 2481 in
1782 2446 1969 2485 manus
2011 2498 2016 2503 _

397 2525 537 2583 tuas,
565 2526 615 2570 et
641 2518 807 2572 scribe
827 2535 943 2587 quw
971 2518 1105 2572 dicit
1135 2518 1415 2585 Dominus,
1437 2520 1685 2590 quoniam
1708 2521 1764 2575 in
1789 2522 1969 2577 novis-

396 2608 547 2662 simis
576 2608 755 2663 diebus
791 2607 965 2664 Filius
995 2610 1094 2665 Dei
1130 2610 1285 2666 Iesus
1314 2611 1581 2668 execindet
1625 2629 1659 2667 a
1700 2612 1967 2671 radicibus

396 2716 603 2755 onmem
625 2701 837 2757 domum
857 2703 1118 2759 Amaleci.

468 2913 580 2985 (18)
606 2912 1095 2987 ϐτειξεθζὲν-ᾳαρκὶ
1119 2914 1473 2987 φαγερωθείς,
1503 2929 1625 2987 qua}
1656 2930 1779 2987 cum
1813 2915 1975 2986 plane

394 2982 774 3057 consonasint
798 2982 951 3057 Pauli
978 2982 1208 3057 verbis]
1239 2982 1379 3041 Tim.
1414 3000 1475 3040 ιιι
1496 2982 1639 3053 (16,
1673 2982 1969 3057 Sabe—tea-

394 3054 606 3127 νεριὶιθη
637 3055 693 3106 ἐν
715 3054 898 3127 capaci,
926 3055 993 3110 ad
1018 3056 1133 3111 haec
1157 3055 1461 3111 Barnabam
1494 3056 1817 3127 respexisse,
1841 3054 1971 3114 vero

395 3124 540 3181 haud
565 3132 648 3179 est
679 3124 947 3180 absimile.

468 3190 582 3268 (ιιι)
617 3193 1083 3268 Epist._Bar_nalue
1110 3196 1288 3268 capite
1316 3196 1371 3268 5.

464 3265 578 3387 (20?
608 3263 841 3319 Oﬁ‘emlit
886 3266 974 3319 hic
1012 3263 1471 3337 locus'plurimus
1520 3265 1766 3331 criticos,
1798 3263 1971 3335 isque

464 3352 550 3387 ore
572 3335 818 3387 tensione
854 3337 1093 3387 maxima
1122 3338 1320 3387 dianus
1349 3336 1506 3387 abiis
1535 3346 1806 3387 censetur.
1833 3335 1970 3387 Ouis

392 3335 818 3405 reprehensione
854 3337 1093 3392 maxima
1122 3335 1320 3404 dig—nus
1349 3336 1506 3391 abiis
1535 3346 1806 3391 censetur.
1833 3335 1970 3403 Quis

395 3407 543 3478 enim
570 3406 775 3470 credat,
814 3405 1088 3476 inquiunt,
1115 3407 1391 3477 apostolos
1425 3406 1707 3460 hominum
1735 3407 1969 3478 iniquis-

396 3477 566 3531 simos
595 3482 659 3547 et
688 3490 851 3547 super
887 3492 1048 3531 omne
1092 3485 1372 3547 peccatum
1416 3484 1734 3547 peccatores
1778 3492 1808 3532 a
1835 3477 1969 3531 viro

396 3545 716 3616 apostolico
741 3546 910 3601 fuisse
948 3545 1211 3602 vocatos?
1254 3546 1541 3616 Simplices
1573 3547 1816 3616 quidem,
1868 3563 1967 3601 ru-

392 3615 514 3686 des,
534 3615 833 3685 imperitos,
854 3624 1018 3686 atque
1040 3617 1288 3673 homines
1312 3615 1779 3672 interdum’malos
1797 3617 1969 3672 fuisse

395 3685 544 3753 illos,
575 3687 629 3739 in
664 3685 838 3741 saeris
862 3685 1081 3743 Litteris
1112 3686 1343 3756 legimus
1372 3704 1386 3753 ;
1422 3694 1477 3741 at
1506 3696 1819 3754 peccatores
1849 3702 1969 3742 om-

396 3757 551 3810 nium
596 3757 866 3812 maximos
895 3772 990 3812 eos
1022 3758 1299 3813 exstitisse
1333 3772 1440 3810 non
1475 3756 1723 3826 legimus.
1769 3758 1966 3813 Annon

395 3826 513 3881 haec
541 3826 724 3896 opinio
757 3826 810 3879 in
843 3827 1017 3896 ipsius
1042 3827 1339 3882 Salvatoris
1379 3828 1548 3896 nostri
1577 3827 1966 3896 detrimentum

392 3911 464 3951 ac
496 3894 881 3951 contumeliam
914 3897 1214 3953 redundat?
1260 3896 1317 3951 Si
1348 3898 1492 3952 enim
1523 3895 1773 3953 Christus
1805 3894 1967 3955 Jesus

398 3966 719 4039 huiusmodi
741 3967 885 4039 viros
914 3970 981 4023 ad
1004 3968 1405 4039 praedicandum
1430 3982 1587 4039 suum
1612 3966 1966 4039 Evangeliurn

398 4038 612 4107 mittere
640 4037 917 4102 voluisset,
946 4036 1060 4093 haec
1085 4038 1278 4093 electio
1306 4036 1620 4093 scandalum
1646 4036 1968 4107 praebuisset

399 4102 640 4161 Hebraeis
668 4109 1060 4178 praeoccupatis
1082 4108 1197 4177 jam
1246 4117 1299 4162 et
1342 4108 1579 4163 incitatis
1618 4102 1803 4162 contra
1846 4108 1967 4163 Sal-

398 4185 664 4247 vatorem,
689 4177 873 4247 eisque
895 4177 1238 4233 Occasionem
1266 4178 1521 4239 dedisset,
1551 4178 1867 4233 detrahendi
1898 4179 1967 4233 de

401 4247 521 4315 ejus
542 4244 683 4318 fama
716 4244 1079 4318 aedoetrina,
1115 4248 1341 4317 proinde
1368 4249 1747 4318 etimprovide
1785 4251 1839 4301 in
1871 4249 1964 4304 tali

401 4316 663 4388 electione
696 4317 916 4387 egisset,
950 4318 1094 4388 quod
1116 4316 1374 4387 cogitare
1407 4317 1474 4371 de
1507 4316 1717 4372 summa
1750 4318 1965 4388 sapien-

400 4389 476 4443 tia
508 4386 881 4455 blasphemum
909 4386 1011 4443 est.
1050 4386 1251 4442 Verum
1298 4388 1383 4443 his
1416 4388 1738 4445 ratiunculis
1776 4386 1844 4443 ex
1882 4389 1965 4442 vi-

403 4464 588 4513 rorum
624 4456 875 4512 .aliorum
928 4459 1372 4528 doctissimorum
1420 4458 1687 4514 sententia
1731 4460 1967 4528 primum

402 4528 740 4598 reponimus,
767 4528 902 4582 nihil
932 4528 987 4582 in
1020 4527 1316 4598 Scripturis
1338 4543 1646 4593 occurrere,
1668 4527 1815 4598 quod
1839 4528 1969 4584 huic

403 4596 666 4669 Barnabas
708 4598 853 4653 dicto
886 4596 1166 4669 repugnet.
1201 4597 1403 4669 Deinde
1436 4616 1563 4655 vero
1595 4596 1725 4669 quid
1766 4600 1967 4666 obstat,

405 4668 537 4737 quin
569 4668 690 4737 ejus
722 4669 886 4723 verba
921 4667 1002 4723 sic
1030 4667 1399 4738 accipiantur,
1435 4679 1494 4724 ut
1528 4667 1661 4723 nihil
1690 4670 1836 4724 aliud
1880 4683 1972 4725 80-!

405 4747 557 4805 nent,
580 4754 744 4807 quam
785 4739 1082 4809 apostolos,
1112 4747 1403 4809 antequam
1441 4749 1788 4806 vocarentur,
1816 4739 1969 4808 plura

404 4816 461 4861 et
508 4810 694 4879 gravia
743 4808 960 4879 quidem
994 4808 1286 4879 peccasse?
1334 4808 1573 4879 ld_sane
1622 4810 1689 4865 de
1722 4809 1972 4865 Matthteo

407 4877 697 4947 publicano
735 4877 951 4935 constat
990 4877 1011 4937 ἶ
1044 4880 1097 4934 id
1130 4894 1357 4949 quoque
1388 4877 1454 4949 de
1492 4881 1738 4949 apostolo
1767 4879 1968 4947 Paulo;

406 4950 524 5072 qui,
554 4958 614 5002 ut
643 4950 868 5032 ipsemet
904 4950 970 5005 de
1016 4965 1075 5006 se
1124 4948 1314 5005 scribit
1344 4948 1360 5001 Ι
1397 4948 1539 5031 ξΙῚιιιζ
1591 4966 1710 5020 cap.
1745 4966 1786 5017 ι,
1824 4965 1970 5006 vers.

444 5019 478 5072 5
509 5029 563 5072 et
594 5016 680 5072 15.
712 5036 916 5072 erimus
955 5020 1283 5072 blasphemus
1333 5020 1454 5072 fuit.
1486 5030 1536 5072 et
1573 5032 1890 5072 persecutor.
1923 5030 1970 5072 et

444 5019 478 5072 5
509 5029 563 5074 et
594 5016 681 5085 i5,
710 5020 916 5090 primus
955 5020 1283 5090 blasphemus
1331 5020 1454 5090 fuit,
1486 5030 1536 5073 et
1572 5016 1890 5089 persecutor,
1923 5030 1973 5075 et

407 5090 839 5162 contumeliosus,
870 5092 1070 5162 quique
1110 5090 1348 5162 seipsum
1382 5091 1614 5162 appellat
1651 5102 1974 5161 peccatorem

408 5159 665 5231 primum,
690 5161 770 5215 sic
799 5159 1049 5231 inquiens
1076 5180 1089 5216 :
1124 5160 1365 5215 Christus
1391 5159 1545 5215 Iesus
1574 5159 1708 5216 venit
1734 5164 1790 5216 in
1815 5178 1974 5228 mun-

410 5231 537 5301 dum
566 5230 791 5301 ⁸ιςιιιιιιινε
838 5230 1153 5300 peccatores,
1199 5246 1421 5301 quorum
1459 5247 1551 5301 ego
1591 5233 1793 5301 primus
1836 5247 1971 5286 sum.

412 5298 533 5372 Quo
558 5299 694 5356 forte
721 5302 775 5356 in
796 5298 987 5372 primis
1016 5298 1255 5372 respexit
1282 5298 1647 5366 auctor,'du'm
1679 5304 1974 5371 apostolos,

414 5371 745 5453 priusquam
772 5371 1122 5443 eligerentur,
1160 5372 1407 5453 homines
1435 5382 1619 5453 _vocat
1669 5373 1816 5427 oumi
1852 5388 1977 5452 pec-

412 5451 536 5525 cato
578 5442 877 5525 iniquiores
908 5462 921 5498 :
960 5458 1151 5525 neque.
1182 5443 1327 5496 enim
1353 5444 1650 5525 quidquam
1685 5442 1975 5525 noscogit,

414 5520 475 5583 ut
505 5512 572 5567 de
602 5515 857 5568 omnibus
883 5527 938 5568 et
957 5511 1185 5583 singulis
1213 5511 1472 5581 apostblis
1500 5511 1553 5567 id
1580 5514 1648 5567 ab
1677 5527 1742 5567 eo
1771 5511 1978 5583 dictum

414 5580 800 5654 intelligamus.
824 5583 967 5651 Quid
995 5580 1141 5654 quod
1165 5580 1301 5639 duos
1329 5583 1788 5639 luculentissimos
1817 5581 1979 5654 hujus

414 5651 485 5707 ab
517 5648 967 5725 auctoreino'stro
995 5648 1216 5725 prolatae
1239 5655 1518 5709 sententia:
1545 5664 1820 5725 patronos,
1852 5648 1980 5725 Ori-

416 5736 608 5795 genem
651 5734 705 5783 et
751 5720 1137 5797 Hieronymum
1176 5723 1231 5779 in
1276 5720 1858 5797 promptu'habemus.
1886 5720 1980 5778 Ille

2069 508 2211 561 esse,
2248 492 2343 548 sed
2392 502 2446 548 et
2492 508 2681 548 verum
2729 493 3218 553 hominem‘fuisse
3258 508 3443 569 aperte
3482 502 3648 569 proti-

2074 597 2219 643 tetur
2256 588 2345 643 hic
2392 596 2602 653 auctor,
2628 587 2755 641 dum
2803 587 2935 643 dicit
2977 588 3253 645 Christum
3304 593 3396 648 Dei
3447 594 3644 648 Filium

2072 690 2296 752 propter
2311 696 2413 737 nos
2430 697 2649 751 passum
2673 700 2686 735 :
2714 700 2731 732 ι
2755 680 2810 737 Si
2833 697 2982 752 ergo,
3012 703 3030 735 ι
3053 684 3227 753 inquit
3243 687 3330 743 ille
3348 689 3483 760 (ἓξ),
3506 709 3523 741 ι
3551 689 3645 744 Dei

2083 774 2274 840 Filius,
2302 774 2397 844 qui
2440 784 2525 829 est
2563 772 2848 841 Dominus,
2881 775 2974 844 qui
3000 774 3341 844 judicaturns
3375 790 3458 835 est
3494 783 3649 839 vivos

2072 873 2129 921 et
2174 875 2439 931 mortuos,
2468 864 2561 935 qui
2609 881 2807 934 passus
2857 875 2961 931 est,
2993 875 3054 920 ut
3082 868 3236 938 plaga
3268 870 3411 927 illius
3434 874 3662 965 vividosi

2074 974 2174 1015 nos
2218 958 2505 1013 redderet:
2533 958 2822 1012 credamus
2866 973 2974 1011 non
3017 960 3261 1028 potuisse
3299 961 3493 1037 Filium
3552 966 3646 1021 Dei

2070 1053 2204 1124 pati,
2229 1051 2335 1108 nisi
2376 1062 2595 1122 propter
2630 1066 2755 1117 nos,
2791 1049 2885 1106 sed
2914 1058 2969 1105 et
2994 1052 3142 1109 cruci
3180 1052 3392 1121 afﬁxus,
3422 1067 3574 1113 aceto
3594 1069 3648 1115 et

2082 1144 2206 1200 felle
2236 1144 2556 1214 potabatur.
2598 1161 2619 1195 ι

2140 1237 2436 1306 Postquam
2456 1236 2546 1291 hic
2567 1236 3001 1307 auctor-longum
3023 1246 3269 1293 texuerat
3292 1254 3517 1309 operum
3546 1242 3648 1295 bo-

2073 1341 2269 1382 norum
2299 1335 2354 1380 et
2390 1334 2783 1396 praceptorum
2828 1327 3158 1397 catalogum,
3190 1344 3254 1382 ac
3299 1330 3481 1385 omnia
3513 1347 3649 1401 pene

2075 1433 2288 1474 morum
2317 1418 2570 1488 dogmata
2603 1418 2926 1488 compendio
2956 1418 3133 1474 fuerat
3160 1422 3501 1491 complexus,
3528 1435 3654 1480 tan-

2073 1510 2193 1566 dem
2220 1510 2285 1564 de
2304 1510 2414 1564 vita
2437 1518 2636 1564 aeterna
2656 1525 2721 1565 ac
2745 1512 3143 1565 resurrectioue
3168 1514 3351 1568 carnis
3382 1516 3497 1571 haec
3526 1518 3652 1571 sub-

2073 1601 2152 1657 dit
2178 1601 2290 1672 (25)
2318 1619 2331 1655 :
2370 1619 2388 1653 ι
2424 1601 2735 1672 Cognosces
2766 1611 2945 1657 autem
2982 1603 3105 1672 quis
3135 1604 3207 1657 sit
3238 1605 3413 1660 bonus
3441 1623 3650 1663 merce-

2075 1692 2161 1749 dis
2186 1693 2500 1749 retributor.
2527 1711 2546 1744 ›
2586 1691 2661 1748 De
2683 1694 3184 1763 transgressorihus
3216 1705 3394 1751 autem
3422 1701 3650 1755 manda.

2001 1770 2046 1827 Β
2074 1791 2255 1837 torum
2292 1790 2345 1836 et
2384 1782 2625 1837 studium
2673 1782 2939 1837 bonorum
2987 1798 3214 1853 operum
3254 1786 3649 1856 negligentibus

2076 1872 2153 1927 ait
2175 1872 2287 1943 (24)
2318 1891 2333 1928 :
2371 1891 2389 1924 ι
2420 1870 2536 1927 Non
2565 1882 2971 1941 consequentur
3002 1873 3303 1941 mercedem
3329 1873 3646 1944 justitiam...
3728 1898 3729 1901 η

2074 1980 2291 2036 aaquum
2330 1964 2497 2035 igitur
2523 1970 2605 2019 est
2645 1972 2705 2018 ut
2746 1964 2923 2020 edocti
2954 1963 3375 2034 justifieationes
3406 1967 3646 2035 Domini,

2072 2066 2342 2129 quotquot
2384 2056 2537 2127 prius
2578 2056 2794 2126 scripta:
2842 2065 3004 2124 sunt,
3046 2057 3099 2112 in
3151 2058 3231 2114 eis
3285 2061 3647 2119 ambulemus.

2072 2148 2177 2217 Qui
2208 2148 2354 2205 enim
2389 2163 2482 2204 eas
2534 2147 2682 2214 facit,
2716 2147 2771 2201 in
2804 2163 2972 2218 regno
3003 2148 3096 2204 Dei
3139 2150 3311 2221 gloria
3346 2154 3650 2209 cumulabi-

2080 2249 2169 2296 tur
2196 2258 2211 2295 :
2240 2240 2335 2311 qui
2355 2254 2484 2295 vero
2509 2239 2614 2294 alia
2642 2238 2884 2311 elegerit,
2910 2240 3073 2294 simul
3097 2257 3221 2296 cum
3249 2239 3505 2313 operibus
3534 2246 3651 2302 suis

2076 2334 2297 2403 peribit.
2358 2332 2647 2402 Propterea
2704 2332 3075 2401 resurrectio,
3141 2346 3428 2406 prepterea
3487 2337 3648 2393 retri-

2075 2425 2250 2482 butio.
2297 2442 2317 2480 ι

2145 2518 2272 2575 Haec
2308 2528 2436 2576 sunt
2459 2535 2580 2590 quae
2608 2518 3082 2575 animadversione
3109 2518 3272 2590 digna
3303 2521 3358 2575 in
3385 2521 3488 2577 hac
3518 2521 3646 2593 Epi-

2074 2616 2213 2669 stola
2243 2614 2346 2686 legi
2381 2616 2565 2685 quoad
2594 2614 2814 2686 dogma.

2149 2708 2177 2780 ﬁ
2210 2706 2297 2763 lll.
2352 2707 2430 2763 De
2479 2708 2765 2780 baptismo,
2805 2709 3225 2781 justiﬁcatt'one,
3265 2721 3370 2766 etc.
3400 2738 3471 2753 α-
3506 2712 3653 2769 Nihil

2081 2918 2290 3001 scilicet
2336 2928 2517 3001 contra
2571 2914 2779 3001 Celsum
2808 2916 2914 3001 lib.
2958 2934 2997 3000 ιε
3030 2918 3057 3001 ᾖ
3089 2918 3178 3001 65,
3210 2908 3514 3001 disputans,
3554 2940 3655 2979 au-

2076 2991 2244 3061 ctoris
2274 2997 2447 3061 nostri
2477 2995 2682 3043 dictum
2719 2988 2856 3061 forte
2885 2988 3254 3061 arripientem,
3284 2988 3394 3061 quo
3422 2992 3654 3051 infames

2076 3060 2325 3114 homines
2373 3056 2540 3128 fuisse
2569 3057 2868 3127 apostolos,
2898 3056 3220 3128 publicanos
3247 3056 3523 3118 et'nautas
3554 3081 3653 3119 ne-

2075 3128 2373 3200 quissimos
2399 3127 2623 3191 diceret,
2646 3128 2774 3200 haec
2810 3127 2971 3200 habet
3001 3146 3014 3200 ς
3045 3147 3063 3180 ι
3102 3130 3241 3195 Quid
3266 3144 3395 3200 ergo
3427 3132 3651 3188 absurdi

2073 3196 2176 3261 est,
2204 3196 2443 3269 sigJesus
2471 3198 2756 3251 ostendere
2779 3198 2975 3269 volens
3002 3198 3245 3253 humano
3272 3196 3457 3269 ge'neri
3485 3218 3651 3269 quam

2072 3267 2310 3323 efﬁcacia
2345 3266 2475 3331 sint,
2504 3280 2627 3335 qua:
2655 3266 2861 3335 morbis
2891 3268 3198 3321 animarum
3227 3266 3447 3322 adhibet
3474 3266 3650 3327 reme-

2070 3338 2180 3404 dia,
2219 3335 2450 3407 infames
2492 3334 2546 3389 et
2599 3334 2964 3407 nequissimos
3008 3336 3249 3406 elegerit,
3301 3338 3533 3407 illosque
3584 3357 3653 3397 eo

2070 3405 2399 3477 provexerit,
2430 3414 2491 3477 ut
2534 3406 2840 3477 purissima:
2864 3404 2992 3477 vita:
3022 3404 3329 3477 exemplum
3366 3404 3550 3463 essent
3584 3411 3651 3466 iis

2070 3473 2163 3547 qui
2187 3491 2376 3532 eorum
2422 3473 2728 3547 ministerio
2760 3475 2827 3529 ad
2860 3473 3213 3547 Evangelium
3244 3476 3446 3531 Christi
3477 3480 3651 3533 addu-

2070 3544 2327 3602 cerentur
2388 3564 2406 3598 ι
2434 3544 2567 3617 Vide
2605 3544 2916 3617 Origenem,
2949 3546 3123 3617 virum
3148 3545 3311 3617 illum
3348 3547 3507 3617 longe
3547 3551 3651 3604 do-

2070 3618 2400 3683 ctissimum,
2434 3616 2486 3669 in
2519 3630 2629 3685 quo
2675 3624 2825 3685 tanta
2859 3614 2941 3669 vis
2982 3615 3204 3685 ingenii,
3238 3624 3345 3669 tam
3370 3614 3648 3685 profundi,

2073 3696 2180 3743 tam
2212 3688 2375 3749 acris,
2416 3684 2847 3755 tam’elegantigs,
2888 3694 3023 3739 teste
3049 3684 3334 3739 Vincentio
3376 3684 3651 3744 Lirinensi

2069 3754 2126 3813 in
2179 3757 2521 3820 Commonit.,
2574 3753 2833 3825 cap._l7,
2882 3763 2941 3808 ut
2986 3770 3178 3825 omnes
3231 3771 3369 3824 pene
3417 3759 3649 3813 multum

2070 3828 2335 3897 longeque
2367 3822 2667 3897 superaret,
2694 3822 2989 3897 Origenem
3019 3824 3174 3897 nihil
3221 3822 3490 3880 absonum
3525 3827 3653 3883 huic

2069 3893 2786 3976 sententiae-inesse,‘nihii
2834 3893 3084 3949 Barnaba
3136 3896 3649 3976 (qucm‘auetoretn

2069 3968 2216 4023 illius
2248 3964 2637 4035 arbitrabatur)
2671 3965 2955 4035 indignum
3003 3962 3305 4021 censuisse.
3334 3962 3520 4035 Neque
3551 3968 3651 4020 ali--

2070 4035 2234 4117 ter_S.
2266 4033 2666 4117 Hieronymus,
2689 4038 2784 4117 qui
2824 4033 3133 4117 Pelagianis
3165 4035 3357 4117 objicit
3397 4033 3646 4117 eamdem

2068 4107 2235 4177 hujus
2279 4104 2518 4161 auctoris
2554 4104 3074 4177 sententiammlibro
3117 4120 3177 4158 ιιι
3220 4114 3417 4177 eontra
3460 4107 3647 4177 Pelag.

2067 4178 2122 4243 5,
2144 4173 2210 4240 '2,
2243 4178 2368 4233 licet
2395 4175 2671 4230 memoria:
2698 4175 2850 4244 lapsu
2878 4174 3025 4229 illam
3058 4173 3268 4246 lgnatio
3292 4178 3515 4246 martyri
3551 4173 3651 4230 tri—

2066 4247 2210 4314 buit;
2245 4258 2561 4316 tantumque
2600 4246 2773 4308 abest,
2805 4254 2862 4316 u_t
2885 4260 3004 4316 eam
3031 4244 3114 4298 vel
3161 4245 3350 4299 leviter
3397 4244 3566 4314 nutet,
3595 4256 3655 4303 ut

2067 4317 2305 4373 maxime
2335 4314 2500 4373 etiam
2522 4317 2694 4385 ipsam
2728 4330 2794 4368 ex
2821 4314 3129 4379 Psalmista,
3157 4316 3352 4384 psalm.
3385 4331 3474 4381 xv,
3507 4331 3559 4370 v.
3590 4317 3649 4381 4,

2068 4388 2424 4453 conﬁrmans,
2454 4386 2534 4440 sic
2564 4386 2779 4440 tandem
2818 4385 3055 4454 graviter
3086 4386 3417 4439 concludat:
3458 4402 3476 4435 ι
3520 4386 3641 4451 Qui-

1998 4448 2045 4505 Ι)
2070 4457 2173 4513 bus
2198 4448 2521 4512 testimoniis
2546 4457 2591 4510 si
2622 4471 2730 4509 non
2761 4448 2930 4509 utEris
2956 4455 3023 4508 ad
3057 4456 3464 4519 auctoritatem,
3496 4448 3654 4511 utere

2072 4528 2264 4583 saltem
2305 4527 2372 4581 ad
2409 4526 2810 4596 antiquitatem,
2841 4526 2969 4596 quid
3018 4540 3209 4579 omnes
3255 4525 3356 4596 viri
3389 4524 3652 4596 ecclesia-

2071 4598 2191 4653 stici
2238 4593 2594 4652 senserintf»
2627 4593 2799 4649 Porro
2850 4595 3136 4663 utriusque
3182 4593 3493 4649 testimonio
3541 4594 3649 4648 vim

2071 4668 2270 4723 addere
2308 4666 2520 4721 videtur
2563 4664 2620 4720 S.
2675 4663 2913 4719 Joannes
2971 4663 3435 4733 Chrysostomus;
3490 4664 3651 4733 cujus

2071 4722 2235 4793 verba
2268 4737 2394 4792 licet
2428 4737 2495 4792 de
2539 4737 2657 4790 solo
2682 4735 2931 4803 apostolo
2964 4722 3133 4787 Paulo
3161 4722 3474 4800 elferantu'r,
3511 4722 3648 4788 mire

2072 4816 2252 4862 tamen
2279 4806 2345 4862 ad
2375 4815 2607 4860 mentem
2641 4805 2881 4859 auctoris
2917 4806 3087 4859 nostri
3127 4806 3416 4873 quadrare,
3467 4818 3646 4870 nemo,

2074 4886 2134 4947 ut
2171 4877 2409 4947 opinor,_
2413 4876 2537 4930 ierit
2571 4876 2804 4947 inﬁcias.
2853 4874 3157 4947 Sic__igitur
3192 4875 3284 4947 ille
3324 4874 3483 4947 hom_._
3514 4874 3547 4926 4
3590 4874 3649 4947 in

2075 4942 2247 5017 Epist.
2276 4948 2345 5001 ad
2369 4945 2505 5000 Tim.
2530 4962 2583 5011 v,
2607 4945 2662 5007 2,
2688 4959 2814 5014 opp.
2848 4952 2885 4997 ι.
2920 4942 3161 5017 Ιξίνιιε.
3188 4943 3292 5017 569
3321 4961 3335 4997 :
3364 4962 3396 5017 Δι
3429 4942 3487 4997 Si
3520 4944 3649 5012 quis

2072 5013 2203 5088 ergo
2222 5017 2422 5073 dixerit
2446 5017 2583 5072 velle
2610 5013 2792 5085 regem
2813 5015 3070 5088 omnibus
3098 5013 3313 5088 veniam
3346 5013 3497 5088 dare,
3535 5028 3646 5067 non

2074 5083 2185 5145 tam
2215 5088 2373 5143 facile
2401 5088 2645 5151 credent,
2674 5083 2846 5139 donec
2876 5084 3112 5138 Viderint
3156 5084 3399 5137 omnium
3441 5083 3651 5151 impro-

2073 5158 2361 5214 bissimum
2409 5157 2622 5213 veniam
2662 5163 3054 5209 consecutum:
3092 5155 3238 5209 nulla
3278 5154 3421 5208 enim
3460 5162 3644 5221 postea

2074 5228 2341 5284 dubitatio
2362 5229 2647 5297 supererit.
2675 5223 2787 5279 Hoc
2810 5234 2869 5297 et
2890 5223 3090 5297 Paulus
3107 5225 3260 5291 dicit,
3282 5224 3427 5297 quod
3452 5236 3647 5297 nempe

2074 5301 2264 5355 volens
2290 5293 2444 5354 Deus‘
2462 5299 2713 5351 homines
2744 5296 3003 5349 certiores
3044 5294 3245 5362 facere,
3277 5294 3420 5364 quod
3457 5293 3641 5346 omnia

2075 5370 2184 5424 illis
2216 5370 2510 5434 condonet,
2540 5382 2664 5422 eum
2713 5365 2808 5435 qui
2850 5365 3138 5436 plusquam
3189 5377 3378 5421 omnes
3421 5370 3646 5434 peccato

2077 5440 2349 5495 obnoxius
2380 5448 2519 5506 erat,
2544 5436 2760 5506 delegit.
2799 5453 2817 5486 ι

2151 5478 2886 5579 ὶὲι3’“ὲ”ρῶἰῗ’ἰιέἷὶζᾶ⁵ιὲῖόὲρ.
2926 5504 3013 5562 ιε.

2151 5576 2264 5648 (22)
2293 5576 2451 5648 Ibid"
2480 5593 2601 5646 cap.

2152 5646 2264 5719 (‘25)
2296 5646 2457 5719 lbid.,
2488 5662 2607 5715 cap.
2637 5647 2724 5719 tt}.

2156 5715 2270 5800 (24)
2297 5715 2458 5792 lbid..
2482 5732 2603 5789 cap.
2633 5715 2723 5773 20.
