4066 6140
460 278 558 335 7H

1573 278 1630 329 δ.
1670 271 2034 327 BARNABAS
2073 271 2502 330 APOS'I'OLUS.

3594 280 3700 335 7η

458 391 742 460 pulchrius
766 397 944 459 potest
963 387 1068 443 dici
1092 388 1159 443 iis
1180 403 1301 460 qua!
1326 387 1414 442 hic
1441 387 1604 442 tradit
1628 397 1813 443 noster
1833 397 2024 444 auctor
2053 397 2099 453 Α
2124 387 2306 442 denuo
2356 387 2577 443 formati
2638 403 2853 454 sumus,
2901 389 3364 460 quemadmodum
3398 407 3592 450 rursus
3640 393 3697 450 in

456 484 524 536 de
577 481 802 535 miriﬁca
838 479 1035 534 virtute
1078 480 1242 534 divini
1284 480 1608 535 sacramenti
1657 480 2022 548 baptismatis.

459 573 624 627 Docet
653 572 796 624 enim
847 572 1015 640 quod,
1055 572 1273 640 quando
1311 570 1690 626 descendimus
1720 571 1773 624 in
1801 587 2022 641 aquam,

455 664 598 733 pleni
651 679 842 718 sumus
881 665 1117 732 peccatis
1163 672 1218 716 et
1264 662 1550 729 sordibus;
1605 663 1696 717 sed
1742 664 1922 717 statim
1959 678 2024 718 ac

453 756 806 825 emergimus,
840 755 1133 823 incipimus
1163 751 1394 808 fructum
1427 753 1618 808 aflerre
1668 755 1720 807 in
1766 754 2022 810 cordibus

455 849 659 903 nostris
710 864 804 917 per
844 847 1093 902 timorem
1149 845 1240 899 Dei
1274 855 1326 899 ct
1365 861 1513 914 spem
1547 845 1598 898 iu
1639 844 1822 899 Jesum
1859 845 2021 899 Chri-

455 950 622 1005 stum,
647 955 810 1009 quam
836 937 1039 1008 Spiritu
1067 946 1255 992 sancto
1282 937 1495 991 alliante
1522 938 1782 991 habemus
1810 956 1823 991 :
1861 957 1879 989 ι
1910 936 2022 992 Nos

452 1031 835 1087 descendimus
889 1030 1108 1099 quidem
1160 1029 1214 1084 in
1268 1045 1464 1098 aquam
1503 1029 1643 1098 pleni
1691 1030 1926 1098 peccatis
1969 1041 2024 1086 et

453 1123 742 1187 sordibus;
775 1121 900 1175 inde
929 1131 1107 1174 autem
1144 1121 1473 1190 cmergimus
1519 1118 1753 1174 fructum
1792 1119 2022 1175 afferen-

453 1229 557 1282 tes,
593 1217 646 1271 in
683 1217 845 1271 corde
877 1216 1134 1270 timorem
1160 1225 1215 1270 et
1253 1229 1402 1285 spem
1449 1216 1502 1270 in
1532 1215 1716 1270 Jesum
1761 1218 2021 1273 habentes

453 1310 514 1364 in
531 1310 725 1380 spiritu
745 1309 879 1378 (ἓῦ).
910 1328 927 1358 ι
951 1309 1138 1378 Ἡμεῖς
1163 1307 1260 1378 μὲν
1285 1307 1682 1379 καταϐαίνομεν
1697 1309 1776 1372 εἰς
1793 1308 1854 1361 τὸ
1875 1308 1982 1362 ὓδω
1991 1327 2022 1380 ρ

450 1401 708 1471 γέμοντες
733 1399 1011 1471 ἁμαρτιῶν
1044 1399 1137 1451 καὶ
1173 1398 1363 1470 ῥύπου,
1391 1399 1483 1451 καὶ
1511 1399 1866 1470 ἀναϐαίνομεν
1894 1418 2022 1472 καρ-

451 1490 832 1562 ποφοροῦντες,
869 1492 926 1542 ὲν
948 1493 1014 1562 τῇ
1040 1490 1235 1561 καρδίᾳ
1261 1489 1352 1542 τὸν
1387 1489 1548 1558 φόϐον
1583 1491 1677 1544 καὶ
1699 1490 1798 1562 τὴν
1829 1491 2020 1545 ἐλπίδα

447 1583 530 1645 εἰς
570 1582 660 1636 τὸν
709 1580 914 1652 Ἰησοῦν
946 1581 1159 1650 ἔχοντες
1208 1581 1264 1633 ἐν
1313 1580 1390 1650 τῷ
1438 1579 1726 1651 πνεύματι.
1787 1580 2017 1636 Textum

449 1670 696 1732 Grtccum
728 1671 884 1725 attuli
915 1671 1004 1725 hic
1026 1672 1316 1740 integrum,
1348 1670 1498 1738 quia,
1537 1681 1598 1726 ut
1626 1671 1759 1726 mihi
1783 1672 2014 1736 videtur,

449 1764 733 1818 utilitatem
764 1779 1012 1833 magnam
1042 1763 1094 1816 in
1124 1777 1182 1816 re
1212 1761 1512 1832 theologica
1543 1777 1653 1832 prie
1685 1775 1745 1817 se
1775 1761 1903 1819 fert.

519 1876 772 1932 Ostendit
801 1876 959 1931 nobis
976 1876 1074 1930 hic
1099 1885 1290 1929 auctor
1313 1874 1689 1930 excellentiam
1713 1875 2014 1931 Christiani

448 1985 612 2040 super
657 1970 975 2035 Hebraeum,
1025 1968 1155 2022 dum
1216 1967 1394 2033 docet,
1450 1983 1560 2021 non
1616 1967 1870 2024 llehrteos
1920 1968 2014 2025 sed

445 2065 788 2119 Christianos
821 2061 1165 2117 solummodo
1210 2060 1548 2117 introductos
1574 2075 1695 2116 esse
1739 2075 1769 2115 a
1813 2059 1925 2117 Deo
1959 2060 2012 2115 in

447 2147 646 2210 ter'ram
692 2153 884 2208 semini
919 2153 1154 2207 Abrahae
1195 2151 1523 2222 promissam
1561 2171 1574 2206 :
1618 2171 1637 2204 ε
1675 2151 1863 2221 Itaque
1914 2165 2015 2206 nos

446 2261 663 2310 sumus,
710 2243 787 2300 ait
839 2245 929 2300 ille
978 2244 1193 2315 egregie
1241 2242 1378 2314 (‘26),
1419 2257 1560 2313 quos
1609 2241 1913 2299 introduxit
1959 2243 2014 2297 in

447 2347 649 2392 terram
717 2337 940 2391 bonam.
1009 2355 1027 2388 ι
1101 2335 1308 2392 Deinde
1371 2343 1660 2406 postquam
1723 2334 2017 2405 explicavit

443 2431 786 2499 omnia,qu:e
807 2429 862 2483 in
879 2428 1060 2483 Veteri
1093 2426 1442 2484 Testamento
1467 2441 1562 2496 per
1587 2427 1817 2496 ﬁguram
1847 2427 2015 2498 signi-

442 2520 680 2575 ﬁcabant
704 2528 937 2574 mortem
965 2517 1365 2588 Redemptoris,
1389 2517 1569 2582 docet,
1588 2517 1702 2573 hrec
1724 2515 2014 2573 manifesta

443 2625 567 2666 esse
609 2610 959 2674 Christianis,
991 2607 1193 2664 Iudaeis
1222 2623 1373 2672 vero,
1402 2623 1468 2662 eo
1499 2607 1627 2676 quia
1661 2607 1934 2673 obdurati,
1961 2617 2017 2663 et

443 2701 595 2756 dura:
622 2700 874 2764 cervicis,
903 2700 1138 2753 obscura
1173 2717 1186 2752 :
1225 2716 1242 2748 ι
1287 2695 1459 2752 Nobis
1476 2699 1695 2766 quidem
1726 2696 2012 2753 manifesta

445 2799 596 2856 sunt,
638 2789 840 2843 Judaais
890 2797 1069 2842 autem
1126 2787 1383 2851 obscura,
1415 2787 1539 2855 quia
1575 2802 1682 2840 non
1725 2786 2016 2842 audierunt

443 2897 632 2937 vocem
656 2881 889 2935 Domini.
914 2901 932 2932 ι
953 2879 1116 2935 Juxta
1148 2881 1293 2935 hunc
1331 2891 1610 2935 auctorem
1640 2881 1803 2952 igitur
1843 2897 2012 2940 causa

444 2971 828 3027 ohczecationis
851 2969 1161 3026 Judzeornm
1189 2986 1295 3025 non
1339 2971 1445 3025 alia
1477 2970 1599 3040 fuit,
1627 2987 1790 3042 quam
1821 2988 2010 3029 eorum

2126 477 2234 532 alio
2261 479 2521 548 propheta
2561 477 2695 533 dicit
2736 497 2750 535 :
2801 478 2955 547 Ecce,
2990 481 3169 552 inquit
3217 482 3502 549 Dominus,
3546 485 3699 554 aufe-

2125 587 2241 623 ram
2278 570 2342 623 ab
2378 571 2474 638 eis,
2524 570 2628 626 hoc
2656 579 2762 636 est,
2793 571 2862 626 ab
2897 573 2980 628 eis
3011 589 3151 644 quos
3184 573 3402 630 Domini
3459 574 3696 646 Spiritus

2123 661 2457 730 providebat,
2506 662 2667 715 corda
2715 662 2946 731 lapidea,
2974 673 3024 719 et
3068 665 3352 718 immittam
3395 665 3504 720 illis
3533 668 3696 723 corda

2123 769 2314 807 carnea
2353 753 2501 822 (29);
2538 753 2667 823 quia
2719 755 3002 823 oportebat
3038 771 3164 810 eum
3216 756 3273 811 in
3335 772 3502 814 carne
3531 774 3694 830 appa-
3765 760 3771 766 ’

2123 861 2264 912 rere,
2286 855 2342 901 et
2368 847 2614 901 habitare
2644 847 2698 900 in
2724 847 2885 902 nobis
2917 865 2932 902 :
2957 849 3215 917 templum
3240 849 3387 903 enim
3417 859 3691 917 sanctum,

2122 936 2319 992 fratres
2351 939 2477 1004 mei,
2497 937 2726 993 Domino
2748 947 2832 993 est
2848 939 3113 994 habitatio
3135 941 3319 997 cordis
3343 941 3541 996 nostri.
3575 960 3594 994 ι
3628 938 3696 995 Ει

2122 1028 2248 1083 alibi
2271 1027 2421 1098 (50):
2459 1047 2476 1080 ‹
2507 1028 2812 1099 Antequam
2841 1027 2951 1094 Deo
2978 1029 3484 1095 crederemus,erat
3510 1030 3693 1086 cordis

2122 1117 2293 1170 nostri
2333 1115 2668 1172 domicilium
2705 1119 3041 1186 corruptioni
3086 1120 3404 1188 obnoxium,
3426 1128 3481 1174 et
3513 1120 3688 1175 imbe-

2123 1207 2263 1273 cille,
2287 1207 2355 1263 ad
2397 1208 2624 1262 modum
2671 1210 2856 1278 templi
2892 1225 3016 1264 vere
3044 1226 3139 1280 per
3171 1226 3366 1265 manus
3391 1212 3640 1265 :ediﬁeati
3670 1228 3686 1265 :

2121 1298 2338 1366 plenum
2366 1297 2635 1367 siquidem
2658 1312 2775 1353 erat
2798 1299 3066 1354 idolorum
3098 1301 3338 1366 cultu,et
3357 1311 3474 1355 erat
3492 1300 3688 1356 domus

2121 1387 2550 1455 daemoniorum;
2587 1404 2698 1458 quo
2728 1389 2948 1456 faceret,
2978 1407 3314 1462 quaecunque
3340 1391 3448 1447 Deo
3471 1401 3687 1448 contra-

2121 1476 2203 1531 ria
2257 1485 2408 1533 sunt.
2441 1476 2824 1534 Ediﬁcabitur
2869 1493 3049 1536 autem
3094 1481 3147 1536 in
3185 1484 3405 1539 nomine
3446 1483 3684 1538 Domini.

2120 1564 2418 1633 Attendite,
2445 1575 2506 1622 ut
2530 1569 2788 1639 templum
2817 1569 3034 1626 Domini
3062 1574 3346 1643 magniﬁce
3368 1575 3684 1632 aediﬁcetur.

2121 1654 2440 1722 Quomodo?
2467 1659 2661 1715 discite
2680 1670 2941 1732 :.accepta
2968 1663 3288 1720 remissione
3312 1675 3683 1734 peccatorum,
3746 1711 3755 1718 .

2046 1738 2090 1793 Β
2116 1757 2170 1804 et
2210 1765 2305 1820 spe
2334 1751 2517 1807 habita
2558 1753 2613 1807 in
2659 1770 2858 1809 nomen
2893 1755 3130 1823 Domini,
3158 1758 3285 1814 facti
3324 1776 3515 1818 sumus
3537 1764 3682 1830 novi,

2117 1840 2313 1897 iterum
2342 1842 2411 1898 ab
2439 1843 2655 1915 integro
2683 1848 2854 1903 creati
2879 1867 2892 1903 :
2919 1865 3089 1919 quare
3119 1849 3172 1905 in
3195 1851 3474 1909 domicilio
3498 1863 3685 1910 nostro

2114 1945 2240 1987 vere
2296 1933 2441 1990 Deus
2493 1935 2709 2005 existit;
2770 1939 2978 2004 habitat
3027 1940 3081 1995 in
3136 1943 3313 1998 nobis.
3369 1943 3686 2010 Quomodo?

2114 2025 2340 2080 verbum
2369 2026 2488 2098 ejus
2523 2028 2668 2096 ﬁdei,
2714 2030 2928 2086 vocatio
2972 2032 3094 2102 ejus
3151 2035 3558 2103 promissionis,
3591 2052 3683 2091 sa-

2114 2115 2316 2186 pientia
2341 2116 2813 2187 justiﬁcationum,
2843 2124 3098 2178 mandata
3143 2124 3406 2180 doctrina:
3436 2145 3448 2180 :
3483 2127 3600 2196 ipse
3626 2129 3679 2181 in

2115 2208 2274 2263 nobis
2313 2211 2629 2280 prophetat;
2684 2213 2799 2283 ipse
2851 2206 2907 2268 in
2961 2214 3123 2270 nobis
3177 2214 3480 2283 inhabitat;
3519 2218 3681 2273 morti

2114 2300 2348 2357 addictis
2377 2303 2534 2360 nobis
2561 2305 2736 2375 aperit
2759 2304 2904 2361 fores
2945 2306 3151 2377 templi,
3190 2307 3243 2362 id
3275 2318 3360 2364 est
3390 2325 3483 2374 os;
3527 2311 3686 2367 nobis

2114 2391 2210 2446 dat
2243 2394 2639 2463 paenitentiam,
2671 2398 2857 2469 sicque
2894 2398 3199 2455 introduxit
3221 2399 3275 2456 in
3305 2402 3564 2473 templum
3597 2402 3683 2460 in-

2115 2494 2459 2554 corruptum.
2493 2504 2514 2539 ι

2185 2595 2261 2652 De
2290 2597 2638 2656 confessione
2673 2611 2854 2657 autem
2889 2603 2978 2660 hic
3018 2614 3212 2661 auctor
3237 2623 3518 2678 exponens
3543 2625 3683 2681 pra-

2113 2697 2272 2758 ccpta
2298 2690 2422 2744 vitae
2458 2693 2709 2759 moralia,
2738 2701 2794 2748 et
2835 2695 3002 2750 vitam
3039 2697 3200 2762 lucis,
3224 2699 3304 2754 sic
3339 2700 3414 2754 ait
3435 2711 3559 2771 post
3581 2717 3683 2758 caa-

2116 2788 2228 2835 tera
2267 2799 2282 2837 :
2326 2801 2345 2834 c
2399 2783 2759 2841 Conﬁteberis
2798 2798 3019 2856 peccata
3058 2798 3170 2855 tua,
3202 2807 3310 2846 non
3360 2795 3584 2850 accedes
3610 2796 3678 2851 ad

2113 2873 2415 2929 orationem
2445 2884 2594 2930 tuam
2619 2876 2674 2930 in
2705 2877 3038 2933 conscientia
3073 2881 3215 2935 mala
3247 2882 3382 2951 (5f).
3421 2901 3440 2935 ›

2182 2962 2466 3020 Disserens
2493 2975 2678 3021 noster
2703 2973 2894 3022 auctor
2917 2967 2986 3023 de
3013 2969 3225 3027 duabus
3255 2973 3360 3027 viis
3387 2973 3675 3044 oppositis.

445 3064 850 3136 praevaricatio,
908 3073 963 3120 et
987 3065 1116 3134 quia
1173 3063 1404 3118 rebelles
1448 3061 1664 3118 fuerant
1690 3063 1856 3118 verbo
1897 3063 2015 3121 Dei.
2046 3072 2089 3134 ο
2118 3053 2258 3111 lueis
2279 3063 2334 3110 θί
2371 3057 2740 3124 tenebrarum:
2764 3057 2883 3113 dari
2907 3059 2984 3114 ait
3013 3063 3234 3130 augelos
3259 3062 3455 3130 b01103,
3479 3073 3534 3120 ει
3560 3079 3680 3120 ηιθ-

440 3156 688 3212 .Tandem
720 3156 853 3212 dicit
889 3155 1108 3226 Moysen
1150 3169 1276 3209 vere
1312 3153 1589 3223 accepisse
1617 3153 1828 3210 tabulas
1849 3154 2011 3223 legis;

445 3253 540 3307 sed
573 3250 700 3320 quia
731 3247 941 3303 Hebraei
972 3255 1193 3318 propter
1221 3261 1412 3301 eorum
1451 3245 1827 3301 inﬁdelitatem
1861 3247 2013 3317 digiti

446 3359 555 3397 non
587 3340 824 3405 fuerant,
846 3337 1180 3393 Christianis
1217 3336 1428 3392 tradita)
1463 3348 1614 3402 sunt,
1667 3336 1761 3407 qui
1795 3351 1888 3392 eas
1921 3353 2015 3407 per

445 3449 642 3488 manus
666 3429 966 3485 Salvatoris
1009 3437 1358 3498 acceperunt,
1386 3436 1440 3483 et
1466 3427 1537 3482 ob
1561 3427 1772 3483 inﬁnita
1820 3429 2013 3483 merita

443 3522 716 3594 passionis
745 3521 863 3591 ejus
897 3538 911 3574 :
952 3537 972 3571 α
1008 3520 1230 3590 Accepit
1264 3519 1448 3588 itaque
1482 3517 1715 3589 Moyses.
1743 3519 1848 3589 ipsi
1884 3532 2014 3573 vero

445 3615 594 3685 digni
628 3629 735 3667 non
767 3609 1321 3677 fuerunt.'Quomodo
1362 3625 1464 3664 nos
1503 3610 1874 3676 habuerimus,
1930 3610 2010 3664 di.

445 3708 602 3764 scite.
629 3704 841 3775 Moyses
864 3718 987 3758 eum
1012 3711 1158 3758 esset
1183 3700 1442 3768 famulus,
1467 3716 1560 3756 eas
1587 3700 1826 3771 accepit;
1855 3700 2013 3755 nobis

444 3808 627 3854 autem
659 3797 775 3866 ipse
807 3795 1092 3857 Dominus,
1119 3794 1207 3849 cui
1247 3807 1441 3850 sumus
1468 3794 1521 3848 in
1549 3793 1807 3864 populum
1839 3794 2010 3848 haere-

445 3889 655 3955 ditatis,
684 3888 909 3942 tradidit
941 3903 1038 3957 pro
1060 3885 1220 3940 nobis
1256 3901 1449 3954 passus
1481 3884 1775 3956 (27);»loca
1802 3885 1936 3950 haec,
1959 3893 2015 3940 et

443 3981 512 4036 ad
546 3981 796 4050 pietatem
837 3977 1108 4045 alliciunt,
1147 3986 1204 4032 et
1253 3985 1494 4031 mentem
1540 3975 1818 4030 erudiunt.
1864 3974 2012 4031 Fieri

447 4069 656 4139 nequit,
687 4077 748 4122 ut
785 4069 929 4122 serio
970 4074 1026 4120 et
1073 4074 1278 4121 attento
1317 4066 1502 4120 animo
1532 4064 1732 4135 aliquis
1754 4065 1873 4120 loca
1898 4066 2014 4121 haec

446 4169 748 4234 percurrat,
787 4159 920 4229 quin
960 4157 1122 4213 simul
1167 4156 1387 4226 plurimi
1431 4155 1597 4212 faciat
1637 4156 2010 4215 excellentiam

447 4263 648 4310 nostra:
666 4250 1000 4317 a’ocationis,
1022 4261 1077 4305 et
1106 4257 1384 4305 auctorem
1405 4248 1567 4318 hujus
1583 4248 1788 4319 diligat.
1815 4248 2014 4303 Caveat

2117 3146 2240 3203 los:
2268 3161 2502 3217 quorum
2547 3149 2730 3219 primi,
2768 3151 2863 3220 qui
2904 3162 3033 3208 sunt
3069 3152 3222 3209 missi
3262 3169 3292 3208 a
3325 3153 3457 3222 Deo,
3475 3156 3684 3213 ducunt

2117 3252 2218 3294 nos
2251 3253 2346 3307 per
2367 3239 2486 3294 vias
2523 3239 2696 3305 lucis;
2724 3241 2815 3295 alii
2849 3257 3000 3310 vero,
3024 3244 3115 3314 qui
3161 3255 3291 3300 sunt
3322 3248 3556 3302 ministri
3581 3247 3683 3305 Sa-

2115 3335 2275 3392 tanae,
2294 3339 2536 3398 praesunt
2558 3329 2656 3400 via:
2679 3331 3023 3387 tenebrarum
3054 3351 3067 3388 :
3094 3353 3110 3384 α
3138 3333 3240 3389 Uni
3272 3335 3540 3406 siquidem
3558 3337 3683 3408 (via

2115 3415 2278 3484 lucis)
2317 3417 2595 3487 praepositi
2630 3427 2760 3474 sunt
2796 3419 2937 3476 lucis
2970 3424 3292 3490 consiliarii,
3343 3426 3520 3497 angeli
3550 3425 3678 3495 Dei;

2115 3509 2270 3565 alteri
2300 3524 2430 3565 vero
2463 3511 2831 3582 (tenebrarum
2861 3510 2995 3580 vite)
3018 3516 3206 3590 angeli
3239 3515 3453 3573 Satanae
3478 3517 3625 3589 (52);
3655 3538 3676 3572 ι

2114 3603 2269 3658 locus
2298 3603 2389 3658 hic
2423 3603 2573 3659 velut
2613 3603 2896 3658 indubium
2939 3605 3064 3684 ﬁdei
3111 3608 3480 3662 testimonium
3512 3610 3682 3664 tradi-

2114 3695 2280 3751 tionis
2308 3695 2451 3751 circa
2475 3697 2787 3768 angelorum
2818 3698 3120 3753 custodiam
3150 3699 3353 3769 suscipi
3383 3701 3560 3757 debet.
3585 3700 3680 3757 Vi-

2113 3791 2364 3847 debimus
2411 3791 2553 3846 infra
2606 3800 2804 3862 praeter
2855 3801 3137 3847 auctorem
3191 3793 3356 3864 hujus
3398 3794 3676 3866 Epistolas,

2113 3882 2251 3938 alios
2302 3882 2492 3937 haberi
2521 3889 2732 3938 veteres
2777 3881 3034 3939 Ecclesiae
3067 3882 3276 3949 Patres,
3303 3885 3396 3954 qui
3452 3887 3678 3943 dist’ne—

2113 3973 2315 4029 tionem
2344 3973 2489 4029 hanc
2513 3981 2722 4044 ponunt
2761 3973 2936 4029 bonos
2959 3974 3101 4030 inter
3130 3984 3183 4029 et
3220 3976 3395 4032 malos
3432 3978 3675 4050 angelos,

2113 4065 2300 4120 habito
2367 4072 2620 4135 respectu
2671 4063 2738 4119 ad
2787 4066 3090 4120 custodiam
3137 4082 3301 4137 quam
3363 4067 3678 4127 hominibus

2112 4164 2394 4229 praestant.

2186 4266 2335 4341 §lV.
2381 4267 2458 4322 De
2507 4266 2705 4323 Veteris
2759 4265 3082 4322 Testamenti
3112 4247 3472 4338 abrogatione,
3501 4287 3678 4327 necet—

446 4355 630 4402 aulem
657 4343 1034 4413 unusquisque
1056 4349 1328 4406 ηοδῑηηηι
1358 4355 1435 4444 ηε.
1455 4337 1764 4454 Ῐῗξίειξξπυηι
1788 4339 2013 4441 Calain"
2041 4399 2085 4454 Β
2113 4337 2271 4411 silete
2311 4358 2366 4411 in
2390 4355 2575 4411 Iesum
2603 4357 2968 4412 Christum.—-
2988 4355 3145 4413 Circa
3160 4356 3326 4437 vetus
3357 4360 3677 4418 Testamen-

447 4449 610 4496 tatem
643 4439 886 4492 incurrat
909 4446 963 4492 et
992 4451 1087 4505 per
1114 4434 1390 4504 pr0priam
1423 4431 1791 4485 inﬁdelitatem
1824 4445 1883 4484 se
1922 4430 2009 4484 in-

445 4531 670 4600 dignum
709 4527 901 4582 reddat
931 4525 1146 4595 magnis
1184 4523 1269 4578 his
1307 4520 1656 4586 utilitatibus,
1696 4534 1818 4591 quae
1845 4518 2009 4575 Chri-

448 4623 752 4677 stianorum
775 4616 1092 4687 religionem
1131 4615 1482 4669 comitantur.

515 4728 969 4787 Justilicationem
1014 4742 1109 4796 per
1153 4723 1670 4789 renovationem,ac
1697 4739 1879 4777 veram
1923 4738 2011 4778 re-

448 4824 765 4882 missionem
795 4830 1137 4891 peccatorum
1170 4817 1308 4882 ﬁeri,
1333 4815 1639 4872 clarissime
1669 4817 1832 4872 etiam
1859 4816 2016 4872 docet

451 4918 540 4972 hic
563 4924 774 4978 auctor,
800 4914 873 4968 ita
898 4911 1146 4967 scribens
1169 4907 1282 4975 (28)
1319 4926 1332 4962 :
1364 4925 1382 4958 ‹
1415 4905 1519 4962 Ubi
1550 4922 1684 4978 ergo
1707 4922 1808 4962 nos
1834 4906 2010 4962 refor-

449 5009 639 5074 mavit,
661 5022 757 5077 per
787 5003 1161 5060 remissionem
1182 5010 1532 5071 peccatorum
1555 4999 1753 5066 effecit,
1771 5008 1830 5054 ut
1847 5000 2009 5054 aliam

451 5099 682 5153 formam
731 5095 1080 5161 haberemus,
1119 5093 1355 5146 animam
1400 5105 1595 5159 nempe
1624 5089 1816 5161 puerili
1849 5089 2008 5145 simi-

448 5189 580 5258 lem,
633 5188 750 5258 ipse
798 5185 945 5242 enim
1004 5184 1254 5241 formavit
1319 5196 1440 5237 nos.
1481 5179 1621 5237 Ecce
1672 5179 1837 5252 igitur
1909 5195 2010 5239 nos

521 5443 634 5516 (25)
660 5443 831 5516 Epist.
861 5440 1120 5516 Barnab.,
1146 5453 1266 5511 cap.
1300 5435 1494 5506 ll,sub
1522 5433 1706 5491 ﬁnem.
1809 5437 1822 5450 '

523 5513 636 5582 ('26)
667 5513 823 5577 lbid.,
859 5529 980 5582 cap.
1019 5513 1074 5566 6.

545 5588 636 5655 27)
665 5585 948 5655 lbid.,cap.
973 5582 1028 5634 6.

547 5650 639 5718 ‘28)
667 5650 1032 5718 Ibidem,_eap.
1061 5650 1147 5705 M.

528 5721 642 5798 (29)
674 5722 868 5778 Ezcclt.
897 5738 955 5789 tt,
985 5721 1070 5777 l9.

2113 4459 2229 4504 tum
2260 4458 2452 4504 auctor
2482 4447 2736 4518 Epistolas
2763 4449 3051 4504 ostendere
3079 4460 3308 4506 conatur
3331 4453 3675 4510 inutilitatem

2112 4549 2170 4598 et
2222 4540 2650 4597 ineﬁicacitatem
2698 4540 3094 4596 sacriﬁciorum
3135 4551 3190 4597 et
3232 4545 3675 4601 caeremoniarum

2113 4632 2314 4688 veteris
2341 4631 2510 4703 legis;
2533 4631 2820 4703 docetque,
2842 4631 3010 4687 Deum
3041 4633 3223 4688 omnia
3248 4634 3366 4690 lucc
3387 4636 3675 4706 repulisse,

2115 4732 2177 4778 ut
2201 4724 2382 4778 locum
2403 4722 2628 4778 haberet
2655 4721 2861 4778 oblatio
2889 4724 3126 4780 humana
3148 4723 3276 4780 Jesu
3305 4724 3533 4794 Christi,
3555 4742 3678 4797 quae

2115 4813 2456 4870 necessitatis
2475 4813 2667 4884 jugum
2696 4830 2806 4870 non
2831 4815 3058 4884 imponit
3091 4832 3105 4869 :
3143 4833 3161 4868 ‹
3197 4815 3322 4871 Haec
3343 4831 3475 4888 ergo
3501 4833 3674 4872 vacua

2117 4904 2266 4972 fecit,
2297 4905 2476 4976 inquit
2512 4905 2622 4972 ille,
2652 4914 2712 4960 ut
2741 4921 2882 4960 nova
2930 4905 3016 4960 lex
3069 4906 3281 4962 Domini
3331 4910 3506 4965 nostri
3543 4906 3673 4964 Jesu

2115 4995 2341 5060 Christi,
2373 5011 2497 5067 quae
2547 4996 2813 5067 sinejugo
2868 4998 3201 5054 necessitatis
3242 5007 3345 5066 est,
3378 4999 3670 5056 humanam

2117 5086 2317 5142 habeat
2343 5087 2672 5142 oblationem
2697 5087 2832 5158 (5'5).
2868 5105 2888 5139 ι
2911 5085 3107 5158 Jugum
3131 5087 3254 5158 hoc',
3280 5105 3390 5161 quo
3415 5099 3564 5146 caret
3587 5089 3671 5144 lex

2115 5179 2448 5251 evangelica,
2491 5179 2628 5234 nihil
2675 5177 2824 5234 aliud
2869 5186 2976 5247 est,
2996 5178 3153 5250 juxta
3187 5180 3334 5238 hunc
3367 5171 3681 5248 auctorem,‘

2205 5432 2296 5502 50)
2327 5431 2498 5502 Epist.
2525 5429 2842 5502 Barn..cap.
2883 5428 2970 5485 {6.

2202 5500 2291 5576 eo
2324 5500 2481 5576 ξμξιξο,
2509 5515 2629 5568 cap-
2652 5500 2740 5576 1.9..

2203 5573 2294 5640 52)
2325 5569 2482 5637 1Βίάᾲ
2511 5585 2633 5638 cap.
2659 5569 2745 5640 M.

2203 5643 2294 5715 3‘5)
2323 5640 2484 5710 lbid.,
2517 5655 2636 5708 cap.
2665 5639 2722 5694 2.
