4032 6146
300 235 470 290 -713

1706 225 2241 324 PROLEGOMEN

3501 226 3607 283 7M

358 367 530 422 quam
583 350 810 421 spiritus
865 351 1176 417 servitutis,
1230 363 1326 421 per
1369 364 1534 420 quam
1588 348 1929 414 servitutem,
1962 349 2007 406 A
2036 347 2328 417 superius:
2367 343 2584 414 (Quia,
2613 345 2809 416 inquit.
2848 344 2892 400 si
2926 343 2980 398 in
3029 343 3174 397 hunc
3208 355 3318 395 non
3356 352 3608 411 sperave‘

356 451 643 497 vetustum
709 440 887 496 lugdus
930 456 960 494 a
999 456 1138 494 novo
1183 439 1505 503 secernitur,
1541 437 1697 508 juxta
1746 434 1932 489 divum

323 532 596 589 'Paulum
650 532 716 587 ad
778 531 997 587 Galatas
1063 532 1296 585 aientem
1340 548 1353 584 :
1391 528 1540 584 State
1579 529 1635 582 in
1678 526 1930 580 libertate

362 625 644 696 Evangelii
689 624 817 679 Iesu
848 623 1068 688 Christi,
1098 634 1146 678 et
1175 622 1338 677 nolite
1382 624 1574 676 iterum
1594 621 1725 690 jugo
1774 618 1936 674 servi-

365 719 498 773 tutis
542 717 800 770 contineri
829 715 976 786 (54);
1014 729 1126 784 quo
1157 729 1288 768 sane
1317 715 1370 768 in
1409 714 1530 766 loco
1572 719 1737 780 patet,
1789 709 1936 778 Apo-

337 810 568 866 'stolum
593 809 736 877 loqui
753 808 819 862 de
845 807 958 878 lege
981 806 1201 878 Moysis.
1227 805 1388 860 Addit
1410 805 1571 874 paulo
1589 801 1728 857 infra
1751 811 1935 856 noster

363 902 459 962 hic
514 913 725 966 auctor,
767 898 988 970 Moysen
1047 897 1273 968 fregisse
1320 895 1534 952 tabulas
1573 893 1832 964 lapideas,
1878 895 1934 946 in

361 995 567 1065 quibus
616 994 702 1048 lex
743 1003 900 1049 vetus
939 1003 1057 1047 erat
1086 991 1365 1061 inscripta,
1394 1006 1502 1045 non
1535 999 1594 1044 ut
1626 988 1939 1043 ostenderet

363 1097 576 1142 tantum
606 1084 844 1140 Hebraeis
873 1084 1048 1140 foedus
1079 1100 1202 1140 cum
1234 1082 1345 1137 Deo
1371 1081 1566 1136 initum
1604 1095 1700 1151 per
1745 1095 1934 1134 eorum

362 1177 728 1247 idololatriam
789 1178 1025 1232 solutum
1080 1191 1222 1242 esse,
1266 1174 1426 1231 sicuti
1476 1174 1712 1242 explicat
1758 1173 1936 1227 locum

361 1269 514 1325 hunc
546 1269 742 1340 Fleury
773 1270 908 1339 (55),
945 1270 1038 1324 sed
1069 1276 1128 1326 ut
1154 1282 1310 1322 amor
1341 1265 1468 1322 Jesu
1499 1265 1700 1320 Christi
1736 1265 1789 1320 in
1819 1280 1941 1319 cor-

360 1360 528 1415 dibus
585 1361 788 1415 nostris
835 1360 1270 1430 consignaretur,
1324 1377 1343 1409 ‹
1391 1367 1445 1411 et
1479 1358 1707 1429 proiecit
1730 1358 1941 1428 Moyses

361 1451 584 1508 tabulas
637 1452 878 1521 lapideas
905 1452 972 1525 de
1004 1450 1256 1517 manibus
1302 1449 1439 1516 suis,
1482 1459 1541 1503 ut
1573 1449 1786 1504 dilectio
1814 1448 1938 1502 Jesu

362 1528 722 1614 consignetu'r
774 1544 831 1598 in
864 1544 1178 1613 praecordiis
1213 1541 1409 1597 vestris
1441 1542 1576 1612 (56).
1618 1561 1637 1592 ι
1674 1540 1816 1596 Fieri
1847 1555 1942 1593 ne-

364 1638 508 1708 quit,
538 1637 670 1707 quin
715 1637 1068 1708 dignoscatur
1118 1635 1172 1689 in
1220 1634 1343 1699 hoc,
1377 1641 1432 1688 et
1476 1633 1529 1688 in
1579 1647 1742 1702 supra
1778 1632 1940 1688 allato

365 1739 518 1786 textu
543 1730 834 1785 diver‘sitas
859 1733 997 1784 inter
1014 1729 1124 1783 duo
1140 1725 1511 1805 Testamenta,
1531 1741 1653 1796 qua:
1674 1725 1727 1778 in
1743 1725 1940 1780 timore

367 1839 437 1879 ac
471 1823 758 1878 dilectione
810 1822 985 1891 posita
1039 1830 1143 1894 est.
1179 1819 1366 1874 Timor
1403 1816 1662 1874 Hebraeos
1689 1817 1938 1888 respicit;

367 1913 592 1969 dilectio
620 1911 984 1966 Christianos.

442 2005 599 2060 Circa
651 1995 1146 2068 circumcisionem,
1178 1999 1341 2055 tradit
1369 2007 1557 2062 auctor
1587 2012 1706 2053 eam
1741 2012 1936 2052 vanam

369 2110 496 2150 esse
519 2095 635 2151 sine
658 2093 1073 2150 circumcisione
1088 2091 1289 2156 cordis,
1312 2099 1366 2146 et
1391 2090 1495 2145 ﬁde
1516 2089 1568 2144 in
1599 2087 1796 2144 Filium
1819 2087 1935 2144 Dei.

368 2185 576 2242 ludatis
607 2187 730 2242 dein
779 2194 905 2241 ante
931 2185 1120 2244 oculos
1165 2183 1317 2254 ponit
1345 2182 1578 2239 Abrahae
1605 2181 1936 2251 exemplum,

369 2277 467 2347 qui
501 2276 732 2347 primus,
765 2276 961 2346 inquit,
1000 2273 1499 2331 «circumcisionem
1542 2271 1708 2338 dedit,
1736 2271 1792 2326 in
1824 2273 1940 2342 spi-

371 2369 482 2426 ritu
497 2367 842 2438 prospiciens
864 2364 920 2420 in
935 2363 1152 2430 Filium,
1165 2363 1508 2420 circumcidit
1527 2371 1752 2432 accepto
1776 2361 1938 2416 trium

370 2458 678 2516 litterarum
713 2457 1038 2512 documento
1069 2453 1202 2527 (57),
1236 2473 1254 2506 i
1311 2463 1418 2509 etc.
1463 2451 1595 2508 Eam
1627 2461 1806 2507 autem
1836 2453 1933 2506 cir-

371 2549 768 2607 cumcisionem
809 2561 992 2601 veram
1024 2561 1146 2600 esse
1172 2545 1512 2600 demonstrat
1539 2557 1672 2612 qua,
1697 2554 1860 2596 aures
1891 2550 1946 2594 et

371 2657 472 2697 cor
511 2638 750 2694 hominis
799 2637 1335 2702 circumciderentur,
1377 2644 1431 2690 et
1479 2635 1660 2698 taliter
1714 2631 1942 2691 dociles.

369 2730 690 2787 obedientes
715 2728 1100 2793 redderentur;
1130 2724 1605 2780 circumcisionem
1652 2738 1782 2778 vero
1817 2736 1940 2776 cor-

368 2823 526 2896 poris
555 2823 700 2878 illam
735 2837 844 2875 non
875 2830 1016 2886 esse,
1041 2835 1204 2890 quam
1228 2817 1374 2874 Deus
1401 2816 1770 2888 principaliter
1791 2830 1946 2868 man-

2035 432 2392 507 rint,semper
2417 438 2852 492 debellabuntur.
2887 455 2905 488 »
2937 435 3053 490 1)υο
3087 433 3201 488 haec
3226 433 3345 488 loca
3378 429 3607 486 maximi

2037 542 2167 589 sunt
2198 534 2480 598 momenti,
2510 542 2564 589 et
2598 549 2663 590 ex
2711 533 2799 588 his
2842 531 3150 596 inuotescit,
3183 545 3431 600 quaenam
3461 535 3610 584 esset

2036 627 2273 682 ﬁdelium
2316 643 2469 683 meus
2501 629 2677 698 primo
2709 625 2965 681 Ecclesiae
2993 641 3107 680 aevo
3142 625 3286 680 circa
3313 623 3611 680 necessita-

2035 727 2140 773 tem
2199 719 2387 790 gratiae
2442 719 2781 774 medicinalis
2809 717 3130 783 Salvatoris,
3159 717 3279 771 tidci
3317 717 3371 772 in
3403 717 3608 787 ipsum,

2035 812 2264 882 ejusque
2286 811 2673 873 mediationis,
2698 811 2860 864 etiam
2895 817 3020 864 ante
3049 809 3506 864 Incarnationem.

2113 900 2306 968 Quoad
2355 902 2497 956 diem
2526 900 2747 955 Sabbati
2793 900 2846 954 in
2881 899 2996 969 lege
3039 897 3241 970 Moysis
3281 909 3606 969 praeceptum

2036 1003 2098 1048 ut
2124 995 2236 1050 Deo
2262 1011 2503 1060 sacrum,
2530 1003 2714 1048 noster
2739 993 2828 1048 hic
2855 1005 3046 1048 auctor
3066 992 3244 1059 docet,
3268 992 3611 1048 Christiano-

2036 1102 2158 1140 rum
2186 1085 2485 1140 Sabhatum
2519 1100 2640 1140 esse
2667 1084 2809 1139 diem
2835 1093 3113 1146 octavum,
3139 1085 3233 1153 qui
3271 1093 3356 1138 est
3385 1082 3501 1138 dies
3521 1095 3630 1137 τεο·

2039 1179 2396 1235 surrectionis
2423 1177 2550 1233 Jesu
2583 1177 2824 1231 Christi:
2861 1195 2879 1227 ι
2904 1175 3054 1230 Diem
3099 1185 3351 1230 octavum
3394 1175 3447 1228 in
3477 1174 3613 1229 lzeti-

2041 1272 2114 1328 tia
2145 1273 2379 1342 agimus,
2402 1271 2455 1325 in
2475 1287 2587 1342 quo
2604 1267 2762 1326 Jesus
2785 1268 3082 1324 resurrexit
3103 1283 3132 1322 a
3163 1267 3394 1322 mortuis
3423 1267 3560 1337 (40);
3587 1285 3606 1317 ι

2041 1364 2186 1433 quod
2218 1378 2349 1418 sane
2380 1378 2478 1432 pro
2501 1355 2678 1432 primo
2707 1358 2964 1415 Ecclesia:
2994 1361 3194 1414 smculo
3235 1368 3439 1414 attenta
3477 1375 3612 1415 con-

2043 1453 2376 1508 sideratione
2405 1453 2630 1523 dignum
2680 1461 2784 1506 est.
2859 1449 3072 1515 Verum
3113 1451 3352 1505 declarat
3391 1451 3614 1520 insuper

2041 1545 2235 1600 eodem
2266 1543 2410 1610 loco,
2443 1544 2676 1599 alterum
2700 1543 2817 1597 dari
2852 1541 3150 1596 Sabbatum
3189 1542 3416 1596 omnino
3451 1543 3616 1612 spiri-

2044 1638 2210 1700 tuale,
2237 1636 2379 1706 quod
2405 1645 2488 1691 est
2515 1635 2730 1690 initium
2767 1643 2983 1692 aeternae
3016 1634 3140 1688 vitae
3163 1675 3178 1701 ,
3211 1633 3372 1688 sicuti
3402 1633 3613 1690 Sabba~

2042 1739 2157 1785 tum
2184 1729 2664 1792 Christianorum;
2717 1743 2820 1781 nos
2855 1743 2920 1781 ex
2957 1725 3061 1780 hoc
3109 1723 3347 1780 Sabban
3379 1727 3445 1781 ad
3478 1727 3609 1782 illud

2046 1821 2285 1887 tendere,
2323 1819 2542 1890 quando
2580 1818 2806 1873 veniens
2829 1815 2998 1872 Filius
3031 1825 3248 1886 tempus
3271 1817 3447 1888 iniqui
3475 1817 3610 1873 abo—

2041 1911 2192 1975 lebit,
2255 1926 2320 1965 ac
2363 1909 2635 1980 judicabit
2689 1909 2903 1979 impios.
2944 1918 2998 1963 et
3044 1907 3275 1962 mutabit
3322 1909 3491 1964 solem
3549 1925 3615 1967 ac

2039 2003 2227 2058 lunam
2258 2001 2585 2072 stellasque:
2613 1999 2756 2070 quod
2791 1999 3014 2069 quidem
3061 1997 3360 2054 Sabbatum
3411 2001 3615 2070 poteri-
3705 2071 3707 2074 q

2043 2106 2169 2148 mus
2197 2107 2299 2146 nos
2336 2090 2437 2160 ipsi
2471 2102 2721 2146 sanctum
2751 2089 3008 2155 reddere,
3045 2089 3202 2159 juxta
3246 2091 3393 2146 hunc
3422 2099 3614 2145 aucto-

2042 2197 2182 2246 rem,
2206 2195 2302 2251 per
2322 2180 2462 2236 bona
2485 2194 2646 2250 opera
2680 2181 2732 2233 in
2760 2181 3011 2250 praesenti
3035 2180 3142 2234 vita
3171 2182 3428 2237 exercita.
3461 2201 3479 2232 ι
3503 2179 3613 2235 Po-

2045 2273 2274 2328 terimus
2305 2312 2320 2327 .
2349 2312 2372 2337 .,
2393 2311 2408 2326 .
2435 2311 2451 2326 .
2483 2311 2498 2325 .
2557 2278 2685 2325 tunc
2714 2269 2966 2325 eumdem
3014 2271 3156 2326 diem
3189 2280 3440 2327 sanctum
3490 2271 3615 2326 red-

2045 2363 2196 2430 dere,
2228 2363 2331 2434 ipsi
2358 2364 2514 2434 prius
2540 2365 2714 2419 sancti
2737 2363 2936 2419 eﬂ‘ecti.
2977 2383 2996 2415 ι

2119 2448 2309 2505 Tradit
2337 2451 2560 2534 insuper
2589 2459 2784 2507 auctor
2807 2451 2914 2519 hic,
2942 2453 3085 2525 quod
3115 2453 3167 2510 in
3202 2471 3296 2510 sex
3345 2471 3613 2511 annorum

2045 2543 2287 2601 millibus
2310 2545 2837 2602 consummabuntur
2867 2549 3121 2603 universa
3148 2567 3162 2604 :
3195 2550 3382 2620 sicque
3405 2550 3459 2606 id
3485 2567 3614 2622 pro-
3700 2590 3707 2598 -

2043 2637 2138 2692 bat
2166 2635 2302 2708 (il):
2341 2655 2361 2688 ι
2389 2637 2686 2704 Advortite,
2719 2639 2812 2693 lilii
2837 2679 2854 2706 ,
2908 2640 3038 2709 quid
3086 2641 3231 2698 dicat
3263 2643 3611 2716 (Scriptura):

2043 2727 2459 2786 Consummavit
2505 2730 2858 2802 (creationem
2903 2736 3112 2804 mundi)
3142 2737 3196 2790 in
3244 2753 3338 2792 sex
3387 2740 3612 2794 diebus:

2045 2821 2149 2878 hoc
2171 2823 2324 2891 dicit,
2357 2823 2485 2894 quia
2509 2828 2694 2880 omnia
2716 2827 3122 2883 cousummabit
3147 2827 3408 2885 Dominus
3434 2831 3487 2885 in
3517 2845 3615 2886 sex

367 2916 594 2972 dasset:
619 2933 637 2967 ι
669 2911 826 2979 Nam,
847 2912 1044 3006 inquit,
1070 2926 1263 3006 omnes
1285 2901 1950 3006 Syri,arabes,A§gyplii,
1967 2948 2012 3006 α
2046 2913 2283 2969 millibus
2310 2931 2615 2983 annorum;
2660 2919 2802 2987 apud
2841 2919 2990 2973 illum
3048 2918 3165 2975 dies
3208 2923 3615 2993 aequiparantur

369 3010 648 3066 idolorum
709 3005 999 3063 sacriﬁculi
1053 3013 1182 3060 sunt
1217 3001 1564 3067 circumcisi;
1601 3015 1732 3054 num
1759 3008 1940 3052 autem

367 3103 540 3160 etiam
574 3101 695 3156 ideo
721 3100 788 3155 de
817 3097 1020 3154 foedere
1045 3096 1232 3150 divino
1270 3093 1506 3164 antiqui,
1541 3091 1625 3146 vel
1653 3090 1776 3145 novi
1811 3089 1947 3144 Tes-

370 3193 606 3252 tamenti
628 3189 985 3263 participant?
1018 3207 1037 3240 ι

447 3284 752 3341 Occasione
797 3287 1013 3347 sumpta
1045 3276 1112 3330 ab
1147 3289 1232 3340 eo,
1259 3274 1404 3345 quod
1437 3272 1669 3330 refertur
1712 3272 1766 3327 in
1799 3271 1945 3328 Exo-

374 3383 450 3438 do
463 3378 600 3450 (58),
623 3374 834 3432 scilicet
859 3371 1004 3441 quod
1021 3367 1230 3423 Hebraei
1253 3372 1556 3436 pugnantes
1582 3373 1772 3419 contra
1792 3363 1949 3416 Ama-

375 3473 593 3535 lecitas,
627 3465 939 3531 vincebant,
965 3477 1090 3516 cum
1126 3461 1330 3514 levaret
1357 3457 1571 3529 Moyses
1602 3472 1830 3522 manus;
1861 3455 1946 3511 sin

381 3573 564 3620 autem
588 3558 865 3631 paululum
891 3554 1210 3615 remisisset,
1225 3550 1518 3621 superabat
1531 3549 1770 3614 Amalec,
1785 3548 1952 3602 tradit

385 3658 476 3713 hic
529 3663 739 3719 auctor,
773 3670 793 3704 ε
830 3647 1088 3705 debuisse
1126 3643 1404 3700 lsraelitas
1451 3641 1578 3696 inde
1622 3655 1951 3710 cognoscere

385 3749 614 3807 salutem
642 3742 899 3812 consequi
929 3754 1037 3794 non
1060 3751 1219 3808 posse
1249 3734 1354 3790 nisi
1387 3749 1481 3804 per
1503 3748 1652 3802 spem
1686 3732 1741 3786 in
1761 3729 1950 3787 Jesum

384 3840 696 3904 Christum;
737 3844 791 3892 et
837 3849 933 3906 per
974 3845 1124 3901 spem
1183 3829 1238 3883 in
1290 3827 1436 3882 hunc
1478 3824 1745 3895 reportari
1791 3839 1953 3894 posse

385 3933 669 3990 victoriam
713 3931 783 3985 ab
813 3927 1071 3983 inimicis.
1103 3922 1216 3978 Cur
1259 3919 1396 3976 hoc?
1433 3939 1452 3972 ι
1500 3919 1576 3974 ait
1605 3918 1696 3973 ille
1724 3916 1952 3987 loquens

389 4026 458 4081 de
474 4024 702 4081 historia
717 4022 881 4077 modo
894 4021 1057 4075 allata
1081 4016 1217 4089 (59),
1240 4014 1384 4087 Πρὸς
1410 4013 1493 4079 ri;
1528 4009 1632 4066 «Ut
1657 4025 1954 4083 cognosce-

390 4126 532 4185 rent,
570 4136 589 4169 ι
626 4115 774 4171 illico
807 4111 1119 4183 respondet,
1148 4127 1168 4160 ‹
1219 4106 1368 4178 quod
1400 4123 1505 4161 non
1546 4114 1799 4176 poterant
1837 4121 1954 4162 ser-

389 4209 528 4276 vari,
570 4207 682 4263 nisi
734 4219 829 4276 per
873 4218 1024 4273 spem
1057 4203 1110 4256 in
1149 4199 1300 4255 illum
1341 4217 1360 4252 ›
1389 4197 1652 4269 (Iesum);
1685 4207 1741 4255 et
1790 4199 1954 4269 paulo

488 4469 581 4588 ἐξ)
604 4467 683 4588 ἐς]
702 4465 893 4588 ιϐῧιρι.
945 4481 999 4530 v,
1120 4463 1172 4519 Ι.

527 4575 538 4588 .
655 4577 670 4588 .
812 4544 898 4588 ut.
935 4553 1019 4588 ecc
1049 4575 1062 4588 .

492 4535 581 4608 35)
605 4537 670 4591 Τ.
702 4535 722 4588 1
757 4535 915 4608 Hist;
935 4535 1062 4608 eccl.

491 4604 582 4675 56)
611 4607 843 4661 Barnab.
879 4604 1077 4675 Epist2
1106 4620 1228 4675 cap.
1254 4607 1310 4662 4.

467 4671 578 4751 (57)
603 4677 758 4751 lbid.,
779 4692 830 4731 c.
851 4677 906 4751 9.
924 4671 1378 4751 ’CI._TilIeinontio
1407 4683 1459 4730 et
1472 4671 1741 4728 Marechal
1771 4679 1958 4751 nostro

396 4742 834 4820 reprehensione
857 4747 945 4820 hic
981 4746 1178 4812 dignus
1207 4747 1420 4820 videtur
1455 4745 1826 4820 auctor,quod
1857 4742 1958 4820 Ju-

399 4814 530 4875 daéis
583 4816 1048 4871 circumcisionem
1105 4817 1286 4870 carnis
1342 4815 1520 4885 magis
1559 4829 1722 4882 quam
1777 4814 1960 4885 cordis

395 4889 745 4962 iactantibus,
800 4892 1028 4962 reponat
1064 4900 1112 4962 _:_
1144 4912 1207 4962 -_—
1265 4881 1457 4938 Omnis
1478 4881 1737 4962 _Syrus_et
1763 4881 1955 4962 Arabs,

399 4951 453 5016 et
499 4973 688 5014 omnes
730 4951 1036 5016 sacerdotes
1062 4955 1353 5021 idolorum,
1400 4951 1594 5024 sedet
1632 4951 1868 5024 Egyptii
1902 4955 1956 5006 in

401 5027 1037 5094 circumcisionesunt,—
1055 5040 1323 5094 quaerens,
1375 5041 1443 5078 an
1496 5023 1635 5094 forte
1681 5035 1735 5078 et
1774 5025 1861 5078 isti
1892 5026 1959 5077 de

403 5101 750 5154 Testamento
773 5097 896 5150 sint.
932 5093 1129 5148 Verum
1161 5110 1267 5150 non
1293 5095 1448 5149 video
1473 5093 1768 5163 quidquam
1800 5109 1956 5147 erro-

402 5185 565 5225 neum
597 5168 650 5222 in
685 5167 808 5219 hoc.
849 5165 921 5219 De
951 5163 1254 5234 Pythagora
1286 5167 1450 5234 totius
1478 5163 1793 5234 idololatriae
1814 5163 1956 5234 apud

403 5240 619 5294 Graecos
640 5232 1202 5310 mystagogo,leg_itur,
1229 5236 1372 5310 quod
1404 5232 1956 5310 fueritcircumcisus,

352 5347 360 5362 .
403 5320 463 5365 ut
491 5310 672 5364 abdita
701 5303 1009 5374 ingrediens
1033 5303 1430 5376 Egyptiorum,
1464 5304 1748 5376 mysticam
1776 5303 1956 5358 disce-

403 5391 485 5434 ret
539 5373 969 5449 philosophiam_,_
1004 5373 1402 5432 ritus—scilicet
1449 5373 1840 5449 sacriﬁciorum
1892 5387 1958 5427 ac

403 5443 897 5506 consécratiohum.
929 5443 1036 5500 Nec
1075 5457 1275 5517 pugnat
1303 5455 1492 5500 auctor
1530 5444 1873 5517 cumseipso
1903 5451 1960 5497 et

404 5536 526 5576 cuiu
567 5518 843 5586 Scriptura
905 5517 972 5569 ab
1018 5511 1136 5586 ipso
1151 5511 1418 5584 'allegata,
1441 5530 1547 5584 qua
1577 5513 1776 5568 dicitur
1806 5511 1957 5567 Jere-

406 5592 526 5644 mia:
565 5605 679 5643 ixzt
696 5587 898 5641 Omnes
938 5596 1125 5655 gentes
1173 5587 1565 5641 iucircumcisw
1607 5593 1735 5638 sunt
1765 5598 1954 5655 carne,

405 5661 584 5716 otunis
613 5671 791 5713 autem
822 5653 1017 5712 donius
1046 5655 1206 5712 Israel
1241 5655 1622 5712 iucircumciso
1655 5653 1954 5718 cordepibi

721 5755 992 5814 ΡΑτιιοι.
1024 5750 1138 5811 Gn.
1190 5751 1264 5813 ll.

2045 3007 2192 3062 mille
2220 3009 2379 3064 annis
2395 3049 2409 3075 ,
2430 3018 2488 3063 ttt
2505 3009 2735 3079 ipsemet
2756 3019 2987 3066 testatur
3005 3011 3082 3084 (i'n
3101 3011 3378 3085 Psalmis),
3395 3015 3611 3071 dicens:

2011 3096 2180 3151 .Ecce
2209 3095 2492 3153 hodiernus
2525 3101 2636 3156 dies
2677 3104 2773 3158 erit
2823 3113 3075 3174 tanquam
3122 3101 3264 3161 mille
3305 3105 3431 3161 anni
3477 3107 3615 3178 (4'2);

2047 3189 2249 3260 itaque,
2269 3189 2457 3254 tllii,in
2481 3203 2573 3246 sex
2599 3205 2865 3246 annorum
2891 3193 3132 3251 millibus
3151 3199 3618 3260 consummabun-

2048 3287 2138 3333 tur
2166 3279 2442 3335 universa.
2483 3297 2502 3332 ›
2538 3278 2664 3335 Haec
2691 3281 2879 3350 opinio
2912 3283 3038 3338 licet
3074 3285 3350 3356 aliquibus
3373 3287 3616 3360 singula-

2049 3371 2126 3426 ris
2147 3370 2316 3425 videri
2344 3379 2543 3441 potest,
2560 3371 2917 3429 nihilominus
2938 3375 3124 3445 plures
3141 3374 3398 3433 Ecclesia:
3426 3377 3616 3435 Patres

2049 3460 2238 3514 habuit
2265 3470 2716 3533 propugnatores.
2777 3463 3080 3520 Autumant
3124 3468 3287 3521 etiam
3340 3471 3614 3538 nonnulli,

2049 3553 2362 3624 opinionem
2390 3554 2532 3610 hanc
2553 3569 2615 3609 ex
2649 3553 2945 3625 Scripturis
2969 3573 3130 3628 posse
3154 3560 3499 3630 comprobari
3515 3603 3532 3630 ,
3563 3573 3618 3619 et

2051 3646 2232 3716 aliqua
2254 3646 2374 3716 ejus
2396 3646 2626 3717 vestigia
2652 3648 2840 3703 haberi
2881 3649 2936 3704 in
2968 3649 3211 3721 Epistola
3247 3649 3311 3706 D.
3361 3651 3516 3709 Pauli
3547 3656 3619 3712 ad

2052 3735 2309 3793 Hebraeos
2333 3738 2468 3810 (45),
2482 3739 2574 3794 ubi
2599 3741 2653 3796 in
2670 3739 2760 3795 die
2781 3740 3010 3809 septima
3037 3749 3092 3797 et
3118 3743 3172 3797 in
3204 3742 3442 3801 Sahbato
3461 3755 3621 3802 teter-

2053 3845 2180 3885 nam
2203 3830 2446 3902 requiem
2477 3831 2747 3902 designat.
2778 3832 2894 3906 Ego
2923 3843 3104 3890 autem
3147 3837 3415 3908 optimum
3455 3841 3618 3908 duco,

2051 3923 2188 3978 nihil
2221 3923 2322 3980 hac
2352 3924 2406 3978 in
2437 3925 2741 3995 quaestione
2790 3941 3117 3996 proponere,
3151 3945 3216 3986 ac
3242 3929 3370 3988 Iesu
3401 3932 3620 3990 Christo

2053 4017 2332 4074 adhazrere
2381 4026 2436 4072 et
2489 4017 2612 4087 ejus
2657 4019 2922 4087 apostolis
2967 4019 3310 4089 docentibus,
3347 4025 3638 4083 neminem

2055 4109 2295 4172 novisse,
2325 4124 2442 4180 qua
2463 4106 2628 4162 Pater
2646 4109 2818 4178 posuit
2843 4111 2900 4164 in
2948 4121 3224 4182 potestate,
3262 4123 3315 4170 et
3347 4107 3624 4187 quomodo

2054 4209 2298 4258 extrema
2329 4200 2445 4256 dies
2473 4209 2700 4256 ventura
2733 4202 2825 4267 sit,
2873 4203 3030 4274 cujus
3059 4210 3423 4275 praecedentia
3466 4211 3622 4283 signa

2059 4461 2203 4520 enim
2257 4461 2496 4520 gentium
2531 4459 2753 4516 nomine
2790 4460 2968 4515 solum
3018 4460 3397 4520 intelliguntur
3454 4462 3626 4520 Phili-

2059 4530 2579 4602 stlitei.S‘y'roeGrteci
2598 4540 2760 4600 atque
2775 4532 3142 4586 Alexandrini.
3161 4530 3294 4587 Nam
3313 4533 3626 4593 immediate

2059 4601 2311 4674 prmegdit
2335 4601 2539 4655 ibidem
2573 4602 2926 4674 comminatio
2953 4602 3282 4657 visitationis
3304 4603 3501 4662 divina:
3525 4623 3625 4662 su-

2057 4671 2157 4743 per
2186 4671 2501 4745 Egyp‘tum,
2531 4679 2586 4745 et
2617 4686 2779 4739 super
2823 4672 3135 4745 ldumteam,
3167 4682 3231 4745 et
3244 4689 3406 4745 super
3427 4675 3622 4745 Edom,

2057 4741 2112 4813 et
2162 4741 2323 4813 super
2349 4741 2789 4813 lilios_Ammon.
2832 4743 3124 4806 Arabibus,
3167 4741 3516 4813 )Ethi’opibus
3569 4741 3625 4802 et

2059 4810 2364 4878 Nubia'uis,
2438 4810 2668 4881 aliisque
2703 4880 2706 4881 ν
2743 4811 2994 4881 plurimis
3058 4810 3400 4868 communem
3454 4816 3626 4873 fuisse

2057 4883 2350 4952 quamdam
2401 4880 2899 4945 circumcisionem,
2954 4881 3161 4937 scilicet
3214 4884 3488 4952 politicam
3559 4904 3625 4944 ac

2059 4899 2350 4952 quamnam
2401 4899 2899 4945 Circummswnem,
2954 4899 3161 4937 scuicet
3251 4899 3488 4940 outtcam
3559 4904 3624 4944 ac

2059 4953 2363 5023 profanam,
2405 4968 2470 5006 ex
2514 4966 2678 5005 causa
2706 4952 2884 5023 plane
2919 4952 3177 5023 naturali,
3212 4899 3382 5010 fobus
3423 4956 3624 5012 Ludol-

2057 5019 2199 5092 phus
2233 5023 2571 5098 demonstrat
2592 5023 2645 5074 in
2665 5019 3014 5098 .zEtltiopicis,
3040 5019 3243 5098 Iudaeis
3269 5034 3448 5080 autem
3481 5045 3620 5098 prte-

2058 5091 2213 5162 cepta
2235 5091 2337 5146 fuit
2362 5094 2414 5162 in
2437 5092 2775 5162 signaculum
2795 5093 2913 5144 Iiuei
2941 5093 3008 5146 de
3031 5093 3308 5147 nascituro
3330 5111 3394 5150 ex
3418 5091 3624 5152 seiuiue

2055 5161 2289 5218 Abrahze
2347 5161 2573 5226 Messia;
2620 5162 2767 5232 quod
2821 5171 3014 5217 auctor
3065 5172 3254 5218 noster
3309 5168 3624 5224 nullatenus

2055 5243 2235 5288 ηθαει.

2150 5304 2239 5373 58)
2264 5302 2395 5372 Cap.
2415 5318 2546 5373 xvii,
2568 5303 2620 5370 Ῡ.
2639 5301 2718 5356 ll.

2149 5369 2240 5443 59)
2263 5369 2428 5427 Barn.
2467 5369 2662 5443 Epist.,
2693 5386 2813 5440 cap.
2844 5369 2932 5425 12.

2127 5442 2239 5512 (40)
2279 5444 2459 5509 lbid..,
2493 5459 2542 5497 ο.
2579 5442 2664 5498 l5.
2867 5496 2873 5501 .

2127 5452 2218 5512 μυ
2280 5452 2410 5498 una.

2125 5452 2239 5583 uti
2277 5514 2414 5568 Ibid.

2129 5584 2244 5651 (42)
2284 5583 2486 5637 Psalm.
2525 5599 2749 5650 Lxxmx,
2776 5585 2830 5640 4.

2131 5654 2252 5724 (45)
2297 5653 2462 5723 Epist.
2484 5656 2550 5708 ad
2585 5652 2859 5724 Hebr-reos,
2881 5671 3000 5727 cap.
3025 5675 3093 5714 Iv.

3255 5750 3334 5809 23
