4032 6146
414 223 517 297 715

1553 230 1612 285 S.
1650 228 2018 286 BARNABAS
2057 230 2486 291 APOSTOLUS.

3532 236 3635 291 7i6

412 349 774 417 prmnuntiant
805 348 1049 417 quidem,
1105 358 1317 422 tempus
1368 362 1546 407 autem
1580 369 1689 409 non
1719 355 2054 415 determiw-A
2081 366 2302 424 possent
2332 355 2388 411 in
2426 362 2800 427 contemptum
2824 352 3123 425 religionis,
3163 361 3375 409 tantum
3414 368 3641 425 progre-

412 451 564 505 nant,
592 440 753 495 sicuti
787 440 1201 512 peregitauctor
1230 444 1393 513 hujus
1419 444 1691 515 Epistulae.

660 552 798 603 Αῐιτ.
838 552 907 606 ii.
941 583 1009 591 —
1055 552 1451 609 Observationes
1482 557 1727 611 morales.

484 640 777 697 Videamus
805 630 986 709 medo,
1017 660 1137 714 qua:
1159 646 1305 701 circa
1331 663 1506 702 mores
1535 648 1710 702 tradat
1748 645 1835 701 hic
1871 662 1971 702 au-

410 739 547 784 ctor.
573 728 704 784 Post
743 731 1146 787 distinctionem
1178 735 1410 790 duarum
1439 737 1674 803 viarum,
1700 752 1837 807 quas
1876 754 1975 792 su-

409 837 507 892 pra
539 824 857 888 memoravi,
888 825 1175 895 utriusque
1205 838 1365 883 notas
1396 829 1636 884 exhibet.
1669 827 1973 898 lnsigniora

411 912 549 967 lucis
580 928 745 983 opera
770 924 933 970 sunt:
990 916 1100 971 imo
1122 917 1345 988 diligere
1381 920 1688 989 proximum
1722 930 1972 975 nostrum

409 1003 697 1073 plusquam
752 1021 852 1060 nos
880 1006 1295 1079 ipsosztDiliges
1318 1012 1621 1080 proximum
1647 1022 1795 1068 tnttm
1825 1014 1975 1081 plus-

408 1110 572 1164 quam
598 1095 836 1150 animam
868 1104 1014 1151 tuam
1043 1097 1410 1170 (M).tAgitur
1456 1102 1567 1167 hic,
1598 1112 1655 1157 ut
1682 1105 1974 1174 unicuique

410 1185 718 1252 innotescit,
741 1185 808 1241 de
836 1187 1125 1243 dilectione
1152 1204 1275 1261 erga
1308 1193 1638 1262 proximum,
1663 1210 1784 1265 quae
1806 1197 1971 1251 vitam

408 1277 571 1331 etiam
597 1277 749 1332 daret
776 1281 875 1348 pro
905 1281 1023 1349 ejus
1055 1283 1253 1346 salute,
1287 1284 1334 1338 si
1363 1286 1582 1355 quando
1616 1303 1736 1343 sese
1759 1290 1967 1358 praebe-

408 1377 492 1423 ret
510 1371 764 1438 occasio;
813 1382 861 1427 et
886 1373 1013 1427 licet
1039 1375 1239 1444 gradus
1264 1377 1353 1432 hic
1376 1379 1680 1439 dilectionis
1710 1382 1762 1437 in
1792 1382 1972 1453 perfe-

409 1462 673 1517 ctioribus
720 1465 895 1518 solum
927 1466 1325 1534 adinveni‘atur,
1383 1471 1740 1531 nihilominus
1761 1486 1970 1531 certum

407 1564 581 1607 estex
628 1552 944 1623 Scripturis,
1003 1565 1057 1610 et
1105 1573 1170 1611 ex
1202 1559 1518 1628 traditione,
1546 1563 1612 1618 ad
1642 1564 1785 1619 hanc
1835 1565 1966 1621 dile-

407 1643 641 1698 ctionem
666 1660 855 1700 omnes
879 1645 1081 1701 Christi
1117 1649 1301 1706 ﬁdeles
1344 1653 1398 1706 in
1435 1669 1632 1724 genere
1682 1658 1876 1722 teneri,
1914 1667 1969 1712 et

405 1747 662 1802 peccare,
697 1734 826 1790 dum
872 1739 1194 1794 occasiones
1218 1741 1496 1812 negligunt
1522 1746 1588 1799 ad
1632 1746 1966 1817 implendum

405 1836 756 1896 praeceptum,
782 1835 927 1898 quod
952 1833 1273 1887 naturaliter
1294 1836 1412 1889 ﬁuit
1439 1851 1504 1891 ex
1530 1849 1801 1909 praecepto
1835 1841 1969 1896 dile-

408 1922 601 1976 ctionis
616 1938 740 1993 erga
758 1922 948 1977 Deum.
977 1922 1247 1980 Tenemur
1271 1927 1491 1998 diligere
1513 1933 1820 2001 proximum
1845 1951 1969 2006 pro-

406 2020 524 2079 pter
552 2012 742 2083 Deum,
774 2024 827 2070 et
852 2015 1016 2071 Deum
1049 2017 1226 2087 ipsum
1261 2020 1313 2073 in
1340 2032 1527 2077 nostro
1565 2027 1816 2094 proximo
1846 2030 1969 2084 dili-

408 2105 618 2173 gimus:
650 2108 841 2176 atquis
861 2108 1093 2163 inﬁciari
1125 2110 1363 2178 audebit,
1397 2114 1594 2171 debere
1617 2133 1717 2173 nos
1746 2120 1969 2191 diligere

408 2196 577 2251 Deum
610 2198 892 2268 plusquam
916 2217 1015 2256 nos
1045 2202 1213 2272 ipsos,
1244 2212 1298 2259 et
1337 2208 1658 2278 sanguinem
1690 2210 1968 2268 eﬁundere

407 2298 624 2358 propter
658 2291 777 2361 eius
816 2294 1113 2348 amorem?
1552 2286 1555 2291 ’
1690 2290 1693 2291 ⁷

473 2378 698 2448 Oportet
721 2383 963 2437 secundo
1001 2388 1410 2445 communicare
1447 2390 1501 2445 in
1543 2395 1798 2452 omnibus
1842 2413 1965 2453 cum

406 2472 677 2538 proximo,
705 2486 758 2527 et
782 2475 916 2528 nihil
942 2479 1221 2546 pr0prium
1244 2482 1503 2537 retinere:
1537 2503 1556 2535 ι
1585 2486 1969 2545 Communica—

407 2563 490 2616 bis
518 2562 571 2615 in
597 2564 850 2620 omnibus
876 2582 999 2620 cum
1050 2571 1300 2638 proximo
1339 2580 1469 2640 tuo,
1519 2590 1620 2631 nec
1666 2578 1964 2648 quidquam

410 2654 558 2709 dices
575 2656 855 2724 preprium
890 2657 1025 2728 (45).
1063 2679 1081 2711 ι
1124 2658 1301 2731 Viguit
1327 2663 1415 2717 hic
1442 2680 1561 2721 mos
1591 2671 1732 2737 apud
1760 2672 1967 2740 primos

340 2774 347 2781 -
411 2748 616 2812 ﬁdeles,
649 2755 709 2800 ut
734 2757 943 2803 constat
987 2765 1052 2804 ex
1080 2752 1232 2807 Actis
1275 2757 1642 2824 apostolorum
1669 2762 1803 2833 (46).
1835 2763 1966 2820 Ter-

407 2839 482 2893 tio
511 2838 736 2909 diligere
781 2858 799 2892 ι
833 2850 893 2895 ut
926 2843 1184 2912 pupillam
1212 2848 1357 2900 oculi
1378 2863 1589 2917 omnes,
1625 2871 1642 2904 ι
1678 2856 1771 2924 qui
1804 2859 1963 2915 nobis

404 2931 703 3000 loquuntur
730 2932 953 2987 verbum
982 2933 1105 2989 Dei:
1136 2954 1154 2986 ι
1178 2936 1393 3007 Diliges,
1420 2949 1480 2995 ut
1506 2944 1763 3013 pupillam
1793 2950 1965 3016 oculi,

405 3037 621 3077 omnem
686 3024 776 3094 qui
809 3024 902 3080 tibi
923 3025 1165 3097 loquitur
1190 3031 1415 3085 verbum
1441 3033 1676 3091 Domini.
1704 3058 1722 3091 ι
1755 3038 1962 3106 Quarto
1991 3035 2037 3096 C

404 3114 648 3167 conﬁteri
708 3123 926 3185 peccata
986 3127 1211 3173 nostra:
1275 3140 1293 3173 ι
1325 3121 1687 3184 Conﬁteberis
1740 3143 1960 3201 peccata

405 3213 516 3259 tua.
554 3223 572 3256 ›
606 3203 843 3261 Tandem
872 3223 1083 3277 cavere,
1099 3225 1165 3265 ne
1206 3227 1444 3283 unquam
1480 3216 1566 3272 «in
1588 3221 1835 3278 oratione
1864 3240 1961 3282 ac-

403 3299 657 3353 cedamus
679 3300 745 3353 ad
772 3298 939 3355 Deum
970 3302 1024 3356 in
1063 3307 1395 3363 conscientia
1414 3312 1554 3366 mala
1572 3315 1705 3386 (47).
1722 3336 1741 3370 ι
1763 3315 1963 3377 Praeci-

402 3407 521 3461 pua:
550 3392 632 3447 ine
680 3402 809 3447 sunt
836 3404 977 3451 nota:
1008 3397 1108 3453 vite
1134 3397 1302 3455 lucis:
1340 3419 1359 3454 ι
1390 3401 1515 3460 Haec
1545 3414 1648 3472 est,
1695 3409 1824 3465 dicit
1860 3428 1962 3470 au-

401 3488 538 3549 ctor,
565 3483 650 3538 via
681 3485 839 3541 lucis.
876 3505 896 3539 ι

432 3670 435 3671 ν
468 3603 613 3657 inter
630 3616 791 3671 opera
810 3603 1181 3673 tenebrarum,
1199 3609 1519 3668 notabiliora
1541 3625 1672 3671 sunt
1691 3617 1960 3677 idolorum

400 3693 651 3760 servitus,
683 3696 982 3762 temeritas,
1011 3698 1174 3754 elatio
1206 3704 1509 3772 potestatis,
1535 3707 1832 3780 simulatio,
1864 3729 1960 3771 cor

398 3784 618 3853 duplex,
646 3784 1028 3855 homicidium,
1061 3791 1272 3860 rapina,
1304 3795 1485 3864 dolus,
1516 3802 1721 3858 malitia
1742 3844 1756 3867 ,
1803 3823 1959 3863 arro-

398 3875 612 3946 gantia,
666 3877 1011 3947 veneﬁcium,
1069 3883 1269 3953 magia,
1332 3890 1600 3961 avaritia,
1647 3898 1828 3955 nullus
1865 3901 1959 3960 Dei

396 3971 580 4023 timor.
624 3970 683 4020 in
732 3968 835 4025 hac
861 3974 1204 4028 tenebrarum
1256 3978 1341 4033 via
1372 3984 1715 4043 continentur
1757 3996 1960 4060 pariter

396 4070 769 4130 persecutores
792 4063 1083 4129 bonorum,
1107 4081 1294 4125 osores
1318 4075 1581 4142 veritatis,
1608 4090 1663 4134 et
1689 4094 1959 4144 amatores

399 4152 698 4205 mendacii:
740 4171 757 4204 ι
795 4155 853 4207 ln
887 4170 992 4223 qua
1027 4158 1371 4217 tenebrarum
1397 4167 1483 4220 via
1509 4180 1655 4237 sunt,
1688 4148 1956 4235 bonorum

396 4252 772 4311 persecutores
800 4284 815 4307 ,
869 4260 1059 4301 osores
1127 4250 1407 4321 veritatis,
1467 4270 1741 4319 amatores
1803 4283 1957 4323 men—

2074 448 2221 502 ditur
2242 465 2369 503 cum
2398 450 2678 520 allegoria,
2699 457 2757 503 ut
2784 448 2978 503 docere
3005 446 3271 512 videatur,
3303 444 3475 502 Deum
3498 462 3640 500 nun-

2074 555 2239 609 quam
2279 541 2518 597 voiuisse
2543 540 2905 612 quorumdam
2929 539 3176 595 ciborum
3209 553 3368 593 usum
3399 537 3639 593 Hebraeis

2076 630 2437 698 interdicere;
2486 632 2581 687 sed
2601 630 2944 687 solummodo
2966 631 3246 684 horrorem
3288 628 3531 698 ingerere
3572 627 3640 683 de

2076 719 2143 776 iis
2166 722 2334 788 vitiis,
2372 738 2496 793 quae
2521 738 2618 793 per
2654 722 2871 777 diversa
2919 722 3007 775 illa
3044 718 3296 774 animalia
3320 718 3638 789 signican-

2073 821 2200 868 tur:
2231 832 2250 865 ι
2278 816 2489 886 Itaque,
2535 814 2612 869 ait
2662 814 2775 881 ille,
2807 814 3120 868 mandatum
3154 811 3246 866 Dei
3297 828 3406 867 non
3436 820 3538 874 est,
3571 826 3659 866 ne

2075 906 2434 973 manducent;
2463 906 2557 962 sed
2584 904 2798 978 Moyses
2832 922 2884 961 tn
2910 905 3101 975 spiritu
3125 904 3340 960 locutus
3363 904 3633 972 est(49).o

2074 996 2282 1067 Opinor
2315 1013 2415 1069 ego
2449 1006 2658 1053 textum
2690 998 2835 1053 hunc
2866 1011 2974 1051 non
3029 997 3103 1050 ita
3137 995 3323 1051 stricte
3343 1004 3397 1049 et
3424 994 3636 1050 littera-

2073 1090 2195 1145 iiter
2217 1090 2593 1160 accipiendum
2625 1104 2768 1153 esse,
2799 1097 2859 1143 ut
2888 1103 2997 1142 non
3030 1088 3207 1158 possit
3229 1086 3285 1141 in
3328 1085 3639 1157 orthodoxo

2074 1197 2240 1238 sensu
2271 1183 2531 1254 intelligi:
2564 1182 2610 1238 si
2659 1196 2815 1237 mens
2850 1181 2994 1235 enim
3024 1180 3190 1249 hujus
3217 1177 3457 1234 auctoris
3493 1189 3639 1235 recte

2072 1274 2460 1344 perpendatur,
2489 1283 2543 1329 et
2572 1272 2718 1339 ﬁnis,
2769 1289 2931 1343 quem
2958 1272 3060 1328 sibi
3085 1269 3342 1342 proponit
3374 1286 3481 1325 una
3512 1287 3635 1327 cum

2073 1374 2188 1421 toto
2216 1374 2494 1433 contextu,
2552 1364 2713 1421 facile
2739 1365 3011 1420 constabit
3038 1374 3316 1420 auctorem
3358 1365 3411 1420 id
3469 1379 3636 1419 unum

2072 1459 2270 1513 docere
2291 1456 2454 1524 velle,
2483 1457 2692 1513 scilicet
2718 1457 3035 1511 mandatum
3064 1455 3156 1511 Dei
3190 1454 3433 1512 Hebraeis
3468 1458 3641 1527 impo-

2072 1550 2235 1606 situm
2268 1549 2576 1605 abstinendi
2612 1566 2642 1605 a
2692 1549 3020 1620 quibusdam
3060 1549 3215 1616 cibis,
3266 1566 3373 1607 non
3425 1560 3634 1607 tantum

2070 1640 2429 1696 obstrinxisse
2446 1640 2588 1705 illos,
2608 1655 2676 1695 ne
2689 1655 2816 1695 vere
2830 1655 2893 1696 ac
2909 1641 3125 1695 realiter
3140 1641 3291 1695 hisce
3305 1641 3441 1697 cibis
3453 1660 3637 1699 vesoe-
3692 1643 3697 1647 ’

2072 1741 2291 1798 rentur;
2324 1747 2510 1785 verum
2540 1735 2726 1796 etiam,
2767 1742 2828 1788 ut
2858 1747 2921 1787 ea
2950 1741 3168 1802 peccata
3200 1732 3483 1788 horrerent
3517 1751 3635 1805 qua:

2071 1817 2126 1877 iii
2158 1823 2295 1878 cibis
2342 1823 2447 1877 illis
2468 1823 2956 1893 signiﬁcabantur:
2999 1824 3125 1879 hinc
3161 1824 3473 1880 immediate
3513 1837 3635 1897 post

2072 1914 2365 1969 adductum
2391 1923 2622 1980 textum,
2653 1915 2751 1980 ait,
2786 1916 2957 1971 Deum
2981 1915 3062 1971 sic
3094 1916 3420 1985 praecepisse
3467 1918 3632 1972 absti-

2071 2007 2308 2061 nentiam
2340 2022 2369 2060 a
2394 2022 2557 2062 carne
2581 2007 2826 2077 porcina,
2847 2008 3004 2077 quasi
3035 2008 3080 2062 si
3108 2007 3355 2074 dixisset,
3384 2008 3631 2063 homines

2070 2115 2179 2155 non
2209 2099 2407 2154 debere
2440 2100 2715 2154 adhaerere
2736 2095 2821 2159 iis,
2837 2093 2928 2164 qui
2945 2090 3148 2149 similes
3161 2099 3289 2147 sunt
3302 2098 3628 2169 POPOIS(50).

2070 2191 2136 2246 Et
2166 2190 2306 2246 infra
2332 2192 2561 2261 loquens
2604 2204 2819 2261 semper
2865 2190 2933 2245 de
2985 2188 3236 2243 ciborum
3285 2186 3631 2242 distinctione

2071 2290 2340 2351 praecepta
2376 2281 2430 2335 in
2455 2281 2571 2352 lege
2591 2279 2816 2352 Moysis,
2856 2279 3046 2345 tradit,
3090 2277 3310 2333 Judaeos
3358 2277 3629 2347 accepisse

2070 2372 2234 2427 verba
2259 2372 2346 2425 illa
2374 2371 2595 2443 Moysis,
2622 2387 2687 2427 ac
2715 2371 2759 2426 si
2792 2372 2857 2425 de
2875 2371 3018 2425 escis
3050 2388 3069 2421 ι
3094 2369 3453 2438 simpliciter»
3484 2369 3628 2438 egis-

2070 2470 2153 2516 set
2191 2461 2326 2530 (51).
2386 2462 2715 2516 Adverhium
2748 2463 2889 2529 hoc,
2933 2481 2951 2513 ι
2977 2461 3320 2530 simpliciter,
3347 2479 3366 2512 ι
3412 2475 3627 2516 omnem

2067 2550 2266 2605 enodat
2317 2549 2685 2607 diﬁicultatem
2735 2552 2883 2606 allati
2921 2561 3145 2617 textus;
3190 2560 3404 2605 constat
3458 2551 3624 2615 enim,

2069 2643 2215 2700 hunc
2236 2651 2514 2697 auctorem
2548 2659 2831 2714 nunquam
2856 2644 3096 2698 voluisse
3122 2642 3341 2698 Judaaos
3360 2644 3567 2698 solutos
3595 2658 3626 2697 a

2068 2747 2337 2806 praecepto
2361 2734 2665 2790 abstinendi
2701 2735 2921 2789 realiter
2952 2751 2981 2789 a
3010 2734 3147 2791 cibis
3183 2735 3238 2789 in
3279 2735 3395 2807 lege
3429 2737 3626 2802 vetitis,

2067 2828 2161 2883 sed
2189 2829 2351 2882 unice
2383 2826 2685 2881 intendisse
2716 2842 2817 2895 ope
2846 2827 3009 2895 hujus
3056 2828 3402 2885 abstinentiae
3423 2844 3517 2885 eos
3542 2845 3626 2885 re-

2068 2918 2291 2973 trahere
2338 2932 2369 2971 a
2399 2916 2544 2971 vitiis
2571 2916 2643 2970 ibi
2678 2918 3004 2973 connotatis.

2100 3080 2241 3134 Au't'.
2274 3076 2362 3133 Ili.
2391 3110 2456 3119 —
2493 3078 2889 3135 Observationes
2912 3081 2981 3134 ad
3010 3081 3348 3154 philologiam
3379 3099 3587 3139 sacram

2689 3163 3001 3220 spectantes.

2134 3267 2274 3323 Dum
2315 3266 2577 3321 Barnabas
2621 3276 2766 3337 gesta
2809 3264 2931 3323 fuse
2972 3270 3344 3341 prosequitur,
3380 3270 3629 3341 miraque

2063 3358 2267 3430 ingenii
2294 3357 2615 3413 dexteritate
2660 3356 2897 3413 illustrat
2927 3359 3012 3413 vir
3057 3359 3407 3417 doctissimus
3445 3360 3627 3418 Μαιο-

2062 3451 2245 3515 chius,
2277 3450 2487 3521 aliquot
2509 3450 2671 3504 etiam
2715 3449 2834 3520 ejus
2863 3451 3108 3521 epistolae
3148 3453 3267 3510 loca
3290 3455 3501 3526 egregie
3526 3471 3627 3526 pro

2062 3558 2217 3598 more
2243 3557 2342 3598 suo
2372 3542 2649 3598 edisserit:
2685 3551 2745 3596 ut
2776 3543 3003 3612 proinde
3049 3560 3229 3615 opera:
3254 3548 3484 3616 pretium
3541 3562 3628 3603 tne

2062 3633 2336 3691 iacturum
2365 3633 2695 3700 existimem,
2720 3633 2763 3689 si
2790 3633 3095 3692 luculentas
3119 3637 3268 3694 illius
3292 3640 3627 3697 observatio-

2062 3740 2160 3780 nes
2191 3740 2362 3780 sacrae
2386 3725 2695 3796 philologiae
2724 3726 2904 3782 studio
2934 3729 3266 3797 permultum
3311 3730 3625 3801 profuturas

2061 3818 2167 3873 hoc
2190 3818 2312 3872 loco
2341 3816 2645 3871 describam
2672 3817 2808 3888 (52).
2837 3817 3019 3875 Prima
3053 3822 3364 3881 observatio
3403 3827 3627 3895 respicit

2062 3915 2457 3978 caputsextum
2482 3907 2746 3976 epistolae,
2779 3909 2924 3977 quod
2952 3911 3031 3965 sic
3056 3911 3249 3982 incipit
3270 3913 3413 3983 (55):
3442 3932 3461 3966 ι
3498 3916 3623 3971 Ὅτε

2058 3994 2149 4053 οὖν
2178 3998 2428 4068 ἐποίησεν
2457 3998 2674 4071 ἐντολήν
2699 4039 2714 4064 ,
2747 4010 2851 4054 etc.
2883 4001 3018 4056 Cum
3045 4013 3223 4059 autem
3272 4006 3395 4061 fecit
3426 4024 3624 4079 praece-

2059 4100 2211 4161 ptum
2237 4088 2687 4161 (Christus),quid
2718 4091 2885 4147 dicit?
2914 4093 3048 4160 Quis
3075 4104 3177 4161 est,
3206 4098 3299 4167 qui
3345 4099 3623 4168 judicetur

2067 4182 2319 4238 mecum?
2354 4201 2372 4233 ι
2418 4181 2484 4236 Et
2533 4198 2654 4251 quae
2682 4199 2846 4253 porro
2868 4201 2933 4240 ex
2963 4188 3115 4241 isaim
3156 4205 3205 4253 ι,
3240 4190 3293 4254 8,
3344 4192 3376 4246 9
3408 4195 3619 4250 recitat.

2059 4272 2160 4329 ilic
2194 4274 2481 4328 observatu
2534 4289 2641 4328 non
2694 4276 2974 4345 indignum
3025 4289 3127 4346 est,
3159 4281 3398 4354 ἐντολήν,
3427 4302 3623 4355 pravae.

393 4332 534 4388 dacii
566 4334 700 4402 (48).
740 4355 758 4386 ο
818 4336 1077 4402 Quinimo
1127 4349 1181 4395 et
1240 4342 1277 4396 ii
1313 4359 1525 4415 omnes,
1592 4354 1685 4422 qui
1727 4356 1954 4430 diligunt
1988 4368 2033 4422 ι)
2060 4376 2231 4433 ptum,
2258 4364 2525 4429 absolute,
2576 4374 2629 4419 et
2659 4381 2754 4434 per
2784 4332 3159 4425 excellentiam
3427 4332 3621 4435 ἶιξιῖ-ἷε

392 4442 553 4538 vana,
580 4438 968 4538 consectantur
989 4436 1480 4534 remunerationem
1499 4483 1513 4507 ,
1544 4460 1653 4498 non
1686 4448 1953 4507 miseren-
2053 4454 2357 4523 jussioncm
2399 4456 2464 4509 de
2494 4456 2877 4512 incarnatione
2908 4469 2959 4513 et
2987 4471 3099 4515 toto
3128 4464 3378 4522 humanae
3398 4483 3622 4538 repara-

393 4524 482 4609 tur
512 4516 713 4585 inopis,
746 4533 853 4571 non
882 4516 1133 4575 laborant
1169 4522 1222 4577 in
1270 4529 1497 4595 gratiam
1550 4533 1716 4603 illius,
1748 4541 1839 4609 qui
1869 4542 1950 4597 la-

2052 4545 2222 4601 tionis
2265 4547 2503 4616 negotio,

2552 4552 2696 4616 quod
2726 4550 2943 4633 ὲντολξὶς
2966 4552 3058 4606 τοῦ
3093 4555 3326 4628 nam“,
3360 4576 3618 4633 prteceptu

391 4604 523 4659 bore
545 4608 895 4713 acat'umtiis
925 4609 1206 4668 confectus
1260 4621 1469 4713 est,uad
1501 4604 1949 4687 obtrectationem
2053 4633 2259 4701 Patris,
2290 4604 2446 4689 vocat
2465 4604 2585 4706 ipse
2592 4638 2841 4694 Christus
2862 4604 3019 4700 J'o'an.
3048 4661 3133 4710 xv,
3164 4604 3252 4713 lor,
3360 4604 3620 4710 iortavsrsi;

390 4694 649 4763 prompti,
680 4708 996 4753 aversantes
1026 4717 1280 4772 egenum,
1327 4708 1621 4779 aitligentes
1667 4717 1950 4790 aﬁlictum,

396 4803 413 4833 ι
438 4786 662 4840 divitum
693 4788 961 4855 advocati,
987 4807 1287 4862 pauperum
1308 4798 1519 4868 judices
1568 4804 1760 4878 iniqui.
1783 4832 1803 4864 ι

460 4878 579 4932 Alio
606 4879 659 4933 in
686 4880 931 4950 ejusdem
963 4885 1205 4954 epistola:
1251 4889 1395 4960 loco,
1420 4909 1529 4965 quo
1579 4900 1729 4965 abuti
1778 4905 1947 4980 aliqui

607 5132 989 5211 Ep._Barnan.,
1017 5153 1139 5211 cap.
1180 5142 1267 5197 i9.

461 5203 572 5269 (45)
609 5204 741 5258 Ibid.

457 5272 568 5345 (iii)
604 5272 836 5345 Actutum
866 5292 986 5345 cap.
1014 5294 1054 5333 ιι
1082 5289 1137 5335 et
1158 5296 1232 5336 tv.

458 5341 570 5418 (47)
616 5342 769 5418 «Non
796 5341 1019 5418 accedes
1042 5347 1109 5404 ad
1139 5352 1442 5407 orationem
1500 5364 1650 5415 tuam
1703 5360 1844 5416 mala
1883 5362 1936 5418 in

390 5413 801 5491 conscientia.)
863 5415 961 5486 Ep.
988 5418 1177 5491 Barth,
1210 5436 1331 5491 cap.
1358 5423 1446 5481 i9.

741 5485 887 5551 Bar.,
908 5481 1036 5557 'cap.
1070 5490 1161 5545 20.

455 5551 564 5624 (iiii)
601 5554 738 5624 ibid.
766 5572 882 5624 cap.
920 5551 1005 5612 10'.

451 5620 563 5691 (530)
608 5642 625 5672 v
651 5620 989 5695 Quapropter
1010 5628 1090 5685 sic
1106 5645 1257 5688 suem
1278 5631 1370 5695 ait,
1394 5636 1552 5704 quasi
1575 5637 1799 5709 diceret,
1832 5661 1936 5699 non

550 5858 577 5883 ἱ

2056 4729 2324 4784 alluditur
2353 4744 2385 4783 a
2431 4729 2679 4785 Barnaba
2708 4733 2774 4786 ad
2811 4732 2941 4788 illud
2976 4736 3171 4806 psalmi
3218 4752 3409 4808 xxxix,
3455 4743 3509 4809 8,
3541 4746 3615 4800 9':

2055 4820 2201 4876 Tunc
2231 4820 2345 4875 dixi
2364 4836 2383 4874 :
2412 4820 2545 4876 Ecce
2570 4825 2716 4878 venio
2744 4865 2761 4881 .
2792 4865 2805 4880 .
2834 4865 2850 4881 .
2881 4866 2894 4880 .
2941 4838 3000 4881 ut
3049 4829 3247 4897 faciam
3297 4834 3618 4891 voluntatem

2057 4922 2419 4973 tuam:auam
2459 4914 2795 4970 voluntatem
2830 4932 2958 4972 mox
3015 4918 3178 4991 legem
3232 4936 3423 4981 vocat:
3473 4926 3613 4983 Deus

2048 5150 2355 5280 33:32:39.
2389 5156 2704 5214 hominibus
2735 5162 2955 5233 talibus,
2981 5171 3075 5241 qui
3108 5173 3317 5233 similes
3330 5187 3459 5235 sunt
3485 5196 3613 5251 por-

2117 5294 2814 5387 incpiqxsgesde‘escis
2842 5306 2945 5387 tria
2995 5311 3209 5387 decreta
3244 5316 3458 5375 locutus
3503 5331 3609 5387 est,

2043 5363 2681 5461 iliiIv-eroll‘qdieig‘q-uasi
2725 5372 2792 5428 de
2819 5377 2963 5433 escis
3015 5363 3604 5461 siaibiiciéi"'é§is§5il

2041 5444 2387 5491 acceperunt.
2418 5455 2435 5487 ι
2469 5438 2602 5491 lam.

2260 5504 2899 5588 MazociLCommentar.
2925 5519 2981 5575 in
3011 5534 3115 5578 vet.
3146 5523 3338 5583 Marm.
3378 5528 3607 5588 Kalend.

2043 5575 2163 5629 Vol.
2191 5573 2255 5637 li,
2285 5591 2405 5643 pag.
2432 5577 2539 5629 572
2572 5609 2608 5619 -
2638 5581 2761 5636 574.

2112 5645 2227 5715 (55)
2268 5644 2440 5713 Epist.
2478 5646 2734 5717 Barnab.,
2773 5668 2890 5729 cap.
2934 5659 3004 5731 6,
3038 5661 3119 5717 lit.
3155 5664 3217 5721 C.
