4032 6146
444 200 546 253 717

1767 195 2289 253 PROLEGOMENA.

3562 200 3662 254 7l8

442 334 582 371 utens
616 318 776 383 volui,
799 327 849 371 et
865 316 1025 387 legem
1052 323 1193 369 tuam
1231 317 1286 368 in
1312 318 1476 370 medio
1506 317 1677 370 cordis
1706 320 1827 371 mei.
1871 316 1999 371 Om-
2030 325 2072 378 Α
2107 318 2304 382 xisset,
2344 333 2409 371 cx
2456 326 2598 370 terra
2681 312 2971 369 formatum
3022 329 3143 371 esse
3191 313 3384 369 Adam.
3440 314 3503 368 Et
3548 315 3659 368 haec.

441 410 572 463 nino
602 409 706 464 hac
728 408 1084 479 praeceptione
1103 406 1286 462 divina
1329 408 1498 476 plenae
1530 418 1659 463 sunt
1712 410 1998 478 utriusque
2096 410 2257 462 etiam
2304 408 2502 462 ibidem
2551 408 2771 461 totidem
2807 406 2989 461 verbis
3018 405 3271 461 Clemens
3319 402 3483 461 refcrt
3532 416 3655 474 cap.

433 501 677 559 Foederis
712 502 941 571 paginae:
976 502 1081 554 hoc
1106 507 1314 553 tantum
1354 500 1441 555 hic
1474 516 1670 585 no‘vum
1692 543 1707 565 ,
1739 502 1884 565 quod
1932 516 1995 555 ea

444 586 534 642 hic
558 588 803 646 absolute
831 597 1144 657 prtereptum
1172 597 1532 657 nuncupetur.
1558 588 1626 642 At
1650 598 1802 644 vt-tus
1831 590 1995 642 inter-

441 694 568 749 pres
598 682 693 736 Dei
731 691 1045 750 praceptum
1082 678 1336 747 reddidit,
1371 690 1429 735 ut
1452 681 1690 736 insolens
1737 682 1990 751 loquendi

442 787 611 842 genus
643 770 843 824 clarius
872 769 1125 826 efﬁceret.

508 863 707 919 Eodem
734 862 787 915 in
816 863 993 932 capite
1038 863 1201 933 paulo
1236 872 1357 931 post
1390 864 1502 933 (54)
1533 864 1756 918 recitato
1790 864 1991 935 Moysis

437 954 752 1011 testimonio
801 955 868 1009 de
916 955 1266 1024 adipiscenda
1299 965 1441 1009 terra
1494 955 1695 1008 ﬂuente
1753 956 1891 1009 lacte
1937 966 1991 1011 et

2100 498 2185 552 VII
2231 500 2375 570 (57),
2425 499 2586 554 sicuti
2624 499 2786 553 etiam
2836 498 2890 552 in
2939 498 3293 567 sequentibus
3343 498 3652 568 capitibus,

2094 591 2294 660 pluries
2349 588 2480 644 illud
2544 588 2859 661 προσέχετε,
2917 587 3209 654 attendite,
3262 590 3649 656 intercaletur,

2091 681 2234 751 quod
2264 680 2539 750 peculiare
2568 688 2651 733 est
2679 677 3120 749 ἀλληγορούντων
3139 719 3153 743 ,
3198 678 3263 732 ad
3296 680 3648 734 attentionem

2091 771 2410 825 acuendam.
2441 768 2573 838 Cap.
2607 768 2672 821 ΙΧ
2701 768 2849 839 (58):
2890 768 3047 822 Ἀλλὰ
3083 771 3176 822 καὶ
3218 771 3323 833 πᾶς
3346 763 3512 841 Σύρος
3559 769 3652 823 καὶ

2093 861 2274 932 ’Ἄραψ
2315 861 2408 913 καὶ
2437 857 2636 922 πάντες
2658 860 2706 912 οἱ
2735 855 2895 931 ἱερεῖς
2916 859 3026 913 τῶν
3054 856 3283 913 εἰδώλων
3302 900 3317 923 ,
3363 870 3493 927 etc.,
3516 875 3650 929 .quaa

2089 952 2168 1006 sic
2192 952 2378 1005 Latine
2426 954 2585 1004 vertit
2626 948 2707 1003 vir
2750 950 3090 1006 clarissimus
3119 946 3420 1006 Cotelerius
3459 950 3649 1005 doctor

2089 1043 2492 1098 Sorbonicus...
2552 1063 2569 1093 ι
2631 1044 2827 1097 Verum
2859 1048 2910 1096 et
2939 1043 3118 1097 omnis
3152 1041 3323 1113 Syrus
3351 1047 3405 1096 et
3432 1042 3606 1097 Arabs
3627 1076 3646 1109 ρ

435 1046 614 1111 melle,
646 1046 829 1099 statim
856 1046 969 1100 haec
999 1046 1183 1100 subdit
1210 1045 1524 1100 Barnabas:
1562 1065 1579 1096 ‹
1619 1045 1759 1112 Quid
1785 1047 1928 1102 dicat
1954 1051 1988 1119 ἡ

432 1133 637 1197 Γνῶσις
672 1134 940 1206 (cognitio,
975 1134 1087 1190 sive
1116 1136 1382 1204 scientia),
1412 1136 1636 1191 discite:
1676 1137 1897 1206 Sperate
1930 1139 1988 1193 in
2085 1144 2141 1190 et
2176 1150 2367 1190 omnes
2414 1135 2682 1189 idolorum
2730 1135 3042 1190 sacerdotes
3087 1134 3574 1188 circumciduntur.
3619 1150 3639 1183 ι

429 1239 577 1290 eum,
599 1227 692 1295 qui
711 1226 762 1280 in
787 1243 950 1281 carne
980 1226 1407 1282 manifestandus
1420 1238 1505 1284 est
1524 1228 1695 1294 vobis,
1722 1227 1930 1284 Jesum.
1962 1249 1982 1282 ι
2077 1224 2218 1295 ,ρυτε
2243 1225 2437 1278 merito
2465 1220 2835 1279 difﬁcultatem
2861 1232 3136 1279 crearunt.
3164 1221 3364 1279 Verum
3397 1224 3512 1280 haec
3536 1239 3646 1278 non

428 1314 1214 1384 I‘wbaswq,(scientize)nomine,
1236 1334 1349 1373 aevo
1364 1320 1658 1388 apostolico
1687 1321 1984 1377 intellectas
2085 1327 2214 1373 sunt
2243 1317 2309 1372 ad
2343 1317 2671 1372 severiorem
2713 1318 2970 1371 trutinam
3002 1318 3263 1384 exigenda
3285 1359 3301 1385 ,
3341 1318 3434 1373 sed
3466 1326 3646 1389 παχυ-

429 1404 600 1460 fuisse
624 1421 853 1460 arcanas
878 1414 932 1459 et
961 1406 1280 1475 allegoricas
1316 1406 1511 1461 veteris
1535 1407 1776 1462 lmderis
1816 1409 1984 1479 signi-
2080 1410 2274 1479 τέρως,
2309 1408 2674 1474 crassiuscule,
2700 1407 3011 1478 accipienda
3060 1411 3206 1464 hunc
3239 1406 3408 1465 ferme
3440 1409 3495 1464 in
3529 1426 3647 1464 mo-

427 1497 732 1562 ficationes,
764 1513 923 1552 nemo
954 1499 1184 1569 ignorat.
1221 1498 1296 1554 Ea
1324 1508 1407 1554 est
1437 1499 1605 1553 clavis
1636 1500 1894 1566 scicntia,
1928 1502 1980 1555 in
2081 1499 2245 1553 dum:
2279 1496 2466 1565 Quiris
2495 1496 2699 1569 Syrus,
2742 1499 2922 1568 quivis
2957 1499 3166 1565 Arabs,
3201 1500 3380 1568 quivis
3420 1501 3644 1557 simula-

426 1604 536 1659 qua
580 1590 685 1645 sibi
734 1590 867 1660 legis
910 1590 1113 1659 peritos
1149 1591 1418 1660 placuisse
1444 1631 1460 1657 ,
1491 1591 1743 1645 Christus
1776 1594 1981 1648 notavit
2017 1658 2038 1660 _
2081 1606 2297 1646 crorum
2351 1591 2605 1645 sacerdos
2652 1590 3129 1645 circumcisiouem
3182 1592 3435 1646 admittit.
3489 1594 3639 1649 Aut:

428 1658 562 1748 (55).
591 1678 659 1732 At
698 1658 808 1733 hoc
839 1658 1071 1748 amplius
1104 1658 1190 1734 hic
1218 1680 1718 1747 animadvertimus,
1752 1682 1976 1751 Γνῶσιν,
2011 1658 2053 1712 Β
2080 1679 2158 1736 Ne
2200 1679 2320 1754 Syri
2365 1682 2585 1751 quidem
2622 1691 2676 1735 ct
2709 1681 2914 1736 Arabes
2942 1690 2996 1736 et
3022 1680 3236 1751 profani
3269 1683 3580 1739 sacerdotes
3609 1698 3641 1739 a

425 1773 718 1835 scientiam,
743 1773 897 1843 quasi
940 1773 1135 1827 librum
1176 1772 1363 1835 citari,
1402 1784 1456 1829 et
1494 1790 1559 1828 ex
1594 1790 1660 1830 eo
1689 1777 1857 1830 verba
1888 1776 1978 1831 illa

424 1863 690 1933 proferri:
721 1862 973 1933 Sperate,
1005 1873 1108 1918 etc.
1141 1863 1297 1929 Quod
1335 1866 1551 1934 quidem
1597 1880 1661 1920 ex
1702 1865 1980 1922 Clemente

423 1953 790 2009 Alexandrino
824 1954 978 2025 (56),
1013 1955 1183 2009 multo
1223 1962 1306 2010 est
1345 1956 1687 2021 evidentius,
1724 1957 1817 2011 ubi
1865 1957 1979 2011 haec

421 2045 585 2100 verba
613 2060 679 2098 ex
709 2043 955 2098 Barnaba
979 2045 1056 2098 sic
1081 2046 1400 2109 recitantur,
1426 2053 1483 2099 ut
1510 2045 1693 2117 φησίν,
1720 2046 1864 2116 quod
1889 2045 1978 2100 hic

418 2137 591 2201 deest,
616 2137 957 2204 suppleatur:
983 2133 1122 2202 Quid
1140 2136 1283 2191 dicat
1303 2136 1785 2207 cognitio,disrite:
1801 2136 1978 2191 Ἐλπι-

421 2248 569 2295 σατε,
598 2233 780 2302 φησὶν,
814 2231 906 2284 ἐπὶ
930 2229 1021 2283 τὸν
1067 2238 1195 2296 etc.,
1223 2230 1461 2301 Sperate,
1494 2228 1701 2299 inquit,
1746 2233 1801 2286 in
1826 2248 1975 2294 eum,

415 2331 545 2388 etc.,
567 2323 845 2391 utisupra.
878 2318 980 2375 Ubi
1009 2318 1415 2384 animadvertis,
1448 2319 1576 2372 illud
1606 2318 1768 2388 φησιν
1795 2304 1975 2372 afferri

414 2433 482 2473 ex
507 2433 599 2471 ore
622 2415 909 2479 Barnabze,
942 2412 1128 2483 utique
1157 2426 1222 2467 ex
1252 2412 1610 2484 Cognitionis,
1646 2415 1757 2466 sive
1788 2410 1976 2466 Scien-

416 2508 503 2561 tiae
533 2508 671 2562 libro
713 2505 949 2560 citantis.
998 2500 1187 2558 Plures
1244 2504 1373 2557 olim
1438 2502 1606 2557 fuisse
1661 2502 1973 2571 hujusmodi

412 2595 658 2653 Scientia:
688 2596 854 2651 libros
886 2594 1273 2658 ‘circumlatos,
1325 2593 1393 2647 ab
1437 2591 1638 2647 Iudaeis
1683 2592 1971 2662 allegorica

411 2666 743 2743 sectantibus
795 2688 1131 2756 conscriptos
1155 2726 1171 2751 ,
1222 2702 1329 2739 non
1367 2695 1451 2739 est
1478 2684 1727 2739 dubium.
1757 2683 1838 2738 Ad
1877 2698 1971 2739 eos

409 2795 539 2849 ergo
564 2778 838 2833 Barnabas
869 2779 1188 2848 plerumque
1221 2777 1434 2847 ablegat
1472 2776 1700 2831 lectores
1722 2815 1738 2843 ,
1779 2777 1870 2831 ubi
1902 2777 1969 2831 ad

410 2869 697 2939 allegorias
722 2870 1042 2940 digreditur.
1084 2867 1302 2923 Scimus
1335 2867 1628 2922 hodiedum
1671 2868 1723 2922 in
1761 2868 1966 2939 Targa-

2078 1777 2497 1832 circumcisione
2529 1762 2844 1832 abhorrent.
2876 1774 3010 1832 Nam
3042 1779 3172 1848 quia
3214 1777 3355 1834 inter
3388 1779 3555 1851 Syros
3587 1787 3644 1836 et

2078 1866 2284 1922 Arabes
2307 1908 2323 1933 ,
2358 1866 2607 1935 interque
2636 1866 2899 1935 profanos
2942 1869 3253 1923 sacerdotes
3293 1854 3513 1936 essent,
3547 1870 3641 1941 qui

2078 1957 2172 2012 illo
2205 1972 2263 2013 se
2294 1959 2455 2012 modo
2487 1958 2807 2013 mundiores
2849 1965 3206 2028 praestarent;
3253 1955 3408 2015 licuit
3435 1954 3641 2017 Barna-1

2077 2048 2159 2104 bas
2196 2049 2443 2119 apostolo
2477 2049 2689 2116 dicere,
2720 2051 3193 2105 circumcisioncm
3233 2053 3540 2120 promiscue
3571 2054 3640 2109 ab

2077 2138 2187 2193 illis
2216 2140 2491 2208 usurpari.
2524 2138 2659 2206 Quis
2678 2156 2791 2195 non
2825 2142 2878 2195 in
2906 2143 3106 2198 talibus
3133 2143 3333 2197 similia
3364 2145 3641 2215 loquitur?

2075 2226 2345 2284 Caeterum
2375 2230 2613 2285 Arabum
2648 2230 2913 2301 plurimos
2944 2232 3112 2288 fuisse
3142 2249 3355 2303 verpos,
3389 2237 3552 2291 sicuti
3583 2248 3639 2292 et

2076 2320 2387 2376 sacerdotes
2438 2320 2724 2392 Egyptios
2749 2363 2764 2388 ,
2804 2339 2910 2377 non
2940 2334 3023 2378 est
3050 2324 3299 2380 dubium.
3353 2325 3428 2379 Ac
3469 2343 3537 2380 ne
3571 2328 3639 2383 de

2077 2410 2229 2482 Syris
2254 2412 2475 2481 quidem
2506 2422 2588 2468 est
2612 2415 3052 2482 dubitandum,si
3072 2416 3292 2485 quidem
3322 2432 3507 2471 verum
3542 2420 3633 2483 sit,

2073 2500 2216 2569 quod
2249 2500 2456 2570 antiqui
2493 2502 2861 2569 crediderunt,
2893 2502 3181 2560 thnices
3210 2506 3513 2576 περιτομὴν
3539 2509 3636 2562 ad-

2074 2589 2310 2645 misisse.
2360 2588 2616 2661 Origenes
2663 2594 2729 2647 ad
2781 2592 2941 2647 Rom.
2978 2609 3050 2660 ιι,
3081 2595 3184 2661 25,
3235 2597 3376 2650 inter
3411 2606 3634 2653 caeteros

2071 2679 2508 2735 circumcisionis
2548 2680 2784 2737 cultores
2818 2683 2980 2736 etiam
3013 2682 3300 2741 Pluenices
3331 2689 3636 2742 numeravit

2072 2772 2156 2825 bis
2182 2772 2360 2827 verbis
2388 2790 2401 2826 :
2440 2791 2460 2825 ί
2492 2770 2550 2827 Si
2596 2775 2872 2843 replicatis
2904 2776 3162 2832 historias
3192 2788 3435 2846 vestras,
3484 2781 3634 2835 inve-

2071 2860 2230 2917 nietis
2277 2878 2386 2918 non
2434 2864 2613 2919 solum
2659 2861 3037 2938 Egyptiorum
3084 2870 3431 2939 sacerdotes,
3458 2874 3553 2929 sed
3578 2880 3634 2929 et

410 2964 536 3015 naim
580 2963 696 3017 loca
732 2962 1011 3032 complura
1051 2960 1119 3015 ad
1163 2959 1413 3016 Messiam
1459 2959 1682 3016 referri:
1722 2960 1868 3031 quod
1899 2976 1965 3015 ex
1993 2998 2037 3057 ϐ
2068 2950 2299 3021 ArabaS,
2329 2952 2710 3028 etIEgyplios,
2742 2957 3050 3027 Phoenices,
3089 2962 3359 3033 aliosque,
3393 2979 3629 3035 quorum

406 3054 591 3108 eadem
623 3052 826 3107 Γνώσει
864 3054 1124 3108 manavit.

478 3144 781 3201 Notandum
814 3155 899 3201 est
927 3156 1109 3201 autem
1148 3146 1202 3201 in
1240 3146 1476 3216 ascripto
1508 3147 1661 3212 loco,
1713 3149 1816 3204 etsi
1847 3162 1969 3204 om-

408 3236 496 3290 nia
523 3236 700 3291 verbis
723 3235 941 3290 totidem
970 3250 1037 3289 ex
1064 3234 1266 3289 Γνώσει
1287 3236 1602 3303 recitentur,
1628 3236 1758 3291 illud
1784 3244 1966 3293 tamen

420 3325 623 3398 Ἰησοῦν
642 3367 657 3391 ,
686 3324 902 3391 Iesum,
933 3327 1079 3395 quod
1106 3326 1172 3381 ad
1203 3328 1361 3381 tinem
1392 3326 1628 3396 additur,
1667 3343 1731 3383 ex
1761 3327 1968 3383 Barna-

408 3420 491 3473 bas
537 3433 698 3471 manu
750 3416 1084 3486 profectum,
1135 3433 1241 3471 non
1287 3418 1356 3472 ab
1408 3428 1628 3474 auctore
1672 3418 1962 3485 Γνὼσεως,

394 3526 567 3580 gnem
599 3510 815 3580 quidem
846 3509 1092 3564 Judaeum
1123 3510 1291 3566 fuisse
1323 3526 1543 3567 necesse
1572 3520 1675 3567 est.
1718 3513 1962 3583 alioquin

407 3618 439 3657 a
481 3600 726 3656 Barnaba
775 3600 991 3657 Judzeos
1032 3603 1351 3657 convicturo
1392 3602 1616 3657 minime
1662 3604 1960 3660 citandum.

403 3692 624 3749 Iudaeus
668 3703 847 3750 autem
880 3694 1131 3749 Messiam
1173 3701 1363 3760 norat,
1408 3692 1593 3749 Jesum
1632 3711 1740 3749 non
1781 3704 1959 3751 norat.

408 3784 602 3841 Statim
654 3786 849 3840 ibidem
902 3786 1183 3856 sequitur:
1237 3803 1256 3837 ι
1306 3784 1479 3840 Homo
1513 3786 1659 3841 enim
1742 3786 1813 3855 γῆ
1846 3787 1962 3839 ἐστι

405 3877 705 3948 πάσχουσα,
733 3884 875 3932 terra
905 3884 989 3932 est
1016 3877 1246 3947 patiens.
1286 3898 1305 3930 ι
1350 3878 1589 3949 Apparet
1632 3878 1721 3934 hic
1757 3876 1963 3935 Barna-

405 3970 567 4033 bam,
615 3977 709 4023 aut
751 3968 999 4039 quisquis
1027 3978 1112 4024 est
1140 3977 1362 4035 auctor,
1413 3970 1750 4039 philosophis
1800 3984 1960 4025 aures

405 4059 728 4114 admovisse.
758 4057 893 4112 Nam
925 4058 1051 4112 illud
1074 4058 1376 4127 πάσχουσα,
1390 4058 1615 4126 patiens,
1639 4057 1705 4111 ad
1722 4057 1962 4127 philoso-

403 4154 635 4222 phorum
662 4152 915 4222 τεχνικὴν
962 4151 1208 4219 γλῶτταν
1256 4151 1570 4220 (terminum
1626 4149 1958 4218 technicum)

402 4253 485 4300 est
510 4244 871 4308 referendum,
902 4259 1008 4313 qua
1041 4244 1322 4298 materiam
1352 4243 1464 4311 pati
1492 4241 1761 4297 dicebant.
1800 4259 1817 4292 ι
1854 4238 1961 4295 Ho-

2070 3048 2250 3104 studia
2318 3052 2491 3120 gratia
2555 3052 2865 3122 huiusmodi
2935 3057 3340 3124 superstitionis
3394 3060 3633 3117 nobilius

2071 3138 2274 3207 vigent.
2313 3159 2333 3191 ι

2137 3226 2270 3299 Cap.
2292 3226 2411 3283 XVI
2437 3246 2450 3281 :
2483 3228 2704 3288 «Adhuc
2724 3243 2777 3288 et
2799 3235 2866 3289 de
2882 3237 3082 3306 templo
3097 3238 3271 3293 dicam
3290 3240 3465 3306 vobis,
3493 3256 3632 3314 quo-

2069 3319 2230 3373 modo
2257 3329 2499 3376 errantes
2523 3322 2727 3387 miseri,
2756 3320 2845 3376 ἐπὶ
2866 3325 2964 3395 τὴν
2986 3326 3100 3379 ὁδὸν
3125 3327 3375 3400 ἦλπισαν,
3406 3332 3459 3386 in
3488 3335 3626 3389 viam

2068 3418 2441 3479 speraverunt,
2472 3420 2524 3465 et
2550 3426 2656 3466 non
2682 3413 2734 3466 in
2767 3412 2937 3469 Deum
2968 3418 3144 3486 ipsum
3171 3459 3186 3482 ,
3216 3422 3308 3489 qui
3340 3422 3466 3476 fecit
3493 3441 3588 3480 eos
3608 3466 3624 3491 ,

2066 3500 2225 3569 quasi
2249 3500 2447 3556 domus
2470 3500 2564 3555 Dei
2592 3513 2738 3557 esset
2761 3504 2897 3574 (59).
2937 3525 2956 3557 ι
2993 3505 3092 3561 Hic
3122 3523 3228 3562 non
3259 3520 3341 3565 est
3366 3512 3588 3567 dubium
3608 3556 3623 3579 ,

2067 3591 2201 3661 quin
2233 3592 2374 3659 ὁδοῦ,
2408 3594 2528 3661 viae,
2560 3596 2779 3650 nomine
2805 3598 3061 3667 templum
3091 3602 3306 3656 veniat:
3339 3620 3464 3658 nam
3490 3615 3543 3660 et
3570 3609 3624 3661 in

2068 3686 2267 3755 templo
2291 3697 2454 3742 totam
2479 3686 2790 3743 Iudaeorum
2821 3690 3074 3746 fiduciam
3104 3693 3273 3750 fuisse
3302 3700 3623 3765 repositam,

2066 3786 2220 3832 notat
2248 3778 2339 3833 illa
2367 3779 2596 3836 celebris
2622 3782 3021 3861 conclamatio:
3076 3784 3347 3855 Templum
3378 3790 3623 3855 Domini,

2066 3869 2315 3938 templum
2360 3870 2590 3937 Domini,
2633 3882 2685 3927 et
2713 3873 2856 3942 quod
2889 3874 3042 3930 initio
3090 3887 3274 3932 noster
3313 3880 3379 3934 de
3423 3885 3628 3951 templo

2064 3961 2348 4030 proposuit
2390 3961 2570 4016 dicere
2613 3973 2667 4018 et
2687 3964 2832 4035 quod
2882 3980 3006 4018 mor
3057 3966 3281 4022 subdit':
3306 3973 3460 4041 quasi
3514 3974 3625 4042 (via

2065 4060 2274 4105 scilicet
2303 4053 2414 4123 illa)
2444 4054 2630 4108 domus
2664 4054 2759 4109 Dei
2790 4064 2941 4111 esset.
2972 4055 3117 4112 Vidit
3141 4068 3192 4114 et
3218 4060 3321 4116 hoc
3349 4072 3504 4123 vetus
3534 4065 3621 4119 in-

2064 4150 2308 4212 terpres,
2346 4147 2440 4215 qui
2496 4162 2596 4217 pro
2640 4147 2758 4201 ὀδόν
2798 4148 3015 4218 (viam)
3069 4152 3253 4219 posuit
3300 4154 3482 4210 ardem.
3534 4155 3625 4213 Sic

2063 4242 2206 4295 enim
2239 4238 2471 4293 reddidit
2494 4255 2510 4292 :
2540 4236 2607 4290 In
2630 4238 2794 4292 aedem
2815 4241 2958 4309 spem
2982 4241 3297 4300 habuerunt.
3321 4246 3623 4305 Cotelerius

403 4352 493 4392 mo
517 4378 531 4403 ,
574 4336 788 4405 inquit,
835 4344 1010 4390 estex
1042 4344 1220 4399 terra,
1272 4353 1290 4385 ι
1326 4348 1435 4389 non
1465 4333 1681 4404 quidem
1728 4342 1953 4403 agente,
1990 4331 2032 4387 D
2060 4330 2281 4401 quidem
2322 4330 2390 4384 ad
2436 4331 2684 4399 quaedam
2723 4328 3013 4386 Seniorum
3048 4333 3167 4390 loca
3214 4335 3448 4392 allusum
3499 4355 3625 4395 sus-

380 4428 496 4485 .sed
525 4428 777 4497 patiente.
808 4426 978 4495 Cujus
1009 4426 1192 4483 statim
1222 4426 1485 4480 rationem
1517 4423 1693 4480 reddit
1719 4424 1806 4478 his
1836 4439 1957 4478 ver-

401 4514 521 4570 bis:
557 4534 576 4567 t
624 4514 752 4568 Ἀπὸ
781 4514 1070 4588 προσώπου
1107 4516 1215 4587 γὰρ
1256 4515 1354 4586 τῆς
1390 4514 1495 4585 γῆς
1541 4516 1575 4584 ή
1624 4513 1816 4577 eum;
1860 4511 1956 4565 τοῦ

416 4604 584 4676 Ἀδὰμ
617 4605 849 4673 ἐγένετο.
893 4602 941 4657 A
982 4601 1121 4658 facie
1146 4603 1290 4658 enim
1327 4612 1485 4658 terra:
1515 4602 1661 4658 ﬁctio
1696 4603 1815 4676 (seu
1845 4601 1957 4656 for-

402 4692 723 4764 matio)Ade
759 4693 985 4749 exstitit.
1024 4711 1043 4744 ι
1086 4692 1188 4747 Ubi
1229 4692 1592 4762 pulcherrima
1636 4691 1959 4746 Hellenista-

402 4801 524 4841 rum
554 4786 755 4841 locutio
789 4784 1047 4840 occurrit.
1085 4781 1412 4838 Hebraicum
1456 4782 1602 4837 enim
1637 4789 1777 4841 usu
1819 4781 1958 4851 Μίμ-

400 4892 527 4947 pene
564 4874 747 4945 (quod
774 4873 944 4929 Judaei
969 4871 1280 4930 Hellenista:
1312 4878 1605 4942 perpetuo,
1652 4871 1760 4925 ἀπὸ
1788 4889 1956 4944 προσ-

399 4973 571 5038 ώπου,
626 4970 729 5025 hoc
750 4977 855 5036 est,
883 4986 916 5022 a
942 4968 1081 5038 facie
1104 4965 1356 5035 reddunt)
1388 4964 1687 5035 quamlibet
1711 4980 1953 5030 causam,

399 5061 563 5115 etiam
592 5058 950 5122 materialem,
983 5056 1062 5113 uti
1098 5054 1405 5126 philosophi
1437 5054 1735 5124 loquuntur
1756 5094 1771 5119 ,
1803 5054 1953 5110 desi-

395 5162 545 5228 gnat.
576 5150 717 5223 Ergo
744 5149 1080 5221 tantumdem
1118 5158 1223 5217 est,
1263 5162 1296 5200 a
1323 5148 1457 5218 facie
1488 5158 1663 5214 teme,
1694 5160 1758 5202 ac
1786 5146 1834 5202 si
1871 5147 1954 5201 di-

465 5396 579 5465 (54)
616 5394 714 5465 Ep.
744 5391 1000 5465 θαι-ηομ,
1025 5408 1145 5463 cap.
1169 5392 1223 5459 6,
1255 5392 1354 5447 sub
1383 5393 1461 5448 lit.
1497 5394 1551 5450 Β.

467 5463 580 5537 (55)
619 5463 750 5520 Luc.
783 5463 975 5537 $1,552.

466 5534 578 5603 (56)
620 5536 842 5598 Strom.,
878 5534 969 5604 lib.
998 5551 1049 5599 ν,
1082 5550 1199 5604 cap.
1229 5535 1315 5589 10.

467 5606 578 5675 (57)
618 5606 849 5662 Baruah.
879 5603 1072 5672 Epist.,
1096 5603 1213 5673 cap.
1241 5606 1293 5674 '7,
1319 5622 1440 5677 pag.
1475 5606 1605 5667 l22,
1634 5608 1669 5662 Ι.
1714 5604 1782 5667 1),
1802 5604 1945 5671 apud

2061 4422 2271 4491 picatur
2295 4460 2310 4486 ,
2341 4418 2396 4472 in
2424 4419 2623 4488 quibus
2651 4419 2769 4483 ὁδός
2808 4421 3059 4477 similiter
3100 4440 3199 4493 pro
3237 4428 3438 4496 templo
3476 4432 3620 4486 sumi

2058 4526 2221 4580 posse
2253 4510 2482 4564 videtur.
2513 4509 2712 4565 Verum
2741 4520 2793 4566 et
2822 4512 2910 4567 hic
2938 4512 3234 4581 Barnabas,
3265 4526 3319 4571 et
3359 4519 3432 4572 ibi
3472 4519 3616 4576 LXX

2058 4601 2231 4667 οὐδόν,
2256 4600 2437 4668 limen,
2469 4602 2754 4671 scripsisse
2779 4603 3051 4670 videntur,
3079 4618 3341 4664 consueto
3371 4612 3621 4667 schema-

2058 4700 2111 4747 te
2142 4699 2372 4755 utentes,
2389 4707 2499 4762 quo
2527 4707 2653 4761 pars
2677 4707 2774 4759 pro
2798 4700 2911 4747 toto
2938 4694 3195 4761 sumitur,
3220 4706 3404 4767 etquo
3430 4699 3618 4755 hodie.

2057 4782 2187 4838 dum
2222 4784 2457 4849 utimur,
2506 4782 2598 4838 ubi
2642 4783 2829 4837 limina
2868 4786 3229 4854 apostolorum
3278 4790 3510 4847 invisere
3535 4793 3619 4847 di-

2059 4873 2254 4927 cimur.
2286 4871 2594 4945 Legendum
2629 4883 2711 4929 est
2752 4875 2918 4944 igitur
2959 4877 3051 4929 ἐπὶ
3089 4877 3178 4931 τὸν
3214 4878 3366 4934 οὐδὸν
3398 4920 3414 4935 .
3438 4921 3453 4936 .
3474 4922 3489 4936 .
3517 4921 3531 4936 .
3560 4884 3618 4939 in

2058 4961 2257 5029 limine,
2290 4964 2392 5017 hoc
2413 4971 2518 5029 est,
2552 4964 2739 5033 templo
2782 4980 2924 5033 spem
2969 4964 3300 5022 collocantes.
3347 4965 3617 5029 Caeterum

2058 5053 2104 5108 si
2134 5053 2413 5109 Barnabas
2440 5056 2603 5121 viam,
2638 5056 2736 5125 τὴν
2759 5056 2894 5120 ὁδόν,
2925 5058 3001 5112 uti
3029 5070 3174 5114 nUnc
3212 5059 3407 5131 legitur
3432 5104 3446 5127 ,
3480 5064 3618 5117 scri-

2058 5146 2187 5202 bere
2206 5148 2486 5213 voluisset,
2513 5148 2580 5203 ad
2606 5148 2768 5203 linem
2796 5143 2959 5205 οὖσαν
2988 5151 3279 5222 posuisset,
3321 5168 3430 5210 non
3464 5154 3615 5225 ὄντα,

2062 5395 2425 5451 Galiandium.

2126 5467 2240 5535 (58)
2280 5466 2503 5531 ibidem,
2531 5482 2583 5532 p.
2616 5467 2737 5521 125.

2129 5524 2242 5607 (59‘)
2282 5524 2505 5603 ibidem,
2532 5524 2591 5606 'p.
2626 5539 2838 5603 ηελλ.
