4066 6140
419 270 517 326 719

1571 264 1628 318 S.
1671 260 2035 318 BARNABAS
2065 257 2489 317 APOSTOLUS.

3523 259 3627 315 ηε

414 394 559 462 quod
593 391 808 446 nonnisi
839 390 914 462 τῷ
946 390 1127 444 οὐδόν
1154 390 1406 445 convenit
1433 408 1444 443 :
1483 389 1588 451 ὡς,
1617 387 1816 457 inquit,
1847 385 1973 437 ὅντα

2076 382 2248 449 οὐδόν,
2277 380 2617 436 custodientis
2650 377 2808 432 limen
2846 377 2992 448 (nam
3037 373 3200 431 Hebr.
3230 384 3312 432 est
3328 376 3479 446 saplt)
3511 391 3636 431 meo

416 481 560 537 οἶκον
574 482 728 536 θεοῦ.
748 481 911 549 Idem,
928 491 985 537 ut
1004 481 1409 550 dixi,judicium
1438 479 1541 533 erit
1566 479 1633 533 de
1656 477 1790 532 locis
1810 472 1945 529 LXX
1958 504 1984 516 -

416 574 698 640 viralibus,
719 572 780 626 III
799 571 1055 644 Reg.vttt,
1071 571 1158 634 44,
1175 571 1264 634 48,
1280 571 1339 625 ιη’
1355 571 1555 640 quibus
1575 584 1722 623 nunc
1743 565 1975 638 προσεύ-

414 667 594 734 ξονται
626 707 640 720 .
669 706 683 720 .
720 705 734 719 .
768 704 781 718 .
806 665 922 718 ὁδόν
951 665 1145 734 legitur
1169 704 1183 730 ,
1215 678 1338 718 cum
1366 662 1650 732 legendum
1695 662 1766 716 sit
1786 658 1970 712 οὐδόν.

414 759 725 812 Adotabunt
755 757 934 821 limen,
972 766 1105 818 etc.,
1131 746 1290 809 sicuti
1314 754 1478 809 etiam
1507 752 1549 805 ll
1574 751 1751 807 Paral.
1778 765 1856 815 vt,
1880 749 1970 816 54,

413 853 504 906 38.
537 851 654 906 Non
680 849 922 905 inaudita
951 856 1035 903 est
1061 846 1202 917 apud
1240 855 1448 901 veteres
1474 843 1675 898 liminis
1707 842 1970 896 adoratio.

415 941 623 997 Scitum
660 950 742 996 est
770 941 932 995 etiam
961 939 1218 1009 antiquos
1247 947 1276 990 ο
1307 928 1973 1006 prointegradiphthongo

411 1052 472 1086 ου
517 1033 769 1104 primitus
809 1030 1094 1099 scripsisse
1135 1029 1215 1097 (ut
1257 1027 1312 1080 in
1355 1023 1596 1078 nummis
1629 1019 1975 1093 Συρακοσίων

411 1141 510 1195 pro
539 1121 939 1194 Συρακουσίων,
975 1129 1031 1174 et
1054 1127 1306 1174 sexcenta
1339 1115 1581 1186 ejusdem
1619 1112 1788 1180 modi)
1826 1110 1973 1182 quod

410 1213 758 1284 postmodum
803 1209 1232 1278 descriptoribus
1277 1205 1455 1260 fraudi
1493 1203 1695 1268 fuisse,
1738 1216 1848 1255 non
1889 1207 1974 1255 est

411 1305 791 1362 dubitandum.
814 1303 1016 1357 Dixerit
1043 1300 1242 1370 aliquis
1265 1299 1318 1352 in
1346 1297 1509 1352 modo
1533 1294 1766 1350 laudatis
1781 1291 1974 1347 Senio-

409 1413 532 1453 rum
564 1397 699 1453 locis
724 1393 842 1451 ὁδόν
881 1409 1003 1450 esse
1041 1391 1383 1447 retinendum
1411 1432 1426 1456 ,
1474 1405 1603 1460 quia
1633 1390 1682 1443 ei
1711 1385 1973 1442 Hebraice

411 1492 704 1562 respondet
741 1491 947 1553 derech,
977 1489 1090 1551 via;
1114 1502 1237 1542 cum
1261 1497 1449 1540 contra
1473 1481 1626 1545 οὐδός
1647 1479 1973 1550 respondeat

410 1580 680 1636 Hebraico
723 1580 888 1650 saplt,
921 1578 1064 1648 quod
1104 1586 1190 1632 est
1222 1576 1401 1629 limen.
1447 1571 1646 1628 Verum
1690 1570 1971 1626 sciendum

409 1685 526 1740 est,
571 1673 894 1728 Hebraicum
946 1670 1168 1734 dereclt,
1215 1683 1339 1723 cum
1376 1682 1406 1720 a
1449 1663 1709 1720 calcando
1753 1662 1969 1728 veniat,

2069 474 2277 544 judicio
2304 472 2540 543 positum
2572 471 2915 536 inveniatur;
2947 484 3053 522 non
3073 469 3254 534 video,
3287 483 3418 537 quin
3444 467 3633 522 eadem

2074 565 2305 620 mutatio
2345 563 2481 619 locis
2514 578 2680 630 supra
2711 561 3044 631 depromptis
3083 561 3323 629 potuerit
3363 559 3630 614 accidere.

2073 657 2357 713 Postremo
2387 673 2453 711 ne
2481 657 2744 710 triccmur
2773 654 3002 716 diutius,
3042 653 3089 709 si
3118 652 3507 724 grammaticos
3535 668 3636 707 au-

2069 749 2320 814 diamus,
2362 747 2477 810 ὁδός
2519 747 2638 814 via,
2681 755 2735 802 et
2770 745 2920 809 οὐδός
2960 745 3152 809 limen,
3186 759 3352 799 unum
3384 743 3637 814 idemque

2073 855 2270 896 nomen
2314 850 2461 895 sunt.
2506 837 2640 893 Nam
2693 848 2747 894 et
2795 836 3030 892 Homero
3057 833 3209 899 οὐδός
3240 851 3340 907 pro
3365 835 3484 900 ὁδός
3521 836 3633 905 eia,

2073 939 2389 1001 usurpatur.
2424 928 2489 984 Et
2523 937 2711 984 contra
2754 926 2950 983 Suidas
2990 936 3222 983 testatur
3261 943 3448 984 vocem
3479 927 3632 994 ὁδός,

2073 1023 2117 1079 si
2159 1032 2408 1077 tenuetur
2453 1021 2627 1092 prima
2666 1020 2868 1092 syllaba
2894 1062 2908 1086 ,
2939 1020 3240 1092 signiﬁcare
3267 1020 3438 1086 οὐδόν,
3468 1035 3521 1075 ιιι
3552 1030 3634 1077 est

2077 1114 2276 1177 limen,
2319 1112 2481 1166 allato
2527 1111 2815 1180 Sophoclis
2855 1111 2997 1167 loco.
3044 1110 3201 1166 Paria
3247 1112 3301 1167 in
3348 1111 3633 1168 Eustathio

2070 1203 2341 1271 reperies,
2377 1211 2432 1258 et
2480 1203 2533 1257 in
2578 1202 2866 1271 Sophoclis
2915 1201 3208 1257 Scholiasta
3251 1203 3319 1257 ad
3363 1205 3630 1261 celebrem

2073 1291 2194 1362 ejus
2244 1292 2424 1347 locum
2473 1309 2503 1346 a
2549 1292 2719 1347 Suida
2766 1300 2819 1347 et
2865 1290 3151 1350 Eustathio
3194 1294 3491 1350 laudatum.
3521 1295 3633 1352 Nec

2071 1393 2126 1439 te
2168 1384 2380 1447 turbet,
2413 1384 2558 1453 quod
2601 1384 2715 1437 haec
2741 1383 2965 1454 antiqua
2993 1393 3046 1438 et
3075 1393 3356 1454 poetarum
3385 1387 3633 1456 peculia-

2073 1478 2154 1532 ria
2193 1478 2516 1532 vi'deantur:
2570 1492 2696 1531 nam
2741 1477 2795 1531 in
2832 1475 2971 1530 LXX
3021 1457 3298 1533 etJudaeis
3325 1477 3632 1535 Hellenistis

2072 1568 2304 1640 plurima
2319 1577 2618 1624 occurrunt
2638 1569 2835 1638 partim
2857 1569 3161 1638 antiquata,
3185 1570 3379 1639 partim
3398 1570 3634 1626 Alexan-

2071 1649 2223 1718 driae,
2258 1659 2353 1707 aut
2397 1653 2627 1709 aliarum
2675 1654 2980 1726 ignotarum
3010 1651 3362 1706 dialectorum
3391 1649 3634 1719 peculia-

410 1780 519 1819 nou
552 1773 762 1818 tantum
793 1764 931 1816 viam
962 1761 1302 1832 signiﬁcare,
1344 1757 1436 1812 sed
1468 1765 1522 1810 et
1563 1753 1931 1824 pavimentum
1955 1792 1972 1819 ,
2004 1744 2046 1806 B
2073 1740 2172 1795 τίει
2205 1761 2224 1794 ι
2261 1741 2528 1799 Hactenus
2551 1743 2616 1799 ν.
2646 1745 2707 1799 C.
2735 1743 3063 1799 Mazocltius.

409 1866 464 1910 et
501 1854 555 1908 in
598 1855 838 1909 recitatis
881 1852 1018 1907 locis
1059 1851 1220 1905 etiam
1266 1849 1458 1911 limen,
1501 1845 1646 1916 quod
1691 1843 1871 1899 statim
1903 1843 1974 1896 ab

408 1937 840 2014 ingredientibus
881 1941 1156 2004 calcatur;
1188 1936 1382 1992 deinde
1411 1950 1535 1989 cum
1575 1931 1686 1986 Jer.
1717 1943 1882 1995 xxxv,
1914 1925 1970 1993 ι,

411 2036 776 2106 φυλάσσοντος
817 2037 914 2105 τὴν
961 2033 1076 2087 ὁδόν
1101 2073 1116 2096 ,
1161 2026 1502 2084 custodientis
1537 2025 1710 2090 viam,
1749 2036 1847 2093 pro
1882 2019 1974 2074 τὸν

2143 1839 2284 1893 An'r.
2319 1838 2495 1892 IV.-—
2523 1839 2597 1892 De
2622 1838 2842 1892 diversis
2869 1837 2927 1892 S.
2959 1838 3219 1895 Barnaba'
3251 1841 3504 1909 Epistolae
3524 1836 3633 1892 ediv
3750 1839 3772 1888 .'

2073 1933 2301 1987 tionibus
2328 1941 2376 1988 et
2398 1933 2739 1986 versionibus.
2774 1930 2930 1999 (Vide
2984 1931 3411 1988 Dissertationem
3439 1932 3500 1985 D.
3560 1933 3634 1987 Le

2070 2019 2304 2093 Nourry,
2333 2031 2436 2076 art.
2464 2018 2554 2085 XI,
2585 2028 2639 2074 et
2691 2019 3050 2087 Gallandium,
3087 2037 3204 2092 cap.
3237 2023 3290 2087 6,
3329 2021 3529 2092 supra.)
3686 2013 3697 2023 ’

419 2194 3595 2235 MM

1872 2341 2155 2434 VIII.

414 2549 699 2632 (Carolus

759 2537 1079 2618 Josephus
1141 2531 1458 2595 HEFELE
1492 2573 1508 2601 ,
1569 2522 1976 2680 Ραιναένξοιλέἓ

2076 2518 2401 2678 tolico)rum
2471 2515 2725 2598 Opera,
2784 2517 3132 2597 Tubingm,
3203 2513 3398 2587 1842,
3457 2511 3634 2582 ill-8;

2085 2644 2098 2658 .
2131 2617 2244 2660 vn.

481 2778 522 2831 I.
556 2779 700 2832 Inter
731 2773 788 2828 S.
824 2771 976 2826 Pauli
1007 2769 1186 2824 socios
1206 2775 1260 2820 et
1281 2762 1626 2831 coadjutores
1659 2755 1813 2810 loses
1840 2753 1973 2806 Bar-
1999 2758 2046 2820 ο
2146 2751 2197 2823 c)
2233 2750 2352 2806 Act.
2386 2767 2463 2818 xt,
2506 2751 2597 2805 25.
2626 2748 2920 2819 Apostolici
2959 2744 3124 2814 hujus
3157 2739 3399 2798 muneris
3427 2739 3636 2797 socium

410 2871 582 2927 nabas
626 2867 848 2930 eminet,
893 2865 947 2916 in
991 2861 1171 2932 Cypro
1214 2865 1395 2916 natus,
1444 2867 1637 2922 genere
1677 2847 1896 2901 Judmus
1921 2854 1975 2898 et

413 2961 618 3026 Levita,
650 2959 745 3029 qui
777 2954 1070 3011 Christiani
1102 2948 1306 3004 amoris
1331 2944 1539 3000 fervore
1557 2949 1758 3006 motus,
1784 2953 1974 3009 agrum

409 3070 572 3113 suum
606 3051 868 3115 vendidit,
904 3045 1247 3118 pretiumque
1269 3050 1394 3095 ante
1415 3037 1575 3108 pedes
1601 3033 1972 3105 apostolorum

409 3146 596 3219 posuit
626 3142 768 3214 (Act.
803 3157 876 3202 tv,
917 3138 1056 3220 37)..

480 3235 718 3291 Numero
787 3245 892 3286 ιιι
950 3217 1340 3297 dis’Cipulorttm
1384 3220 1585 3276 Christi
1638 3233 1764 3273 eum
1807 3215 1976 3272 fuisse

411 3329 707 3398 ascriptum
734 3333 944 3379 veteres
981 3336 1084 3376 non
1112 3318 1316 3374 absone
1345 3314 1562 3369 tradunt
1592 3311 1726 3385 (60),
1759 3324 1977 3365 eorum-

411 3441 516 3496 que
555 3419 921 3477 narrationem
960 3414 1028 3470 ad
1052 3412 1329 3466 veritatem
1363 3407 1619 3464 accedere
1645 3404 1978 3460 recentiores

414 3532 522 3572 non
583 3516 800 3570 incaute
835 3508 1082 3564 credunt.
1130 3502 1445 3571 Cognomen
1498 3496 1798 3562 Barnabat,
1842 3503 1979 3551 teste

415 3615 472 3669 S.
516 3609 820 3678 Scriptura,
857 3602 925 3656 ab
947 3596 1210 3670 apostolis
1234 3593 1436 3650 Nostro
1462 3589 1798 3660 impositum,
1835 3589 1979 3643 idem

413 3719 536 3759 esse
562 3699 710 3771 quod
736 3706 911 3780 tanta;
939 3706 1020 3769 '1;
1057 3704 1152 3745 seu
1179 3687 1351 3756 ﬁlium
1380 3684 1638 3738 orationis
1677 3683 1976 3752 inspirata,

413 3826 481 3865 ex
512 3805 763 3862 versione
871 3777 1055 3865 Luca,
1078 3797 1198 3851 Act.
1223 3811 1296 3859 tv,
1315 3792 1402 3857 56,
1428 3791 1541 3854 υἱὸς
1561 3789 1976 3861 παρακλήσεως,

415 3901 551 3956 satis
585 3904 810 3966 apparet
847 3892 984 3960 (6i).
1011 3888 1172 3944 Josen
1203 3885 1512 3940 Barnabam
1535 3897 1567 3936 a
1592 3880 1828 3951 Josepho
1847 3878 1981 3934 Bar—

416 3993 546 4048 saba
578 3991 719 4058 (Act.
747 4003 785 4052 ι,
815 3983 908 4049 25)
936 3997 1043 4037 non
1069 3993 1190 4035 esse
1213 3975 1677 4046 distinguendum.
1695 3979 1748 4026 et
1769 3979 1981 4026 utrum-

416 4095 522 4155 que
571 4095 769 4136 nomen
819 4075 1068 4131 eamdem
1112 4073 1368 4128 denotare
1406 4082 1730 4138 personam,
1778 4065 1982 4121 nostris

417 4172 758 4244 temporibus
805 4167 1132 4224 Ullmannus
1175 4162 1290 4232 (62)
1319 4169 1375 4216 et
1403 4159 1494 4214 alii
1529 4159 1761 4229 probare
1797 4157 1982 4214 stude-

418 4272 570 4336 bant,
602 4266 834 4321 aliorum
865 4272 1092 4315 assensu
1123 4255 1390 4319 destituti,
1415 4253 1658 4321 beneque
1679 4249 1982 4304 reclaman-

418 4364 566 4419 tibus
595 4359 728 4413 viris
754 4350 1086 4410 doctissimis
1101 4348 1176 4402 De
1189 4345 1366 4401 Wette
1383 4344 1517 4414 (65),
1545 4342 1845 4397 OIshausen
1865 4340 1976 4409 (64)

417 4463 471 4509 et
508 4450 697 4506 Winer
742 4442 877 4515 (65).
921 4439 1085 4494 Plura
1112 4436 1181 4492 de
1214 4435 1323 4490 vita
1347 4441 1403 4488 et
1424 4432 1698 4488 laboribus
1721 4429 1980 4485 Barnaba:

419 4541 736 4616 apostolicis
776 4537 934 4593 nobis
963 4532 1183 4588 tradunt
1206 4529 1329 4584 libri
1357 4527 1496 4583 sacri
1526 4543 1539 4580 :

491 4661 544 4730 a)
583 4660 703 4712 Act.
750 4670 826 4718 Ix,
864 4650 958 4718 26,
998 4648 1089 4703 27.
1137 4645 1367 4701 Paulum
1407 4656 1728 4700 conversum
1774 4642 1984 4710 primus

565 4747 840 4804 Barnabas
863 4743 1008 4798 circa
1066 4755 1119 4796 a.
1147 4736 1216 4794 40
1239 4735 1500 4808 apostolis
1526 4734 1706 4789 adhuc
1736 4732 1889 4786 illum
1915 4731 1985 4786 ti-

563 4838 839 4896 mentibus
859 4877 872 4902 ,
900 4833 1142 4888 adduxit.

492 4959 550 5028 b)
581 4956 703 5009 Act.
730 4967 809 5010 XI.
836 4949 927 5002 22.
968 4945 1140 5000 Paulo
1172 4950 1295 5013 post
1321 4940 1600 4994 Barnabas
1625 4938 1692 4992 ab
1720 4936 1984 5006 apostolis

572 5044 910 5105 Antiochiam
943 5039 1144 5093 missus
1173 5045 1278 5102 est,
1304 5043 1362 5087 ut
1393 5033 1534 5086 hanc
1564 5029 1864 5085 Ecclesiam
1900 5042 1986 5081 re-

565 5153 734 5212 geret.

500 5349 612 5418 (60)
643 5349 815 5403 Clem.
848 5341 1031 5418 Alex:
1064 5335 1264 5418 δινρεῐι·
1294 5320 1976 5418 ἒς-ι.ι;.-ς·,,²⁰ν.,ν;.⁴²ἒ3.θίέο

427 5390 1050 5480 Ρο“ιῖῗἐ“ιῖὲὲἰῖ.”,’ὶιῖ“ὲ.
1077 5390 1123 5471 i,
1161 5403 1255 5480 te.
1293 5390 1584 5480 ampliata,
1629 5390 1980 5480 "esset.

501 5459 851 5563 ξειῑῡῖιξιξ
870 5459 1984 5563 eretriaci}:Hassﬂf‘ﬁiﬁ:

429 5533 1574 5621 πΙῘῖέάιεῙινᾶἆ-ᾸροεέὲιδΔβμαηιαιιαεηαιψ
1606 5533 1761 5621 ,Ιχςιξθ
1789 5541 1984 5621 pulte:-

430 5600 1267 5693 zt'tilt‘lrit'b'erse'tz-t—rttnderilem,
1288 5600 1842 5693 crte.nTub;_I
1873 5600 1983 5656 6'8.

503 5675 869 5769 (difﬁdant:
896 5708 948 5744 u.
980 5683 1239 5741 Kt'ililten.
1283 5679 1439 5741 I828,
1479 5694 1528 5746 ι».
1554 5675 1657 5728 377
1688 5689 1808 5743 sqq.

2213 2841 2443 2896 Paulum
2475 2841 2578 2896 sibi
2604 2840 2830 2894 addidit.

2143 2931 2200 3001 d)
2248 2931 2368 2985 Act.
2421 2946 2498 2997 ιι,
2543 2929 2632 2984 50.
2674 2927 2951 2982 Barnabas
2983 2935 3038 2980 et
3076 2923 3277 2977 Paulus
3301 2921 3448 2976 circa
3479 2929 3534 2972 a.
3565 2918 3635 2973 ﬂ

2214 3020 2475 3090 pecunias
2508 3018 2807 3075 Antiochiae
2848 3018 3074 3073 collatas
3115 3011 3488 3083 Hierosolyma
3514 3023 3638 3080 per-

2216 3115 2476 3170 tulerunt.

2153 3209 2205 3278 e)
2236 3205 2354 3263 Act.
2380 3223 2478 3262 xm
2508 3215 2561 3261 et
2591 3221 2701 3261 xw.
2738 3205 2912 3259 Ambo
2959 3203 3119 3258 annis
3152 3202 3222 3256 45
3247 3208 3304 3255 et
3337 3197 3407 3252 46
3433 3213 3490 3266 p.
3533 3193 3635 3250 Ch.

2217 3316 2414 3356 nomen
2441 3299 2654 3355 Domini
2679 3298 3034 3369 praedicantes
3079 3294 3314 3367 Cyprum
3368 3300 3425 3347 et
3453 3288 3638 3344 Asiam

2229 3394 2491 3448 Minorem
2519 3399 2896 3462 peragrarunt.

2147 3486 2189 3555 τ)
2221 3486 2340 3540 Act.
2393 3500 2496 3548 xv,
2535 3483 2570 3536 2
2613 3497 2697 3553 sq.
2742 3489 2796 3536 et
2826 3480 2943 3535 Gal.
2977 3496 3039 3545 ιι,
3072 3480 3122 3559 I,
3171 3477 3225 3533 9.
3267 3475 3544 3531 Barnabas
3583 3483 3638 3530 et

2217 3575 2420 3630 Paulus
2459 3573 2663 3628 reversi
2709 3573 2778 3626 ab
2809 3569 3185 3636 Antiochenis,
3216 3567 3286 3622 ob
3315 3567 3666 3625 seditionem.

2218 3675 2436 3736 propter
2461 3662 2737 3719 Judaistas
2749 3662 2996 3716 obortam
3014 3658 3440 3729 Hierosolymam
3461 3657 3634 3720 missi,

2220 3757 2451 3813 concilio
2487 3754 2856 3825 apostolorum
2901 3751 3286 3806 interfuerunt.
3331 3749 3397 3804 A.
3443 3747 3633 3804 50-52.

2151 3849 2204 3920 g)
2235 3849 2356 3904 Act.
2397 3864 2487 3915 xv,
2540 3847 2610 3901 57
2662 3861 2747 3916 sq.
2777 3844 2975 3914 Aliquo
3016 3852 3256 3912 tempore
3287 3841 3640 3910 praeterlapso

2220 3940 2499 3995 Barnabas
2519 3948 2572 3995 et
2604 3938 2806 3993 Paulus
2827 3937 3127 3992 secundum
3151 3935 3256 3989 iter
3281 3932 3638 4002 apostolicum

2221 4032 2426 4102 ingredi
2453 4031 2782 4095 statuebant,
2808 4029 2901 4084 sed
2921 4026 3262 4082 dissensione
3284 4025 3448 4079 Marci
3474 4038 3638 4078 causa

2223 4121 2416 4177 oborta
2446 4119 2724 4175 Barnabas
2761 4135 2792 4174 a
2830 4117 2999 4172 Paulo
3025 4114 3294 4180 discessit,
3329 4123 3640 4184 assumpto-

2225 4228 2331 4284 que
2369 4209 2554 4268 Marco
2597 4212 2833 4283 Cyprum
2883 4208 3176 4278 navigavit.
3221 4207 3296 4261 De
3351 4205 3479 4262 fatis
3522 4205 3643 4275 ejus

2225 4303 2690 4374 subsequentibus
2772 4301 2910 4356 liber
2975 4301 3207 4354 Actuum
3271 4297 3638 4369 apostolorum

2223 4409 2450 4466 prorsus
2468 4395 2607 4451 silet.
2641 4393 2752 4448 Sed

2154 4486 2212 4556 h)
2241 4487 2261 4542 I
2298 4486 2426 4541 Cor.
2453 4503 2529 4550 tx,
2563 4487 2617 4554 5,
2649 4485 2704 4552 6,
2728 4484 3041 4549 edocemur,
3069 4481 3370 4537 Barnabam
3393 4496 3503 4537 non
3531 4479 3641 4536 mi-

2226 4595 2330 4633 nus
2357 4593 2422 4633 ac
2461 4577 2691 4631 Paulum
2730 4575 2908 4630 labore
2945 4591 3196 4629 manuum
3233 4573 3643 4644 victumquwsi-

2224 4669 2358 4723 uisse
2382 4668 2554 4738 (juxta
2577 4665 2862 4738 Vulgatam
2886 4673 2942 4720 et
2973 4665 3266 4721 nonnullos
3301 4663 3490 4720 Patres
3515 4682 3530 4719 :
3565 4664 3643 4732 fe-

2225 4762 2424 4813 minam
2450 4773 2552 4811 non
2575 4773 2749 4812 secum
2771 4757 3027 4826 duxisse).

2158 4851 2198 4918 i)
2231 4848 2353 4904 Gal.
2389 4865 2452 4913 ιι,
2484 4847 2571 4902 15.
2609 4845 2753 4900 Petri
2786 4846 3187 4901 simulationem
3221 4846 3293 4901 ob
3319 4855 3521 4901 metum
3547 4843 3645 4900 Ju-

2230 4939 2529 4994 daistarum
2560 4937 2836 4992 Barnabas
2855 4935 3156 4993 Antiochiae
3193 4937 3439 4995 imitatus
3470 4947 3554 4992 est
3583 4955 3637 4994 a.

2233 5030 2303 5084 52
2332 5045 2428 5086 seu
2463 5040 2514 5083 a.
2539 5029 2629 5084 55.

2161 5121 2222 5190 Ιι)
2261 5121 2562 5176 Barnabam
2596 5134 2741 5175 anno
2767 5119 2835 5174 5'7
2863 5118 3056 5174 iterum
3092 5118 3151 5174 S.
3183 5118 3339 5174 Pauli
3363 5118 3531 5175 fuisse
3551 5129 3647 5172 co-

2155 5324 2269 5394 (65)
2324 5323 2504 5378 Kurze
2561 5320 2859 5390 Erkldrung
2908 5319 2963 5372 d.
3016 5319 3434 5389 Apostelgewln,
3468 5333 3524 5388 p.
3576 5317 3646 5374 12

2086 5394 2442 5533 Μάὴῗῗίω.
2468 5463 2849 5533 commentam,
2873 5457 3006 5533 t._II,
3031 5475 3082 5529 p.
3116 5459 3241 5533 574.

2159 5528 2275 5604 (65)
2314 5533 2454 5588 Bibl.
2487 5529 2940 5604 Realwo'rterguclt
2960 5571 2975 5595 ,
3005 5547 3052 5604 s.
3079 5529 3324 5604 v.Joseplt
3349 5528 3640 5604 Barsabas.

2087 5598 2199 5660 cn.
2226 5598 2420 5658 librum
2455 5605 2633 5657 meum
2661 5600 2768 5655 Das
2797 5598 3220 5664 Sendscltrciben,
3250 5609 3380 5666 etc.,
3408 5616 3460 5670 p.
3486 5599 3640 5654 9—H.
