4066 6140
449 308 556 364 723

1634 321 1701 392 ιε.
1740 321 2104 385 BARNABAS
2143 330 2562 394 APOSTOLUS.

3601 339 3701 395 721

453 444 473 476 ε
506 426 702 525 lect-:1!
733 433 908 525 tamen
935 427 1088 525 inter
1100 431 1761 525 apocryphasScripturas
1801 461 1818 493 ι
1852 443 2023 509 docet,
2057 455 2294 510 Asmum
2317 448 2584 506 fervorem
2617 451 2670 505 in
2703 451 2930 522 epistola
2970 452 3037 508 ad
3067 450 3392 525 Diognetum
3437 457 3696 524 reperies.

447 531 541 568 nec
561 515 626 567 ab
652 515 897 570 Ecclesia
923 520 1259 588 repudiatam
1283 524 1478 580 innuit.
1507 525 1812 600 Apocryphi
1843 542 2024 589 autem

447 607 574 660 libri
611 617 724 660 tum
757 608 792 662 ii
825 622 1128 677 vocantur,
1169 615 1264 685 qui
1300 617 1601 674 authentici
1654 622 1897 692 quidem,
1932 627 2024 681 sed

444 705 513 756 ah
562 705 891 761 auctoritate
941 709 1212 764 canonica
1252 713 1495 777 remoti,
1544 725 1600 769 et
1641 715 1696 770 in
1739 732 2022 776 sacrarum

446 792 861 865 Scripturarum
903 814 1114 855 canone
1162 817 1272 856 non
1301 806 1548 873 ,repositi
1597 817 1759 875 sunt;
1800 820 1913 864 tum
1962 811 2021 875 ii,

442 882 538 950 qui
585 899 693 938 non
743 895 875 940 sunt
920 903 1136 955 eorum,
1172 905 1407 960 quorum
1442 894 1615 950 titulis
1653 909 2026 966 praenotantur

443 970 925 1049 (ψευδεπίγραφα).
954 975 1352 1050 Hieronymum
1376 982 1545 1059 priori
1571 999 1733 1039 sensu
1759 984 2024 1044 Barnaha:

441 1066 731 1136 epistolam
779 1071 1146 1141 apocrypham
1186 1075 1492 1144 appellasse
1525 1085 1690 1145 patet,
1737 1093 1861 1134 cum
1900 1097 2019 1136 eam

442 1157 707 1214 Barnabas
755 1161 974 1230 quidem
1028 1164 1290 1231 ascribat,
1348 1175 1404 1220 et
1460 1167 1823 1226 nihilominus
1883 1171 2023 1227 inter

443 1255 786 1325 apocryphas
805 1256 1121 1326 Scripturas
1159 1274 1279 1312 eam
1322 1260 1518 1314 lectam
1556 1277 1680 1317 esse
1705 1266 2018 1321 contendat.

515 1343 851 1401 Testimonia
876 1349 1042 1419 igitur
1064 1353 1390 1421 scriptorum
1421 1355 1768 1424 antiquorum
1791 1359 2022 1412 authen-

443 1436 532 1490 ti:e
559 1436 816 1507 Epistolze
845 1439 1028 1496 favere
1053 1457 1214 1498 nemo
1247 1445 1483 1514 negabit.
1516 1444 1885 1506 Nihilominus
1913 1464 2019 1504 non

437 1525 652 1584 levibus
698 1531 829 1584 moti
861 1533 1200 1602 argumentis
1231 1549 1349 1589 eam
1373 1538 1688 1607 apostolico
1722 1539 1837 1594 viro
1866 1540 2022 1611 abju-

440 1619 728 1675 dicandam
760 1638 1070 1680 censemus.

436 1745 440 1750 -
512 1715 565 1768 1.
609 1715 666 1769 Si
707 1714 947 1786 Epistula
979 1728 1166 1774 nostra
1196 1721 1265 1776 ab
1305 1721 1547 1791 antiquis
1575 1737 1675 1793 pro
1705 1725 2014 1787 authentica

2199 539 2286 596 ΙΙΙ.
2349 540 2559 598 Revera
2607 543 2800 614 primis
2857 546 3043 600 saeculi
3089 546 3314 601 secundi
3363 546 3699 615 temporibus

2127 633 2231 689 107
2268 665 2294 674 -
2331 634 2434 690 120
2457 634 2753 706 Epistolam
2779 648 3022 693 nostram
3044 648 3320 692 exaratam
3347 652 3468 693 esse
3489 647 3693 708 putem.

2197 731 2250 781 1.
2292 725 2426 782 Post
2463 729 2802 784 eversionem
2837 731 3022 800 templi
3064 728 3544 802 Hierosolymitani
3575 745 3697 785 eam

2125 819 2384 890 scriptam
2415 835 2568 887 esse,
2597 837 2665 876 ex
2701 822 2878 892 capite
2910 822 2974 876 16
3017 823 3151 878 satis
3189 823 3377 893 liquet.
3421 821 3513 878 Sic
3547 823 3695 878 enim

2124 911 2239 965 ibi:
2271 911 2370 965 Διά
2409 913 2516 984 γὰρ
2559 913 2620 967 τὸ
2660 913 2913 985 πολεμεῖν
2958 915 3120 978 αὐτὸς
3161 912 3433 987 καθῃρέθη
3464 915 3514 983 (ὁ
3551 913 3696 986 ναὸς)

2125 1002 2229 1056 ὑπὸ
2265 1003 2372 1057 τῶν
2406 1005 2646 1076 ἐχθρῶν·
2673 999 2775 1059 ’νῦν
2807 1023 2860 1058 κ.
2892 1022 2943 1058 τ.
2971 1003 3020 1058 λ.
3057 1005 3160 1071 Qui
3197 1005 3356 1060 aliter
3391 1020 3554 1074 quam
3597 1019 3698 1059 nos

2123 1095 2500 1165 distinguunt,
2524 1105 2579 1152 et
2604 1096 3015 1151 τὸνῦνιιοιιιίιιὶ
3049 1095 3256 1168 ἐχθρῶν
3290 1097 3552 1166 jungunt.
3586 1105 3697 1152 sta-

2123 1185 2218 1240 tim
2257 1195 2382 1256 post
2404 1203 2610 1242 annum
2637 1187 2703 1242 70
2728 1198 2784 1254 p.
2811 1188 2914 1244 Ch.
2947 1206 3004 1243 ιι.
3033 1189 3130 1244 has
3155 1189 3365 1243 litteras
3392 1189 3548 1242 datas
3573 1203 3696 1242 esse

2121 1277 2458 1332 contendunt
2487 1276 2621 1349 (90).

2192 1369 2247 1422 2.
2289 1367 2490 1425 Primis
2517 1370 2699 1431 saeculi
2725 1369 2948 1425 secundi
2987 1369 3356 1440 temporibus,
3395 1366 3690 1434 Judaistas,

2122 1460 2421 1516 Ecclesiam
2467 1462 2524 1516 in
2568 1461 2873 1531 periculum
2917 1471 3201 1528 vocantes,
3232 1462 3420 1516 eodem
3465 1459 3694 1518 ferventi

2121 1552 2286 1606 modo
2311 1551 2770 1623 impugnabantur
2797 1568 2827 1608 a
2865 1549 2924 1606 S.
2954 1551 3161 1624 lgnatio
3179 1553 3518 1608 Antiocheno
3544 1560 3599 1607 et
3621 1552 3691 1607 ab

2121 1653 2346 1699 auctore
2375 1645 2617 1715 epistolae
2653 1647 2719 1701 ad
2752 1646 3096 1717 Diognetum.

2193 1737 2246 1791 5.
2288 1735 2406 1791 Non
2431 1746 2557 1792 ante
2589 1739 2846 1794 saeculum
2885 1741 3187 1799 secundum
3221 1737 3522 1794 Christiani
3557 1733 3698 1793 Sab-

440 1804 637 1905 fuisset
687 1819 963 1877 reputata,
999 1820 1145 1865 certe
1197 1812 1337 1866 inter
1387 1812 1556 1868 libros
1609 1817 1906 1872 canonicos
1954 1834 2016 1872 ea
2051 1811 2091 1865 Β
2121 1829 2307 1884 [unum
2334 1830 2610 1886 Celebrare
2637 1831 2950 1898 desierunt;
2982 1832 3126 1905 quod
3143 1832 3258 1902 jam
3289 1830 3556 1894 evenisse,
3579 1828 3686 1898 epi-

438 1897 740 1968 legeretur;
786 1899 930 1954 sicut
965 1901 1302 1972 Augustinus
1331 1904 1399 1958 de
1429 1906 1755 1976 apocryphis
1787 1905 2017 1963 Andreze

438 1999 493 2044 et
518 1988 748 2045 Joannis
780 1991 913 2046 dicit
943 2011 958 2047 :
992 1991 1052 2047 Si
1092 1992 1311 2048 illorum
1352 2004 1558 2062 essent,
1593 2006 1802 2068 recepta
1845 2010 2015 2054 essent

400 2120 405 2126 .
439 2080 504 2134 ab
535 2080 772 2136 Ecclesia
800 2082 935 2154 (89).
1035 2101 1038 2105 ’

508 2170 564 2227 2.
609 2171 906 2244 Epistolam
944 2185 1188 2231 nostram
1226 2188 1342 2249 post
1379 2181 1719 2237 eversionem
1758 2181 2017 2239 Hieroso-

439 2266 597 2336 lyma:
626 2277 908 2323 exaratam
950 2283 1106 2337 esse,
1146 2287 1210 2324 ex
1239 2288 1359 2343 cap.
1400 2273 1467 2328 16
1505 2274 1664 2331 facile
1697 2276 2011 2346 conjicitur.

439 2355 546 2414 Sed
569 2375 733 2430 supra
761 2361 840 2416 lit.
865 2359 884 2414 l
908 2362 1179 2430 vidimus,
1211 2363 1514 2421 Bai-nabant
1546 2367 1665 2423 sine
1693 2369 1860 2425 dubio
1891 2379 2018 2426 tunc

436 2450 700 2520 temporis
727 2467 834 2506 non
868 2455 1106 2523 amplius
1136 2456 1190 2509 in
1224 2458 1360 2512 Vivis
1389 2459 1624 2528 degisse.

509 2542 565 2600 5.
602 2542 794 2612 Capite
824 2546 858 2600 5
901 2547 1132 2615 apostoli
1176 2549 1328 2616 ὑπὲρ
1361 2549 1569 2604 πᾶσαν
1613 2553 1904 2622 ἁμαρτίαν
1949 2555 2017 2608 ἁ-

434 2633 753 2703 νοιαῦτερυι
775 2647 1059 2692 vocantur.
1095 2637 1248 2693 Talia
1280 2639 1617 2710 Barnabam,
1647 2646 2015 2714 apostolorum

436 2726 680 2791 διιοίιιιιι,
716 2728 920 2784 dixisse
952 2730 1039 2783 vix
1085 2740 1290 2799 putem.
1339 2731 1447 2787 ista
1496 2743 1677 2790 autem
1721 2737 2016 2808 hyperbole

437 2821 612 2874 multo
645 2820 819 2890 magis
843 2822 1064 2877 secundi
1092 2823 1276 2878 saeculi
1301 2825 1574 2880 rhetorem
1599 2827 1800 2896 prodit.

509 2911 560 2964 4.
581 2909 713 2977 Quae
732 2912 986 2982 capite“)
1001 2913 1336 2969 incredibilia
1353 2916 1420 2970 de
1435 2916 1640 2987 lepore,
1656 2919 1870 2990 hyzena,
1889 2931 2016 2986 etc.,

434 3001 809 3073 proferuntur.
829 3006 1002 3076 magis
1023 3017 1343 3079 nugatorem
1372 3009 1833 3079 allegorizantem,
1854 3030 2016 3084 quam

437 3096 750 3166 apostolum
783 3099 1049 3154 redolent.

2118 1924 2258 1980 stola
2288 1935 2474 1979 nostra
2499 1923 2656 1978 docet
2683 1939 2733 1979 c.
2762 1925 2850 1979 15.

2188 2013 2243 2070 4.
2282 2012 2486 2068 Auctor
2515 2012 2768 2083 Epistolas
2792 2023 2992 2068 nostra:
3013 2020 3199 2068 contra
3231 2011 3447 2067 eosdem
3474 2010 3690 2066 haereti-

2094 2095 2250 2174 'cos,
2291 2103 2571 2161 Judaistas
2621 2114 2676 2160 et
2724 2103 2989 2172 Docetas,
3044 2105 3207 2160 verba
3255 2103 3584 2174 facit,quos
3628 2103 3688 2158 S.

2119 2195 2360 2267 lgnatius
2387 2195 2673 2266 vituperat.
2713 2192 2784 2250 Ut
2812 2195 2934 2260 hic,
2960 2195 3032 2249 ita
3061 2204 3115 2249 et
3143 2191 3340 2248 Noster
3367 2191 3694 2246 incarnatio-

2121 2305 2237 2342 nem
2281 2287 2484 2344 Christi
2529 2298 2719 2344 contra
2768 2286 2998 2344 Docetas
3043 2287 3114 2358 (c.
3147 2286 3181 2341 5
3221 2282 3285 2370 et
3315 2283 3370 2356 6)
3399 2283 3694 2354 przedicare

2119 2391 2348 2437 conatus
2370 2390 2474 2438 est.

2189 2475 2242 2532 5.
2274 2475 2717 2547 Theologumena
2743 2475 2912 2530 multa
2941 2473 3196 2543 Epistolas
3220 2480 3440 2536 nostrae,
3465 2483 3693 2540 praser-

2121 2562 2216 2616 tim
2245 2564 2423 2633 quoad
2463 2565 2824 2636 typologiam,
2852 2563 3128 2618 simillima
3157 2570 3284 2617 sunt
3324 2561 3588 2616 doctrinas
3628 2557 3688 2613 S.

2119 2653 2318 2709 Justini
2359 2665 2412 2710 et
2452 2654 2804 2720 Tertulliani,
2854 2654 2892 2708 i.
2933 2669 2984 2708 e.
3013 2654 3338 2723 scriptorum
3373 2651 3558 2705 saeculi
3603 2665 3692 2706 se-

2119 2743 2304 2798 eundi.

2175 2831 2246 2889 '6.
2287 2833 2344 2888 ln
2389 2835 2645 2891 omnibus
2686 2835 2968 2890 codicibus
2997 2835 3235 2904 antiquis
3265 2831 3507 2903 Epistola
3551 2830 3688 2884 Bar-

2122 2927 2277 2981 nabae
2331 2929 2623 2995 postposita
2671 2937 2754 2982 est
2803 2926 3044 2996 epistola:
3092 2924 3406 2996 Polycarpi,
3457 2923 3688 2976 fortaSse

2122 3017 2250 3088 quia
2278 3016 2486 3088 iunior,
2510 3028 2657 3072 certe
2679 3032 2786 3070 non
2812 3022 2984 3070 multo
3005 3015 3278 3086 antiquior
3305 3014 3612 3084 putabatur.

2196 3109 2247 3162 7.
2301 3107 2421 3164 Non
2470 3109 2543 3164 ita
2597 3110 2768 3164 multo
2810 3121 2932 3180 post
2985 3125 3186 3164 annum
3237 3107 3340 3163 120
3389 3105 3688 3177 Epistolam

511 3188 565 3243 5.
610 3187 928 3259 Barnabas,
967 3192 1061 3262 qui
1106 3195 1420 3263 provincias
1456 3197 1600 3251 Asia:
1641 3195 1866 3254 'liinoris
1893 3214 2018 3269 per-
2045 3187 2084 3203 ν
2120 3211 2361 3257 nostram
2391 3195 2753 3271 conscriptam
2780 3217 2938 3266 esse,

440 3289 745 3351 agraverat,
760 3282 1070 3353 multosque
1093 3299 1266 3342 annos
1295 3286 1596 3342 Antiochiae
1620 3288 1673 3342 in
1693 3287 1849 3360 Syria
1871 3293 2018 3344 vixe-

439 3381 556 3441 rat,
613 3373 749 3429 bene
800 3383 1140 3446 compertum
1192 3377 1395 3434 habere
1445 3380 1664 3449 debuit,
1713 3375 1913 3439 falsum
1963 3383 2014 3438 id

438 3479 596 3533 esse,
647 3468 793 3539 quod.
844 3470 1021 3540 capite
1069 3469 1102 3525 9
1139 3470 1461 3537 allirmatur,
1514 3487 1706 3529 omnes
1747 3475 2013 3530 idolorum

441 3559 756 3614 sacerdotes
788 3558 1064 3633 Syrosque
1093 3577 1281 3618 omnes
1315 3579 1438 3618 esse
1475 3563 1852 3622 circumcisos.

513 3647 567 3702 6.
609 3647 914 3705 innumera
954 3652 1224 3721 allegorias
1261 3654 1563 3722 nugatorize
1587 3695 1603 3722 ,
1636 3655 1937 3724 prtesertim
1965 3673 2014 3711 c.

443 3739 478 3795 5
518 3741 668 3794 -11
691 3782 706 3807 ,
751 3741 819 3795 ab
855 3743 946 3798 illo
977 3759 1085 3798 non
1126 3757 1359 3814 possunt
1381 3761 1502 3801 esse
1534 3748 1888 3817 conscriptas,
1923 3749 2017 3816 qui

442 3841 669 3916 propter
693 3833 1018 3903 eloquentiae
1041 3836 1296 3892 ardorem
1335 3837 1404 3893 ab
1439 3839 1700 3908 apostolis
1747 3851 1915 3918 nm};
1942 3851 2018 3917 '1;

442 3948 529 4000 est
551 3941 877 4014 appellatus.

517 4031 568 4085 7.
610 4019 802 4099 Quoad
835 4047 1022 4088 sacros
1047 4031 1358 4089 Judzeorum
1390 4035 1529 4090 ritus
1554 4035 2016 4108 falsaquzedamin

440 4121 674 4191 epistola
723 4130 908 4181 nostra
954 4137 1004 4177 c.
1047 4121 1077 4174 7
1105 4134 1158 4178 et
1205 4124 1238 4178 8
1284 4125 1557 4194 leguntur,
1613 4141 1734 4196 qua
1781 4125 2016 4183 Levitam

443 4211 748 4266 Barnabam
769 4252 786 4278 ,
817 4212 913 4281 qui
942 4212 1150 4270 diutius
1181 4211 1574 4285 Hierosolymis
1604 4215 1845 4283 vixerat,
1916 4227 2017 4266 au-

440 4313 645 4364 ctorem
657 4304 860 4360 habere
892 4320 1000 4372 non
1024 4316 1274 4384 possunt.

516 4397 569 4452 8.
611 4397 856 4470 Epistula
888 4411 1073 4468 nostra
1107 4401 1305 4475 injuste
1339 4399 1406 4456 de
1434 4399 1717 4458 Judaismo
1745 4403 2015 4475 disputat,

2190 3300 2246 3363 α)
2283 3308 2348 3348 ex
2374 3294 2551 3363 capite
2580 3293 2644 3347 16
2678 3303 2856 3363 patet,
2883 3293 2973 3348 ubi
3005 3293 3072 3348 de
3109 3291 3390 3347 eversione
3431 3289 3690 3346 Hieroso-

2329 3385 2487 3456 lyma:
2509 3385 2584 3441 ita
2604 3385 2912 3449 disseritur,
2949 3393 3007 3440 ut
3033 3385 3209 3454 palam
3241 3383 3312 3438 sit
3344 3382 3543 3438 Eliam
3582 3383 3687 3437 Ca-

2327 3476 2612 3546 pitolinam
2660 3477 2901 3532 nondum
2957 3476 3024 3530 ab
3087 3475 3326 3530 Adriano
3375 3474 3544 3530 fuisse
3593 3489 3688 3528 ex-

2330 3577 2612 3624 structam.

2193 3659 2246 3731 β)
2283 3655 2413 3714 Post
2441 3676 2642 3714 annum
2674 3659 2797 3726 137,
2823 3658 3061 3714 secundo
3082 3657 3224 3711 bello
3243 3656 3470 3711 Judaico
3500 3656 3682 3722 linito,

2328 3754 2534 3808 nullum
2571 3752 2803 3821 amplius
2843 3749 3208 3805 Judaistarum
3252 3750 3549 3818 periculum
3590 3747 3685 3801 ad—

2312 3846 2449 3900 esse
2478 3853 2708 3914 poterat.
2737 3842 2979 3912 Denique

2187 3937 2243 4008 γ)
2282 3937 2473 3994 Celsus
2495 3937 2606 4007 jam
2632 3938 2777 3992 circa
2800 3951 3002 3990 annum
3029 3935 3130 3989 150
3163 3963 3200 3975 -
3233 3935 3335 3990 160
3357 3935 3685 4003 epristola:

2245 4010 2253 4019 '
2328 4039 2526 4086 nostra:
2550 4045 2671 4098 cap.
2703 4029 2736 4083 5
2765 4029 2926 4100 (ὑπὲρ
2958 4029 3136 4080 πᾶσαν
3168 4027 3439 4098 ἁμαρτίαν
3471 4026 3684 4097 ἀνομώ-

2327 4122 2499 4196 τεροι)
2534 4122 2776 4178 convicia
2808 4130 2996 4177 contra
3023 4120 3296 4189 apostolos
3325 4120 3572 4174 hausisse
3603 4119 3684 4172 vi-

2327 4216 2486 4271 detur
2516 4215 2650 4286 (91).

2191 4307 2279 4364 iV.
2319 4308 2658 4376 Quibusnam
2693 4305 2985 4361 lectoribus
3023 4305 3264 4376 Epistola
3308 4306 3470 4360 fuerit
3513 4304 3682 4358 desti-

2121 4411 2282 4470 nata,
2334 4401 2555 4464 nullibi,
2590 4399 2871 4454 deﬁciente
2910 4398 3152 4468 pleniore
3191 4397 3532 4454 salutationis
3572 4396 3685 4451 for-

444 4490 918 4554 circumcisionem
948 4493 1131 4547 carnis
1158 4491 1590 4562 superstitiosam
1617 4510 1738 4550 esse
1768 4511 2014 4566 pronun‘
2047 4492 2092 4547 Ι)
2122 4495 2267 4549 mula
2285 4536 2300 4560 ,
2325 4493 2488 4549 claris
2517 4491 2696 4546 verbis
2719 4505 3034 4560 expressum
3070 4498 3169 4545 est.
3194 4488 3452 4560 Origenes
3481 4487 3684 4557 episto-

445 4583 546 4637 tiat
575 4586 644 4653 (c.
663 4583 1056 4651 9),Sabhatnm
1084 4585 1352 4653 vituperat
1381 4591 1450 4653 (c.
1485 4585 1596 4656 15),
1623 4587 1766 4658 leges
1795 4587 1958 4644 Mosis
1982 4605 2012 4642 a

443 4675 648 4732 Judaeis
679 4691 788 4731 non
816 4677 883 4732 ad
914 4677 1152 4732 litteram
1185 4677 1562 4748 intelligendas
1595 4677 1765 4734 fuisse
1789 4688 2016 4735 conten-

442 4771 524 4825 dit
551 4770 623 4840 (c.
658 4771 769 4841 10),
793 4779 848 4825 et
879 4771 1245 4839 oeconomiam
1286 4768 1496 4826 Veteris
1531 4769 1864 4829 Testamenti
1906 4787 2016 4826 non

443 4862 739 4934 Evangelio
760 4862 978 4917 demum
1002 4905 1016 4936 ,
1052 4862 1145 4917 sed
1165 4861 1279 4932 jam
1315 4861 1407 4915 illo
1440 4860 1528 4916 die
1547 4903 1562 4929 ,
1589 4877 1698 4932 quo
1724 4861 1900 4919 Moses
1933 4872 2018 4918 ta-

443 4940 605 5009 bulas
647 4954 780 5023 legis
827 4955 894 5009 de
942 4953 1196 5008 manibus
1241 4953 1499 5023 projecit,
1549 4955 1806 5008 abolitam
1857 4970 2014 5021 esse,

443 5045 771 5115 Judteosque
800 5055 931 5108 tunc
969 5053 1349 5106 testamentum
1396 5044 1448 5098 in
1478 5054 1798 5116 perpetuum
1837 5047 2018 5116 perdi-

442 5137 590 5207 disse
616 5137 774 5194 docet
799 5145 870 5206 (c.
904 5136 939 5202 4
969 5145 1024 5191 et
1052 5136 1163 5207 H).
1189 5135 1398 5203 Cuncta
1429 5137 1542 5197 haec
1577 5153 1686 5194 non
1717 5153 1747 5195 a
1771 5136 2014 5193 Barnaba

442 5235 760 5298 exspectes,
791 5228 920 5297 qui,
967 5235 1029 5281 ut
1073 5226 1256 5283 ﬁdeles
1300 5243 1329 5280 e
1370 5227 1622 5298 gentibus
1661 5239 1715 5283 et
1749 5244 1781 5284 e
1812 5227 2017 5285 Jndreis

445 5328 826 5390 componeret,
853 5318 1202 5390 Antiochiam
1225 5327 1309 5374 est
1337 5318 1572 5388 missus;
1598 5321 1692 5375 sed
1715 5321 2013 5376 secundum

443 5415 705 5471 saeculum
741 5414 870 5474 talia
900 5414 1156 5485 sapiunt,
1186 5413 1530 5496 similemque
1559 5422 1751 5479 contra
1822 5405 2012 5464 Judai-

447 5627 632 5766 ³υμζ9)
663 5626 849 5686 Contr.
878 5629 1240 5690 adversarium
1267 5625 1420 5700 Legit
1455 5638 1503 5696 et
1541 5627 1942 5702 Prop/telarum,
1973 5644 2012 5694 ι,

516 5767 630 5841 (90)
656 5766 927 5837 Galland.,
955 5769 991 5825 l.
1019 5785 1092 5837 c.,
1121 5785 1173 5841 p.
1215 5786 1398 5839 sunt.

2119 4582 2225 4637 iam
2256 4591 2498 4637 nostram
2557 4578 2873 4634 catholicam
2925 4579 3201 4644 nominat;
3250 4580 3343 4634 sed
3392 4595 3460 4633 ex
3507 4577 3685 4646 capite

2119 4675 2295 4745 primo
2315 4683 2370 4727 et
2391 4671 2495 4726 fine
2522 4670 2529 4678 ’
2550 4670 2680 4727 noni
2719 4675 2889 4737 patet,
2907 4670 2972 4723 ad
2999 4679 3164 4722 certos
3183 4670 3446 4738 quosdam
3476 4669 3679 4733 fideles,

2118 4766 2337 4821 arctiori
2373 4762 2589 4822 vinculo
2611 4761 2818 4816 auctori
2849 4760 3099 4829 junctos,
3139 4759 3346 4814 litteras
3381 4759 3479 4814 has
3514 4758 3683 4813 fuisse

2116 4859 2294 4914 datas.
2324 4857 2713 4928 Argumentum
2747 4852 2936 4923 prima:
2970 4850 3138 4922 partis
3163 4850 3403 4920 cpistola:
3436 4857 3490 4905 et
3518 4850 3682 4905 totius

2117 4947 2595 5008 demonstrationis
2644 4944 2932 5000 methodus
2980 4942 3238 4998 certiores
3287 4959 3386 4998 nos
3437 4942 3677 5005 iaciunt,

2118 5053 2393 5098 auctorem
2427 5039 2493 5093 ad
2522 5037 2698 5107 ﬁdeles
2729 5051 2756 5088 e
2788 5033 3021 5098 ludatis,
3054 5033 3171 5087 sine
3218 5033 3384 5087 dubio
3452 5035 3688 5091 Helleni.

2119 5144 2254 5199 stas,
2291 5133 2526 5187 instante
2567 5127 2805 5199 periculo
2843 5123 3211 5180 Judaistarum
3260 5126 3421 5177 verba
3464 5122 3680 5179 fecisse.

2120 5221 2393 5277 Danielem
2435 5217 2702 5274 Schenkel
2738 5214 3096 5269 Basileensem
3117 5253 3132 5278 ,
3158 5213 3388 5267 certiora
3413 5213 3480 5267 de
3510 5213 3681 5268 lecto-

2115 5316 2267 5369 ribus
2291 5312 2652 5384 proferentem
2675 5351 2689 5374 ,
2718 5317 2920 5363 temere
2955 5305 3010 5360 id
3041 5304 3214 5374 egisse
3234 5343 3250 5369 ,
3290 5305 3419 5360 alibi
3457 5307 3682 5360 demon-

2114 5405 2403 5470 stravimus
2432 5403 2564 5475 (92).

2195 5623 2305 5692 (91)
2328 5621 2546 5744 Orifen.
2575 5637 2617 5672 c.
2649 5617 2812 5684 συιδ..
2844 5633 2900 5672 ιι.
2929 5617 3018 5682 63,
3042 5627 3084 5671 t.
3108 5615 3158 5698 ⁸1,
3189 5631 3240 5683 p.
3274 5613 3394 5669 578.

2195 5694 2306 5744 t92l
2344 5691 2398 5744 In
2452 5689 2643 5744 ibelln:
2690 5688 2795 5744 Das
2824 5687 3212 5744 sendscm‘etben
3247 5685 3300 5740 d.
3350 5686 3392 5738 Α

2195 5683 2306 5762 (92)
2344 5691 2398 5745 Ιιι
2427 5683 2643 5762 libello:
2690 5688 2795 5745 Das
2824 5687 3212 5746 sendscm‘eiben
3247 5685 3300 5740 d.
3350 5686 3414 5738 Α.
3470 5683 3675 5743 Barna-

2115 5768 2224 5828 bas,
2249 5761 2375 5830 αα,
2405 5779 2457 5832 p.
2496 5761 2595 5816 152
2621 5776 2703 5832 sq.
