4066 6140
492 298 605 360 ’1ίό

493 519 597 565 tem
643 510 713 565 de
760 509 1040 564 authentia
1088 507 1338 577 Epistolas
1383 511 1766 574 componeret,
1822 499 2051 570 probare

491 611 722 659 conatus
752 609 836 657 est
863 598 1158 670 Epistolam
1198 597 1458 653 Barnabas
1502 595 1789 666 genuinam
1832 590 2051 661 quidem

488 710 631 756 esse,
662 692 756 748 sed
779 708 887 747 non
911 693 1201 762 integram,
1230 704 1527 758 omnesque
1546 687 1666 757 ejus
1694 694 1892 756 partes,
1917 683 2050 737 viris

488 785 667 841 doctis
695 784 1064 854 displicentes,
1108 798 1139 837 a
1164 784 1481 851 therapeuta
1502 780 1760 850 quodam,
1786 777 2051 833 Christia-

490 892 683 932 norum
706 890 862 931 sacra
888 883 1101 939 secuto,
1128 872 1393 943 originem
1419 871 1674 934 traxisse,
1702 869 1794 939 qui
1824 867 2050 939 mystica

491 984 591 1024 sua
619 966 880 1036 sapientia
920 966 1023 1020 viri
1057 964 1339 1036 apostolici
1370 964 1578 1018 litteras
1607 972 1805 1032 augere
1844 962 1915 1016 sit
1952 976 2051 1015 au-

489 1075 605 1116 sus.
635 1058 748 1114 Nos
770 1067 957 1114 contra
997 1057 1127 1112 alibi
1160 1056 1523 1127 integritatem
1565 1053 1816 1123 Epistola:
1861 1051 2051 1108 defen-

486 1152 615 1209 dere
643 1151 952 1207 studuimus
984 1150 1119 1219 (94).
1150 1148 1348 1203 Paucis
1394 1161 1541 1202 nunc
1574 1161 1690 1201 rem
1721 1144 1998 1201 absolvam
2032 1185 2044 1198 .

558 1292 611 1349 1.
653 1290 894 1347 Secunda
929 1305 1023 1346 seu
1057 1288 1377 1359 paraanetica
1412 1301 1539 1357 pars
1574 1285 1826 1355 Epistolze
1847 1326 1862 1351 ,
1898 1302 1946 1341 c.
1982 1286 2049 1342 18

486 1384 663 1449 —-‘2|,
693 1398 811 1453 quae
836 1381 947 1452 jam
974 1389 1101 1435 ante
1124 1378 1505 1434 Schenkelium
1533 1392 1565 1433 a
1589 1376 1835 1448 pluribus
1864 1378 1918 1431 in
1942 1378 2047 1432 du-

486 1474 635 1529 bium
665 1474 980 1539 vocabatur,
1004 1471 1202 1544 quippe
1231 1486 1352 1542 qua:
1388 1469 1442 1525 in
1485 1469 1654 1525 veteri
1685 1468 2047 1525 versioneLa-

487 1567 598 1621 tina
632 1582 737 1621 non
765 1573 971 1629 exstet,
1638 1632 1646 1653 Ι

554 1680 611 1750 α)
646 1680 757 1750 jam
804 1679 872 1734 ab
924 1676 1321 1747 antiquissimis
1368 1675 1477 1731 illis
1519 1673 1906 1743 scriptoribus,
1946 1673 2046 1744 'qui

692 1770 851 1842 primi
908 1768 1160 1839 Epistola:
1200 1769 1530 1824 mentionem
1574 1765 1877 1832 faciebant,
1926 1763 2048 1819 Cle-

692 1870 873 1918 mente
920 1870 975 1916 et
1014 1858 1279 1931 Origenei,
1310 1860 1446 1918 lecta
1490 1867 1604 1926 est,
1637 1868 1693 1915 et
1730 1857 1947 1914 laudata
1993 1864 2048 1912 et

688 1952 871 2007 citata.

553 2041 605 2112 β)
642 2039 843 2097 Eadem
882 2040 938 2096 in
985 2041 1274 2109 omnibus,
1319 2055 1459 2111 quos
1500 2039 1802 2107 habemus,
1842 2038 2046 2096 Grzecis

688 2135 966 2191 codicibus
995 2144 1191 2191 exstat.

549 2231 605 2295 γ)
641 2224 760 2280 Νοιι
798 2226 980 2282 minus
1011 2226 1064 2281 in
1092 2226 1482 2283 stichometriis
1503 2236 1747 2282 veterum
1772 2240 1897 2296 pars
1926 2225 2043 2281 haec

686 2316 923 2373 secunda
954 2317 1360 2372 numerabatur.

546 2411 604 2481 δ)
647 2408 832 2465 Sancti
860 2409 1014 2465 Pauli
1052 2424 1269 2480 quoque
1302 2408 1557 2479 Epistola:
1583 2409 1722 2478 parti
1761 2396 2042 2465 didacticae

685 2502 910 2556 alteram
941 2510 1147 2572 partem
1179 2501 1559 2572 paraeneticam
1583 2500 1906 2571 adjungunt.

547 2593 604 2663 ε)
645 2592 702 2647 ln
747 2602 900 2663 parte
942 2593 1179 2649 secunda
1219 2593 1287 2649 de
1326 2592 1539 2648 duabus
1585 2594 1685 2649 viis
1732 2590 2040 2659 disseritur,

684 2703 916 2757 quarum
938 2686 1052 2756 jam
1083 2687 1140 2741 in
1167 2695 1319 2757 parte
1344 2686 1519 2758 prima
1549 2701 1667 2756 cap.
1693 2691 1728 2741 4
1753 2694 1805 2740 ct
1829 2685 1863 2739 6
1888 2700 2039 2741 men-

686 2779 762 2832 tio
798 2777 973 2832 fuerat
1001 2776 1161 2832 facta.

545 2870 606 2942 ζ)
647 2870 782 2941 Styli
806 2870 1173 2926 diversitatem
1202 2885 1270 2925 ex
1302 2869 1519 2925 diversa
1554 2869 1837 2939 utriusque
1869 2870 2038 2940 partis

686 2958 868 3014 indole
890 2967 1067 3014 ortam
1089 2974 1210 3014 esse
1233 2958 1393 3015 facile
1422 2961 1804 3030 perspicimus.

542 3051 597 3107 9..
638 3050 827 3104 Prima
856 3064 1073 3121 quoque
1102 3048 1355 3120 Epistolas
1384 3067 1511 3121 pars
1542 3052 1747 3123 integra
1781 3061 1837 3108 et
1861 3052 1929 3107 ab
1954 3051 2036 3106 in-
2062 3071 2109 3135 ρ
2140 3050 2343 3105 beiensi
2370 3054 2517 3121 (ante
2544 3067 2668 3107 szec.
2692 3053 2768 3123 ιχ)
2792 3054 3089 3108 invenerat.
3114 3053 3477 3124 Apographon
3502 3054 3705 3110 codicis
3804 3124 3811 3128 _

475 3141 922 3211 terpolationibus
945 3141 1113 3198 libera
1140 3151 1222 3198 est
1252 3145 1572 3213 reputanda.

543 3232 598 3302 α)
640 3231 864 3302 Singula
909 3232 1052 3288 enim
1098 3234 1276 3304 capita
1327 3234 1492 3289 unius
1542 3232 1846 3305 argumenti
1910 3241 2039 3288 sunt

682 3334 863 3395 partes
881 3366 897 3392 ,
922 3340 1157 3396 eumque
1178 3326 1377 3381 habent
1396 3325 1559 3381 finem
1578 3367 1595 3392 ,
1621 3334 1683 3381 ut
1700 3326 2039 3380 demonstre-

681 3426 789 3482 tur,
820 3415 1158 3497 Judaismum
1178 3432 1298 3473 esse
1323 3415 1607 3486 abolitum,
1631 3432 1888 3487 novasque
1911 3432 2037 3472 eum

684 3508 1003 3563 oeconomiae
1030 3508 1221 3565 salutis
1245 3510 1481 3565 cessisse
1498 3549 1514 3575 ,
1540 3524 1703 3579 quam
1730 3510 1871 3581 typis
1902 3524 2040 3578 prae-

682 3599 1123 3671 monstrare,jam
1143 3600 1211 3655 ab
1224 3598 1669 3664 initio,.ludaismi
1686 3614 1886 3654 munus
1898 3607 2033 3655 erat.

546 3689 609 3759 β)
649 3691 867 3747 Falsum
898 3701 1010 3760 est,
1047 3693 1192 3762 quod
1225 3691 1583 3748 Schenkelius
1606 3690 1915 3757 contendit,
1945 3707 2039 3745 ca-

682 3793 780 3854 put
825 3791 1036 3837 sextum
1081 3799 1189 3838 non
1216 3798 1339 3838 cum
1369 3784 1633 3852 septimo,
1685 3781 1778 3838 sed
1818 3782 2037 3838 demum

682 3890 807 3929 cum
836 3874 993 3929 tertio
1017 3874 1230 3929 decimo
1248 3912 1264 3938 ,
1296 3874 1562 3929 orationis
1589 3889 1730 3929 nexu
1758 3888 1879 3929 esse
1903 3889 2038 3929 cun-

677 3967 947 4037 junctum.
984 3964 1060 4019 Ea
1096 3965 1241 4019 enim
1279 3966 1491 4034 capita,
1521 3982 1643 4036 quae
1685 3966 2036 4022 Schenkelius

682 4056 910 4112 delenda
954 4063 1137 4125 putat,
1193 4070 1243 4109 c.
1298 4054 1689 4123 7—12incl.,
1728 4056 1806 4110 nil
1852 4055 2033 4123 aliud,

682 4147 786 4202 nisi
813 4147 1275 4202 continuationem
1306 4146 1675 4201 antecedentis
1697 4147 2037 4201 demonstra-

682 4237 845 4292 tionis
862 4278 876 4302 ,
913 4252 1107 4291 novam
1128 4237 1487 4292 oeconomiam
1515 4251 1546 4290 a
1572 4234 1855 4291 Judaismo
1897 4235 2035 4307 typis

682 4326 848 4382 fuisse
876 4326 1395 4397 pmmonstrandam
1417 4368 1432 4393 ,
1462 4326 1766 4382 continent.

542 4425 599 4488 γ)
639 4419 752 4473 Duo
774 4419 877 4473 alia
903 4434 1122 4489 quoque
1142 4418 1318 4489 capita
1341 4460 1356 4485 ,
1383 4419 1449 4474 15
1478 4428 1531 4474 et
1553 4419 1620 4473 16
1641 4460 1656 4485 ,
1682 4435 1803 4489 quae
1829 4418 2034 4476 Sclien-
2063 4403 2109 4459 Ῑ)

677 4513 821 4568 kelio
868 4511 1183 4582 displicent,
1245 4512 1473 4567 minime
1530 4520 1659 4567 sunt
1706 4513 2029 4583 rejicienda,

678 4602 879 4672 quippe
934 4616 1054 4671 qua:
1111 4601 1178 4655 ad
1236 4600 1756 4656 demonstrationem
1810 4618 2033 4659 necesse

678 4693 1003 4761 pertineant.
1035 4689 1190 4757 Quod
1235 4690 1280 4746 si
1316 4692 1459 4746 enim
1500 4691 1722 4747 abolitio
1766 4692 2030 4749 Judaismi

681 4781 857 4837 fuerat
888 4782 1310 4838 demonstranda
1330 4822 1346 4846 ,
1378 4784 1541 4838 etiam
1584 4785 1650 4839 de
1684 4785 2032 4856 abrogatione

683 4870 903 4928 Sabbati
948 4873 1022 4942 (c.
1054 4873 1143 4943 15)
1174 4881 1229 4928 et
1275 4874 1453 4943 templi
1483 4876 1553 4945 (c.
1604 4876 1694 4946 16)
1740 4878 1903 4933 verba
1950 4877 2031 4933 fa-

679 4966 869 5021 cienda
896 4975 1069 5022 erant.
1323 4984 1343 5000 ι

540 5057 600 5126 δ)
635 5055 823 5125 Capita
873 5054 1193 5113 Schenkelio
1221 5057 1560 5127 displicentia
1612 5076 1718 5116 non
1767 5062 1924 5117 aliter
1962 5063 2032 5119 de

684 5145 863 5203 Veteri
890 5147 1236 5206 Testamento
1256 5150 1566 5221 disputant,
1606 5168 1670 5208 ac
1694 5168 1757 5209 ea
1782 5170 1903 5225 qua:
1930 5171 2031 5225 pro

780 5412 1076 5491 Ullmanni,
1101 5434 1207 5484 etc.
1247 5425 1511 5484 :Studien
1548 5431 1655 5484 und
1678 5429 2025 5501 Krit.,1837,

1810 277 2339 339 PROLEGOMENA.

562 417 627 474 V.
669 392 815 473 Idem
854 416 937 471 vir
962 415 1154 471 doctus
1175 457 1189 481 ,
1220 413 1409 468 Daniel
1433 409 1700 467 Schenkel
1733 407 1865 479 (9‘5),
1892 417 1952 459 ut
1990 402 2053 456 li-
2082 402 2123 458 A

3611 276 3713 341 726

2364 401 2614 471 genuinis
2657 409 2784 455 sunt
2822 408 3090 470 reputata.
3123 397 3336 468 Ubique
3361 396 3501 451 idem
3534 394 3712 449 fervor

2314 506 2317 509 ‘
2359 505 2546 546 contra
2576 490 2918 546 Judaismum
2947 491 3101 546 nobis
3121 492 3377 546 occurrit.

2220 583 2283 652 ε)
2324 580 2611 652 Perperam
2639 580 2997 637 Schenkelius
3020 582 3283 648 affirmat,
3307 582 3373 637 de
3395 580 3546 635 Novo
3568 598 3708 652 quo-

2357 689 2463 743 que
2496 671 2843 727 Testamento
2872 672 3145 728 contraria
3175 673 3355 728 doceri
3394 672 3449 726 in
3478 672 3708 729 diversis

2365 766 2652 836 capitibus.

2221 858 2285 929 ζ)
2324 857 2441 911 Jam
2466 857 2718 913 Clemens
2751 856 3153 912 Alexandrinus
3177 898 3191 921 ,
3223 856 3316 926 qui
3346 858 3552 925 primus
3581 858 3706 928 Epi-

2360 954 2511 1009 stola:
2532 963 2733 1008 nostra:
2754 953 3022 1015 meminit,
3047 951 3222 1023 capita
3246 952 3345 1006 ista
3368 951 3706 1021 displicentia

2360 1044 2489 1113 legit
2524 1053 2578 1098 et
2618 1043 2893 1110 laudavit,
2938 1052 2994 1097 et
3047 1058 3117 1098 ne
3160 1043 3448 1097 minimum
3487 1042 3705 1111 quidem

2360 1135 2789 1205 interpolationis
2814 1135 3186 1190 testimonium
3212 1133 3360 1188 ullibi
3385 1141 3581 1187 exstat.

2220 1224 2307 1279 Vl.
2348 1224 2423 1279 De
2464 1226 2714 1281 doctrina
2754 1224 3015 1280 Barnabze
3052 1224 3153 1280 cfr.
3206 1223 3446 1279 libellum
3478 1237 3659 1277 meum
3692 1242 3703 1275 :

2149 1313 2258 1367 Das
2291 1312 2697 1369 Sendschreiben
2738 1316 2793 1369 ά.
2819 1316 2885 1370 Α.
2929 1316 3236 1382 Barnabas,
3269 1324 3399 1378 etc.,
3432 1330 3483 1384 p.
3515 1314 3709 1368 242-

2146 1403 2273 1457 262.
2302 1403 2376 1459 De
2393 1405 2578 1459 eadem
2608 1420 2665 1458 re
2686 1406 3032 1474 disputarunt
3054 1405 3284 1469 Franke,
3300 1406 3352 1458 in
3379 1403 3706 1459 Rudelbach.

2146 1505 2200 1549 et
2228 1494 2459 1551 Guerike
2485 1514 2498 1550 :
2522 1494 2829 1566 Zeitschrift
2855 1497 2943 1565 fur
2976 1496 3111 1549 luth.
3142 1494 3343 1564 Theol.,
3371 1506 3502 1560 etc.,
3533 1494 3669 1550 1840
3690 1537 3706 1561 ,

2146 1586 2304 1643 Fasc.
2331 1602 2411 1654 ιι,
2454 1598 2509 1643 et
2551 1604 2652 1641 van
2686 1587 2862 1655 Gilse,
2908 1588 3085 1660 Heyns
3115 1598 3167 1643 et
3198 1586 3393 1643 Junius
3429 1588 3483 1642 in
3529 1588 3709 1642 tribus

2149 1678 2695 1733 commentationibus
2716 1679 2783 1734 de
2810 1679 3081 1748 theologia
3108 1678 3327 1733 Patrum
3376 1679 3708 1749 apostolico~

2152 1781 2270 1821 rum
2320 1767 2543 1835 morali,
2585 1768 2655 1822 ab
2698 1768 2989 1824 Academia
3037 1768 3524 1841 Lugduno—Batava
3568 1770 3707 1825 1855

2145 1859 2368 1930 praemio
2393 1860 2622 1915 ornatis.

2218 1948 2328 2004 Vll.
2368 1948 2500 2006 Post
2526 1949 2889 2021 Nicephorum
2927 1952 3289 2022 patriarcbam
3319 1951 3708 2009 Constantino-

2145 2041 2445 2113 politanum
2476 2042 2538 2113 (1-
2560 2043 2684 2112 828)
2732 2054 2787 2099 et
2823 2054 3103 2099 auctorem
3147 2045 3384 2114 antiquae
3416 2045 3702 2115 cujusdam

2141 2133 2540 2191 Stichometrize
2560 2176 2576 2200 ,
2622 2151 2652 2189 a
2678 2136 2946 2190 Cotelerio
2969 2136 3285 2206 publicane,
3319 2152 3488 2206 usque
3511 2136 3578 2190 ad
3604 2152 3705 2192 sa:-

2144 2226 2328 2281 culum
2366 2241 2477 2280 xvu
2503 2241 2663 2281 nemo
2685 2224 2939 2296 Epistolas
2960 2236 3157 2283 nostra:
3179 2228 3425 2283 notitiam
3449 2227 3706 2283 habuisse

2144 2316 2374 2371 videtur.
3310 2318 3317 2324 '

2199 2406 2415 2461 Primus
2428 2408 2623 2462 iterum
2635 2423 2752 2462 eam
2762 2450 2777 2474 ,
2790 2409 3029 2478 epistolae
3038 2408 3320 2481 Polycarpi
3336 2408 3701 2480 conjunctam,

2142 2497 2377 2555 Jacobus
2408 2499 2729 2555 Sirmondus
2753 2500 2809 2554 S.
2832 2500 2880 2555 J.
2914 2503 2966 2556 in
2995 2502 3181 2559 codice
3203 2501 3473 2558 Turriano
3496 2503 3705 2574 detege-

2144 2594 2254 2645 bat.
2284 2589 2454 2645 Paulo
2485 2601 2607 2662 post
2652 2593 2707 2647 in
2754 2593 2875 2649 aliis
2933 2594 3106 2650 tribus
3154 2595 3434 2651 codicibus
3457 2636 3473 2662 ,
3503 2594 3705 2649 Biblio—

2142 2684 2312 2738 thecte
2365 2681 2668 2748 Vaticanze,
2726 2686 3015 2742 cardinalis
3064 2686 3343 2741 Columnae
3399 2695 3453 2740 et
3483 2685 3711 2742 Andreae

2143 2773 2353 2828 Schotti
2393 2773 2451 2828 S.
2493 2772 2568 2841 1.,
2609 2776 2799 2831 eadem
2844 2776 3085 2847 Epistola
3120 2777 3503 2847 reperiebatur.
3549 2776 3704 2848 Ηυεο

2139 2876 2319 2921 autem
2358 2864 2647 2923 Menardus
2669 2909 2684 2934 ,
2709 2883 2740 2922 e
2786 2870 3203 2939 congregatione
3232 2868 3289 2923 S.
3325 2868 3532 2935 Mauri,
3561 2870 3706 2923 anti~

2140 2973 2304 3028 quam
2336 2955 2591 3028 Epistolae
2635 2959 2939 3014 versionem
2979 2946 3227 3015 Latinam
3266 2961 3317 3014 in
3355 2961 3541 3016 codice
3569 2960 3706 3015 Cor—

2143 3141 2445 3197 Schottiani
2468 3153 2522 3198 et
2542 3145 2741 3200 veteris
2763 3145 2908 3200 illius
2932 3146 3196 3201 versionis
3218 3145 3423 3200 Latina:
3444 3146 3704 3201 Claudius

2142 3229 2447 3287 Salmasius
2479 3234 2658 3288 lsaaco
2680 3232 2877 3289 Vossio
2899 3274 2913 3299 ,
2947 3232 3177 3289 Vossius
3207 3232 3428 3290 Usserio
3461 3235 3699 3291 tradidit.

2138 3324 2258 3393 Quo
2294 3326 2437 3380 facto
2462 3322 2696 3380 Jacobus
2725 3324 3010 3391 Usserius,
3055 3328 3431 3382 Armachauus
3454 3368 3469 3388 ,
3513 3326 3705 3381 Hiber-

2139 3418 2242 3471 niae
2288 3417 2529 3487 primas,
2576 3433 2627 3472 a.
2675 3417 2813 3471 1645
2859 3415 3055 3471 Oxonii
3100 3416 3397 3486 Epistolam
3444 3417 3704 3473 Barnabas

2138 3511 2288 3580 prelo
2328 3508 2580 3581 subjecit.
2629 3508 2734 3565 Sed
2778 3509 2969 3580 ingens
3011 3508 3319 3563 incendium
3347 3549 3361 3573 ,
3413 3510 3558 3580 quod
3594 3528 3701 3566 non

2138 3603 2389 3672 exiguam
2418 3608 2627 3670 partem
2674 3600 2825 3655 urbis
2864 3598 3191 3655 Oxoniensis
3226 3601 3490 3667 vastavit,
3518 3602 3702 3657 omnia

2137 3706 2353 3763 quoque
2376 3690 2706 3759 exemplaria
2732 3690 3052 3760 absumpsit.

2209 3784 2327 3850 Quo
2354 3791 2532 3837 autem
2562 3781 2732 3836 ferme
2757 3790 3003 3851 tempore
3032 3780 3286 3837 Usserius
3311 3798 3465 3838 suam
3503 3799 3703 3852 praepa-

2137 3876 2292 3930 rabat
2312 3873 2629 3937 editionem,
2649 3873 2716 3927 de
2745 3873 2860 3942 ipsa
2884 3872 3127 3943 Epistola
3150 3871 3376 3928 Parisiis
3402 3875 3698 3943 erulganda

2136 3966 2410 4037 cogitabat
2436 3963 2591 4035 Hugo
2620 3963 2931 4032 Menardus,
2959 3966 3258 4024 monachus
3296 3965 3697 4022 Benedictinus.

2136 4056 2258 4127 Ipso
2285 4066 2502 4111 mortuo
2533 4056 2694 4122 1644,
2723 4054 2900 4111 Lucas
2931 4055 3257 4120 Dacherius,
3289 4056 3530 4127 ejusdem
3564 4074 3700 4112 con-

2135 4152 2483 4223 gregationis,
2503 4150 2744 4206 Menardi
2765 4150 3054 4205 editionem
3068 4147 3208 4203 1645
3229 4149 3281 4202 in
3303 4149 3477 4203 lucem
3499 4150 3699 4216 emisit,

2136 4244 2305 4299 textui
2328 4243 2597 4299 Turriano
2623 4243 2872 4298 versione
2892 4240 3205 4296 Corbeiensi
3232 4241 3461 4310 adjecta.

2206 4337 2643 4394 Emendatiorem
2668 4336 2927 4390 Barnabae
2952 4334 3247 4404 Epistolam
3274 4332 3409 4389 1646
3432 4334 3700 4389 Amstelo-

2134 4430 2278 4487 dami
2301 4430 2468 4485 edidit
2492 4427 2710 4483 Isaacus
2732 4426 2979 4493 Vossius,
2999 4426 3245 4497 pluribus
3273 4427 3394 4481 aliis
3417 4426 3698 4480 codicibus

2135 4536 2302 4587 usus,
2340 4519 2689 4583 Florentino,
2738 4517 2992 4573 Vaticano
3028 4527 3081 4571 et
3124 4516 3368 4571 Romano
3409 4516 3700 4571 Tlieatino-

2135 4630 2277 4668 rum.
2310 4611 2500 4667 Plures
2531 4612 2725 4667 deinde
2754 4620 2952 4665 secuta:
2982 4610 3392 4665 sunteditiones
3416 4651 3431 4675 ,
3467 4626 3693 4678 prmser-

2133 4707 2227 4761 tim
2259 4705 2510 4760 Cotelerii
2534 4744 2550 4771 ,
2570 4702 2813 4757 Russelii
2835 4713 2889 4757 et
2908 4702 3172 4757 Gallandii
3196 4742 3213 4767 ,
3237 4717 3399 4771 quam
3427 4703 3692 4771 posterio-

2135 4812 2247 4851 rem
2276 4810 2379 4851 nos
2424 4795 2693 4865 praecipue
2719 4794 2912 4849 ducem
2948 4793 3259 4861 habuimus,
3286 4808 3392 4847 non
3418 4793 3695 4863 pedisequi

2134 4889 2309 4943 instar
2342 4902 2461 4942 eam
2489 4873 2678 4942 secuti.

2208 4979 2342 5034 Vlll.
2383 4979 2688 5034 Notandum
2735 4979 3004 5048 denique,
3065 4980 3118 5033 in
3177 4980 3428 5033 omnibus
3492 4977 3697 5033 Graecis

2137 5072 2418 5127 codicibus
2479 5072 2665 5126 deesse
2706 5069 2881 5140 capita
2930 5069 3024 5126 1-4
3076 5068 3269 5123 inclus.
3316 5076 3362 5121 cl
3408 5065 3695 5123 dimidium

2135 5163 2328 5236 quinti.

2209 5433 2322 5499 (94)
2358 5432 2861 5508 ΤιιὺὶιιθενΤΙιβοιος.
2910 5438 3345 5508 Quartalsclirift.
3380 5437 3538 5508 1839,
3568 5436 3607 5498 1.
3638 5455 3690 5508 p.

2133 5503 2202 5557 60
2246 5520 2365 5573 sqq.
2394 5515 2445 5560 et
2487 5503 2541 5559 in
2572 5506 2751 5561 libello
2797 5503 2914 5563 meo
2947 5525 3109 5579 supra
3137 5503 3322 5575 citato,
3350 5525 3400 5579 p.
3430 5507 3532 5563 196
3570 5503 3689 5580 sqq.
