4066 6140
369 355 482 410 729‘
1637 355 1971 410 EPISTULA
2006 355 2412 412 CATHOLICA.
3490 361 3592 414 730

437 468 568 524 Tres
603 479 732 524 sunt
759 485 890 539 ergo
921 475 1339 532 constitutiones
1371 475 1610 546 Domini,
1644 478 1764 533 vitae
1790 495 1934 550 spes,
1966 480 2178 533 initium
2229 489 2282 534 et
2327 496 2540 534 consult
2569 481 2746 534 matio.
2778 479 3088 548 Propalavi‘t
3129 479 3272 533 enim
3330 475 3592 532 Dominus

360 577 456 632 per
486 562 801 631 prophetas,
835 578 957 632 qua:
983 565 1096 635 (14)
1127 570 1531 638 praeterierunt;
1586 581 1640 626 et
1691 571 2003 626 futurorum
2051 573 2197 628 dedit
2244 573 2400 628 nobis
2455 574 2608 626 initia
2666 573 2824 627 scire.
2867 571 3020 625 Sicut
3067 587 3194 641 ergo
3223 573 3439 626 locutus
3485 581 3586 636 est,

361 653 644 707 honestius
670 661 724 706 et
753 654 915 708 altius
946 659 1203 712 accedere
1233 658 1346 728 (15)
1379 660 1443 712 ad
1472 675 1623 714 aram
1659 661 1824 714 illius.
1858 659 1968 729 Ego
1996 670 2176 714 autem
2205 677 2312 714 non
2343 671 2601 731 tanquam
2637 662 2828 716 doctor
2861 660 2996 729 (16),
3028 662 3120 714 sed
3145 677 3284 716 unus
3314 677 3376 715 ex
3412 661 3586 726 vobis,

356 745 743 801 demonstrabo
773 760 968 815 pauca,
1003 761 1098 816 per
1123 761 1245 816 qua:
1271 747 1324 801 in
1359 747 1606 817 plurimis
1635 749 1868 803 laetiores
1902 751 2023 803 sius
2051 750 2184 819 (17).

1440 837 1504 892 Π.
1549 837 1833 908 Sacriﬁcia
1861 838 2090 892 Judaicu
2131 839 2331 892 abolita
2361 848 2499 896 sunt.

421 928 558 985 Cum
587 928 697 984 sint
726 945 855 1000 ergo
883 930 999 986 dies
1029 932 1345 1001 nequissimi
1375 932 1509 1004 (18),
1542 942 1593 988 et
1623 935 1933 988 contrarius
1956 934 2067 1004 (l9)
2099 933 2296 988 habeat
2335 934 2499 1003 hujus
2529 934 2711 989 saeculi
2746 940 3088 1004 potestatem,
3116 934 3375 991 debemus
3407 944 3584 990 atten-

352 1016 542 1072 dentes
562 1017 835 1088 inquirere
859 1018 1138 1088 aequitates
1169 1019 1403 1075 Domini.
1439 1021 1550 1091 (20)
1575 1021 1726 1077 Fidei
1754 1035 1883 1092 ergo
1911 1031 2111 1076 nostrae
2139 1023 2418 1093 adjutores
2442 1023 2576 1093 (2|),
2605 1025 2766 1077 timor
2790 1036 2840 1080 et
2868 1029 3189 1082 sustinentia
3221 1047 3234 1082 :
3259 1045 3380 1098 qua:
3405 1040 3582 1084 autem

355 1111 640 1167 nobiscum
677 1123 939 1183 pugnant,
969 1103 1223 1182 patientia
1253 1123 1337 1170 est
1374 1123 1428 1167 et
1458 1116 1810 1172 continentia.
1846 1117 1971 1173 Haec
2000 1134 2124 1174 cum
2159 1120 2302 1189 apud
2350 1117 2638 1172 Dominum
2684 1133 3004 1189 permanent
3047 1136 3198 1180 eaSta
3230 1125 3368 1196 (22),
3403 1127 3585 1180 colla:-

353 1211 538 1258 tantur
571 1203 680 1258 illis
711 1205 977 1274 sapientia
1011 1215 1064 1259 et
1091 1202 1394 1258 intellectus
1419 1202 1556 1276 (25).

344 1282 385 1338 ·⁹
424 1299 718 1369 Adaperuit
737 1300 880 1354 enim
903 1301 1061 1356 nobis
1084 1315 1177 1370 per
1193 1316 1383 1355 omnes
1404 1301 1713 1370 prophetas,
1733 1303 1860 1372 quia
1880 1319 1985 1358 non
2013 1304 2184 1359 utitur
2203 1305 2407 1360 nostris
2429 1304 2643 1371 hostiis,
2675 1297 2848 1375 neque
2864 1307 3122 1370 victimis,
3153 1323 3333 1378 neque
3359 1309 3586 1363 oblatio.

353 1392 516 1448 nibus
537 1433 550 1457 ,
577 1393 692 1447 haec
721 1393 908 1447 dicens
937 1409 949 1445 :
975 1393 1089 1457 Quo
1109 1391 1236 1445 mihi
1259 1392 1648 1446 multitudinem
1668 1395 2051 1462 sacriﬁciorum
2071 1407 2382 1460 vestrorum,
2406 1396 2537 1448 dicit
2559 1395 2810 1450 Dominus
2827 1398 2852 1450 ?
2881 1397 3074 1453 Plenus
3103 1417 3221 1453 sum
3251 1399 3586 1454 holocausta-

354 1487 580 1540 matibus
612 1489 856 1553 arietum,
885 1497 932 1541 et
960 1486 1386 1557 pinguaminibus
1412 1499 1764 1556 agnorum:et
1794 1489 2097 1558 sanguinem
2120 1489 2386 1541 hircorum
2407 1498 2454 1541 et
2479 1499 2752 1542 taurorum
2782 1491 2933 1550 nolo:
2972 1509 3061 1545 nec
3093 1495 3139 1545 si
3173 1495 3392 1547 veniatis
3419 1495 3584 1547 videri

352 1578 482 1632 mihi
506 1577 640 1648 (24).
675 1575 805 1642 Quis
831 1579 971 1632 enim
1000 1583 1277 1652 exquisivit
1302 1583 1412 1637 haec
1443 1583 1507 1637 de
1539 1585 1779 1638 manibus
1811 1586 2042 1640 vestris?
2093 1584 2297 1638 calcare
2340 1585 2522 1638 aulam
2552 1602 2718 1640 meant
2749 1603 2849 1640 non
2882 1589 3163 1657 adjicietis.
3201 1588 3259 1644 Si
3291 1590 3583 1643 attuleritis

354 1674 482 1726 mihi
502 1674 876 1743 similaginem,
906 1691 1096 1728 vanum
1121 1692 1140 1730 :
1168 1676 1639 1746 supplicamentum
1660 1680 1949 1733 exsecratio
1978 1680 2105 1731 mihi
2125 1690 2222 1732 est.
2251 1678 2566 1733 Neomeuias
2596 1689 2792 1733 vestras
2821 1692 2868 1734 et
2899 1681 3035 1735 diem
3071 1699 3317 1752 magnum
3367 1682 3582 1752 (25-26)

351 1783 454 1821 non
479 1769 706 1822 sustineo
732 1783 750 1820 :
773 1767 1059 1837 jejunium,
1095 1779 1144 1823 et
1175 1771 1335 1839 ferias
1369 1771 1592 1841 (27),,et
1621 1773 1731 1826 dies
1761 1773 1919 1841 festos
1951 1781 2144 1826 vestros
2176 1774 2286 1825 odit
2320 1775 2502 1826 anima
2543 1776 2719 1828 mea‘.
2773 1774 2897 1831 Haec
2945 1794 3074 1848 ergo
3120 1793 3288 1832 vacua
3337 1777 3483 1840 fecit,
3525 1786 3585 1832 ut

351 1872 489 1911 nova
525 1858 610 1911 lex
637 1855 850 1910 Domini
881 1859 1050 1914 nostri
1078 1856 1206 1914 Jesu
1235 1860 1462 1928 Christi,
1489 1878 1610 1932 quae
1653 1864 1769 1917 sine
1805 1863 1936 1932 jugo
1981 1865 2322 1919 necessitatis
2354 1863 2468 1935 (28)
2498 1875 2599 1930 est,
2634 1867 2928 1922 humanam
2975 1868 3174 1923 habeat
3221 1869 3577 1923 oblationem.

351 1946 489 2002 Dicit
515 1947 779 2003 Dominus
804 1949 998 2003 iterum
1031 1951 1096 2005 ad
1126 1951 1245 2007 illos
1270 1971 1286 2008 :
1331 1951 1588 2022 Nunquid
1616 1969 1709 2023 ego
1735 1955 1959 2023 pratcepi
1989 1955 2296 2023 parentibus
2335 1956 2697 2027 vestrishcum
2724 1960 2965 2013 exierunt
2991 1961 3055 2013 de
3083 1970 3230 2014 terra
3253 1961 3495 2030 Egypti,
3525 1969 3581 2013 ut

351 2041 596 2108 oﬂ'errent
632 2041 759 2094 mihi
787 2042 985 2097 hostias
1010 2053 1058 2097 et
1085 2045 1320 2100 victimas
1339 2048 1360 2078 ¹
1384 2047 1410 2100 ?
1437 2045 1539 2102 Sed
1566 2048 1662 2100 hoc
1691 2051 1913 2118 precept"
1940 2049 2071 2113 illis,
2109 2050 2286 2104 dicens
2315 2067 2334 2104 :
2363 2050 2728 2123 Unusquisque
2757 2062 2983 2108 vestrum
3013 2051 3260 2106 adversus
3281 2053 3582 2120 proximum

348 2149 455 2188 non
483 2133 668 2188 habeat
701 2135 1001 2201 malitiam;
1036 2147 1085 2192 et
1110 2139 1474 2208 juramentum
1504 2140 1746 2195 mendum
1779 2143 1890 2212 (29)
1931 2159 2035 2196 non
2063 2144 2216 2198 habet
2238 2145 2259 2176 ³
2290 2145 2425 2215 (50).
2460 2145 2759 2216 Intelligere
2797 2162 2929 2215 ergo
2967 2145 3248 2209 debemus,
3296 2159 3420 2198 cum
3471 2157 3580 2197 non

349 2225 523 2280 simus
550 2227 668 2281 sine
694 2226 990 2295 intellectu,
1021 2229 1310 2284 consilium
1347 2231 1698 2302 benignitatis
1725 2232 1901 2288 Patris
1927 2235 2097 2290 nostri
2128 2253 2143 2290 :
2171 2236 2298 2306 quia
2325 2237 2482 2292 nobis
2513 2237 2668 2304 dicit,
2701 2239 2890 2294 volens
2926 2255 3025 2294 nos
3055 2238 3308 2292 similiter
3333 2245 3580 2290 errantes

350 2334 616 2388 quaerere,
657 2322 1115 2390 quemadmodum
1147 2325 1213 2380 ad
1244 2326 1394 2380 illum
1423 2328 1780 2395 accedamus;
1811 2329 1968 2384 nobis
1999 2331 2145 2384 enim
2177 2331 2313 2384 dicit
2345 2349 2358 2385 :
2401 2329 2738 2400 Sacriﬁcium
2769 2333 2878 2387 Deo
2907 2350 2999 2386 cor
3034 2330 3487 2393 contribulatum;
3531 2338 3580 2382 et

349 2413 693 2468 humiliatum
730 2416 867 2470 Deus
898 2434 998 2471 non
1029 2419 1251 2489 despicit
1270 2420 1312 2475 ⁸.
1349 2419 1567 2477 Certius
1589 2437 1719 2491 ergo
1749 2423 2028 2492 inquirere
2057 2424 2338 2490 debemus,
2382 2423 2598 2492 fratres,
2629 2425 2696 2481 de
2733 2435 2921 2482 nostra
2951 2425 3146 2490 salute,
3180 2434 3239 2478 ut
3269 2437 3335 2477 ne
3363 2420 3582 2491 quando

346 2504 545 2560 habeat
571 2506 686 2578 (5i)
719 2507 1002 2564 introitum
1037 2510 1088 2564 in
1121 2512 1300 2577 nobis,
1325 2522 1381 2567 et
1405 2522 1613 2568 evertat
1643 2528 1743 2568 nos
1777 2529 1806 2567 a
1837 2516 1947 2569 vita
1973 2515 2086 2582 (52)
2111 2523 2318 2570 nostra.

1136 2605 1223 2660 Ill.
1264 2607 1482 2676 lejunia
1507 2608 1818 2664 Iudaeorum
1845 2626 1948 2662 non
1976 2618 2098 2661 sunt
2130 2625 2250 2662 vera
2289 2625 2379 2661 nec
2411 2608 2517 2662 Deo
2551 2622 2783 2679 accepta.

422 2695 564 2751 Dicit
588 2713 716 2768 ergo
742 2699 941 2754 iterum
973 2701 1041 2754 de
1078 2701 1160 2756 his
1195 2704 1260 2755 ad
1291 2702 1412 2756 illos
1458 2725 1472 2762 :
1511 2704 1708 2773 thaid
1737 2704 1862 2756 mihi
1883 2704 2170 2773 jejunatis,
2207 2714 2264 2756 ut
2294 2705 2446 2757 hodie
2473 2706 2726 2758 audiatur
2751 2721 2848 2759 vox
2876 2714 3045 2758 vestra
3075 2705 3129 2756 in
3158 2702 3429 2755 clamore?
3458 2697 3578 2753 Non

347 2791 451 2843 tale
469 2790 735 2858 jejunium
766 2791 917 2860 elegi,
947 2791 1078 2845 dicit
1105 2792 1384 2859 Dominus,
1416 2804 1470 2846 ut
1501 2773 1628 2863 quis1
1654 2794 1890 2847 humiliet
1925 2795 2158 2847 animam
2199 2810 2349 2847 suam
2397 2795 2510 2847 sine
2554 2812 2735 2849 causa.
2783 2795 2962 2866 Neque
3013 2797 3059 2848 si
3098 2794 3390 2847 curvat-eris
3426 2793 3578 2862 quasi

426 2931 442 2962 ³
465 2930 568 2985 lsa.
602 2946 640 2997 t,
674 2929 858 2984 11-14.
934 2931 954 2961 ¹
983 2929 1097 2986 Jer.
1128 2947 1236 2998 vn,
1262 2930 1353 2998 22,
1385 2931 1476 2986 25.
1562 2933 1584 2965 ³
1629 2933 1797 2989 Zach.
1842 2949 1949 2998 vni,

2010 2932 2082 2987 l7.
2155 2933 2180 2965 ⁸
2205 2931 2353 2990 Psal.
2379 2943 2435 2996 L,
2471 2933 2554 2988 19.

1624 3044 1988 3101 VARIORUM
2019 3043 2250 3100 NOTIE.

415 3167 529 3235 (M)
572 3168 717 3232 Qum.
738 3166 817 3223 lta
845 3167 1172 3224 edit.0xon.
1204 3183 1369 3238 quam
1401 3167 1650 3238 sequitur
1679 3165 1905 3222 Wakius
1935 3172 1980 3227 A
2079 3165 2196 3238 (εἳ)
2236 3165 2422 3238 Casta.
2455 3164 2690 3238 Integra.
2723 3169 2862 3223 Men.
2890 3195 2959 3206 -—
2984 3165 3160 3238 caste.
3195 3163 3328 3238 (201'.

347 3239 400 3292 in
429 3254 526 3292 sua
554 3238 775 3306 Anglica
804 3240 1071 3293 versione.
1102 3239 1184 3294 Al.
1219 3235 1342 3294 eum
1374 3235 1613 3306 mquui.
2085 3237 2198 3302 (25)
2241 3235 2591 3292 1ηιε41εειιιδί
2618 3237 2781 3292 Addit
2823 3239 3002 3294 Fellus
3054 3236 3248 3289 litteris
3298 3235 3539 3291 miniatis
3559 3278 3575 3302 ,

417 3309 531 3377 (15)
571 3308 844 3362 Accedere.
879 3308 1197 3374 Menardus,
1227 3309 1477 3362 accedite.
1506 3306 1686 3362 Fellus
1715 3307 1909 3362 litteris
2012 3306 2252 3367 scientia,
2289 3309 2560 3376 cognitio;
2601 3323 2738 3376 quas
2775 3310 2911 3363 duas
2941 3321 3100 3358 voces
3143 3313 3294 3372 putat
3340 3315 3574 3377 veterem

345 3375 913 3448 miniatis(praemittit,
947 3390 1169 3448 Oportet.
1203 3398 1221 3430 ι
1255 3377 1358 3432 Sed
1389 3379 1441 3431 in
1465 3379 1746 3448 praeceptis
1767 3417 1783 3442 ,
1828 3378 1913 3430 in-
2015 3375 2368 3448 interpretem
2419 3375 2767 3446 praeteriisse,
2800 3393 2926 3433 cum
2971 3383 3188 3430 exstent
3229 3375 3369 3444 apud
3401 3377 3573 3430 Clem.

338 3437 460 3520 quit
555 3437 819 3516 (Ilerieus,
844 3437 1049 3520 passim
1074 3459 1200 3504 ante
1229 3437 1559 3502 inﬁnitivum
1590 3437 1671 3500 δέῖ
1702 3437 1910 3503 subau-
2011 3437 2167 3520 Alex;

346 3517 515 3571 ditur.
547 3535 566 3568 ο
805 3512 860 3520 ’⁷
2085 3514 2198 3584 (24)
2249 3514 2429 3569 Vitleri
2480 3517 2628 3569 mihi.
2678 3515 2754 3570 lla
2799 3517 2931 3570 edit.
2969 3513 3146 3584 Oxon.
3183 3512 3268 3584 τῃ.
3311 3527 3434 3565 cum
3469 3529 3574 3570 ms.

421 3587 533 3653 (16)
577 3584 697 3640 Non
727 3597 978 3658 tanquam
1003 3589 1204 3642 doctor.
1235 3586 1491 3656 Respexit
1520 3585 1658 3641 forte
1686 3586 1752 3658 ad
1779 3586 1910 3658 illud

345 3653 535 3711 Matth.
584 3673 744 3723 xxiii,
776 3653 869 3713 8':
914 3657 1016 3712 Vos
1067 3668 1240 3712 autent
1279 3653 1440 3712 nolite
1487 3657 1662 3710 vocari
1697 3656 1909 3710 Rabbi:

346 3742 481 3797 unus
527 3736 604 3780 est
649 3729 787 3797 enim
834 3728 1090 3797 Magister
1137 3739 1334 3797 vester;
1381 3743 1556 3780 omnes
1609 3737 1784 3780 autem
1823 3742 1910 3780 vos

345 3796 537 3864 fratres
565 3797 713 3850 estis.
758 3796 826 3851 Et
865 3795 1019 3866 ibid.,
1046 3801 1142 3855 i0:
1179 3795 1290 3850 Nec
1340 3797 1592 3866 vocemini
1624 3797 1910 3866 magistri:

381 3868 470 3919 uia
499 3867 748 3934 magister
767 3880 950 3934 vester,
978 3865 1112 3922 unus
1135 3877 1213 3921 est
1240 3866 1514 3937 Christus.
1543 3865 1670 3920 Vide
1692 3865 1912 3937 quoque

381 3883 470 3919 uia
499 3881 748 3934 magister
767 3881 950 3934 vester,
978 3885 1112 3922 unus
1135 3881 1213 3921 est
1240 3881 1504 3921 Laristus.
1546 3881 1670 3920 Viue
1692 3883 1907 3937 quoque

345 3881 459 4008 jac.
492 3951 576 4000 ιιι,
604 3937 652 3990 1.
685 3937 776 3992 Sic
803 3939 856 3992 in
881 3939 1126 3993 eamdem
1155 3938 1475 3991 sententiam
1503 3936 1645 3991 infra
1673 3953 1795 4008 cap.
1822 3953 1907 3990 iv:

347 4006 463 4060 Hoc
480 4022 612 4079 rogo
643 4024 730 4079 vos
765 4017 1014 4079 tanquam
1042 4023 1176 4060 unus
1203 4023 1268 4062 ex
1292 4007 1451 4079 vobis.

419 4076 531 4146 (17)
554 4075 636 4129 “Ιη
668 4075 912 4146 plurimis
942 4078 1170 4133 laetiores
1202 4079 1341 4131 sitis.
1386 4076 1463 4131 lta
1506 4075 1526 4130 l
1565 4075 1723 4131 Joan.
1766 4094 1803 4141 ι,
1833 4077 1866 4131 1
1895 4095 1908 4130 :

346 4146 418 4201 Et
463 4149 571 4200 haec
616 4148 894 4200 scribimus
937 4149 1077 4201 vobis
1113 4155 1187 4217 ut;
1213 4147 1487 4217 gaudeatis
1513 4185 1527 4209 ,
1575 4157 1622 4200 et
1659 4148 1912 4217 gaudium

345 4218 660 4288 vestrumsit
682 4218 910 4286 plenum“.
940 4215 1250 4288 Mem—Sic
1271 4218 1324 4271 in
1350 4220 1498 4272 calce
1523 4215 1688 4286 hujus
1711 4216 1908 4288 Epist.,

345 4289 425 4350 ei;
447 4287 507 4340 τὸ
535 4287 794 4358 εὐφρᾶναι
823 4288 982 4358 ὑμᾶς.
1017 4287 1179 4343 FELL.

417 4358 528 4425 (l8)
573 4354 706 4410 cum
734 4359 839 4411 sint
861 4354 979 4410 dies
1008 4357 1346 4427 nequissimi.
1370 4355 1445 4410 Ita
1476 4354 1677 4411 Paulus
1708 4354 1906 4425 Ephes.

343 4442 399 4491 ν,
431 4427 516 4491 16,
549 4428 794 4495 quoniam
825 4429 934 4480 dies
967 4425 1096 4481 mali
1126 4437 1268 4481 sunt.
1300 4425 1440 4482 Men.

418 4497 530 4563 (19)
561 4493 905 4550 Contrarias.
960 4497 1014 4550 Id
1048 4508 1132 4551 est
1168 4496 1356 4551 Satan.
1385 4493 1722 4550 Glossarium
1751 4503 1906 4550 vetus
1938 4502 1984 4563 Β

343 4578 471 4632 nis:
493 4562 682 4624 Sman,
713 4563 1069 4631 adversarius,
1089 4565 1404 4619 contrarius.
1423 4565 1554 4630 Qua:
1575 4565 1904 4632 subduntur,

343 4627 552 4684 Habeat
582 4632 736 4700 hujus
768 4637 950 4685 sazcali
990 4627 1320 4700 potestatem,
1377 4627 1707 4702 respondent
1749 4627 1906 4690 Joan.

343 4715 442 4773 xli,
473 4702 560 4766 3i;
599 4703 974 4773 ιινλὸθλκνι,
1007 4703 1092 4756 li:
1122 4703 1374 4773 Princeps
1405 4705 1562 4772 hujus
1601 4705 1823 4770 mundi;
1855 4715 1910 4760 et

341 4767 543 4843 Ephes.
579 4786 651 4834 vr,
680 4772 746 4825 12
775 4792 787 4826 :
818 4767 938 4826 Sed
969 4773 1217 4828 adversus
1243 4767 1502 4843 principes
1528 4783 1576 4826 et
1601 4767 1906 4843 potestates,

341 4838 590 4893 adversus
621 4843 803 4895 mundi
834 4854 1054 4895 rectores
1088 4838 1424 4906 tenebrarum
1451 4838 1661 4897 harum.
1693 4845 1832 4900 ΜΕΝ.

414 4909 527 4983 (21))
564 4911 816 4983 tjleinens
845 4913 998 4983 Alex.
1035 4913 1071 4966 l.
1104 4930 1154 4968 e.
1190 4932 1203 4968 :
1249 4913 1360 4983 Τῆς
1409 4913 1507 4983 μὲν
1543 4911 1635 4966 οὖν
1674 4914 1908 4979 πίστεως

342 4976 664 5056 ῄιμῶνείσιν
688 4982 743 5056 ρξ
781 4981 1175 5056 συλλήπτορεςί,
1212 4976 1374 5056 φρὀὸς
1409 4976 1806 5056 ’καὶῗὺπθμωήΓ
1839 4976 1908 5040 τὰ

335 5047 396 5125 EE
426 5049 816 5125 ᾳυμμαχοῦντᾳ.
860 5047 1410 5125 ἡμῖνημακρόθυμία
1453 5055 1546 5125 καὶ
1590 5047 1903 5125 ὲῆκράίεεια.

337 5117 558 5170 Τούτων
589 5117 682 5196 ορν
701 5159 715 5182 ,
748 5120 816 5173 τὰ
836 5117 969 5196 api);
994 5117 1084 5175 τὸῦ
1127 5117 1349 5196 Κῦριού,
1372 5117 1650 5196 λμενόντῳύ
1684 5117 1870 5194 μᾶγνῶς
1889 5165 1903 5189 ,

337 5188 817 5267 συείευφραίνργται
867 5188 1269 5267 ἁύτᾳζςᾼσοφίξι,
1323 5188 1902 5267 ᾳύῆεσιςεῂὲπισῷήμηέ

335 5255 882 5337 γγῷσιςᾲ-ςιγοςθιη
910 5255 1275 5333 συλλήπτόρεξ
1325 5265 1416 5337 ita_
1441 5255 1683 5337 explicat
1737 5255 1904 5337 llesz

334 5325 496 5405 chius
517 5327 920 5405 τὶ-ὶξιιλλῄπειτοραἶ
933 5325 1342 5405 -συνάγῳνᾎσιέήν
1363 5351 1375 5364 ’
1403 5333 1453 5405 id
1477 5325 1558 5405 est
1577 5325 1901 5397 adjutorcrii.

334 5393 478 5518 flt‘in
518 5393 728 5519 glossis
758 5393 1032 5457 Vcieribus
1054 5424 1067 5460 :
1090 5393 1390 5475 Σύλληψὶς,
1425 5393 1679 5474 βοήθειᾶ⁹
1725 5393 1902 5472 opim?

359 5482 390 5517 a
421 5482 490 5519 to.
572 5484 656 5519 sn.

359 5475 490 5520 atto.
521 5475 656 5523 ΜΕΝ.

411 5534 522 5657 (21)
561 5539 868 5606 Adjutores.
917 5539 1019 5595 Ms.
1068 5557 1190 5596 cum
1217 5544 1371 5599 editt.
1425 5544 1639 5613 adjutor
1685 5555 1797 5608 est;
1855 5545 1900 5600 si

411 5606 545 5657 ‘lllm
577 5610 840 5657 excinias-
899 5611 1040 5657 amni
1082 5628 1275 5657 (mem-
1322 5615 1588 5657 adium":
1637 5625 1783 5657 nniL
1835 5631 1897 5657 ιη(

336 5601 840 5683 Eclluinex'cipjas,
899 5611 1041 5683 apud
1082 5628 1276 5679 quem,
1322 5601 1588 5683 adjatares
1636 5601 1790 5677 sunt,
1835 5631 1900 5668 ex

335 5675 508 5753 Clem.
537 5675 952 5753 Alcm—Jamque
979 5675 1271 5753 Mcnardus
1295 5675 1557 5738 staluerat
1576 5729 1590 5751 ,
1631 5675 1901 5753 expuncto

337 5746 505 5802 verbo
530 5746 893 5814 substantive,
921 5749 1202 5819 legendum
1231 5767 1339 5808 uno
1361 5755 1542 5821 verbo,
1574 5746 1861 5826 adjiciores.

1999 3655 2272 3710 ‘adversus
2306 3655 2520 3710 ladmos
2561 3673 2679 3724 cap.
2727 3657 2781 3721 5,

2011 3581 2189 3639 ridere
2216 3585 2364 3640 mihi.
2392 3615 2460 3625 —-
2488 3585 2627 3655 Lege
2659 3587 2860 3652 videri,
2911 3595 2993 3655 ιιιΔ
3014 3581 3427 3655 apud__Tertull.
3479 3584 3572 3655 lib.

2818 3673 2935 3726 pag.
2967 3652 3070 3726 64θὸ
3092 3671 3114 3726 7;
3143 3651 3252 3705 Nec
3265 3653 3328 3726 _si
3359 3654 3576 3726 veniatis

2013 3725 2173 3778 videri
2220 3726 2366 3779 mihi.
2417 3727 2576 3780 Juxta
2602 3722 2780 3780 LXX:
2818 3722 2936 3780 Οὐδ’
2983 3724 3048 3776 ἂν
3089 3722 3575 3794 ἕρχησθνεῄὀςρθῆναί

2016 3811 2107 3864 μοι
2141 3813 2153 3848 :
2186 3797 2234 3850 id
2261 3805 2372 3858 est,
2419 3813 2518 3850 nec
2549 3799 2592 3850 si
2641 3798 2872 3850 veniatis
2908 3792 3360 3864 apparere_jnihi.
3401 3792 3577 3864 [ideri

2013 3861 2142 3916 inihi
2170 3873 2254 3919 est
2281 3865 2444 3920 videri
2477 3881 2509 3916 a
2545 3882 2646 3931 me,
2679 3866 2892 3931 phrasis
2919 3861 3125 3920 Graeca.
3165 3861 3304 3915 Mes.
3326 3861 3576 3916 —V'ide--

2012 3933 2090 4054 fis
2122 3934 2203 3988 CI-
2248 4002 2306 4055 Η
2339 3934 2624 3989 Sabatlcrii
2666 3932 2806 3990 Bibl.
2848 3953 2959 3989 sac.
3006 3933 3128 3988 Lat.
3169 3932 3314 3986 Vers.
3361 3942 3474 3986 ant.
3509 3933 3576 3987 ad

2037 4019 2115 4055 sa.
2151 4019 2209 4055 ιι.
2319 4042 2333 4055 .

2037 4019 2115 4056 sa.
2151 4019 2209 4065 II,
2248 4019 2333 4058 ιι.

2085 4073 2297 4140 (25-26)
2339 4071 2653 4130 Neomenias
2673 4084 2872 4128 vestras
2885 4086 2932 4129 et
2955 4075 3090 4127 diem
3108 4089 3379 4142 magnum.
3404 4071 3571 4127 Editt.

2013 4142 2202 4213 Clerici
2231 4153 2284 4197 et
2314 4142 2567 4213 Russclii,
2606 4153 2726 4213 post
2766 4143 3080 4213 Neomenias
3118 4155 3340 4206 vestras,
3371 4143 3577 4196 addunt

2011 4222 2060 4284 et
2075 4210 2328 4284 Sabbata.
2360 4212 2570 4284 Habent
2606 4210 2824 4284 quidem
2860 4212 3002 4267 LXX
3033 4233 3045 4268 :
3088 4213 3180 4266 καὶ
3205 4213 3273 4265 τὰ
3301 4213 3571 4284 Σάϐϐατα.

2014 4279 2229 4353 Habent
2279 4293 2332 4337 et
2381 4279 2786 4350 Tertullianus,
2841 4294 2897 4338 et
2944 4284 3325 4353 Hieronymus,
3375 4283 3575 4350 aliique

2013 4351 2155 4422 apud
2197 4350 2537 4407 Sabatierum
2584 4356 2618 4407 Ι.
2665 4372 2714 4409 c.
2763 4358 2833 4408 At
2873 4370 2932 4407 ca
2982 4370 3088 4407 non
3137 4350 3574 4422 agnoscitqvetus

2012 4419 2273 4492 Barnabas
2296 4424 2580 4492 interpres,
2611 4441 2785 4491 neque
2813 4425 2867 4477 in
2908 4427 3080 4492 prima
3119 4419 3363 4477 MEnardi
3394 4420 3570 4476 Paris.

2012 4491 2364 4578 ediﬁpeque
2385 4491 2451 4546 in
2464 4494 2630 4578 altera
2651 4493 2788 4578 'Fsl‘l’i
2815 4491 2991 4578 Orion.

2081 4560 2196 4630 (27)
2238 4560 2446 4635 ("erias.
2470 4564 2624 4635 Apud
2651 4561 2788 4635 LXX
2819 4586 2836 4635 _:
2865 4565 3083 4635 ἀργίαν,
3125 4563 3312 4635 otium.
3361 4560 3464 4615 Sed
3490 4560 3572 4613 in-

2011 4637 2220 4703 terpres
2244 4633 2437 4703 legisse
2461 4633 2672 4687 videtur
2699 4632 3130 4703 dpyla;,l’ei°ias.
3167 4632 3304 4684 Mes.

2083 4699 2195 4771 (28)
2237 4699 2363 4755 Sine
2383 4702 2512 4772 jugo
2548 4699 2891 4756 necessitatis.
2922 4702 3038 4756 Non
3071 4703 3290 4756 astricta
3324 4700 3421 4772 legi
3458 4699 3572 4753 Mo~

2010 4770 2188 4892 iaigiaz.
2256 4773 2413 4844 Ζυγῷ
2453 4770 2739 4836 δουλείας,
2795 4773 2924 4843 jugo
2984 4771 3270 4826 servitutis.
3328 4771 3446 4825 Gal.
3497 4787 3569 4836 γ,

2050 4879 2064 4892 .
2152 4856 2237 4892 ex.

2050 4879 2064 4894 ο
2098 4856 2237 4895 ΜΕΝ.

2080 4913 2192 4992 (29)
2235 4910 2504 4992 Mendum.
2533 4911 2673 4966 Cave
2696 4912 2805 4992 hoc
2845 4909 3478 4992 mutescunrMenardo
3519 4919 3572 4964 et

2007 4976 2409 5036 Oxoniensibus
2429 5023 2444 5048 ,
2473 4983 2526 5035 in
2556 4983 2781 5034 mendax
2809 5001 2826 5035 :
2854 4994 2935 5038 est
2959 4985 3102 5036 enim
3130 4981 3304 5050 prisca
3332 4995 3430 5032 vox
3462 4979 3568 5032 La-

2008 5051 2142 5116 tina,
2175 5061 2232 5104 ut
2262 5053 2417 5105 docet
2443 5053 2723 5107 Charisius
2751 5054 2842 5106 lib.
2877 5069 2915 5106 ιε
2947 5053 3193 5104 Mendum
3223 5052 3276 5102 in
3303 5050 3568 5103 mendacii

2008 5121 2404 5191 signiﬁcatione
2435 5122 2666 5188 dicitur;
2708 5123 2896 5176 menda
2918 5163 2932 5186 ,
2976 5124 3029 5176 in
3070 5123 3225 5191 culpa
3259 5122 3439 5190 operis
3475 5130 3570 5175 aut

2006 5191 2274 5258 corporis.
2301 5190 2436 5246 lline
2463 5191 2662 5246 factum
2693 5194 2933 5246 mendax.
2963 5193 3128 5246 Cum.

2078 5261 2190 5332 (50)
2231 5260 2422 5332 liabet.
2453 5261 2579 5332 Leg.
2611 5261 2918 5325 Menardus,
2946 5264 3152 5316 habeat.
3183 5260 3381 5332 Sicque
3403 5259 3571 5314 edidit

2005 5327 2208 5384 Fellus.
2243 5329 2406 5386 Forte
2429 5327 2565 5386 ame't
2589 5373 2602 5397 ,
2642 5336 2784 5387 sicut
2807 5332 2972 5388 Zach.
2997 5349 3115 5399 vm,
3145 5331 3210 5386 17
3237 5350 3249 5384 :
3276 5327 3566 5383 Juramen-

2007 5409 2127 5473 tant
2144 5401 2372 5473 mendax
2401 5418 2464 5455 ne
2489 5403 2751 5473 diligatis.

1999 5471 2002 5474 ’
2076 5470 2187 5540 (⁸51)
2228 5468 2712 5540 Habeat._Videtur
2733 5473 2922 5527 deesse
2949 5473 3272 5527 vocabulum
3295 5512 3309 5535 ,
3356 5468 3522 5540 Satau
3546 5509 3564 5536 ,

2002 5539 2088 5592 vel
2100 5539 2556 5613 _C_ont_rarius,’vel
2583 5543 2712 5613 quid
2745 5544 2940 5609 simile,
2967 5557 3088 5613 ante
3114 5545 3322 5597 habeat.
3350 5539 3490 5594 Msa.

2077 5609 2384 5696 (32)"l'ita.
2415 5609 2846 5696 Oxongconjieit
2876 5612 3116 5696 ‘viaLSed
3150 5629 3256 5668 non
3275 5628 3412 5683 opus
3437 5619 3564 5682 est;

2004 5694 2130 5732 nam
2161 5689 2267 5734 vita
2290 5693 2371 5736 est
2395 5698 2493 5751 pro
2526 5689 2649 5736 vita:
2679 5689 2944 5740 instituto.
2977 5689 3140 5739 Cum.
