4032 6146
284 298 378 352 711

1505 277 1842 336 EPISTOLA
1871 273 2277 331 CATHOLICA.

3413 271 3519 326 742

283 414 377 469 καί
391 409 736 482 ἐπιστήμων
751 409 850 464 καὶ
877 408 1120 478 ἀγαπῶν
1140 406 1246 462 τὸν
1263 406 1480 474 Κύριον
1500 374 1684 458 αὐτοῦ
1713 401 1848 472 (14);

1957 395 2057 451 Ubi
2095 398 2261 466 igitur
2289 411 2390 450 nos
2415 395 2699 450 ie’novavit
2733 410 2829 465 per
2854 393 3231 449 remissionem
3263 399 3517 462 peccato-

295 503 450 558 Ἐπεὶ
488 500 580 558 οὖν
617 503 965 563 ἀνακαινίσας
1006 498 1118 570 (15)
1153 499 1300 570 ἡμᾶς
1332 497 1391 552 ὲν
1421 499 1490 568 τῇ
1524 494 1712 564 ἀφέσει
1739 493 1848 546 τῶν

282 595 589 667 ἁμαρτιῶν,
630 592 883 663 εποίησεν
917 591 1064 662 ἡμᾶς
1097 589 1256 644 ἄλλον
1290 587 1478 651 τύπον,
1507 587 1584 649 ὡς
1623 585 1849 638 παιδίων

283 687 400 758 (16)
452 687 596 756 ἔχειν
637 684 735 756 τὴν
763 682 961 755 ψυχὴν,
999 680 1076 744 ὡς
1119 679 1184 733 ἂν
1221 679 1315 758 καὶ
1350 673 1692 749 [πνεύματι]
1721 676 1850 727 ἀνα-

283 748 654 848 πλασσέμενος
689 748 797 846 (17)
831 748 988 834 aliis;
1030 772 1196 842 ἡμᾶς.
1246 748 1408 837 λέγει
1450 767 1558 856 γὰρ
1600 767 1634 836 ἡ
1659 765 1847 836 Γραφὴ

282 869 414 940 περὶ
435 866 611 938 ἡμῶν,
637 865 712 929 ὡς
725 865 871 932 λέγει
889 862 968 933 τῷ
983 862 1114 932 Υίῷο
1131 859 1477 928 Ποιήσωμεν
1496 857 1619 911 κατ’
1646 858 1849 910 εἰκόνα

281 957 386 1012 καί
410 957 536 1012 καθ’
563 955 843 1024 ὁμοίωσιν
868 951 1035 1023 ἡμῶν
1062 953 1168 1005 τὸν
1193 951 1521 1018 ἄνθρωπον,
1547 949 1643 1003 καὶ
1678 948 1849 1017 ἀρχέ-

285 1062 487 1103 τωσαν
509 1045 626 1101 τῶν
639 1046 856 1115 θηρίων
882 1044 992 1113 τῆς
1012 1042 1144 1112 γῆς,
1176 1042 1273 1097 καί
1299 1041 1416 1095 τῶν
1435 1039 1720 1094 πετεινῶν
1740 1040 1847 1094 τοῦ

283 1137 564 1206 οὐρανοῦ,
593 1137 691 1191 καὶ
715 1137 832 1190 τῶν
858 1137 1076 1205 ίχθύων
1105 1134 1214 1202 τῆς
1235 1134 1564 1201 θαλάσσης.
1588 1133 1696 1185 Καὶ
1728 1128 1847 1186 εἷπε

288 1227 490 1298 Κύριος
521 1226 641 1281 ίδὼν
674 1227 735 1280 τὸ
768 1223 932 1280 καλὸν
963 1225 1186 1296 πλάσμα
1205 1263 1220 1288 ,
1250 1224 1553 1295 ἄνθρωπονο
1586 1220 1850 1286 Αὺξάνε-

286 1323 418 1385 σθε,
457 1319 556 1373 καὶ
590 1319 1001 1386 πληθύνεσθε,
1045 1316 1143 1370 καὶ
1183 1314 1536 1383 πληρώσατε
1565 1313 1679 1381 τὴν
1709 1313 1846 1383 γῆν.

289 1409 472 1464 Ταῦτα
501 1409 637 1482 πρὸς
649 1409 740 1464 τὸν
755 1409 880 1462 Υίόν
894 1407 1025 1479 (18).
1044 1408 1210 1462 Πάλιν
1227 1423 1308 1460 σοι
1325 1406 1559 1473 ὲνδείξω,
1579 1405 1696 1470 πῶς
1715 1405 1850 1478 πρὸς

286 1504 435 1574 ἡμᾶς
480 1501 733 1572 δευτέραν
795 1499 990 1553 πλάσιν
1028 1499 1113 1552 ἐπ’
1147 1496 1388 1568 ἐσχάτων
1454 1496 1696 1568 ἐποίησε.
1757 1496 1852 1549 Λέ-

288 1610 374 1663 γει
408 1593 627 1664 Κύριος·
667 1590 812 1646 Ἰδοὺ
843 1589 1073 1656 ποιήσω
1097 1589 1168 1644 τὰ
1193 1590 1421 1656 ἔσχατα
1440 1589 1520 1655 ὡς
1541 1589 1613 1644 τὰ
1651 1588 1851 1656 πρῶτα

289 1683 422 1757 (19).
444 1685 538 1748 Εἰς
563 1683 720 1737 τοῦτο
737 1677 829 1737 οὖν
860 1680 1120 1754 ἐκήρυξεν
1150 1683 1178 1735 ὁ
1197 1681 1498 1754 προφήτης·
1532 1682 1850 1737 Είσέλθετε

288 1778 377 1841 εἰς
409 1773 525 1844 γῆν
545 1774 813 1842 ῥέουσαν
843 1771 1002 1842 τάλα
1023 1771 1122 1826 καὶ
1146 1772 1286 1842 μέλι
1303 1814 1319 1840 ,
1350 1771 1448 1826 καὶ
1474 1775 1853 1842 κατακυριεύ-

290 1884 437 1922 σατε
463 1866 652 1933 αὐτῆς
701 1863 857 1936 (20).
900 1864 1030 1919 Ἰδοὺ
1064 1859 1156 1918 οὖν
1186 1866 1345 1936 ἡμεῖς
1367 1864 1849 1936 ἀναπεπλάσμεθα,

290 1955 470 2020 καθὼς
513 1955 672 2011 πάλιν
721 1956 778 2009 ὲν
809 1953 979 2026 ἑτέρῳ
1020 1954 1272 2028 προφήτῃ
1302 1953 1468 2023 λέγει’
1514 1955 1679 2022 Ἰδοὺ,
1706 1955 1852 2024 λέγει

290 2047 525 2119 Κύριος,
559 2045 746 2111 ἐξελῶ
777 2046 1020 2110 τούτων,
1038 2043 1312 2098 τουτέστιν
1347 2037 1422 2099 ὧν
1460 2045 1758 2117 προὲὁλεπε
1793 2047 1855 2101 τὸ

291 2138 514 2211 Πνεῦμα
550 2137 778 2210 Κυρίου,
815 2136 921 2203 τὰς
948 2137 1182 2204 λιθίνας
1214 2136 1494 2206 καρδίας,
1539 2139 1638 2193 λαὶ
1679 2139 1854 2204 ,βαλῶ

291 2229 578 2297 σαρκίνας
604 2226 824 2293 αὐτοῖς·
855 2227 936 2280 ὅτι
963 2225 1181 2297 ἔμελλεν
1211 2227 1269 2280 ὲν
1295 2228 1457 2300 σαρκὶ
1477 2229 1851 2301 φανεροῦσθαι,

293 2321 388 2374 καὶ
412 2321 469 2372 ὲν
495 2321 624 2390 ἡμῖν
649 2320 936 2373 κατοικεῖν.
969 2317 1114 2382 Ναὸς
1142 2317 1252 2392 γὰρ
1269 2319 1443 2389 ἅγιος,
1477 2321 1692 2390 ἀδελφοί
1729 2340 1851 2394 μου,

293 2411 372 2483 τῷ
389 2410 574 2483 Κυρίῳ
599 2410 661 2464 τὸ
690 2409 1103 2480 κατοικητήριον
1128 2409 1284 2481 ἡμῶν
1309 2411 1407 2476 τῆς
1427 2411 1669 2484 καρδίας.
1691 2414 1854 2484 Λέγει

294 2504 403 2577 γὰρ
435 2503 594 2557 πάλιν
629 2502 832 2574 Κύριος
863 2501 996 2572 (21)·
1018 2500 1128 2555 Καὶ
1153 2501 1224 2555 ἐν
1247 2502 1362 2555 τίνι
1394 2502 1727 2573 ὀφθήσομαι
1773 2505 1856 2572 τῷ

295 2595 492 2663 Κυρίῳ
515 2592 637 2659 Θεῷ
655 2611 796 2663 μου,
821 2592 919 2646 καί
943 2590 1387 2662 ὃοξασθήσομαι
1401 2608 1422 2656 ;
1468 2592 1651 2662 Λέγειο
1700 2595 1854 2660 Ἐξο-

290 2683 704 2756 μολογήσομαί
727 2682 910 2737 σοιέν
962 2682 1262 2750 ἐκκλησίᾳ
1292 2683 1364 2736 ἐν
1384 2681 1555 2752 μέσῳ
1579 2684 1856 2753 ἀδελφῶν

289 2790 428 2843 μου,
453 2772 551 2826 καί
567 2770 740 2840 ψαλῶ
761 2770 1062 2838 ἀναμέσον
1079 2769 1406 2838 ἐκκλησίας
1422 2770 1620 2839 ἁγίων.
1647 2773 1854 2827 Οὐκοῦν

295 2865 455 2935 ἡμεῖς
487 2864 670 2933 ὲσμεν.
703 2860 796 2924 οὓς
823 2861 1111 2932 εἰσήγαγεν
1145 2862 1226 2924 είς
1259 2861 1360 2932 τὴν
1393 2862 1497 2934 γῆν
1529 2862 1755 2936 ἀγαθήν.
1789 2865 1854 2918 Τί

295 2953 388 3011 οὖν
413 2957 472 3010 τὸ
499 2955 638 3024 γάλα
658 2954 750 3007 καὶ
782 2952 932 3024 μέλις
953 2953 1073 3006 Ὅτι
1108 2951 1318 3022 πρῶτον
1331 2952 1394 3006 τὸ
1416 2953 1626 3009 παιδίον
1653 2957 1848 3032 μέλιτι,

297 3044 415 3101 εἶτα
460 3045 687 3116 γάλακτι
733 3041 1071 3108 ζωοποιεῖται
1089 3041 1200 3113 (22)
1229 3060 1242 3073 ·
1267 3042 1408 3097 οὕτω
1439 3046 1531 3099 καὶ
1583 3048 1743 3118 ἡμεῖς
1783 3051 1850 3121 τῇ

1951 503 2093 552 rum,
2121 486 2316 551 eﬂ‘ecit,
2351 496 2409 540 nt
2440 487 2602 540 aliatn
2634 484 2863 539 formant
2901 485 3246 547 haberemus,
3278 481 3514 537 animum

1949 593 2145 647 nempe
2185 591 2479 646 puerorum
2526 575 2719 641 instar,
2752 582 2938 642 utpote
2964 573 3057 643 qui
3092 581 3146 626 et
3175 571 3368 641 spiritu
3415 585 3517 625 nos

1949 668 2284 723 reformavit.
2315 665 2450 721 Nam
2476 668 2540 721 de
2572 666 2728 719 nobis
2759 665 3039 733 Scriptura
3077 664 3230 729 dicit,
3260 664 3518 733 loquente

1955 761 2162 834 [Patre]
2196 764 2263 817 ad
2295 762 2486 816 Filium
2520 784 2529 817 :
2558 762 2843 816 Faciamus
2874 761 3131 815 hominem
3152 758 3516 827 adimaginem

1953 866 2003 910 et
2052 856 2120 910 ad
2174 856 2577 910 similitudinem
2648 866 2922 920 nostram;
2977 863 3025 908 et
3091 854 3309 922 prtesint
3335 853 3514 906 bestiis

1957 958 2131 1010 terrae,
2166 956 2215 1001 et
2241 945 2546 1000 volatilibus
2584 949 2719 1012 caeli,
2751 957 2799 1000 et
2828 928 3074 1016 piscibus
3097 945 3256 996 utaris
3280 944 3346 996 ³⁷.
3376 942 3514 996 Tum

1949 1037 2212 1093 Dominus
2267 1038 2458 1092 videns
2521 1039 2818 1102 hominem,
2873 1037 3159 1108 pulchrum
3201 1036 3514 1106 figmentum

1949 1145 2150 1194 suum,
2205 1131 2280 1183 ait
2313 1147 2325 1180 :
2367 1128 2599 1184 Crescite
2638 1140 2687 1183 et
2728 1128 3181 1200 multiplicamini,
3230 1137 3278 1180 et
3330 1114 3517 1194 replete

1951 1231 2148 1275 terram
2170 1222 2234 1274 ³³.
2262 1220 2388 1276 11ωο
2415 1221 2481 1276 ad
2513 1221 2551 1273 F
2558 1222 2733 1275 ilium.
2765 1220 2964 1275 lterum
2998 1228 3178 1274 autem
3209 1219 3304 1273 tibi
3332 1227 3519 1272 osten-

1949 1316 2095 1379 dam,
2121 1329 2231 1382 quo
2253 1313 2416 1367 modo
2469 1315 2647 1382 quoad
2683 1328 2784 1367 nos
2822 1313 3024 1366 ultimis
3065 1311 3396 1381 temporibus
3426 1325 3514 1364 se-

1950 1405 2186 1460 cundam
2230 1404 2560 1459 creationem
2594 1403 2882 1473 peregerit.
2934 1401 3074 1455 Dicit
3108 1400 3298 1473 [enim]
3335 1399 3518 1455 Domi-
3614 1397 3619 1403 ’

1949 1517 2090 1555 nus:
2125 1499 2260 1554 Ecce
2295 1500 2490 1570 faciam
2535 1500 2822 1554 nouissima
2866 1507 3118 1568 tanquam
3153 1499 3358 1568 priora.
3401 1496 3517 1552 Hoc

1950 1593 2250 1662 respiciens
2285 1591 2598 1661 praedicavit
2644 1592 2904 1661 propheta
2935 1607 2948 1642 :
2987 1589 3195 1645 Intrate
3233 1591 3290 1644 in
3321 1600 3516 1644 terram

1951 1685 2086 1739 lacte
2112 1695 2160 1739 et
2193 1682 2346 1738 melle
2374 1684 2643 1752 ﬂuentem,
2685 1695 2732 1737 et
2768 1684 3117 1737 dominamini
3150 1685 3219 1738 ei.
3250 1682 3386 1738 Ecce
3413 1683 3516 1752 igi-

1953 1785 2063 1842 tur,
2115 1791 2214 1830 nos
2258 1776 2438 1829 denuo
2494 1774 2713 1828 formati
2765 1789 2992 1840 sumus;
3057 1774 3514 1845 quemadmodum

1953 1882 2144 1922 rursus
2186 1867 2239 1920 in
2281 1867 2392 1921 alio
2432 1867 2693 1936 propheta
2725 1866 2857 1921 dicit
2889 1885 2903 1921 :
2939 1865 3092 1932 Ecce,
3126 1867 3304 1936 inquit
3327 1865 3511 1920 Domi-

1955 1972 2080 2024 nus,
2115 1959 2354 2028 auferam
2393 1958 2456 2011 ab
2492 1959 2587 2023 eis,
2625 1957 2730 2012 hoc
2767 1965 2848 2011 est
2885 1957 2954 2012 ab
2981 1957 3061 2013 eis
3088 1974 3229 2028 quos
3281 1957 3516 2028 Spiritus

1954 2051 2170 2105 Domini
2197 2050 2545 2120 prtevidehat,
2579 2050 2738 2103 corda
2763 2049 2991 2120 lapidea,
3017 2060 3068 2104 et
3093 2052 3376 2106 immittam
3405 2050 3516 2105 illis

1953 2143 2115 2217 cqrda
2166 2157 2358 2195 carnea
2381 2141 2462 2206 ³⁹;
2517 2140 2646 2209 quia
2702 2141 2755 2194 in
2806 2156 2970 2196 carne
3008 2142 3179 2196 voluit
3228 2158 3508 2212 apparere,

1951 2241 2006 2289 et
2050 2232 2298 2286 habitare
2356 2232 2409 2285 in
2471 2230 2648 2286 nobis.
2710 2229 2992 2301 Templum
3043 2235 3186 2288 enim
3241 2243 3515 2296 sanctum,

1953 2325 2150 2380 fratres
2202 2323 2329 2384 mei.
2383 2321 2611 2376 Domino
2665 2330 2750 2376 est
2783 2323 3046 2378 habitatio
3095 2324 3278 2381 cordis
3321 2325 3514 2380 nostri.

1952 2414 2164 2470 Etenim
2218 2414 2415 2468 iterum
2469 2413 2545 2468 ait
2587 2413 2851 2470 Dominus
2898 2430 2912 2467 :
2974 2415 3204 2469 Ubinam
3255 2419 3517 2485 apparebo

1953 2523 2131 2561 coram
2148 2506 2369 2559 Domino
2389 2504 2498 2559 Deo
2526 2520 2637 2559 meo
2663 2514 2713 2558 et
2744 2505 3080 2575 gloriﬁcabor
3108 2508 3194 2560 “1'
3230 2506 3354 2561 Ait:
3381 2505 3520 2560 Con-

1953 2595 2140 2655 ﬁtebor
2181 2595 2276 2648 tibi
2318 2594 2375 2646 in
2421 2593 2662 2661 ecclesia,
2699 2596 2754 2647 in
2790 2597 2961 2650 medio
2986 2597 3214 2666 fratrum
3260 2613 3522 2660 meorum,

1951 2695 2000 2741 et
2039 2683 2264 2739 cantabo
2301 2685 2358 2737 in
2397 2683 2569 2737 medic
2623 2685 2854 2741 ecclesia:
2894 2697 3194 2741 sanctorum
3224 2690 3290 2743 “.
3334 2687 3519 2757 Itaque

1952 2791 2054 2830 nos
2080 2789 2292 2839 sumus,
2338 2788 2476 2844 quos
2504 2774 2808 2829 introduxit
2833 2775 2888 2828 in
2917 2783 3116 2832 terram
3155 2776 3374 2831 bonam.
3413 2775 3519 2831 Sed

1951 2883 2121 2939 quare
2150 2868 2238 2923 lac
2259 2875 2313 2921 et
2337 2866 2481 2920 mel?
2518 2864 2792 2932 Quoniam
2840 2866 3023 2922 infans
3059 2869 3294 2938 primum
3338 2869 3517 2934 melle,

1953 2969 2084 3015 tunc
2105 2960 2245 3014 lacte
2271 2956 2514 3022 viviscit;
2557 2957 2631 3012 ita
2663 2965 2717 3012 et
2741 2973 2864 3024 nos,
2892 2959 2996 3013 fide
3022 2959 3207 3031 [quam
3232 2958 3518 3032 habemus]

1955 3049 2243 3120 promissis
2283 3046 2424 3119 [Dei]
2455 3055 2510 3101 et
2540 3047 2706 3100 verbo
2753 3046 3199 3118 (praedicationis)
3232 3049 3514 3116 viviﬁcati,

297 3140 475 3193 πίστει
516 3138 618 3208 τῆς
661 3134 985 3206 ἐπαγγελίας
1014 3136 1109 3188 καὶ
1147 3133 1226 3205 τῷ
1255 3133 1397 3206 λόγῳ
1441 3133 1851 3209 ζωοποιούμενοι

1962 3141 2208 3196 vivemus
2236 3149 2436 3194 terram
2474 3139 2832 3209 possidentes.
2868 3137 3129 3210 Superius
3157 3155 3288 3196 vero
3323 3142 3521 3210 praedi-

1555 3254 1737 3316 Vetus
1768 3257 2240 3332 interpretatio.

299 3391 417 3448 ram
447 3374 502 3429 in
531 3370 866 3448 novissimis.
895 3370 1040 3448 Dicit
1071 3371 1364 3429 Dominus:
1403 3369 1704 3448 Eccefacio
1735 3375 1850 3447 (25)
1887 3381 2172 3434 novissima
2203 3386 2452 3448 tanquam
2482 3374 2931 3448 priora.Propter
2963 3375 3069 3432 hoc
3097 3391 3225 3447 ergo
3252 3377 3520 3447 pradica-

299 3440 701 3518 vii'propheta:
737 3440 939 3495 Intrate
966 3442 1020 3496 in
1049 3451 1277 3506 terram,
1308 3459 1426 3513 qua:
1455 3445 1615 3499 trahit
1645 3440 1974 3516 lac'et'mel,
2006 3462 2056 3505 et
2083 3440 2572 3518 dominaminie'jus
2615 3486 2630 3500 .
2851 3485 2864 3499 .
2909 3485 2924 3501 .
2969 3485 2983 3500 .
3027 3483 3043 3499 .
3087 3484 3102 3499 .
3321 3486 3336 3501 .
3379 3486 3394 3501 .
3439 3489 3454 3503 .
3500 3490 3514 3505 .

1962 3515 1966 3516 ί
1995 3557 2012 3573 .
2045 3518 2182 3589 Quia
2213 3519 2327 3589 ipse
2349 3517 2646 3589 incipiebat
2671 3515 2786 3589 (24)
2819 3531 3114 3589 apparere,
3157 3525 3212 3570 et
3253 3517 3306 3589 in
3357 3518 3519 3575 nobis

302 3583 581 3638 habitare:
617 3581 875 3646 templum
902 3581 1046 3636 enim
1078 3579 1314 3646 Domini,
1346 3621 1363 3637 .
1406 3620 1422 3637 .
1455 3582 1778 3641 inhabitatio
1803 3589 1982 3644 cordis
2011 3579 2183 3645 nostri
2211 3579 2314 3643 est.

755 3667 816 3705 eo
846 3666 989 3716 meo,
1028 3660 1078 3707 et
1115 3652 1528 3726 magniﬁcabor?
1555 3654 1770 3726 lnquit:
1797 3657 2094 3726 Confitebor
2118 3659 2174 3712 in
2223 3657 2444 3712 ecclesia
2477 3696 2492 3711 .
2535 3693 2551 3711 .
2584 3652 2818 3726 fratrum
2850 3652 3116 3721 meorum,
3148 3652 3516 3712 et-deran'talro

303 3654 423 3706 rebo
454 3651 672 3706 Domino

2349 3584 2491 3642 Dicit
2520 3602 2648 3656 ergo
2677 3584 2907 3640 iterunit
2944 3584 3010 3638 Et
3037 3602 3139 3655 quo
3171 3586 3323 3639 modo
3354 3604 3519 3655 appa-

305 3723 482 3795 tiltiin
502 3721 750 3795 (Ecclesia
775 3728 1097 3795 sanctorum.
1126 3718 1236 3795 Nos
1275 3718 1405 3795 ergo
1424 3718 1657 3795 sumus,
1688 3742 1828 3795 quos
1858 3718 2070 3783 induxit
2106 3729 2159 3783 in
2192 3736 2391 3782 terram
2428 3718 2648 3781 bonam.
2679 3725 2820 3791 Quid
2847 3740 2978 3795 ergo
3005 3718 3168 3780 Iacet
3198 3727 3336 3780 mel?
3377 3727 3516 3794 Quia

302 3794 372 3868 ab
396 3791 552 3868 initio
580 3789 942 3868 infansmelle
964 3800 1030 3868 et
1054 3831 1069 3847 .
1115 3831 1131 3846 .
1159 3791 1298 3847 lacte
1332 3789 1672 3862 vivificatur';
1706 3789 1855 3851 sicut
1884 3813 1980 3868 per
2032 3800 2205 3868 ﬁdem
2230 3797 2633 3868 promissionis,
2666 3789 2831 3868 verbo
2860 3789 2988 3868 dum
3021 3789 3518 3868 adnutrimnrisic

303 3861 816 3948 vivificamur(25),i
833 3860 1175 3948 dominatum
1197 3870 1417 3948 agentes
1443 3872 1620 3948 terrae:
1647 3860 1672 3948 ,ζ
1718 3904 1783 3948 λ.
1828 3906 1843 3919 .
1886 3860 1960 3948 ἶ..
2003 3907 2018 3923 .
2063 3907 2078 3921 .
2121 3908 2135 3922 .
2174 3860 2308 3933 Quis
2331 3866 2545 3948 οξξᾳυὶ
2568 3860 2746 3948 possit
2764 3864 2924 3948 modo
2949 3879 3070 3948 esse
3095 3881 3257 3948 super
3285 3860 3515 3933 bestias,

303 3941 433 4057 31(1):!)
422 3927 772 4071 ,ἒῗιιέοἱεοῆοὲἰῖ
797 3938 891 3985 aut
912 3945 1076 4001 super
1100 3927 1313 4002 piscés?
1338 3927 1552 3989 Sentire
1577 3933 1785 3992 debetis
1803 3977 1822 4003 ,
1848 3937 1976 4006 quia
2003 3927 2292 4008 superesse
2338 3935 2450 4006 (26)
2470 3927 2780 4007 'potestatis
2808 3943 2890 3990 est
2911 3975 2927 4004 ,
2972 3943 3030 3989 ut
3079 3927 3204 4005 quis
3243 3927 3517 4007 imperans

411 4117 454 4149 ³⁷
485 4117 620 4173 Gen.
646 4131 698 4184 l,
727 4115 816 4170 26.
889 4116 936 4149 ⁸⁸
952 4104 1244 4185 ·11)ἰ‹1.,’28.
1322 4116 1365 4150 ⁸⁸
1395 4070 1700 4179 Ezecb.XI,
1741 4119 1842 4187 i9;

1952 4137 2081 4188 tm,
2110 4119 2204 4174 26.
2277 4119 2325 4156 “
2351 4118 2495 4175 Psal.
2520 4134 2629 4188 ut,
2653 4119 2709 4174 5.
2785 4120 2829 4152 “
2877 4119 3019 4177 Psal.
3065 4135 3180 4190 ιιι,
3209 4122 3298 4176 25.

1591 4259 1954 4318 νΑΒΙΟΜΙΜ
1985 4260 2223 4320 NOTAE.

385 4380 428 4451 (1
441 4381 492 4450 «1)
529 4377 652 4433 Hiec
672 4378 833 4433 verba
866 4379 920 4432 in
938 4377 1093 4451 libris
1117 4376 1296 4451 sacris
1317 4375 1514 4433 frustra
1535 4388 1864 4451 quaerentur.
1883 4448 1912 4451 Α
1960 4379 2128 4451 elesia
2150 4393 2251 4451 nos
2286 4377 2477 4451 nutrit.

311 4445 516 4505 Similia
543 4458 834 4504 occurrunt
865 4449 990 4503 lsai.
1029 4464 1118 4511 ιι,
1148 4446 1234 4500 15.
1262 4445 1423 4501 Prov.
1454 4464 1492 4510 ι,
1526 4445 1578 4502 6⁷.
1604 4447 1774 4502 Porr.

308 4589 350 4644 Ρ
383 4521 494 4642 (1ὃέ
528 4519 782 4589 Particip.
805 4533 905 4588 pro
929 4518 1147 4573 indicat.
1173 4525 1234 4571 ut
1260 4533 1310 4572 c.
1335 4517 1469 4573 i9et
1487 4517 1686 4588 saepius
1709 4517 1852 4589 apud

353 4606 380 4644 a
409 4605 466 4643 re
500 4628 512 4642 .

353 4599 512 4644 311³68.

381 4658 492 4727 (16)
525 4658 623 4714 Ms.
655 4659 882 4722 παιδίον,
913 4657 1074 4727 male.
1106 4656 1342 4710 Παιδίον.
1377 4654 1558 4727 ΒΑνιε.

380 4725 625 4801 (11))18.
653 4725 1178 4801 ἀναπλασσομένους,
1210 4727 1367 4782 male.
1401 4726 1672 4798 Πνεύματι
1698 4728 1857 4784 resti-

309 4794 413 4855 tuit
433 4794 610 4853 Fellns
637 4815 703 4852 ex
731 4799 952 4866 interpr.
971 4794 1102 4850 ’Lat.

384 4867 497 4936 (18)
537 4868 624 4922 Sc.
652 4868 763 4936 jam
794 4864 948 4936 initio
971 4864 1265 4936 creationis
1284 4864 1351 4936 de
1372 4865 1529 4936 nobis
1553 4865 1710 4936 dixit.

383 4934 494 5006 (19)
528 4934 751 4993 Νοη’θει
783 4938 836 4991 in
874 4935 932 4990 S.
966 4934 1200 5006 Script.,
1226 4935 1328 5006 sed
1363 4935 1399 4988 f.
1429 4937 1666 5006 respexit
1688 4935 1850 4992 Barn.

311 5004 611 5063 ad’Ez'ech.
647 5023 834 5070 xxxvr,
869 5006 955 5068 11,
983 5005 1067 5059 vel
1090 5004 1278 5058 Matth.
1311 5020 1402 5069 xx,
1429 5004 1516 5058 16.

383 5076 495 5148 (20)
526 5079 568 5130 1.
599 5078 665 5148 e.'
692 5085 934 5148 respectu
961 5073 1397 5148 secundatbujus
1428 5074 1719 5148 creationis
1747 5079 1855 5148 (re-

310 5144 672 5224 generationis
694 5144 1036 5224 Christianae)
1057 5144 1388 5224 praedicavit
1418 5145 1678 5215 pr0pbeta
1708 5162 1722 5199 :
1760 5144 1856 5199 In-

313 5215 468 5278 trate,
504 5217 669 5282 etc.,i.
703 5230 752 5270 e.
785 5215 1150 5270 renascimini.

382 5286 494 5358 (21)
523 5285 722 5342 Vocem
757 5283 987 5365 iidptpi,
1023 5299 1186 5365 quam
1215 5293 1269 5339 et
1294 5291 1452 5365 vetus
1483 5299 1592 5365 non
1613 5285 1744 5365 legit
1779 5286 1856 5340 in-

308 5355 1076 5505 ???iiii‘r‘é'iﬁ‘éi’iiui‘iiiiiéi
1100 5346 1627 5505 εὲἒὲξῗέεῗᾜὲιὲἓ
1638 5346 1854 5505 ἐξῗὲἂέ

310 5497 455 5564 quod
491 5493 642 5552 hisce
666 5494 844 5550 verbis
867 5493 1022 5548 tertia
1051 5493 1161 5564 loci
1181 5493 1324 5549 illius
1363 5494 1543 5548 biblici
1567 5494 1856 5562 explicatio

311 5561 599 5646 allegorica
608 5582 714 5646 _se_u
730 5563 984 5646 (gnostica
1008 5561 1247 5646 incipiat,
1269 5580 1390 5646 quae
1412 5574 1606 5646 terra»:
1620 5561 1771 5616 illam
1789 5565 1858 5619 de

314 5631 548 5691 Ecclesia
561 5631 868 5696 Christiana
884 5631 1409 5700 interpretatur.Cfr.
1426 5631 1546 5686 Not.
1577 5632 1629 5696 7,
1659 5649 1782 5702 sup.

384 5705 496 5776 (22)
529 5705 634 5761 Lac
662 5715 715 5761 et
743 5705 867 5771 mel,
900 5702 1076 5764 πίστις
1103 5701 1197 5753 καὶ
1226 5703 1502 5774 κήρυγμα,
1536 5703 1734 5773 quibus
1757 5701 1855 5758 Ec-

2028 4449 2140 4517 (23)
2183 4448 2316 4517 Ecce
2346 4448 2508 4516 facio.
2540 4445 2782 4513 Rectius,
2807 4445 3031 4517 faciam;
3047 4441 3209 4517 FELb.
3239 4473 3312 4482 —
3332 4445 3518 4517 Conji-

1955 4513 2232 4575 citautem
2268 4513 2561 4587 Menardns
2585 4517 2670 4572 his
2699 4513 2876 4572 verbis
2907 4513 2964 4587 S_.
2987 4513 3296 4587 Barnabam
3327 4513 3516 4587 respe-

1951 4590 2099 4642 xisse
2129 4587 2212 4640 vel
2245 4588 2311 4641 ad
2340 4585 2445 4640 lsa.
2469 4602 2636 4652 mn,
2663 4587 2748 4650 18,
2774 4587 2857 4640 vel
2885 4585 2951 4638 ad
2981 4581 3179 4636 Jerem.
3213 4581 3513 4652 xxxttt,'7,

1951 4659 2036 4713 vel
2060 4657 2292 4726 denique
2313 4656 2378 4709 ad
2400 4654 2602 4726 Thren.
2626 4672 2678 4721 v,
2707 4658 2798 4710 2i:
2825 4654 3024 4726 Innova
3040 4653 3157 4726 dies
3175 4661 3389 4726 nostros
3407 4657 3516 4710 sic-

1952 4738 2012 4781 ut
2051 4743 2084 4780 a
2123 4721 2405 4796 principio.
2432 4723 2557 4780 ﬂa'c
2577 4727 2722 4781 enim
2745 4725 3006 4796 precatio,
3039 4721 3235 4790 inquit,
3260 4732 3345 4778 est
3368 4724 3517 4782 futu-

1951 4811 2137 4852 rornm
2166 4795 2465 4852 praedictio.

2027 4811 2137 4849 rum
2203 4811 2465 4850 raeutcuo.

2027 4865 2141 4938 (24)
2165 4811 2481 4934 ἳηείρίεὺαι.
2500 4861 2558 4918 1η
2586 4872 2731 4938 testu
2755 4858 3207 4938 Griecoﬁpanev,
3232 4858 3283 4915 id
3312 4872 3397 4938 est
3420 4865 3512 4920 de-

1955 4930 2132 4997 bebat,
2161 4945 2224 5004 ut
2246 4930 2436 5003 supra,
2464 4943 2517 5004 et
2550 4933 2676 4988 alibi
2700 4934 2924 5004 passim.
2949 4930 3090 5004 Man.

2025 5004 2138 5074 (25)
2157 5003 2305 5074 Sicut
2318 5001 2418 5072 per
2428 5003 2604 5074 ﬁdem.
2615 5042 2651 5057 ..
2687 5001 2875 5058 uerbo"
2889 5042 2903 5056 .
2917 5001 3258 5074 uiui/icamur.
3273 5001 3515 5074 Al.juxta

1953 5071 2138 5130 Graeca
2165 5093 2180 5129 :
2209 5072 2296 5128 Sic
2321 5071 2370 5127 et
2393 5071 2485 5145 per
2509 5073 2732 5142 ﬁdem...
2761 5082 2811 5126 et
2835 5071 3052 5145 uerbo...
3102 5073 3507 5145 vioiﬁcabimur.

1954 5145 2360 5268 Fgllus‘tamen
2392 5141 2624 5213 primam
2665 5141 3036 5197 tantummodo
3080 5141 3514 5200 emendationem

1954 5231 1984 5268 a
2028 5230 2147 5268 mISI
2179 5253 2194 5268 .

1953 5214 2194 5269 admisit.

2025 5282 2140 5353 (26)
2179 5282 2475 5352 Superesse.
2504 5279 2730 5353 Sicsup.
2768 5279 3062 5353 Faciamus
3100 5283 3514 5353 hominem..._et

1953 5350 2178 5422 supersit
2200 5350 2376 5407 bestiis
2401 5362 2571 5406 terra.
2594 5350 2693 5405 Est
2711 5351 2982 5422 igiturhic
3005 5368 3269 5422 superesse
3296 5363 3405 5407 vet.
3431 5351 3516 5406 ln-

1959 5419 2095 5492 tei'p.
2126 5422 2394 5476 dominari
2415 5463 2430 5486 ,
2459 5437 2679 5492 praeesse
2704 5461 2718 5484 ,
2737 5419 3016 5492 excellere.
3044 5419 3162 5487 Quo
3190 5439 3325 5492 sane
3349 5438 3512 5477 sensu

1954 5489 2180 5546 verbum
2225 5492 2367 5547 istud
2409 5489 2649 5561 antiquis
2693 5490 2854 5545 etiam
2907 5492 3264 5560 scriptoribus
3306 5491 3518 5549 Latinis

1958 5563 2227 5618 interdum
2254 5570 2573 5630 usurpatur.

2028 5631 2140 5699 (27)
2187 5627 2430 5684 Domina.
2460 5629 2589 5698 Leg.
2625 5629 2892 5684 dominus.
2923 5627 3073 5686 lianc
3110 5631 3392 5690 lectionem
3433 5648 3512 5690 re-

1958 5702 2118 5758 tinuit
2147 5700 2328 5756 Fellus
2353 5701 2407 5755 in
2433 5714 2532 5755 sua
2555 5699 2684 5757 edit.
2711 5699 2887 5756 Oxon.
