4074 6154
395 280 503 334 745

1620 269 1958 327 EPISTOLA
1992 266 2405 324 cuneum.
2503 231 2510 238 ’

3541 269 3642 324 746

397 392 597 464 σποδῷ.
638 412 657 444 ι
689 394 804 446 Ἵνα
833 393 1000 464 δείξῃ,
1049 393 1128 445 ὅτι
1169 391 1249 444 δεῖ
1284 391 1444 444 αὑτὸν
1476 389 1666 443 παθεῖν
1702 389 1842 460 ὑπὲρ
1875 389 1973 441 αύ-

2089 395 2160 440 ret
2185 387 2362 456 ipsum
2391 385 2532 439 mori
2561 374 2661 454 pro
2692 384 2820 438 illis.
2849 380 3133 448 Quomodo
3171 382 3336 452 igitur
3359 381 3647 451 praecepit?

394 487 526 541 τῶν.
555 483 680 548 Πῶς
716 481 808 537 οὖν
847 483 1180 548 ὲνετείλατο;
1230 483 1552 554 Προσέχετε.
1601 481 1819 535 Λάϐετε
1864 481 1973 534 δύο

397 577 649 649 τράγους
686 575 912 641 καλοὺς
949 575 1047 629 καὶ
1089 576 1348 644 ὁμοίους,
1391 573 1487 628 καὶ
1515 573 1968 642 προσενέγκατε

397 669 497 724 καὶ
521 668 748 723 λαϐέτω
783 670 815 721 ό
836 667 1027 735 ἱερεὺς
1063 667 1171 720 τὸν
1190 667 1297 721 ἕνα
1317 669 1403 732 εἰς
1423 667 1810 734 ὀλοκαύτωμα
1840 663 1971 734 (59).

398 761 502 814 Τδν
540 761 597 813 δὲ
626 760 724 812 ἕνα
750 758 804 810 τί
833 759 1183 830 ποιήσουσιν;
1223 756 1702 824 Ἐπικατάρατος,
1730 757 1914 827 φησὶν,
1943 758 1975 808 ό

394 850 486 919 εἷς
516 852 650 925 (40).
682 851 1159 923 Προσέχετε,,πῶς
1188 854 1216 905 ὁ
1249 851 1421 914 τύπος
1462 849 1554 902 τοῦ
1600 849 1774 919 Ἰησοῦ
1811 866 1974 918 φανε-

402 942 610 1016 ροῦται.
647 942 757 995 Καὶ
786 942 1127 1011 ἐμπτύσατε
1152 941 1260 1012 (41)
1288 940 1529 1007 πάντες,
1564 939 1661 994 καί
1704 957 1979 993 κατακεν-

400 1035 621 1102 τήσατε
638 1034 768 1104 (42),
789 1033 886 1088 καῖ
902 1034 1186 1102 περιθεῖτε
1206 1033 1271 1086 τὸ
1286 1034 1448 1101 ἔριον
1466 1034 1532 1086 τὸ
1550 1034 1828 1086 κόκκινον
1846 1032 1978 1100 περὶ

401 1125 798 1194 τὴνκεφωίὴν
811 1125 1015 1178 αὐτοῦ’
1033 1123 1129 1177 καὶ
1142 1124 1327 1188 οὕτως
1345 1125 1431 1189 εὶς
1444 1122 1973 1191 ἔρημον,β.,ῑηοήτω.

401 1218 510 1271 Καὶ
556 1219 682 1271 ὅταν
711 1217 931 1287 γένηται
970 1213 1160 1279 οὕτως,
1201 1217 1322 1283 ἄγει
1353 1218 1381 1269 ὁ
1415 1213 1695 1284 βαστάζων
1724 1213 1813 1266 τὸν
1845 1212 1979 1282 τρά-

401 1326 496 1377 γον
521 1310 601 1374 εἰς
633 1308 730 1380 τὴν
763 1308 986 1380 ἔρημον,
1021 1309 1114 1361 καὶ
1141 1308 1364 1377 ἀφαιρεῖ
1396 1306 1457 1358 τὸ
1484 1305 1644 1376 ἔριον,
1685 1306 1778 1357 καὶ
1809 1305 1980 1357 ἐπιτί-

403 1400 558 1471 θησιν
587 1401 677 1452 ἐπὶ
707 1398 974 1468 φρύγανον
1005 1398 1067 1449 τὸ
1097 1397 1387 1466 λεγόμενον
1427 1395 1587 1468 ραχίη
1630 1395 1761 1465 (45),
1792 1389 1852 1448 οὗ
1886 1396 1980 1447 καὶ

344 1481 349 1486 ’
401 1491 529 1552 τοὺς
561 1489 823 1560 βλαστοὺς
845 1486 955 1559 (44)
980 1485 1248 1556 εἰώθαμεν
1275 1484 1506 1556 τρώγειν
1543 1486 1598 1536 ὲν
1626 1487 1692 1555 τῇ
1714 1483 1869 1555 χώρᾳ.
1893 1485 1980 1536 εύ-

406 1579 704 1649 ρίσκοντες·
734 1578 938 1648 ταύτης
978 1577 1144 1647 μόνης
1187 1577 1286 1647 τῆς
1330 1576 1495 1648 ῥάχου
1545 1574 1654 1645 (45)
1698 1577 1746 1627 οἱ
1779 1577 1981 1647 καρποὶ

404 1672 622 1740 γλυκεῖς
658 1671 784 1722 εἰσι.
814 1670 880 1721 Τί
910 1665 1004 1722 οὖν
1033 1669 1124 1721 καὶ
1150 1667 1341 1730 τούτο;
1381 1667 1704 1738 Προσέχετεο
1745 1666 1982 1736 τὸνμὲν

2077 477 2371 531 Attendite.
2413 475 2616 530 Sumite
2656 475 2879 550 [inquit]
2913 479 3042 532 duos
3075 477 3248 530 hircos
3287 477 3447 530 bonos
3484 487 3535 530 et
3573 475 3646 527 si-

2078 570 2319 634 miles,et
2346 570 2530 639 offerte
2561 567 2700 640 [eos]
2726 587 2741 636 ;
2780 577 2828 624 et
2860 570 3088 638 accipiat
3119 569 3366 623 sacerdos
3397 583 3561 622 unum
3592 566 3647 618 in

2076 662 2465 717 holocaustum.
2513 661 2591 716 De
2630 662 2803 716 altero
2830 678 2960 717 vero
2983 662 3116 732 quid
3146 661 3384 716 facient?
3413 659 3644 713 Maledi-

2077 768 2217 821 ctus,
2243 754 2442 824 inquit,
2475 770 2631 807 unus.
2662 753 2956 817 Attendite,
2997 768 3106 822 quo
3139 763 3298 822 pacto
3320 753 3490 823 ﬁgura
3515 750 3645 806 Jesu

2079 845 2479 901 manifestetur.
2520 845 2584 901 Et
2621 846 2890 914 conspuite
2928 845 3081 899 illum
3123 862 3320 911 omnes,
3368 862 3431 899 ac
3469 845 3645 898 lanci-

2079 950 2234 1004 nate;
2262 949 2310 993 et
2338 941 2589 1008 imponite
2619 939 2798 993 lanam
2820 941 3115 993 coccineum
3147 940 3288 992 circa
3318 948 3474 1007 caput
3501 939 3644 1008 ejus;

2077 1041 2126 1084 et
2171 1033 2248 1084 sic
2292 1032 2346 1084 in
2394 1031 2660 1085 desertum
2708 1033 3002 1084 emittatur.
3052 1029 3278 1084 Etcum
3328 1029 3400 1083 ita
3445 1029 3648 1086 factum

2079 1121 2265 1183 fuerit,
2316 1123 2406 1191 qui
2439 1132 2620 1191 portat
2644 1122 2878 1189 hircum,
2907 1122 3130 1176 abducit
3150 1137 3274 1176 eum
3304 1121 3356 1174 in
3381 1136 3648 1186 eremum,

2079 1224 2133 1269 et.
2158 1214 2335 1270 aufert
2364 1213 2455 1285 [ah
2483 1214 2599 1286 illo]
2631 1215 2835 1280 lanam,
2868 1225 2920 1269 et
2947 1215 3102 1284 ponit
3134 1231 3254 1270 eam
3299 1230 3462 1284 super
3493 1212 3654 1266 fruti-

2081 1322 2233 1371 cem,
2288 1306 2381 1375 qui
2429 1316 2659 1361 vocatur
2707 1307 2897 1372 rubus,
2944 1307 3104 1373 cujus
3139 1306 3382 1376 germina
3422 1305 3476 1359 in
3508 1305 3655 1378 agris

2079 1407 2293 1467 reperta
2326 1399 2565 1453 solemus
2609 1398 2972 1465 manducare;
3016 1407 3070 1452 et
3094 1398 3258 1468 hujus
3281 1398 3452 1452 solius
3475 1397 3656 1465 vepris

2082 1489 2293 1545 fructus
2342 1491 2530 1545 dulces
2573 1499 2719 1545 sunt.
2760 1490 2873 1544 Cur
2904 1506 3033 1546 vero
3077 1501 3131 1546 et
3167 1491 3304 1546 hoc?
3347 1489 3651 1545 Attendite:

2087 1579 2260 1636 Unum
2300 1583 2508 1653 quidem
2554 1599 2711 1652 super
2743 1584 2943 1647 altare;
2995 1583 3223 1636 alterum
3271 1599 3388 1636 vero
3428 1581 3656 1635 maledi-

2084 1685 2249 1740 ctum,
2306 1682 2360 1728 et
2405 1690 2596 1744 quare,
2650 1674 2744 1744 qui
2799 1675 3120 1729 maledictus
3172 1683 3277 1740 est,
3329 1675 3657 1729 coronatur?

403 1761 513 1816 ἕνα
544 1760 642 1814 ἐπὶ
689 1760 755 1814 τὸ
785 1758 1230 1827 θυσιαστήριον,
1263 1757 1370 1811 τὸν
1399 1757 1468 1810 δὲ
1499 1758 1607 1811 ἕνα
1632 1757 1984 1826 ἐπικατάρα-

2089 1765 2226 1834 Quia
2254 1767 2516 1822 videbunt
2558 1783 2683 1821 eum
2725 1767 2814 1822 illa
2843 1767 2930 1823 die
2955 1767 3247 1821 habentem
3282 1767 3425 1822 circa
3459 1782 3657 1836 corpus

406 1872 530 1920 τον,
565 1855 657 1908 καὶ
688 1855 768 1906 ὃτι
812 1851 922 1924 (46)
957 1853 1047 1906 τὸν
1072 1851 1470 1922 ὲπικατάρατον
1504 1851 1981 1921 ἐστεφανωμένον;

419 1945 570 1998 Ἐπεὶ
591 1944 648 1997 δὲ
679 1943 896 2012 ὄψονται
930 1935 1093 1995 αὐτὸν
1117 1941 1239 1993 τότε
1271 1939 1379 2012 (47)
1419 1944 1485 2012 τῇ
1522 1941 1704 2012 ἡμέρᾳ
1733 1939 1865 2012 (48),
1891 1940 1984 1994 τὸν

409 2037 614 2108 ποδήρη
638 2035 828 2107 ἔχοντα
842 2035 931 2088 τὸν
948 2034 1197 2087 κόκκινον
1221 2051 1288 2085 πε
1298 2034 1348 2103 pi.
1367 2033 1466 2104 τὴν
1494 2034 1690 2105 σάρκα,
1709 2035 1803 2086 καὶ
1827 2033 1983 2105 ἐροῦ-

411 2145 515 2182 σιν·
557 2129 668 2200 Οὐχ
695 2122 846 2190 οὗτός
887 2128 1056 2190 ἐστιν,
1098 2127 1156 2178 ὅν
1199 2143 1326 2178 ποτε
1361 2127 1521 2196 ἡμεῖς
1563 2124 1984 2196 ὲσταυρώσαμεν

409 2220 875 2291 ἐξουθενήσαντες,
908 2219 999 2271 καὶ
1026 2218 1541 2288 κατακεντήσαντες,
1567 2217 1662 2269 καὶ
1687 2217 1985 2286 ἐμπαίξαν-

408 2329 534 2377 τες;
580 2309 821 2380 Ἀληθῶς
865 2303 1020 2372 οὗτος
1060 2303 1148 2379 ἦν,
1185 2311 1214 2360 ὁ
1253 2307 1374 2360 τότε
1421 2307 1594 2375 λέγων
1647 2307 1835 2361 ἑαυτὸν
1865 2309 1992 2361 Υἱὸν

410 2401 545 2456 Θεοῦ
571 2397 730 2454 εἶναι.
771 2401 895 2463 Πῶς
924 2399 1033 2470 γὰρ
1061 2400 1278 2468 ὃμοιος;
1316 2399 1412 2462 Εἰς
1441 2397 1598 2451 τοῦτο
1623 2399 1841 2469 ὁμοίους
1880 2399 1991 2472 (49)

409 2494 536 2556 τοὺς
563 2492 800 2563 τράγους
833 2490 1032 2554 καλοὺς
1075 2492 1167 2543 καὶ
1200 2490 1366 2553 ἴσους·
1404 2490 1493 2554 ἵν’,
1529 2491 1656 2544 ὅταν
1686 2491 1866 2544 ἴδωσιν
1895 2491 1992 2544 αὑ-

409 2587 503 2640 τὸν
522 2584 644 2638 τότε
672 2583 965 2654 ἐρχόμενον
985 2623 999 2646 ,
1031 2581 1466 2654 ἐκπλαγήσονται
1493 2583 1586 2636 ἐπὶ
1607 2587 1674 2655 τῇ
1713 2584 1988 2654 ὁμοιότητι

411 2676 506 2730 τοῦ
534 2676 759 2746 τράγου.
791 2672 999 2726 Οὐκοῦν
1029 2671 1104 2726 ἴδε
1145 2670 1259 2745 (50)
1299 2672 1392 2725 τὸν
1431 2673 1599 2726 τύπον
1637 2673 1730 2726 τοῦ
1771 2674 1989 2745 μέλλον-

412 2787 503 2833 τος
530 2768 758 2838 πάσχειν
792 2764 987 2837 Ἰησοῦ.
1023 2765 1088 2816 Τί
1111 2764 1186 2828 δὲ,
1219 2766 1299 2818 ὅτι
1327 2764 1387 2817 τὸ
1415 2765 1558 2836 ἔριον
1585 2767 1664 2829 εἰς
1697 2767 1858 2836 μέσον
1880 2767 1987 2822 τῶν

2087 1860 2315 1914 talarem
2366 1859 2720 1926 coccineam,
2769 1869 2822 1914 et
2876 1859 3057 1914 dicent
3099 1874 3112 1910 :
3164 1858 3355 1914 Nonne
3413 1857 3502 1913 hic
3550 1863 3654 1922 est,

2089 1963 2251 2016 quem
2301 1961 2402 2002 nos
2449 1947 2743 2017 aliquando
2775 1948 3112 2017 despectum,
3166 1957 3553 2019 compunctum
3593 1964 3658 2003 ac

2090 2040 2310 2095 illusum
2357 2040 2774 2095 cruciﬁximus?
2820 2039 2960 2095 Vere
3013 2041 3102 2094 ille
3150 2050 3252 2106 est,
3296 2040 3388 2110 qui
3428 2049 3559 2095 tunc
3599 2055 3660 2096 se

2088 2130 2300 2186 dicebat
2332 2147 2454 2186 esse
2484 2131 2681 2185 Filium
2708 2130 2824 2187 Dei.
2877 2131 3222 2202 QuantOpere
3252 2133 3396 2186 enim
3434 2132 3659 2187 similis?

2089 2218 2215 2275 Ideo
2245 2236 2377 2291 ergo
2422 2221 2632 2277 similes
2674 2222 2855 2277 hircos
2888 2223 3148 2292 pulchros
3186 2235 3240 2278 et
3278 2225 3515 2293 aequales
3541 2224 3663 2296 [po-

2096 2312 2379 2386 stulavit];
2424 2324 2484 2369 ut
2528 2330 2650 2368 cum
2698 2315 2935 2369 viderint
2983 2331 3108 2370 eum
3161 2325 3289 2371 tunc
3331 2317 3660 2382 venientem,

2095 2407 2458 2476 percellantur
2482 2406 2548 2462 de
2572 2407 2710 2462 hirci
2745 2407 3122 2462 similitudine.
3159 2407 3294 2463 Vide
3326 2409 3492 2479 igitur
3521 2409 3653 2481 figu-

2094 2513 2212 2551 ram
2256 2496 2384 2552 Jesu
2431 2499 2670 2567 passuri.
2711 2499 2886 2566 Quam
2939 2501 3010 2554 oh
3053 2516 3166 2555 rem
3214 2516 3343 2555 vero
3386 2502 3568 2555 lanam
3609 2503 3662 2556 in

2097 2584 2276 2643 medio
2301 2591 2583 2659 spinarum
2615 2591 2868 2659 ponunt?
2902 2590 2958 2645 Id
2985 2601 3069 2646 est
3098 2591 3268 2661 ﬁgura
3300 2591 3450 2660 Jesu,
3483 2591 3671 2650 Eccle~

2099 2679 2194 2734 sia:
2236 2681 2535 2749 proposita.
2597 2679 2835 2752 [Ponunt
2885 2688 3066 2735 autem
3118 2682 3298 2736 lanam
3340 2683 3395 2736 in
3447 2682 3666 2756 spinis],

2096 2778 2176 2836 ut,
2207 2770 2298 2839 qui
2324 2771 2554 2823 voluerit
2585 2771 2764 2824 lanam
2793 2771 3104 2826 coccineam
3137 2771 3374 2840 auferre,
3403 2789 3490 2842 eo,
3523 2775 3669 2844 quod

1695 2889 1876 2949 Vetus
1906 2892 2377 2969 interpretatio.

414 3015 612 3070 similes
639 3013 775 3080 (51),
795 3021 844 3067 et
878 3013 1098 3084 oﬁ'erte:
1132 3020 1182 3065 et
1205 3011 1794 3084 accipiantsacerdotes
1825 3028 2004 3084 unum
2023 3013 2077 3066 in
2092 3013 2457 3084 holocaustum
2483 3031 2579 3083 pro
2603 3016 2828 3084 peccatis
2851 3056 2866 3080 ,
2896 3055 2911 3068 .

2957 3055 2971 3068 .
3016 3051 3032 3068 .
3061 3014 3225 3066 alium
3261 3023 3436 3066 autem
3465 3015 3521 3066 in
3551 3030 3672 3066 ma-

415 3079 1239 3154 ledictionem.rAttendite,_quo
1267 3080 1426 3154 modo
1456 3081 1628 3148 ligura
1658 3079 1784 3154 Iesu
1818 3082 2227 3154 ostendebatur.
2261 3079 2524 3154 Exspuite
2555 3079 2612 3138 in
2645 3085 2820 3146 illum,
2853 3079 3055 3153 inquit,
3089 3100 3267 3137 omnes
3288 3125 3302 3148 ,
3337 3093 3386 3154 et
3420 3085 3668 3154 pungite.

416 3166 466 3210 et
492 3155 742 3224 imponite
769 3153 952 3224 lanam
983 3151 1278 3224 coccineam
1309 3151 1448 3224 circa
1480 3160 1637 3218 caput
1668 3151 1855 3224 illius;
1885 3164 1935 3204 et
1961 3152 2038 3204 sic
2061 3153 2118 3205 in
2145 3169 2296 3206 aram
2329 3151 2442 3224 (59.)
2469 3165 2700 3222 ponatur
2725 3170 2742 3207 :
2769 3165 2819 3208 et
2854 3151 2971 3207 cum
3009 3156 3088 3206 ita
3115 3154 3316 3222 factum
3349 3151 3544 3224 luerit,
3566 3154 3668 3205 ad-

417 3221 591 3280 ducite
617 3225 730 3292 (55)
755 3266 770 3288 ,
799 3224 891 3294 qui
921 3223 1056 3294 ferat
1087 3221 1375 3294 ltircum__i_n
1396 3237 1644 3294 eremum,
1674 3231 1722 3274 et
1754 3223 1998 3294 auferat,
2027 3261 2040 3275 .

2084 3263 2096 3274 .
2133 3232 2183 3275 et
2210 3235 2372 3292 ponat
2400 3221 2549 3276 illam
2580 3225 2634 3276 in
2665 3226 2881 3292 stirpem
2912 3239 3029 3292 qua:
3062 3221 3262 3275 dicitur
3292 3221 3488 3285 rubus;
3520 3224 3672 3291 cujus

416 3307 468 3351 et
491 3289 782 3364 {ruct'us'in
813 3289 840 3345 a
881 3289 954 3345 ris
982 3291 1235 3344 adsumus
1265 3289 1376 3358 (54)
1425 3291 1740 3346 invenientes
1769 3289 2134 3346 manducare:
2294 3333 2307 3345 .
2353 3334 2365 3344 .
2413 3333 2425 3346 .
2461 3293 2618 3361 hujus
2649 3289 2831 3360 stirpis
2860 3289 3038 3346 dulces
3069 3293 3274 3361 fructus
3311 3289 3670 3346 inveniuntur.

416 3368 498 3416 Ad
521 3365 651 3416 quid
681 3378 809 3416 erao
844 3310 987 3416 ﬁoc‘!
1010 3361 1315 3415 Attendite:
1351 3359 1522 3413 Unum
1549 3360 1618 3412 ad
1652 3378 1836 3416 aram:
1867 3362 2035 3415 alium
2069 3371 2322 3416 tanauam
2353 3364 2714 3416 maledictum.
2750 3363 2815 3416 Et
2855 3378 3025 3416 auare
3075 3364 3121 3416 is
3165 3363 3257 3416 aui
3312 3363 3632 3415 maledictus
3655 3404 3670 3416 .

415 3368 498 3420 Ad
521 3365 651 3436 quid
681 3378 809 3436 ergo

885 3365 987 3417 0c?
1010 3361 1315 3432 Attendite:
1351 3359 1522 3413 Unum
1549 3360 1618 3412 ad
1652 3378 1836 3426 aram;
1867 3362 2035 3415 alium
2069 3371 2322 3432 tanquam
2353 3359 2714 3417 maledictum.
2750 3363 2815 3417 Et
2855 3378 3025 3432 quare
3070 3359 3121 3416 is
3165 3363 3257 3431 qui
3312 3363 3632 3415 maledictus
3655 3404 3671 3426 ,

421 3431 765 3491 coronatus?
781 3433 920 3500 Quia
951 3432 1212 3486 videbunt
1235 3431 1384 3484 illum
1427 3440 1557 3484 tunc
1592 3432 1645 3484 in
1680 3433 1768 3486 illa
1801 3433 1908 3498 die,
1940 3431 2266 3487 chlamidem
2299 3435 2585 3488 habentem
2611 3431 2925 3488 coccineam
2958 3434 3102 3486 circa
3131 3448 3352 3500 corpus,
3379 3441 3431 3485 et
3453 3432 3670 3486 dicent:

419 3505 611 3560 Nonne
637 3505 724 3559 hic
753 3513 854 3568 est,
882 3517 1044 3572 quem
1077 3501 1598 3574 noset-ucilisimus,
1630 3501 1987 3574 fastidientes,
2008 3513 2073 3574 et
2099 3513 2465 3574 conspuentes
2494 3505 2631 3574 (55),
2655 3513 2709 3558 et.
2737 3503 3200 3574 compungentes?

423 3577 514 3646 qui
539 3585 670 3630 tunc
695 3591 753 3646 se
781 3569 996 3646 dicebat
1021 3585 1148 3626 esse
1177 3571 1373 3624 [tilium
1399 3571 1513 3624 Dei.
1546 3569 1700 3646 Sicut
1733 3573 2112 3646 ergosimilis,
2144 3569 2452 3629 sic-similes
2479 3569 2677 3646 hircos,

3279 3517 3371 3556 ere
3410 3502 3498 3556 hic
3529 3501 3672 3567 fuit,

2708 3614 2722 3628 .
2768 3615 2780 3628 .
2807 3571 3112 3643 et’wquales
3135 3588 3153 3625 :
3191 3583 3251 3627 ut
3280 3589 3406 3627 cum
3439 3571 3675 3626 viderint

424 3642 594 3700 unum
622 3661 688 3724 ex
719 3645 828 3724 illis
857 3644 968 3724 (513)
988 3651 1118 3698 tunc
1138 3651 1475 3724 pascentem,
1505 3642 1842 3724 admirentur
1868 3643 1920 3696 in
1953 3643 2508 3724 similitudinecapri.
2532 3645 2686 3724 'Ergo
2715 3645 2910 3724 videtis
2930 3642 3165 3724 liguram
3197 3643 3674 3724 ejus,.qui‘p_assuf

425 3731 520 3772 rus
542 3723 680 3783 erat,
710 3713 860 3770 Jesu.
893 3712 1074 3779 Quare
1101 3719 1156 3765 et
1182 3712 1362 3765 lanam
1393 3713 1447 3766 in
1479 3712 1656 3767 medio
1683 3713 1965 3783 spinarum
1995 3716 2247 3784 ponunt?
2283 3712 2485 3786 Figura
2526 3712 2658 3770 Jesu
2680 3753 2694 3779 ,
2736 3714 2995 3770 Ecclesiae
3026 3712 3238 3783 posita;
3269 3712 3400 3784 quia
3434 3712 3547 3783 (57)
3577 3712 3672 3781 qui

1746 3854 2110 3915 VARIORUM
2148 3857 2377 3914 ΝΟΤΑΞ.

521 3976 610 4044 39)
641 3973 813 4028 Levit.
847 3988 958 4037 xvr,
995 3973 1026 4026 7
1052 3989 1171 4043 sqq.
1201 3973 1302 4030 cfr.
1331 3973 1530 4038 BAEHB,
1557 3972 1744 4027 Svmb.
1770 3975 1840 4040 Il,
1865 3973 1988 4027 679.
2020 3986 2075 4046 D
2097 3985 2152 4030 et
2177 3975 2548 4030 Tertullianus
2593 3976 2689 4030 lib.
2722 3983 2901 4042 contr.
2931 3971 3146 4027 Iudaeos
3172 3988 3293 4043 cap.
3323 3974 3423 4027 ult.
3451 3990 3602 4043 pares
3624 3986 3674 4030 et

499 3977 613 4116 (40)
651 4027 926 4116 ε--Βῖςκῃρ
947 4043 1048 4098 cfr.
1073 4043 1277 4111 BAEEB,
1311 4047 1347 4099 Ι.
1379 4061 1429 4099 c.
1466 4059 1519 4114 p.
1547 4029 1670 4098 668.
2097 4046 2413 4100 consimiles.
2449 4045 2725 4116 Sediunde
2748 4053 3138 4116 sumpserunt,
3165 4044 3269 4116 nisi
3300 4059 3363 4116 ex
3413 4044 3516 4116 hac
3549 4042 3674 4116 Epi-

525 4027 613 4115 n')
651 4027 926 4125 =sm§
947 4027 1347 4111 argentm.
1376 4027 1429 4099 *c.
1461 4027 1530 4114 ps
1547 4029 1670 4098 ses.

503 4151 615 4220 (4i)
651 4150 741 4220 Sic
763 4148 925 4204 Voss.
954 4150 1060 4220 Alii
1087 4151 1411 4205 ὲκπτύσατε.

432 4223 617 4350 ise(42)
650 4219 802 4274 Talia
825 4235 926 4274 nec
948 4219 1008 4275 S.
1041 4219 1344 4290 Scriptura,
1387 4235 1487 4275 nec
1509 4219 1737 4273 Talmud
1763 4228 1951 4273 narrat
1977 4239 1992 4286 ;

556 4291 793 4350 reperies
819 4306 881 4344 ea
918 4299 973 4344 et
998 4291 1140 4350 apud
1168 4291 1444 4346 Justinum
1472 4308 1535 4346 ac
1557 4289 1784 4344 Tertull.
1824 4290 1878 4344 ll.
1911 4306 1992 4345 cc.

556 4289 795 4360 reperies
819 4306 881 4344 ea
918 4291 1140 4360 etiapud
1167 4289 1444 4346 Justinum
1472 4308 1535 4346 ac
1557 4289 1784 4344 Tertull.
1824 4290 1878 4344 ll.
1911 4306 1992 4345 cc.

505 4359 628 4434 (45)
650 4364 726 4414 lta
754 4359 912 4442 voss.
945 4359 1296 4483 vpaxtﬁk,
1321 4362 1479 4416 male.

505 4432 616 4483 t44l
651 4429 927 4483 Germtna.
955 4439 1028 4483 tta
1099 4447 1209 4483 oss.
1239 4432 1452 4483 ϐατουε.

505 4429 616 4502 (44)
651 4429 927 4486 Germina.
955 4434 1028 4484 ita
1051 4429 1209 4502 Yos's.
1233 4429 1452 4501 βάτους,
1483 4431 1621 4485 Men.
1648 4429 1804 4486 Male.
1835 4429 1996 4484 Davi-

433 4500 548 4559 sius
583 4517 707 4556 cum
735 4502 1027 4573 interprete
1051 4500 1170 4555 Lat.
1207 4500 1470 4573 καρπούς.

501 4573 618 4655 (45)
644 4574 725 4626 Ita
759 4569 920 4694 gloss.
966 4571 1064 4626 Ms.
1115 4573 1255 4626 male
1285 4569 1316 4627 ἰ
1358 4571 1531 4634 οὕτως
1578 4571 1743 4642 μόνης
1773 4570 1872 4641 τῆς
1907 4573 2000 4641 ῥα-

501 4662 581 4694 uc.
605 4660 658 4694 κ.
685 4660 736 4694 τ.
808 4681 821 4693 .

469 4662 581 4706 ους,
605 4660 658 4694 κ.
685 4660 736 4694 τ.
771 4660 821 4694 Α.

434 4663 581 4717 χούς,
605 4663 658 4694 κ.
685 4663 736 4694 τ.
771 4663 821 4694 Α.
1447 4701 1451 4706 ι

655 4713 1032 4786 :Ortzcur?
1062 4709 1457 4786 Viger._p.‘5_51
1482 4711 1528 4763 ι).

508 4779 632 4904 (47)
663 4781 845 4836 Davis.
887 4781 1014 4851 legit
1050 4798 1062 4833 :
1100 4779 1287 4853 ἐπειδὴ
1335 4781 1556 4850 ὄψονται
1595 4781 1787 4845 αὑτὸν,
1829 4779 2026 4851 ταύτῃν

517 4869 567 4904 τ.
638 4892 651 4904 .

433 4871 490 4910 κ.
517 4869 567 4905 τ.
605 4869 651 4905 Α.

509 4922 619 4990 (48)
641 4921 923 4980 Christum
961 4923 1014 4975 in
1045 4920 1364 4990 diejudicii.
1392 4919 1531 4975 ΜΕΝ.

510 4931 599 4990 (48
641 4931 923 4980 Christum
962 4931 1014 4975 in
1045 4931 1364 4990 diejudtcn.
1392 4931 1531 4975 tum.

510 4931 635 5112 (49)
658 4991 733 5044 Ita
768 4991 948 5047 Davis.
975 4992 1048 5055 ὡς
1076 4988 1167 5045 οὖν
1200 4993 1401 5062 ὅμοιος,
1438 4990 1577 5044 κατὰ
1597 4990 1754 5044 τοῦτο
1787 4989 2028 5068 ὁμοίους,

528 5080 576 5112 τ.
641 5100 654 5112 .
691 5060 813 5112 Cot.
838 5059 940 5112 Ms.
974 5064 1114 5112 male
1148 5079 1159 5112 :
1193 5061 1311 5112 πῶς
1348 5061 1456 5112 γὰο
1490 5061 1722 5112 ὁμοίως.
1756 5063 1850 5112 καὶ
1884 5077 2007 5111 του-

435 5083 492 5118 κ.
521 5058 576 5114 τ.
606 5058 654 5112 λ.
691 5060 813 5120 Cot.
838 5059 940 5115 Ms.
974 5064 1114 5117 male
1148 5079 1159 5114 :
1193 5058 1311 5124 πῶς
1348 5061 1456 5133 γὰρ
1490 5061 1722 5131 ὁμοίως,
1756 5058 1850 5113 κα).
1884 5058 2007 5111 τοῦ-

435 5152 548 5183 τον.
592 5149 646 5183 κ.
672 5149 724 5183 τ.
747 5131 797 5183 λ.

434 5152 548 5192 τον,
592 5149 646 5184 κ.
672 5149 724 5185 τ.
749 5149 797 5183 Α.
1986 5190 1987 5194 η

516 5203 628 5270 (50)
656 5201 784 5271 Leg.
827 5201 962 5254 ἴδετε
990 5201 1162 5265 .FsLL.
1206 5201 1281 5254 De
1330 5202 1433 5255 hoc
1481 5210 1607 5271 typo
1651 5200 1752 5254 cfr.
1799 5199 2002 5254 Justin.

441 5271 586 5327 Dial.
615 5289 662 5325 c.
707 5270 922 5341 Tryph.,
959 5289 1013 5325 n.
1051 5275 1172 5326 Hi.

513 5337 859 5415 (51)-Βοηοε,
883 5343 1101 5415 similes.
1149 5343 1343 5415 Lege,
1374 5343 1533 5394 bonos
1580 5348 1629 5393 et
1678 5339 1897 5415 similes.
1945 5337 2005 5391 In

443 5409 588 5484 textu
608 5409 802 5469 Graeco
828 5454 842 5478 ,
885 5411 1080 5484 καλοὺς
1106 5415 1198 5465 καὶ
1225 5409 1420 5484 ὁμοίως
1448 5431 1462 5464 :
1502 5411 1715 5484 correxi
1755 5409 1994 5484 ὁμοίους.

444 5481 546 5537 Ubi
598 5493 722 5538 nota
778 5485 905 5538 licet
942 5482 1067 5536 Lev.
1129 5479 1270 5544 κνι,⁷
1300 5484 1432 5536 nihil
1479 5483 1545 5534 de
1591 5481 1864 5534 hircorum
1922 5479 1998 5528 si-

444 5555 748 5622 militudine
789 5552 1171 5621 prmcipiatur,
1217 5563 1395 5606 tamen
1445 5553 1587 5622 apud
1619 5550 1676 5604 S.
1719 5547 1995 5622 Justjnnm

443 5621 729 5696 )dartyrem
757 5617 897 5696 Dial.
932 5617 1457 5696 cutnquryplt._._pag.
1657 5617 1996 5696 ΔοιΙίιηΡιῃοὶε.

442 5687 698 5751 dicuntur
718 5694 907 5764 τράγοι
937 5693 1028 5745 δύο
1055 5687 1244 5763 ὁμοῖοι,
1282 5687 1440 5746 ἰίΓοέί
1472 5694 1601 5745 hirci
1634 5692 1737 5744 duo
1769 5687 2002 5741 similes:

684 5789 958 5849 ΡΑτιιοι..
1000 5789 1121 5848 Gn.
1173 5789 1251 5848 Η.

2097 4046 2413 4100 consimiles.
2449 4045 2553 4100 Sed
2583 4047 2725 4099 unde
2748 4053 3138 4112 sumpserunt,
3165 4042 3269 4098 nisi
3300 4059 3363 4097 ex
3413 4042 3516 4098 hac
3549 4042 3676 4113 Epi-

2096 4117 2269 4170 stola?
2291 4116 2430 4170 Men.
2451 4115 2775 4187 eC)'rillus
2798 4115 2949 4187 Alex.
2978 4114 3032 4166 in
3060 4114 3385 4187 Glaphyris:
3416 4114 3583 4166 Καλοι
3612 4133 3674 4187 τε

2097 4189 2188 4241 καὶ
2239 4183 2859 4257 ἰσομεγέθεις’ἁλλήλοις
2907 4185 3072 4257 ἄμφω
3118 4199 3178 4234 τε
3224 4183 3508 4257 ’ἰσήλικες-,
3543 4185 3674 4257 651.6-

2097 4257 2246 4328 χροοί
2282 4253 2478 4328 reﬁxa).
2516 4257 2634 4311 κατ’
2677 4253 2864 4309 οὐδένα
2890 4253 3100 4328 τρόπον
3138 4253 3413 4328 παθόντεςΔ
3444 4255 3541 4323 τὴν
3568 4253 3676 4328 ⁸ἐεμ-

2099 4322 2320 4400 πηρίαν·
2341 4327 2450 4381 Hoc
2474 4338 2576 4392 est,
2603 4337 2659 4400 ut
2684 4322 3000 4400 vertendum
3029 4324 3128 4376 fuit
3151 4341 3163 4375 :
3198 4322 3508 4400 Pulchri,“
3528 4322 3675 4400 ejus-

2098 4394 2214 4452 de'm
2238 4400 2376 4451 inter
2404 4415 2457 4450 se
2483 4396 3063 4467 magnitudinisramoo,
3095 4402 3156 4467 et
3174 4395 3352 4467 cowvi,
3383 4394 3504 4446 item
3532 4394 3676 4467 ejus-

2099 4470 2217 4522 dem
2239 4469 2449 4529 coloris,
2479 4463 2712 4520 nec'ulla
2743 4466 2954 4518 omnino
2981 4465 3158 4531 a/fecti
3190 4463 3542 4515 membrorum
3577 4463 3676 4516 lte-

2100 4541 2263 4593 sione.
2299 4539 2436 4592 COT.
2803 4585 2811 4595 .

2173 4608 2285 4677 (5‘2)
2329 4608 2396 4662 In
2427 4622 2598 4660 aram.
2635 4604 2804 4660 Vetus
2833 4605 3114 4677 interpres
3130 4603 3342 4677 videtur
3374 4603 3570 4671 legisse
3594 4606 3675 4666 εἰς

2105 4673 2305 4749 βωμόν.
2329 4708 2399 4716 —
2421 4678 2527 4732 Sed
2551 4678 2605 4730 in
2629 4691 2857 4731 eremum
2878 4675 3064 4744 reponi
3086 4673 3304 4749 debere,
3330 4689 3438 4749 non
3452 4683 3676 4749 tantum

2107 4743 2286 4802 textus
2332 4749 2576 4814 Graecus,
2621 4749 2712 4802 sed
2755 4749 2920 4799 etiam
2972 4762 3057 4799 res
3112 4747 3227 4813 ipsa
3274 4743 3409 4799 satis
3450 4743 3671 4799 indicat.

2106 4819 2268 4873 FELL.

2176 4888 2287 4956 (55)
2329 4887 2606 4942 Adducite.
2654 4885 2912 4951 Rectius,
2966 4886 3182 4938 adducit
3229 4885 3322 4955 qui
3377 4883 3514 4953 fert,
3565 4893 3672 4939 etc.

2107 4960 2269 5014 FELL.

2179 5029 2290 5098 (54)
2303 5029 2590 5086 Adsumus.
2607 5030 2747 5098 Lege
2767 5026 3119 5098 adsuevimus,
3141 5036 3198 5080 ut
3221 5026 3444 5098 initextu
3467 5025 3674 5091 Graeco,

2107 5097 2396 5172 εἱώβαμεν.
2428 5099 2567 5154 Men.
2597 5131 2666 5141 ——
2691 5097 2981 5172 Sigedidit
3010 5113 3226 5166 quoque
3254 5097 3456 5151 Fellus.

2183 5168 2294 5240 (55)
2333 5170 2708 5240 Conspuentes.
2755 5168 3178 5240 Ἑμπτύσᾳιιτιτς.

2183 5235 2295 5312 (56)
2331 5235 2505 5295 Unum
2533 5257 2598 5312 ea;
2633 5240 2780 5312 illis._
2801 5235 2969 5312 Magis
2999 5238 3254 5312 distincte
3281 5236 3459 5292 reddit
3505 5235 3668 5312 inter-

2109 5304 2254 5381 pres,
2277 5304 2431 5381 'qnod
2465 5313 2516 5364 in
2560 5310 2749 5366 Graeco
2771 5304 2999 5381 habetur
3027 5307 3207 5372 αὐτόν,
3231 5324 3390 5381 unum
3435 5321 3498 5360 ea:
3523 5304 3631 5381 illis
3655 5320 3675 5368 ;

2107 5377 2270 5451 caper
2294 5377 2436 5451 énim
2466 5381 2787 5436 emissarius
2816 5379 2966 5434 solus
2993 5387 3292 5447 supererat,
3324 5378 3495 5432 altero
3523 5377 3678 5444 prius

2107 5450 2361 5507 mactato.
2389 5450 2549 5505 FELL.

2176 5522 2288 5609 (ὃς)
2317 5522 2474 5644 ριέία.
2507 5521 2660 5588 Quod
2699 5523 2963 5590 interpres
3000 5519 3191 5585 reddit,
3223 5517 3368 5588 quia,
3401 5519 3456 5572 in
3487 5515 3675 5571 Graeco

2176 5603 2187 5644 Ι.
2231 5608 2334 5643 ινα.
2413 5608 2534 5644 Ειι..

2105 5603 2187 5648 est
2229 5593 2334 5643 ἵνα.
2369 5593 2534 5646 Ιῖειιη

3364 5775 3437 5836 24
