4074 6154
493 283 605 339 753)

1725 277 2062 336 EPISTULA
2097 278 2514 335 CATHOLICA.

3655 286 3756 342 754

488 399 637 454 ἐστιν
675 397 859 470 ἐντολὴ
894 399 1028 453 Θεοῦ
1053 397 1114 453 τδ
1139 402 1212 472 μὴ
1243 403 1505 473 τρώγειν;
1527 405 1734 473 Μωσῆς
1755 404 1813 457 δὲ
1836 405 1893 457 ὲν
1917 401 2072 457 πνεύ-

2181 403 2369 458 datum
2397 402 2488 455 Dei
2525 409 2629 465 est,
2662 418 2729 456 ne
2766 403 3129 456 manducent?
3154 399 3274 472 [Est
3303 399 3350 473 :i
3383 401 3475 458 sed
3498 401 3675 459 Moses
3704 405 3762 461 in

494 509 622 562 ματι
645 490 892 562 ἐλάλησε.
921 491 1072 564 Τὸ[ν]
1103 489 1196 547 οὖν
1211 495 1416 565 χοῖρον
1447 497 1582 568 πρὸς
1616 495 1772 550 τοῦτο
1814 495 2033 568 εἴρηκεν
2057 512 2072 526 ο

492 585 566 637 Οὐ
613 582 686 654 μὴ
737 582 1082 658 κολληθήσῃ,
1161 587 1354 658 φησὶν,
1424 584 1732 657 ἀνθρώποις
1791 580 2073 647 τοιούτοις,

489 677 686 738 οἵτινες
729 675 905 746 ὅμοιοί
953 676 1057 728 εἰσι
1110 677 1335 748 χοίροις.
1380 677 1544 731 Ὅταν
1567 676 1675 750 γὰρ
1707 676 2073 741 σπαταλῶσιν,

488 768 936 822 ἐπιλανθάνονται
960 767 1054 822 τοῦ
1084 767 1287 840 Κυρίου
1327 770 1536 824 ἑαυτῶν
1555 788 1569 800 ·
1609 771 1737 824 ὃταν
1767 770 1823 823 δὲ
1843 771 2075 842 ὑστερη-

488 860 674 920 θῶσιν,
706 858 1126 927 ὲπιγινώσκουσι
1148 859 1238 911 τὸν
1277 858 1497 930 Κύριον.
1544 861 1652 914 Καὶ
1675 863 1704 913 ὁ
1725 861 1927 931 χοῖρος,
1949 860 2076 913 ὃταν

487 948 694 1020 τρὼγῃ,
711 951 810 1002 οὐκ
837 944 944 1001 οἶδε
967 949 1054 1000 τὸν
1081 947 1295 1017 κύριον·
1325 949 1454 1002 ὃταν
1475 948 1532 1001 δὲ
1552 948 1805 1020 πεινάσῃ,
1831 948 2074 1020 κραυγά-

490 1042 592 1106 ζει,
605 1042 696 1094 καὶ
713 1039 890 1093 λαϐὼν
909 1039 1068 1093 πάλιν
1089 1041 1284 1110 σιωπᾷ.
1305 1039 1458 1093 Οὐδὲ
1472 1039 1558 1109 μὴ
1574 1040 1788 1110 φάγῃς,
1805 1041 1955 1110 φησὶ,
1970 1039 2077 1092 τὸν

488 1135 684 1202 ἀετὸν,
714 1133 854 1188 οὐδὲ
875 1134 981 1187 τὸν
1005 1135 1524 1202 ὀξύπτερονλοὺδὲ
1557 1135 1663 1188 τὸν
1695 1133 1905 1200 inira,
1935 1133 2076 1187 οὐδὲ

487 1228 594 1282 τὸν
612 1229 854 1295 κόρακα.
872 1228 946 1279 Ού
972 1226 1067 1298 μὴ,
1102 1229 1254 1298 φησὶ,
1290 1227 1597 1300 κολληθήσῃ
1635 1226 1747 1298 (98)
1771 1224 2076 1297 ἀνθρώποις

486 1321 764 1384 τοιούτοις,
778 1320 974 1383 οἵτινες
987 1321 1087 1373 οὐκ
1102 1321 1273 1373 οἴδασι
1285 1320 1372 1374 διὰ
1390 1321 1555 1374 κόπου
1581 1321 1674 1373 καὶ
1692 1319 1912 1389 ἱδρῶτος
1929 1318 2076 1390 πορί-

490 1411 602 1476 ζειν
623 1413 835 1474 ἑαυτοῖς
859 1410 956 1481 τὴν
978 1411 1202 1482 τροφὴν,
1228 1411 1363 1464 ἀλλά
1390 1410 1694 1479 ἁρπάζουσι
1727 1409 1796 1461 τά
1821 1409 2076 1480 ἀλλότρια

487 1503 546 1554 ὲν
573 1500 771 1571 ἀνομίᾳ
798 1500 995 1553 αὐτῶν·
1015 1501 1107 1553 καὶ
1137 1500 1509 1572 ἐπιτηροῦσιν,
1527 1501 1601 1564 ὡς
1619 1502 1676 1552 ὲν
1713 1499 2073 1570 ἀκεραιοσύνῃ

491 1592 916 1666 περιπατοῦντες
946 1590 1074 1663 (99).
1111 1594 1220 1646 Καὶ
1249 1592 1393 1663 (ιθθ)
1425 1592 1709 1663 καθήμενα
1737 1591 1884 1662 ἀργὰ
1908 1590 2075 1644 ταῦτα

491 1683 727 1755 ὲκζητεῖ,
757 1683 874 1746 πῶς
898 1681 1182 1754 ἀλλοτρίας
1219 1683 1428 1754 σάρκας
1461 1682 1774 1753 καταφάγῃ,
1808 1682 1938 1735 ὄντα
1967 1683 2074 1735 λοι-

492 1777 570 1849 μά
591 1781 658 1849 τῇ
688 1777 922 1848 πονηρίᾳ
944 1776 1139 1828 αὐτῶν.
1166 1775 1275 1828 Καὶ
1303 1778 1374 1830 οὐ
1397 1775 1482 1845 μὴ
1507 1776 1720 1845 φάγῃς,
1750 1776 1903 1845 φησὶ,
1928 1776 2072 1844 σμύ-

481 1886 720 1938 patr-ar,
776 1866 919 1922 οὐδὲ
960 1866 1309 1934 πολύποδα,
1354 1868 1495 1920 οὐδὲ
1538 1869 1768 1937 σηπίαν
1843 1867 1918 1920 Ob
1974 1868 2069 1938 μὴ,

489 1961 672 2032 φησιν,
713 1958 1023 2030 ὁμοιωθήσῃ
1069 1957 1408 2028 κολλώμενος
1447 1957 1755 2028 ἀνθρώποις
1788 1957 2070 2020 τοιούτοις,

488 2053 678 2115 οἵτινες
711 2053 789 2114 είς
828 2050 978 2113 τέλος
1022 2049 1158 2102 εἰσὶν
1211 2049 1448 2113 ἀσεϐεῖς,
1498 2049 1592 2102 καὶ
1633 2048 1947 2120 κεκριμένοι
1994 2048 2072 2120 τῷ

490 2143 700 2214 θανάτῳ
717 2160 731 2174 ·
757 2143 833 2206 ὡς
863 2143 956 2196 καὶ
986 2142 1159 2196 ταῦτα
1182 2141 1252 2195 τὰ
1279 2141 1484 2211 ἰχθύδια
1531 2141 1667 2211 μόνα
1692 2141 2073 2213 ὲπικατάρατα

490 2240 546 2290 ἐν
574 2237 650 2308 τῷ
680 2235 824 2306 βυθῷ
854 2237 1093 2306 νήχεται,
1130 2235 1203 2306 μὴ
1248 2233 1627 2305 κολυμϐῶντα,
1669 2235 1744 2298 ὼς
1777 2233 1845 2287 τὰ
1887 2233 2070 2296 λοιπὰ,

489 2329 622 2382 ἀλλά
652 2331 708 2380 ὲν
740 2329 806 2398 τῇ
834 2329 903 2397 γῇ
940 2326 1082 2380 κατά
1121 2325 1214 2380 τοῦ
1263 2325 1429 2395 βυθοῦ
1476 2329 1741 2380 κατοικεῖ.
1783 2326 1940 2380 Ἀλλά
1980 2328 2073 2380 καὶ

487 2422 594 2473 τὸν
635 2417 950 2472 δασύποδα
982 2420 1053 2471 οὐ
1105 2418 1284 2486 φάγῃ,
1328 2418 1510 2488 φησιν.
1552 2418 1694 2488 Πρὸς
1734 2419 1819 2482 τίς
1868 2420 1940 2471 Οὐ
1995 2419 2069 2490 μὴ

487 2515 616 2585 γένῃ
641 2513 1017 2585 παιδοφθόρος,
1050 2513 1168 2566 οὐδὲ
1191 2510 1501 2582 ὁμοιωθήσῃ
1531 2512 1644 2572 τοῖς
1674 2510 1933 2574 τοιούτοις
1953 2527 1965 2541 ·
1991 2512 2072 2565 ὄτι

486 2610 515 2660 ὁ
529 2606 878 2674 λαγωὸςκατ⁹
900 2605 1140 2659 ἐνιαυτὸν
1159 2603 1470 2656 πλεονεκτεῖ
1489 2603 1587 2674 τὴν
1602 2603 1907 2672 ἀφὸδευσιν.
1936 2605 2072 2657 Ὅσα

490 2696 596 2768 γὰρ
627 2675 720 2767 Et};
768 2696 856 2767 ζῇ,
891 2695 1155 2757 τοσαύτας
1191 2695 1304 2764 ἔχει
1332 2693 1544 2764 τρύπας
1576 2693 1670 2763 (1).
1721 2695 1897 2748 Ἀλλὰ
1931 2695 2074 2749 οὐδὲ

490 2787 602 2855 τὴν
638 2787 854 2840 ὕαινάν
891 2786 1071 2855 φάγῃ.
1112 2786 1186 2838 Ob
1229 2783 1323 2854 μὴ,
1355 2785 1509 2854 φησὶ,
1551 2783 1682 2855 γένῃ
1713 2785 1918 2855 μοιχὸς,
1952 2786 2071 2838 οὐδὲ

492 2879 741 2951 φθορεὺς,
787 2865 909 2932 οὐδὲ
947 2875 1261 2948 ὁμοιωθήσῃ
1313 2879 1425 2938 τοῖς
1477 2876 1759 2939 τοιούτοις.
1798 2875 1942 2947 Πρὸς
1983 2877 2070 2942 τί;

491 2973 659 3024 Τοῦτο
702 2971 808 3042 γὰρ
844 2971 904 3023 τὸ
947 2969 1084 3033 ζῶον
1126 2968 1254 3038 παρ’
1289 2967 1533 3020 ἐνιαυτὸν
1567 2967 1820 3021 ἀλλάσσει
1841 2969 1939 3040 τὴν
1969 2969 2070 3038 φύ-

495 3083 595 3128 σιν,
628 3065 722 3118 καὶ
751 3063 881 3116 ποτὲ
913 3063 1011 3133 μὲν
1041 3063 1229 3133 ἄρρεν,
1259 3060 1390 3112 ποτὲ
1419 3060 1474 3112 δὲ
1519 3060 1652 3130 θῆλυ
1683 3061 1925 3130 γίγνεται
1969 3061 2066 3133 (‘2).

505 3160 662 3214 Ἀλλά
701 3161 792 3214 καὶ
826 3159 923 3229 τὴν
962 3158 1130 3228 γαλῆν
1185 3156 1411 3227 ἐμίσησε
1462 3154 1660 3218 καλῶς.
1698 3156 1772 3208 Οὐ
1824 3155 1898 3226 μὴ
1939 3161 2068 3228 γὰρ,

493 3252 675 3322 φησιν,
725 3249 1035 3322 ὁμοιωθήσῃ
1089 3249 1200 3308 τοῖς
1248 3245 1508 3306 τοιούτοις
1535 3283 1550 3306 ,
1601 3244 1743 3306 οἴους
1802 3243 2071 3315 ἀκούομεν

493 3345 718 3414 ἀνομίαν
765 3343 1049 3401 ποιοῦντας
1092 3335 1168 3406 τῷ
1226 3335 1482 3405 στόματι,
1540 3334 1628 3386 διὰ
1673 3332 2015 3405 ἀκαθαρσίαν
2053 3353 2065 3365 ·

492 3435 611 3488 οὐδὲ
638 3433 942 3504 κολληθήσῃ
979 3431 1098 3491 ταῖς
1125 3425 1472 3496 ἀκαθάρτοις,
1526 3426 1646 3487 ταῖς
1688 3425 1788 3496 τὴν
1840 3425 2069 3496 ἀνομίαν

2179 494 2374 563 spiritu
2428 493 2646 548 locutus
2688 503 2788 547 est.
2823 493 3162 562 QuaprOpter
3185 493 3265 548 sic
3289 509 3434 547 suem
3463 494 3557 562 ait,
3599 497 3757 565 quasi

2176 586 2423 640 diceret:
2468 582 2586 640 Non
2619 584 2928 639 adhaerebis
2973 584 3287 640 hominibus
3317 585 3536 652 talibus,
3566 586 3660 655 qui
3686 587 3760 641 si-

2177 677 2335 732 miles
2385 685 2516 732 sunt
2559 676 2762 746 porcis.
2813 673 2948 729 Nam
2989 691 3113 728 cum
3177 675 3231 728 in
3280 677 3490 732 deliciis
3544 678 3756 745 vivunt,

2177 767 2395 824 Domini
2421 768 2504 823 sui
2538 767 2979 831 obliviscuntur;
3026 781 3151 820 cum
3179 774 3360 821 autem
3385 769 3758 824 destituuntur

2176 858 2525 923 necessariis,
2564 858 2858 912 Dominum
2884 867 3208 926 agnoscunt.
3252 856 3318 912 Et
3368 859 3587 928 quidem
3630 877 3758 930 por-

2176 967 2311 1016 cus,
2381 951 2601 1020 quando
2673 949 2957 1015 comedit,
3037 949 3322 1004 dominum
3402 968 3509 1005 non
3571 952 3754 1018 novit;

2175 1043 2394 1112 quando
2426 1049 2608 1097 autem
2640 1042 2835 1108 esurit,
2888 1042 3128 1107 clamat;
3183 1051 3236 1096 et
3287 1054 3510 1113 accepta
3559 1046 3756 1102 iterum

2174 1151 2323 1200 esca,
2351 1143 2512 1188 tacet.
2546 1131 2660 1186 Nec
2705 1131 3079 1198 manducabis,
3115 1133 3312 1203 inquit,
3356 1137 3612 1204 aquilam,
3660 1154 3755 1190 ue-

2174 1243 2272 1296 que
2300 1225 2628 1294 accipitrem,
2662 1239 2824 1294 neque
2866 1224 3104 1290 miluum,
3143 1242 3303 1296 neque
3349 1243 3583 1282 corvum.
3637 1227 3757 1283 Non

2176 1317 2505 1382 adhaerebis,
2547 1315 2701 1381 dicit,
2750 1317 2820 1370 iis
2852 1317 3190 1382 hominibus,
3236 1319 3329 1388 qui
3357 1319 3612 1374 nesciunt
3652 1320 3757 1376 sibi

2175 1411 2362 1464 labore
2399 1425 2461 1462 ac
2489 1409 2689 1463 sudore
2721 1425 2914 1478 parare
2941 1410 3174 1475 victum,
3210 1411 3303 1465 sed
3338 1411 3514 1465 aliena
3539 1413 3760 1482 rapiunt

2174 1502 2397 1572 inique;
2432 1511 2484 1556 et
2517 1519 2641 1557 cum
2673 1503 2962 1556 rideantur
2995 1503 3050 1557 in
3081 1503 3431 1573 simplicitate
3454 1505 3757 1574 ambulare,

2176 1601 2355 1647 tamen
2389 1593 2512 1648 aliis
2543 1593 2894 1648 insidiantur.
2922 1594 2987 1650 Et
3022 1594 3198 1668 [aves]
3229 1596 3367 1661 istae,
3395 1597 3535 1653 dum.
3569 1598 3760 1653 otiosa:

2177 1684 2388 1751 sedent,
2437 1694 2712 1754 quaerunt,
2763 1687 3044 1754 quomodo
3097 1688 3308 1746 alienas
3351 1705 3546 1745 carnes
3586 1691 3758 1746 dero-

2105 1755 2145 1810 Β
2175 1783 2316 1840 rent,
2341 1785 2577 1844 suntque
2614 1776 2666 1828 in
2701 1777 2907 1831 malitia
2934 1793 3033 1832 sua
3065 1779 3352 1848 pestiferae.
3385 1781 3497 1835 Nec
3532 1783 3756 1836 mandu-

2173 1861 2340 1928 cabis,
2393 1864 2589 1933 inquit,
2641 1881 2956 1931 murranum,
3000 1884 3163 1938 neque
3191 1870 3462 1939 polypum,
3501 1888 3662 1940 neque
3683 1890 3756 1926 sc-

2172 1954 2335 2021 piam.
2365 1951 2506 2020 Non,
2547 1956 2750 2025 inquit,
2791 1957 3116 2023 adlrmrebis,
3157 1975 3256 2014 nec
3289 1961 3486 2015 similis
3515 1963 3625 2016 eris
3651 1964 3758 2016 bu-

2167 2044 2411 2114 jusmodi
2456 2046 2794 2114 hominibus,
2839 2050 2934 2118 qui
2983 2049 3036 2102 in
3072 2061 3393 2121 perpetuum
3430 2054 3581 2122 impii
3607 2067 3754 2121 sunt,

2172 2144 2226 2190 et
2254 2137 2321 2192 ad
2369 2146 2599 2192 mortem
2638 2147 2767 2194 sunt
2797 2139 3128 2210 adjudicati;
3175 2142 3638 2212 quemadmodum
3667 2145 3758 2204 isti

2171 2228 2444 2297 pisciculi,
2496 2231 2598 2286 soli
2645 2230 2946 2298 maledicti,
2997 2232 3052 2286 in
3101 2232 3373 2302 profundo
3416 2237 3754 2301 volutantur,

2172 2336 2274 2374 nec
2305 2331 2362 2375 ut
2411 2322 2608 2392 reliqui
2644 2323 2825 2392 pisces
2856 2332 3067 2391 natant,
3115 2325 3210 2380 sed
3247 2324 3303 2379 in
3352 2336 3516 2395 terra,
3547 2344 3670 2398 quae
3699 2331 3754 2382 in

2172 2413 2444 2482 profundo
2469 2415 2638 2469 maris
2660 2423 2765 2480 est,
2797 2414 3022 2485 degunt.
3063 2415 3166 2472 Sed
3191 2425 3243 2472 et
3272 2416 3524 2487 leporem,
3556 2419 3755 2489 inquit,

2172 2522 2275 2559 non
2317 2506 2572 2560 comedas.
2628 2506 3043 2572 Quamobrem?
3071 2508 3152 2580 [Id
3194 2508 3322 2580 est],
3355 2525 3464 2563 non
3491 2511 3602 2565 eris
3626 2528 3757 2581 pue-

2173 2613 2361 2651 rorum
2414 2605 2726 2667 corruptor,
2762 2613 2863 2652 nec
2910 2599 3144 2654 similem
3198 2610 3250 2656 te
3285 2602 3484 2656 talibus
3518 2603 3753 2671 efﬁcies;

2173 2688 2435 2758 quoniam
2484 2687 2638 2755 lepus
2687 2688 2848 2742 annis
2898 2689 3131 2758 singulis
3184 2709 3351 2748 anum
3405 2698 3753 2766 multiplicat.

2173 2779 2319 2847 Quot
2346 2781 2492 2835 elrim
2534 2796 2710 2836 annos
2734 2781 2886 2845 vivit,
2919 2789 2998 2834 tot
3027 2783 3189 2838 habet
3222 2784 3508 2844 foramina.
3541 2787 3644 2845 Sed
3667 2808 3756 2845 nec

2173 2873 2415 2943 Izywnam
2443 2874 2807 2928 manducabis.
2835 2875 2954 2931 Non
2991 2877 3122 2943 eris,
3159 2879 3359 2948 inquit,
3393 2882 3626 2949 adulter,
3657 2900 3756 2938 ne-

2173 2981 2278 3036 que
2307 2976 2596 3035 corruptor
2647 2966 3017 3042 [puerorum],
3061 2987 3238 3042 neque
3287 2975 3488 3030 talibus
3531 2979 3757 3031 assimi-

2173 3057 2395 3113 laberis.
2429 3057 2645 3124 Quare?
2675 3059 2814 3126 Quia
2847 3061 2992 3116 istud
3022 3063 3226 3118 animal
3253 3069 3536 3121 annuatim
3563 3085 3755 3124 sexum

2177 3161 2370 3216 mutat,
2393 3161 2446 3206 et
2470 3153 2631 3207 modo
2656 3169 2795 3219 mas,
2823 3155 2982 3209 modo
3011 3154 3211 3211 femina
3237 3167 3338 3214 est.
3380 3160 3485 3213 Sed
3533 3172 3588 3214 et
3633 3179 3754 3217 mu-

2179 3242 2370 3295 stelam
2417 3241 2570 3310 justo
2600 3243 2728 3296 odio
2754 3252 3079 3311 prosecutus
3109 3256 3214 3300 est.
3267 3247 3621 3317 Dissimilem,
3667 3255 3755 3306 in-

2177 3331 2316 3401 quit,
2345 3340 2398 3386 te
2429 3331 2699 3401 praabebis
2731 3332 2862 3386 viris
2898 3333 3028 3399 illis,
3059 3351 3198 3403 quos
3233 3338 3486 3394 audimus
3513 3357 3608 3396 ore
3649 3344 3755 3397 im-

2177 3441 2316 3496 puro
2370 3425 2670 3494 nequitiam
2720 3435 2968 3494 patrare;
3022 3443 3119 3481 nec
3175 3431 3477 3488 adluerebis
3526 3434 3753 3503 impuris

1798 3576 1978 3638 Vetus
2025 3577 2493 3658 interpretatio.

495 3739 615 3802 eum
646 3721 755 3802 sint
790 3720 1177 3802 pestilentias-aa
1205 3740 1300 3802 per
1329 3739 1485 3779 suam
1518 3722 1842 3802 nequitiam.
1867 3725 1999 3802 ΔΝοη
2021 3726 2388 3802 mandacabis,
2421 3724 2621 3802 inquit.
2655 3722 3381 3802 murwnamhnectpolypum,
3409 3721 3752 3802 nec‘fepiam.

495 3793 635 3872 ρίου,
666 3791 868 3872 inquit,
896 3792 1163 3872 similabis
1190 3791 1474 3872 adlrmrens
1505 3791 1705 3848 talibus
1733 3796 2069 3861 hominibus,
2099 3799 2193 3867 qui
2226 3799 2280 3851 in
2311 3791 2566 3872 perpetuo
2597 3794 2771 3872 impii,
2798 3804 2852 3849 et
2869 3791 3468 3872 judicati'jammortui
3497 3792 3574 3861 (5)
3602 3801 3750 3872 sunt.

495 3863 559 3918 Hi
593 3865 736 3917 enim
764 3862 940 3934 pisces
968 3863 1068 3917 soli
1107 3865 1378 3920 maledicti
1410 3873 1557 3919 sunt.
1604 3904 1618 3916 .
1664 3903 1679 3918 .
1721 3905 1734 3917 .
1780 3905 1793 3918 .
1839 3906 1855 3921 .
1897 3883 2006 3920 non
2061 3862 2329 3932 natantes,
2364 3862 2504 3920 sicut
2544 3862 2760 3934 reliqui,
2788 3862 2890 3920 sed,
2926 3865 2977 3918 in
3014 3862 3469 3919 ima'altitudinis
3497 3873 3638 3934 terra
3662 3863 3757 3934 Vin-

495 3931 770 4014 habitant.
794 3931 897 4014 Sea
924 3934 1264 4014 necleporcm
1297 3935 1660 4014 manducabis.
1682 4004 1702 4014 ﬂ
1728 3936 1927 4014 thuiti
1959 3938 2128 4014 dicit}
2171 3937 2289 4014 Non
2319 3931 2465 4014 eris,
2508 3931 2704 4014 inquit,
2735 3947 3026 4014 corruptor
3065 3949 3380 4014 puerorum,
3413 3948 3514 4013 nec
3547 3931 3753 4014 simila-

495 4006 578 4060 bis
607 4005 826 4076 talibus.
859 4003 995 4069 Quia
1028 4006 1178 4076 lepus
1210 4007 1441 4076 Singulis
1486 4006 1645 4076 annis
1677 4003 1912 4060 facit—ad
1961 4008 2336 4062 adsellandum
2384 4003 2599 4076 singula
2642 4005 2941 4072 foramina;
2991 4014 3044 4060 et
3087 4011 3356 4076 quotquot
3391 4003 3752 4076 annisAvixit,

498 4075 720 4129 totidem
749 4074 1018 4128 foramina
1048 4074 1180 4152 facit
1201 4094 1229 4152 ’τ’
1401 4075 1752 4152 nec_belluain
1777 4077 1878 4152 (4):
1916 4077 2115 4152 inquit,
2149 4072 2518 4152 iitaizducabis.
2547 4075 2663 4152 Hoc
2698 4086 2801 4152 est,
2835 4092 2941 4130 non
2973 4077 3081 4130 eris
3105 4072 3368 4129 'rnmehus
3397 4072 3752 4152 autAadulte‘r,

499 4161 598 4200 nec
625 4155 1060 4223 corruptor,_ne_c
1091 4146 1636 4223 similabistalibus.‘
1762 4187 1792 4223 _.
1838 4143 2132 4223 Quia—llaec
2186 4148 2360 4223 bestia
2397 4149 2620 4223 al_t_ernis
2653 4148 2831 4223 annis
2875 4155 3066 4223 mutat.
3101 4154 3453 4223 naturam,_et
3492 4143 3548 4223 lit
3591 4144 3754 4223 modo

497 4217 800 4279 masculus,
828 4216 991 4270 modo
1022 4215 1242 4270 femina.
1277 4216 1381 4270 Sed
1419 4226 1470 4269 et
1492 4215 1637 4286 quod
1670 4215 1800 4270 dicit
1829 4237 1839 4270 :
1873 4217 2158 4271 Mustelam
2197 4219 2389 4272 adibis.
2437 4217 2554 4272 Non
2589 4217 2721 4282 eris,
2753 4217 2949 4286 inquit,
2976 4217 3122 4282 talis,
3160 4217 3252 4285 qui
3302 4215 3454 4269 audit
3498 4215 3755 4284 imquila—

498 4295 604 4341 tem
635 4287 736 4356 (5),
761 4295 815 4341 et
847 4286 1089 4356 loquitur
1119 4286 1520 4341 immunditiam
1552 4284 1722 4351 :Non,
1752 4286 1956 4356 inquit,
1985 4288 2287 4344 adluerebis
2328 4289 2647 4354 immundis,
2673 4289 2766 4356 qui
2815 4284 3025 4342 faciunt
3052 4287 3128 4357 (6)
3157 4284 3495 4356 iniquitatem
3529 4301 3624 4338 ore
3653 4299 3755 4338 suo

1826 4431 2135 4492 VARIORU
2145 4435 2191 4488 Μ
2230 4433 2456 4489 NOTAE.

571 4559 689 4638 (98)
714 4560 873 4638 ,Αιίἀε
897 4577 963 4616 ex
993 4563 1164 4618 Clem.
1189 4565 1341 4621 Alex.
1372 4577 1425 4622 et
1451 4577 1558 4623 vet.
1580 4568 1869 4638 interprete
1896 4587 1910 4623 :
1935 4569 2070 4622 Οὐδὲ
2106 4575 2150 4629 Ι)
2181 4572 2320 4626 idem
2350 4579 2435 4624 est
2471 4584 2594 4624 cum
2636 4570 2794 4622 belua
2838 4569 2953 4624 sive
2983 4568 3162 4623 bellua
3193 4585 3207 4621 :
3241 4567 3281 4638 β
3309 4566 3460 4638 enim
3493 4561 3619 4638 e_t_V
3649 4579 3751 4618 δίει-

497 4631 903 4710 ὁμᾳεῳθήετῃοη
1026 4674 1030 4677 -
1313 4708 1363 4710 _
1576 4707 1598 4710 __
1724 4631 1738 4638 ’
2179 4641 2401 4710 pissime
2449 4641 2590 4710 inter
2643 4649 3190 4710 seicommutantur.
3249 4635 3444 4710 lsidori
3502 4633 3749 4710 Glosste:

569 4702 684 4780 (99)
721 4690 975 4758 Ὁὲἱνίεἰυε
1000 4704 1221 4780 conjicit
1248 4725 1278 4780 εΔ
1313 4707 1658 4780 Ἐπιτηροῦσι
1695 4711 1820 4772 τοὺς
1851 4710 1908 4764 ὲν
1951 4710 2078 4780 ἀκε-

501 4772 755 4850 ραιοσύνῃ
787 4770 1238 4850 περιπατοῦντας,
1266 4777 1302 4830 i.
1335 4793 1384 4833 e.
1425 4770 1753 4834 insidiantur
1782 4770 1870 4844 iis,
1899 4770 1988 4850 ιιιᾶ
2022 4782 2078 4834 in

499 4842 838 4912 simplicitate
867 4842 1171 4900 ambulant.

571 4913 717 4983 (lOO)
764 4912 877 4995 Yet.
904 4916 1129 4985 interpr.
1159 4917 1285 4971 add.
1337 4935 1350 4972 :
1385 4917 1474 4973 Sic
1499 4935 1615 4973 aves
1663 4922 1780 4976 ista:
1819 4920 1948 4976 sola:
1975 4921 2078 4975 sibi

499 4997 601 5036 non
625 4999 775 5041 aeaut
783 4995 948 5038 rentes
982 5003 1175 5041 escam.

573 5053 648 5134 ᾳ)
687 5053 1014 5134 Cl‘Ar':_Clem.
1071 5058 1224 5113 Alex.
1265 5056 1484 5129 Pwdag.
1523 5075 1585 5125 ιι,
1635 5077 1684 5116 c.
1728 5061 1814 5127 10,
1847 5079 1899 5134 p.
1943 5062 2074 5129 2‘20,

501 5123 598 5176 221
661 5133 717 5178 et
744 5123 869 5178 225.

572 5193 648 5266 (2)
688 5196 802 5266 Cfr.
829 5195 1000 5251 Clem.
1034 5198 1189 5252 Alex.
1220 5199 1256 5252 l.
1281 5216 1330 5253 c.

571 5265 651 5334 (5)
687 5265 906 5322 Mortui.
944 5267 1104 5324 Forte
1131 5271 1313 5333 morti,
1350 5285 1415 5324 ex
1447 5269 1669 5325 Graecis.

570 5337 647 5412 (4)
680 5337 952 5412 Belluam.
988 5338 1280 5412 Reddenda
1305 5342 1466 5412 ratio.
1486 5357 1600 5412 cur
1625 5359 1724 5410 pro
1757 5344 1944 5412 hywna
1981 5359 2080 5398 no-

500 5416 610 5462 ster
636 5409 906 5483 interpres
935 5409 1162 5462 belluam
1193 5409 1454 5483 posuerit.
1484 5410 1560 5483 Ea
1583 5409 1638 5483 in
1668 5409 1922 5483 promptu
1956 5424 2076 5469 est:

501 5492 633 5548 usus
663 5493 855 5548 nempe
877 5480 1200 5548 desuﬁmptus
1223 5497 1284 5535 ex
1309 5482 1594 5536 notissima
1624 5480 1810 5537 bestia
1829 5480 2074 5538 feritate.

502 5546 735 5604 Lexicon
781 5546 1254 5618 Greco-Latinum
1290 5563 1479 5606 vetus:
1517 5553 1740 5615 ’Ύαινα,
1777 5552 1938 5618 ζῶον,
1971 5554 2078 5608 bel-

502 5618 611 5673 lua.
658 5620 875 5674 Glossa:
923 5617 1179 5684 Labbaei,
1231 5622 1409 5676 citatze
1439 5639 1469 5676 a
1523 5617 1796 5677 Salmasio
1847 5617 2075 5678 ad'lulii

503 5688 791 5759 Capitolini
840 5688 1149 5745 Gordianos
1202 5700 1350 5745 tres:
1397 5694 1628 5756 Ὕαινα,
1680 5694 1870 5750 rclua.’
1929 5699 2074 5762 quod

2194 4711 2410 4776 Vestim,
2446 4708 2633 4763 balbw.
2694 4709 2950 4778 Corrigo,
3005 4709 3167 4764 belbte
3195 4723 3213 4761 :
3246 4708 3347 4778 hoc
3389 4704 3752 4778 est,_Besti¢_e,

2179 4780 2364 4835 belua}.
2396 4775 2588 4834 Julius
2627 4775 2971 4848 Capitolinus
3007 4781 3061 4833 in
3116 4780 3222 4832 line
3265 4775 3529 4848 Gordiani
3566 4775 3711 4828 tertii
3741 4794 3752 4829 :

2178 4851 2350 4917 Belbi,
2374 4850 2430 4903 id
2453 4863 2527 4903 est
2557 4847 2777 4918 hymnite.
2797 4848 2972 4915 Belbi,
3000 4849 3165 4914 belui,
3194 4847 3381 4912 bellui,
3408 4861 3752 4918 nequaquam

2178 4921 2455 4975 differunt.
2503 4917 2828 4974 Nullatenus
2855 4935 2985 4990 ergo
3037 4920 3349 4990 necessaria
3399 4928 3481 4990 est
3511 4917 3754 4970 vir-Orum

2176 4994 2460 5046 doctorum
2513 4991 2860 5054 emendatio,
2903 4987 2996 5060 qui
3047 4990 3101 5060 in
3148 4988 3412 5043 Barnabaa
3463 4987 3757 5056 interprete

2183 5063 2394 5116 malunt
2426 5062 2629 5116 belvum
2667 5069 2761 5115 aut
2788 5059 3011 5114 belbum.
3041 5059 3176 5115 Cor.

2257 5132 2334 5203 (5)
2369 5131 2474 5196 Qui
2496 5134 2643 5186 audit
2677 5133 3032 5202 iniquitatem,
3055 5140 3159 5186 etc.
3194 5128 3416 5203 Rectius
3443 5145 3572 5203 quos
3602 5128 3760 5203 audi-

2180 5198 2294 5257 mus
2316 5198 2415 5257 ὀνε
2445 5207 2664 5280 impuro.
2683 5198 2972 5280 nequitiam
2995 5213 3228 5280 patrar_e.
3255 5198 3528 5280 Interpres
3557 5198 3764 5280 [egisse

2178 5274 2411 5338 videtur,
2442 5274 2502 5338 ὃς
2523 5267 2722 5327 ’ἀκούει
2760 5267 3004 5343 ἀνομίαν
3038 5271 3322 5343 ποιοῦντας
3345 5311 3357 5332 ,
3394 5267 3488 5325 καὶ
3519 5268 3598 5339 τῷ
3620 5267 3756 5343 eis.

2180 5362 2308 5415 ματι
2338 5343 2490 5398 λαλεί
2519 5339 2892 5415 ἀκαθαρσίαν.
2917 5342 3082 5398 FELL.
3107 5373 3176 5415 7—
3205 5342 3322 5415 Non
3348 5346 3637 5415 advertens
3671 5339 3755 5391 in-

2180 5412 2386 5483 terpres
2424 5416 2674 5470 damnari
2708 5412 2834 5468 'boc
2884 5414 3006 5467 loco
3037 5412 3328 5467 nefandam
3363 5412 3670 5466 fellatorum
3704 5417 3754 5483 et

2177 5481 2502 5540 l'ellatrieum
2534 5485 2858 5556 nequitiam,
2886 5483 2992 5556 alio
3017 5500 3130 5538 rem
3159 5482 3422 5556 traduxit,
3456 5497 3650 5556 n_ernpe
3686 5481 3752 5534 ad

2176 5555 2462 5626 audientes
2495 5573 2559 5610 ac
2587 5551 2872 5626 loquentes
2904 5555 3090 5623 iniqua
3121 5565 3174 5626 et
3201 5553 3447 5626 impura.
3470 5551 3608 5626 C03.

2176 5693 2215 5747 Ρ
2247 5628 2324 5692 (6)
2359 5625 2461 5691 Qui
2487 5621 2711 5695 faciunt.
2737 5625 2980 5693 Rectius,
3002 5621 3121 5695 qua?
3145 5621 3366 5694 faciunt.
3389 5624 3521 5679 Vide
3544 5621 3748 5678 Graeca.

2219 5711 2340 5747 ELL.

2219 5711 2340 5749 ELL.
