4074 6154
272 320 374 375 765

1498 311 1838 368 EPISTOLA
1877 303 2274 364 CATIIOLICA

3442 297 3548 352 766

536 431 675 487 XIII.
709 433 1063 494 Christianos,
1093 445 1196 482 non
1221 425 1462 489 Iudaeos,
1491 423 1700 492 [aderis
1733 422 1897 476 diem:
1923 435 2037 474 esse
2058 422 2312 484 literedes,
2334 417 2453 486 jam
2488 418 2544 470 in
2585 415 2648 470 V.
2680 414 2742 469 Τ.
2778 416 3151 469 annuntiatum
3179 422 3274 468 est.

352 547 493 602 Ἀλλ’
544 545 764 619 ἴδωμεν,
813 549 862 601 ei
907 543 1060 613 οὗτος
1102 549 1131 601 ὁ
1174 546 1304 610 λαὸς
1346 541 1715 615 κληρονόμος,
1758 537 1792 611 ἦ
1832 541 1853 592 ἐ

2039 535 2142 590 Sed
2191 534 2496 598 videamus,
2535 543 2718 588 utrum
2753 532 2843 587 hic
2875 532 3110 603 populus
3139 531 3315 586 heres
3354 528 3444 594 sit,
3477 542 3545 581 an

273 639 510 712 πρῶτος,
547 638 641 692 καὶ
680 639 728 691 εἱ
763 640 797 710 ή
826 639 1060 710 διαθήκη
1102 639 1182 701 εἰς
1218 637 1384 709 ἡμᾶς,
1418 631 1452 706 ἢ
1483 635 1564 698 εἰς
1594 631 1852 694 ἐκείνους.

285 733 576 787 Ἀκούσατε
628 730 724 786 νῦν
757 732 885 803 περὶ
926 731 1022 785 τοῦ
1072 729 1226 794 λαοῦ,
1274 729 1326 781 τί
1375 727 1523 795 λέγει
1564 727 1598 796 ἠ
1642 725 1853 796 Γραφή.

283 825 486 878 Ἐδείτο
516 823 574 876 δὲ
620 822 808 876 Ἰσαὰκ
836 823 964 894 περὶ
1018 821 1311 881 Ῥεϐέκκας
1332 819 1434 888 τῆς
1467 815 1726 886 γυναικὸς
1754 815 1853 867 αὐ-

269 915 384 980 τοῦ,
431 915 516 967 ὅτι
554 914 744 984 στεῖρα
769 907 836 982 ἦν
859 928 870 937 ·
907 912 999 964 καὶ
1031 909 1340 964 συνέλαϐεν.
1374 901 1507 958 Εἶτα
1546 904 1640 957 καὶ
1669 899 1855 972 ἐξῆλθε

280 1006 552 1061 Ῥεϐέκκα
593 1003 858 1058 πυθέσθαι
903 1001 1053 1073 παρὰ
1095 1002 1334 1070 Κυρίου,
1379 999 1472 1051 καὶ
1504 991 1624 1049 εἷπε
1653 993 1856 1064 Κύριος

269 1098 407 1170 πρὸς
441 1097 612 1168 αὐτήν
635 1113 649 1126 ο
683 1097 799 1149 Δύο
825 1095 968 1163 ἐθνη
1003 1094 1072 1147 ὲν
1103 1091 1179 1160 τῇ
1211 1091 1425 1162 γαστρί
1455 1105 1593 1150 σου,
1624 1087 1722 1140 καὶ
1747 1086 1856 1139 δύο

270 1187 409 1242 λαοὶ
437 1186 508 1240 ἐν
540 1184 618 1253 τῇ
649 1183 848 1251 κοιλίᾳ
886 1197 1024 1246 σου,
1059 1182 1156 1235 καὶ
1190 1181 1341 1246 λαὸς
1372 1179 1526 1234 λαοῦ
1558 1175 1853 1244 ὑπερέξει,

270 1281 366 1333 καὶ
394 1283 426 1333 ὁ
440 1277 653 1349 μείζων
683 1277 1007 1330 δουλεύσει
1039 1270 1117 1338 τῷ
1144 1272 1457 1327 ἐλάσσονι.
1494 1267 1855 1323 Αἰσθὰνεσθαι

269 1369 512 1439 ὀφείλετε
532 1409 547 1433 ,
581 1367 667 1430 τίς
711 1368 740 1419 ὁ
782 1362 986 1428 Ἰσαὰκ,
1015 1365 1102 1428 τίς
1143 1366 1176 1434 ὴ
1211 1362 1493 1426 Ῥεϐέκκα,
1525 1363 1618 1414 καὶ
1648 1362 1740 1413 ἐπὶ
1772 1360 1855 1413 τί-

269 1479 375 1516 νων
418 1459 676 1528 δέδειχεν,
725 1458 806 1510 ὅτι
855 1454 1054 1528 μείζων
1095 1457 1124 1508 ὁ
1163 1453 1288 1519 λαὸς
1334 1449 1519 1517 οὗτος,
1562 1452 1595 1524 ἢ
1630 1453 1851 1515 ἐκεῖνος.

269 1553 382 1607 Καὶ
415 1553 469 1605 ἒν
507 1551 642 1623 ἄλλῃ
677 1549 986 1620 προφητείᾳ
1017 1547 1165 1616 λέγει
1193 1544 1566 1618 φανερώτερον
1600 1546 1628 1597 ὁ
1661 1542 1853 1596 Ἰακὼϐ

269 1647 409 1718 πρὸς
436 1645 527 1697 τὸν
559 1644 757 1714 Ἰωσὴφ
789 1642 879 1694 τὸν
915 1641 1026 1694 υἱὸν
1050 1639 1234 1702 αὑτοῦ,
1265 1639 1438 1707 λέγων
1461 1655 1474 1668 ⁸
1527 1637 1701 1700 Ἰδοὺ,
1745 1639 1855 1690 οὐκ

268 1735 566 1805 ἐστέρησέ
586 1752 663 1805 με
691 1735 909 1801 Κύριος
947 1733 1053 1787 τοῦ
1087 1731 1409 1800 προσώπου
1452 1745 1598 1784 σου·
1632 1727 1858 1797 προσά-

268 1828 412 1898 γαγέ
436 1845 537 1896 μοι
571 1826 712 1891 τοὺς
743 1826 914 1890 υἱούς
946 1839 1082 1888 σου,
1127 1825 1226 1876 ἵνα
1258 1819 1574 1892 εὐλογήσω
1611 1822 1850 1886 αὐτούς.

1958 649 2088 689 vero
2133 634 2310 704 prior;
2347 641 2401 687 et
2449 638 2634 686 utrum
2691 638 3074 684 testamentum
3111 629 3176 682 ad
3219 645 3342 692 nos,
3375 642 3442 680 an
3479 625 3543 680 ad

1960 725 2084 780 illos
2117 725 2408 794 pertineat.
2457 723 2654 776 Audite
2695 736 2878 782 nunc,
2912 719 3042 788 quid
3078 717 3354 787 Scriptura
3399 718 3539 773 dicat

1957 820 2024 871 de
2055 817 2257 886 popqu
2295 832 2310 868 :
2358 813 2564 869 Orabat
2615 813 2836 867 Isaacus
2891 809 3148 864 Rebecca
3199 811 3386 864 uxoris
3431 826 3543 864 5th

1957 926 2146 976 causa,
2180 909 2326 980 quod
2358 917 2501 964 esset
2542 906 2786 973 sterilis;
2827 914 2880 958 et
2915 904 3009 958 illa
3061 903 3308 972 concepit
3333 904 3413 954 τες
3446 919 3544 972 νο.

1957 1013 2074 1058 stea
2117 1018 2247 1057 vero
2287 1001 2532 1056 Rebecca
2585 1014 2804 1070 egressa
2853 1006 2938 1053 est
2990 997 3057 1050 ad
3094 995 3542 1064 interrogandum

1962 1093 2286 1158 Dominum,
2317 1102 2371 1147 et
2399 1091 2538 1146 dixit
2563 1091 2831 1146 Dominus
2869 1090 2936 1142 ad
2973 1088 3157 1142 illam:
3205 1085 3334 1140 Duas
3367 1095 3542 1156 gentes

1957 1183 2014 1236 in
2057 1193 2206 1237 utero
2253 1191 2341 1236 tuo
2396 1192 2557 1249 sunt,
2615 1199 2678 1235 ac
2727 1181 2834 1234 duo
2878 1181 3060 1250 populi
3107 1179 3160 1231 in
3205 1187 3380 1232 centre
3431 1186 3541 1242 tuo,

1959 1284 2116 1345 atque
2148 1292 2286 1328 unus
2337 1275 2562 1344 populus
2622 1273 2850 1327 alterum
2899 1270 3206 1342 superabit,
3264 1279 3313 1324 et
3369 1270 3534 1338 majo-

1964 1366 2143 1439 [natu]
2182 1368 2366 1421 serviet
2397 1368 2589 1420 minori
2617 1367 2685 1420 7’.
2719 1365 2937 1420 Debetis
2971 1364 3292 1433 intelligere,
3318 1363 3442 1432 quis
3473 1363 3538 1420 si:

1957 1459 2200 1524 Isaacus,
2219 1475 2340 1528 qua-
2365 1457 2633 1522 Bebecca,
2657 1467 2711 1512 et
2730 1458 2795 1512 de
2812 1458 3140 1527 quibusnam
3158 1455 3537 1517 declaravcrit,

1957 1545 2104 1616 quod
2138 1547 2375 1615 pepulus
2408 1546 2496 1599 hic
2531 1545 2602 1599 sit
2635 1543 2835 1612 major,
2870 1559 3032 1613 quam
3079 1542 3187 1596 ille.
3234 1540 3300 1594 Et
3338 1543 3391 1595 in
3435 1543 3541 1597 alia

1956 1638 2243 1706 prophetia
2295 1635 2643 1692 manifesdus
2697 1635 2945 1705 loquitur
2975 1633 3212 1688 Iacobus
3261 1633 3328 1688 ad
3367 1634 3541 1688 lilium

1958 1747 2121 1785 suum
2153 1730 2477 1801 Josephum,
2514 1730 2744 1784 dicens;
2783 1730 2940 1796 Ecce,
2969 1729 3227 1782 Dominus
3276 1745 3379 1781 non
3426 1728 3540 1796 pri-

1957 1826 2093 1878 t'avit
2144 1842 2224 1879 me
2273 1825 2410 1894 facie
2458 1835 2594 1888 tua;
2644 1824 2818 1877 adduc
2882 1824 3013 1876 mihi
3069 1824 3210 1893 ﬁlios
3268 1831 3417 1885 tuos,
3481 1831 3540 1874 ut

267 1897 379 1974 Kal.
403 1918 747 1990 προσήγαγεν
766 1915 878 1988 [τὸν
899 1916 1163 1987 Μανασσῆ
1196 1915 1314 1987 καὶ]
1337 1914 1448 1984 (70)
1484 1913 1739 1984 Ἐφραῒμ,
1759 1913 1850 1965 τὸν

1955 1915 2258 1969 benedicam
2286 1917 2360 1967 eis
2389 1914 2456 1968 ³⁸.
2484 1913 2550 1966 Ει
2586 1913 2816 1968 adduxit
2843 1912 3161 1984 [Manassen
3192 1912 3268 1984 et]
3307 1911 3540 1983 Ephrai-

264 2008 540 2079 Μανασσῆ
586 2007 754 2060 θέλων
788 2007 876 2061 ἴνα
909 2006 1174 2079 εὐλογηθῇ
1203 2005 1338 2077 (7-I),
1370 2006 1452 2059 ὅτι
1483 2004 1852 2076 πρεσϐύτερος

264 2095 334 2173 ἦν
359 2120 372 2132 ·
403 2104 434 2156 ὁ
459 2100 565 2171 γὰρ
607 2089 805 2170 Ἰωσὴφ
839 2101 1189 2171 προσήγαγεν
1224 2100 1305 2162 εἰς
1332 2099 1432 2169 τὴν
1475 2097 1652 2164 δεξιὰν
1697 2101 1852 2167 χεῖρα

265 2192 363 2247 τοῦ
396 2192 600 2264 πατρὸς
633 2188 846 2244 Ἰακώϐ.
872 2186 993 2244 Εἶδε
1017 2191 1075 2244 δὲ
1107 2189 1301 2244 Ἰακὼϐ
1331 2189 1525 2253 τύπον,
1560 2189 1851 2260 πνεύματι,

264 2283 362 2338 τοῦ
409 2283 538 2336 λαοῦ
581 2283 674 2336 τοῦ
719 2280 941 2353 μεταξύ.
978 2280 1088 2334 Καὶ
1112 2279 1166 2333 τί
1198 2279 1386 2348 λέγει;
1422 2280 1534 2333 Καὶ
1568 2280 1856 2347 ἐποίησεν

278 2375 771 2440 Ἰακὼὸἓναλλὰξ
790 2376 897 2440 τὰς
925 2372 1128 2442 χεῖρας
1147 2372 1353 2435 αὐτοῦ,
1375 2371 1472 2426 καὶ
1490 2372 1708 2439 ἔθηκεν
1733 2371 1856 2444 [τὴν

264 2465 468 2539 δεξιὰν]
497 2467 608 2538 (72)
629 2466 727 2519 ἐπὶ
753 2465 868 2533 τὴν
887 2463 1161 2533 κεφαλὴν
1188 2463 1433 2533 Ἐφραῒμ
1448 2463 1554 2517 τοῦ
1575 2462 1854 2531 δευτέρου

264 2559 366 2613 καὶ
392 2557 702 2626 νεωτέρου,
724 2557 822 2611 καὶ
848 2558 1197 2626 ηὐλόγησεν
1224 2556 1429 2609 αὐτόν.
1451 2554 1562 2609 Καὶ
1579 2556 1708 2610 εἷπε
1732 2557 1851 2610 Ἰω-

265 2650 396 2720 σὴφ
417 2649 566 2718 πρὸς
597 2647 804 2705 Ἰακώϐ
815 2666 827 2679 ⁸
851 2648 1115 2714 Μετάθες
1134 2663 1250 2702 σου
1266 2646 1380 2715 τὴν
1396 2646 1604 2712 δεξιὰν
1621 2648 1717 2702 ἐπὶ
1739 2647 1854 2715 τὴν

264 2744 541 2815 κεφαλὴν
571 2740 897 2810 Μανασσῆ,
956 2741 1044 2794 ὅτι
1100 2741 1471 2809 πρωτότοκος
1516 2741 1636 2810 μού
1683 2741 1854 2794 ἐστιν

263 2839 415 2904 υἱός.
449 2835 561 2890 Καὶ
601 2836 772 2889 εἶπεν
809 2833 1017 2889 Ἰακὼϐ
1055 2832 1204 2900 πρὸς
1239 2832 1460 2902 Ἰωσήφ
1485 2849 1498 2860 ·
1552 2832 1714 2896 Οἶδα,
1763 2832 1852 2887 τέ-

263 2945 435 2992 κνον,
466 2927 631 2982 οἶδεν
666 2927 803 2981 ἀλλ’
851 2928 883 2980 ὀ
911 2924 1127 2995 μείζων
1167 2923 1485 2980 δουλεύσει
1534 2923 1614 2990 τῷ
1663 2924 1848 2980 ἐλάσ-

262 3035 423 3084 σονι,
461 3018 566 3073 καῖ
594 3019 771 3084 οὗτος
803 3016 872 3071 δὲ
903 3015 1400 3085 εὐλογηθήσεται.
1461 3017 1719 3083 Βλέπετε,
1755 3019 1849 3071 ἐπὶ

263 3107 425 3161 τίνων
459 3107 704 3171 τέθεικε,
737 3106 828 3160 τὸν
859 3105 986 3160 λαὸν
1039 3099 1180 3159 εἶναι
1227 3105 1414 3160 τοῦτον
1474 3107 1711 3180 πρῶτον,
1755 3111 1849 3164 καὶ

1955 2024 2139 2070 tuum,
2173 2008 2433 2078 cupiens,
2485 2017 2546 2062 ut
2578 2005 2860 2061 Manasses
2914 2007 3350 2070 benediceretur,
3409 2005 3538 2074 quia

1955 2111 2073 2156 erat
2106 2111 2236 2155 natu
2275 2101 2470 2171 major.
2525 2097 2712 2170 Itaque
2739 2099 3011 2170 Iosephus
3053 2101 3279 2154 adduxit
3303 2114 3428 2154 eum
3472 2099 3540 2151 ad

1957 2207 2182 2247 menum
2231 2191 2510 2245 dexteram
2566 2189 2739 2260 patris
2776 2189 2861 2245 sui
2916 2187 3130 2242 Jacobi.
3168 2186 3317 2242 Vidit
3355 2194 3538 2240 autem

1957 2280 2154 2349 spiritu
2199 2280 2438 2336 Iacobus
2505 2281 2737 2352 ﬁguram
2790 2280 2977 2351 populi
3029 2278 3267 2334 venturi.
3310 2276 3377 2331 Et
3408 2277 3537 2347 quid

1957 2386 2145 2432 narrat
2188 2375 2519 2447 Scriptura?
2555 2375 2623 2429 Et
2673 2375 3014 2429 commutavit
3063 2372 3295 2426 Iacobus
3349 2387 3538 2425 manus

1955 2486 2102 2539 suas,
2135 2481 2184 2525 et
2225 2469 2552 2543 [dexteram]
2603 2470 2780 2540 posuit
2829 2483 2987 2536 super
3027 2474 3186 2534 caput
3225 2463 3536 2532 Epltraimi,

1954 2561 2174 2616 minoris
2213 2579 2274 2616 ac
2303 2563 2538 2632 junioris
2563 2603 2577 2627 ,
2613 2573 2662 2615 et
2711 2559 2976 2614 benedixit
3006 2558 3109 2612 illi.
3153 2558 3405 2627 Dixitque
3436 2555 3538 2609 Io-

1954 2653 2140 2721 sephus
2176 2653 2246 2707 ad
2271 2653 2530 2708 Iacobum
2561 2669 2579 2707 :
2622 2652 2878 2721 Transfer
2901 2653 3172 2704 dexteram
3209 2661 3353 2701 tuam
3383 2664 3540 2714 super

1954 2754 2111 2815 caput
2145 2745 2412 2800 Manassis
2437 2787 2453 2813 ,
2492 2747 2617 2816 quia
2657 2746 2959 2815 primitivus
3003 2743 3149 2812 [ilius
3195 2757 3338 2794 meus
3373 2750 3448 2794 est
3467 2740 3534 2794 Μ.

1955 2833 2025 2889 Et
2052 2837 2321 2906 respondit
2349 2835 2583 2891 Iacobus
2609 2836 2840 2906 IoseplIo
2877 2852 2895 2890 :
2941 2833 3084 2899 Scio,
3116 2832 3217 2902 ﬁli,
3263 2833 3404 2896 scio;
3447 2831 3537 2886 sed

1953 2927 2128 2996 major
2194 2930 2386 2983 serviet
2445 2929 2681 2993 minori;
2746 2929 3084 2983 benedicetur
3141 2935 3318 2979 autem
3375 2925 3538 2979 etiam

1951 3018 2043 3072 ille
2064 3019 2129 3073 δ’.
2162 3018 2425 3088 Aspicite,
2477 3020 2544 3074 de
2581 3019 2912 3089 quibusnam
2937 3019 3188 3082 roluerlt,
3223 3033 3346 3073 esse
3391 3018 3539 3071 hunc

1952 3111 2189 3180 primum
2227 3111 2492 3182 populum
2527 3120 2583 3166 et
2609 3112 2922 3166 testamenti
2979 3112 3268 3167 Iurredcm.
3312 3112 3370 3164 Si
3406 3126 3538 3178 ergo

262 3198 366 3268 τῆς
402 3199 666 3270 διαθήκης
701 3197 1062 3270 κληρονόμον.
1111 3199 1176 3250 Εἰ
1223 3193 1314 3252 οὖν
1362 3198 1442 3252 ἔτι
1489 3200 1585 3254 καὶ
1631 3200 1720 3254 διὰ
1751 3201 1845 3254 τοῦ

1956 3201 2136 3256 adhuc
2171 3210 2225 3256 et
2260 3218 2356 3272 per
2382 3202 2756 3257 Abrahamum
2801 3203 3034 3272 populus
3070 3203 3162 3257 ille
3199 3216 3536 3257 commemo-

276 3290 527 3364 Ἀϐραὰμ
566 3291 841 3363 ἐμνήσθη,
881 3290 1182 3361 ἀπείχομεν
1222 3289 1284 3343 τὸ
1324 3289 1526 3344 τέλειον
1575 3291 1674 3362 τῆς
1705 3291 1845 3360 γνώ-

1955 3300 2102 3348 ratus
2124 3303 2202 3347 est
2227 3334 2241 3357 ,
2269 3302 2401 3348 tunc
2443 3293 2673 3350 scientia
2711 3303 2903 3350 nostra
2927 3296 2993 3350 ad
3022 3295 3410 3366 perfectionem
3452 3303 3536 3348 est

265 3400 404 3447 οεως
451 3384 629 3455 ήμῶν.
659 3384 724 3436 Τί
760 3379 853 3438 οὖν
880 3383 1027 3452 λέγει
1074 3383 1154 3454 τῷ
1202 3381 1486 3454 Ἀϐραάμ;
1541 3383 1668 3436 "Ott
1720 3383 1847 3436 ἐπί-

1955 3385 2195 3439 redacta.
2249 3383 2389 3451 Quid
2439 3385 2603 3456 igitur
2650 3385 2784 3441 dicit
2819 3385 2962 3441 Deus
3000 3387 3355 3442 Abrahamo?
3385 3385 3534 3451 Quo-

263 3489 553 3542 στευσας,
589 3473 759 3543 ἐτέθη
787 3477 874 3541 εὶς
897 3473 1289 3541 δικαιοσύνην
1307 3489 1320 3502 ·
1358 3471 1486 3525 ὶδοὺ
1509 3471 1740 3526 τέθεικὰ
1771 3488 1844 3528 σε

1955 3479 2097 3530 niam
2144 3477 2459 3542 credidisti,
2507 3477 2604 3530 tibi
2642 3479 2698 3530 in
2727 3478 3004 3546 justitiam
3039 3479 3143 3548 fuit
3185 3479 3533 3542 attributum;

1524 3589 1702 3650 Vetus
1735 3590 2208 3672 interpretatio.

267 3755 285 3770 .
329 3754 346 3769 .
390 3755 405 3769 .
449 3755 465 3770 .
510 3754 526 3769 .
572 3755 586 3767 .
631 3753 644 3766 .
689 3754 704 3767 .
749 3754 764 3768 .
809 3754 823 3767 .
870 3754 884 3768 .
931 3753 944 3767 .
989 3751 1005 3766 .
1053 3750 1068 3766 .
1110 3710 1308 3783 Iterum
1343 3710 1479 3783 dicit
1524 3709 1739 3783 Dagid:
1789 3712 1944 3767 Dixit
1978 3714 2240 3770 Dominus
2287 3716 2514 3771 Domino
2553 3731 2701 3769 meo:
2744 3713 2877 3771 Sede
2909 3717 2979 3769 ad
3018 3717 3288 3770 dexteram
3324 3732 3532 3783 meam,

262 3788 430 3858 donec
452 3800 643 3858 ponam
669 3785 911 3858 inimicos
937 3792 1060 3858 tuos
1093 3781 1187 3836 sub
1210 3779 1677 3858 pedibus‘tuisiljlt
1703 3783 1896 3838 iterum
1921 3784 2053 3840 dicit
2075 3784 2242 3841 Isaias
2272 3805 2284 3839 :
2317 3786 2407 3842 Sic
2433 3789 2562 3840 dicit
2591 3787 2846 3839 Dominus
2881 3787 3092 3858 Christo
3119 3805 3250 3852 meo,
3278 3805 3390 3840 meo
3417 3779 3530 3858 (75)

265 3852 515 3928 Domino.
553 3855 703 3928 cujus
735 3856 876 3928 te_nui
909 3854 1225 3928 dexteram:
1257 3853 1540 3906 exaudient
1571 3852 1726 3906 illum
1761 3864 1962 3928 ﬂentes,
1987 3867 2035 3928 et
2076 3858 2324 3910 virtutem
2356 3873 2534 3928 regum
2581 3873 2940 3926 corrumpam.
2974 3857 3183 3925 Videte,
3214 3874 3326 3927 quo
3362 3852 3531 3913 modo

265 3909 422 3982 illum
457 3909 738 3997 proplietae
767 3924 1082 3990 Dominum,
1125 3962 1141 3978 .
1187 3962 1202 3977 .
1247 3961 1262 3978 .
1308 3963 1324 3978 .
1365 3939 1472 3976 non
1511 3931 1725 3976 tantum
1758 3909 1962 3998 Filium
1995 3909 2208 3981 dicunt.

339 4017 476 4072 XIII.
517 4016 840 4084 Quaeramus
870 4016 1062 4086 igitur,
1099 4015 1145 4069 si
1204 4015 1295 4086 hic
1336 4014 1576 4084 p0pulus
1609 4014 1996 4086 jizcreditatem
2030 4017 2221 4086 capit,.
2265 4055 2282 4070 .
2323 4057 2338 4071 .
2385 4056 2399 4069 .
2438 4025 2488 4072 et
2519 4025 2906 4072 testamentum
2955 4020 3012 4074 in
3051 4019 3160 4074 illis
3189 4027 3292 4082 est,
3336 4027 3432 4072 aut
3461 4019 3516 4074 in

266 4089 450 4172 nobis.
489 4087 562 4143 De
602 4089 708 4172 ho'c
741 4084 974 4172 'audite;
1019 4087 1108 4172 sic
1150 4085 1424 4172 scriptum.
1462 4084 2021 4172 estﬁ('l_bj)i:AIioga_bat
2049 4084 2602 4172 Is_aac__prp.li'ebecca
2647 4102 2812 4172 uxore
2851 4106 2971 4156 sua,
3007 4091 3133 4172 quia
3166 4090 3365 4172 sterilis
3391 4100 3529 4145 erat.

277 4158 373 4213 Et.
420 4200 434 4213 .
483 4198 496 4213 .
542 4198 556 4212 .
602 4198 617 4212 .
657 4157 888 4212 Rebecca
912 4157 1178 4226 qttwrebat
1208 4171 1240 4207 a
1266 4155 1515 4220 Domino,
1547 4154 1678 4224 quid
1700 4154 1982 4226 portaret:
2017 4168 2066 4211 et
2100 4158 2237 4211 dixit
2278 4158 2362 4211 illi
2399 4158 2656 4211 Dominus
2690 4175 2712 4210 :
2749 4157 2885 4213 Duce
2916 4154 3149 4214 nationes
3178 4165 3232 4213 in
3271 4170 3419 4214 utero
3445 4171 3533 4214 tuo

269 4237 416 4294 sunt,
445 4239 499 4300 et
535 4229 639 4281 duo
665 4227 845 4298 populi
874 4243 938 4280 ex
967 4235 1118 4280 utero
1140 4236 1229 4279 tuo
1252 4237 1541 4300 nascentur
1559 4240 1598 4288 ,°.
1630 4266 1662 4300 _.
1709 4265 1722 4279 .
1769 4266 1782 4280 .
1830 4265 1844 4280 .
1884 4239 1933 4282 et
1962 4228 2139 4300 major
2172 4231 2360 4300 serviet
2388 4229 2602 4282 minori.
2651 4226 2935 4298 Intelligite
2963 4249 2975 4284 :
3005 4232 3130 4300 quis
3169 4232 3239 4300 sit
3274 4232 3449 4295 Isaac,
3481 4239 3535 4284 et

271 4315 396 4371 qua:
444 4296 840 4371 Rebeccatet.
884 4336 899 4371 .
940 4337 954 4350 .
1001 4335 1016 4349 .
1063 4337 1077 4350 .
1125 4337 1138 4350 .
1171 4296 1266 4371 qui
1301 4296 1533 4371 populus
1571 4297 1786 4362 minor,
1838 4307 1934 4352 aut
1985 4299 2182 4371 major.
2227 4297 2449 4371 lterum.
2476 4337 2511 4371 _.
2555 4335 2570 4352 .
2739 4337 2754 4352 .
2804 4296 2940 4355 dicit
2970 4296 3142 4355 Iacob
3183 4299 3384 4370 Ioseph
3423 4302 3534 4355 tilio

273 4366 378 4426 suo
415 4389 428 4424 :
464 4411 476 4423 .
525 4411 536 4423 .
582 4368 716 4422 Ecce
741 4366 999 4422 Dominus
1037 4383 1138 4438 uo_n
1164 4367 1440 4438 fraudavit
1456 4382 1536 4438 me
1561 4382 1626 4419 ex
1671 4383 1854 4436 genere
1870 4378 1971 4438 tuo
2003 4368 2120 4437 (75)
2144 4383 2162 4420 :
2193 4369 2387 4437 perduc
2415 4369 2483 4422 ad
2509 4386 2589 4422 me
2618 4369 2760 4438 ﬁlios
2789 4378 2906 4424 tuos
2932 4387 2952 4436 ;
2981 4383 3031 4426 et
3059 4366 3360 4425 benedicain
3387 4372 3529 4424 illos.

281 4441 350 4496 Et
380 4441 608 4495 adduxit
643 4439 933 4494 Manassen
982 4446 1036 4491 et
1069 4436 1360 4507 _Ephrai_m.
1400 4435 1603 4491 Volens
1647 4435 1830 4507 autem
1869 4435 2154 4493 Manassen
2193 4435 2444 4493 benedici
2485 4435 2626 4507 quia
2649 4438 2827 4506 major
2853 4435 2971 4496 erat
3003 4482 3016 4506 ,
3045 4443 3236 4496 statuit
3265 4442 3415 4495 illum
3457 4481 3469 4493 .
3516 4481 3529 4492 .

270 4511 342 4566 ad
381 4511 662 4566 dexteram
714 4509 886 4578 patris
927 4507 1010 4562 sui
1053 4505 1243 4561 Iacob.
1280 4505 1425 4580 Vidit
1454 4513 1644 4580 autem
1679 4506 1850 4561 Jacob
1883 4510 1940 4561 in
1975 4509 2174 4580 spiritu
2218 4505 2692 4580 ﬁgurampupuli,
2740 4505 2836 4580 qui
2886 4522 3074 4580 postea
3115 4511 3333 4565 futurus
3355 4521 3474 4564 erat
3515 4529 3528 4564 :

267 4591 343 4636 et.
389 4622 405 4637 .
450 4621 463 4635 .
497 4577 750 4634 conuertit
774 4595 984 4643 manus,
1024 4586 1074 4631 et
1115 4578 1393 4648 transtulit
1427 4579 1702 4631 dexteram
1735 4595 1892 4647 super
1918 4577 2077 4648 caput
2109 4577 2370 4647 Epitraim
2403 4577 2625 4631 minoris
2647 4593 2666 4639 ;
2690 4588 2738 4631 et
2781 4577 3045 4635 benedixit
3069 4582 3246 4636 illum.
3286 4581 3355 4634 Et
3393 4582 3531 4634 dixit

265 4650 466 4722 Ioseph
488 4652 629 4722 patri
660 4666 759 4722 suo
791 4649 1095 4722 :Iransfq
1131 4646 1347 4722 manum
1379 4657 1526 4722 tuam
1567 4646 1843 4722 dexteram
1869 4646 2027 4719 super
2066 4646 2224 4722 caput
2257 4649 2547 4722 Manassae,
2581 4648 2708 4722 quia
2749 4649 3052 4717 primitivus
3080 4652 3225 4722 [ilius
3250 4668 3396 4705 meus
3431 4661 3528 4706 est.

268 4721 339 4776 Et
386 4717 524 4775 dixit
565 4719 733 4775 Iacob
767 4735 785 4774 :
821 4718 968 4780 Scio,
1011 4719 1114 4788 ﬁli,
1157 4718 1268 4791 scio
1306 4732 1324 4770 :
1363 4719 1454 4772 sed
1478 4717 1652 4791 maior
1681 4717 2139 4791 serviet_minori,‘
2181 4720 2272 4773 sed
2304 4727 2352 4771 et
2390 4718 2475 4770 hic
2501 4717 2854 4773 benedicetur.
2896 4717 3090 4776 Videte'
3110 4737 3271 4791 quem
3304 4722 3536 4778 voluerit

264 4807 391 4847 esse
423 4792 683 4861 primum.
729 4831 743 4843 .
789 4831 804 4845 .
844 4831 856 4843 .
892 4787 1202 4844 testamenti
1235 4789 1526 4861 hauedem.
1560 4787 1652 4861 Sic
1676 4805 1806 4861 ergo
1837 4789 1948 4857 (76)
1978 4798 2032 4845 et
2060 4806 2145 4860 per
2177 4791 2456 4861 Abraham
2489 4800 2958 4861 commemoratus
2978 4801 3082 4858 est,
3112 4787 3376 4847 habemus
3403 4808 3533 4846 cnn-

266 4857 695 4934 sumu'Iationem
729 4861 1232 4934 scientitenostraa.
1264 4857 1406 4923 Quid
1433 4857 2226 4934 ergodicit'Abraltam,_CIIn1
2263 4860 2417 4934 solus
2464 4859 2896 4934 credidisset._et
2941 4857 3153 4934 positus
3197 4872 3346 4918 esset
3371 4863 3424 4916 in
3445 4863 3535 4932 ju-

264 4933 415 4988 stitia
448 4933 471 4986 ?
493 4931 629 4986 Ecce
662 4932 814 5001 posui
837 4940 905 4997 te,
930 4930 1221 4994 Abraham,
1245 4937 1450 4998 patrem
1475 4929 1772 4996 nationum,
1800 4946 1918 5000 qua:
1942 4931 2160 4984 credunt
2188 4931 2416 4984 Domino
2441 4946 2547 4983 non
2570 4929 2919 5001 circumcisae.
2941 4929 2958 4934 ⁷
3447 4929 3461 4932 ⁷
3547 4941 3554 4947 ’

365 5053 410 5084 ⁷⁸
432 5050 570 5106 Gen.
596 5067 726 5112 xxv,
759 5051 850 5117 2|;
901 5050 1000 5107 cI‘r.
1033 5052 1193 5108 Rom.
1245 5070 1322 5119 Ix,
1368 5051 1556 5107 I042.
1633 5055 1676 5087 ⁷³
1707 5055 1842 5110 Gen.

262 5123 308 5154 "
345 5121 485 5178 Gen.
515 5137 707 5188 XLVIII,
735 5122 822 5176 I9.

1955 5073 2016 5120 ν,
2063 5056 2151 5111 23.
2231 5057 2278 5089 '°
2326 5055 2460 5112 Gen.
2508 5071 2696 5120 xum,
2723 5054 2777 5121 9,
2816 5053 2903 5107 11.
2979 5051 3021 5082 ⁸¹
3053 5051 3188 5106 Gen.
3223 5063 3414 5116 ηνιιι,
3445 5047 3530 5103 I8.

1548 5283 1552 5286 .
1577 5237 1947 5296 VARIORUM
1977 5239 2209 5295 NOTAE.

337 5344 448 5418 (70)
477 5345 649 5402 Verba
679 5348 837 5403 uncis
874 5347 1083 5404 inclusa
1115 5362 1182 5404 ex
1212 5349 1494 5418 interpret.
1529 5347 1648 5404 Lat.
1676 5350 1837 5405 resti-
1945 5352 2077 5406 edit.
2111 5351 2290 5407 Oxon.

260 5418 580 5494 ῑυίξῌεροη
709 5489 763 5494 η
898 5489 927 5494 _
1069 5490 1079 5494 Α
1210 5491 1240 5494 __
1285 5492 1291 5494 Α
1349 5489 1392 5494 __
1506 5491 1515 5494 _
1951 5493 1961 5494 ί
2019 5421 2132 5493 (75)
2176 5422 2258 5475 Ex
2299 5439 2480 5492 genere
2529 5432 2638 5476 tuo.
2681 5423 2774 5479 Gr.
2820 5435 3096 5494 conspectu
3144 5437 3236 5479 tuo
3273 5439 3292 5476 :
3333 5422 3536 5478 rectius

1942 5493 2098 5562 quta
2149 5509 2362 5547 sacram
2421 5494 2781 5561 Scripturam.
2816 5493 2953 5549 Mes.
2997 5525 3066 5534 —
3118 5494 3236 5550 Vct.
3267 5495 3535 5562 interpres

337 5488 452 5562 (ῃ)
490 5487 860 5562 Εὑλογηθῆναι
897 5489 1026 5544 Dav.
1061 5490 1315 5557 benedici,
1349 5489 1470 5546 Vet.
1505 5491 1700 5561 interp.

338 5559 451 5634 (lg)
492 5559 567 5634 I_t_a
595 5577 668 5634 eat
688 5559 803 5634 :vet.
831 5561 1034 5634 interp.
1066 5561 1484 5634 restituendum.
1646 5559 1660 5561 ἡ

1955 5559 2164 5634 Videtur
2198 5564 2394 5634 legisse
2422 5559 2625 5634 γένους.
2660 5562 2822 5618 Ρειι..

2021 5632 2424 5707 (76)..8ξεενςο.
2458 5633 2768 5707 Menardus,
2802 5637 2865 5690 Si
2892 5637 2987 5689 IIoc
3012 5654 3154 5707 ergo.
3186 5636 3272 5690 AI.
3307 5633 3366 5690 Si
3386 5651 3528 5702 ergo.

1951 5701 2040 5756 Sic
2063 5701 2354 5775 ct'FeIIusi
2391 5704 2483 5772 qui
2519 5705 2682 5772 paulo
2709 5717 2833 5772 post
2865 5701 3105 5775 exhibet,
3151 5701 3528 5764 commemora-

1955 5783 2064 5826 tum
2095 5785 2195 5833 est,
2232 5774 2446 5842 vulgata
2482 5775 2712 5829 lectione
2739 5778 2954 5845 reiecta.

343 5629 459 5699 (75)
486 5629 888 5696 Meo.,Alterum
925 5631 1183 5685 abundat.
1209 5630 1390 5687 Fellus
1415 5643 1594 5687 tamen
1628 5641 1840 5686 utrum-

261 5717 376 5770 que
402 5702 642 5756 retinuit.

345 5771 459 5840 (74)
483 5770 571 5826 Sic
602 5774 857 5842 scriptum
879 5779 972 5825 est.
1002 5769 1185 5838 Forte,
1211 5772 1338 5840 quid
1361 5776 1613 5842 scriptum
1638 5785 1735 5830 est.
1763 5773 1835 5829 Ita
