4010 6150
277 291 387 344 769

266 405 368 466 οὖν
428 413 456 466 ὁ
503 418 789 483 προφήτης
833 428 846 442 ⁸

265 501 543 558 ἕκάλεσά
587 519 661 558 σε
723 505 794 558 ἐν
837 503 1223 569 δικαιοσύνῃ,
1271 499 1369 553 καὶ
1406 501 1688 568 κρατήσω
1743 498 1853 568 τῆς

265 596 476 664 χειρός
530 611 682 658 σου,
741 595 837 648 καὶ
896 594 1203 662 ὲνισχύσω
1244 609 1355 657 σε,
1405 594 1500 646 καὶ
1551 593 1741 646 ἔδωκά
1783 610 1854 646 σε

267 689 362 754 εις
423 686 718 755 διαθήκην
761 686 1002 757 γένους,
1043 688 1131 752 εὶς
1167 685 1295 755 φῶς
1356 684 1568 749 ἐθνῶν,
1620 685 1853 749 ἀνοῖξαι

271 778 622 848 ὀφθαλμοὺς
660 777 936 847 τυφλῶν,
988 778 1084 830 καὶ
1134 776 1449 847 ἐξαγαγεῖν
1508 777 1576 829 ἐκ
1617 775 1856 845 δεσμῶν

271 870 757 939 πεπεδημένους,
792 869 862 934 ἐξ
916 869 1086 923 οἴκου
1143 868 1424 939 φυλακῆς
1482 869 1855 938 καθημένους

269 962 345 1013 ἐν
387 962 589 1015 σκότει
623 961 755 1031 (87).
819 960 1121 1015 Γινώσκετε
1180 954 1292 1025 οὖν,
1347 959 1508 1014 πόθεν
1547 959 1856 1032 ἐλυτρώθη-

275 1070 396 1123 μεν.
437 1053 566 1124 (Καὶ
625 1052 786 1106 πάλιν
837 1054 866 1104 ὁ
907 1053 1196 1124 προφήτης
1247 1051 1394 1120 λέγει
1444 1051 1604 1119 (88)·
1679 1051 1851 1116 Ἰδοὺ,

270 1141 505 1196 τέθεικά
539 1159 612 1196 σε
643 1145 730 1208 εἰς
761 1142 888 1212 φῶς
927 1141 1136 1205 ἐθνῶν,
1173 1143 1280 1198 τοῦ
1319 1143 1473 1197 εἷναί
1511 1158 1584 1197 σε
1614 1145 1701 1209 εὶς
1737 1159 1854 1198 σω-

269 1225 485 1302 τηρίαν
508 1235 620 1301 ἕως
648 1234 912 1304 ἐσχάτου
946 1235 1056 1304 τῆς
1088 1235 1220 1307 γῆς,
1249 1236 1411 1307 λέγει
1436 1237 1650 1304 Κύριος
1683 1239 1716 1290 ὁ
1741 1240 1853 1290 λυ-

269 1325 652 1395 τρωσάμενός
682 1342 756 1380 σε
787 1325 930 1392 Θεός
958 1325 1125 1398 (89).)
1156 1326 1266 1379 Καὶ
1296 1325 1454 1380 πάλιν
1491 1329 1519 1380 ὁ
1571 1328 1856 1398 προφήτης

271 1419 442 1489 λέγει·
532 1420 776 1489 Πνεῦμα
842 1421 1065 1487 Κυρίου
1136 1419 1228 1472 ἐπ’
1303 1421 1446 1489 ἐμὲ,
1507 1419 1579 1472 οὗ
1650 1419 1858 1473 ἕνεκεν

271 1509 479 1578 έχρισέ
503 1528 598 1579 με,
631 1511 1129 1580 εὐαγγελίσασθαι
1148 1510 1445 1576 ταπεινοῖς
1469 1508 1673 1579 χάριν’
1709 1508 1854 1565 ἀπέ-

270 1603 503 1656 σταλκέ
537 1621 632 1673 με,
669 1602 955 1656 ἰάσασθαι
996 1602 1137 1668 τοὺς
1168 1603 1712 1672 συντετριμμένους
1744 1603 1858 1672 τὴν

271 1695 544 1765 καρδίαν,
590 1694 840 1762 κηρύξαι
887 1693 1284 1765 αἰχμαλώτοις
1331 1694 1568 1764 ἄφεσιν,
1617 1695 1716 1749 καὶ
1751 1713 1852 1750 τυ-

1507 279 1842 342 ΕΡΓΞΤΟΕΑ
1879 285 2296 341 CATHOLICA.

920 409 1068 481 Ἐγὼ
1133 409 1376 475 Κύριος,
1433 409 1464 459 ό
1501 408 1644 473 Θεός
1713 425 1851 469 σου,

1960 402 2099 457 Dicit
2151 405 2314 474 igitur
2361 405 2671 474 propheta:
2715 404 2826 475 Ego
2872 405 3151 466 Dominus,
3207 403 3343 457 Deus
3391 413 3534 469 tuus,

3433 286 3536 339 770

1955 499 2131 550 vocavi
2162 508 2209 550 te
2236 500 2290 550 in
2312 497 2552 566 justitiu,
2587 507 2634 550 et
2671 497 2851 550 tenebo
2887 513 3103 550 manuni
3135 504 3301 562 tuam,
3337 506 3387 551 et
3417 511 3536 548 cor-

1957 589 2212 644 roborabo
2245 600 2328 655 te;
2365 603 2412 644 et
2445 590 2568 643 dedi
2612 599 2658 642 te
2692 591 2745 642 in
2781 599 3147 642 testamentum
3192 604 3430 658 generis,
3480 588 3536 640 in

1955 683 2123 736 lucem
2156 683 2408 752 gentium,
2453 682 2523 735 ad
2564 681 2903 751 aperiendum
2945 680 3121 733 oculos
3165 695 3447 744 caecorum,
3483 690 3534 731 et

1955 771 2023 823 ad
2053 772 2379 825 educendum
2403 772 2465 824 de
2488 771 2713 825 vinculis
2750 770 3010 840 illigatos,
3037 771 3100 822 de
3119 772 3276 822 domo
3304 770 3528 822 carceris

1954 865 2191 919 sedentes
2224 866 2278 918 in
2315 865 2540 918 tenebris
2563 864 2632 917 ³⁸.
2679 863 2970 933 Agnoscite
3003 878 3154 933 ergo,
3184 865 3326 916 unde
3358 863 3529 917 simus

1955 957 2240 1026 redempti.
2278 955 2367 1026 (Et
2408 956 2603 1010 iterum
2636 955 2900 1032 propheta
2935 955 3066 1009 dicit
3094 974 3106 1008 :
3137 953 3270 1007 Ecce
3305 956 3455 1023 posui
3482 965 3527 1008 te

1956 1051 2008 1103 in
2031 1050 2199 1104 lucem
2225 1052 2481 1121 gentium,
2507 1060 2565 1103 ut
2582 1052 2656 1105 sis
2673 1050 2727 1104 in
2741 1047 2968 1105 salutem
2984 1065 3147 1120 usque
3159 1053 3230 1104 ad
3240 1061 3529 1104 extremum

1958 1154 2142 1208 teri-ar;
2168 1142 2328 1216 [hac]
2357 1144 2490 1197 dicit
2521 1143 2776 1197 Dominus
2795 1143 3110 1213 Redemptor
3137 1153 3256 1197 tuus
3279 1144 3371 1214 ⁸⁸.)
3390 1143 3532 1197 Rur-

1957 1253 2051 1292 sus
2109 1239 2370 1308 propheta
2427 1237 2562 1292 dicit
2606 1257 2620 1292 :
2666 1237 2899 1309 Spiritus
2953 1239 3164 1292 Domini
3216 1256 3372 1308 super
3430 1255 3530 1303 me,

1955 1341 2168 1399 propter
2188 1332 2326 1400 quod
2355 1330 2508 1383 unxit
2534 1347 2633 1395 me,
2658 1333 3017 1402 evangelizare
3039 1332 3356 1395 humilibus;
3387 1333 3532 1385 misit

1957 1439 2057 1486 me,
2104 1439 2295 1476 sanare
2338 1425 2594 1476 contritas
2636 1423 2822 1489 corde,
2862 1424 3154 1493 prwdicarc
3187 1425 3406 1492 captivis
3447 1440 3533 1476 re-

1958 1516 2259 1569 missionem
2297 1524 2346 1569 et
2389 1516 2540 1570 caecis
2583 1517 2773 1583 visum,
2816 1525 2863 1569 et
2906 1517 3151 1570 nuntiare
3190 1534 3387 1570 annum
3427 1516 3534 1569 Do-

1957 1607 2090 1660 mini
2136 1617 2405 1676 acceptum
2436 1650 2452 1674 ,
2498 1617 2548 1662 et
2599 1609 2736 1663 diem
2807 1609 3171 1662 retributionis
3210 1645 3228 1673 ,
3270 1609 3533 1662 consolari

1959 1715 2137 1752 omnes
2176 1699 2409 1769 lugentes
2442 1701 2507 1753 ’°.

273 1791 452 1859 φλοῖς
519 1789 876 1859 ἀνάϐλεψιν,
934 1789 1030 1842 καὶ
1113 1788 1370 1843 καλέσαι
1417 1789 1697 1844 ἐνιαυτὸν
1747 1791 1968 1860 Κυρίου
2012 1792 2122 1865 (90)
2175 1793 2407 1860 δεκτόν,
2468 1797 2563 1850 καὶ
2624 1797 2852 1866 ἡμέραν
2896 1796 3368 1862 ἁντιιποδόσεως,
3427 1814 3534 1850 πα-

267 1881 603 1950 ρακαλέσαι
641 1880 868 1947 πάντας
900 1880 1041 1946 τοὺς
1067 1880 1435 1947 πενθοῦντος
1468 1881 1597 1954 (91).

869 1975 986 2032 XV.
1023 1974 1311 2030 Sabbatum
1336 1975 1648 2032 Judceomm
1677 1993 1783 2031 non
1813 1985 1889 2031 est
1917 1989 2132 2038 verum;
2166 1973 2271 2028 Deo
2306 1985 2573 2045 acceptum
2593 1976 2900 2034 Sabbatum.

313 2130 320 2136 ,
351 2084 469 2138 Ἔτι
493 2085 585 2136 καὶ
610 2085 735 2156 περ).
755 2084 850 2138 τοῦ
865 2085 1146 2142 Σαϐὁὰτου
1175 2088 1486 2160 γέγραπται
1504 2090 1562 2142 ὲν
1579 2092 1693 2153 τοῖς
1721 2089 1854 2144 δέκα

2028 2088 2223 2142 Adhuc
2256 2095 2309 2142 et
2349 2088 2418 2142 de
2445 2086 2684 2142 Sahhato
2721 2089 2982 2158 scriptum
3029 2093 3112 2140 est
3158 2087 3210 2139 in
3238 2085 3534 2158 [Dccalogo

275 2173 474 2242 λόγοις,
503 2177 558 2226 ἐν
588 2170 669 2239 οἷς
698 2175 959 2248 ἐλάλησεν
987 2179 1045 2230 ὲν
1077 2179 1154 2250 τῷ
1186 2179 1301 2250 ὄρει
1328 2180 1458 2233 Σινᾶ
1483 2181 1619 2250 πρὸς
1646 2181 1854 2250 Μωσῆν

277 2263 418 2318 κατὰ
448 2266 738 2336 πρόσωπον
758 2284 771 2296 ο
804 2267 912 2320 Καὶ
961 2267 1250 2338 ἁγιάσατε
1297 2268 1361 2322 τὸ
1403 2269 1708 2324 Σάϐϐατον
1735 2275 1854 2324 Κυ-

270 2357 408 2424 ρίου
456 2359 626 2426 χερσὶ
687 2358 972 2426 καθαραῖς
1024 2361 1120 2413 καὶ
1177 2359 1390 2428 καρδίᾳ
1438 2360 1685 2430 καθαρᾷ.
1745 2363 1855 2416 Καὶ

276 2448 338 2502 ὲν
375 2448 544 2520 ἑτέρῳ
578 2448 758 2518 λέγει’
804 2448 944 2503 Ἐὰν
1003 2449 1362 2519 φυλάξωσιν
1393 2451 1450 2504 οἱ
1490 2452 1610 2505 υἱοί
1634 2471 1752 2521 μου
1782 2453 1854 2507 τὰ

272 2539 564 2603 Σάϐϐατα,
595 2541 724 2593 τότε
756 2539 1024 2607 ἐπιθήσω
1057 2540 1122 2593 τὸ
1151 2542 1323 2606 ἔλεός
1340 2559 1459 2610 μου
1480 2542 1572 2595 ἐπ’
1609 2545 1850 2611 αὐτούς.

277 2630 350 2682 Τὸ
381 2631 658 2686 Σάϐϐα-τον
693 2632 839 2702 λέγει
872 2635 928 2686 ἐν
958 2634 1099 2704 ἀρχῇ
1131 2633 1230 2704 τῆς
1265 2633 1525 2698 κτίσεως·
1549 2637 1658 2689 Καὶ
1689 2636 1853 2689 ἐποί-

275 2736 430 2788 ησεν
483 2727 516 2776 ό
559 2723 702 2789 Θεὸς
736 2725 806 2777 ὲν
836 2724 904 2788 ἓξ
934 2723 1179 2793 ἡμέραις
1220 2725 1290 2778 τὰ
1315 2725 1459 2795 ἔργα
1487 2726 1605 2779 τῶν
1639 2727 1854 2795 χειρῶν

275 2813 482 2877 αὐτοῦ,
519 2814 614 2866 καὶ
641 2814 1044 2868 συνετέλεσεν
1082 2815 1152 2867 ἐν
1180 2813 1257 2884 τῇ
1288 2815 1475 2884 ἡμέρᾳ
1508 2815 1584 2885 τῇ
1609 2818 1848 2887 ἑϐδόμῃ,

276 2905 372 2958 καὶ
401 2905 784 2973 κατέπαυσεν
801 2907 871 2961 ἐν
897 2905 1072 2975 αὐτῇ,
1101 2901 1198 2960 καὶ
1230 2908 1486 2976 ἡγίασεν
1508 2908 1701 2975 αὐτήν
1717 2910 1848 2981 (92).

275 2995 599 3066 Προσέχετε,
631 2998 816 3061 τέκνα,
864 2998 915 3050 τί
960 2997 1105 3068 λέγει
1144 2999 1206 3051 τὸ
1233 2999 1639 3054 συνετέλεσεν
1678 3000 1748 3053 ἐν
1782 2999 1852 3066 ἒξ

275 3085 539 3153 ἡμέραις.
559 3087 728 3141 Τοῦτο
750 3087 895 3157 λέγει
919 3088 1000 3140 ᾶτι
1027 3089 1271 3143 συντελεῖ
1295 3089 1406 3163 (95)
1432 3091 1461 3143 ὁ
1491 3091 1624 3154 Θεὸς
1649 3091 1854 3164 Κύριος

1955 2178 2075 2251 seu]
2110 2179 2296 2234 decem
2348 2179 2567 2244 verbis,
2615 2196 2736 2248 qua:
2775 2179 3043 2234 Dominus
3079 2178 3131 2229 in
3184 2187 3368 2230 monte
3399 2175 3530 2229 Sina

1953 2271 2173 2326 locutus
2213 2279 2298 2326 est
2347 2268 2416 2324 ad
2461 2269 2669 2335 Mosen,
2712 2285 2776 2326 os
2820 2271 2885 2324 ad
2938 2285 3039 2324 os:
3089 2267 3155 2321 Et
3201 2269 3532 2337 sancti/irate

1956 2359 2251 2416 Sabbatum
2280 2359 2498 2413 Domini
2528 2359 2771 2413 manibus
2804 2360 3015 2413 mundis
3051 2369 3100 2412 et
3135 2376 3265 2428 puro
3293 2358 3528 2412 corde".

1955 2451 2022 2506 Et
2067 2452 2196 2506 alibi
2245 2451 2380 2506 dicit
2422 2471 2436 2505 :
2494 2449 2554 2506 Si
2605 2453 2948 2506 custodierint
2993 2452 3098 2522 lilii
3140 2452 3241 2505 mei
3268 2451 3530 2517 Sabbata,

1954 2556 2080 2599 tunc
2103 2562 2297 2616 ponam
2327 2547 2747 2600 misericordiam
2777 2564 2943 2600 meam
2979 2562 3136 2616 super
3159 2545 3281 2600 illos
3303 2547 3368 2599 θ’.
3399 2545 3534 2600 Sab-

1961 2638 2072 2694 bati
2125 2638 2372 2692 meminit
2417 2637 2748 2710 [Scriptura]
2791 2638 2844 2692 in
2885 2639 3154 2709 principio
3207 2637 3529 2692 creationis:

1961 2728 2214 2799 Fecitque
2242 2728 2383 2783 Deus
2416 2731 2471 2783 in
2494 2747 2588 2785 sex
2609 2731 2794 2784 diebus
2819 2742 2975 2800 opera
3003 2748 3253 2784 manuum
3288 2747 3530 2794 suarum,

1958 2829 2007 2873 et
2035 2819 2194 2872 desiit
2222 2819 2309 2872 die
2329 2819 2576 2888 septima,
2602 2829 2651 2874 et
2679 2837 2743 2874 ea
2773 2821 3046 2890 requievit,
3084 2829 3134 2875 et
3175 2823 3533 2890 sanctiﬁcavit

1957 2927 2072 2965 eam
2093 2909 2161 2966 9'.
2195 2910 2493 2976 Advertite,
2525 2911 2639 2978 lilii,
2675 2911 2806 2982 quid
2835 2912 2981 2968 dicat
3011 2931 3022 2966 :
3053 2912 3446 2968 Consummavit
3477 2915 3534 2968 in

1959 3018 2051 3056 sex
2091 3001 2294 3058 diebus.
2330 3001 2389 3057 ld
2423 3003 2544 3058 ait:
2588 3003 2773 3058 omnia
2819 3005 3228 3060 consummabit
3267 3005 3533 3061 Dominus

1961 3092 2104 3150 Deus
2153 3094 2211 3148 in
2256 3109 2348 3150 sex
2392 3094 2634 3151 millibus
2679 3109 2985 3163 annorum;
3021 3111 3147 3150 nam
3197 3097 3340 3166 apud
3377 3098 3531 3152 illum

1529 3210 1711 3270 Vetus
1744 3211 2212 3290 interpretatio.

277 3332 614 3410 novissimum
632 3343 808 3400 teri-te,
829 3337 966 3410 sicut
987 3335 1124 3410 dicit
1142 3334 1420 3401 Dominus,
1443 3336 1534 3405 qui
1553 3345 1601 3391 te
1616 3336 1858 3391 liberavit
1883 3336 2075 3410 Deus__:
2105 3337 2289 3410 quiin
2312 3337 2417 3410 hoc
2444 3349 2667 3410 paratus
2696 3348 2798 3406 est,
2824 3349 2884 3395 ut
2904 3341 3196 3395 adventum
3228 3339 3339 3409 (94)
3358 3341 3531 3410 ipsius

276 3403 575 3479 praecordia
603 3411 786 3457 nostra
808 3421 930 3472 quae
947 3406 1058 3473 jam
1078 3403 1547 3479 absumpta_.erant
1570 3423 1601 3462 a
1637 3414 1813 3479 m_orte
1839 3416 1894 3461 et
1922 3403 2496 3479 tradita—iniquitati;
2523 3403 2839 3464 liberaret'a
2870 3411 3128 3475 tenebris,
3154 3419 3207 3463 et
3235 3403 3534 3466 testaretur

279 3473 332 3524 in
362 3472 517 3524 nobis
542 3481 928 3550 tesmnientum
951 3472 1644 3550 servorum,(9_5)suor_um.
1667 3477 1942 3546 Scriptum
1970 3486 2054 3550 est
2083 3479 2227 3533 enim
2249 3472 2531 3550 quomodo
2565 3481 2641 3534 illi
2670 3479 2831 3534 Pater
2862 3472 3310 3550 mandaveritLut
3335 3481 3532 3536 libera-

283 3551 362 3593 ret
396 3557 494 3622 nos
522 3557 570 3622 ιι.
598 3543 859 3622 tenebris,
902 3553 956 3598 et
995 3553 1215 3622 pararet
1242 3545 1347 3599 sibi
1376 3547 1638 3614 pOpulum
1666 3543 1941 3622 sanctum.
1971 3547 2116 3622 Dicit
2149 3543 2577 3622 ergo'propheta
2621 3551 2702 3605 sic
2731 3570 2743 3604 :
2773 3550 2885 3621 Ego
2915 3551 3170 3622 Dominus
3209 3543 3355 3622 Deus
3382 3561 3526 3616 tuus,

245 3620 251 3628 '
278 3613 455 3694 διοσαυὶ
480 3623 527 3665 te
553 3613 608 3694 in
640 3614 891 3683 cequitate
919 3630 936 3667 :
962 3613 1142 3694 tenebo
1167 3632 1377 3694 manum
1408 3613 1556 3668 tuam
1588 3628 1638 3671 et
1669 3618 1862 3694 fortem
1885 3627 1932 3671 te
1955 3618 2160 3694 faciam
2183 3613 2346 3694 εἶτεάὶ
2372 3613 2502 3694 tein
2528 3613 2891 3675 testimonium
2930 3621 3170 3694 gentibus
3207 3621 3319 3690 (96)
3343 3663 3357 3686 ,
3402 3631 3449 3674 et
3474 3613 3530 3676 in

279 3679 796 3761 lumeanationum,‘
827 3697 880 3738 ut
913 3686 1122 3755 aperias
1149 3687 1358 3761 oculos
1379 3679 1678 3761 caecorum;
1705 3698 1750 3741 et
1784 3679 2078 3761 educasde
2110 3691 2336 3744 vinculis
2358 3691 2632 3761 alligatos.
2677 3732 2691 3744 .
2736 3733 2748 3744 .
2796 3733 2809 3745 .
2857 3733 2868 3745 .
2914 3679 2952 3746 ,ν
2974 3689 3182 3746 Scitote
3208 3679 3361 3761 ergo,
3386 3694 3531 3747 unde

282 3751 494 3834 liberati
523 3769 736 3834 sumius.
770 3751 968 3834 lterum
1007 3756 1273 3826 propheta
1305 3757 1438 3812 dicit
1463 3755 1744 3834 :__Spiritus
1785 3757 2007 3834 Domini.
2039 3777 2196 3834 super
2235 3777 2349 3826 me,
2381 3751 2595 3831 pr5pter
2634 3762 2774 3834 quod
2802 3764 2956 3816 unxit
2981 3777 3096 3825 me;
3128 3761 3254 3834 bene
3272 3751 3531 3834 nuntiare

277 3820 573 3878 hominibus
615 3824 728 3894 (97)
773 3827 915 3902 mjsit
943 3820 1051 3902 me,
1088 3820 1700 3902 curarecontribulatos
1737 3829 1929 3896 corde,
1969 3820 2260 3899 pradicare
2307 3820 2529 3902 captivis
2570 3820 2951 3899 remissionem,
3010 3820 3259 3887 et'ctecis
3319 3833 3526 3899 visum,

277 3902 324 3944 et
355 3907 541 3946 vocare
569 3911 768 3949 annum
802 3896 1015 3950 Domini
1037 3897 1436 3967 acceptabilem.
1479 3938 1492 3951 .
1539 3937 1553 3952 .
1600 3939 1613 3952 .
1659 3939 1674 3954 .
1719 3941 1729 3953 .
1777 3941 1788 3952 .
1836 3939 1848 3951 .
1895 3939 1910 3955 .

352 3981 468 4036 XV.
499 3985 692 4077 Adhuc
722 3988 872 4077 etldce
900 3988 1144 4077 sabbati:
1174 3989 1436 4077 scriptum
1465 3998 1549 4070 est
1579 3987 1632 4042 in
1663 3988 1850 4077 decem
1887 3990 2090 4077 verbis,
2121 3993 2322 4063 quibus
2351 3992 2586 4077 locutus;
2595 4004 2679 4050 est
2697 3993 2761 4077 in
2777 4004 2978 4077 .monte
3011 3993 3142 4077 Sina
3178 3995 3245 4050 ad
3283 3995 3526 4077 Moysen,

288 4091 395 4133 εμπ...
426 4094 438 4106 .
547 4072 600 4133 Ζε
625 4056 975 4133 Sanctiﬁcate
1006 4056 1301 4133 Sabbatuni
1312 4059 1818 4133 Dominimanibus
1834 4056 2082 4133 mundis,
2104 4056 2155 4116 ei
2183 4080 2315 4133 puro
2339 4066 2513 4121 corde.
2547 4065 2610 4119 Et
2659 4065 2788 4119 alibi
2845 4066 3009 4120 dicit:
3063 4065 3125 4120 Si
3173 4056 3527 4122 custodierint

285 4123 385 4207 filii
411 4126 508 4207 mei
540 4123 852 4207 Sabbatum,
879 4137 1002 4181 tunc
1031 4130 1228 4197 faciam
1249 4129 1750 4207 misericordiamin
1780 4131 1909 4207 illis.
1937 4123 2237 4188 Sabbatuln
2261 4135 2396 4189 dicit
2425 4136 2644 4207 initium
2675 4135 2787 4206 (98)
2813 4137 3268 4207 constitutionis;
3301 4137 3370 4192 Et
3401 4139 3526 4207 fecit

289 4192 424 4273 Deus
447 4195 532 4247 die
560 4206 705 4250 sexto
735 4213 898 4273 opera
913 4192 1509 4273 sua,'et__cons_umm_avit
1555 4200 1607 4252 in
1631 4201 1715 4273 die
1738 4202 1980 4270 septimo,
2013 4214 2062 4257 et
2101 4207 2350 4273 requievit
2380 4208 2436 4259 in
2458 4206 2552 4260 illo
2572 4192 2692 4272 die;
2720 4243 2736 4259 .
2758 4192 2781 4259 .’
2808 4246 2822 4260 .

2859 4247 2872 4260 .
2927 4206 3223 4273 Attenditc,
3246 4206 3364 4272 lilii,
3393 4206 3526 4273 Quid

285 4263 434 4342 dicit,
466 4263 847 4345 consummavit
880 4269 935 4345 in
963 4285 1054 4322 sea:
1075 4269 1208 4345 dies.
1238 4268 1352 4345 Hoc
1374 4269 1678 4345 dicit,_quia
1715 4263 2116 4345 consummavit
2154 4263 2266 4345 ('99)
2294 4275 2437 4330 Deus
2458 4277 2641 4330 omnia
2666 4263 2726 4330 in
2753 4292 2844 4331 sex
2885 4277 3049 4330 millia
3076 4263 3370 4332 anno'rum'.
3401 4263 3526 4334 Dies

283 4338 426 4417 enim
459 4338 599 4417 apud
630 4338 802 4417 illum,
823 4339 972 4394 mille
989 4339 1119 4417 anni
1152 4349 1299 4395 sunt.
1317 4341 1455 4417 _Ipse
1478 4340 1792 4417 mili_i__t_estis
1817 4350 1921 4408 est,
1948 4338 2171 4399 dicensz'
2202 4338 2336 4399 Ecce
2363 4347 2647 4402 hodiernus
2672 4347 2782 4400 dies
2809 4347 2908 4400 erit
2932 4355 3181 4417 tanquam
3206 4348 3351 4402 mille
3373 4350 3521 4403 anni.

283 4399 434 4488 [inde
457 4399 598 4488 seire
620 4399 903 4488 debetis);
929 4448 944 4462 .
973 4447 989 4462 .
1021 4409 1148 4478 quia
1168 4447 1184 4463 .
1222 4449 1236 4462 .
1260 4448 1274 4464 .
1315 4399 1374 4464 in
1401 4424 1494 4488 se;
1526 4410 1698 4488 millia
1723 4399 1992 4488 annorum
2021 4399 2554 4488 consummabuntur
2569 4399 2781 4471 omnia.
2809 4399 2876 4472 Et
2914 4399 3048 4488 quid
3073 4399 3229 4478 dicit.
3251 4399 3522 4488 Requievit

283 4472 415 4559 Deus
442 4477 527 4559 die
555 4480 798 4559 _sept_ima
815 4477 973 4559 ?_l:loc
991 4472 1093 4546 est,
1131 4496 1255 4559 curn
1287 4480 1500 4534 venerit
1526 4478 1698 4559 Filius
1723 4481 1895 4559 illius,
1913 4492 1965 4537 et
1997 4486 2300 4559 amputabit
2334 4496 2548 4558 tempus
2577 4489 2908 4558 iniquitatis,
2929 4472 2986 4542 ct
3005 4472 3276 4556 judicabit
3300 4472 3517 4559 impios,

280 4551 333 4628 et
361 4548 594 4628 mutabit
615 4549 808 4628 solem,
839 4550 1023 4628 lunam
1048 4560 1101 4604 et
1119 4551 1307 4628 stellas
1333 4568 1348 4618 ;
1393 4560 1540 4628 tunc_
1571 4554 1710 4605 bene
1743 4554 2050 4628 requiescet
2067 4548 2120 4628 in
2150 4557 2237 4611 die
2263 4548 2516 4628 septini'a.
2558 4559 2640 4612 Ad
2666 4548 2937 4613 summam
2976 4548 3080 4612 h'oc
3107 4559 3269 4612 dicit:
3305 4548 3522 4612 Sa'ncti;

282 4615 459 4668 licabis
481 4616 637 4670 illum
660 4620 800 4672 diem
826 4621 1067 4674 manibus
1091 4615 1390 4689 mundis,“
1413 4621 1568 4675 corde
1589 4637 1742 4690 puro.
1768 4615 1941 4688 Quem
1967 4623 2116 4695 (100)
2140 4642 2270 4698 ergo
2293 4615 2436 4684 diem
2468 4628 2829 4684 sanctiﬁcavit
2857 4628 3022 4693 Deus,
3042 4629 3168 4699 quis
3191 4638 3368 4698 potest
3397 4646 3524 4686 san-

345 4736 682 4810 ”lsa.xeu,
712 4735 767 4802 6,
801 4736 852 4793 7.
928 4737 1099 4792 “lsa.
1160 4753 1329 4804 xux,
1366 4737 1417 4792 6.
1495 4738 1541 4769 ’°
1566 4735 1670 4794 lsa.
1715 4754 1826 4807 LXI,
1889 4740 1943 4798 1.
1975 4741 2028 4796 2.
2106 4744 2150 4775 ’ί
2174 4742 2346 4798 Exod.
2398 4759 2501 4808 ιι,
2557 4742 2624 4810 8;
2680 4741 2836 4798 Deut.
2883 4743 3054 4810 ν,12.
3133 4741 3310 4798 "Jer.
3367 4760 3520 4809 xvn,

280 4807 366 4871 24,
395 4809 484 4864 25.
565 4808 613 4840 ³³
644 4805 781 4863 Gcn.
817 4823 878 4874 η,
909 4812 964 4864 2.

1575 4901 1944 4961 VARIORUM
1979 4903 2210 4961 NOTAE.
2254 4933 2256 4935 >

348 4995 460 5066 (87)
499 4995 624 5050 Haec
653 5011 748 5067 per
777 4997 1099 5067 prOphetam
1151 4995 1294 5052 Deus
1324 4995 1487 5051 Pater
1535 4998 1602 5053 ad
1625 4995 1844 5067 Filium

298 5070 534 5136 oquitur.

366 5139 456 5208 88)
497 5137 610 5192 Cir.
648 5153 834 5208 supra,
866 5145 980 5208 not.
1012 5139 1101 5193 81.

365 5207 455 5280 89)
496 5209 699 5264 lterum
719 5207 852 5280 haec
878 5207 1040 5265 Pater
1073 5211 1140 5266 ad
1166 5209 1366 5265 Filium
1397 5210 1658 5280 loquitur.

367 5278 458 5352 90)
495 5281 578 5352 ᾼΙ.
617 5278 826 5352 Κ-υρίῳ.
859 5350 869 5352 _
994 5342 1002 5352 Δ

366 5350 456 5422 91)
496 5351 621 5423 llaec
647 5350 820 5423 Filius
858 5350 1100 5423 loquitur
1133 5369 1229 5423 per
1258 5353 1602 5423 prophetam.

365 5419 455 5495 92)
494 5422 628 5478 Gen.
655 5437 715 5495 tt,
741 5421 798 5487 2,
825 5419 1324 5478 secundum—Hebr.
1360 5419 1467 5478 non
1496 5423 1649 5494 juxta
1677 5419 1841 5488 LXX,

276 5492 593 5567 quihabent
611 5511 631 5567 7:
659 5492 818 5567 ἕκτῃ.

346 5565 454 5635 (95)
495 5565 741 5619 Davisius
769 5563 1024 5634 postulat
1074 5563 1409 5628 συντελέσει,
1458 5563 1638 5632 male;
1694 5578 1838 5635 nam

280 5633 636 5761 conditae“
679 5633 924 5690 futurum
968 5635 1115 5690 attic.
1149 5635 1349 5691 Buttm.
1396 5635 1638 5690 Gramm.
1687 5633 1834 5708 εδδ,

283 5727 330 5761 τι.
430 5749 444 5761 .
545 5746 558 5761 ο

283 5727 330 5762 τι.
361 5727 444 5769 ιι,
477 5727 558 5761 ιι.

343 5140 362 5492 ἓ

2027 4997 2140 5070 (94)
2174 4999 2488 5070 Adventum.
2510 4998 2619 5054 Aut
2656 4998 2834 5069 suppl.
2872 5005 3105 5070 per,_au_t
3130 4995 3231 5065 leg.
3272 4995 3525 5050 adventu.

2028 5065 2140 5139 (95)
2173 5069 2476 5125 Serrorum.
2506 5071 2590 5124 Al.
2627 5065 2945 5124 sermonum.
2985 5065 3165 5121 Fellus
3203 5085 3216 5120 :
3254 5081 3527 5120 servorum

1956 5157 2171 5196 suorum
2191 5159 2283 5211 per
2308 5141 2538 5196 verbum.

2026 5211 2139 5281 (96)
2181 5211 2453 5267 Gentibus.
2491 5213 2573 5265 AI.

2166 5281 2502 5336 Hominibus.
2521 5278 2921 5352 Alfliumilibus
2951 5279 3088 5352 nihil
3116 5288 3293 5352 mutat
3314 5278 3519 5352 Eellus.

2023 5349 2134 5422 (98)
2178 5352 2524 5408 Initium.Al.
2561 5353 2770 5422 malunt
2790 5351 2965 5404 initio.
3001 5350 3092 5405 Sic
3123 5351 3290 5404 edidit
3316 5349 3518 5422 Feﬂus.

2023 5420 2137 5500 (99)
2179 5423 2597 5478 Consummavit.
2621 5421 2785 5478 Forte
2815 5422 3218 5476 consummabit.
3255 5423 3333 5474 lia
3389 5420 3520 5475 Fclli

2608 5210 2797 5282 gentis.

1949 5495 2135 5550 editio.

2019 5531 2392 5633 ξῖὄὸ)ςραωη.
2421 5565 2504 5620 Al.
2544 5562 2603 5620 Si
2641 5580 2792 5635 quem
2815 5607 2828 5633 ,
2854 5563 3012 5634 juxta
3036 5531 3519 5620 Graccui'n.'l’ellus

1947 5635 2082 5691 nihil
2115 5636 2283 5693 addit.
