4074 6154
358 264 466 322 773

1618 255 1954 312 EPISTOLA
1984 257 2398 314 CATHOLICA.

3536 259 3638 315 ’174

358 377 409 430 οἱ
457 373 797 444 ταλαίπωροι
831 373 924 426 ἐπὶ
955 371 1043 424 τον
1079 368 1240 440 δόμον
1280 367 1390 438 (19)
1421 365 1678 439 ἧλπισαν,
1715 369 1811 420 καὶ
1859 366 1953 420 οὐκ

2062 377 2247 424 rantes
2300 366 2512 432 miseri,
2563 382 2674 420 non
2736 383 2792 421 in
2835 367 3015 436 ipsum
3068 368 3264 435 Deum,
3318 368 3635 429 effectorem

359 468 450 521 ἐπὶ
477 465 570 519 τὸν
618 464 752 516 Θεὸν
785 464 982 524 αὑτὸν,
1008 461 1101 514 τὸν
1145 461 1449 531 ποιήσαντα
1478 459 1696 521 αὐτοὺς,
1738 457 1853 512 ἀλλ’
1880 457 1956 522 ὠς

359 556 488 612 ὅντα
517 552 665 610 οἶκον
691 554 849 608 Θεοῦ.
874 553 1066 624 Σχεδὸν
1098 551 1228 624 γὰρ,
1257 553 1333 615 ὼς
1357 551 1426 605 τὰ
1456 551 1606 620 ἔθνη,
1637 550 1956 622 ἀφιέρωσαν

361 649 528 704 αὐτὸν
552 649 612 702 ὲν
636 647 714 718 τῷ
738 647 870 718 ναῷ.
912 644 1070 699 Ἀλλὰ
1096 643 1215 707 πῶς
1246 642 1394 713 λέγει
1419 643 1644 715 Κύριος,
1667 641 1958 713 καταργῶν

361 739 556 803 αὑτὸν,
608 739 842 810 μάθετε·
883 737 979 802 Τίς
1028 734 1320 805 ἐμέτρησε
1369 735 1475 788 τὸν
1513 733 1776 802 οὐρανὸν
1815 748 1957 787 σπι-

361 831 542 902 θαμῇ,
558 831 656 885 καὶ
671 831 761 895 τις
776 827 1021 898 τὴνζγῆν
1034 826 1230 895 δρακί;
1251 827 1371 879 οὐκ
1385 825 1522 895 ὲγὼς
1538 825 1955 894 Λέγειτιίύριος·

378 924 440 976 '0
461 923 718 991 οὐρανός
744 937 845 990 μοι
866 919 1098 988 θρόνος,
1120 919 1160 986 ἢ
1178 916 1246 970 δὲ
1261 915 1338 987 τῆ
1359 916 1693 971 ὑποπόδιον
1715 914 1834 969 τῶν
1851 932 1960 968 πο-

360 1014 486 1070 δῶν
506 1031 651 1085 μου·
684 1012 859 1066 ποῖον
886 1011 1054 1064 οἷκον
1073 1007 1500 1079 οἰκοδομήσετέ
1524 1007 1635 1080 (20)
1653 1025 1777 1078 μοι,
1799 1008 1837 1076 ἣ
1866 1008 1960 1074 τίς

364 1109 550 1173 τόπος
574 1105 686 1174 τῆς
711 1103 1144 1168 καταπαύσεώς
1167 1117 1325 1171 μου;
1356 1101 1556 1164 Γνῶτε,
1588 1101 1667 1154 ὄτι
1694 1101 1896 1172 ματαία
1923 1102 1956 1172 ή

361 1199 519 1263 ἐλπὶς
549 1197 730 1251 αὐτῶν
765 1197 899 1268 (21).
935 1196 1115 1266 Πέρας
1144 1193 1273 1263 γοῦν
1309 1191 1668 1262 πάλιν,λέγει’
1704 1191 1878 1255 Ἰδοὺ,
1903 1195 1957 1246 οὶ

365 1294 726 1357 καθελόντες
771 1289 877 1343 τὸν
919 1295 1070 1342 ναόν
1109 1286 1325 1340 τοῦτον
1367 1285 1537 1339 αὐτοὶ
1578 1285 1764 1339 αὑτὸν
1798 1289 1956 1340 οἱκο-

361 1384 725 1456 δομήσουσι.
753 1383 966 1434 Γίνεται
986 1379 1120 1450 (22)·
1141 1377 1240 1431 Διὰ
1259 1378 1368 1450 γὰρ
1392 1378 1454 1431 τὸ
1480 1377 1734 1448 πολεμεῖν
1762 1379 1958 1444 αὐτοὺς

365 1475 647 1550 καθῃρέθη
701 1473 807 1527 ὑπὸ
857 1472 966 1526 τῶν
1008 1471 1250 1543 ὲχθρῶνο
1280 1469 1376 1524 νῦν
1416 1471 1510 1523 καὶ
1553 1471 1705 1523 αὐτοὶ
1748 1471 1796 1522 οί
1848 1471 1957 1524 τῶν

366 1568 578 1641 ἐχθρῶν
606 1566 877 1638 ὑπηρέται
904 1565 1420 1635 ἀνοικοδομήσουσιν
1451 1563 1631 1617 αὐτόν.
1665 1564 1852 1628 Πάλιν,
1881 1564 1956 1627 ὡς

366 1661 600 1734 ἤμελλεν
625 1662 658 1731 ἡ
686 1658 841 1721 πόλις
873 1658 966 1710 καὶ
987 1659 1016 1710 ὁ
1045 1655 1172 1719 ναὸς
1201 1655 1296 1708 καὶ
1320 1656 1348 1708 ό
1376 1653 1500 1719 λαὸς
1536 1655 1750 1728 Ἰσραὴλ
1777 1673 1954 1728 παρα-

364 1751 622 1813 δίδοσθαι,
655 1748 996 1822 ἐφανερώθη.
1030 1747 1194 1816 Λέγει
1218 1745 1327 1818 γὰρ
1350 1749 1383 1818 ἡ
1408 1747 1598 1818 Γραφή
1619 1764 1632 1776 ·
1659 1747 1769 1800 Καὶ
1786 1749 1956 1802 ἔσται

363 1841 456 1894 ἐπ’
499 1839 773 1909 ἐσχάτων
815 1835 1067 1908 ἡμερῶν,
1099 1835 1438 1904 παραδώσει
1469 1837 1683 1904 Κύριος
1709 1837 1782 1890 τὰ
1811 1839 1956 1905 πρό-

366 1936 514 1987 ϐατα
545 1932 655 2000 τῆς
682 1930 891 2000 νομῆς,
931 1930 1029 1984 καὶ
1067 1929 1182 1998 τὴν
1223 1929 1498 1999 μάνδραν
1547 1930 1778 1984 καὶτὸν
1810 1932 1956 2000 πύρ-

365 2043 476 2096 γοι*
505 2023 699 2078 αὐτῶν
725 2028 812 2088 εὶς
842 2020 1224 2092 καταφθοράν
1244 2021 1377 2094 (25).
1405 2023 1514 2075 Καὶ
1540 2022 1753 2091 ἐγένετο
1772 2022 1894 2076 καθ’
1920 2022 1956 2076 ἃ.

366 2119 594 2190 ἐλάλησε
627 2118 846 2188 Κύριος.
885 2117 1218 2188 Ζητήσωμεν
1262 2110 1440 2178 οὖν,εί
1480 2113 1595 2167 ἔστι
1637 2115 1763 2179 ναὸς
1819 2115 1954 2168 Θεοῦ

365 2211 502 2280 (24).
533 2211 720 2263 Ἔστιν
739 2226 750 2238 ·
777 2210 908 2262 ὅπου
931 2207 1094 2270 αὐτὸς
1112 2206 1260 2274 λέγει
1283 2208 1454 2258 ποιεῖν
1470 2204 1564 2258 καὶ
1587 2204 1950 2276 καταρτίζειν.

364 2303 674 2373 Γέγραπται
703 2301 811 2372 γάρ
832 2318 844 2330 ·
894 2299 1004 2353 Καὶ
1041 2299 1214 2353 ἔσται
1235 2338 1249 2362 ,
1283 2297 1394 2367 τῆς
1433 2295 1759 2366 ἑϐδομάδος
1802 2312 1954 2350 συν-

363 2394 732 2464 τελουμένης
776 2389 1308 2460 οἰκοδομηθήσεται
1350 2388 1497 2454 ναὸς
1531 2388 1678 2442 Θεοῦ
1706 2387 1954 2454 ἔνδοξος

369 2487 480 2558 (25)
508 2487 606 2539 ἐπὶ
637 2484 717 2552 τῷ
749 2485 991 2554 ὀνόματι
1028 2482 1272 2550 Κυρίου.
1314 2481 1568 2554 Εὑρίσκω
1593 2476 1706 2545 οὖν,
1731 2482 1812 2533 ὅτι
1838 2480 1952 2534 ἐστι

364 2580 512 2643 ναός.
548 2577 673 2641 Πῶς
713 2573 804 2631 οὖν
840 2573 1326 2645 οἰκοδομηθήσεται
1355 2574 1412 2626 ὲν
1447 2572 1670 2644 ὀνόματι
1704 2573 1949 2645 Κυρίου;

368 2671 572 2744 μάθετε
599 2670 732 2741 (9.6).
759 2669 872 2740 Πρὸ
913 2666 1010 2720 τοῦ
1056 2667 1203 2738 ἡμᾶς
1257 2664 1544 2718 πιστεῦσαι
1581 2664 1660 2737 τῷ
1701 2665 1854 2736 Θεῷ,
1883 2661 1952 2737 ἧν

367 2765 524 2838 ⁴ἡμῶν
571 2763 634 2815 τὸ
685 2761 1106 2831 κατοικητήριον
1165 2759 1264 2828 τῆς
1303 2755 1531 2828 καρδίας
1576 2755 1810 2828 φθαρτὸν
1860 2759 1953 2812 καὶ

364 2855 627 2918 ἀσθενὲς,
677 2854 754 2917 ὡς
797 2851 1015 2924 ἀληθῶς
1063 2849 1416 2921 οίκοδομητὺς
1462 2849 1589 2914 ναὸς
1619 2849 1706 2902 διὰ
1741 2850 1946 2922 χειρόςο

365 2949 450 3001 ὃτι
499 2943 566 3016 ἦν
614 2946 829 3017 πλήρης
879 2945 977 3016 μὲν
1017 2942 1462 3014 εἰδωλολατρείας
1502 2942 1649 3013 (27),
1698 2942 1840 3015 [καὶ]
1883 2939 1950 3016 ἦν

2059 475 2276 524 eorum,
2304 474 2458 529 spem
2487 458 2818 524 habuerunt,
2838 461 2930 514 sed
2954 462 3008 515 in
3041 463 3234 528 aedem,
3257 464 3413 532 quasi
3442 465 3640 522 domus

2061 549 2154 605 Dei
2190 560 2356 606 esset.
2398 547 2533 603 Nam
2560 547 2673 604 fere
2704 549 2879 604 instar
2901 554 3143 622 gentium
3179 555 3334 609 illum
3359 556 3412 610 in
3438 560 3640 630 templo

2061 643 2302 700 venerati
2353 651 2503 698 sunt.
2557 642 2662 698 Sed
2716 645 2995 715 quomodo
3038 645 3303 716 Dominus
3350 650 3636 720 loquatur,

2059 735 2432 805 templumque
2478 736 2695 790 irritum
2749 737 2947 804 faciat,
3003 738 3461 798 animadvertite:
3505 743 3638 810 Quis

2058 843 2267 880 mensus
2305 839 2382 881 est
2420 827 2606 881 caelum
2635 829 2924 896 spitliama,
2957 840 3006 884 et
3032 832 3150 901 quis
3187 842 3382 888 terram
3417 837 3642 904 palma?

2059 917 2253 974 Nonne
2281 920 2470 990 ego"?
2505 919 2650 973 Dicit
2686 921 2986 976 Dominus:
3021 921 3221 976 Cretum
3251 926 3378 978 milii
3422 928 3638 982 thronus

2056 1018 2156 1074 est,
2188 1019 2331 1063 terra
2361 1021 2536 1064 autem
2587 1011 2877 1066 scabellum
2926 1013 3116 1081 pedum
3153 1030 3411 1070 meorum.
3465 1016 3638 1081 Quam

2059 1106 2190 1160 mihi
2230 1108 2446 1160 domum
2488 1109 2856 1178 wdiﬁcabitis,
2891 1119 2984 1163 aut
3029 1109 3146 1178 quis
3199 1109 3347 1162 locus
3395 1093 3638 1180 requietis

2057 1215 2186 1252 mete
2201 1199 2289 1252 ".9
2313 1198 2664 1270 Cognoscite,
2701 1201 2846 1270 quod
2875 1217 3011 1254 vana
3037 1213 3121 1257 est
3149 1218 3274 1272 spes
3306 1203 3542 1256 illorum.
3575 1200 3642 1257 Et

2058 1291 2275 1345 tandem
2302 1308 2497 1347 rursus
2529 1293 2607 1346 ait
2633 1310 2646 1347 :
2683 1291 2838 1355 Ecce,
2867 1294 2957 1364 qui
2986 1293 3364 1348 destruxerunt
3392 1291 3639 1362 templum

2055 1380 2186 1448 hoc,
2239 1382 2342 1452 ipsi
2388 1383 2524 1436 illud
2567 1385 2997 1454 tediﬁcabunt".
3052 1386 3216 1457 quue
3261 1387 3459 1442 evenit.
3500 1385 3634 1441 Nan:

2056 1474 2184 1543 quia
2225 1474 2428 1530 bellum
2462 1485 2772 1546 gesserunt,
2806 1478 2876 1532 ab
2901 1478 3152 1533 hostibus
3181 1478 3525 1534 destructum
3557 1491 3635 1533 est

2059 1567 2361 1650 templum;
2395 1585 2542 1625 nunc
2571 1579 2624 1625 et
2649 1571 2751 1640 ipsi
2778 1571 3016 1626 hostium
3049 1573 3285 1626 ministri
3309 1573 3639 1628 remdilicant

2059 1657 2214 1714 illud.
2253 1659 2477 1727 lterum,
2510 1663 2654 1732 quod
2693 1662 2956 1717 tradenda
2983 1672 3130 1718 esset
3153 1665 3349 1720 civitas
3377 1680 3488 1720 una
3512 1681 3639 1720 cum

1987 1734 2032 1789 Β
2065 1750 2266 1820 templo
2293 1761 2347 1806 et
2377 1767 2500 1806 cum
2541 1754 2742 1823 populo
2789 1752 3087 1810 Israelitico
3108 1795 3122 1817 ,
3152 1763 3236 1810 est
3277 1755 3636 1812 declaratum.

2059 1840 2149 1896 Ait
2172 1842 2373 1915 quippe
2404 1841 2685 1915 Scriptura
2714 1863 2726 1898 :
2761 1843 2828 1900 Et
2875 1848 2976 1900 erit
3005 1847 3059 1899 in
3093 1849 3389 1901 novissimis
3430 1848 3632 1912 diebus,

2060 1935 2232 1990 tradet
2263 1935 2523 1990 Dominus
2555 1953 2670 1991 oves
2699 1939 2886 2008 pascui
2914 1948 2962 1992 et
2992 1939 3123 1994 ovile
3147 1949 3198 1993 et
3227 1940 3418 1994 turrim
3455 1956 3636 1996 eorum

2057 2026 2111 2078 in
2139 2027 2382 2081 exitium.
2425 2029 2604 2098 Atque
2633 2027 2881 2099 contigit,
2913 2030 3381 2098 quemadmodum
3414 2031 3636 2086 locutus

2056 2126 2140 2173 est
2178 2117 2464 2174 Dominus.
2492 2117 2815 2185 Quaeramus
2861 2120 3067 2190 itaque,
3099 2138 3166 2175 an
3199 2131 3375 2177 exstet
3407 2120 3636 2197 [adhuc]

2056 2211 2319 2278 templum
2363 2210 2481 2266 Dei.
2521 2210 2781 2279 Exsistit,
2821 2212 2912 2266 ubi
2955 2213 3186 2282 ipsemet
3211 2227 3270 2268 se
3298 2215 3429 2268 illud
3461 2213 3639 2270 facere

2055 2319 2121 2359 ac
2156 2301 2419 2371 perlicere
2461 2310 2716 2357 testatur.
2749 2302 3021 2373 Scriptum
3069 2304 3214 2358 enim
3241 2313 3364 2358 est:
3401 2302 3470 2356 Et
3511 2305 3636 2371 erit,

2055 2396 2387 2450 heddomada
2415 2393 2696 2465 completa,
2729 2394 3090 2464 aediﬁcabitur
3111 2396 3456 2468 magniﬁcum
3507 2406 3640 2450 tent-

2053 2488 2198 2559 plum
2223 2487 2342 2554 Dei,
2368 2487 2422 2540 in
2447 2488 2656 2541 nomine
2679 2485 2895 2540 Domini
2918 2485 3007 2543 ‘°°.
3033 2485 3256 2542 invenio
3281 2487 3465 2560 igitur,
3489 2489 3637 2559 quod

2055 2581 2316 2650 templum
2345 2579 2579 2634 exsistit.
2613 2578 2731 2645 Qua
2763 2577 2977 2632 ratione
3016 2594 3146 2650 ergo
3182 2580 3545 2634 aedilicabitur
3580 2581 3636 2634 in

2053 2673 2278 2725 nomine
2303 2668 2537 2736 Domini,
2559 2669 2774 2724 discite.
2794 2669 3100 2738 Antequam
3127 2668 3238 2723 Deo
3266 2670 3636 2736 crederemus,

2054 2770 2172 2819 erat
2194 2763 2377 2818 cordis
2403 2761 2576 2816 nostri
2603 2760 2945 2815 domicilium
2977 2760 3312 2830 corruptioni
3336 2761 3634 2816 obnoxium

2052 2863 2107 2908 et
2155 2853 2460 2916 imbecille,
2496 2852 2564 2906 ad
2620 2851 2847 2906 modum
2901 2852 3093 2922 templi
3123 2867 3249 2907 vere
3291 2867 3388 2922 per
3437 2869 3637 2908 manus

2053 2946 2346 3010 aediﬁcati;
2392 2945 2612 3014 plenum
2667 2943 2939 3014 siquidem
2983 2952 3102 2998 erat
3148 2943 3422 2999 idolorum
3460 2945 3636 3012 cultu,

365 3035 513 3102 οἶκος
545 3037 836 3109 δαιμονίων
857 3075 872 3100 ,
915 3034 1003 3088 διὰ
1034 3035 1096 3088 τὸ
1141 3036 1315 3087 ποιεῖν
1334 3075 1349 3100 ,
1389 3035 1489 3087 ὃσα
1529 3029 1598 3105 ἦν
1623 3035 1837 3087 ἐναντία
1871 3033 1949 3107 τῷ

2054 3048 2108 3094 et
2132 3048 2248 3094 erat
2275 3037 2472 3092 domus
2491 3034 2827 3099 daemonum,
2850 3037 2978 3105 quia
3013 3035 3267 3103 fecimus,
3293 3052 3638 3108 quaecunque

366 3131 506 3203 Θεῷ.
550 3129 1047 3201 Οἰκοδομηθήσεται
1093 3127 1149 3181 δὲ
1195 3127 1288 3180 ἐπὶ
1330 3126 1409 3198 τῷ
1451 3127 1676 3198 ὀνόματι
1703 3129 1947 3199 Κυρίου,

369 3225 686 3297 προσέχετε,
711 3223 798 3275 ἴνα
826 3224 854 3275 ό
878 3222 1005 3286 ναὸς
1035 3221 1240 3291 Κυρίου
1269 3219 1495 3285 ἐνδόξως
1517 3219 1630 3292 (28)
1657 3220 1950 3292 ὀἰκοδομη-

369 3314 457 3386 θῇ.
490 3313 645 3378 Πῶς;
682 3312 898 3384 μάθετε.
952 3310 1232 3374 Λαϐόντες.
1271 3311 1359 3382 τὴν
1397 3310 1592 3380 ἄφεσιν
1628 3309 1735 3363 ιιῶν
1769 3311 1949 3383 ἁμαρ-

366 3405 533 3470 τιῶν,
577 3407 671 3460 καὶ
706 3405 1026 3467 ἐλπίσαντες
1067 3405 1159 3457 ἐπὶ
1207 3402 1286 3474 τῷ
1318 3403 1542 3474 ὀνόματι
1577 3402 1673 3456 τοῦ
1703 3403 1944 3474 Κυρίου,

364 3498 667 3571 ἒγενόμεθα
699 3499 895 3561 καινοὶ,
929 3496 1088 3552 πάλιν
1117 3495 1174 3562 ἐξ
1199 3494 1372 3567 ἀρχῆς
1408 3491 1736 3566 κτιζόμενοι.
1770 3493 1860 3547 Διὸ
1888 3495 1944 3548 ὲν

2057 3128 2171 3184 Deo
2201 3127 2483 3183 contraria
2523 3136 2668 3182 sunt.
2705 3125 3088 3182 Editicabitur
3112 3138 3318 3193 autem,
3351 3131 3634 3196 attendite,

2057 3220 2114 3274 in
2145 3220 2367 3274 nomine
2398 3217 2650 3283 Domini,
2694 3226 2754 3271 ut
2785 3219 3046 3288 templum
3085 3218 3302 3274 Domini
3350 3221 3638 3290 magniﬁce

2058 3311 2370 3366 mdiﬁcetur.
2417 3309 2742 3376 Quomodo?
2776 3309 3000 3365 Discite.
3031 3309 3269 3382 Accepta
3307 3313 3638 3368 remissione

2053 3410 2402 3471 peccatorum
2435 3409 2488 3454 et
2516 3415 2612 3469 spe
2649 3399 2837 3452 habita
2867 3399 2921 3453 in
2977 3415 3176 3454 nomen
3223 3398 3465 3467 Domini,
3507 3399 3638 3456 facti

2053 3507 2244 3548 sumus
2271 3491 2418 3558 novi,
2446 3491 2644 3544 iterum
2670 3489 2738 3544 ab
2761 3490 2975 3559 integro
3000 3491 3191 3546 creati.
3219 3490 3343 3548 ldeo
3370 3492 3426 3546 in
3452 3494 3635 3559 nobis,

1667 3613 1849 3674 Vetus
1882 3615 2350 3694 interpretatio.

370 3732 436 3786 Et
461 3735 551 3787 tiet
576 3732 690 3803 (29)
717 3749 731 3785 :
757 3731 886 3786 dum
911 3729 1491 3803 enimibelligerarent‘,
1522 3727 1961 3803 depositum_est
2001 3729 2071 3784 ab
2101 3726 2497 3803 inimicis_(5_0)
2533 3767 2546 3779 .
2575 3767 2589 3803 .
2627 3766 2643 3781 .
2680 3766 2736 3803 ,λ
2869 3769 2884 3782 .
2927 3727 3131 3784 lterum
3163 3730 3307 3803 sicut
3337 3729 3637 3803 incipiebat

369 3803 584 3866 civitas,
618 3841 632 3854 .
670 3797 684 3854 ζ
722 3843 735 3855 .
773 3842 787 3856 .
829 3811 883 3856 et
911 3802 1146 3871 populus
1184 3797 1332 3853 totus
1378 3797 1690 3871 Judzeorum
1739 3800 1902 3871 tradi,
1952 3801 2277 3870 propalavit.
2335 3798 2475 3871 Dicit
2502 3799 2650 3851 enim
2690 3797 3026 3871 _Scripttn'a‘:
3055 3839 3069 3852 .
3103 3839 3117 3852 .
3152 3839 3167 3852 .
3211 3799 3277 3854 In
3323 3797 3631 3856 novissimis

365 3872 554 3927 diebus
583 3873 754 3926 tradet
779 3869 1038 3942 Dominus
1065 3886 1180 3924 oves
1207 3885 1440 3942 pascute.
1461 3880 1512 3922 et
1543 3870 1714 3924 cubile
1738 3870 1873 3942 (51),
1903 3869 2174 3942 etturrem
2207 3885 2403 3942 _eorum_
2410 3869 2463 3921 in
2480 3869 2870 3942 exterminium.
2899 3869 2966 3942 Et
2991 3869 3194 3925 factum
3214 3881 3298 3926 est
3330 3873 3631 3928 secundum

367 3958 494 4030 qua;
519 3942 788 3997 Dominus
834 3941 1048 3996 locutus
1069 3950 1172 4023 est.
1199 3941 1528 4021 Quaeramus
1545 3955 1700 4010 ergo,
1729 3941 1775 3996 si
1803 3938 1888 3996 est
1917 3941 2178 4009 templum
2206 3939 2338 4021 Deo.
2366 3938 2492 4020 Est:
2528 3939 2617 3993 ubi
2644 3940 2759 4008 ipse
2775 3939 2909 3996 dicit
2932 3941 3108 3996 facere
3134 3950 3185 3995 et
3216 3957 3625 3998 consummare.

372 4013 650 4068 Scriptum
685 4053 698 4065 .
731 4052 744 4066 .
777 4050 791 4065 .
835 4022 953 4067 est:
985 4011 1053 4064 Et
1076 4020 1197 4068 erit.
1223 4021 1443 4068 septimo
1471 4011 1556 4063 die
1583 4021 1945 4064 consummato
1979 4011 2117 4068 (52).
2169 4010 2528 4068 aediﬁcabatur
2578 4009 2830 4068 templum
2880 4011 2989 4065 Deo
3033 4011 3290 4068 νηπίαν-ε
3338 4014 3391 4066 in
3421 4014 3625 4068 nomine

415 4013 650 4082 criptum
685 4053 698 4065 .
731 4052 744 4066 .
777 4050 791 4065 .

835 4022 953 4067 est:
985 4011 1053 4064 Et
1076 4013 1197 4076 erit,
1223 4011 1443 4079 septimo
1471 4011 1556 4081 die
1583 4009 1945 4064 consummato
1979 4011 2117 4080 (52),
2169 4010 2528 4081 wdiﬁcabitur
2578 4009 2830 4081 templum
2880 4011 2989 4065 Deo
3033 4011 3290 4081 prteclare
3338 4014 3391 4066 in
3421 4014 3630 4068 nomine

375 4080 609 4155 Domini.
648 4082 892 4155 Invenio,
919 4082 1046 4152 quia
1066 4081 1337 4155 templum
1359 4090 1464 4134 est.
1494 4080 1616 4148 Quo
1643 4081 1806 4135 modo
1839 4096 1970 4152 ergo
2001 4081 2359 4155 aediﬁcahitur
2387 4080 2440 4155 in
2475 4081 2696 4155 nomine
2732 4080 2993 4155 Domini?
3034 4080 3260 4137 Discite.
3298 4084 3439 4139 Ante
3459 4099 3629 4155 quam

371 4153 720 4208 crederemus
749 4151 880 4215 Deo,
915 4151 1033 4206 erat
1065 4151 1328 4205 habitatio
1363 4161 1552 4204 nostra
1573 4189 1588 4204 .
1623 4190 1637 4204 .
1674 4191 1688 4204 .
1711 4160 1970 4220 corrupta
1998 4160 2053 4205 et
2088 4151 2326 4217 inlirma,
2358 4153 2502 4204 sicut
2531 4151 2794 4220 templum
2825 4153 2970 4222 quod
2998 4168 3093 4222 per
3121 4169 3318 4208 manus
3351 4195 3365 4208 .
3406 4193 3420 4208 .
3454 4151 3515 4208 ,⁷.
3549 4192 3566 4208 .
3606 4194 3620 4208 .

368 4224 706 4286 aediﬁcatur:
737 4224 866 4294 quia
891 4223 1037 4294 pleni
1069 4237 1288 4276 eramus
1321 4222 1734 4294 adulationibus
1761 4222 2054 4294 idolorum,
2091 4260 2106 4274 .
2139 4259 2152 4272 .
2181 4259 2194 4272 .

2239 4231 2293 4275 et
2324 4230 2443 4294 erat
2466 4222 3136 4294 domusdtemoniorum;
3197 4233 3418 4294 propter
3474 4226 3622 4294 quod

373 4295 702 4364 faceremus,
733 4289 857 4364 quae
884 4289 995 4347 Deo
1021 4301 1207 4364 e_ssent
1247 4290 1952 4364 contrariailEdiﬁcabitur
1977 4301 2162 4364 autem
2193 4293 2247 4344 in
2275 4292 2498 4364 nomine
2531 4289 2768 4357 Domini,
2803 4331 2816 4344 .
2852 4330 2871 4348 .
2907 4331 2921 4344 .
2964 4289 3223 4362 praeclare
3251 4334 3265 4348 .
3297 4289 3316 4348 ἶ
3349 4333 3364 4350 .
3390 4333 3406 4348 .
3436 4333 3452 4349 .
3493 4289 3631 4349 tem-

371 4365 524 4446 plum
547 4363 678 4444 Deo.
706 4361 1003 4446 Aitendite.
1038 4361 1102 4416 Et
1142 4377 1253 4431 quo
1286 4362 1482 4446 modo?
1507 4361 1754 4446 Discite:
1795 4371 1856 4416 ut
1889 4363 2172 4446 accipiatis
2194 4361 2583 4446 remissionem
2634 4361 3008 4446 peccatorum.
3056 4365 3192 4418 Cum
3223 4365 3630 4446 “crediderimus

371 4431 433 4489 in
465 4436 684 4489 nomine
710 4433 950 4501 Domini,
976 4448 1084 4487 non
1121 4447 1316 4487 sumus
1357 4433 1470 4504 (55)
1498 4433 1612 4502 jam
1642 4431 1797 4498 tales,
1826 4431 2023 4502 quales
2045 4433 2114 4487 ab
2134 4431 2290 4486 initio
2315 4431 2518 4486 creati:
2542 4440 2765 4500 pr0pter
2798 4434 2944 4503 quod
2977 4472 2992 4487 .
3019 4471 3035 4486 .
3065 4472 3081 4488 .
3118 4474 3134 4487 .
3163 4473 3178 4488 .
3221 4436 3278 4488 in
3304 4435 3463 4490 nobis
3500 4450 3628 4489 vere

419 4549 490 4620 ("
515 4550 620 4609 Isa.
671 4568 760 4617 XL,
810 4551 896 4607 12.
975 4551 1022 4583 ⁸⁸
1045 4552 1150 4608 lsa.
1187 4564 1332 4614 LXVI,
1372 4549 1424 4603 1.
1495 4550 1539 4582 ⁸⁸
1562 4547 1666 4605 lsa.
1694 4561 1844 4616 xux,
1883 4547 1953 4603 17.

2054 4549 2116 4580 ι⁰⁰
2136 4546 2274 4602 Dan.
2315 4563 2392 4614 ix,
2428 4547 2517 4614 24,
2546 4546 2638 4613 25,
2664 4547 2766 4616 27,
2797 4547 2935 4620 Agg.
2970 4564 3030 4617 ιι,
3055 4549 3141 4604 10.

1686 4682 2054 4741 VARIORUM
2090 4680 2326 4738 NOTAE.

450 4807 563 4879 (i9)
603 4805 680 4879 Ita
705 4806 827 4861 Cot.
852 4801 998 4879 οἷκον
1025 4804 1249 4879 Men._et
1276 4803 1409 4879 Fell.
1429 4804 1584 4879 ουδόν
1602 4848 1616 4872 ,
1640 4805 1800 4879 limen
1830 4802 1946 4856 Ma-

374 4874 738 4947 zoch.'tedem_
763 4883 874 4947 vet.
905 4877 1103 4945 interp.
1135 4874 1236 4930 Ms.
1276 4875 1374 4947 τὴν
1399 4874 1550 4947 οδω,
1576 4877 1736 4947 male.

449 4949 564 5022 (21))
603 4946 681 5022 ita
903 4955 958 5000 et
1002 4955 1110 5002 vet.
1137 4945 1363 5017 interpr.
1395 4945 1497 5000 Ms.
1533 4945 1945 5017 οίκοδομήσατε.

471 5015 564 5088 21)
605 5015 646 5088 l_.
673 5032 724 5071 e.
741 5015 1089 5088 qludamrum.

471 5025 564 5088 21)
605 5025 646 5071 Ι.
673 5032 724 5071 e.
754 5025 1089 5074 Judaeorum.

449 5025 566 5160 (22)
609 5085 1002 5160 _Spiritualiter,
1025 5099 1083 5160 ut
1110 5102 1236 5160 mox
1264 5085 1559 5141 videbitur.
1589 5085 1730 5141 Man.

452 5155 567 5230 (25)
608 5155 767 5230 Hinc,
793 5167 955 5230 prout
992 5158 1080 5230 h_ic
1110 5159 1398 5230 habentur,
1431 5171 1539 5210 non
1580 5168 1706 5211 sunt
1737 5157 1792 5211 in
1830 5164 1946 5212 tota

375 5226 684 5299 Scriptura.
713 5227 851 5285 Men.
877 5229 976 5284 cfr.
1002 5226 1114 5285 Jer.
1149 5246 1274 5283 xxv.
1304 5227 1408 5299 [εει.
1435 5243 1486 5280 v.

453 5297 568 5372 (211)
607 5297 728 5354 Jam
765 5301 1043 5372 destructo
1079 5301 1280 5369 templo
1315 5297 1609 5372 Hierosol.,
1643 5297 1838 5368 quaerit
1875 5313 1946 5352 an

379 5366 907 5451 altergfmutemplum
941 5366 1326 5451 ευςοοεερξιιιιι
1358 5369 1449 5422 sit.
1483 5366 1623 5451 Men.

472 5441 565 5512 25)
607 5440 726 5496 Vet.
757 5439 983 5509 interpr.
1015 5441 1120 5512 leg.
1156 5439 1402 5507 ἐνδόξως,
1423 5439 1702 5512 praeclare.

473 5507 566 5581 26)
605 5512 777 5567 Clem.
811 5507 966 5564 Alex.
1003 5507 1201 5564 Strom.
1234 5526 1296 5576 ιι,
1335 5527 1383 5564 c.
1411 5507 1502 5575 20,
1535 5526 1590 5580 p.
1620 5507 1744 5564 490.

450 5577 566 5654 (27)
606 5582 684 5638 lta
726 5597 795 5638 ex
828 5582 1002 5654 (_Jlem‘.
1029 5581 1182 5654 Alex_.
1219 5590 1272 5635 et
1308 5591 1417 5654 _vet.
1441 5577 1944 5654 interm-restituo.

380 5645 468 5775 μέ
487 5645 589 5708 ms.
607 5661 756 5776 c{post
787 5649 1247 5720 είδωλολατρείας,
1274 5651 1551 5707 abundant
1587 5645 1780 5711 ;”οῐκος
1807 5648 1958 5702 εἰδω-

382 5741 439 5776 Αο
460 5741 599 5776 mea
667 5763 682 5776 .

382 5741 682 5795 λοιατρεια.

2121 4799 2235 4870 (28)
2270 4800 2351 4856 Ita
2377 4798 2552 4870 Clem.
2585 4809 2782 4870 etivet.
2812 4801 3015 4870 interp.
3054 4796 3409 4870 MsLévaoéoc.

2121 4868 2236 4942 (29)
2260 4870 2328 4924 Et
2350 4872 2460 4940 ﬁet.
2480 4869 2692 4941 Leg.Et
2709 4872 2794 4940 ﬁt.
2810 4873 2886 4926 lta
2907 4868 3127 4942 quoque
3145 4869 3425 4942 Felliedit.
3444 4868 3599 4928 Oxon
3621 4917 3634 4930 .

2055 5012 2067 5021 .
2275 4938 2359 4994 Ali
2392 4938 2651 5025 inimicis.
2678 4938 3218 5025 Αρᾳηοιίνοιξηοού.
3253 4938 3412 5025 illum:
3437 4951 3488 4996 et
3519 4943 3574 5012 ip
3589 4949 3635 5000 si

2049 5010 2389 5068 inimicorum
2420 5012 2652 5066 ministri
2679 5013 2744 5065 ab
2768 5013 2922 5066 initio
2949 5012 3220 5078 aediﬁcant
3247 5010 3404 5065 illud.

2122 5085 2236 5155 (51)
2279 5081 2482 5155 Culgile,
2517 5093 2622 5137 etc.
2661 5081 2802 5153 Lege
2848 5083 3000 5155 ovile,
3036 5093 3096 5155 ut
3131 5081 3194 5155 in
3222 5092 3370 5138 textu
3408 5081 3622 5150 Graeco,

2055 5152 2314 5226 μάνδραν.
2340 5152 2409 5206 Et
2436 5164 2633 5226 turrem
2662 5152 2864 5226 eorum;
2893 5153 3102 5226 Altndit
3129 5152 3197 5226 ad
3224 5155 3417 5226 tur_r_im
3447 5155 3620 5218 illam,

2054 5221 2122 5280 de
2155 5221 2263 5295 qua
2294 5225 2348 5295 in
2375 5225 2632 5292 parabola
2663 5225 2835 5277 vineae
2862 5223 3005 5291 apud
3037 5221 3173 5278 lsai.
3211 5238 3263 5295 γ.
3300 5221 3441 5280 Men.

2126 5292 2239 5366 (52)
2280 5294 2512 5366 Septimo
2535 5295 2619 5366 die
2645 5304 3027 5366 consummato.
3083 5295 3142 5346 In
3168 5292 3383 5366 AGrteco
3423 5293 3622 5366 legitur

2054 5363 2381 5430 ex’Daniele,
2407 5364 2506 5434 τῆς
2532 5364 2822 5435 ἑϐδομάδος
2852 5363 3299 5435 συντελουμένης,
3336 5373 3394 5417 ut
3421 5363 3623 5419 intelli-

2059 5446 2219 5506 gatur
2249 5433 2551 5506 septimana
2567 5452 2631 5488 ex
2659 5433 2820 5489 annis
2846 5445 3151 5506 constare.__
3181 5433 3348 5506 [τειγι.

2129 5506 2246 5576 (55)
2287 5502 2354 5559 Ut
2379 5506 2724 5575 accipiatis...
2754 5521 2857 5559 non
2872 5521 3074 5558 sumus.
3106 5502 3263 5576 Hunc
3290 5505 3467 5560 locum
3494 5503 3621 5562 Fel-

2056 5576 2144 5630 lus
2170 5576 2250 5630 sic
2275 5576 2530 5630 exhibet:
2569 5576 2707 5646 quod
2737 5577 3050 5644 accipientes
3096 5575 3458 5630 remissionem
3496 5593 3619 5634 pec-

2063 5652 2326 5712 catorutn,
2358 5656 2409 5699 et
2441 5662 2559 5699 cum
2597 5646 2975 5702 crediderimus
3021 5649 3077 5700 in
3129 5646 3339 5700 nomine
3383 5646 3621 5712 Domini,

2063 5733 2156 5770 nos
2182 5732 2381 5783 sumus,
2405 5729 2512 5772 elc.
