4010 6150
451 177 558 232 775

1632 168 1688 222 S.
1741 166 2087 222 ΒΑΒΝΛΒᾹΞ
2127 165 2465 221 ΑΡΟΒΤΟΙᾸ

3733 173 3814 225 7G

445 291 501 344 in
537 287 815 345 domicilio
841 293 1054 350 nostro,
1090 299 1215 340 vere
1241 285 1384 341 Deus
1410 285 1639 340 habitat.
1675 286 1795 352 Quo
1819 285 2018 340 modo?

2123 285 2198 356 τῷ
2231 284 2635 356 κατοικητηρίῳ
2679 284 2836 354 ἡμῶν
2882 282 3097 356 ἀληθῶς
3125 285 3153 335 ὁ
3191 283 3327 346 Θεὸς
3373 285 3686 335 κατοικεῖ
3736 283 3808 335 ἐν

447 379 685 436 Verbum
713 379 834 448 ejus
867 377 988 431 fidei
1015 416 1029 439 ,
1061 377 1276 431 vocatio
1310 377 1432 448 ejus
1460 377 1882 446 promissionis,
1930 392 2024 431 sa-

445 471 647 542 pientia
679 469 1090 532 mandatorum,
1117 478 1388 538 praecepta
1410 469 1694 533 doctrinae,
1727 466 1885 540 [imo]
1910 469 2024 534 ipse

446 567 499 620 in
535 565 693 620 nobis
721 563 1045 633 prophetat,
1079 561 1194 631 ipse
1227 561 1281 614 in
1326 561 1485 616 nobis
1522 561 1822 625 inhabitat;
1858 561 2023 615 morti

443 655 680 711 addictis
717 653 877 707 nobis
907 653 1082 723 aperit
1125 650 1269 706 fores
1324 652 1530 721 templi,
1576 653 1612 709 i.
1653 668 1701 707 e.
1747 668 1831 719 os,
1875 652 2024 707 dedit

444 748 602 802 nobis
631 745 1010 816 paenitentiam
1034 785 1048 807 ,
1098 744 1288 812 sicque
1324 742 1630 796 introduxit
1665 759 1766 798 nos
1800 743 1852 796 in
1885 751 2022 797 tem-

444 839 616 907 plum,
649 836 795 905 quod
845 834 1052 889 destrui
1101 847 1208 886 non
1261 841 1456 901 potest.
1505 831 1827 902 Quare,qui
1871 834 2022 902 cupit

443 945 565 1002 esse
595 929 802 992 salvus,
841 942 948 980 non
984 926 1039 979 in
1070 927 1345 980 hominem
1381 925 1625 993 respicit,
1665 925 1760 978 sed
1790 924 1842 977 in
1872 939 2018 990 eum,

445 1021 538 1090 qui
575 1021 628 1072 in
659 1018 881 1071 homine
913 1017 1141 1081 habitat,
1171 1026 1335 1086 atque
1358 1017 1412 1068 in
1446 1031 1512 1069 eo
1543 1015 1813 1084 loquitur;
1845 1014 2022 1068 admi-

448 1125 618 1171 rans,
661 1109 808 1176 quod
864 1123 1145 1176 nunquam
1216 1122 1394 1176 neque
1449 1106 1683 1160 audierit
1725 1121 1848 1160 eum
1895 1107 2021 1160 talia

445 1203 610 1255 verba
662 1216 755 1254 ore
802 1200 1154 1264 fundentem,
1202 1213 1380 1267 neque
1435 1198 1549 1267 ipse
1606 1196 1784 1268 [talia]
1833 1198 2022 1253 audire

446 1291 859 1346 desideraverit.
895 1288 1010 1344 Hoc
1045 1297 1128 1344 est
1180 1288 1443 1357 templum
1472 1288 1756 1356 spirituale
1788 1287 2022 1344 Domino

445 1392 847 1438 constructum.

2129 380 2280 449 ἡμῖν.
2320 377 2483 443 Πῶς;
2539 379 2594 430 Ὀ
2621 377 2778 446 λόγος
2814 377 2977 430 αὑτοῦ
3007 375 3108 446 τῆς
3142 376 3416 439 πίστεως,
3460 378 3497 446 ἡ
3542 375 3801 446 κλῆσις

2125 469 2291 523 αὑτοῦ
2316 471 2418 539 τῆς
2447 470 2801 537 ἐπαγγελίας,
2834 473 2866 540 ἡ
2906 469 3065 538 σοφία
3091 467 3199 521 τῶν
3224 468 3698 538 δικαιωμάτων,
3733 471 3798 519 αἰ

2124 562 2335 614 ἐντολαὶ
2351 562 2450 631 τῆς
2471 561 2709 633 διδαχῆς,
2737 561 2898 624 αὐτὸς
2919 563 2974 613 ὲν
2992 562 3121 631 ἡμῖν
3141 559 3542 631 προφητεύων,
3581 558 3794 622 αὐτὲις

2127 652 2185 704 ὲν
2208 655 2336 723 ἡμῖν
2358 652 2624 705 κατοικῶν
2644 669 2655 681 ·
2689 655 2800 714 τοῖς
2815 651 2893 722 τῷ
2913 651 3126 720 θανάτῳ
3146 650 3597 721 δεδουλωμένοις
3621 649 3790 702 ἀνοιξ-

2125 760 2239 811 γων
2265 744 2394 813 ἡμῖν
2419 743 2482 796 θύ
2492 760 2589 815 ρας
2603 743 2695 796 τοῦ
2717 743 2867 806 ναοῦ,
2885 745 2913 796 ὃ
2935 742 3248 816 ὲστιστόμα
3275 741 3410 813 (54),
3431 743 3789 812 μετάνοιαν

2125 834 2301 895 διδοὺς
2325 836 2477 905 ἡμῖν,
2509 837 2768 908 εἰσήγαγε
2797 837 2878 899 εἰς
2904 835 2994 888 τὸν
3031 835 3306 906 ἄφθαρτον
3337 835 3470 888 ναόν
3501 835 3669 904 (55).
3722 835 3786 886 Ὀ

2128 926 2223 978 καὶ
2239 925 2419 978 ποθῶν
2449 926 2708 997 σωθῆναι,
2741 927 2925 996 βλέπει
2953 928 3053 979 οὐκ
3070 928 3148 989 εἰς
3165 926 3255 978 τὸν
3271 925 3588 994 ἄνθρωπον
3615 923 3780 995 (56),

2132 1015 2244 1069 ἀλλ’
2285 1017 2365 1078 εἰς
2399 1016 2491 1069 τὸν
2534 1018 2591 1070 ὲν
2632 1016 2781 1088 αὐτῷ
2826 1015 3172 1080 ἐνοικοῦντα,
3222 1015 3317 1070 καὶ
3359 1013 3672 1068 λαλοῦντα
3713 1018 3780 1069 ἐν

2129 1106 2278 1176 αὐτῷ
2299 1107 2432 1178 (57),
2454 1108 2892 1179 ἐκπλησσόμενος
2921 1109 3012 1160 ἐπὶ
3034 1108 3113 1177 τῷ
3143 1107 3432 1178 μηδέποτε,
3455 1108 3623 1178 μήτε
3666 1106 3777 1158 τοῦ

2127 1197 2375 1266 λέγοντος
2397 1199 2467 1252 τὰ
2489 1201 2705 1270 ῥήματα
2726 1200 3021 1271 ἀκηκοέναι
3054 1201 3118 1253 ὲκ
3136 1200 3228 1252 τοῦ
3263 1201 3572 1271 στόματος,
3611 1203 3772 1271 μήτε

2125 1292 2286 1344 αὐτόν
2341 1292 2448 1363 (58)
2477 1311 2606 1346 ποτε
2663 1293 3126 1365 ὲπιτεθυμὴκέναι
3175 1293 3414 1348 ἀκούειν.
3458 1294 3769 1346 Τουτὲστι

2126 1385 2497 1455 πνευματικὸς
2530 1385 2660 1451 ναὸς
2697 1385 3147 1456 οἰκοδομούμενος
3181 1385 3260 1455 τῷ
3287 1386 3507 1454 Κυρίῳ.

1643 1494 1808 1549 XVII.
1841 1494 2096 1566 Epilogus
2126 1500 2297 1567 partis
2328 1501 2532 1569 primae.

517 1610 791 1679 Quantum
825 1619 1020 1682 potuit,
1047 1619 1100 1665 et
1127 1612 1244 1666 sine
1285 1611 1621 1667 obscuritate
1658 1612 1835 1682 potuit
1865 1614 2018 1668 vobis
2049 1624 2092 1678 Β

447 1703 770 1770 monstrari,
814 1717 936 1771 spes
961 1702 1094 1755 mihi
1122 1711 1224 1766 est,
1268 1717 1366 1772 pro
1401 1702 1582 1756 studio
1614 1717 1737 1756 meo
1767 1717 1854 1757 me
1883 1703 2020 1758 nihil

449 1791 702 1845 omisisse
755 1802 978 1852 eorum,
1036 1801 1157 1855 qua:
1197 1787 1262 1839 ad
1316 1794 1554 1840 vestram
1611 1788 1842 1842 salutem
1891 1804 2016 1858 spe-

449 1889 617 1945 ctant,
646 1893 874 1947 quzeque
900 1885 1027 1931 sunt
1064 1875 1372 1945 praesentia.
1405 1873 1461 1928 Si
1510 1875 1654 1930 enim
1702 1875 1770 1931 de
1816 1876 2018 1934 futuris

451 1973 721 2042 scripsero
761 1969 915 2024 vobis
937 2009 952 2035 ,
984 1983 1094 2022 non
1141 1966 1487 2036 intelligetis;
1522 1968 1781 2036 quoniam
1809 1971 1864 2023 in
1893 1972 2020 2026 abs-

447 2067 669 2122 condito
719 2064 960 2135 positum
1019 2071 1123 2117 est.
1173 2059 1240 2114 Et
1297 2061 1412 2115 haec
1464 2059 1687 2130 quidem
1760 2061 1830 2116 ad
1871 2063 2020 2117 hunc

448 2159 690 2215 modum.

2203 1614 2318 1684 Ἐφ’
2369 1616 2491 1669 ὅσον
2535 1613 2602 1688 ἦν
2663 1619 2721 1670 ὲν
2769 1618 2978 1690 δυνατῷ
3019 1621 3113 1672 καὶ
3158 1617 3418 1688 ἁπλότητι
3475 1617 3752 1688 δηλῶσαι

2126 1707 2253 1778 ὑμῖν
2280 1707 2410 1778 (59),
2444 1707 2649 1774 ἐλπίζει
2678 1728 2777 1780 μου
2810 1713 2843 1782 ή
2883 1711 3050 1783 ψυχὴ,
3079 1714 3144 1782 τῇ
3190 1711 3457 1781 ἐπιθυμίᾳ
3497 1729 3614 1781 μου
3667 1713 3747 1782 μὴ

2124 1797 2581 1869 παραλελοιπέναι
2635 1800 2702 1869 μέ
2735 1817 2787 1852 τι
2829 1800 2938 1852 τῶν
2981 1800 3288 1870 ἀνηκόντων
3331 1800 3459 1869 ὑμῖν
3495 1800 3589 1860 εἰς
3633 1815 3747 1850 σω·-

2121 1889 2316 1959 τηρίαν
2339 1889 2644 1945 ἐνεστώτων
2675 1891 2807 1964 (40).
2841 1891 2966 1945 Ἐὰν
2992 1890 3100 1964 γὰρ
3124 1892 3249 1961 περὶ
3275 1890 3381 1943 τῶν
3409 1890 3740 1961 μελλόντων

2123 1979 2318 2050 γράφω
2356 1981 2504 2051 ὑμῖν,
2539 1981 2599 2033 οὑ
2644 1981 2717 2053 μὴ
2743 1982 3007 2052 νοήσητε,
3047 1982 3140 2035 διὰ
3178 1982 3240 2035 τὸ
3282 1984 3338 2034 ὲν
3374 1979 3738 2051 παραϐολαῖς

2130 2072 2362 2126 κεῖσθαι.
2401 2072 2584 2127 Ταῦτα
2623 2074 2720 2146 μὲν
2753 2073 2941 2138 οὕτως.

1709 2248 1889 2309 Vetus
1921 2248 2384 2325 interpretatio.

451 2367 595 2421 Deus
650 2365 945 2448 inhabitat.
970 2367 1118 2448 Quo
1139 2373 1363 2448 modo?
1386 2373 1578 2448 Sermo
1604 2375 1726 2430 fidei
1760 2375 1926 2448 illius,
1952 2374 2165 2448 vocatio
2187 2375 2572 2448 promissionis
2600 2376 2768 2448 illius,
2799 2376 3063 2448 sapientia
3107 2379 3405 2448 aequitatis,
3423 2389 3714 2448 praecepta

452 2438 763 2491 testamenti
797 2438 944 2518 illius
963 2439 1106 2518 (4t);_
1137 2442 1191 2495 in
1227 2445 1756 2518 nobisprophetans
1791 2447 1926 2514 ipse,
1954 2453 2006 2518 c_t
2035 2447 2090 2498 in
2126 2438 2284 2500 nobis
2313 2447 2590 2518 habitans.
2612 2438 2765 2518 ‘Quia'
2788 2438 2900 2517 (vi)
2925 2438 3188 2518 cumsuli
3210 2438 3473 2504 servituie
3490 2438 3713 2518 mortis

449 2521 686 2588 eramus,
718 2513 975 2588 aperiens
1004 2513 1206 2588 ostium
1252 2513 1437 2588 templi
1463 2513 1638 2588 nostri
1671 2513 1990 2588 (45),‹]ιιοιὶΔ
2010 2524 2097 2588 est
2133 2529 2196 2568 os
2225 2516 2504 2588 sapientia:
2538 2515 2676 2586 (44),
2705 2557 2717 2570 .
2752 2558 2772 2588 7.
2797 2513 2822 2572 ’.
2947 2557 2960 2568 .
2985 2558 2998 2571 .
3045 2517 3174 2574 fecit
3195 2520 3262 2573 de
3288 2519 3448 2574 nobis
3471 2517 3707 2572 domum

451 2578 842 2657 incorruptam.
873 2577 976 2642 Qui
1005 2581 1149 2657 enim
1175 2577 1518 2657 concupiscit
1549 2577 1790 2650 liberari,
1816 2577 2088 2657 vivit__(45)
2126 2600 2235 2637 non
2339 2577 2645 2652 hominem,
2665 2577 2768 2641 sed
2815 2588 2871 2642 in
2894 2602 2961 2642 eo
3007 2591 3104 2657 qui
3157 2590 3404 2643 habitat.
3439 2630 3454 2643 .
3490 2628 3505 2641 .
3536 2628 3553 2642 .
3591 2629 3605 2642 .
3649 2591 3708 2643 in

450 2648 575 2730 illo:
624 2648 856 2730 miratur
882 2649 1027 2716 quod
1053 2667 1337 2730 nunquam
1357 2648 1498 2710 tales
1528 2648 1810 2710 sermones
1844 2648 2083 2708 audierit
2104 2669 2230 2708 eum
2262 2655 2529 2711 dicentem
2549 2696 2562 2721 ,
2604 2648 2783 2727 neque
2814 2658 2930 2728 ipse
2980 2648 3325 2730 concupierit
3353 2660 3567 2714 audire.
3607 2658 3712 2713 Hie

451 2727 535 2769 cst
560 2716 876 2784 spiritaliter
904 2757 919 2771 .
949 2759 962 2772 .
992 2755 1006 2771 .
1035 2758 1048 2772 .
1078 2759 1092 2772 .
1137 2716 1455 2778 aedificatus.

521 2784 686 2839 XVII.
728 2787 1003 2871 Quantum
1031 2827 1044 2840 .
1075 2829 1100 2871 ._
1126 2829 1183 2871 ._.
1226 2791 1406 2871 fuerit
1434 2794 1490 2847 in
1522 2793 1883 2871 simplicitath
1905 2793 2323 2871 _d_e_mons_trandi
2359 2795 2519 2871 nobis
2550 2797 2687 2871 (46),
2717 2838 2730 2851 .
2924 2811 3037 2871 non
3087 2800 3356 2855 intermisi
3398 2798 3707 2869 quidquam

451 2894 468 2940 τ
503 2893 561 2940 ,1.
807 2860 1038 2940 δίοειιίηι
1069 2860 1137 2940 de
1163 2860 1495 2940 instantibus
1549 2860 1843 2940 ac’futuris
1869 2863 1983 2934 (47)
2027 2866 2265 2940 scribam
2300 2865 2480 2940 vobis,
2514 2860 3016 2940 noni‘intelligetis,
3069 2885 3180 2940 quo
3220 2871 3386 2926 modo
3415 2860 3492 2923 .in
3535 2860 3708 2938 para-

451 2926 594 3006 bolis.
621 2925 944 3008 (4.8)posita
974 2939 1105 2982 sunt
1128 2932 1318 3008 multa.
1353 2932 1479 3008 Ilaec
1507 2944 1687 2988 autem
1747 2936 1849 3008 sic
1870 2925 2018 3008 sunt.
2068 2934 2271 3008 Habes
2300 2925 2518 3008 interim
2549 2937 2664 3007 (49)
2707 2938 2775 2992 de
2830 2925 3118 3007 majestate
3150 2925 3378 3005 Christi,
3424 2925 3708 3008 quoinodo

448 2997 633 3050 omnia
671 2997 723 3050 in
751 2997 928 3062 illum,
957 3008 1010 3054 ct
1032 3013 1129 3069 per
1174 3001 1348 3070 illum,
1380 3004 1523 3060 facta
1565 3014 1730 3060 sunt:
1765 3006 1856 3060 cui
1890 3005 1962 3060 sit
1993 3005 2190 3073 honor,
2225 3007 2422 3071 virtus,
2455 2997 2657 3077 gloria,
2676 3023 2825 3062 nunc
2867 2997 3009 3066 et'in
3036 3012 3234 3068 saecula
3257 2997 3603 3067 satcultirum.

1523 3146 1938 3208 EPISTOLZE
1988 3146 2190 3208 PARS
2233 3146 2592 3209 SECUNDA
2605 3194 2620 3209 .

1714 3261 1902 3318 XVIII.
1945 3263 2022 3316 De
2062 3262 2266 3317 duabus
2295 3264 2412 3318 viis.

520 3378 888 3436 Transeamus
937 3390 1120 3436 autem
1150 3388 1204 3435 et
1250 3380 1319 3435 ad
1373 3380 1598 3435 alteram
1649 3380 2017 3451 cognitionem

2192 3378 2532 3450 Μεταϐὦμεν
2559 3377 2614 3432 δὲ
2645 3378 2738 3432 καὶ
2764 3379 2855 3432 ἐπὶ
2882 3352 3081 3452 ἑτέραν.
3099 3381 3299 3450 γνῶσιν
3327 3382 3422 3434 καὶ
3455 3379 3693 3452 διδαχήν.

448 3480 612 3541 atque
645 3472 974 3527 doctrinam.
1007 3472 1137 3527 Duae
1166 3481 1295 3528 sunt
1330 3473 1432 3527 via:
1460 3472 1725 3527 doctrina:
1765 3487 1830 3527 ac
1865 3485 2018 3542 pute-

447 3562 653 3618 statis:
707 3577 817 3617 una
864 3563 1027 3628 lucis,
1061 3563 1232 3618 altera
1285 3564 1654 3618 tenebrarum.
1702 3563 2016 3617 Differentia

2135 3470 2275 3524 Ὁδοὶ
2303 3469 2396 3523 δύο
2426 3471 2531 3522 εἰσὶ
2573 3469 2794 3542 διδαχῆς
2841 3471 2934 3523 καὶ
2979 3471 3226 3539 ἐξουσίας
3257 3470 3390 3544 (50),
3438 3473 3472 3544 ἦ
3516 3491 3570 3525 τε
3599 3471 3693 3524 τοῦ

2125 3561 2301 3630 φωτὸς
2329 3560 2461 3633 (Si),
2487 3561 2520 3630 ἦ
2549 3578 2608 3613 τε
2634 3560 2727 3614 τοῦ
2762 3563 3004 3626 σκότους.
3042 3563 3283 3634 Διαφορὰ
3318 3564 3375 3617 δὲ
3403 3563 3567 3636 πολλὴ
3588 3564 3694 3616 τῶν

1773 3695 2076 3754 VARIORU
2085 3696 2134 3751 Μ
2173 3695 2384 3751 ΝΟΤίΕ

519 3810 637 3881 (54)
673 3809 759 3881 _Ad
797 3809 1230 3881 annuntiandam
1254 3809 1486 3881 gloriam
1512 3807 1628 3864 Dei.

543 3878 632 3950 55)
673 3879 713 3933 I.
747 3895 796 3934 c.
828 3896 930 3934 nos
961 3881 1110 3950 ipsos
1144 3878 1322 3950 effecit
1351 3881 1460 3935 tale
1491 3878 1774 3949 templum.

543 3949 632 4021 56)
670 3950 884 4021 Qui_est
912 3949 1090 4021 prieco
1120 3949 1418 4020 Evangelii.

518 4018 631 4090 (5⁸1)
667 4020 742 4073 Ita
773 4018 1067 4090 Davaet.
1093 4018 1292 4089 interpi
1311 4021 1365 4072 iu
1395 4019 1508 4072 illo.
1533 4018 1635 4090 Ms.
1662 4020 1747 4071 ἐπ’
1776 4018 1942 4088 αὐτῷ.

519 4091 633 4162 (58)
673 4089 772 4144 Ms.
819 4091 1004 4162 αὐτόςέ
1051 4089 1412 4145 Scribendum
1452 4089 1643 4148 αὐτόν.
1697 4090 1844 4158 quod
1894 4093 2011 4159 ipsa

449 4160 952 4233 syt'rtaxipostulat.
979 4160 1159 4233 Dav.”
1319 4229 1330 4233 Α
1628 4231 1636 4233 _
1677 4187 1688 4199 -

520 4230 632 4301 (59)
672 4227 749 4301 Ita
785 4229 938 4295 Dav.,
970 4231 1250 4286 codicibus
1279 4229 1452 4301 nisus.
1483 4227 1590 4281 Alii
1616 4231 1767 4300 ἡμῖν.

2127 3806 2343 3883 censuit
2372 3823 2386 3858 :
2421 3804 2562 3883 Vidit
2593 3822 2698 3883 non
2726 3808 2789 3883 in_
2815 3808 3098 3883 hominem,
3130 3811 3221 3864 sed
3245 3812 3303 3864 in
3332 3811 3489 3883 illum
3510 3817 3598 3883 qui
3631 3815 3686 3868 in

2123 3894 2182 3948 eo
2209 3877 2414 3928 habitat
2441 3887 2490 3930 et
2515 3877 2752 3947 loquitur
2771 3879 2828 3932 in
2849 3879 2985 3944 illo;
3024 3882 3273 3948 miratus,
3305 3892 3409 3936 etc.
3441 3882 3506 3936 Et
3521 3877 3681 3937 'mox:

2124 3946 2242 4023 Hoc
2262 3946 2735 4023 estfpiritualiter
2762 3948 2985 4023 Domitio
3005 3946 3334 4023 mdiﬁcatum
3365 3954 3626 4023 templum.

2192 4016 2311 4140 (ἐξ)
2344 4016 2534 4070 Nobis.
2577 4020 2664 4072 Al;
2712 4020 2876 4072 vobis.
2926 4016 3124 4075 Fellusi
3170 4016 3492 4093 utrobique,
3534 4027 3677 4095 ἡμῖν,

2122 4105 2288 4142 110088.

2195 4158 2306 4231 (47)
2346 4155 2424 4231 De
2447 4158 2772 4231 instantibus»
2791 4175 2852 4211 ac
2872 4159 3089 4231 futuris.
3117 4160 3190 4216 Ex
3224 4161 3307 4217 his
3333 4171 3478 4231 patet
3503 4164 3676 4221 Grata

2121 4228 2209 4302 sic
2225 4229 2454 4302 legenda
2476 4244 2646 4302 esse:
2847 4230 2956 4302 γὰρ
2976 4235 3100 4302 περὶ
3115 4233 3224 4284 τῶν
3256 4228 3565 4288 ἐνεστώτων
3593 4239 3676 4291 καὶ

520 4297 631 4371 (40)
671 4300 709 4354 I.
735 4301 884 4371 crde
915 4303 1116 4370 quibus
1147 4316 1292 4354 nunc
1326 4297 1679 4371 disceptatur,
1709 4314 1758 4353 e.
1789 4313 1840 4369 g.
1881 4313 2012 4371 num

2123 4297 2442 4371 μελλόντων.
2475 4297 2700 4354 ΜεΝ.-
2739 4297 2936 4354 Vocem
2965 4297 3272 4356 ἐνεστώτων
3305 4306 3424 4359 loco
3457 4321 3557 4359 suo
3600 4309 3675 4360 di—

449 4369 653 4426 novum
699 4370 875 4426 deus
901 4369 1068 4440 veteri
1098 4372 1168 4424 sit
1207 4369 1624 4440 praeferendum,
1658 4385 1788 4422 num
1832 4369 2014 4423 adhuc

451 4443 667 4496 valeant
698 4450 964 4511 prmeepta
987 4439 1374 4511 JudaicaLetc.

520 4513 634 4579 (41)
678 4509 998 4564 Testanienti
1037 4511 1206 4566 illius.
1229 4509 1342 4565 νει.
1369 4510 1636 4580 interpres
1661 4509 1870 4580 legebat
1892 4509 2009 4563 δια-

353 4585 360 4593 '
445 4581 620 4652 Θήκης
647 4581 834 4634 αὑτοῦ.
862 4581 1025 4652 EELL.

518 4650 630 4723 (42)
674 4653 832 4716 Quia.
869 4650 1048 4713 Forte,
1079 4652 1190 4720 qui.
1215 4650 1376 4705 FELL.

515 4721 629 4793 (45)
669 4725 918 4792 Aperiens
949 4723 1141 4775 ostium
1167 4724 1348 4791 templi
1391 4721 1671 4777 nostri.Os
1697 4721 1752 4774 in
1773 4734 2009 4793 sequen-

445 4791 592 4848 tibus
611 4791 1025 4862 interpretatur,
1044 4793 1190 4862 quod
1214 4808 1400 4847 revera
1419 4801 1504 4847 est
1525 4793 1718 4862 ostrum
1737 4791 2006 4859 corporis.

444 4863 552 4917 Sed
583 4860 818 4932 primum
845 4864 974 4932 quid
1002 4860 1273 4930 significat
1307 4879 1363 4916 os
1388 4863 1635 4930 aperire!
1660 4860 1864 4916 Deinde
1883 4862 2008 4929 quis

444 4949 620 4987 nexus
653 4935 900 4987 estinter
928 4933 1263 5002 apertionem
1293 4933 1406 4986 oris
1444 4942 1500 4987 et
1531 4947 1654 5002 qua:
1703 4940 2009 5000 sequuntur

441 5003 497 5056 in
522 5002 1078 5074 Graecis,_ttetdv0tav
1099 5001 1272 5074 διδοὺς
1299 5004 1450 5074 ἡμῖν,
1479 5001 1612 5055 dans
1649 5003 1798 5074 nobis
1844 5002 2010 5074 paeni-

441 5073 667 5127 tentiam
689 5075 714 5126 ?
743 5072 999 5126 Alludere
1032 5073 1246 5125 videtur
1266 5071 1334 5125 ad
1358 5073 1540 5126 locum
1578 5072 1773 5140 psalmi
1804 5087 1834 5124 ι.
1871 5111 1886 5135 ,
1917 5071 2005 5135 l7,

445 5144 534 5196 ubi
568 5143 640 5196 ita
673 5142 875 5196 David:
903 5141 1143 5208 Domine,
1165 5144 1310 5211 aperi
1333 5141 1478 5196 labia
1500 5159 1636 5209 mea,
1664 5151 1715 5195 et
1737 5157 1796 5194 os
1833 5157 2006 5194 meum

439 5213 780 5266 aununtiabit
817 5212 1029 5264 laudent
1051 5223 1218 5265 tuam.
1248 5211 1415 5266 Cum.

515 5283 628 5354 (44)
664 5284 736 5339 Os
765 5283 1056 5353 sapientia.
1077 5277 1174 5336 Est
1190 5298 1377 5337 revera
1405 5300 1461 5337 os
1489 5283 1721 5352 sapiens,
1741 5281 1885 5351 quod
1906 5280 2004 5336 be-

441 5355 633 5408 neticia
679 5371 710 5408 a
770 5354 880 5407 Deo
930 5363 1150 5420 accepta
1203 5355 1569 5408 indesinenter
1610 5361 2005 5408 commemorat

441 5435 607 5493 atque
638 5425 865 5480 extollit.
917 5422 1020 5477 Sed
1055 5424 1106 5475 in
1145 5422 1349 5478 Graecis
1381 5425 1614 5478 habetur
1645 5423 1791 5492 quod
1842 5423 2004 5476 modo

445 5495 749 5566 retulimus,
780 5493 1309 5566 proquoiinterpres
1333 5495 1460 5565 legit
1487 5495 1695 5563 σοφίας.
1726 5493 1894 5566 titan.

515 5563 630 5634 (45)
683 5560 840 5619 Viuit.
869 5560 955 5619 Al.
991 5563 1150 5618 videt.
1188 5560 1368 5620 Fellus
1387 5560 1517 5622 'htec
1539 5560 1616 5622 ita
1655 5563 1998 5621 reformando

2119 4378 2347 4433 motam,
2382 4370 2436 4421 in
2464 4379 2781 4438 sequentem
2815 4371 3122 4439 periodum,
3160 4389 3188 4426 a
3222 4372 3415 4428 Latina
3437 4378 3673 4432 versione

2113 4439 2412 4503 admoniti,
2444 4441 2811 4507 reposuimus.
2870 4439 3035 4496 FELL.
3059 4473 3130 4481 —
3164 4442 3300 4498 Vide
3358 4455 3469 4501 not.
3512 4446 3578 4500 42
3609 4450 3670 4501 ad

2111 4523 2247 4584 cap._
2267 4509 2320 4574 4,
2411 4509 2517 4584 col.
2552 4509 2847 4584 73'2.Alliuc
2887 4509 3178 4568 Usseriana
3222 4515 3382 4570 lectio
3434 4515 3552 4584 ejus
3578 4519 3670 4572 loci

2111 4579 2422 4632 conﬁrmari
2455 4589 2648 4648 potest.
2678 4579 2847 4636 Cum.

2184 4648 2300 4722 (48)
2344 4650 2460 4712 Quo
2509 4650 2663 4703 modo
2714 4652 2770 4703 in
2811 4653 3104 4720 parabolis.
3171 4652 3486 4722 Legendqu
3543 4658 3670 4714 forte

2108 4721 2396 4788 quoniam:
2421 4729 2566 4774 certe
2589 4721 2671 4774 sic
2694 4724 3010 4776 vertendum
3051 4723 3230 4779 fuerat
3252 4721 3343 4778 διὰ
3371 4727 3452 4780 τό.
3477 4727 3631 4782 Cum.

2181 4789 2295 4859 (49)
2338 4787 2515 4859 Habes
2538 4791 2772 4855 interim,
2801 4801 2904 4846 etc.
2933 4792 3058 4847 Haec
3099 4810 3204 4849 non
3246 4805 3378 4850 sunt
3424 4798 3478 4851 in
3531 4808 3664 4853 textu

2109 4857 2317 4930 ﬁraaco.
2345 4858 2640 4930 IIﬁucusque
2662 4862 2841 4915 versio
2863 4861 3052 4917 Latina
3081 4866 3288 4919 codicis
3310 4866 3662 4923 Corbeiensis.

2108 4927 2250 4982 ΜΕΝ.
2273 4959 2344 4967 -
2372 4929 2504 4996 Quae
2533 4927 2715 4991 autem
2743 4931 2962 4996 desunt,
2999 4935 3202 4990 Graecis
3231 4937 3426 4992 litteris
3457 4941 3530 4992 ita
3555 4938 3663 4992 Fel-

2107 4999 2196 5078 lus
2218 5003 2548 5080 οξιρι-οερεοξιε⁵
2573 5002 2756 5080 Ἔχεις
2798 4997 2890 5080 οῦν
2942 5006 3071 5080 περξι
3121 5005 3663 5080 τῆςγμειίαλειότητος

2105 5071 2200 5122 τοῦ
2230 5071 2487 5140 Χριστοῦ,
2519 5072 2594 5134 ὠς
2626 5077 2802 5125 πάντα
2829 5075 2910 5134 εἰς
2946 5071 3106 5128 αὑτὸν
3126 5114 3140 5138 ,
3173 5071 3276 5130 καῖ
3308 5071 3374 5129 δι’
3394 5071 3664 5132 αὐτοῦ’πε-

2107 5134 2322 5217 agimur.
2342 5157 2354 5169 ’
2379 5134 2424 5208 ᾧ
2456 5134 2601 5206 δόξα,
2635 5142 2833 5213 κράτος
2855 5145 2946 5197 καὶ
2963 5134 3245 5217 τιμὴ,’νῦν
3266 5151 3360 5201 καὶ
3379 5151 3456 5212 εἰς
3475 5149 3660 5212 αἰῶνας

2104 5209 2210 5264 τῶν
2233 5210 2462 5264 αἰώνων.

2178 5281 2293 5360 (ἔξω
2324 5281 2399 5360 De
2419 5283 2621 5360 duplici
2645 5283 2908 5360 doctrina,
2933 5284 3074 5360 bona
3097 5297 3151 5342 et
3175 5289 3340 5354 mala,
3363 5301 3417 5344 et
3437 5291 3504 5345 de
3524 5300 3656 5360 pate~

2106 5353 2330 5405 statibus
2351 5353 2509 5407 bonis
2523 5362 2577 5407 et
2603 5356 2762 5409 malis
2786 5357 3016 5425 (angelis
3036 5353 3475 5429 et-datmonibus)
3497 5353 3656 5431 loqui-

2106 5431 2212 5476 tur.

2143 5494 2288 5568 '{5_I_)
2405 5494 2507 5568 l.'l_.
2535 5494 2757 5568 qrigen.
2792 5495 2870 5568 _De
2896 5495 3074 5566 brinc.
3097 5502 3131 5557 l.
3167 5517 3248 5568 ιιι,
3278 5519 3325 5557 c.
3356 5502 3410 5566 2,
3446 5521 3499 5556 ιι.
3531 5501 3585 5567 ι,
3608 5511 3655 5554 et

2105 5564 2141 5617 ι.
2177 5580 2192 5618 ι
2221 5564 2451 5633 Explan.
2482 5565 2535 5619 in
2566 5565 2664 5634 Ep.
2698 5567 2768 5622 ad
2793 5564 2952 5622 Rom.
2987 5589 3024 5635 ι,
3051 5571 3139 5625 24.
