4010 6150
323 231 430 286 ⁸⁸77

1569 216 1908 313 ΙξΡΙΞΤΟῙιΑ
1937 212 2351 274 CATHOLICA.

3502 213 3610 272 778

323 355 418 409 δύο
437 350 587 406 ὁδῶν.
639 349 754 419 Ἐφ’
776 341 846 422 ἦς
880 347 980 420 μὲν
1009 350 1117 418 γάρ
1143 346 1251 399 είσι
1289 340 1612 412 τεταγμένοι
1643 355 1911 408 φωταγω-

2029 352 2144 392 vero
2169 337 2340 391 multa
2383 343 2618 391 duarum
2653 336 2887 390 viarum.
2931 329 3035 387 Uni
3063 327 3336 400 siquidem
3386 342 3612 399 prtem-

323 450 415 520 γοὶ
445 445 668 517 ἄγγελοι
692 443 788 500 τοῦ
814 442 972 507 Θεοῦ,
1010 441 1096 509 ἐφ’
1119 433 1188 510 ἦς
1215 437 1273 492 δὲ
1305 434 1528 504 ἄγγελοι
1554 432 1649 498 τοῦ
1677 430 1912 484 Σατανᾶ.

323 546 437 598 Καὶ
465 545 495 597 ὁ
527 542 626 613 μὲν
657 540 772 594 ἔστι
797 538 1004 609 Κύριος
1045 533 1140 588 ἀπ’
1173 530 1385 587 αἰώνων
1414 529 1496 590 εἰς
1532 527 1660 589 τοὺς
1694 522 1916 585 αἰῶνας,

323 641 356 696 ὁ
383 639 442 694 δὲ
468 638 654 711 ἄρχων
681 632 873 706 καιροῦ
899 632 1000 702 τῆς
1029 627 1278 698 ἀνομίας.

2024 430 2114 485 siti
2143 438 2272 510 sunt
2302 427 2478 497 angeli
2514 426 2608 481 Dei
2638 427 2814 481 lucem
2862 423 3234 495 praeferentes,
3270 413 3429 474 alteri
3477 431 3612 473 vero

2025 519 2201 591 angeli
2231 518 2450 574 Satanze
2474 521 2512 572 ⁸.
2549 517 2629 573 Ac
2656 517 2748 571 ille
2778 515 2999 586 quidem
3026 513 3292 568 Dominus
3323 520 3408 566 est
3435 525 3464 564 a
3506 523 3612 563 sae-

2024 613 2165 668 culis
2241 613 2297 667 in
2349 609 2582 677 smeula;
2643 609 2734 665 hic
2791 615 2974 663 autem
3027 607 3282 676 princeps
3336 601 3612 673 temporis

2033 719 2228 772 Iniqui.

1675 817 1820 872 XIX.
1852 817 1928 872 De
1960 819 2044 872 via
2083 819 2240 872 lucis.

411 957 477 1010 Ἦ
527 949 620 1010 οὖν
655 953 771 1016 ὁδὸς
796 948 892 1004 τοῦ
927 946 1104 1019 φωτός
1144 944 1291 996 ἐστιν
1335 937 1496 1008 αὕτη.
1549 934 1675 988 Ἐάν
1720 949 1807 996 τις
1843 930 1925 983 θέ-

325 1049 434 1106 λων
453 1047 563 1120 (5'2)
579 1044 780 1098 ὁδεύειν
796 1043 889 1095 ἐπὶ
912 1040 1001 1092 τὸν
1021 1034 1325 1110 ὡρισμένον
1350 1030 1536 1092 τόπον,
1561 1023 1784 1080 σπεύσει
1809 1025 1923 1086 τοῖς

329 1113 506 1215 ἔργοις
537 1113 722 1191 αὐτοῦ.
755 1136 944 1188 Ἔστιν
974 1127 1067 1184 οὖν
1097 1131 1130 1200 ἡ
1161 1125 1376 1180 δοθεῖσα
1416 1123 1548 1192 ἡμῖν
1577 1117 1783 1215 γνῶσις
1822 1113 1918 1168 τοῦ

328 1231 649 1303 περιπατεῖν
699 1228 757 1279 ὲν
806 1225 966 1295 αὐτῇ,
1012 1217 1259 1287 τοιαύτη.
1327 1212 1662 1282 Ἀγαπήσεις
1713 1207 1807 1259 τόν
1859 1221 1920 1258 σε

327 1312 650 1395 ποιήσαντα,
677 1317 922 1383 δοξάσεις
961 1312 1052 1367 τόν
1085 1327 1145 1362 σε
1186 1302 1608 1378 λυτρωσάμενον
1652 1299 1719 1352 ὲκ
1751 1295 1919 1349 θανά.-

326 1392 452 1473 του.
477 1419 618 1489 Ἔσῃ
643 1412 848 1475 ἁπλοῦς
868 1413 935 1482 τῇ
968 1405 1185 1480 καρδίᾳ,
1223 1401 1319 1456 καὶ
1354 1397 1609 1460 πλούσιος
1643 1394 1722 1465 τῷ
1760 1392 1924 1489 πνεύῖ

331 1531 477 1587 ματι.
521 1511 596 1566 Οὐ
639 1505 947 1577 κολληθήσῃ
987 1519 1026 1573 μ

329 1575 582 1659 δανάτου.
606 1596 718 1670 (55)
736 1575 1002 1666 Μισήσεις
1034 1592 1228 1654 ποιεῖν,
1249 1587 1278 1640 ὃ
1307 1587 1408 1640 οὐκ
1431 1581 1659 1655 ἀρεστὸν
1677 1577 1756 1650 τῷ
1781 1575 1922 1647 Θεῷ,

331 1697 583 1768 μισήσεις
612 1691 790 1743 πᾶσαν
822 1684 1130 1754 ὑπόκρισιν.
1159 1680 1233 1732 Οὐ
1264 1677 1340 1750 μὴ
1361 1673 1739 1745 ὲγκαταλίπῃς
1770 1671 1923 1722 ἐντο-

328 1763 427 1848 λὰς
453 1763 682 1854 Κυρίου.
714 1777 825 1850 (54)
849 1776 962 1847 Οὐχ
983 1772 1220 1844 ὑψώσεις
1251 1767 1496 1832 σεαυτὸν,
1530 1765 1628 1838 ἔσῃ
1653 1763 1712 1854 δε
1736 1777 1925 1854 ταπει-

325 1851 562 1945 νόφρων.
595 1871 711 1924 Οὐκ
743 1869 896 1938 ἀρεῖς
933 1864 1027 1916 ἐπὶ
1058 1861 1280 1915 σεαυτὸν
1309 1859 1485 1925 δόξαν.
1515 1858 1591 1910 Οὐ
1618 1853 1766 1926 λήψῃ
1799 1851 1925 1922 βου-

332 1941 699 2038 λὴνίπονηρὰν
725 1956 867 2014 κατὰ
889 1955 980 2009 τὸν
1008 1953 1241 2024 πλησίον
1276 1952 1391 2004 σὀυ.
1425 1948 1499 2002 Ού
1529 1944 1721 2008 δώσεις
1743 1945 1808 2014 τῇ
1831 1941 1926 2011 ψυ-

331 2035 401 2131 χῇ
431 2055 646 2129 θράσος.
674 2052 786 2124 (55)
813 2051 887 2104 Ού
915 2047 1254 2120 πορνεύσεις,
1276 2043 1337 2096 ού
1368 2038 1693 2113 μοιχεύσεις,
1710 2035 1771 2087 ού
1795 2050 1924 2087 παι-

331 2125 710 2220 δοφθορεύσεις
745 2142 956 2215 (56)ού
988 2139 1061 2210 μή
1091 2155 1172 2191 σοι
1203 2137 1231 2188 ὁ
1260 2134 1418 2204 λὸγός
1454 2130 1549 2184 τοῦ
1576 2129 1712 2220 Θεοῦ
1733 2125 1926 2220 ἐξέλθῃ

331 2216 733 2308 ὲν-ὰκαθαρσίᾳ
764 2231 947 2288 τινῶν.
978 2229 1093 2301 (57)
1115 2227 1191 2280 Ού
1217 2225 1366 2298 λήψῃ
1391 2221 1680 2296 πρόσωπον
1701 2216 1927 2286 ἐλέγξας

330 2332 453 2386 τινὰ
469 2331 563 2384 ὲπὶ
593 2327 706 2400 (58)
741 2321 1168 2396 παραπτώματι.
1188 2319 1330 2389 Ἔσῃ
1356 2311 1661 2386 πραῢς,ἕσῃ
1682 2309 1922 2381 ήσύχιος.

334 2425 480 2495 Ἔσῃ
500 2421 719 2494 τρέμων
747 2417 874 2479 τοὺς
909 2414 1122 2483 λόγους,
1154 2410 1249 2474 οὓς
1273 2410 1534 2495 ἤκουσας.
1559 2403 1650 2495 .ού
1668 2401 1758 2495 μὴ
1792 2415 1927 2495 μνή-

333 2488 641 2584 σικαξιήσῃς
669 2504 987 2578 τῷαδελφῷ
1010 2521 1126 2556 σου.
1147 2499 1260 2572 (59)
1291 2499 1367 2552 Ού
1394 2497 1469 2567 μὴ
1489 2492 1815 2565 διψυχήσῃς,

331 2623 491 2678 τερον
654 2601 825 2664 ἔσται,
854 2599 888 2670 ἢ
912 2596 992 2651 οὗ.
1025 2596 1100 2650 Οὐ
1141 2594 1214 2665 μὴ
1243 2591 1413 2665 λάϐῃς
1453 2589 1547 2641 ἐπὶ
1579 2584 1792 2658 ματαίῳ
1812 2580 1925 2678 (6.1)

331 2676 504 2770 ὄνομα
527 2698 753 2769 Κυρίου.
794 2692 1128 2762 Ἀγαπήσεις
1148 2687 1241 2741 τὸν
1276 2683 1506 2756 πλησίον
1543 2697 1636 2734 σου
1665 2676 1927 2770 ὑπὲρ

330 2767 511 2863 ψυγήν
541 2767 654 2842 σου.
699 2786 812 2859 (62)
845 2785 921 2838 Ού
953 2780 1234 2852 φονεύσεις
1257 2777 1445 2870 τέκνον
1469 2775 1529 2870 εν
1567 2770 1763 2870 φθορᾷ,
1804 2767 1926 2870 ούδε
1954 2811 1997 2870 C

331 2857 497 2938 πάλιν
519 2857 780 2951 γεννηθὲν
823 2876 1052 2938 ἀνελεϊς.
1093 2870 1206 2943 (65)
1239 2868 1314 2922 Οὐ
1359 2866 1433 2939 μὴ
1471 2865 1608 2937 ἄρῃς
1634 2863 1735 2932 τὴν
1769 2857 1928 2951 λεῖξρᾲ

334 2995 430 3031 σου
465 2949 574 3030 ἀπὸ
598 2949 692 3027 τού
724 2970 842 3024 υίοῦ
870 2985 988 3033 σου,
1016 2966 1050 3037 ἢ
1079 2963 1188 3020 ἀπὸ
1226 2962 1328 3032 τῆς
1363 2957 1630 3029 θυγατρός
1657 2970 1774 3017 σου,
1811 2949 1929 3006 ἀλλ’

333 3069 441 3125 ἀπὺ
462 3067 715 3137 νεότητος
737 3061 967 3126 διδάξεις
991 3056 1155 3129 φόϐον
1189 3050 1501 3126 Κυρίου.οὺ
1547 3047 1622 3118 μὴ
1649 3045 1786 3137 γένῃ
1807 3043 1935 3137 ἐπι.

331 3159 521 3232 θυμῶν
542 3133 726 3210 τὰ-τοῦ
754 3152 981 3224 πλησίον
1007 3165 1102 3201 σου
1128 3145 1264 3217 (64),
1293 3142 1415 3197 οὐδὲ
1441 3140 1516 3212 μὴ
1545 3133 1903 3232 γένῃῄπλεονὲ

334 3225 491 3325 κτῃς.
523 3250 658 3305 Οὐδὲ
694 3245 1006 3317 κολληθήσῃ
1049 3242 1114 3292 ὲκ
1151 3237 1332 3309 ψυχῆς
1369 3250 1462 3288 σου
1510 3230 1649 3325 μετὰ

336 3316 473 3402 ἀλλὰ
499 3341 637 3414 μετὰ
653 3316 876 3392 δικαίων
907 3334 1003 3388 καὶ
1023 3329 1294 3385 ταπεινῶν
1314 3324 1696 3397 ἀναγραφήσῃ.
1717 3319 1830 3392 (65)
1849 3316 1931 3414 Τὰ

339 3410 709 3506 συμϐαίνοντα
738 3445 819 3481 σοι
866 3425 976 3498 (66)
1004 3423 1374 3494 ἐνεργήματα,
1413 3417 1490 3480 ὡς
1523 3413 1723 3484 ἀγαθὰ,
1758 3410 1931 3506 πρόσ-

335 3503 503 3594 δεξαι.
541 3522 653 3595 (67)
681 3520 796 3574 Ούκ
817 3517 915 3591 ἔσῃ
934 3516 1223 3585 δίγνωμος,
1253 3510 1375 3563 οὐδὲ
1395 3507 1691 3576 δίγλωσσος
1709 3521 1724 3535 ο
1761 3503 1931 3572 παγὶς

335 3619 446 3690 γὰρ
470 3615 702 3670 θανάτου
732 3611 881 3664 ἐστὶν
915 3610 949 3680 ἡ
976 3604 1291 3676 διγλωσσία.
1339 3601 1688 3671 Ὑποταγήσῃ
1715 3597 1924 3690 Κυρί-φν

338 3687 549 3783 itu—piat;
584 3707 660 3769 ὡς
694 3702 851 3773 τύπῳ
892 3698 1050 3763 Θεοῦ,
1090 3699 1148 3751 ὲν
1181 3694 1414 3767 αἰσχύνῃ
1449 3693 1544 3747 καὶ
1590 3690 1756 3760 φόϐῳ.
1816 3687 1926 3761 (68)

338 3782 426 3862 06
442 3805 516 3875 μὴ
537 3799 798 3870 επιτάξῃς
818 3793 1081 3864 παιδίσκῃ
1111 3789 1145 3862 ἢ
1172 3789 1342 3860 δούλῳ
1369 3804 1464 3840 σου
1489 3786 1547 3838 ὲν
1570 3784 1786 3853 πικρίᾳ,
1815 3782 1928 3843 τοῖς

339 3873 561 3952 ὲπὶῖτδν
591 3891 751 3946 αὑτὸν
783 3887 1087 3951 ἐλπίζουσι,
1135 3882 1208 3953 μή
1245 3896 1375 3933 ποτε
1415 3879 1477 3931 ού
1505 3875 1792 3946 φοϐηθήσῃ
1831 3873 1924 3925 τὸν

338 3989 425 4043 ἐπ’
468 3985 797 4059 ἀμφοτέροις
828 3979 992 4032 Θεόνο
1032 3977 1116 4029 ὅτι
1155 3970 1319 4045 ἦλθεν
1360 3972 1461 4024 οὐκ
1500 3970 1594 4022 ἐπὶ
1634 3968 1926 4040 πρόσωπον

339 4078 584 4139 καλέσαι,
614 4072 728 4127 ἀλλ’
753 4071 837 4140 ἐφ’
867 4068 962 4132 οὓς
984 4071 1046 4120 τὸ
1067 4063 1292 4132 Πνεῦμα
1324 4061 1608 4133 ἡτοίμασε.
1636 4059 1747 4131 (69)
1793 4060 1925 4113 Km—

2101 930 2201 985 Via
2234 931 2402 1001 igitur
2432 930 2572 985 lucis
2600 929 2714 984 haac
2742 938 2828 983 est
2853 946 2868 981 :
2899 926 2956 982 SI
2985 928 3112 996 quis
3139 927 3292 996 cupit
3321 929 3604 996 pervenire

2027 1019 2095 1073 ad
2145 1008 2471 1078 nrzetlnitum
2521 1018 2728 1084 locum,
2783 1017 2901 1073 suis
2933 1017 3193 1087 operibus
3243 1017 3294 1070 id
3335 1016 3606 1089 consequi

2027 1111 2261 1166 studeat.
2289 1109 2549 1181 Cognitio
2581 1110 2768 1180 itaque
2799 1109 2962 1164 nobis
2993 1108 3117 1163 data
3147 1109 3200 1162 in
3229 1108 3336 1164 hac
3369 1109 3456 1166 via
3486 1091 3606 1164 am-

2025 1203 2250 1258 bulandi
2301 1203 2573 1272 ejusmodi
2624 1210 2730 1257 est.
2774 1201 2980 1272 Diliges
3026 1201 3346 1256 Creatorem
3403 1210 3602 1266 tuum,

2027 1293 2198 1363 gloria
2243 1292 2448 1347 allicies
2494 1307 2642 1354 eum,
2685 1290 2776 1359 qui
2810 1289 3041 1344 redemit
3082 1298 3135 1343 te
3182 1304 3213 1343 a
3256 1298 3454 1346 morte.
3484 1286 3606 1356 Eris

2027 1387 2194 1440 corde
2234 1385 2465 1454 simplex
2495 1394 2550 1440 et
2589 1383 2788 1453 Spiritu
2816 1381 2992 1436 dives.
3037 1378 3155 1436 Non
3186 1380 3491 1436 adhaerebis
3538 1379 3604 1450 ad

1029 1469 1259 1553 ετὰτῶν
1288 1491 1672 1567 πορευομένων
1714 1489 1772 1540 ὲν
1811 1482 1922 1555 ὁδῷ

2029 1493 2140 1543 eos,
2171 1478 2265 1546 qui
2297 1478 2559 1531 incedunt
2587 1476 2640 1532 in
2675 1474 2759 1528 via
2787 1473 3003 1528 mortis.
3034 1470 3174 1528 0dio
3222 1472 3452 1529 habebis
3481 1487 3608 1542 per-

2025 1580 2244 1642 petrare
2295 1570 2447 1642 quod
2469 1569 2582 1624 Deo
2611 1583 2719 1624 non
2753 1569 2952 1637 placet,
2985 1567 3112 1622 odio
3148 1566 3350 1623 habeas
3387 1581 3608 1624 omnem

2025 1664 2456 1719 simulationem.
2485 1660 2565 1718 Ne
2595 1660 2949 1730 derelinquas
2983 1659 3240 1714 mandata
3264 1657 3503 1714 Domini.
3530 1655 3607 1714 Te

2025 1755 2205 1825 ipsum
2245 1769 2354 1810 non
2379 1753 2668 1820 exaltabis,
2699 1753 2810 1808 eris
2851 1760 3034 1811 autem
3071 1751 3318 1808 humilis.
3351 1747 3472 1804 Non
3519 1763 3608 1805 as-

2026 1861 2212 1903 sumes
2246 1846 2346 1900 tibi
2389 1846 2641 1916 gloriam.
2675 1842 2794 1900 Non
2840 1843 3025 1913 capies
3071 1842 3274 1897 malum
3314 1841 3606 1911 consilium

2026 1941 2290 1995 adversus
2320 1938 2632 2008 proximum
2663 1948 2840 2002 tuum.
2872 1934 2994 1991 Non
3022 1935 3179 1990 dabis
3207 1935 3409 1994 anima:
3451 1935 3637 1990 inse--

2028 2029 2276 2084 lentiam.
2320 2026 2440 2083 Non
2485 2027 2869 2094 fornicaberis,
2899 2042 3010 2081 non
3042 2027 3370 2081 adulterium
3404 2024 3604 2090 facies,

2028 2133 2232 2190 pueros
2279 2133 2392 2173 non
2423 2132 2766 2187 corrumpes.
2799 2117 2917 2172 Non
2963 2133 3031 2172 ex
3075 2126 3126 2171 te
3155 2116 3384 2170 verbum
3418 2114 3512 2170 Dei
3550 2116 3603 2172 in

2026 2211 2395 2282 quorumdam
2427 2209 2745 2282 impuritate
2784 2218 2960 2266 exeat.
2988 2207 3108 2264 Non
3137 2209 3376 2278 accipies
3414 2224 3606 2279 perso-

2025 2318 2160 2360 nam
2203 2303 2257 2357 in
2301 2303 2581 2374 arguendo
2618 2302 2928 2373 cujuspiam
2961 2302 3150 2371 lapsu.
3195 2300 3318 2354 Eris
3349 2315 3608 2356 mansue-

2025 2401 2144 2460 tus,
2177 2393 2290 2448 eris
2321 2393 2561 2462 quietus.
2599 2391 3004 2446 Contremisces
3036 2391 3104 2445 ad
3136 2389 3320 2455 verba,
3351 2405 3474 2460 qum
3515 2405 3610 2444 au-

2029 2484 2220 2540 disti'.
2251 2482 2428 2538 Fratri
2477 2493 2570 2538 tuo
2617 2483 2886 2554 ignosces.
2935 2479 3055 2536 Non
3099 2482 3367 2552 ambigas,
3420 2490 3602 2535 utrum

2026 2575 2275 2632 futurum
2300 2576 2392 2643 sit,
2439 2590 2627 2631 necne.
2661 2572 2740 2629 Ne
2779 2588 3034 2628 assumas
3065 2575 3119 2627 in
3157 2588 3356 2627 vanum
3403 2589 3605 2628 nomen

2027 2666 2271 2722 Domini.
2303 2666 2508 2738 Diliges
2538 2667 2850 2739 proximum
2899 2675 3054 2720 tuum
3106 2665 3228 2734 plus
3270 2680 3433 2734 quam
3481 2649 3604 2718 ani-

2029 2775 2177 2816 mam
2216 2770 2386 2814 tuam.
2414 2757 2534 2814 Non
2563 2757 2856 2814 interticies
2880 2756 3048 2812 fetum
3075 2757 3130 2811 in
3162 2756 3466 2823 abortione,
3505 2770 3607 2810 nec

2031 2853 2200 2908 etiam
2246 2852 2529 2907 interimes
2575 2861 2697 2922 post
2731 2851 3092 2905 nativitatem.
3133 2847 3211 2902 Nc
3239 2847 3459 2903 auferas
3482 2864 3607 2903 ma~

2033 2961 2169 3002 num
2201 2954 2354 3000 tuam
2383 2960 2416 3000 a
2445 2943 2558 3000 tilio
2589 2952 2706 3010 tuo,
2732 2943 2816 2998 vel
2842 2959 2872 2998 a
2905 2943 3015 2996 tilia
3046 2952 3178 3007 tua;
3213 2941 3310 2997 sed
3352 2957 3384 2996 a
3413 2941 3605 3011 pueri-

2031 3039 2110 3094 tia
2134 3038 2356 3094 docebis
2381 3053 2477 3093 eos
2502 3038 2756 3091 timorem
2803 3033 3043 3089 Domini.
3080 3030 3229 3088 Bona
3257 3032 3492 3103 proximi
3524 3033 3604 3089 tui

2031 3147 2144 3186 non
2175 3130 2554 3203 concupisces,
2589 3143 2691 3183 nec
2718 3127 2829 3182 eris
2859 3141 3080 3180 avarus.
3107 3123 3294 3195 Neque
3320 3139 3387 3178 ex
3420 3125 3603 3180 anima

2032 3232 2126 3279 tua
2153 3221 2456 3279 adhwrebis
2476 3219 2756 3290 superbis;
2782 3218 2875 3272 sed
2901 3233 3026 3272 cum
3042 3216 3210 3286 justis
3233 3225 3394 3285 atque
3420 3216 3607 3270 humi-

2009 3313 2178 3371 libus
2227 3313 2540 3369 ascriberis.
2593 3310 2726 3378 Quae
2769 3308 2866 3364 tibi
2911 3308 3236 3376 contingunt
3263 3307 3604 3368 vexationes.

2033 3416 2296 3478 tanquam
2322 3407 2462 3460 bona
2495 3405 2738 3460 admitte.
2767 3399 2886 3456 Non
2918 3401 3028 3455 eris
3052 3401 3374 3455 inconstans
3403 3415 3500 3454 ncc
3523 3401 3605 3454 bi-

2035 3500 2268 3571 linguis;
2300 3498 2530 3567 laqueus
2575 3499 2720 3552 enim
2763 3492 2958 3548 mortis
3013 3499 3097 3546 est
3144 3491 3329 3560 lingua
3377 3491 3598 3563 duplex.

2027 3591 2359 3662 Subjicieris
2409 3588 2641 3644 Domino
2691 3585 2886 3659 [Deo],
2932 3585 3170 3640 dominis
3219 3598 3370 3649 vero,
3399 3592 3460 3636 ut
3506 3582 3602 3638 Dei

2029 3681 2278 3753 imagini,
2315 3681 2368 3734 in
2399 3677 2726 3734 verecundia
2753 3685 2807 3731 et
2840 3673 3092 3728 timore’.
3133 3670 3212 3726 Ne
3247 3671 3300 3724 in
3334 3678 3601 3724 amaritu-

2028 3777 2157 3831 dine
2183 3776 2418 3843 imperes
2441 3769 2653 3826 ancillaa
2677 3777 2772 3822 aut
2799 3782 2960 3822 servo
2994 3775 3106 3830 tuo,
3139 3763 3234 3842 qui
3269 3763 3320 3816 in
3344 3761 3599 3816 eumdem

2029 3876 2286 3937 sperant;
2329 3881 2397 3920 ne
2450 3863 2592 3919 forte
2639 3876 2748 3915 non
2795 3860 2990 3913 timeas
3040 3856 3234 3922 Deum,
3281 3855 3376 3925 qui
3432 3869 3599 3923 super

2030 3969 2328 4026 utrumque
2345 3963 2451 4021 est,
2478 3952 2737 4026 quoniam
2770 3963 2880 4004 non
2902 3948 3050 4003 venit
3079 3960 3272 4000 vocare
3297 3956 3601 4000 secundum

2027 4045 2374 4122 personam‘,
2392 4047 2484 4103 sed
2517 4045 2822 4110 secundum
2878 4048 2987 4100 ’cos
3021 4053 3162 4108 quos
3196 4036 3433 4107 Spiritus
3465 4053 3604 4107 pine-

340 4129 597 4242 νωνήσεις
624 4169 682 4220 ὲν
709 4129 842 4217 πᾶσι
872 4129 956 4232 τῷ
986 4129 1358 4228 πλησίοννσου,
1385 4129 1486 4206 otii:
1513 4129 1659 4223 ἐρεῖς
1697 4129 1804 4204 ἴδια
1823 4167 1836 4180 ·
1874 4151 1924 4203 εί

2029 4141 2299 4216 paraverit
2314 4142 2356 4194 ⁸.
2377 4135 2826 4194 Communicabis
2850 4132 2904 4185 in
2926 4130 3181 4186 omnibus
3203 4145 3326 4184 cum
3352 4129 3602 4197 proximo

340 4221 659 4334 τδίς
685 4221 982 4325 ἀφθάρτοίς
1007 4221 1253 4304 κοίνωνοί
1274 4248 1422 4309 ἐστε,
1455 4221 1608 4314 πόσῳ
1634 4241 1832 4314 μᾶλλον
1866 4244 1924 4294 ὲν

2034 4249 2146 4303 ιυο,
2183 4251 2282 4290 nec
2305 4233 2606 4304 quidquam
2639 4229 2788 4282 dices
2824 4223 3142 4296 proprium;
3177 4223 3222 4276 si
3252 4222 3398 4276 enim
3430 4222 3485 4274 in
3512 4221 3600 4274 in-

341 4314 452 4415 £65;
482 4314 773 4420 φθαρτοῖς¹;
799 4314 912 4399 θ’ὑκ
939 4342 1038 4414 ἔσῃ
1066 4339 1444 4413 πρὸγλωσσος·
1482 4336 1648 4403 παγὶς
1672 4331 1785 4403 γὰρ
1813 4332 1924 4385 στό-

2031 4329 2304 4399 corruptis
2333 4331 2618 4381 consortes
2645 4320 2798 4385 estis,
2822 4325 3028 4387 quanto
3074 4315 3246 4385 magis
3274 4314 3327 4368 in
3360 4314 3446 4378 iis,
3477 4329 3601 4382 quae

337 4406 695 4520 .m'ﬂavdéou.
721 4406 896 4494 *Ὅσον
923 4406 1168 4498 δύνασαι,
1189 4406 1308 4503 (70)
1334 4431 1462 4501 περὶ
1501 4427 1601 4498 τὴν
1625 4426 1801 4497 ψυχήν
1827 4441 1921 4478 σου

2029 4427 2454 4490 corrumpuntur
2476 4415 2533 4468 6?
2562 4411 2680 4467 Non
2705 4411 2816 4465 eris
2849 4411 3031 4480 lingua
3071 4420 3340 4477 praeceps;
3371 4406 3600 4460 osenim

417 4582 433 4612 ¹
463 4579 504 4632 11
528 4579 656 4634 Cor.
689 4591 790 4640 xu,
817 4572 867 4626 7.
946 4567 1091 4624 ’lsa.
1128 4582 1272 4628 vai,
1300 4563 1370 4630 2;
1397 4560 1595 4629 Philip.
1629 4574 1694 4624 ιι,
1719 4558 1806 4612 12.
1871 4558 2114 4627 ‘Ephes.
2149 4570 2223 4616 vi,
2275 4553 2328 4608 5.
2407 4555 2427 4583 ⁸
2451 4548 2652 4618 Ephes.
2692 4562 2762 4607 νι.
2823 4546 2874 4599 9.
2952 4545 2972 4574 ⁸
2997 4540 3154 4602 Rom.
3192 4557 3314 4624 vui,
3367 4540 3460 4608 29,
3510 4542 3604 4596 50.

347 4647 602 4715 ‘Act.iv,
633 4649 722 4703 52.

1658 4774 2021 4831 VARIORUM
2061 4772 2297 4828 ΝΟΤΑΞ.

421 4887 532 4958 (5‘2)
556 4883 908 4958 Participium
939 4880 1059 4935 loco
1090 4876 1240 4932 verbi
1274 4874 1433 4937 ﬁniti,
1478 4879 1537 4925 ut
1571 4885 1737 4939 supra
1775 4888 1824 4921 εξ.
1858 4869 1909 4934 6,
2242 4863 2514 4958 rS‘c..qup:l

421 4896 532 5010 (5‘2)
556 4896 908 4953 l’arttmptum
941 4896 1059 4935 loco
1090 4896 1240 4932 verm
1274 4896 1433 4937 Iltllll,
1479 4896 1537 4925 υι
1571 4896 1737 4939 supra
1775 4896 1824 4921 ig.
1858 4896 1909 4934 υ,

348 4968 464 5014 not.
535 4957 589 5018 5,
623 4957 730 5010 col.
765 4953 893 5006 7M.
1232 5011 1234 5014 ν
1455 5015 1467 5018 _
1493 5013 1506 5018 _

2119 4896 2208 4935 υυ]
2246 4896 2336 4919 uc.
2368 4896 2514 4934 quuu
2538 4896 2682 4914 υυιιδ
2710 4896 2758 4928 γι
2773 4896 2977 4912 usu-.3...

2239 4935 2367 5018 [just
2397 4932 2608 5006 ματαίῳ
2636 4933 2690 4983 in
2723 4946 2824 5018 nis.
2864 4926 3102 4979 abundat
3133 4925 3235 4986 είς.

417 5000 1058 5097 (55)νίῧᾶιῖέίη-ἱιι-ίέοηδι.
1086 5011 1284 5097 apost.,
1319 5031 1413 5080 vn,
1449 5013 1534 5066 M.

2238 5000 2425 5097 (ifpfi,
2451 5018 2698 5097 figant,
2727 5000 2784 5053 5.

422 5088 536 5168 (54)
562 5098 742 5153 Const.
773 5103 968 5163 apost.,
1002 5106 1100 5168 Vini,
1123 5088 1176 5142 8.

564 5168 746 5238 Const.
781 5161 893 5235 dp.,
921 5178 1014 5238 vn,
1045 5161 1100 5212 2.

566 5238 678 5310 Le.
706 5225 1056 5304 Eva'iigcliuiii
1079 5227 1403 5299 praedicans,
1429 5225 1574 5279 nulla
1619 5233 1776 5294 parte
1800 5238 1920 5276 mo.

350 5309 474 5368 rum
508 5311 585 5364 sis
615 5309 883 5377 impurus.

423 5381 536 5452 (57)
569 5371 750 5452 Const.
777 5384 950 5452 apost.
977 5388 1082 5452 vn,
1104 5371 1189 5425 10.

579 5431 653 5505 ita
690 5431 925 5504 restituo
951 5461 1018 5500 ex
1042 5431 1227 5497 Const.
1257 5447 1452 5512 apost.,
1482 5453 1583 5492 ms.
1610 5431 1918 5506 παραπτώ-

355 5539 541 5665 μαῗὲέ)
569 5591 753 5648 Const.
787 5596 980 5657 apost.,
1011 5601 1109 5665 vi],
1142 5581 1359 5665 H.ﬂ(jl'r.
1390 5581 1559 5653 Epist.
1588 5575 1607 5631 Ι
1645 5575 1823 5633 Clem.
1862 5575 1929 5630 ad

354 5656 481 5720 Cor.
507 5658 556 5720 c.
588 5681 640 5719 ιι
669 5676 724 5718 et
749 5656 908 5718 xxiii.
932 5668 985 5712 et
1012 5656 1128 5709 Jac.
1158 5671 1171 5707 ι
1229 5656 1282 5708 8.

633 5763 905 5819 l’unon.
963 5753 1081 5814 Gn.
1146 5749 1223 5809 ll.

2103 5073 2216 5147 (65)
2246 5075 2414 5139 mm,
2449 5073 2534 5147 te.

2103 5085 2194 5147 (οδ
2246 5085 2414 5139 [ωιτη
2449 5085 2490 5128 ιε

2103 5085 2216 5217 (64)
2248 5148 2412 5214 Ibid.,
2437 5145 2490 5217 .t.

2104 5216 2218 5289 (65)
2246 5218 2414 5284 [διάη
2447 5216 2500 5270 8.

2111 5279 2225 5359 (66)
2255 5279 2512 5359 Operatio
2537 5286 2830 5359 laboriosa,
2855 5279 3117 5359 molestia.

2105 5351 2220 5430 (67)
2249 5351 2433 5414 Const.
2459 5365 2632 5427 apost.
2662 5373 2722 5422 ll,
2745 5356 2939 5430 6;_\_'II,
2969 5351 3024 5406 ι.

2124 5423 2217 5501 68)
2243 5432 2427 5486 Const.
2453 5423 2650 5496 apostu
2681 5443 2776 5488 vn,

2124 5436 2217 5501 68)
2243 5436 2427 5486 Const.
2453 5437 2650 5496 apost.,
2681 5443 2776 5488 vn,
2810 5436 2897 5476 te.

2101 5436 2213 5574 (69)
2248 5502 2430 5574 Const.
2461 5508 2783 5574 apost.,_vn_,
2811 5493 2897 5546 12.

2104 5567 2217 5649 (70)
2250 5573 2326 5629 Ita
2350 5571 2506 5635 Dav.,
2535 5586 2636 5624 IIIS.
2667 5567 2826 5638 ὑπέρ.
