  <div class='ocr_page' id='page_1' title='image "/cluster/home/n/w/nwhite01/storage/ocr_20150623/2/mdp.39015005182426/399.png"; bbox 0 0 4074 6154; ppageno 0'>
   <div class='ocr_carea' id='block_1_1' title="bbox 471 212 572 266">
    <p class='ocr_par' dir='ltr' id='par_1_1' title="bbox 471 212 572 266">
     <span class='ocr_line' id='line_1_1' title="bbox 471 212 572 266; baseline -0.05 0"><span class='ocrx_word' id='word_1_1' title='bbox 471 212 572 266; x_wconf 77' lang='lat'><strong>779</strong></span> 
     </span>
    </p>
   </div>
   <div class='ocr_carea' id='block_1_2' title="bbox 1783 214 2616 272">
    <p class='ocr_par' dir='ltr' id='par_1_2' title="bbox 1783 214 2616 272">
     <span class='ocr_line' id='line_1_2' title="bbox 1783 214 2616 272; baseline 0.002 -3"><span class='ocrx_word' id='word_1_2' title='bbox 1783 215 1837 270; x_wconf 92' lang='lat' dir='ltr'><strong>S.</strong></span> <span class='ocrx_word' id='word_1_3' title='bbox 1881 214 2236 268; x_wconf 59' lang='lat' dir='ltr'><strong>BARNABXE</strong></span> <span class='ocrx_word' id='word_1_4' title='bbox 2280 218 2316 269; x_wconf 78' lang='grc' dir='ltr'><strong>Λ</strong></span> <span class='ocrx_word' id='word_1_5' title='bbox 2330 217 2570 270; x_wconf 75' lang='lat' dir='ltr'><strong>POSTOI</strong></span> <span class='ocrx_word' id='word_1_6' title='bbox 2584 218 2616 272; x_wconf 91' lang='grc'><strong>.1</strong></span> 
     </span>
    </p>
   </div>
   <div class='ocr_carea' id='block_1_3' title="bbox 3631 232 3732 288">
    <p class='ocr_par' dir='ltr' id='par_1_3' title="bbox 3631 232 3732 288">
     <span class='ocr_line' id='line_1_3' title="bbox 3631 232 3732 288; baseline 0.01 -2"><span class='ocrx_word' id='word_1_7' title='bbox 3631 232 3732 288; x_wconf 86' lang='grc'>780</span> 
     </span>
    </p>
   </div>
   <div class='ocr_carea' id='block_1_4' title="bbox 466 336 2021 423">
    <p class='ocr_par' dir='ltr' id='par_1_4' title="bbox 466 350 2021 423">
     <span class='ocr_line' id='line_1_4' title="bbox 466 350 2021 423; baseline 0.005 -21"><span class='ocrx_word' id='word_1_8' title='bbox 466 355 698 418; x_wconf 75' lang='lat' dir='ltr'><strong>laqueus</strong></span> <span class='ocrx_word' id='word_1_9' title='bbox 744 357 829 406; x_wconf 87' lang='lat' dir='ltr'><strong>est</strong></span> <span class='ocrx_word' id='word_1_10' title='bbox 874 351 1088 406; x_wconf 88' lang='lat' dir='ltr'><strong>mortis.</strong></span> <span class='ocrx_word' id='word_1_11' title='bbox 1141 350 1420 418; x_wconf 78' lang='lat' dir='ltr'><strong>Quantum</strong></span> <span class='ocrx_word' id='word_1_12' title='bbox 1482 363 1658 423; x_wconf 83' lang='lat' dir='ltr'><strong>potes,</strong></span> <span class='ocrx_word' id='word_1_13' title='bbox 1709 363 1896 409; x_wconf 87' lang='lat' dir='ltr'><strong>castus</strong></span> <span class='ocrx_word' id='word_1_14' title='bbox 1960 355 2021 410; x_wconf 73' lang='lat' dir='ltr'><strong>si:</strong></span> 
     </span>
    </p>
   </div>
   <div class='ocr_carea' id='block_1_5' title="bbox 2123 336 3739 423">
    <p class='ocr_par' dir='ltr' id='par_1_5' title="bbox 2143 336 3739 414">
     <span class='ocr_line' id='line_1_5' title="bbox 2143 336 3739 414; baseline 0.011 -27"><span class='ocrx_word' id='word_1_15' title='bbox 2143 336 2443 403; x_wconf 81' lang='grc' dir='ltr'>ἁγνεύσεις.</span> <span class='ocrx_word' id='word_1_16' title='bbox 2473 338 2589 408; x_wconf 76' lang='grc'>(71)</span> <span class='ocrx_word' id='word_1_17' title='bbox 2615 338 2706 409; x_wconf 80' lang='grc' dir='ltr'><strong>Μὴ</strong></span> <span class='ocrx_word' id='word_1_18' title='bbox 2729 339 2880 407; x_wconf 80' lang='grc' dir='ltr'>γίνου</span> <span class='ocrx_word' id='word_1_19' title='bbox 2908 341 3046 413; x_wconf 80' lang='grc' dir='ltr'>πρὸς</span> <span class='ocrx_word' id='word_1_20' title='bbox 3073 342 3172 414; x_wconf 87' lang='grc' dir='ltr'>μὲν</span> <span class='ocrx_word' id='word_1_21' title='bbox 3194 342 3257 397; x_wconf 77' lang='grc' dir='ltr'>τὸ</span> <span class='ocrx_word' id='word_1_22' title='bbox 3277 343 3459 399; x_wconf 75' lang='grc' dir='ltr'>λαϐεῖν</span> <span class='ocrx_word' id='word_1_23' title='bbox 3483 349 3739 405; x_wconf 73' lang='grc' dir='ltr'><strong>ἐκτείνων</strong></span> 
     </span>
    </p>
   </div>
   <div class='ocr_carea' id='block_1_6' title="bbox 459 439 2040 515">
    <p class='ocr_par' dir='ltr' id='par_1_6' title="bbox 459 439 2040 515">
     <span class='ocr_line' id='line_1_6' title="bbox 459 439 2040 515; baseline 0.003 -22"><span class='ocrx_word' id='word_1_24' title='bbox 459 439 829 496; x_wconf 69' lang='lat' dir='ltr'><strong>animaJNoli</strong></span> <span class='ocrx_word' id='word_1_25' title='bbox 855 444 1132 512; x_wconf 76' lang='lat' dir='ltr'><strong>porrigere</strong></span> <span class='ocrx_word' id='word_1_26' title='bbox 1159 458 1354 498; x_wconf 85' lang='lat' dir='ltr'><strong>manus</strong></span> <span class='ocrx_word' id='word_1_27' title='bbox 1389 453 1511 498; x_wconf 88' lang='lat' dir='ltr'><strong>tuas</strong></span> <span class='ocrx_word' id='word_1_28' title='bbox 1541 446 1607 499; x_wconf 88' lang='lat' dir='ltr'><strong>ad</strong></span> <span class='ocrx_word' id='word_1_29' title='bbox 1637 446 2040 515; x_wconf 89' lang='lat' dir='ltr'><strong>accipiendum,</strong></span> 
     </span>
    </p>
   </div>
   <div class='ocr_carea' id='block_1_7' title="bbox 456 533 2036 608">
    <p class='ocr_par' dir='ltr' id='par_1_7' title="bbox 456 533 2036 608">
     <span class='ocr_line' id='line_1_7' title="bbox 456 533 2036 608; baseline 0.004 -22"><span class='ocrx_word' id='word_1_30' title='bbox 456 533 530 586; x_wconf 89' lang='lat' dir='ltr'><strong>ad</strong></span> <span class='ocrx_word' id='word_1_31' title='bbox 560 533 799 588; x_wconf 89' lang='lat' dir='ltr'><strong>dandmn</strong></span> <span class='ocrx_word' id='word_1_32' title='bbox 848 551 977 589; x_wconf 89' lang='lat' dir='ltr'><strong>vero</strong></span> <span class='ocrx_word' id='word_1_33' title='bbox 1008 535 1333 590; x_wconf 77' lang='lat' dir='ltr'><strong>contrahere</strong></span> <span class='ocrx_word' id='word_1_34' title='bbox 1355 536 1635 608; x_wconf 68' lang='lat' dir='ltr'><strong>&quot;.tDi|iges</strong></span> <span class='ocrx_word' id='word_1_35' title='bbox 1673 547 1731 592; x_wconf 85' lang='grc' dir='ltr'><strong>ιιι</strong></span> <span class='ocrx_word' id='word_1_36' title='bbox 1777 539 2036 608; x_wconf 89' lang='lat' dir='ltr'><strong>pupillam</strong></span> 
     </span>
    </p>
   </div>
   <div class='ocr_carea' id='block_1_8' title="bbox 457 624 2034 697">
    <p class='ocr_par' dir='ltr' id='par_1_8' title="bbox 457 624 2034 697">
     <span class='ocr_line' id='line_1_8' title="bbox 457 624 2034 697; baseline 0.006 -21"><span class='ocrx_word' id='word_1_37' title='bbox 457 624 607 678; x_wconf 84' lang='lat' dir='ltr'><strong>oculi</strong></span> <span class='ocrx_word' id='word_1_38' title='bbox 642 625 721 678; x_wconf 91' lang='lat' dir='ltr'><strong>tui</strong></span> <span class='ocrx_word' id='word_1_39' title='bbox 751 641 995 692; x_wconf 87' lang='lat' dir='ltr'><strong>omnem,</strong></span> <span class='ocrx_word' id='word_1_40' title='bbox 1018 627 1112 696; x_wconf 89' lang='lat' dir='ltr'><strong>qui</strong></span> <span class='ocrx_word' id='word_1_41' title='bbox 1138 627 1233 680; x_wconf 86' lang='lat' dir='ltr'><strong>tibi</strong></span> <span class='ocrx_word' id='word_1_42' title='bbox 1261 627 1518 697; x_wconf 89' lang='lat' dir='ltr'><strong>loquetur</strong></span> <span class='ocrx_word' id='word_1_43' title='bbox 1543 631 1770 683; x_wconf 86' lang='lat' dir='ltr'><strong>verbum</strong></span> <span class='ocrx_word' id='word_1_44' title='bbox 1797 629 2034 686; x_wconf 84' lang='lat' dir='ltr'><strong>Domini.</strong></span> 
     </span>
    </p>
   </div>
   <div class='ocr_carea' id='block_1_9' title="bbox 459 712 2040 790">
    <p class='ocr_par' dir='ltr' id='par_1_9' title="bbox 459 712 2040 790">
     <span class='ocr_line' id='line_1_9' title="bbox 459 712 2040 790; baseline 0.006 -25"><span class='ocrx_word' id='word_1_45' title='bbox 459 712 520 767; x_wconf 91' lang='lat' dir='ltr'><strong>in</strong></span> <span class='ocrx_word' id='word_1_46' title='bbox 566 716 887 770; x_wconf 88' lang='lat' dir='ltr'><strong>memoriam</strong></span> <span class='ocrx_word' id='word_1_47' title='bbox 916 726 1065 770; x_wconf 89' lang='lat' dir='ltr'><strong>tuam</strong></span> <span class='ocrx_word' id='word_1_48' title='bbox 1099 725 1261 770; x_wconf 82' lang='lat' dir='ltr'><strong>nocte</strong></span> <span class='ocrx_word' id='word_1_49' title='bbox 1305 732 1370 772; x_wconf 88' lang='lat' dir='ltr'><strong>ac</strong></span> <span class='ocrx_word' id='word_1_50' title='bbox 1399 718 1486 773; x_wconf 91' lang='lat' dir='ltr'><strong>die</strong></span> <span class='ocrx_word' id='word_1_51' title='bbox 1525 721 1811 775; x_wconf 78' lang='lat' dir='ltr'><strong>revocabis</strong></span> <span class='ocrx_word' id='word_1_52' title='bbox 1846 721 2040 790; x_wconf 89' lang='lat' dir='ltr'><strong>judicii</strong></span> 
     </span>
    </p>
   </div>
   <div class='ocr_carea' id='block_1_10' title="bbox 399 806 2041 876">
    <p class='ocr_par' dir='ltr' id='par_1_10' title="bbox 399 806 2041 876">
     <span class='ocr_line' id='line_1_10' title="bbox 399 806 2041 876; baseline 0.004 -17"><span class='ocrx_word' id='word_1_53' title='bbox 399 833 418 859; x_wconf 75' lang='grc' dir='ltr'><em>ι</em></span> <span class='ocrx_word' id='word_1_54' title='bbox 463 806 628 862; x_wconf 86' lang='lat' dir='ltr'><strong>diem.</strong></span> <span class='ocrx_word' id='word_1_55' title='bbox 674 806 947 876; x_wconf 81' lang='lat' dir='ltr'><strong>Exquiras</strong></span> <span class='ocrx_word' id='word_1_56' title='bbox 1003 807 1251 875; x_wconf 90' lang='lat' dir='ltr'><strong>quotidie</strong></span> <span class='ocrx_word' id='word_1_57' title='bbox 1297 813 1481 863; x_wconf 84' lang='lat' dir='ltr'><strong>vultus</strong></span> <span class='ocrx_word' id='word_1_58' title='bbox 1522 819 1859 875; x_wconf 87' lang='lat' dir='ltr'><strong>sanctorum,</strong></span> <span class='ocrx_word' id='word_1_59' title='bbox 1895 819 1950 864; x_wconf 93' lang='lat' dir='ltr'><strong>et</strong></span> <span class='ocrx_word' id='word_1_60' title='bbox 1985 811 2041 866; x_wconf 91' lang='lat' dir='ltr'><strong>in</strong></span> 
     </span>
    </p>
   </div>
   <div class='ocr_carea' id='block_1_11' title="bbox 460 899 2040 966">
    <p class='ocr_par' dir='ltr' id='par_1_11' title="bbox 460 899 2040 966">
     <span class='ocr_line' id='line_1_11' title="bbox 460 899 2040 966; baseline 0 -11"><span class='ocrx_word' id='word_1_61' title='bbox 460 911 715 955; x_wconf 61' lang='lat' dir='ltr'><strong>sermone</strong></span> <span class='ocrx_word' id='word_1_62' title='bbox 744 911 840 951; x_wconf 88' lang='lat' dir='ltr'><strong>eos</strong></span> <span class='ocrx_word' id='word_1_63' title='bbox 868 905 1245 966; x_wconf 79' lang='lat' dir='ltr'><strong>perscrutans,</strong></span> <span class='ocrx_word' id='word_1_64' title='bbox 1271 908 1326 952; x_wconf 92' lang='lat' dir='ltr'><strong>et</strong></span> <span class='ocrx_word' id='word_1_65' title='bbox 1348 899 1417 952; x_wconf 90' lang='lat' dir='ltr'><strong>ad</strong></span> <span class='ocrx_word' id='word_1_66' title='bbox 1448 900 1852 954; x_wconf 83' lang='lat' dir='ltr'><strong>exhortandum</strong></span> <span class='ocrx_word' id='word_1_67' title='bbox 1888 901 2040 956; x_wconf 90' lang='lat' dir='ltr'><strong>ince-</strong></span> 
     </span>
    </p>
   </div>
   <div class='ocr_carea' id='block_1_12' title="bbox 457 987 2036 1063">
    <p class='ocr_par' dir='ltr' id='par_1_12' title="bbox 457 987 2036 1063">
     <span class='ocr_line' id='line_1_12' title="bbox 457 987 2036 1063; baseline 0.002 -19"><span class='ocrx_word' id='word_1_68' title='bbox 457 989 615 1052; x_wconf 79' lang='lat' dir='ltr'><strong>dens,</strong></span> <span class='ocrx_word' id='word_1_69' title='bbox 657 997 712 1042; x_wconf 92' lang='lat' dir='ltr'><strong>et</strong></span> <span class='ocrx_word' id='word_1_70' title='bbox 743 987 1034 1052; x_wconf 90' lang='lat' dir='ltr'><strong>meditans,</strong></span> <span class='ocrx_word' id='word_1_71' title='bbox 1083 989 1364 1058; x_wconf 91' lang='lat' dir='ltr'><strong>quomodo</strong></span> <span class='ocrx_word' id='word_1_72' title='bbox 1407 992 1650 1044; x_wconf 88' lang='lat' dir='ltr'><strong>animam</strong></span> <span class='ocrx_word' id='word_1_73' title='bbox 1695 992 1863 1045; x_wconf 92' lang='lat' dir='ltr'><strong>verbo</strong></span> <span class='ocrx_word' id='word_1_74' title='bbox 1893 990 2036 1063; x_wconf 92' lang='lat' dir='ltr'><strong>[tuo]</strong></span> 
     </span>
    </p>
   </div>
   <div class='ocr_carea' id='block_1_13' title="bbox 459 1078 2038 1150">
    <p class='ocr_par' dir='ltr' id='par_1_13' title="bbox 459 1078 2038 1150">
     <span class='ocr_line' id='line_1_13' title="bbox 459 1078 2038 1150; baseline 0.003 -16"><span class='ocrx_word' id='word_1_75' title='bbox 459 1093 678 1134; x_wconf 80' lang='lat' dir='ltr'><strong>servare</strong></span> <span class='ocrx_word' id='word_1_76' title='bbox 710 1079 908 1148; x_wconf 80' lang='lat' dir='ltr'><strong>possis.</strong></span> <span class='ocrx_word' id='word_1_77' title='bbox 951 1078 1019 1133; x_wconf 86' lang='lat' dir='ltr'><strong>Et</strong></span> <span class='ocrx_word' id='word_1_78' title='bbox 1046 1080 1299 1134; x_wconf 86' lang='lat' dir='ltr'><strong>manibus</strong></span> <span class='ocrx_word' id='word_1_79' title='bbox 1343 1083 1450 1135; x_wconf 90' lang='lat' dir='ltr'><strong>tuis</strong></span> <span class='ocrx_word' id='word_1_80' title='bbox 1487 1082 1804 1150; x_wconf 89' lang='lat' dir='ltr'><strong>operaberis</strong></span> <span class='ocrx_word' id='word_1_81' title='bbox 1846 1084 1914 1138; x_wconf 90' lang='lat' dir='ltr'><strong>ad</strong></span> <span class='ocrx_word' id='word_1_82' title='bbox 1951 1098 2038 1138; x_wconf 89' lang='lat' dir='ltr'><strong>re-</strong></span> 
     </span>
    </p>
   </div>
   <div class='ocr_carea' id='block_1_14' title="bbox 455 1171 2038 1242">
    <p class='ocr_par' dir='ltr' id='par_1_14' title="bbox 455 1171 2038 1242">
     <span class='ocr_line' id='line_1_14' title="bbox 455 1171 2038 1242; baseline 0.003 -17"><span class='ocrx_word' id='word_1_83' title='bbox 455 1171 823 1241; x_wconf 82' lang='lat' dir='ltr'><strong>demptionem</strong></span> <span class='ocrx_word' id='word_1_84' title='bbox 869 1184 1219 1242; x_wconf 76' lang='lat' dir='ltr'><strong>peccatorum</strong></span> <span class='ocrx_word' id='word_1_85' title='bbox 1271 1182 1494 1228; x_wconf 90' lang='lat' dir='ltr'><strong>tuorum</strong></span> <span class='ocrx_word' id='word_1_86' title='bbox 1519 1174 1562 1228; x_wconf 82' lang='grc'><strong>⁸.</strong></span> <span class='ocrx_word' id='word_1_87' title='bbox 1597 1172 1715 1228; x_wconf 86' lang='grc' dir='ltr'>Νοη</span> <span class='ocrx_word' id='word_1_88' title='bbox 1757 1174 2038 1231; x_wconf 78' lang='lat' dir='ltr'><strong>dubitabis</strong></span> 
     </span>
    </p>
   </div>
   <div class='ocr_carea' id='block_1_15' title="bbox 453 1265 2036 1339">
    <p class='ocr_par' dir='ltr' id='par_1_15' title="bbox 453 1265 2036 1339">
     <span class='ocr_line' id='line_1_15' title="bbox 453 1265 2036 1339; baseline 0 -17"><span class='ocrx_word' id='word_1_89' title='bbox 453 1266 619 1327; x_wconf 84' lang='lat' dir='ltr'><strong>dare,</strong></span> <span class='ocrx_word' id='word_1_90' title='bbox 675 1279 850 1333; x_wconf 90' lang='lat' dir='ltr'><strong>neque</strong></span> <span class='ocrx_word' id='word_1_91' title='bbox 902 1265 1294 1330; x_wconf 77' lang='lat' dir='ltr'><strong>murmur-abis,</strong></span> <span class='ocrx_word' id='word_1_92' title='bbox 1353 1281 1478 1320; x_wconf 91' lang='lat' dir='ltr'><strong>cum</strong></span> <span class='ocrx_word' id='word_1_93' title='bbox 1537 1267 1657 1321; x_wconf 90' lang='lat' dir='ltr'><strong>das.</strong></span> <span class='ocrx_word' id='word_1_94' title='bbox 1725 1265 1884 1321; x_wconf 80' lang='lat' dir='ltr'><strong>Omni</strong></span> <span class='ocrx_word' id='word_1_95' title='bbox 1942 1285 2036 1339; x_wconf 82' lang='lat' dir='ltr'><strong>pe-</strong></span> 
     </span>
    </p>
   </div>
   <div class='ocr_carea' id='block_1_16' title="bbox 461 1354 2036 1428">
    <p class='ocr_par' dir='ltr' id='par_1_16' title="bbox 461 1354 2036 1428">
     <span class='ocr_line' id='line_1_16' title="bbox 461 1354 2036 1428; baseline 0.004 -18"><span class='ocrx_word' id='word_1_96' title='bbox 461 1354 590 1410; x_wconf 78' lang='lat' dir='ltr'><strong>tenti</strong></span> <span class='ocrx_word' id='word_1_97' title='bbox 635 1365 682 1409; x_wconf 87' lang='lat' dir='ltr'><strong>te</strong></span> <span class='ocrx_word' id='word_1_98' title='bbox 725 1354 963 1423; x_wconf 55' lang='lat' dir='ltr'><strong>tribuet;</strong></span> <span class='ocrx_word' id='word_1_99' title='bbox 1002 1371 1302 1428; x_wconf 72' lang='lat' dir='ltr'><strong>cognosces</strong></span> <span class='ocrx_word' id='word_1_100' title='bbox 1331 1370 1535 1423; x_wconf 89' lang='lat' dir='ltr'><strong>autem,</strong></span> <span class='ocrx_word' id='word_1_101' title='bbox 1581 1359 1707 1428; x_wconf 88' lang='lat' dir='ltr'><strong>quis</strong></span> <span class='ocrx_word' id='word_1_102' title='bbox 1753 1359 1826 1415; x_wconf 86' lang='lat' dir='ltr'><strong>sit</strong></span> <span class='ocrx_word' id='word_1_103' title='bbox 1855 1360 2036 1417; x_wconf 91' lang='lat' dir='ltr'><strong>bonus</strong></span> 
     </span>
    </p>
   </div>
   <div class='ocr_carea' id='block_1_17' title="bbox 464 1445 2030 1519">
    <p class='ocr_par' dir='ltr' id='par_1_17' title="bbox 464 1445 2030 1519">
     <span class='ocr_line' id='line_1_17' title="bbox 464 1445 2030 1519; baseline 0.004 -19"><span class='ocrx_word' id='word_1_104' title='bbox 464 1445 734 1502; x_wconf 88' lang='lat' dir='ltr'><strong>mercedis</strong></span> <span class='ocrx_word' id='word_1_105' title='bbox 770 1447 1090 1504; x_wconf 85' lang='lat' dir='ltr'><strong>retributor.</strong></span> <span class='ocrx_word' id='word_1_106' title='bbox 1140 1449 1424 1514; x_wconf 83' lang='lat' dir='ltr'><strong>Servabis,</strong></span> <span class='ocrx_word' id='word_1_107' title='bbox 1457 1465 1581 1518; x_wconf 70' lang='lat' dir='ltr'><strong>qua:</strong></span> <span class='ocrx_word' id='word_1_108' title='bbox 1613 1450 1897 1519; x_wconf 85' lang='lat' dir='ltr'><strong>accepisti,</strong></span> <span class='ocrx_word' id='word_1_109' title='bbox 1930 1465 2030 1506; x_wconf 90' lang='lat' dir='ltr'><strong>nec</strong></span> 
     </span>
    </p>
   </div>
   <div class='ocr_carea' id='block_1_18' title="bbox 453 1538 2033 1612">
    <p class='ocr_par' dir='ltr' id='par_1_18' title="bbox 453 1538 2033 1612">
     <span class='ocr_line' id='line_1_18' title="bbox 453 1538 2033 1612; baseline 0.004 -20"><span class='ocrx_word' id='word_1_110' title='bbox 453 1538 684 1604; x_wconf 86' lang='lat' dir='ltr'><strong>addens,</strong></span> <span class='ocrx_word' id='word_1_111' title='bbox 717 1556 818 1595; x_wconf 90' lang='lat' dir='ltr'><strong>nec</strong></span> <span class='ocrx_word' id='word_1_112' title='bbox 849 1541 1096 1597; x_wconf 84' lang='lat' dir='ltr'><strong>demens.</strong></span> <span class='ocrx_word' id='word_1_113' title='bbox 1121 1541 1296 1597; x_wconf 80' lang='lat' dir='ltr'><strong>Malus</strong></span> <span class='ocrx_word' id='word_1_114' title='bbox 1325 1542 1550 1597; x_wconf 89' lang='lat' dir='ltr'><strong>odiosus</strong></span> <span class='ocrx_word' id='word_1_115' title='bbox 1577 1542 1672 1596; x_wconf 90' lang='lat' dir='ltr'><strong>tibi</strong></span> <span class='ocrx_word' id='word_1_116' title='bbox 1698 1543 1804 1598; x_wconf 89' lang='lat' dir='ltr'><strong>erit</strong></span> <span class='ocrx_word' id='word_1_117' title='bbox 1832 1543 1886 1597; x_wconf 90' lang='lat' dir='ltr'><strong>in</strong></span> <span class='ocrx_word' id='word_1_118' title='bbox 1909 1558 2033 1612; x_wconf 89' lang='lat' dir='ltr'><strong>per-</strong></span> 
     </span>
    </p>
   </div>
   <div class='ocr_carea' id='block_1_19' title="bbox 452 1631 2028 1703">
    <p class='ocr_par' dir='ltr' id='par_1_19' title="bbox 452 1631 2028 1703">
     <span class='ocr_line' id='line_1_19' title="bbox 452 1631 2028 1703; baseline 0.002 -17"><span class='ocrx_word' id='word_1_119' title='bbox 452 1640 695 1699; x_wconf 85' lang='lat' dir='ltr'><strong>petuum.</strong></span> <span class='ocrx_word' id='word_1_120' title='bbox 723 1631 878 1688; x_wconf 89' lang='lat' dir='ltr'><strong>Juste</strong></span> <span class='ocrx_word' id='word_1_121' title='bbox 911 1633 1210 1703; x_wconf 84' lang='lat' dir='ltr'><strong>judicabis.</strong></span> <span class='ocrx_word' id='word_1_122' title='bbox 1243 1631 1362 1687; x_wconf 85' lang='lat' dir='ltr'><strong>Non</strong></span> <span class='ocrx_word' id='word_1_123' title='bbox 1395 1632 1562 1689; x_wconf 79' lang='lat' dir='ltr'><strong>facies</strong></span> <span class='ocrx_word' id='word_1_124' title='bbox 1585 1634 1908 1701; x_wconf 90' lang='lat' dir='ltr'><strong>dissidium;</strong></span> <span class='ocrx_word' id='word_1_125' title='bbox 1937 1635 2028 1690; x_wconf 79' lang='lat' dir='ltr'><strong>sed</strong></span> 
     </span>
    </p>
   </div>
   <div class='ocr_carea' id='block_1_20' title="bbox 448 1705 2029 1794">
    <p class='ocr_par' dir='ltr' id='par_1_20' title="bbox 448 1705 2029 1794">
     <span class='ocr_line' id='line_1_20' title="bbox 448 1705 2029 1794; baseline 0.004 -18"><span class='ocrx_word' id='word_1_126' title='bbox 448 1705 639 1792; x_wconf 77' lang='lat' dir='ltr'><strong>pacem</strong></span> <span class='ocrx_word' id='word_1_127' title='bbox 686 1725 1012 1780; x_wconf 89' lang='lat' dir='ltr'><strong>conciliabis</strong></span> <span class='ocrx_word' id='word_1_128' title='bbox 1063 1726 1206 1780; x_wconf 89' lang='lat' dir='ltr'><strong>inter</strong></span> <span class='ocrx_word' id='word_1_129' title='bbox 1249 1726 1678 1794; x_wconf 85' lang='lat' dir='ltr'><strong>contendentes,</strong></span> <span class='ocrx_word' id='word_1_130' title='bbox 1729 1742 1829 1782; x_wconf 91' lang='lat' dir='ltr'><strong>eos</strong></span> <span class='ocrx_word' id='word_1_131' title='bbox 1875 1741 2029 1782; x_wconf 91' lang='lat' dir='ltr'><strong>asso-</strong></span> 
     </span>
    </p>
   </div>
   <div class='ocr_carea' id='block_1_21' title="bbox 449 1815 2031 1887">
    <p class='ocr_par' dir='ltr' id='par_1_21' title="bbox 449 1815 2031 1887">
     <span class='ocr_line' id='line_1_21' title="bbox 449 1815 2031 1887; baseline 0.001 -15"><span class='ocrx_word' id='word_1_132' title='bbox 449 1817 622 1872; x_wconf 88' lang='lat' dir='ltr'><strong>cians.</strong></span> <span class='ocrx_word' id='word_1_133' title='bbox 647 1815 1008 1872; x_wconf 80' lang='lat' dir='ltr'><strong>Conﬁteberis</strong></span> <span class='ocrx_word' id='word_1_134' title='bbox 1030 1827 1250 1887; x_wconf 84' lang='lat' dir='ltr'><strong>peccata</strong></span> <span class='ocrx_word' id='word_1_135' title='bbox 1279 1827 1393 1872; x_wconf 89' lang='lat' dir='ltr'><strong>tua.</strong></span> <span class='ocrx_word' id='word_1_136' title='bbox 1417 1815 1536 1872; x_wconf 87' lang='lat' dir='ltr'><strong>Non</strong></span> <span class='ocrx_word' id='word_1_137' title='bbox 1564 1818 1794 1874; x_wconf 87' lang='lat' dir='ltr'><strong>accedes</strong></span> <span class='ocrx_word' id='word_1_138' title='bbox 1817 1818 1884 1873; x_wconf 90' lang='lat' dir='ltr'><strong>ad</strong></span> <span class='ocrx_word' id='word_1_139' title='bbox 1910 1833 2031 1874; x_wconf 89' lang='lat' dir='ltr'><strong>ora-</strong></span> 
     </span>
    </p>
   </div>
   <div class='ocr_carea' id='block_1_22' title="bbox 411 1904 2030 1965">
    <p class='ocr_par' dir='ltr' id='par_1_22' title="bbox 411 1904 2030 1965">
     <span class='ocr_line' id='line_1_22' title="bbox 411 1904 2030 1965; baseline 0.002 -5"><span class='ocrx_word' id='word_1_140' title='bbox 411 1905 424 1917; x_wconf 83' lang='lat'>&#39;</span> <span class='ocrx_word' id='word_1_141' title='bbox 454 1904 656 1960; x_wconf 81' lang='lat' dir='ltr'><strong>tionem</strong></span> <span class='ocrx_word' id='word_1_142' title='bbox 689 1913 840 1960; x_wconf 89' lang='lat' dir='ltr'><strong>tuam</strong></span> <span class='ocrx_word' id='word_1_143' title='bbox 879 1906 932 1960; x_wconf 91' lang='lat' dir='ltr'><strong>in</strong></span> <span class='ocrx_word' id='word_1_144' title='bbox 977 1908 1317 1962; x_wconf 83' lang='lat' dir='ltr'><strong>conscientia</strong></span> <span class='ocrx_word' id='word_1_145' title='bbox 1349 1909 1512 1963; x_wconf 87' lang='lat' dir='ltr'><strong>mala.</strong></span> <span class='ocrx_word' id='word_1_146' title='bbox 1549 1938 1620 1950; x_wconf 96' lang='lat'><em>—</em></span> <span class='ocrx_word' id='word_1_147' title='bbox 1650 1907 1777 1964; x_wconf 69' lang='lat' dir='ltr'><strong>Haec</strong></span> <span class='ocrx_word' id='word_1_148' title='bbox 1818 1918 1903 1965; x_wconf 87' lang='lat' dir='ltr'><strong>est</strong></span> <span class='ocrx_word' id='word_1_149' title='bbox 1941 1911 2030 1964; x_wconf 89' lang='lat' dir='ltr'><strong>via</strong></span> 
     </span>
    </p>
   </div>
   <div class='ocr_carea' id='block_1_23' title="bbox 455 1997 618 2054">
    <p class='ocr_par' dir='ltr' id='par_1_23' title="bbox 455 1997 618 2054">
     <span class='ocr_line' id='line_1_23' title="bbox 455 1997 618 2054; baseline 0.006 -2"><span class='ocrx_word' id='word_1_150' title='bbox 455 1997 618 2054; x_wconf 86' lang='lat' dir='ltr'><strong>lucis.</strong></span> 
     </span>
    </p>
   </div>
   <div class='ocr_carea' id='block_1_24' title="bbox 2143 427 3736 513">
    <p class='ocr_par' dir='ltr' id='par_1_24' title="bbox 2143 427 3736 513">
     <span class='ocr_line' id='line_1_24' title="bbox 2143 427 3736 513; baseline 0.011 -35"><span class='ocrx_word' id='word_1_151' title='bbox 2143 427 2243 489; x_wconf 85' lang='grc' dir='ltr'><strong>τάς</strong></span> <span class='ocrx_word' id='word_1_152' title='bbox 2281 431 2487 499; x_wconf 80' lang='grc' dir='ltr'>χεῖρας,</span> <span class='ocrx_word' id='word_1_153' title='bbox 2522 429 2658 501; x_wconf 83' lang='grc' dir='ltr'>πρὸς</span> <span class='ocrx_word' id='word_1_154' title='bbox 2685 431 2744 484; x_wconf 87' lang='grc' dir='ltr'>δὲ</span> <span class='ocrx_word' id='word_1_155' title='bbox 2785 431 2848 484; x_wconf 84' lang='grc' dir='ltr'>τὸ</span> <span class='ocrx_word' id='word_1_156' title='bbox 2875 432 3059 488; x_wconf 88' lang='grc' dir='ltr'>δοῦναι</span> <span class='ocrx_word' id='word_1_157' title='bbox 3088 437 3331 490; x_wconf 83' lang='grc' dir='ltr'>συσπῶν.</span> <span class='ocrx_word' id='word_1_158' title='bbox 3363 438 3736 513; x_wconf 72' lang='grc' dir='ltr'>’Ἂγαπήσεις,</span> 
     </span>
    </p>
   </div>
   <div class='ocr_carea' id='block_1_25' title="bbox 2143 521 3737 594">
    <p class='ocr_par' dir='ltr' id='par_1_25' title="bbox 2143 521 3737 594">
     <span class='ocr_line' id='line_1_25' title="bbox 2143 521 3737 594; baseline 0.011 -22"><span class='ocrx_word' id='word_1_159' title='bbox 2143 521 2220 584; x_wconf 87' lang='grc' dir='ltr'>ὼς</span> <span class='ocrx_word' id='word_1_160' title='bbox 2258 522 2428 593; x_wconf 86' lang='grc' dir='ltr'><strong>κόρην</strong></span> <span class='ocrx_word' id='word_1_161' title='bbox 2467 523 2748 594; x_wconf 68' lang='grc' dir='ltr'>ὀφθαλμοῦ</span> <span class='ocrx_word' id='word_1_162' title='bbox 2772 544 2888 594; x_wconf 89' lang='grc' dir='ltr'>σου,</span> <span class='ocrx_word' id='word_1_163' title='bbox 2922 528 3101 582; x_wconf 87' lang='grc' dir='ltr'>πάντα</span> <span class='ocrx_word' id='word_1_164' title='bbox 3121 530 3212 584; x_wconf 82' lang='grc' dir='ltr'>τὸν</span> <span class='ocrx_word' id='word_1_165' title='bbox 3235 531 3500 594; x_wconf 80' lang='grc' dir='ltr'>λαλοῦντά</span> <span class='ocrx_word' id='word_1_166' title='bbox 3528 552 3611 588; x_wconf 90' lang='grc' dir='ltr'><strong>σοι</strong></span> <span class='ocrx_word' id='word_1_167' title='bbox 3648 535 3737 590; x_wconf 86' lang='grc' dir='ltr'>λό-</span> 
     </span>
    </p>
   </div>
   <div class='ocr_carea' id='block_1_26' title="bbox 2141 612 3736 697">
    <p class='ocr_par' dir='ltr' id='par_1_26' title="bbox 2141 612 3736 697">
     <span class='ocr_line' id='line_1_26' title="bbox 2141 612 3736 697; baseline 0.012 -35"><span class='ocrx_word' id='word_1_168' title='bbox 2141 627 2240 680; x_wconf 92' lang='grc' dir='ltr'><strong>γον</strong></span> <span class='ocrx_word' id='word_1_169' title='bbox 2257 612 2350 665; x_wconf 83' lang='grc' dir='ltr'><strong>τοῦ</strong></span> <span class='ocrx_word' id='word_1_170' title='bbox 2371 614 2596 684; x_wconf 84' lang='grc' dir='ltr'>Κυρίου.</span> <span class='ocrx_word' id='word_1_171' title='bbox 2615 615 2728 685; x_wconf 78' lang='lat'><strong>(7&#39;2)</strong></span> <span class='ocrx_word' id='word_1_172' title='bbox 2750 618 3052 692; x_wconf 83' lang='grc' dir='ltr'><strong>Μνησθήσῃ</strong></span> <span class='ocrx_word' id='word_1_173' title='bbox 3068 622 3229 675; x_wconf 78' lang='grc' dir='ltr'>αὐτὸν</span> <span class='ocrx_word' id='word_1_174' title='bbox 3251 623 3466 695; x_wconf 80' lang='grc' dir='ltr'>ἡμέρας</span> <span class='ocrx_word' id='word_1_175' title='bbox 3482 627 3736 697; x_wconf 87' lang='grc' dir='ltr'>κρίσεως,</span> 
     </span>
    </p>
   </div>
   <div class='ocr_carea' id='block_1_27' title="bbox 2141 703 3736 788">
    <p class='ocr_par' dir='ltr' id='par_1_27' title="bbox 2141 703 3736 788">
     <span class='ocr_line' id='line_1_27' title="bbox 2141 703 3736 788; baseline 0.009 -31"><span class='ocrx_word' id='word_1_176' title='bbox 2141 703 2336 766; x_wconf 83' lang='grc' dir='ltr'>νυκτὸς</span> <span class='ocrx_word' id='word_1_177' title='bbox 2368 705 2459 756; x_wconf 74' lang='grc' dir='ltr'><strong>καὶ</strong></span> <span class='ocrx_word' id='word_1_178' title='bbox 2492 705 2726 776; x_wconf 82' lang='grc' dir='ltr'>ἡμέρας.</span> <span class='ocrx_word' id='word_1_179' title='bbox 2785 708 3136 780; x_wconf 78' lang='grc' dir='ltr'>Ἑκζητήσεις</span> <span class='ocrx_word' id='word_1_180' title='bbox 3165 711 3287 764; x_wconf 77' lang='grc' dir='ltr'>καθ’</span> <span class='ocrx_word' id='word_1_181' title='bbox 3321 715 3559 786; x_wconf 75' lang='grc' dir='ltr'>ἑκάστην</span> <span class='ocrx_word' id='word_1_182' title='bbox 3595 718 3736 788; x_wconf 83' lang='grc' dir='ltr'>ἠμέ-</span> 
     </span>
    </p>
   </div>
   <div class='ocr_carea' id='block_1_28' title="bbox 2145 794 3740 874">
    <p class='ocr_par' dir='ltr' id='par_1_28' title="bbox 2145 794 3740 874">
     <span class='ocr_line' id='line_1_28' title="bbox 2145 794 3740 874; baseline 0.01 -28"><span class='ocrx_word' id='word_1_183' title='bbox 2145 811 2241 866; x_wconf 88' lang='grc' dir='ltr'><strong>ραν</strong></span> <span class='ocrx_word' id='word_1_184' title='bbox 2267 794 2334 848; x_wconf 88' lang='grc' dir='ltr'><strong>τά</strong></span> <span class='ocrx_word' id='word_1_185' title='bbox 2363 796 2629 866; x_wconf 87' lang='grc' dir='ltr'>πρόσωπα</span> <span class='ocrx_word' id='word_1_186' title='bbox 2661 797 2768 850; x_wconf 80' lang='grc' dir='ltr'>τῶν</span> <span class='ocrx_word' id='word_1_187' title='bbox 2796 800 2990 867; x_wconf 82' lang='grc' dir='ltr'><strong>ἁγίων,</strong></span> <span class='ocrx_word' id='word_1_188' title='bbox 3019 804 3113 855; x_wconf 80' lang='grc' dir='ltr'>καὶ</span> <span class='ocrx_word' id='word_1_189' title='bbox 3149 802 3261 874; x_wconf 81' lang='lat'><strong>(7&#39;5)</strong></span> <span class='ocrx_word' id='word_1_190' title='bbox 3298 805 3388 858; x_wconf 84' lang='grc' dir='ltr'>διὰ</span> <span class='ocrx_word' id='word_1_191' title='bbox 3418 805 3577 874; x_wconf 88' lang='grc' dir='ltr'>λόγου</span> <span class='ocrx_word' id='word_1_192' title='bbox 3615 826 3740 862; x_wconf 75' lang='grc' dir='ltr'>σκοο</span> 
     </span>
    </p>
   </div>
   <div class='ocr_carea' id='block_1_29' title="bbox 2141 887 3736 971">
    <p class='ocr_par' dir='ltr' id='par_1_29' title="bbox 2141 887 3736 971">
     <span class='ocr_line' id='line_1_29' title="bbox 2141 887 3736 971; baseline 0.009 -30"><span class='ocrx_word' id='word_1_193' title='bbox 2141 887 2260 941; x_wconf 84' lang='grc' dir='ltr'><strong>πῶν</strong></span> <span class='ocrx_word' id='word_1_194' title='bbox 2289 888 2383 941; x_wconf 73' lang='grc' dir='ltr'>καὶ</span> <span class='ocrx_word' id='word_1_195' title='bbox 2426 890 2790 960; x_wconf 82' lang='grc' dir='ltr'><strong>πορευόμενος</strong></span> <span class='ocrx_word' id='word_1_196' title='bbox 2826 892 2908 954; x_wconf 83' lang='grc' dir='ltr'><strong>εἰς</strong></span> <span class='ocrx_word' id='word_1_197' title='bbox 2931 893 2992 945; x_wconf 87' lang='grc' dir='ltr'>τὸ</span> <span class='ocrx_word' id='word_1_198' title='bbox 3018 895 3419 967; x_wconf 82' lang='grc' dir='ltr'><strong>παρακαλέσαι,</strong></span> <span class='ocrx_word' id='word_1_199' title='bbox 3448 901 3541 953; x_wconf 79' lang='grc' dir='ltr'>καὶ</span> <span class='ocrx_word' id='word_1_200' title='bbox 3578 903 3736 971; x_wconf 89' lang='grc' dir='ltr'>μελε-</span> 
     </span>
    </p>
   </div>
   <div class='ocr_carea' id='block_1_30' title="bbox 2138 980 3735 1060">
    <p class='ocr_par' dir='ltr' id='par_1_30' title="bbox 2138 980 3735 1060">
     <span class='ocr_line' id='line_1_30' title="bbox 2138 980 3735 1060; baseline 0.009 -26"><span class='ocrx_word' id='word_1_201' title='bbox 2138 980 2246 1034; x_wconf 87' lang='grc' dir='ltr'>τῶν</span> <span class='ocrx_word' id='word_1_202' title='bbox 2272 982 2352 1045; x_wconf 83' lang='grc' dir='ltr'><strong>εἰς</strong></span> <span class='ocrx_word' id='word_1_203' title='bbox 2385 981 2446 1034; x_wconf 83' lang='grc' dir='ltr'>τὸ</span> <span class='ocrx_word' id='word_1_204' title='bbox 2482 981 2656 1034; x_wconf 85' lang='grc' dir='ltr'>σῶσαι</span> <span class='ocrx_word' id='word_1_205' title='bbox 2680 982 2857 1056; x_wconf 77' lang='grc' dir='ltr'>ψυχὴν</span> <span class='ocrx_word' id='word_1_206' title='bbox 2888 984 2967 1055; x_wconf 82' lang='grc' dir='ltr'><strong>τῷ</strong></span> <span class='ocrx_word' id='word_1_207' title='bbox 3005 985 3168 1058; x_wconf 83' lang='grc' dir='ltr'>λόγῳ.</span> <span class='ocrx_word' id='word_1_208' title='bbox 3205 988 3320 1060; x_wconf 71' lang='grc'>(74)</span> <span class='ocrx_word' id='word_1_209' title='bbox 3358 991 3470 1045; x_wconf 77' lang='grc' dir='ltr'><strong>Καὶ</strong></span> <span class='ocrx_word' id='word_1_210' title='bbox 3495 993 3587 1047; x_wconf 76' lang='grc' dir='ltr'><strong>διὰ</strong></span> <span class='ocrx_word' id='word_1_211' title='bbox 3625 995 3735 1048; x_wconf 84' lang='grc' dir='ltr'>τῶν</span> 
     </span>
    </p>
   </div>
   <div class='ocr_carea' id='block_1_31' title="bbox 2139 1062 3734 1156">
    <p class='ocr_par' dir='ltr' id='par_1_31' title="bbox 2139 1062 3734 1156">
     <span class='ocr_line' id='line_1_31' title="bbox 2139 1062 3734 1156; baseline 0.01 -33"><span class='ocrx_word' id='word_1_212' title='bbox 2139 1071 2337 1144; x_wconf 85' lang='grc' dir='ltr'>χειρῶν</span> <span class='ocrx_word' id='word_1_213' title='bbox 2399 1090 2492 1126; x_wconf 90' lang='grc' dir='ltr'><strong>σου</strong></span> <span class='ocrx_word' id='word_1_214' title='bbox 2560 1074 2770 1147; x_wconf 80' lang='grc' dir='ltr'>ἐργάσῃ</span> <span class='ocrx_word' id='word_1_215' title='bbox 2833 1077 2914 1139; x_wconf 87' lang='grc' dir='ltr'><strong>είς</strong></span> <span class='ocrx_word' id='word_1_216' title='bbox 2962 1076 3230 1148; x_wconf 81' lang='grc' dir='ltr'><strong>λύτρωσιν</strong></span> <span class='ocrx_word' id='word_1_217' title='bbox 3284 1079 3394 1134; x_wconf 84' lang='grc' dir='ltr'><strong>τών</strong></span> <span class='ocrx_word' id='word_1_218' title='bbox 3445 1062 3734 1156; x_wconf 82' lang='grc' dir='ltr'>ἁμαρτιῶν</span> 
     </span>
    </p>
   </div>
   <div class='ocr_carea' id='block_1_32' title="bbox 2139 1164 3730 1244">
    <p class='ocr_par' dir='ltr' id='par_1_32' title="bbox 2139 1164 3730 1244">
     <span class='ocr_line' id='line_1_32' title="bbox 2139 1164 3730 1244; baseline 0.01 -28"><span class='ocrx_word' id='word_1_219' title='bbox 2139 1181 2256 1218; x_wconf 89' lang='grc' dir='ltr'>σου.</span> <span class='ocrx_word' id='word_1_220' title='bbox 2287 1164 2400 1233; x_wconf 79' lang='grc'>(75)</span> <span class='ocrx_word' id='word_1_221' title='bbox 2429 1165 2502 1216; x_wconf 82' lang='grc' dir='ltr'><strong>Οὐ</strong></span> <span class='ocrx_word' id='word_1_222' title='bbox 2528 1165 2803 1230; x_wconf 84' lang='grc' dir='ltr'>διστάσεις</span> <span class='ocrx_word' id='word_1_223' title='bbox 2825 1167 3029 1231; x_wconf 87' lang='grc' dir='ltr'>δοῦναι,</span> <span class='ocrx_word' id='word_1_224' title='bbox 3073 1169 3195 1222; x_wconf 77' lang='grc' dir='ltr'>οὐδὲ</span> <span class='ocrx_word' id='word_1_225' title='bbox 3221 1171 3398 1236; x_wconf 83' lang='grc' dir='ltr'>διδοὺς</span> <span class='ocrx_word' id='word_1_226' title='bbox 3421 1175 3730 1244; x_wconf 85' lang='grc' dir='ltr'>γογγύσεις.</span> 
     </span>
    </p>
   </div>
   <div class='ocr_carea' id='block_1_33' title="bbox 2135 1256 3732 1340">
    <p class='ocr_par' dir='ltr' id='par_1_33' title="bbox 2135 1256 3732 1340">
     <span class='ocr_line' id='line_1_33' title="bbox 2135 1256 3732 1340; baseline 0.009 -32"><span class='ocrx_word' id='word_1_227' title='bbox 2135 1256 2322 1309; x_wconf 75' lang='grc' dir='ltr'>Παντὶ</span> <span class='ocrx_word' id='word_1_228' title='bbox 2359 1256 2626 1310; x_wconf 69' lang='grc' dir='ltr'>αιτοῦντι</span> <span class='ocrx_word' id='word_1_229' title='bbox 2652 1275 2727 1312; x_wconf 85' lang='grc' dir='ltr'>σε</span> <span class='ocrx_word' id='word_1_230' title='bbox 2753 1257 2926 1313; x_wconf 81' lang='grc' dir='ltr'>δίδου</span> <span class='ocrx_word' id='word_1_231' title='bbox 2948 1276 2962 1290; x_wconf 76' lang='grc'><strong>⁸</strong></span> <span class='ocrx_word' id='word_1_232' title='bbox 3006 1260 3191 1334; x_wconf 80' lang='grc' dir='ltr'>γνώσῃ</span> <span class='ocrx_word' id='word_1_233' title='bbox 3232 1263 3309 1329; x_wconf 88' lang='grc' dir='ltr'>δὲ,</span> <span class='ocrx_word' id='word_1_234' title='bbox 3343 1265 3428 1329; x_wconf 89' lang='grc' dir='ltr'><strong>τίς</strong></span> <span class='ocrx_word' id='word_1_235' title='bbox 3453 1269 3481 1320; x_wconf 87' lang='grc' dir='ltr'><strong>ό</strong></span> <span class='ocrx_word' id='word_1_236' title='bbox 3506 1267 3602 1320; x_wconf 89' lang='grc' dir='ltr'><strong>τοῦ</strong></span> <span class='ocrx_word' id='word_1_237' title='bbox 3641 1287 3732 1340; x_wconf 89' lang='grc' dir='ltr'>μι-</span> 
     </span>
    </p>
   </div>
   <div class='ocr_carea' id='block_1_34' title="bbox 2139 1346 3730 1432">
    <p class='ocr_par' dir='ltr' id='par_1_34' title="bbox 2139 1346 3730 1432">
     <span class='ocr_line' id='line_1_34' title="bbox 2139 1346 3730 1432; baseline 0.011 -34"><span class='ocrx_word' id='word_1_238' title='bbox 2139 1346 2266 1400; x_wconf 82' lang='grc' dir='ltr'>σθοῦ</span> <span class='ocrx_word' id='word_1_239' title='bbox 2310 1348 2475 1411; x_wconf 78' lang='grc' dir='ltr'>καλὸς</span> <span class='ocrx_word' id='word_1_240' title='bbox 2521 1350 2918 1422; x_wconf 86' lang='grc' dir='ltr'>ἀνταποδότης.</span> <span class='ocrx_word' id='word_1_241' title='bbox 2963 1352 3075 1425; x_wconf 87' lang='lat'><strong>(76)</strong></span> <span class='ocrx_word' id='word_1_242' title='bbox 3103 1355 3382 1422; x_wconf 82' lang='grc' dir='ltr'>Φυλάξεις,</span> <span class='ocrx_word' id='word_1_243' title='bbox 3421 1357 3457 1412; x_wconf 79' lang='grc' dir='ltr'><strong>ἃ.</strong></span> <span class='ocrx_word' id='word_1_244' title='bbox 3487 1361 3730 1432; x_wconf 85' lang='grc' dir='ltr'>παρέλα-</span> 
     </span>
    </p>
   </div>
   <div class='ocr_carea' id='block_1_35' title="bbox 2135 1440 3728 1524">
    <p class='ocr_par' dir='ltr' id='par_1_35' title="bbox 2135 1440 3728 1524">
     <span class='ocr_line' id='line_1_35' title="bbox 2135 1440 3728 1524; baseline 0.009 -33"><span class='ocrx_word' id='word_1_245' title='bbox 2135 1440 2249 1505; x_wconf 82' lang='grc' dir='ltr'>ϐες,</span> <span class='ocrx_word' id='word_1_246' title='bbox 2281 1441 2418 1510; x_wconf 85' lang='grc' dir='ltr'>μήτε</span> <span class='ocrx_word' id='word_1_247' title='bbox 2448 1441 2784 1510; x_wconf 75' lang='grc' dir='ltr'>προστιθεὶς,</span> <span class='ocrx_word' id='word_1_248' title='bbox 2816 1445 2951 1516; x_wconf 85' lang='grc' dir='ltr'>μήτε</span> <span class='ocrx_word' id='word_1_249' title='bbox 2973 1446 3221 1517; x_wconf 83' lang='grc' dir='ltr'>ἀφαιρῶν</span> <span class='ocrx_word' id='word_1_250' title='bbox 3267 1448 3361 1508; x_wconf 88' lang='grc' dir='ltr'><strong>Εἰς</strong></span> <span class='ocrx_word' id='word_1_251' title='bbox 3384 1450 3538 1513; x_wconf 82' lang='grc' dir='ltr'>τέλος</span> <span class='ocrx_word' id='word_1_252' title='bbox 3564 1454 3728 1524; x_wconf 79' lang='grc' dir='ltr'>μισή-</span> 
     </span>
    </p>
   </div>
   <div class='ocr_carea' id='block_1_36' title="bbox 2136 1529 3727 1613">
    <p class='ocr_par' dir='ltr' id='par_1_36' title="bbox 2136 1529 3727 1613">
     <span class='ocr_line' id='line_1_36' title="bbox 2136 1529 3727 1613; baseline 0.011 -33"><span class='ocrx_word' id='word_1_253' title='bbox 2136 1545 2248 1591; x_wconf 88' lang='grc' dir='ltr'>σεις</span> <span class='ocrx_word' id='word_1_254' title='bbox 2269 1529 2358 1581; x_wconf 84' lang='grc' dir='ltr'>τὸν</span> <span class='ocrx_word' id='word_1_255' title='bbox 2386 1531 2639 1600; x_wconf 86' lang='grc' dir='ltr'>πονηρόν.</span> <span class='ocrx_word' id='word_1_256' title='bbox 2671 1532 2784 1605; x_wconf 81' lang='grc'>(77)</span> <span class='ocrx_word' id='word_1_257' title='bbox 2804 1536 3025 1604; x_wconf 86' lang='grc' dir='ltr'>Κρινεῖς</span> <span class='ocrx_word' id='word_1_258' title='bbox 3047 1535 3287 1601; x_wconf 82' lang='grc' dir='ltr'><strong>δικαίως.</strong></span> <span class='ocrx_word' id='word_1_259' title='bbox 3317 1538 3430 1611; x_wconf 90' lang='grc'>(78)</span> <span class='ocrx_word' id='word_1_260' title='bbox 3459 1542 3534 1594; x_wconf 91' lang='grc' dir='ltr'><strong>Ού</strong></span> <span class='ocrx_word' id='word_1_261' title='bbox 3568 1545 3727 1613; x_wconf 88' lang='grc' dir='ltr'>ποιή-</span> 
     </span>
    </p>
   </div>
   <div class='ocr_carea' id='block_1_37' title="bbox 2136 1619 3726 1704">
    <p class='ocr_par' dir='ltr' id='par_1_37' title="bbox 2136 1619 3726 1704">
     <span class='ocr_line' id='line_1_37' title="bbox 2136 1619 3726 1704; baseline 0.012 -35"><span class='ocrx_word' id='word_1_262' title='bbox 2136 1634 2248 1681; x_wconf 89' lang='grc' dir='ltr'>σεις</span> <span class='ocrx_word' id='word_1_263' title='bbox 2273 1619 2498 1690; x_wconf 82' lang='grc' dir='ltr'>σχίσμα,</span> <span class='ocrx_word' id='word_1_264' title='bbox 2523 1622 2861 1693; x_wconf 87' lang='grc' dir='ltr'>είρηνεύσεις</span> <span class='ocrx_word' id='word_1_265' title='bbox 2876 1624 2931 1676; x_wconf 87' lang='grc' dir='ltr'>δὲ</span> <span class='ocrx_word' id='word_1_266' title='bbox 2960 1627 3302 1698; x_wconf 80' lang='grc' dir='ltr'>μαχομένους</span> <span class='ocrx_word' id='word_1_267' title='bbox 3323 1632 3590 1700; x_wconf 83' lang='grc' dir='ltr'><strong>συνάγων.</strong></span> <span class='ocrx_word' id='word_1_268' title='bbox 3613 1633 3726 1704; x_wconf 82' lang='lat'><strong>(79)</strong></span> 
     </span>
    </p>
   </div>
   <div class='ocr_carea' id='block_1_38' title="bbox 2063 1680 3725 1796">
    <p class='ocr_par' dir='ltr' id='par_1_38' title="bbox 2063 1680 3725 1796">
     <span class='ocr_line' id='line_1_38' title="bbox 2063 1680 3725 1796; baseline 0.011 -34"><span class='ocrx_word' id='word_1_269' title='bbox 2063 1680 2104 1734; x_wconf 82' lang='lat' dir='ltr'><strong>B</strong></span> <span class='ocrx_word' id='word_1_270' title='bbox 2148 1680 2547 1788; x_wconf 66' lang='grc' dir='ltr'>Ἐξομόλογήσῃ</span> <span class='ocrx_word' id='word_1_271' title='bbox 2699 1680 2996 1790; x_wconf 65' lang='grc' dir='ltr'>ἁμαρτίαις</span> <span class='ocrx_word' id='word_1_272' title='bbox 3028 1680 3148 1775; x_wconf 63' lang='grc' dir='ltr'><strong>εἶοᾲ</strong></span> <span class='ocrx_word' id='word_1_273' title='bbox 3185 1680 3298 1794; x_wconf 75' lang='grc'>(80)</span> 
     </span>
    </p>
   </div>
   <div class='ocr_carea' id='block_1_39' title="bbox 2135 1804 3721 1889">
    <p class='ocr_par' dir='ltr' id='par_1_39' title="bbox 2135 1804 3721 1889">
     <span class='ocr_line' id='line_1_39' title="bbox 2135 1804 3721 1889; baseline 0.011 -37"><span class='ocrx_word' id='word_1_274' title='bbox 2135 1804 2415 1873; x_wconf 83' lang='grc' dir='ltr'>προσευχῇ</span> <span class='ocrx_word' id='word_1_275' title='bbox 2463 1819 2556 1855; x_wconf 92' lang='grc' dir='ltr'><strong>σου</strong></span> <span class='ocrx_word' id='word_1_276' title='bbox 2604 1804 2662 1858; x_wconf 81' lang='grc' dir='ltr'><strong>έν</strong></span> <span class='ocrx_word' id='word_1_277' title='bbox 2697 1806 2997 1878; x_wconf 83' lang='grc' dir='ltr'>συνειδήσει</span> <span class='ocrx_word' id='word_1_278' title='bbox 3045 1811 3274 1880; x_wconf 80' lang='grc' dir='ltr'>πονηρᾷ.</span> <span class='ocrx_word' id='word_1_279' title='bbox 3321 1811 3470 1884; x_wconf 87' lang='grc' dir='ltr'>Αῦτη</span> <span class='ocrx_word' id='word_1_280' title='bbox 3513 1815 3721 1889; x_wconf 77' lang='grc' dir='ltr'>ἐστὶνὴ</span> 
     </span>
    </p>
   </div>
   <div class='ocr_carea' id='block_1_40' title="bbox 2134 1890 2596 1962">
    <p class='ocr_par' dir='ltr' id='par_1_40' title="bbox 2134 1890 2596 1962">
     <span class='ocr_line' id='line_1_40' title="bbox 2134 1890 2596 1962; baseline 0.004 -18"><span class='ocrx_word' id='word_1_281' title='bbox 2134 1890 2254 1955; x_wconf 82' lang='grc' dir='ltr'>ὁδὸς</span> <span class='ocrx_word' id='word_1_282' title='bbox 2284 1892 2378 1944; x_wconf 88' lang='grc' dir='ltr'><strong>τοῦ</strong></span> <span class='ocrx_word' id='word_1_283' title='bbox 2407 1893 2596 1962; x_wconf 84' lang='grc' dir='ltr'>φωτός.</span> 
     </span>
    </p>
   </div>
   <div class='ocr_carea' id='block_1_41' title="bbox 1703 2091 2434 2148">
    <p class='ocr_par' dir='ltr' id='par_1_41' title="bbox 1703 2091 2434 2148">
     <span class='ocr_line' id='line_1_41' title="bbox 1703 2091 2434 2148; baseline -0.001 -1"><span class='ocrx_word' id='word_1_284' title='bbox 1703 2091 1823 2148; x_wconf 80' lang='lat' dir='ltr'><strong>XX.</strong></span> <span class='ocrx_word' id='word_1_285' title='bbox 1853 2092 1930 2148; x_wconf 88' lang='lat' dir='ltr'><strong>De</strong></span> <span class='ocrx_word' id='word_1_286' title='bbox 1957 2094 2042 2148; x_wconf 82' lang='lat' dir='ltr'><strong>via</strong></span> <span class='ocrx_word' id='word_1_287' title='bbox 2079 2091 2434 2146; x_wconf 81' lang='lat' dir='ltr'><strong>tenebrarum.</strong></span> 
     </span>
    </p>
   </div>
   <div class='ocr_carea' id='block_1_42' title="bbox 520 2195 2022 2275">
    <p class='ocr_par' dir='ltr' id='par_1_42' title="bbox 520 2195 2022 2275">
     <span class='ocr_line' id='line_1_42' title="bbox 520 2195 2022 2275; baseline 0.003 -19"><span class='ocrx_word' id='word_1_288' title='bbox 520 2202 620 2259; x_wconf 77' lang='lat' dir='ltr'><strong>Via</strong></span> <span class='ocrx_word' id='word_1_289' title='bbox 681 2213 861 2259; x_wconf 84' lang='lat' dir='ltr'><strong>autem</strong></span> <span class='ocrx_word' id='word_1_290' title='bbox 913 2195 1263 2259; x_wconf 81' lang='lat' dir='ltr'><strong>tenebrarum</strong></span> <span class='ocrx_word' id='word_1_291' title='bbox 1335 2205 1556 2275; x_wconf 85' lang='lat' dir='ltr'><strong>obliqua</strong></span> <span class='ocrx_word' id='word_1_292' title='bbox 1615 2213 1699 2260; x_wconf 89' lang='lat' dir='ltr'><strong>est</strong></span> <span class='ocrx_word' id='word_1_293' title='bbox 1753 2204 2022 2275; x_wconf 88' lang='lat' dir='ltr'><strong>plenaque</strong></span> 
     </span>
    </p>
   </div>
   <div class='ocr_carea' id='block_1_43' title="bbox 450 2295 2023 2367">
    <p class='ocr_par' dir='ltr' id='par_1_43' title="bbox 450 2295 2023 2367">
     <span class='ocr_line' id='line_1_43' title="bbox 450 2295 2023 2367; baseline -0.001 -16"><span class='ocrx_word' id='word_1_294' title='bbox 450 2297 865 2352; x_wconf 86' lang='lat' dir='ltr'><strong>maledictionis.</strong></span> <span class='ocrx_word' id='word_1_295' title='bbox 893 2295 987 2351; x_wconf 86' lang='lat' dir='ltr'><strong>Est</strong></span> <span class='ocrx_word' id='word_1_296' title='bbox 1009 2297 1152 2351; x_wconf 91' lang='lat' dir='ltr'><strong>enim</strong></span> <span class='ocrx_word' id='word_1_297' title='bbox 1179 2299 1264 2351; x_wconf 85' lang='lat' dir='ltr'><strong>via</strong></span> <span class='ocrx_word' id='word_1_298' title='bbox 1293 2299 1488 2352; x_wconf 87' lang='lat' dir='ltr'><strong>mortis</strong></span> <span class='ocrx_word' id='word_1_299' title='bbox 1514 2307 1728 2352; x_wconf 71' lang='lat' dir='ltr'><strong>aaternze</strong></span> <span class='ocrx_word' id='word_1_300' title='bbox 1751 2313 1875 2352; x_wconf 91' lang='lat' dir='ltr'><strong>cum</strong></span> <span class='ocrx_word' id='word_1_301' title='bbox 1899 2312 2023 2367; x_wconf 86' lang='lat' dir='ltr'><strong>sup-</strong></span> 
     </span>
    </p>
   </div>
   <div class='ocr_carea' id='block_1_44' title="bbox 447 2387 2020 2460">
    <p class='ocr_par' dir='ltr' id='par_1_44' title="bbox 447 2387 2020 2460">
     <span class='ocr_line' id='line_1_44' title="bbox 447 2387 2020 2460; baseline 0.001 -20"><span class='ocrx_word' id='word_1_302' title='bbox 447 2387 632 2456; x_wconf 83' lang='lat' dir='ltr'><strong>plicio,</strong></span> <span class='ocrx_word' id='word_1_303' title='bbox 677 2387 731 2441; x_wconf 91' lang='lat' dir='ltr'><strong>in</strong></span> <span class='ocrx_word' id='word_1_304' title='bbox 775 2402 882 2457; x_wconf 89' lang='lat' dir='ltr'><strong>qua</strong></span> <span class='ocrx_word' id='word_1_305' title='bbox 926 2396 1076 2450; x_wconf 90' lang='lat' dir='ltr'><strong>sunt,</strong></span> <span class='ocrx_word' id='word_1_306' title='bbox 1122 2403 1244 2456; x_wconf 69' lang='lat' dir='ltr'><strong>qua:</strong></span> <span class='ocrx_word' id='word_1_307' title='bbox 1272 2387 1509 2457; x_wconf 89' lang='lat' dir='ltr'><strong>perdunt</strong></span> <span class='ocrx_word' id='word_1_308' title='bbox 1534 2389 1773 2442; x_wconf 88' lang='lat' dir='ltr'><strong>animam</strong></span> <span class='ocrx_word' id='word_1_309' title='bbox 1819 2387 2020 2460; x_wconf 92' lang='lat' dir='ltr'><strong>[homi-</strong></span> 
     </span>
    </p>
   </div>
   <div class='ocr_carea' id='block_1_45' title="bbox 428 2472 2015 2549">
    <p class='ocr_par' dir='ltr' id='par_1_45' title="bbox 428 2472 2015 2549">
     <span class='ocr_line' id='line_1_45' title="bbox 428 2472 2015 2549; baseline 0.002 -18"><span class='ocrx_word' id='word_1_310' title='bbox 428 2472 602 2549; x_wconf 82' lang='lat' dir='ltr'><strong>num]</strong></span> <span class='ocrx_word' id='word_1_311' title='bbox 632 2499 644 2532; x_wconf 88' lang='lat'><strong>:</strong></span> <span class='ocrx_word' id='word_1_312' title='bbox 679 2478 1010 2543; x_wconf 84' lang='lat' dir='ltr'><strong>idololatria,</strong></span> <span class='ocrx_word' id='word_1_313' title='bbox 1046 2481 1344 2544; x_wconf 77' lang='lat' dir='ltr'><strong>temeritas,</strong></span> <span class='ocrx_word' id='word_1_314' title='bbox 1400 2480 1566 2533; x_wconf 90' lang='lat' dir='ltr'><strong>elatio</strong></span> <span class='ocrx_word' id='word_1_315' title='bbox 1598 2480 1669 2533; x_wconf 91' lang='lat' dir='ltr'><strong>ob</strong></span> <span class='ocrx_word' id='word_1_316' title='bbox 1696 2480 2015 2548; x_wconf 85' lang='lat' dir='ltr'><strong>potentiam,</strong></span> 
     </span>
    </p>
   </div>
   <div class='ocr_carea' id='block_1_46' title="bbox 444 2569 2014 2639">
    <p class='ocr_par' dir='ltr' id='par_1_46' title="bbox 444 2569 2014 2639">
     <span class='ocr_line' id='line_1_46' title="bbox 444 2569 2014 2639; baseline 0 -15"><span class='ocrx_word' id='word_1_317' title='bbox 444 2570 741 2635; x_wconf 72' lang='lat' dir='ltr'><strong>simulatio,</strong></span> <span class='ocrx_word' id='word_1_318' title='bbox 773 2584 866 2623; x_wconf 88' lang='lat' dir='ltr'><strong>cor</strong></span> <span class='ocrx_word' id='word_1_319' title='bbox 889 2570 1109 2639; x_wconf 79' lang='lat' dir='ltr'><strong>duplex,</strong></span> <span class='ocrx_word' id='word_1_320' title='bbox 1138 2569 1491 2633; x_wconf 80' lang='lat' dir='ltr'><strong>adulterium,</strong></span> <span class='ocrx_word' id='word_1_321' title='bbox 1524 2569 1899 2635; x_wconf 89' lang='lat' dir='ltr'><strong>homicidium,</strong></span> <span class='ocrx_word' id='word_1_322' title='bbox 1925 2586 2014 2624; x_wconf 89' lang='lat' dir='ltr'><strong>ra-</strong></span> 
     </span>
    </p>
   </div>
   <div class='ocr_carea' id='block_1_47' title="bbox 447 2659 2017 2730">
    <p class='ocr_par' dir='ltr' id='par_1_47' title="bbox 447 2659 2017 2730">
     <span class='ocr_line' id='line_1_47' title="bbox 447 2659 2017 2730; baseline 0.002 -17"><span class='ocrx_word' id='word_1_323' title='bbox 447 2659 597 2730; x_wconf 86' lang='lat' dir='ltr'><strong>pina,</strong></span> <span class='ocrx_word' id='word_1_324' title='bbox 625 2660 901 2730; x_wconf 87' lang='lat' dir='ltr'><strong>superbia,</strong></span> <span class='ocrx_word' id='word_1_325' title='bbox 934 2661 1320 2730; x_wconf 80' lang='lat' dir='ltr'><strong>transgressio,</strong></span> <span class='ocrx_word' id='word_1_326' title='bbox 1364 2659 1543 2724; x_wconf 88' lang='lat' dir='ltr'><strong>dolus,</strong></span> <span class='ocrx_word' id='word_1_327' title='bbox 1590 2660 1818 2723; x_wconf 89' lang='lat' dir='ltr'><strong>malitia,</strong></span> <span class='ocrx_word' id='word_1_328' title='bbox 1861 2675 2017 2716; x_wconf 87' lang='lat' dir='ltr'><strong>arro-</strong></span> 
     </span>
    </p>
   </div>
   <div class='ocr_carea' id='block_1_48' title="bbox 442 2750 2013 2824">
    <p class='ocr_par' dir='ltr' id='par_1_48' title="bbox 442 2750 2013 2824">
     <span class='ocr_line' id='line_1_48' title="bbox 442 2750 2013 2824; baseline -0.001 -18"><span class='ocrx_word' id='word_1_329' title='bbox 442 2754 648 2824; x_wconf 83' lang='lat' dir='ltr'><strong>gantia,</strong></span> <span class='ocrx_word' id='word_1_330' title='bbox 695 2751 1037 2815; x_wconf 84' lang='lat' dir='ltr'><strong>veneﬁcium,</strong></span> <span class='ocrx_word' id='word_1_331' title='bbox 1079 2751 1279 2820; x_wconf 84' lang='lat' dir='ltr'><strong>magia,</strong></span> <span class='ocrx_word' id='word_1_332' title='bbox 1318 2750 1570 2814; x_wconf 87' lang='lat' dir='ltr'><strong>avaritia,</strong></span> <span class='ocrx_word' id='word_1_333' title='bbox 1613 2750 1796 2805; x_wconf 87' lang='lat' dir='ltr'><strong>nullus</strong></span> <span class='ocrx_word' id='word_1_334' title='bbox 1822 2750 1916 2806; x_wconf 89' lang='lat' dir='ltr'><strong>Dei</strong></span> <span class='ocrx_word' id='word_1_335' title='bbox 1945 2752 2013 2806; x_wconf 92' lang='lat' dir='ltr'><strong>ti-</strong></span> 
     </span>
    </p>
   </div>
   <div class='ocr_carea' id='block_1_49' title="bbox 441 2841 2010 2914">
    <p class='ocr_par' dir='ltr' id='par_1_49' title="bbox 441 2841 2010 2914">
     <span class='ocr_line' id='line_1_49' title="bbox 441 2841 2010 2914; baseline -0.001 -16"><span class='ocrx_word' id='word_1_336' title='bbox 441 2858 580 2898; x_wconf 89' lang='lat' dir='ltr'><strong>mor.</strong></span> <span class='ocrx_word' id='word_1_337' title='bbox 612 2841 692 2914; x_wconf 90' lang='lat' dir='ltr'><strong>[ln</strong></span> <span class='ocrx_word' id='word_1_338' title='bbox 735 2859 840 2910; x_wconf 88' lang='lat' dir='ltr'><strong>qna</strong></span> <span class='ocrx_word' id='word_1_339' title='bbox 869 2842 1017 2913; x_wconf 91' lang='lat' dir='ltr'><strong>sunt]</strong></span> <span class='ocrx_word' id='word_1_340' title='bbox 1061 2842 1329 2896; x_wconf 91' lang='lat' dir='ltr'><strong>bonorum</strong></span> <span class='ocrx_word' id='word_1_341' title='bbox 1376 2849 1771 2911; x_wconf 86' lang='lat' dir='ltr'><strong>persecutores,</strong></span> <span class='ocrx_word' id='word_1_342' title='bbox 1817 2856 2010 2898; x_wconf 88' lang='lat' dir='ltr'><strong>osores</strong></span> 
     </span>
    </p>
   </div>
   <div class='ocr_carea' id='block_1_50' title="bbox 441 2929 2010 3003">
    <p class='ocr_par' dir='ltr' id='par_1_50' title="bbox 441 2929 2010 3003">
     <span class='ocr_line' id='line_1_50' title="bbox 441 2929 2010 3003; baseline 0.002 -19"><span class='ocrx_word' id='word_1_343' title='bbox 441 2932 704 2995; x_wconf 87' lang='lat' dir='ltr'><strong>veritatis,</strong></span> <span class='ocrx_word' id='word_1_344' title='bbox 745 2941 1020 2986; x_wconf 86' lang='lat' dir='ltr'><strong>amatores</strong></span> <span class='ocrx_word' id='word_1_345' title='bbox 1070 2929 1419 3003; x_wconf 86' lang='lat' dir='ltr'><strong>[mendacii],</strong></span> <span class='ocrx_word' id='word_1_346' title='bbox 1470 2947 1576 2986; x_wconf 82' lang='lat' dir='ltr'><strong>non</strong></span> <span class='ocrx_word' id='word_1_347' title='bbox 1619 2940 2010 3002; x_wconf 80' lang='lat' dir='ltr'><strong>cognoscentes</strong></span> 
     </span>
    </p>
   </div>
   <div class='ocr_carea' id='block_1_51' title="bbox 439 3021 2010 3092">
    <p class='ocr_par' dir='ltr' id='par_1_51' title="bbox 439 3021 2010 3092">
     <span class='ocr_line' id='line_1_51' title="bbox 439 3021 2010 3092; baseline 0.001 -16"><span class='ocrx_word' id='word_1_348' title='bbox 439 3024 743 3077; x_wconf 85' lang='lat' dir='ltr'><strong>mercedem</strong></span> <span class='ocrx_word' id='word_1_349' title='bbox 778 3021 1024 3090; x_wconf 70' lang='lat' dir='ltr'><strong>justitim,</strong></span> <span class='ocrx_word' id='word_1_350' title='bbox 1057 3035 1165 3075; x_wconf 92' lang='lat' dir='ltr'><strong>non</strong></span> <span class='ocrx_word' id='word_1_351' title='bbox 1199 3021 1441 3092; x_wconf 88' lang='lat' dir='ltr'><strong>adjuncti</strong></span> <span class='ocrx_word' id='word_1_352' title='bbox 1473 3023 1537 3076; x_wconf 91' lang='lat' dir='ltr'><strong>ad</strong></span> <span class='ocrx_word' id='word_1_353' title='bbox 1570 3022 1795 3086; x_wconf 89' lang='lat' dir='ltr'><strong>bonum,</strong></span> <span class='ocrx_word' id='word_1_354' title='bbox 1835 3023 2010 3078; x_wconf 64' lang='lat' dir='ltr'><strong>viduae</strong></span> 
     </span>
    </p>
   </div>
   <div class='ocr_carea' id='block_1_52' title="bbox 437 3113 2011 3184">
    <p class='ocr_par' dir='ltr' id='par_1_52' title="bbox 437 3113 2011 3184">
     <span class='ocr_line' id='line_1_52' title="bbox 437 3113 2011 3184; baseline 0.001 -18"><span class='ocrx_word' id='word_1_355' title='bbox 437 3122 490 3166; x_wconf 92' lang='lat' dir='ltr'><strong>et</strong></span> <span class='ocrx_word' id='word_1_356' title='bbox 520 3113 724 3183; x_wconf 86' lang='lat' dir='ltr'><strong>pupillo</strong></span> <span class='ocrx_word' id='word_1_357' title='bbox 754 3130 858 3167; x_wconf 89' lang='lat' dir='ltr'><strong>non</strong></span> <span class='ocrx_word' id='word_1_358' title='bbox 893 3113 1232 3168; x_wconf 84' lang='lat' dir='ltr'><strong>attendentes</strong></span> <span class='ocrx_word' id='word_1_359' title='bbox 1261 3130 1324 3166; x_wconf 81' lang='lat' dir='ltr'><strong>ex</strong></span> <span class='ocrx_word' id='word_1_360' title='bbox 1356 3114 1508 3182; x_wconf 85' lang='lat' dir='ltr'><strong>justo</strong></span> <span class='ocrx_word' id='word_1_361' title='bbox 1528 3113 1757 3182; x_wconf 88' lang='lat' dir='ltr'><strong>judicio,</strong></span> <span class='ocrx_word' id='word_1_362' title='bbox 1788 3114 2011 3184; x_wconf 84' lang='lat' dir='ltr'><strong>vigilan-</strong></span> 
     </span>
    </p>
   </div>
   <div class='ocr_carea' id='block_1_53' title="bbox 437 3203 2007 3273">
    <p class='ocr_par' dir='ltr' id='par_1_53' title="bbox 437 3203 2007 3273">
     <span class='ocr_line' id='line_1_53' title="bbox 437 3203 2007 3273; baseline -0.003 -13"><span class='ocrx_word' id='word_1_363' title='bbox 437 3213 518 3260; x_wconf 84' lang='lat' dir='ltr'><strong>tes</strong></span> <span class='ocrx_word' id='word_1_364' title='bbox 547 3219 651 3258; x_wconf 90' lang='lat' dir='ltr'><strong>non</strong></span> <span class='ocrx_word' id='word_1_365' title='bbox 678 3205 744 3258; x_wconf 90' lang='lat' dir='ltr'><strong>ad</strong></span> <span class='ocrx_word' id='word_1_366' title='bbox 771 3205 1024 3258; x_wconf 89' lang='lat' dir='ltr'><strong>timorem</strong></span> <span class='ocrx_word' id='word_1_367' title='bbox 1064 3203 1176 3270; x_wconf 89' lang='lat' dir='ltr'><strong>Dei,</strong></span> <span class='ocrx_word' id='word_1_368' title='bbox 1205 3205 1297 3258; x_wconf 89' lang='lat' dir='ltr'><strong>sed</strong></span> <span class='ocrx_word' id='word_1_369' title='bbox 1335 3205 1401 3257; x_wconf 87' lang='lat' dir='ltr'><strong>ad</strong></span> <span class='ocrx_word' id='word_1_370' title='bbox 1431 3204 1719 3269; x_wconf 90' lang='lat' dir='ltr'><strong>malitiam,</strong></span> <span class='ocrx_word' id='word_1_371' title='bbox 1751 3220 1780 3257; x_wconf 92' lang='lat' dir='ltr'><strong>a</strong></span> <span class='ocrx_word' id='word_1_372' title='bbox 1805 3205 2007 3273; x_wconf 85' lang='lat' dir='ltr'><strong>quibus</strong></span> 
     </span>
    </p>
   </div>
   <div class='ocr_carea' id='block_1_54' title="bbox 435 3293 2005 3366">
    <p class='ocr_par' dir='ltr' id='par_1_54' title="bbox 435 3293 2005 3366">
     <span class='ocr_line' id='line_1_54' title="bbox 435 3293 2005 3366; baseline -0.001 -15"><span class='ocrx_word' id='word_1_373' title='bbox 435 3295 594 3366; x_wconf 85' lang='lat' dir='ltr'><strong>longe</strong></span> <span class='ocrx_word' id='word_1_374' title='bbox 622 3311 685 3349; x_wconf 82' lang='lat' dir='ltr'><strong>ac</strong></span> <span class='ocrx_word' id='word_1_375' title='bbox 716 3297 901 3365; x_wconf 85' lang='lat' dir='ltr'><strong>procul</strong></span> <span class='ocrx_word' id='word_1_376' title='bbox 929 3305 1054 3350; x_wconf 91' lang='lat' dir='ltr'><strong>sunt</strong></span> <span class='ocrx_word' id='word_1_377' title='bbox 1095 3293 1462 3349; x_wconf 88' lang='lat' dir='ltr'><strong>mansuetudo</strong></span> <span class='ocrx_word' id='word_1_378' title='bbox 1499 3304 1549 3349; x_wconf 90' lang='lat' dir='ltr'><strong>et</strong></span> <span class='ocrx_word' id='word_1_379' title='bbox 1589 3295 1874 3364; x_wconf 87' lang='lat' dir='ltr'><strong>patientia,</strong></span> <span class='ocrx_word' id='word_1_380' title='bbox 1908 3295 2005 3364; x_wconf 89' lang='lat' dir='ltr'><strong>qui</strong></span> 
     </span>
    </p>
   </div>
   <div class='ocr_carea' id='block_1_55' title="bbox 2203 2199 3714 2275">
    <p class='ocr_par' dir='ltr' id='par_1_55' title="bbox 2203 2199 3714 2275">
     <span class='ocr_line' id='line_1_55' title="bbox 2203 2199 3714 2275; baseline 0.012 -22"><span class='ocrx_word' id='word_1_381' title='bbox 2203 2199 2314 2273; x_wconf 83' lang='grc'>(81)</span> <span class='ocrx_word' id='word_1_382' title='bbox 2357 2203 2420 2254; x_wconf 79' lang='grc' dir='ltr'><strong><em>Ἠ</em></strong></span> <span class='ocrx_word' id='word_1_383' title='bbox 2451 2201 2507 2255; x_wconf 85' lang='grc' dir='ltr'>δὲ</span> <span class='ocrx_word' id='word_1_384' title='bbox 2531 2201 2626 2256; x_wconf 91' lang='grc' dir='ltr'><strong>τοῦ</strong></span> <span class='ocrx_word' id='word_1_385' title='bbox 2653 2203 2881 2274; x_wconf 86' lang='grc' dir='ltr'>μέλανος</span> <span class='ocrx_word' id='word_1_386' title='bbox 2905 2205 3026 2271; x_wconf 86' lang='grc' dir='ltr'>ὁδός</span> <span class='ocrx_word' id='word_1_387' title='bbox 3047 2209 3163 2262; x_wconf 79' lang='grc' dir='ltr'>ἐστι</span> <span class='ocrx_word' id='word_1_388' title='bbox 3192 2211 3401 2275; x_wconf 78' lang='grc' dir='ltr'>σκολιὰ,</span> <span class='ocrx_word' id='word_1_389' title='bbox 3428 2215 3523 2269; x_wconf 79' lang='grc' dir='ltr'>καὶ</span> <span class='ocrx_word' id='word_1_390' title='bbox 3554 2217 3714 2272; x_wconf 76' lang='grc' dir='ltr'>κατά-</span> 
     </span>
    </p>
   </div>
   <div class='ocr_carea' id='block_1_56' title="bbox 2123 2294 3710 2377">
    <p class='ocr_par' dir='ltr' id='par_1_56' title="bbox 2123 2294 3710 2377">
     <span class='ocr_line' id='line_1_56' title="bbox 2123 2294 3710 2377; baseline 0.011 -34"><span class='ocrx_word' id='word_1_391' title='bbox 2123 2309 2222 2362; x_wconf 89' lang='grc' dir='ltr'><strong>ρας</strong></span> <span class='ocrx_word' id='word_1_392' title='bbox 2254 2294 2442 2364; x_wconf 85' lang='grc' dir='ltr'>μεστή.</span> <span class='ocrx_word' id='word_1_393' title='bbox 2482 2294 2639 2346; x_wconf 86' lang='grc' dir='ltr'>Ἔστι</span> <span class='ocrx_word' id='word_1_394' title='bbox 2669 2294 2778 2366; x_wconf 85' lang='grc' dir='ltr'><strong>γὰρ</strong></span> <span class='ocrx_word' id='word_1_395' title='bbox 2801 2296 2921 2361; x_wconf 86' lang='grc' dir='ltr'>ὁδὸς</span> <span class='ocrx_word' id='word_1_396' title='bbox 2939 2298 3034 2352; x_wconf 92' lang='grc' dir='ltr'><strong>τοῦ</strong></span> <span class='ocrx_word' id='word_1_397' title='bbox 3061 2300 3292 2356; x_wconf 85' lang='grc' dir='ltr'>θανάτου</span> <span class='ocrx_word' id='word_1_398' title='bbox 3318 2305 3538 2358; x_wconf 78' lang='grc' dir='ltr'>αἰωνίου</span> <span class='ocrx_word' id='word_1_399' title='bbox 3570 2309 3710 2377; x_wconf 88' lang='grc' dir='ltr'><strong>μετά</strong></span> 
     </span>
    </p>
   </div>
   <div class='ocr_carea' id='block_1_57' title="bbox 2117 2380 3705 2466">
    <p class='ocr_par' dir='ltr' id='par_1_57' title="bbox 2117 2380 3705 2466">
     <span class='ocr_line' id='line_1_57' title="bbox 2117 2380 3705 2466; baseline 0.012 -32"><span class='ocrx_word' id='word_1_400' title='bbox 2117 2385 2392 2456; x_wconf 85' lang='grc' dir='ltr'>τιμωρίας</span> <span class='ocrx_word' id='word_1_401' title='bbox 2423 2385 2481 2437; x_wconf 82' lang='grc' dir='ltr'>ἐν</span> <span class='ocrx_word' id='word_1_402' title='bbox 2579 2385 2695 2439; x_wconf 82' lang='grc' dir='ltr'>ἐστι</span> <span class='ocrx_word' id='word_1_403' title='bbox 2718 2386 2787 2439; x_wconf 82' lang='grc' dir='ltr'><strong>τὰ</strong></span> <span class='ocrx_word' id='word_1_404' title='bbox 2816 2388 3120 2445; x_wconf 85' lang='grc' dir='ltr'>ἀπολοῦντα</span> <span class='ocrx_word' id='word_1_405' title='bbox 3146 2393 3245 2463; x_wconf 87' lang='grc' dir='ltr'>τὴν</span> <span class='ocrx_word' id='word_1_406' title='bbox 3278 2394 3456 2466; x_wconf 80' lang='grc' dir='ltr'>ψυχὴν</span> <span class='ocrx_word' id='word_1_407' title='bbox 3491 2398 3671 2452; x_wconf 81' lang='grc' dir='ltr'>αὐτῶν</span> <span class='ocrx_word' id='word_1_408' title='bbox 3690 2417 3705 2430; x_wconf 89' lang='grc'>·</span> 
     </span>
    </p>
   </div>
   <div class='ocr_carea' id='block_1_58' title="bbox 2115 2475 3706 2561">
    <p class='ocr_par' dir='ltr' id='par_1_58' title="bbox 2115 2475 3706 2561">
     <span class='ocr_line' id='line_1_58' title="bbox 2115 2475 3706 2561; baseline 0.011 -35"><span class='ocrx_word' id='word_1_409' title='bbox 2115 2475 2549 2547; x_wconf 85' lang='grc' dir='ltr'>είδωλολατρεία,</span> <span class='ocrx_word' id='word_1_410' title='bbox 2583 2477 2877 2551; x_wconf 79' lang='grc' dir='ltr'>θρασύτης,</span> <span class='ocrx_word' id='word_1_411' title='bbox 2911 2480 3046 2550; x_wconf 80' lang='grc' dir='ltr'>ὖψος</span> <span class='ocrx_word' id='word_1_412' title='bbox 3072 2483 3372 2556; x_wconf 85' lang='grc' dir='ltr'>δυνάμεως,</span> <span class='ocrx_word' id='word_1_413' title='bbox 3401 2488 3706 2561; x_wconf 84' lang='grc' dir='ltr'>ὑπόκρισις,</span> 
     </span>
    </p>
   </div>
   <div class='ocr_carea' id='block_1_59' title="bbox 2117 2565 3705 2650">
    <p class='ocr_par' dir='ltr' id='par_1_59' title="bbox 2117 2565 3705 2650">
     <span class='ocr_line' id='line_1_59' title="bbox 2117 2565 3705 2650; baseline 0.01 -31"><span class='ocrx_word' id='word_1_414' title='bbox 2117 2565 2495 2637; x_wconf 76' lang='grc' dir='ltr'>διπλοκαρδία,</span> <span class='ocrx_word' id='word_1_415' title='bbox 2550 2569 2786 2638; x_wconf 83' lang='grc' dir='ltr'>μοιχεία,</span> <span class='ocrx_word' id='word_1_416' title='bbox 2824 2571 3004 2639; x_wconf 80' lang='grc' dir='ltr'>φόνος,</span> <span class='ocrx_word' id='word_1_417' title='bbox 3036 2575 3281 2647; x_wconf 81' lang='grc' dir='ltr'>ἁρπαγὴ,</span> <span class='ocrx_word' id='word_1_418' title='bbox 3326 2579 3705 2650; x_wconf 79' lang='grc' dir='ltr'>ὑπερηφανία,</span> 
     </span>
    </p>
   </div>
   <div class='ocr_carea' id='block_1_60' title="bbox 2116 2655 3708 2746">
    <p class='ocr_par' dir='ltr' id='par_1_60' title="bbox 2116 2655 3708 2746">
     <span class='ocr_line' id='line_1_60' title="bbox 2116 2655 3708 2746; baseline 0.014 -41"><span class='ocrx_word' id='word_1_419' title='bbox 2116 2655 2448 2726; x_wconf 77' lang='grc' dir='ltr'>παράϐασις,</span> <span class='ocrx_word' id='word_1_420' title='bbox 2481 2657 2652 2746; x_wconf 84' lang='grc' dir='ltr'>δόλος,</span> <span class='ocrx_word' id='word_1_421' title='bbox 2689 2662 2875 2726; x_wconf 87' lang='grc' dir='ltr'>κακία,</span> <span class='ocrx_word' id='word_1_422' title='bbox 2908 2663 3188 2730; x_wconf 83' lang='grc' dir='ltr'>αὐθάδεια,</span> <span class='ocrx_word' id='word_1_423' title='bbox 3225 2673 3564 2740; x_wconf 80' lang='grc' dir='ltr'>φαρμακεία,</span> <span class='ocrx_word' id='word_1_424' title='bbox 3601 2692 3708 2745; x_wconf 89' lang='grc' dir='ltr'><strong>μα-</strong></span> 
     </span>
    </p>
   </div>
   <div class='ocr_carea' id='block_1_61' title="bbox 2113 2746 3705 2836">
    <p class='ocr_par' dir='ltr' id='par_1_61' title="bbox 2113 2746 3705 2836">
     <span class='ocr_line' id='line_1_61' title="bbox 2113 2746 3705 2836; baseline 0.016 -41"><span class='ocrx_word' id='word_1_425' title='bbox 2113 2746 2257 2836; x_wconf 75' lang='grc' dir='ltr'>γεία,</span> <span class='ocrx_word' id='word_1_426' title='bbox 2289 2746 2586 2813; x_wconf 82' lang='grc' dir='ltr'>πλεονεξία,</span> <span class='ocrx_word' id='word_1_427' title='bbox 2611 2751 2809 2819; x_wconf 74' lang='grc' dir='ltr'>ἀφοϐία</span> <span class='ocrx_word' id='word_1_428' title='bbox 2842 2754 2997 2810; x_wconf 89' lang='grc' dir='ltr'>Θεοῦ.</span> <span class='ocrx_word' id='word_1_429' title='bbox 3028 2756 3136 2827; x_wconf 71' lang='lat'><strong>(82)</strong></span> <span class='ocrx_word' id='word_1_430' title='bbox 3158 2759 3396 2814; x_wconf 71' lang='grc' dir='ltr'><strong>Διῶκτας⁹</strong></span> <span class='ocrx_word' id='word_1_431' title='bbox 3423 2764 3531 2819; x_wconf 85' lang='grc' dir='ltr'>τῶν</span> <span class='ocrx_word' id='word_1_432' title='bbox 3567 2768 3705 2836; x_wconf 83' lang='grc' dir='ltr'>ἀγα-</span> 
     </span>
    </p>
   </div>
   <div class='ocr_carea' id='block_1_62' title="bbox 2113 2833 3702 2928">
    <p class='ocr_par' dir='ltr' id='par_1_62' title="bbox 2113 2833 3702 2928">
     <span class='ocr_line' id='line_1_62' title="bbox 2113 2833 3702 2928; baseline 0.007 -40"><span class='ocrx_word' id='word_1_433' title='bbox 2113 2833 2242 2928; x_wconf 77' lang='grc' dir='ltr'><strong>θῷν,</strong></span> <span class='ocrx_word' id='word_1_434' title='bbox 2280 2836 2563 2928; x_wconf 78' lang='grc' dir='ltr'>μισοῦντες</span> <span class='ocrx_word' id='word_1_435' title='bbox 2608 2839 2892 2911; x_wconf 80' lang='grc' dir='ltr'>ἀλήθειαν,</span> <span class='ocrx_word' id='word_1_436' title='bbox 2939 2844 3261 2912; x_wconf 84' lang='grc' dir='ltr'>ἀγαπῶντες</span> <span class='ocrx_word' id='word_1_437' title='bbox 3297 2848 3407 2921; x_wconf 83' lang='grc'>(85)</span> <span class='ocrx_word' id='word_1_438' title='bbox 3441 2833 3702 2928; x_wconf 46' lang='lat' dir='ltr'><strong>Hasse“,</strong></span> 
     </span>
    </p>
   </div>
   <div class='ocr_carea' id='block_1_63' title="bbox 2110 2926 3702 3018">
    <p class='ocr_par' dir='ltr' id='par_1_63' title="bbox 2110 2926 3702 3018">
     <span class='ocr_line' id='line_1_63' title="bbox 2110 2926 3702 3018; baseline 0.016 -41"><span class='ocrx_word' id='word_1_439' title='bbox 2110 2927 2171 3018; x_wconf 86' lang='grc' dir='ltr'>οὐ</span> <span class='ocrx_word' id='word_1_440' title='bbox 2203 2926 2563 3018; x_wconf 76' lang='grc' dir='ltr'>γινώσκοντες</span> <span class='ocrx_word' id='word_1_441' title='bbox 2611 2933 2800 3001; x_wconf 80' lang='grc' dir='ltr'>μισθὸν</span> <span class='ocrx_word' id='word_1_442' title='bbox 2845 2935 3209 3011; x_wconf 84' lang='grc' dir='ltr'>δικαιοσύνης,</span> <span class='ocrx_word' id='word_1_443' title='bbox 3257 2943 3318 2995; x_wconf 84' lang='grc' dir='ltr'><strong>ού</strong></span> <span class='ocrx_word' id='word_1_444' title='bbox 3372 2926 3702 3018; x_wconf 78' lang='grc' dir='ltr'>κολλώμενοι</span> 
     </span>
    </p>
   </div>
   <div class='ocr_carea' id='block_1_64' title="bbox 2109 3016 3704 3107">
    <p class='ocr_par' dir='ltr' id='par_1_64' title="bbox 2109 3016 3704 3107">
     <span class='ocr_line' id='line_1_64' title="bbox 2109 3016 3704 3107; baseline 0.014 -39"><span class='ocrx_word' id='word_1_445' title='bbox 2109 3016 2315 3087; x_wconf 83' lang='grc' dir='ltr'>ἀγαθῷ,</span> <span class='ocrx_word' id='word_1_446' title='bbox 2344 3019 2404 3070; x_wconf 88' lang='grc' dir='ltr'><strong>ού</strong></span> <span class='ocrx_word' id='word_1_447' title='bbox 2440 3019 2618 3090; x_wconf 88' lang='grc' dir='ltr'>κρίσει</span> <span class='ocrx_word' id='word_1_448' title='bbox 2649 3019 2833 3093; x_wconf 65' lang='grc' dir='ltr'>δικαίᾳ</span> <span class='ocrx_word' id='word_1_449' title='bbox 2856 3025 3000 3098; x_wconf 79' lang='grc' dir='ltr'>χήρᾳ</span> <span class='ocrx_word' id='word_1_450' title='bbox 3033 3029 3124 3080; x_wconf 79' lang='grc' dir='ltr'><strong>καὶ</strong></span> <span class='ocrx_word' id='word_1_451' title='bbox 3153 3028 3372 3103; x_wconf 75' lang='grc' dir='ltr'>ὀρφανῷ</span> <span class='ocrx_word' id='word_1_452' title='bbox 3400 3016 3704 3107; x_wconf 79' lang='grc' dir='ltr'>προσέχον-</span> 
     </span>
    </p>
   </div>
   <div class='ocr_carea' id='block_1_65' title="bbox 2107 3108 3702 3187">
    <p class='ocr_par' dir='ltr' id='par_1_65' title="bbox 2107 3108 3702 3187">
     <span class='ocr_line' id='line_1_65' title="bbox 2107 3108 3702 3187; baseline 0.016 -28"><span class='ocrx_word' id='word_1_453' title='bbox 2107 3124 2217 3172; x_wconf 87' lang='grc' dir='ltr'>τες,</span> <span class='ocrx_word' id='word_1_454' title='bbox 2264 3108 2667 3179; x_wconf 80' lang='grc' dir='ltr'>ἀγρυπνοῦντες</span> <span class='ocrx_word' id='word_1_455' title='bbox 2711 3112 2811 3165; x_wconf 87' lang='grc' dir='ltr'><strong>ούκ</strong></span> <span class='ocrx_word' id='word_1_456' title='bbox 2855 3115 2935 3178; x_wconf 81' lang='grc' dir='ltr'><strong>είς</strong></span> <span class='ocrx_word' id='word_1_457' title='bbox 2969 3116 3130 3185; x_wconf 77' lang='grc' dir='ltr'>φόϐον</span> <span class='ocrx_word' id='word_1_458' title='bbox 3160 3120 3317 3187; x_wconf 83' lang='grc' dir='ltr'>Θεοῦ,</span> <span class='ocrx_word' id='word_1_459' title='bbox 3357 3124 3471 3178; x_wconf 81' lang='grc' dir='ltr'>ἀλλ’</span> <span class='ocrx_word' id='word_1_460' title='bbox 3515 3129 3608 3182; x_wconf 77' lang='grc' dir='ltr'><strong>ἐπὶ</strong></span> <span class='ocrx_word' id='word_1_461' title='bbox 3638 3132 3702 3184; x_wconf 87' lang='grc' dir='ltr'>τὸ</span> 
     </span>
    </p>
   </div>
   <div class='ocr_carea' id='block_1_66' title="bbox 2107 3193 3702 3287">
    <p class='ocr_par' dir='ltr' id='par_1_66' title="bbox 2107 3193 3702 3287">
     <span class='ocr_line' id='line_1_66' title="bbox 2107 3193 3702 3287; baseline 0.012 -36"><span class='ocrx_word' id='word_1_462' title='bbox 2107 3199 2364 3272; x_wconf 82' lang='grc' dir='ltr'>πονηρὸν,</span> <span class='ocrx_word' id='word_1_463' title='bbox 2397 3193 2472 3254; x_wconf 84' lang='grc' dir='ltr'><strong>ὧν</strong></span> <span class='ocrx_word' id='word_1_464' title='bbox 2507 3202 2726 3273; x_wconf 87' lang='grc' dir='ltr'>μακρὰν</span> <span class='ocrx_word' id='word_1_465' title='bbox 2767 3205 2858 3257; x_wconf 82' lang='grc' dir='ltr'><strong>καὶ</strong></span> <span class='ocrx_word' id='word_1_466' title='bbox 2911 3207 3101 3280; x_wconf 76' lang='grc' dir='ltr'>πόρρω</span> <span class='ocrx_word' id='word_1_467' title='bbox 3141 3213 3390 3287; x_wconf 80' lang='grc' dir='ltr'>πραΰτης</span> <span class='ocrx_word' id='word_1_468' title='bbox 3438 3219 3533 3272; x_wconf 73' lang='grc' dir='ltr'>καὶ</span> <span class='ocrx_word' id='word_1_469' title='bbox 3567 3221 3702 3274; x_wconf 84' lang='grc' dir='ltr'>ὐπο-</span> 
     </span>
    </p>
   </div>
   <div class='ocr_carea' id='block_1_67' title="bbox 2109 3292 3697 3383">
    <p class='ocr_par' dir='ltr' id='par_1_67' title="bbox 2109 3292 3697 3383">
     <span class='ocr_line' id='line_1_67' title="bbox 2109 3292 3697 3383; baseline 0.016 -40"><span class='ocrx_word' id='word_1_470' title='bbox 2109 3292 2264 3363; x_wconf 80' lang='grc' dir='ltr'>μονὴ,</span> <span class='ocrx_word' id='word_1_471' title='bbox 2293 3293 2615 3361; x_wconf 78' lang='grc' dir='ltr'>ἀγαπῶντες</span> <span class='ocrx_word' id='word_1_472' title='bbox 2644 3297 2870 3366; x_wconf 81' lang='grc' dir='ltr'>μάταια,</span> <span class='ocrx_word' id='word_1_473' title='bbox 2891 3297 3180 3368; x_wconf 86' lang='grc' dir='ltr'>διώκοντες</span> <span class='ocrx_word' id='word_1_474' title='bbox 3203 3307 3572 3383; x_wconf 89' lang='grc' dir='ltr'>ἀνταπόδομα,</span> <span class='ocrx_word' id='word_1_475' title='bbox 3594 3315 3697 3368; x_wconf 91' lang='grc' dir='ltr'><strong>ούκ</strong></span> 
     </span>
    </p>
   </div>
   <div class='ocr_carea' id='block_1_68' title="bbox 434 3382 2021 3470">
    <p class='ocr_par' dir='ltr' id='par_1_68' title="bbox 434 3388 2001 3458">
     <span class='ocr_line' id='line_1_68' title="bbox 434 3388 2001 3458; baseline -0.001 -15"><span class='ocrx_word' id='word_1_476' title='bbox 434 3389 660 3458; x_wconf 80' lang='lat' dir='ltr'><strong>diligunt</strong></span> <span class='ocrx_word' id='word_1_477' title='bbox 707 3404 865 3451; x_wconf 81' lang='lat' dir='ltr'><strong>vana,</strong></span> <span class='ocrx_word' id='word_1_478' title='bbox 911 3397 1299 3443; x_wconf 89' lang='lat' dir='ltr'><strong>consectantur</strong></span> <span class='ocrx_word' id='word_1_479' title='bbox 1331 3388 1850 3454; x_wconf 85' lang='lat' dir='ltr'><strong>remunerationem,</strong></span> <span class='ocrx_word' id='word_1_480' title='bbox 1895 3402 2001 3442; x_wconf 93' lang='lat' dir='ltr'><strong>non</strong></span> 
     </span>
    </p>
   </div>
   <div class='ocr_carea' id='block_1_69' title="bbox 2123 3382 3696 3470">
    <p class='ocr_par' dir='ltr' id='par_1_69' title="bbox 2123 3382 3696 3470">
     <span class='ocr_line' id='line_1_69' title="bbox 2123 3382 3696 3470; baseline 0.017 -36"><span class='ocrx_word' id='word_1_481' title='bbox 2123 3382 2392 3448; x_wconf 64' lang='grc' dir='ltr'>ἐλεοῦντες</span> <span class='ocrx_word' id='word_1_482' title='bbox 2415 3390 2651 3456; x_wconf 74' lang='grc' dir='ltr'>πτωχὸν,</span> <span class='ocrx_word' id='word_1_483' title='bbox 2683 3388 2746 3440; x_wconf 85' lang='grc' dir='ltr'>οὐ</span> <span class='ocrx_word' id='word_1_484' title='bbox 2796 3389 3084 3458; x_wconf 87' lang='grc' dir='ltr'>πονοῦντες</span> <span class='ocrx_word' id='word_1_485' title='bbox 3117 3397 3210 3449; x_wconf 74' lang='grc' dir='ltr'><strong>ἐπὶ</strong></span> <span class='ocrx_word' id='word_1_486' title='bbox 3242 3399 3320 3470; x_wconf 82' lang='grc' dir='ltr'>τῷ</span> <span class='ocrx_word' id='word_1_487' title='bbox 3353 3382 3696 3459; x_wconf 87' lang='grc' dir='ltr'>καταπονου-</span> 
     </span>
    </p>
   </div>
   <div class='ocr_carea' id='block_1_70' title="bbox 432 3463 2021 3558">
    <p class='ocr_par' dir='ltr' id='par_1_70' title="bbox 432 3477 2014 3548">
     <span class='ocr_line' id='line_1_70' title="bbox 432 3477 2014 3548; baseline 0 -14"><span class='ocrx_word' id='word_1_488' title='bbox 432 3479 763 3534; x_wconf 86' lang='lat' dir='ltr'><strong>miserentur</strong></span> <span class='ocrx_word' id='word_1_489' title='bbox 805 3478 1008 3548; x_wconf 82' lang='lat' dir='ltr'><strong>inepis,</strong></span> <span class='ocrx_word' id='word_1_490' title='bbox 1053 3493 1158 3532; x_wconf 92' lang='lat' dir='ltr'><strong>non</strong></span> <span class='ocrx_word' id='word_1_491' title='bbox 1201 3477 1450 3533; x_wconf 90' lang='lat' dir='ltr'><strong>laborant</strong></span> <span class='ocrx_word' id='word_1_492' title='bbox 1481 3479 1533 3531; x_wconf 89' lang='lat' dir='ltr'><strong>in</strong></span> <span class='ocrx_word' id='word_1_493' title='bbox 1578 3478 1806 3548; x_wconf 80' lang='lat' dir='ltr'><strong>gratiam</strong></span> <span class='ocrx_word' id='word_1_494' title='bbox 1871 3477 2014 3534; x_wconf 90' lang='lat' dir='ltr'><strong>illius</strong></span> 
     </span>
    </p>
   </div>
   <div class='ocr_carea' id='block_1_71' title="bbox 2123 3463 3696 3558">
    <p class='ocr_par' dir='ltr' id='par_1_71' title="bbox 2123 3463 3696 3558">
     <span class='ocr_line' id='line_1_71' title="bbox 2123 3463 3696 3558; baseline 0.017 -32"><span class='ocrx_word' id='word_1_495' title='bbox 2123 3474 2283 3545; x_wconf 82' lang='grc' dir='ltr'>μένῳ,</span> <span class='ocrx_word' id='word_1_496' title='bbox 2319 3476 2562 3548; x_wconf 82' lang='grc' dir='ltr'>εὐχερεῖς</span> <span class='ocrx_word' id='word_1_497' title='bbox 2611 3480 2670 3532; x_wconf 82' lang='grc' dir='ltr'><strong>έν</strong></span> <span class='ocrx_word' id='word_1_498' title='bbox 2726 3483 3046 3557; x_wconf 82' lang='grc' dir='ltr'>καταλαλίᾳ,</span> <span class='ocrx_word' id='word_1_499' title='bbox 3097 3487 3158 3540; x_wconf 86' lang='grc' dir='ltr'>οὐ</span> <span class='ocrx_word' id='word_1_500' title='bbox 3210 3463 3571 3558; x_wconf 73' lang='grc' dir='ltr'>γινώσκοντες</span> <span class='ocrx_word' id='word_1_501' title='bbox 3603 3498 3696 3553; x_wconf 82' lang='grc' dir='ltr'>τὸν</span> 
     </span>
    </p>
   </div>
   <div class='ocr_carea' id='block_1_72' title="bbox 432 3569 2002 3638">
    <p class='ocr_par' dir='ltr' id='par_1_72' title="bbox 432 3569 2002 3638">
     <span class='ocr_line' id='line_1_72' title="bbox 432 3569 2002 3638; baseline 0.002 -16"><span class='ocrx_word' id='word_1_502' title='bbox 432 3571 524 3638; x_wconf 91' lang='lat' dir='ltr'><strong>qui</strong></span> <span class='ocrx_word' id='word_1_503' title='bbox 552 3571 737 3624; x_wconf 86' lang='lat' dir='ltr'><strong>labore</strong></span> <span class='ocrx_word' id='word_1_504' title='bbox 779 3586 844 3625; x_wconf 88' lang='lat' dir='ltr'><strong>ac</strong></span> <span class='ocrx_word' id='word_1_505' title='bbox 870 3569 1131 3625; x_wconf 73' lang='lat' dir='ltr'><strong>aerumnis</strong></span> <span class='ocrx_word' id='word_1_506' title='bbox 1161 3569 1446 3624; x_wconf 83' lang='lat' dir='ltr'><strong>confectus</strong></span> <span class='ocrx_word' id='word_1_507' title='bbox 1488 3577 1593 3635; x_wconf 92' lang='lat' dir='ltr'><strong>est,</strong></span> <span class='ocrx_word' id='word_1_508' title='bbox 1629 3569 1698 3622; x_wconf 88' lang='lat' dir='ltr'><strong>ad</strong></span> <span class='ocrx_word' id='word_1_509' title='bbox 1728 3570 2002 3625; x_wconf 87' lang='lat' dir='ltr'><strong>obtrecta-</strong></span> 
     </span>
    </p>
   </div>
   <div class='ocr_carea' id='block_1_73' title="bbox 433 3658 2005 3729">
    <p class='ocr_par' dir='ltr' id='par_1_73' title="bbox 433 3658 2005 3729">
     <span class='ocr_line' id='line_1_73' title="bbox 433 3658 2005 3729; baseline 0 -16"><span class='ocrx_word' id='word_1_510' title='bbox 433 3660 638 3715; x_wconf 86' lang='lat' dir='ltr'><strong>tionem</strong></span> <span class='ocrx_word' id='word_1_511' title='bbox 666 3661 920 3728; x_wconf 87' lang='lat' dir='ltr'><strong>prompti,</strong></span> <span class='ocrx_word' id='word_1_512' title='bbox 940 3676 1044 3714; x_wconf 90' lang='lat' dir='ltr'><strong>non</strong></span> <span class='ocrx_word' id='word_1_513' title='bbox 1064 3668 1460 3729; x_wconf 85' lang='lat' dir='ltr'><strong>cognoscentes</strong></span> <span class='ocrx_word' id='word_1_514' title='bbox 1481 3658 1794 3713; x_wconf 89' lang='lat' dir='ltr'><strong>Creatorem</strong></span> <span class='ocrx_word' id='word_1_515' title='bbox 1820 3673 2005 3724; x_wconf 87' lang='lat' dir='ltr'><strong>suum,</strong></span> 
     </span>
    </p>
   </div>
   <div class='ocr_carea' id='block_1_74' title="bbox 428 3749 2007 3822">
    <p class='ocr_par' dir='ltr' id='par_1_74' title="bbox 428 3749 2007 3822">
     <span class='ocr_line' id='line_1_74' title="bbox 428 3749 2007 3822; baseline -0.001 -16"><span class='ocrx_word' id='word_1_516' title='bbox 428 3750 728 3806; x_wconf 80' lang='lat' dir='ltr'><strong>liberorum</strong></span> <span class='ocrx_word' id='word_1_517' title='bbox 772 3751 1184 3820; x_wconf 89' lang='lat' dir='ltr'><strong>interemptores</strong></span> <span class='ocrx_word' id='word_1_518' title='bbox 1227 3750 1308 3822; x_wconf 92' lang='lat' dir='ltr'><strong>[in</strong></span> <span class='ocrx_word' id='word_1_519' title='bbox 1363 3749 1712 3822; x_wconf 88' lang='lat' dir='ltr'><strong>abortione],</strong></span> <span class='ocrx_word' id='word_1_520' title='bbox 1757 3766 2007 3805; x_wconf 89' lang='lat' dir='ltr'><strong>corrum-</strong></span> 
     </span>
    </p>
   </div>
   <div class='ocr_carea' id='block_1_75' title="bbox 429 3842 2004 3915">
    <p class='ocr_par' dir='ltr' id='par_1_75' title="bbox 429 3842 2004 3915">
     <span class='ocr_line' id='line_1_75' title="bbox 429 3842 2004 3915; baseline -0.002 -17"><span class='ocrx_word' id='word_1_521' title='bbox 429 3857 621 3915; x_wconf 84' lang='lat' dir='ltr'><strong>pentes</strong></span> <span class='ocrx_word' id='word_1_522' title='bbox 652 3843 758 3897; x_wconf 86' lang='lat' dir='ltr'><strong>‘Dei</strong></span> <span class='ocrx_word' id='word_1_523' title='bbox 792 3853 1124 3910; x_wconf 88' lang='lat' dir='ltr'><strong>creaturam,</strong></span> <span class='ocrx_word' id='word_1_524' title='bbox 1160 3853 1476 3898; x_wconf 84' lang='lat' dir='ltr'><strong>aversantes</strong></span> <span class='ocrx_word' id='word_1_525' title='bbox 1523 3858 1779 3913; x_wconf 80' lang='lat' dir='ltr'><strong>egenum,</strong></span> <span class='ocrx_word' id='word_1_526' title='bbox 1816 3842 2004 3913; x_wconf 80' lang='lat' dir='ltr'><strong>Oppri—</strong></span> 
     </span>
    </p>
   </div>
   <div class='ocr_carea' id='block_1_76' title="bbox 2108 3568 3695 3660">
    <p class='ocr_par' dir='ltr' id='par_1_76' title="bbox 2108 3568 3695 3660">
     <span class='ocr_line' id='line_1_76' title="bbox 2108 3568 3695 3660; baseline 0.017 -43"><span class='ocrx_word' id='word_1_527' title='bbox 2108 3568 2410 3660; x_wconf 77' lang='grc' dir='ltr'>ποιησαντα</span> <span class='ocrx_word' id='word_1_528' title='bbox 2437 3571 2652 3636; x_wconf 85' lang='grc' dir='ltr'>αὐτοὺς,</span> <span class='ocrx_word' id='word_1_529' title='bbox 2678 3578 2858 3642; x_wconf 86' lang='grc' dir='ltr'>φονεῖς</span> <span class='ocrx_word' id='word_1_530' title='bbox 2886 3577 3112 3644; x_wconf 84' lang='grc' dir='ltr'>τέκνων,</span> <span class='ocrx_word' id='word_1_531' title='bbox 3137 3580 3358 3655; x_wconf 84' lang='grc' dir='ltr'>φθορεῖς</span> <span class='ocrx_word' id='word_1_532' title='bbox 3381 3587 3695 3660; x_wconf 84' lang='grc' dir='ltr'>πλάσματος</span> 
     </span>
    </p>
   </div>
   <div class='ocr_carea' id='block_1_77' title="bbox 2111 3657 3691 3743">
    <p class='ocr_par' dir='ltr' id='par_1_77' title="bbox 2111 3657 3691 3743">
     <span class='ocr_line' id='line_1_77' title="bbox 2111 3657 3691 3743; baseline 0.016 -34"><span class='ocrx_word' id='word_1_533' title='bbox 2111 3657 2268 3724; x_wconf 87' lang='grc' dir='ltr'>Θεοῦ,</span> <span class='ocrx_word' id='word_1_534' title='bbox 2304 3661 2771 3734; x_wconf 83' lang='grc' dir='ltr'>ἀποστρεφόμενοι</span> <span class='ocrx_word' id='word_1_535' title='bbox 2801 3667 2892 3722; x_wconf 85' lang='grc' dir='ltr'>τὸν</span> <span class='ocrx_word' id='word_1_536' title='bbox 2924 3671 3266 3743; x_wconf 79' lang='grc' dir='ltr'>ἐνδεόμενον,</span> <span class='ocrx_word' id='word_1_537' title='bbox 3323 3657 3691 3734; x_wconf 78' lang='grc' dir='ltr'>καταπονοῦν-</span> 
     </span>
    </p>
   </div>
   <div class='ocr_carea' id='block_1_78' title="bbox 2109 3750 3694 3845">
    <p class='ocr_par' dir='ltr' id='par_1_78' title="bbox 2109 3750 3694 3845">
     <span class='ocr_line' id='line_1_78' title="bbox 2109 3750 3694 3845; baseline 0.017 -44"><span class='ocrx_word' id='word_1_538' title='bbox 2109 3766 2204 3845; x_wconf 74' lang='grc' dir='ltr'><strong>τες</strong></span> <span class='ocrx_word' id='word_1_539' title='bbox 2231 3750 2322 3806; x_wconf 84' lang='grc' dir='ltr'>τὸν</span> <span class='ocrx_word' id='word_1_540' title='bbox 2360 3751 2694 3845; x_wconf 81' lang='grc' dir='ltr'>θλιὸόμενον,</span> <span class='ocrx_word' id='word_1_541' title='bbox 2731 3757 3000 3816; x_wconf 89' lang='grc' dir='ltr'>πλουσίων</span> <span class='ocrx_word' id='word_1_542' title='bbox 3031 3766 3390 3838; x_wconf 86' lang='grc' dir='ltr'>παράκλητοι,</span> <span class='ocrx_word' id='word_1_543' title='bbox 3445 3774 3694 3845; x_wconf 76' lang='grc' dir='ltr'>πενήτων</span> 
     </span>
    </p>
   </div>
   <div class='ocr_carea' id='block_1_79' title="bbox 2110 3838 3046 3922">
    <p class='ocr_par' dir='ltr' id='par_1_79' title="bbox 2110 3838 3046 3922">
     <span class='ocr_line' id='line_1_79' title="bbox 2110 3838 3046 3922; baseline 0.013 -29"><span class='ocrx_word' id='word_1_544' title='bbox 2110 3838 2306 3910; x_wconf 77' lang='grc' dir='ltr'>ἄνομοι</span> <span class='ocrx_word' id='word_1_545' title='bbox 2339 3842 2545 3912; x_wconf 78' lang='grc' dir='ltr'>κριταὶ,</span> <span class='ocrx_word' id='word_1_546' title='bbox 2576 3847 3046 3922; x_wconf 84' lang='grc' dir='ltr'>πανταμάρτητοι.</span> 
     </span>
    </p>
   </div>
   <div class='ocr_carea' id='block_1_80' title="bbox 427 3931 2004 4004">
    <p class='ocr_par' dir='ltr' id='par_1_80' title="bbox 427 3931 2004 4004">
     <span class='ocr_line' id='line_1_80' title="bbox 427 3931 2004 4004; baseline -0.003 -14"><span class='ocrx_word' id='word_1_547' title='bbox 427 3947 639 3990; x_wconf 85' lang='lat' dir='ltr'><strong>mentes</strong></span> <span class='ocrx_word' id='word_1_548' title='bbox 667 3935 950 4001; x_wconf 78' lang='lat' dir='ltr'><strong>amictum,</strong></span> <span class='ocrx_word' id='word_1_549' title='bbox 981 3934 1207 3988; x_wconf 84' lang='lat' dir='ltr'><strong>divitum</strong></span> <span class='ocrx_word' id='word_1_550' title='bbox 1251 3934 1527 4001; x_wconf 87' lang='lat' dir='ltr'><strong>advocati,</strong></span> <span class='ocrx_word' id='word_1_551' title='bbox 1557 3949 1857 4004; x_wconf 86' lang='lat' dir='ltr'><strong>pauperum</strong></span> <span class='ocrx_word' id='word_1_552' title='bbox 1899 3931 2004 3986; x_wconf 89' lang='lat' dir='ltr'><strong>ini-</strong></span> 
     </span>
    </p>
   </div>
   <div class='ocr_carea' id='block_1_81' title="bbox 426 4026 1488 4100">
    <p class='ocr_par' dir='ltr' id='par_1_81' title="bbox 426 4026 1488 4100">
     <span class='ocr_line' id='line_1_81' title="bbox 426 4026 1488 4100; baseline -0.004 -16"><span class='ocrx_word' id='word_1_553' title='bbox 426 4030 520 4100; x_wconf 85' lang='lat' dir='ltr'><strong>qui</strong></span> <span class='ocrx_word' id='word_1_554' title='bbox 551 4029 788 4100; x_wconf 85' lang='lat' dir='ltr'><strong>judices;</strong></span> <span class='ocrx_word' id='word_1_555' title='bbox 822 4043 916 4097; x_wconf 89' lang='lat' dir='ltr'><strong>per</strong></span> <span class='ocrx_word' id='word_1_556' title='bbox 946 4026 1126 4082; x_wconf 85' lang='lat' dir='ltr'><strong>omnia</strong></span> <span class='ocrx_word' id='word_1_557' title='bbox 1157 4035 1488 4096; x_wconf 88' lang='lat' dir='ltr'><strong>peccatores.</strong></span> 
     </span>
    </p>
   </div>
   <div class='ocr_carea' id='block_1_82' title="bbox 1620 4138 2490 4200">
    <p class='ocr_par' dir='ltr' id='par_1_82' title="bbox 1620 4138 2490 4200">
     <span class='ocr_line' id='line_1_82' title="bbox 1620 4138 2490 4200; baseline 0.007 -6"><span class='ocrx_word' id='word_1_558' title='bbox 1620 4138 1762 4196; x_wconf 80' lang='lat' dir='ltr'><strong>XXI.</strong></span> <span class='ocrx_word' id='word_1_559' title='bbox 1787 4140 2069 4197; x_wconf 73' lang='lat' dir='ltr'><strong>Conclusio</strong></span> <span class='ocrx_word' id='word_1_560' title='bbox 2108 4142 2490 4200; x_wconf 78' lang='lat' dir='ltr'><strong>admonitoria.</strong></span> 
     </span>
    </p>
   </div>
   <div class='ocr_carea' id='block_1_83' title="bbox 497 4255 2021 4350">
    <p class='ocr_par' dir='ltr' id='par_1_83' title="bbox 497 4258 2006 4331">
     <span class='ocr_line' id='line_1_83' title="bbox 497 4258 2006 4331; baseline -0.004 -13"><span class='ocrx_word' id='word_1_561' title='bbox 497 4261 738 4330; x_wconf 67' lang='lat' dir='ltr'><strong>Equum</strong></span> <span class='ocrx_word' id='word_1_562' title='bbox 805 4259 967 4331; x_wconf 88' lang='lat' dir='ltr'><strong>igitur</strong></span> <span class='ocrx_word' id='word_1_563' title='bbox 1031 4268 1148 4323; x_wconf 88' lang='lat' dir='ltr'><strong>est,</strong></span> <span class='ocrx_word' id='word_1_564' title='bbox 1223 4267 1284 4314; x_wconf 92' lang='lat' dir='ltr'><strong>ut</strong></span> <span class='ocrx_word' id='word_1_565' title='bbox 1337 4261 1500 4314; x_wconf 89' lang='lat' dir='ltr'><strong>homo</strong></span> <span class='ocrx_word' id='word_1_566' title='bbox 1564 4258 1790 4313; x_wconf 90' lang='lat' dir='ltr'><strong>edoctus</strong></span> <span class='ocrx_word' id='word_1_567' title='bbox 1847 4274 2006 4312; x_wconf 89' lang='lat' dir='ltr'><strong>mau-</strong></span> 
     </span>
    </p>
   </div>
   <div class='ocr_carea' id='block_1_84' title="bbox 2123 4255 3683 4350">
    <p class='ocr_par' dir='ltr' id='par_1_84' title="bbox 2188 4255 3683 4350">
     <span class='ocr_line' id='line_1_84' title="bbox 2188 4255 3683 4350; baseline 0.015 -38"><span class='ocrx_word' id='word_1_568' title='bbox 2188 4258 2366 4314; x_wconf 82' lang='grc' dir='ltr'>Καλὸν</span> <span class='ocrx_word' id='word_1_569' title='bbox 2401 4255 2495 4316; x_wconf 81' lang='grc' dir='ltr'><strong>οῦν</strong></span> <span class='ocrx_word' id='word_1_570' title='bbox 2517 4262 2653 4327; x_wconf 79' lang='grc' dir='ltr'>ἐστι,</span> <span class='ocrx_word' id='word_1_571' title='bbox 2688 4265 2925 4335; x_wconf 87' lang='grc' dir='ltr'>μαθόντα</span> <span class='ocrx_word' id='word_1_572' title='bbox 2957 4267 3023 4323; x_wconf 79' lang='grc' dir='ltr'><strong>τὰ</strong></span> <span class='ocrx_word' id='word_1_573' title='bbox 3057 4269 3398 4345; x_wconf 83' lang='grc' dir='ltr'>δικαιώματα</span> <span class='ocrx_word' id='word_1_574' title='bbox 3440 4276 3683 4350; x_wconf 74' lang='grc' dir='ltr'>Κυρίου,</span> 
     </span>
    </p>
   </div>
   <div class='ocr_carea' id='block_1_85' title="bbox 421 4349 2021 4444">
    <p class='ocr_par' dir='ltr' id='par_1_85' title="bbox 421 4351 1994 4422">
     <span class='ocr_line' id='line_1_85' title="bbox 421 4351 1994 4422; baseline -0.004 -10"><span class='ocrx_word' id='word_1_575' title='bbox 421 4355 547 4413; x_wconf 81' lang='lat' dir='ltr'><strong>data</strong></span> <span class='ocrx_word' id='word_1_576' title='bbox 596 4353 832 4417; x_wconf 86' lang='lat' dir='ltr'><strong>Domini,</strong></span> <span class='ocrx_word' id='word_1_577' title='bbox 877 4361 1146 4422; x_wconf 85' lang='lat' dir='ltr'><strong>quotquot</strong></span> <span class='ocrx_word' id='word_1_578' title='bbox 1186 4352 1341 4422; x_wconf 89' lang='lat' dir='ltr'><strong>prius</strong></span> <span class='ocrx_word' id='word_1_579' title='bbox 1389 4351 1593 4421; x_wconf 86' lang='lat' dir='ltr'><strong>scripta</strong></span> <span class='ocrx_word' id='word_1_580' title='bbox 1633 4360 1782 4418; x_wconf 91' lang='lat' dir='ltr'><strong>sunt,</strong></span> <span class='ocrx_word' id='word_1_581' title='bbox 1823 4351 1879 4405; x_wconf 89' lang='lat' dir='ltr'><strong>in</strong></span> <span class='ocrx_word' id='word_1_582' title='bbox 1912 4351 1994 4405; x_wconf 86' lang='lat' dir='ltr'><strong>eis</strong></span> 
     </span>
    </p>
   </div>
   <div class='ocr_carea' id='block_1_86' title="bbox 2123 4349 3684 4444">
    <p class='ocr_par' dir='ltr' id='par_1_86' title="bbox 2123 4351 3684 4444">
     <span class='ocr_line' id='line_1_86' title="bbox 2123 4351 3684 4444; baseline 0.017 -44"><span class='ocrx_word' id='word_1_583' title='bbox 2123 4351 2212 4444; x_wconf 73' lang='grc' dir='ltr'>ἱσα</span> <span class='ocrx_word' id='word_1_584' title='bbox 2259 4351 2702 4444; x_wconf 63' lang='grc' dir='ltr'>προγέγραπται,</span> <span class='ocrx_word' id='word_1_585' title='bbox 2752 4358 2809 4410; x_wconf 80' lang='grc' dir='ltr'>ἐν</span> <span class='ocrx_word' id='word_1_586' title='bbox 2854 4358 3064 4426; x_wconf 86' lang='grc' dir='ltr'>τούτοις</span> <span class='ocrx_word' id='word_1_587' title='bbox 3091 4371 3433 4435; x_wconf 86' lang='grc' dir='ltr'>περιπατεῖν.</span> <span class='ocrx_word' id='word_1_588' title='bbox 3477 4371 3533 4423; x_wconf 82' lang='lat'><strong>&#39;0</strong></span> <span class='ocrx_word' id='word_1_589' title='bbox 3575 4371 3684 4444; x_wconf 84' lang='grc' dir='ltr'>γὰρ</span> 
     </span>
    </p>
   </div>
   <div class='ocr_carea' id='block_1_87' title="bbox 421 4437 2021 4532">
    <p class='ocr_par' dir='ltr' id='par_1_87' title="bbox 421 4441 1985 4515">
     <span class='ocr_line' id='line_1_87' title="bbox 421 4441 1985 4515; baseline -0.003 -13"><span class='ocrx_word' id='word_1_590' title='bbox 421 4447 681 4504; x_wconf 89' lang='lat' dir='ltr'><strong>ambulet.</strong></span> <span class='ocrx_word' id='word_1_591' title='bbox 710 4444 814 4512; x_wconf 88' lang='lat' dir='ltr'><strong>Qui</strong></span> <span class='ocrx_word' id='word_1_592' title='bbox 853 4445 999 4498; x_wconf 90' lang='lat' dir='ltr'><strong>enim</strong></span> <span class='ocrx_word' id='word_1_593' title='bbox 1029 4459 1092 4497; x_wconf 90' lang='lat' dir='ltr'><strong>ea</strong></span> <span class='ocrx_word' id='word_1_594' title='bbox 1118 4443 1353 4515; x_wconf 81' lang='lat' dir='ltr'><strong>perlicit,</strong></span> <span class='ocrx_word' id='word_1_595' title='bbox 1385 4443 1440 4496; x_wconf 92' lang='lat' dir='ltr'><strong>in</strong></span> <span class='ocrx_word' id='word_1_596' title='bbox 1482 4458 1651 4513; x_wconf 84' lang='lat' dir='ltr'><strong>regno</strong></span> <span class='ocrx_word' id='word_1_597' title='bbox 1675 4441 1770 4497; x_wconf 88' lang='lat' dir='ltr'><strong>Dei</strong></span> <span class='ocrx_word' id='word_1_598' title='bbox 1813 4443 1985 4513; x_wconf 88' lang='lat' dir='ltr'><strong>gloria</strong></span> 
     </span>
    </p>
   </div>
   <div class='ocr_carea' id='block_1_88' title="bbox 2123 4437 3685 4532">
    <p class='ocr_par' dir='ltr' id='par_1_88' title="bbox 2123 4437 3685 4532">
     <span class='ocr_line' id='line_1_88' title="bbox 2123 4437 3685 4532; baseline 0.015 -39"><span class='ocrx_word' id='word_1_599' title='bbox 2123 4441 2269 4496; x_wconf 83' lang='grc' dir='ltr'>αῦτα</span> <span class='ocrx_word' id='word_1_600' title='bbox 2291 4437 2533 4497; x_wconf 79' lang='grc' dir='ltr'>ποιῶνὲν</span> <span class='ocrx_word' id='word_1_601' title='bbox 2557 4447 2621 4516; x_wconf 85' lang='grc' dir='ltr'><strong>τῇ</strong></span> <span class='ocrx_word' id='word_1_602' title='bbox 2643 4445 2888 4520; x_wconf 77' lang='grc' dir='ltr'>βασιλείᾳ</span> <span class='ocrx_word' id='word_1_603' title='bbox 2912 4451 3006 4504; x_wconf 86' lang='grc' dir='ltr'><strong>τοῦ</strong></span> <span class='ocrx_word' id='word_1_604' title='bbox 3041 4451 3177 4507; x_wconf 87' lang='grc' dir='ltr'>Θεοῦ</span> <span class='ocrx_word' id='word_1_605' title='bbox 3213 4437 3632 4532; x_wconf 79' lang='grc' dir='ltr'>δοξασθήσεται·</span> 
     </span>
    </p>
   </div>
   <div class='ocr_carea' id='block_1_89' title="bbox 422 4534 2021 4618">
    <p class='ocr_par' dir='ltr' id='par_1_89' title="bbox 422 4534 1989 4607">
     <span class='ocr_line' id='line_1_89' title="bbox 422 4534 1989 4607; baseline -0.003 -13"><span class='ocrx_word' id='word_1_606' title='bbox 422 4539 817 4602; x_wconf 86' lang='lat' dir='ltr'><strong>cumulabitur;</strong></span> <span class='ocrx_word' id='word_1_607' title='bbox 844 4538 936 4607; x_wconf 89' lang='lat' dir='ltr'><strong>qui</strong></span> <span class='ocrx_word' id='word_1_608' title='bbox 968 4549 1098 4590; x_wconf 87' lang='lat' dir='ltr'><strong>vero</strong></span> <span class='ocrx_word' id='word_1_609' title='bbox 1123 4536 1230 4590; x_wconf 90' lang='lat' dir='ltr'><strong>alia</strong></span> <span class='ocrx_word' id='word_1_610' title='bbox 1249 4534 1497 4606; x_wconf 82' lang='lat' dir='ltr'><strong>elegerit,</strong></span> <span class='ocrx_word' id='word_1_611' title='bbox 1529 4534 1694 4588; x_wconf 89' lang='lat' dir='ltr'><strong>simul</strong></span> <span class='ocrx_word' id='word_1_612' title='bbox 1719 4549 1847 4589; x_wconf 91' lang='lat' dir='ltr'><strong>cum</strong></span> <span class='ocrx_word' id='word_1_613' title='bbox 1870 4535 1989 4590; x_wconf 89' lang='lat' dir='ltr'><strong>suis</strong></span> 
     </span>
    </p>
   </div>
   <div class='ocr_carea' id='block_1_90' title="bbox 2123 4534 3683 4618">
    <p class='ocr_par' dir='ltr' id='par_1_90' title="bbox 2124 4534 3683 4618">
     <span class='ocr_line' id='line_1_90' title="bbox 2124 4534 3683 4618; baseline 0.015 -34"><span class='ocrx_word' id='word_1_614' title='bbox 2124 4535 2278 4587; x_wconf 84' lang='grc' dir='ltr'>κεῖνα</span> <span class='ocrx_word' id='word_1_615' title='bbox 2302 4534 2412 4605; x_wconf 78' lang='grc'>(84)</span> <span class='ocrx_word' id='word_1_616' title='bbox 2434 4534 2807 4608; x_wconf 78' lang='grc' dir='ltr'>ἐκλεγόμενος,</span> <span class='ocrx_word' id='word_1_617' title='bbox 2835 4543 2972 4612; x_wconf 86' lang='grc' dir='ltr'><strong>μετά</strong></span> <span class='ocrx_word' id='word_1_618' title='bbox 3016 4547 3124 4599; x_wconf 85' lang='grc' dir='ltr'><strong>τῶν</strong></span> <span class='ocrx_word' id='word_1_619' title='bbox 3155 4551 3330 4618; x_wconf 72' lang='grc' dir='ltr'>ἔργων</span> <span class='ocrx_word' id='word_1_620' title='bbox 3362 4551 3528 4606; x_wconf 85' lang='grc' dir='ltr'>αὑτοῦ</span> <span class='ocrx_word' id='word_1_621' title='bbox 3560 4569 3683 4608; x_wconf 85' lang='grc' dir='ltr'>συν·</span> 
     </span>
    </p>
   </div>
   <div class='ocr_carea' id='block_1_91' title="bbox 417 4624 2021 4705">
    <p class='ocr_par' dir='ltr' id='par_1_91' title="bbox 417 4627 1993 4705">
     <span class='ocr_line' id='line_1_91' title="bbox 417 4627 1993 4705; baseline -0.007 -14"><span class='ocrx_word' id='word_1_622' title='bbox 417 4633 680 4705; x_wconf 86' lang='lat' dir='ltr'><strong>operibus</strong></span> <span class='ocrx_word' id='word_1_623' title='bbox 710 4630 925 4702; x_wconf 90' lang='lat' dir='ltr'><strong>peribit.</strong></span> <span class='ocrx_word' id='word_1_624' title='bbox 966 4627 1259 4698; x_wconf 81' lang='lat' dir='ltr'><strong>Propterea</strong></span> <span class='ocrx_word' id='word_1_625' title='bbox 1302 4627 1653 4693; x_wconf 89' lang='lat' dir='ltr'><strong>resurrectio,</strong></span> <span class='ocrx_word' id='word_1_626' title='bbox 1703 4635 1993 4698; x_wconf 87' lang='lat' dir='ltr'><strong>propterea</strong></span> 
     </span>
    </p>
   </div>
   <div class='ocr_carea' id='block_1_92' title="bbox 2123 4624 3680 4705">
    <p class='ocr_par' dir='ltr' id='par_1_92' title="bbox 2123 4624 3680 4701">
     <span class='ocr_line' id='line_1_92' title="bbox 2123 4624 3680 4701; baseline 0.015 -24"><span class='ocrx_word' id='word_1_627' title='bbox 2123 4624 2405 4680; x_wconf 86' lang='grc' dir='ltr'>ιπολεῖται.</span> <span class='ocrx_word' id='word_1_628' title='bbox 2430 4626 2528 4679; x_wconf 81' lang='grc' dir='ltr'>Διὰ</span> <span class='ocrx_word' id='word_1_629' title='bbox 2554 4628 2714 4683; x_wconf 88' lang='grc' dir='ltr'>τοῦτο</span> <span class='ocrx_word' id='word_1_630' title='bbox 2742 4632 3059 4701; x_wconf 85' lang='grc' dir='ltr'>ἀνάστασις,</span> <span class='ocrx_word' id='word_1_631' title='bbox 3087 4637 3175 4691; x_wconf 84' lang='grc' dir='ltr'><strong>διὰ</strong></span> <span class='ocrx_word' id='word_1_632' title='bbox 3195 4639 3354 4694; x_wconf 89' lang='grc' dir='ltr'>τοῦτο</span> <span class='ocrx_word' id='word_1_633' title='bbox 3386 4644 3680 4699; x_wconf 86' lang='grc' dir='ltr'>ἀνταπόδο-</span> 
     </span>
    </p>
   </div>
   <div class='ocr_carea' id='block_1_93' title="bbox 419 4697 2021 4807">
    <p class='ocr_par' dir='ltr' id='par_1_93' title="bbox 419 4697 1993 4794">
     <span class='ocr_line' id='line_1_93' title="bbox 419 4697 1993 4794; baseline -0.008 -11"><span class='ocrx_word' id='word_1_634' title='bbox 419 4697 726 4782; x_wconf 64' lang='lat' dir='ltr'><strong>tetributio.</strong></span> <span class='ocrx_word' id='word_1_635' title='bbox 755 4723 906 4794; x_wconf 77' lang='lat' dir='ltr'><strong>Rogo</strong></span> <span class='ocrx_word' id='word_1_636' title='bbox 935 4737 1053 4788; x_wconf 89' lang='lat' dir='ltr'><strong>vos,</strong></span> <span class='ocrx_word' id='word_1_637' title='bbox 1076 4697 1376 4791; x_wconf 20' lang='lat' dir='ltr'><strong>iproceres,</strong></span> <span class='ocrx_word' id='word_1_638' title='bbox 1405 4719 1452 4776; x_wconf 87' lang='lat' dir='ltr'><strong>si</strong></span> <span class='ocrx_word' id='word_1_639' title='bbox 1481 4718 1729 4789; x_wconf 89' lang='lat' dir='ltr'><strong>accipitis</strong></span> <span class='ocrx_word' id='word_1_640' title='bbox 1770 4715 1993 4787; x_wconf 89' lang='lat' dir='ltr'><strong>aliquod</strong></span> 
     </span>
    </p>
   </div>
   <div class='ocr_carea' id='block_1_94' title="bbox 2123 4697 3678 4807">
    <p class='ocr_par' dir='ltr' id='par_1_94' title="bbox 2123 4697 3678 4807">
     <span class='ocr_line' id='line_1_94' title="bbox 2123 4697 3678 4807; baseline 0.015 -41"><span class='ocrx_word' id='word_1_641' title='bbox 2123 4732 2203 4778; x_wconf 72' lang='grc' dir='ltr'>τις.</span> <span class='ocrx_word' id='word_1_642' title='bbox 2247 4715 2466 4785; x_wconf 83' lang='grc' dir='ltr'>Ἐρωτῶ</span> <span class='ocrx_word' id='word_1_643' title='bbox 2496 4717 2622 4780; x_wconf 88' lang='grc' dir='ltr'>τοὺς</span> <span class='ocrx_word' id='word_1_644' title='bbox 2656 4697 3055 4794; x_wconf 64' lang='grc' dir='ltr'>ὑπερέχοντας,</span> <span class='ocrx_word' id='word_1_645' title='bbox 3080 4727 3134 4780; x_wconf 78' lang='grc' dir='ltr'>ετ</span> <span class='ocrx_word' id='word_1_646' title='bbox 3155 4730 3278 4784; x_wconf 85' lang='grc' dir='ltr'>τινά</span> <span class='ocrx_word' id='word_1_647' title='bbox 3307 4749 3409 4803; x_wconf 89' lang='grc' dir='ltr'><strong>μου</strong></span> <span class='ocrx_word' id='word_1_648' title='bbox 3453 4697 3678 4807; x_wconf 79' lang='grc' dir='ltr'>γνώμης</span> 
     </span>
    </p>
   </div>
   <div class='ocr_carea' id='block_1_95' title="bbox 493 4875 2507 4955">
    <p class='ocr_par' dir='ltr' id='par_1_95' title="bbox 493 4875 2507 4955">
     <span class='ocr_line' id='line_1_95' title="bbox 493 4875 2507 4955; baseline -0.007 -4"><span class='ocrx_word' id='word_1_649' title='bbox 493 4895 519 4931; x_wconf 88' lang='lat'><strong><em>&quot;</em></strong></span> <span class='ocrx_word' id='word_1_650' title='bbox 550 4892 715 4952; x_wconf 85' lang='lat' dir='ltr'><strong>Eccli.</strong></span> <span class='ocrx_word' id='word_1_651' title='bbox 747 4906 819 4955; x_wconf 81' lang='lat' dir='ltr'><strong>tv,</strong></span> <span class='ocrx_word' id='word_1_652' title='bbox 843 4886 936 4951; x_wconf 75' lang='lat'><strong>3|,</strong></span> <span class='ocrx_word' id='word_1_653' title='bbox 969 4882 1055 4937; x_wconf 79' lang='lat'><strong>56.</strong></span> <span class='ocrx_word' id='word_1_654' title='bbox 1132 4884 1153 4914; x_wconf 78' lang='grc'>⁸</span> <span class='ocrx_word' id='word_1_655' title='bbox 1183 4883 1201 4934; x_wconf 94' lang='lat' dir='ltr'><strong>l</strong></span> <span class='ocrx_word' id='word_1_656' title='bbox 1242 4881 1369 4934; x_wconf 86' lang='lat' dir='ltr'><strong>Cor.</strong></span> <span class='ocrx_word' id='word_1_657' title='bbox 1401 4895 1472 4938; x_wconf 70' lang='grc' dir='ltr'><strong>ιν,</strong></span> <span class='ocrx_word' id='word_1_658' title='bbox 1502 4875 1589 4929; x_wconf 72' lang='grc'><strong>12.</strong></span> <span class='ocrx_word' id='word_1_659' title='bbox 1665 4883 1685 4913; x_wconf 78' lang='grc' dir='ltr'><strong>ο</strong></span> <span class='ocrx_word' id='word_1_660' title='bbox 1712 4876 1900 4934; x_wconf 84' lang='lat' dir='ltr'><strong>Matth.</strong></span> <span class='ocrx_word' id='word_1_661' title='bbox 1927 4893 1982 4945; x_wconf 87' lang='lat' dir='ltr'><strong>v,</strong></span> <span class='ocrx_word' id='word_1_662' title='bbox 2016 4877 2121 4948; x_wconf 69' lang='lat'><strong>42;</strong></span> <span class='ocrx_word' id='word_1_663' title='bbox 2156 4876 2291 4935; x_wconf 90' lang='lat' dir='ltr'><strong>Luc.</strong></span> <span class='ocrx_word' id='word_1_664' title='bbox 2317 4898 2394 4951; x_wconf 76' lang='lat' dir='ltr'><strong>vr,</strong></span> <span class='ocrx_word' id='word_1_665' title='bbox 2419 4885 2507 4941; x_wconf 78' lang='lat'><strong>30.</strong></span> 
     </span>
    </p>
   </div>
   <div class='ocr_carea' id='block_1_96' title="bbox 1717 4999 2330 5058">
    <p class='ocr_par' dir='ltr' id='par_1_96' title="bbox 1717 4999 2330 5058">
     <span class='ocr_line' id='line_1_96' title="bbox 1717 4999 2330 5058; baseline -0.002 -2"><span class='ocrx_word' id='word_1_666' title='bbox 1717 4999 2083 5058; x_wconf 79' lang='lat' dir='ltr'><strong>VARIORUM</strong></span> <span class='ocrx_word' id='word_1_667' title='bbox 2121 4999 2330 5056; x_wconf 64' lang='lat' dir='ltr'><strong>NOTE</strong></span> 
     </span>
    </p>
   </div>
   <div class='ocr_carea' id='block_1_97' title="bbox 2152 5113 2972 5192">
    <p class='ocr_par' dir='ltr' id='par_1_97' title="bbox 2152 5113 2972 5192">
     <span class='ocr_line' id='line_1_97' title="bbox 2152 5113 2972 5192; baseline 0.02 -26"><span class='ocrx_word' id='word_1_668' title='bbox 2303 5115 2484 5192; x_wconf 60' lang='lat' dir='ltr'><strong>gon“.</strong></span> <span class='ocrx_word' id='word_1_669' title='bbox 2522 5132 2718 5191; x_wconf 67' lang='lat' dir='ltr'><strong>apart,</strong></span> <span class='ocrx_word' id='word_1_670' title='bbox 2756 5140 2854 5192; x_wconf 88' lang='lat' dir='ltr'><strong>vn,</strong></span> <span class='ocrx_word' id='word_1_671' title='bbox 2888 5127 2972 5181; x_wconf 71' lang='lat'><strong>10.</strong></span> 
     </span>
    </p>
   </div>
   <div class='ocr_carea' id='block_1_98' title="bbox 2156 5183 3157 5272">
    <p class='ocr_par' dir='ltr' id='par_1_98' title="bbox 2156 5183 3157 5272">
     <span class='ocr_line' id='line_1_98' title="bbox 2156 5183 3157 5272; baseline 0.019 -36"><span class='ocrx_word' id='word_1_672' title='bbox 2156 5183 2270 5272; x_wconf 73' lang='grc' dir='ltr'><em>ς</em></span> <span class='ocrx_word' id='word_1_673' title='bbox 2298 5184 2463 5272; x_wconf 61' lang='grc' dir='ltr'><strong>ζρὶάη</strong></span> <span class='ocrx_word' id='word_1_674' title='bbox 2491 5183 2592 5245; x_wconf 70' lang='lat' dir='ltr'><strong>ms.</strong></span> <span class='ocrx_word' id='word_1_675' title='bbox 2626 5183 3157 5272; x_wconf 61' lang='lat' dir='ltr'><strong>oxﬁtta.._.paxopév.</strong></span> 
     </span>
    </p>
   </div>
   <div class='ocr_carea' id='block_1_99' title="bbox 477 5216 2963 5331">
    <p class='ocr_par' dir='ltr' id='par_1_99' title="bbox 477 5216 2963 5331">
     <span class='ocr_line' id='line_1_99' title="bbox 477 5216 2963 5331; baseline 0.01 -31"><span class='ocrx_word' id='word_1_676' title='bbox 610 5216 792 5302; x_wconf 68' lang='grc' dir='ltr'>ἑὲἇί</span> <span class='ocrx_word' id='word_1_677' title='bbox 813 5216 1086 5318; x_wconf 65' lang='grc' dir='ltr'>διαλόγους</span> <span class='ocrx_word' id='word_1_678' title='bbox 1113 5259 1214 5322; x_wconf 66' lang='grc' dir='ltr'><strong>[δι’.</strong></span> <span class='ocrx_word' id='word_1_679' title='bbox 1237 5251 1437 5318; x_wconf 75' lang='grc' dir='ltr'>αὐτῶν]</span> <span class='ocrx_word' id='word_1_680' title='bbox 1471 5251 1689 5306; x_wconf 83' lang='grc' dir='ltr'>σκοπῶν</span> <span class='ocrx_word' id='word_1_681' title='bbox 1707 5292 1722 5316; x_wconf 90' lang='grc'><strong>,</strong></span> <span class='ocrx_word' id='word_1_682' title='bbox 1758 5269 1974 5311; x_wconf 85' lang='lat' dir='ltr'><strong>sermo-</strong></span> <span class='ocrx_word' id='word_1_683' title='bbox 2298 5216 2963 5331; x_wconf 50' lang='grc' dir='ltr'><strong>ζυᾶἶῖἑὶ.”ἇῖνόῗτίῗξ’ἳῖα</strong></span> 
     </span>
    </p>
   </div>
   <div class='ocr_carea' id='block_1_100' title="bbox 407 5324 2598 5392">
    <p class='ocr_par' dir='ltr' id='par_1_100' title="bbox 407 5324 2598 5392">
     <span class='ocr_line' id='line_1_100' title="bbox 407 5324 2598 5392; baseline 0.005 -19"><span class='ocrx_word' id='word_1_684' title='bbox 407 5335 521 5392; x_wconf 73' lang='lat' dir='ltr'><strong>nes_</strong></span> <span class='ocrx_word' id='word_1_685' title='bbox 540 5334 730 5392; x_wconf 75' lang='lat' dir='ltr'><strong>eorum</strong></span> <span class='ocrx_word' id='word_1_686' title='bbox 773 5330 1139 5388; x_wconf 80' lang='lat' dir='ltr'><strong>perscrutans.</strong></span> <span class='ocrx_word' id='word_1_687' title='bbox 2163 5324 2276 5392; x_wconf 80' lang='lat'><strong>(80)</strong></span> <span class='ocrx_word' id='word_1_688' title='bbox 2310 5325 2478 5392; x_wconf 82' lang='lat' dir='ltr'><strong>Ibid.,</strong></span> <span class='ocrx_word' id='word_1_689' title='bbox 2512 5324 2598 5385; x_wconf 85' lang='lat' dir='ltr'><strong>-l&#39;7.</strong></span> 
     </span>
    </p>
   </div>
   <div class='ocr_carea' id='block_1_101' title="bbox 463 5328 2021 5465">
    <p class='ocr_par' dir='ltr' id='par_1_101' title="bbox 463 5330 1973 5465">
     <span class='ocr_line' id='line_1_101' title="bbox 463 5330 1139 5388; baseline 0.006 -15"><span class='ocrx_word' id='word_1_690' title='bbox 463 5335 503 5373; x_wconf 69' lang='lat' dir='ltr'><strong>es</strong></span> <span class='ocrx_word' id='word_1_691' title='bbox 540 5334 730 5373; x_wconf 83' lang='lat' dir='ltr'><strong>eorum</strong></span> <span class='ocrx_word' id='word_1_692' title='bbox 773 5330 1139 5388; x_wconf 76' lang='lat' dir='ltr'><strong>perscrutans.</strong></span> 
     </span>
     <span class='ocr_line' id='line_1_102' title="bbox 463 5388 1973 5465; baseline 0.006 -23"><span class='ocrx_word' id='word_1_693' title='bbox 463 5389 580 5458; x_wconf 73' lang='grc' dir='ltr'>(Ἠ)</span> <span class='ocrx_word' id='word_1_694' title='bbox 636 5388 816 5465; x_wconf 70' lang='lat' dir='ltr'><strong>Cenat.</strong></span> <span class='ocrx_word' id='word_1_695' title='bbox 848 5401 1059 5465; x_wconf 76' lang='lat' dir='ltr'><strong>apost.,_</strong></span> <span class='ocrx_word' id='word_1_696' title='bbox 1089 5408 1184 5465; x_wconf 82' lang='lat' dir='ltr'><strong>vn,</strong></span> <span class='ocrx_word' id='word_1_697' title='bbox 1240 5393 1323 5447; x_wconf 64' lang='grc'><strong>13.</strong></span> <span class='ocrx_word' id='word_1_698' title='bbox 1354 5392 1466 5448; x_wconf 78' lang='lat' dir='ltr'><strong>Aut</strong></span> <span class='ocrx_word' id='word_1_699' title='bbox 1511 5394 1665 5448; x_wconf 91' lang='lat' dir='ltr'><strong>labor</strong></span> <span class='ocrx_word' id='word_1_700' title='bbox 1709 5411 1973 5452; x_wconf 90' lang='lat' dir='ltr'><strong>manuum</strong></span> 
     </span>
    </p>
   </div>
   <div class='ocr_carea' id='block_1_102' title="bbox 2123 5328 2587 5465">
    <p class='ocr_par' dir='ltr' id='par_1_102' title="bbox 2159 5328 2587 5465">
     <span class='ocr_line' id='line_1_103' title="bbox 2163 5328 2587 5462; baseline 0.014 -84"><span class='ocrx_word' id='word_1_701' title='bbox 2163 5328 2276 5462; x_wconf 70' lang='lat'><strong>(80)</strong></span> <span class='ocrx_word' id='word_1_702' title='bbox 2310 5328 2478 5392; x_wconf 84' lang='lat' dir='ltr'><strong>Ibid.,</strong></span> <span class='ocrx_word' id='word_1_703' title='bbox 2512 5328 2587 5384; x_wconf 71' lang='grc' dir='ltr'><strong>ιτ</strong></span> 
     </span>
     <span class='ocr_line' id='line_1_104' title="bbox 2159 5397 2587 5465; baseline 0.019 -18"><span class='ocrx_word' id='word_1_704' title='bbox 2159 5397 2244 5465; x_wconf 79' lang='lat'><strong>(81</strong></span> <span class='ocrx_word' id='word_1_705' title='bbox 2281 5397 2468 5464; x_wconf 66' lang='lat'><strong>1054.,</strong></span> <span class='ocrx_word' id='word_1_706' title='bbox 2502 5401 2587 5455; x_wconf 84' lang='grc'><strong>18.</strong></span> 
     </span>
    </p>
   </div>
   <div class='ocr_carea' id='block_1_103' title="bbox 2160 5465 3427 5566">
    <p class='ocr_par' dir='ltr' id='par_1_103' title="bbox 2160 5465 3427 5566">
     <span class='ocr_line' id='line_1_105' title="bbox 2160 5465 3427 5566; baseline 0.026 -50"><span class='ocrx_word' id='word_1_707' title='bbox 2304 5470 3122 5566; x_wconf 26' lang='lat' dir='ltr'><strong>lStantiaudiﬁexlantecedentibus</strong></span> <span class='ocrx_word' id='word_1_708' title='bbox 3149 5490 3206 5542; x_wconf 80' lang='grc' dir='ltr'>ἐν</span> <span class='ocrx_word' id='word_1_709' title='bbox 3299 5496 3427 5549; x_wconf 76' lang='grc' dir='ltr'>εισι.</span> 
     </span>
    </p>
   </div>
   <div class='ocr_carea' id='block_1_104' title="bbox 2156 5516 3255 5623">
    <p class='ocr_par' dir='ltr' id='par_1_104' title="bbox 2156 5516 3255 5623">
     <span class='ocr_line' id='line_1_106' title="bbox 2161 5516 3255 5545; baseline 0.024 -29"><span class='ocrx_word' id='word_1_710' title='bbox 2161 5516 2251 5532; x_wconf 61' lang='grc'><strong>1,-</strong></span> <span class='ocrx_word' id='word_1_711' title='bbox 2311 5516 2548 5524; x_wconf 53' lang='grc' dir='ltr'><strong>ν-ηκ--υ-</strong></span> <span class='ocrx_word' id='word_1_712' title='bbox 2578 5516 2641 5527; x_wconf 71' lang='grc' dir='ltr'><strong>νη</strong></span> <span class='ocrx_word' id='word_1_713' title='bbox 2672 5516 3122 5542; x_wconf 66' lang='grc' dir='ltr'><strong>ιι-ηιυυυιιυυιιυιιθ</strong></span> <span class='ocrx_word' id='word_1_714' title='bbox 3149 5516 3206 5542; x_wconf 66' lang='grc' dir='ltr'><strong>’.ιν</strong></span> <span class='ocrx_word' id='word_1_715' title='bbox 3239 5516 3255 5545; x_wconf 77' lang='grc' dir='ltr'><strong>Ἰ</strong></span> 
     </span>
     <span class='ocr_line' id='line_1_107' title="bbox 2156 5516 3255 5623; baseline 0.024 -35"><span class='ocrx_word' id='word_1_716' title='bbox 2156 5516 2270 5623; x_wconf 47' lang='grc' dir='ltr'>(ἐξ.)</span> <span class='ocrx_word' id='word_1_717' title='bbox 2303 5537 2360 5623; x_wconf 57' lang='lat' dir='ltr'><strong>lg</strong></span> <span class='ocrx_word' id='word_1_718' title='bbox 2381 5541 2522 5623; x_wconf 67' lang='lat' dir='ltr'><strong>addo</strong></span> <span class='ocrx_word' id='word_1_719' title='bbox 2545 5558 2612 5597; x_wconf 83' lang='lat' dir='ltr'><strong>ex</strong></span> <span class='ocrx_word' id='word_1_720' title='bbox 2643 5544 2821 5602; x_wconf 78' lang='lat' dir='ltr'><strong>Const.</strong></span> <span class='ocrx_word' id='word_1_721' title='bbox 2842 5567 2946 5623; x_wconf 61' lang='lat' dir='ltr'><strong>pp.</strong></span> <span class='ocrx_word' id='word_1_722' title='bbox 2973 5555 3008 5608; x_wconf 93' lang='lat' dir='ltr'><strong>l.</strong></span> <span class='ocrx_word' id='word_1_723' title='bbox 3043 5572 3091 5610; x_wconf 91' lang='lat' dir='ltr'><strong>c.</strong></span> <span class='ocrx_word' id='word_1_724' title='bbox 3244 5551 3255 5566; x_wconf 85' lang='lat'><em>‘</em></span> 
     </span>
    </p>
   </div>
   <div class='ocr_carea' id='block_1_105' title="bbox 2147 5607 3650 5695">
    <p class='ocr_par' dir='ltr' id='par_1_105' title="bbox 2147 5607 3650 5695">
     <span class='ocr_line' id='line_1_108' title="bbox 2147 5607 3650 5695; baseline 0.027 -40"><span class='ocrx_word' id='word_1_725' title='bbox 2147 5607 2263 5695; x_wconf 48' lang='grc' dir='ltr'>(ξιξ)</span> <span class='ocrx_word' id='word_1_726' title='bbox 2307 5609 2612 5695; x_wconf 48' lang='grc' dir='ltr'>Ἐκεῖνα-Ξ</span> <span class='ocrx_word' id='word_1_727' title='bbox 2651 5632 2772 5684; x_wconf 75' lang='lat' dir='ltr'><strong>quae</strong></span> <span class='ocrx_word' id='word_1_728' title='bbox 2790 5607 3021 5695; x_wconf 65' lang='lat' dir='ltr'><strong>_divin:e</strong></span> <span class='ocrx_word' id='word_1_729' title='bbox 3050 5607 3331 5688; x_wconf 51' lang='lat' dir='ltr'><strong>voluntati</strong></span> <span class='ocrx_word' id='word_1_730' title='bbox 3357 5647 3486 5693; x_wconf 87' lang='lat' dir='ltr'><strong>sunt</strong></span> <span class='ocrx_word' id='word_1_731' title='bbox 3517 5653 3650 5695; x_wconf 61' lang='lat' dir='ltr'><strong>cum</strong></span> 
     </span>
    </p>
   </div>
   <div class='ocr_carea' id='block_1_106' title="bbox 2075 5679 3297 5757">
    <p class='ocr_par' dir='ltr' id='par_1_106' title="bbox 2075 5679 3297 5757">
     <span class='ocr_line' id='line_1_109' title="bbox 2075 5679 3297 5757; baseline 0.022 -27"><span class='ocrx_word' id='word_1_732' title='bbox 2075 5679 2266 5746; x_wconf 86' lang='lat' dir='ltr'><strong>traria,</strong></span> <span class='ocrx_word' id='word_1_733' title='bbox 2298 5679 2364 5735; x_wconf 90' lang='lat' dir='ltr'><strong>de</strong></span> <span class='ocrx_word' id='word_1_734' title='bbox 2424 5683 2625 5750; x_wconf 84' lang='lat' dir='ltr'><strong>quibus</strong></span> <span class='ocrx_word' id='word_1_735' title='bbox 2667 5679 2730 5743; x_wconf 78' lang='grc' dir='ltr'>ἐ.</span> <span class='ocrx_word' id='word_1_736' title='bbox 2788 5689 2856 5748; x_wconf 78' lang='grc'><strong>2⁸)</strong></span> <span class='ocrx_word' id='word_1_737' title='bbox 2889 5679 3297 5757; x_wconf 58' lang='grc' dir='ltr'>ἷυεῐιιιεεῖιιιῦξ</span> 
     </span>
    </p>
   </div>
   <div class='ocr_carea' id='block_1_107' title="bbox 480 5105 1293 5247">
    <p class='ocr_par' dir='ltr' id='par_1_107' title="bbox 480 5105 1293 5247">
     <span class='ocr_line' id='line_1_110' title="bbox 480 5105 1293 5247; baseline 0.005 -87"><span class='ocrx_word' id='word_1_738' title='bbox 480 5105 592 5247; x_wconf 72' lang='lat' dir='ltr'><strong>(7i)</strong></span> <span class='ocrx_word' id='word_1_739' title='bbox 629 5105 812 5188; x_wconf 66' lang='lat' dir='ltr'><strong>Const.</strong></span> <span class='ocrx_word' id='word_1_740' title='bbox 847 5119 1042 5178; x_wconf 79' lang='lat' dir='ltr'><strong>apost.,</strong></span> <span class='ocrx_word' id='word_1_741' title='bbox 1075 5125 1173 5175; x_wconf 74' lang='lat' dir='ltr'><strong>vn,</strong></span> <span class='ocrx_word' id='word_1_742' title='bbox 1207 5110 1293 5164; x_wconf 84' lang='lat' dir='ltr'><strong>ll.</strong></span> 
     </span>
     <span class='ocr_line' id='line_1_111' title="bbox 480 5175 873 5247; baseline 0.008 -17"><span class='ocrx_word' id='word_1_743' title='bbox 480 5179 568 5247; x_wconf 70' lang='grc'><strong>(72</strong></span> <span class='ocrx_word' id='word_1_744' title='bbox 625 5175 792 5241; x_wconf 63' lang='lat' dir='ltr'><strong>Ibat,</strong></span> <span class='ocrx_word' id='word_1_745' title='bbox 819 5179 873 5233; x_wconf 91' lang='lat'><strong>9.</strong></span> 
     </span>
    </p>
   </div>
   <div class='ocr_carea' id='block_1_108' title="bbox 475 5175 873 5247">
    <p class='ocr_par' dir='ltr' id='par_1_108' title="bbox 475 5175 873 5247">
     <span class='ocr_line' id='line_1_112' title="bbox 475 5175 873 5247; baseline 0.008 -17"><span class='ocrx_word' id='word_1_746' title='bbox 475 5175 590 5247; x_wconf 68' lang='grc' dir='ltr'>(γε)</span> <span class='ocrx_word' id='word_1_747' title='bbox 625 5175 792 5241; x_wconf 73' lang='grc' dir='ltr'><strong>1ὁὶά.,</strong></span> <span class='ocrx_word' id='word_1_748' title='bbox 819 5179 873 5233; x_wconf 91' lang='lat'><strong>9.</strong></span> 
     </span>
    </p>
   </div>
   <div class='ocr_carea' id='block_1_109' title="bbox 403 5461 1972 5526">
    <p class='ocr_par' dir='ltr' id='par_1_109' title="bbox 403 5461 1972 5526">
     <span class='ocr_line' id='line_1_113' title="bbox 403 5461 1972 5526; baseline 0.006 -14"><span class='ocrx_word' id='word_1_749' title='bbox 403 5461 838 5526; x_wconf 85' lang='lat' dir='ltr'><strong>commendatur,</strong></span> <span class='ocrx_word' id='word_1_750' title='bbox 887 5470 983 5516; x_wconf 91' lang='lat' dir='ltr'><strong>aut</strong></span> <span class='ocrx_word' id='word_1_751' title='bbox 1011 5463 1324 5517; x_wconf 87' lang='lat' dir='ltr'><strong>distributio</strong></span> <span class='ocrx_word' id='word_1_752' title='bbox 1350 5465 1669 5520; x_wconf 80' lang='lat' dir='ltr'><strong>facultatum</strong></span> <span class='ocrx_word' id='word_1_753' title='bbox 1721 5467 1775 5520; x_wconf 90' lang='lat' dir='ltr'><strong>in</strong></span> <span class='ocrx_word' id='word_1_754' title='bbox 1828 5467 1972 5524; x_wconf 85' lang='lat' dir='ltr'><strong>clee-</strong></span> 
     </span>
    </p>
   </div>
   <div class='ocr_carea' id='block_1_110' title="bbox 403 5531 812 5614">
    <p class='ocr_par' dir='ltr' id='par_1_110' title="bbox 403 5531 812 5614">
     <span class='ocr_line' id='line_1_114' title="bbox 403 5531 812 5614; baseline 0.002 -33"><span class='ocrx_word' id='word_1_755' title='bbox 403 5545 649 5614; x_wconf 48' lang='lat' dir='ltr'><strong>mosxnal.</strong></span> <span class='ocrx_word' id='word_1_756' title='bbox 677 5531 812 5584; x_wconf 73' lang='lat' dir='ltr'><strong>Cor.</strong></span> 
     </span>
    </p>
   </div>
   <div class='ocr_carea' id='block_1_111' title="bbox 472 5600 1157 5669">
    <p class='ocr_par' dir='ltr' id='par_1_111' title="bbox 472 5600 1157 5669">
     <span class='ocr_line' id='line_1_115' title="bbox 472 5600 1157 5669; baseline 0.006 -19"><span class='ocrx_word' id='word_1_757' title='bbox 472 5600 584 5667; x_wconf 76' lang='lat'><strong>(75)</strong></span> <span class='ocrx_word' id='word_1_758' title='bbox 609 5600 791 5653; x_wconf 76' lang='lat' dir='ltr'><strong>Const.</strong></span> <span class='ocrx_word' id='word_1_759' title='bbox 816 5612 1011 5669; x_wconf 81' lang='lat' dir='ltr'><strong>apost.,</strong></span> <span class='ocrx_word' id='word_1_760' title='bbox 1039 5603 1075 5654; x_wconf 92' lang='grc'><strong>1.</strong></span> <span class='ocrx_word' id='word_1_761' title='bbox 1108 5618 1157 5656; x_wconf 92' lang='lat' dir='ltr'><strong>c.</strong></span> 
     </span>
    </p>
   </div>
   <div class='ocr_carea' id='block_1_112' title="bbox 475 5670 1258 5741">
    <p class='ocr_par' dir='ltr' id='par_1_112' title="bbox 475 5670 1258 5741">
     <span class='ocr_line' id='line_1_116' title="bbox 475 5670 1258 5741; baseline 0.01 -19"><span class='ocrx_word' id='word_1_762' title='bbox 475 5670 586 5733; x_wconf 70' lang='grc'>(76)</span> <span class='ocrx_word' id='word_1_763' title='bbox 612 5670 792 5725; x_wconf 72' lang='lat' dir='ltr'><strong>Const.</strong></span> <span class='ocrx_word' id='word_1_764' title='bbox 827 5683 1020 5741; x_wconf 76' lang='lat' dir='ltr'><strong>apost.,</strong></span> <span class='ocrx_word' id='word_1_765' title='bbox 1046 5688 1141 5738; x_wconf 69' lang='grc' dir='ltr'>νη,</span> <span class='ocrx_word' id='word_1_766' title='bbox 1173 5673 1258 5730; x_wconf 71' lang='grc' dir='ltr'><strong>1Δ.</strong></span> 
     </span>
    </p>
   </div>
  </div>
