4010 6150
362 298 464 356 781

1560 288 1899 346 EPISTOLA
1926 287 2339 344 CATHOLICA.

3512 285 3617 344 782

358 407 573 480 ἀγαθῆς
594 404 903 480 λαμϐάνετε
933 405 1295 479 συμϐουλίαν·
1332 406 1506 478 ἔχετε,
1541 407 1621 470 εἰς
1648 404 1742 471 οὓς
1784 406 1936 476 εὐερ-

2045 405 2205 461 bonae
2233 403 2532 461 voluntatis
2554 418 2688 460 meae
2708 403 3001 461 consilium
3028 422 3042 460 :
3070 403 3285 461 habetis
3307 402 3614 467 vobiscum,

357 499 626 570 γάσασθε,
663 499 785 572 μεθ’
826 498 1062 555 ἑαυτῶνσ
1121 501 1197 573 μὴ
1253 499 1679 571 ἐγκαταλίπητε.
1749 497 1946 567 Ἐγγὺς

355 597 466 669 γὰρ
511 597 714 670 ἡμέρα,
750 598 813 651 ὲν
854 591 890 672 ᾖ
924 597 1305 653 συναπολεῖται
1360 596 1539 651 πάντα
1582 595 1663 667 τῷ
1702 593 1941 665 πονηριῖκ

368 688 568 757 Ἐγγὺς
598 690 628 741 6
672 687 879 759 Κύριος
925 688 1023 742 καὶ
1048 689 1079 742 6
1115 687 1308 761 μισθὸς
1336 686 1524 741 αὐτοῦ.
1578 686 1700 739 Ἔτι
1732 687 1825 739 καὶ
1862 685 1942 737 ἔτι

354 778 545 852 ἐρωτῶ
573 780 746 851 ὑμᾶς’
780 778 990 833 ἑαυτῶν
1028 779 1244 848 γίνεσθε
1269 779 1555 850 νομοθέται
1581 776 1792 847 ἀγαθοὶ,
1815 777 1945 831 ἐαυ-

351 872 463 927 τῶν
496 872 684 944 μένετε
714 872 1009 944 σύμϐουλοι
1040 874 1244 937 πιστοὶ,
1281 872 1452 943 ἄρατε
1483 871 1542 939 ἐξ
1570 869 1723 942 ὑμῶν
1762 870 1939 924 πᾶσαν

354 965 665 1037 ὑπόκρισιν.
690 964 803 1036 (85)
836 965 893 1018 Ὀ
915 964 973 1018 δὲ
1001 964 1153 1030 Θεὸς,
1183 966 1211 1017 6
1240 964 1442 1027 παντὸς
1468 961 1563 1015 τοῦ
1594 962 1804 1033 κόσμου
1839 978 1938 1015 κυ-

354 1054 569 1127 ριεύων,
594 1053 707 1127 δῴη
742 1055 869 1125 ὑμῖν
906 1054 1118 1124 σοφίαν,
1153 1055 1483 1125 ἐπιστήμην,
1516 1052 1750 1119 σύνεσιν,
1795 1052 1939 1121 γνῶ-

354 1165 440 1201 σιν
468 1134 579 1202 τῶν
606 1148 992 1219 δικαιωμάτων
1025 1147 1210 1214 αὐτοῦ,
1243 1150 1301 1201 ἐν
1332 1149 1599 1219 ὑπομονῇ.
1632 1146 1851 1201 Γίνεσθε
1878 1146 1937 1199 δὲ

350 1238 699 1306 θεοδίδακτοι,
733 1239 1115 1311 ὲκζητοῦντες,
1146 1240 1199 1293 τί
1230 1239 1383 1310 ζητεί
1403 1239 1609 1310 Κύριος
1633 1237 1727 1308 ἀφ’
1759 1237 1931 1309 ὑμῶν,

357 1334 451 1387 καὶ
484 1336 708 1397 ποιεῖτε,
736 1333 822 1386 ἵνα
850 1332 1058 1404 σωθῆτε
1084 1334 1143 1387 ὲν
1172 1332 1354 1405 ἡμέρᾳ
1385 1332 1635 1404 κρίσεως.
1672 1331 1737 1384 Εἰ
1755 1329 1815 1383 δέ
1850 1330 1935 1394 τίς

357 1427 506 1479 ἐστιν
552 1426 757 1496 ἀγαθοῦ
792 1427 968 1499 μνεία,
1027 1426 1392 1498 μνημονεύετέ
1440 1443 1562 1496 μου,
1606 1422 1935 1495 μελετῶντες

298 1570 299 1577 η
347 1517 543 1583 ταῦτα,
580 1518 668 1571 ἵνα
700 1519 857 1589 καὶὴ
910 1518 1174 1589 ἐπιθυμία
1221 1518 1314 1572 καὶ
1363 1519 1396 1590 ὴ
1431 1517 1709 1589 ἀγρυπνία
1760 1516 1840 1581 εῐς
1878 1533 1932 1570 τι

345 1610 549 1680 ἀγαθὸν
591 1612 835 1683 χωρήσῃ.
900 1610 1128 1683 Ἐρωτῶ
1167 1611 1330 1682 ὑμᾶς,
1379 1610 1536 1682 χάριν
1592 1608 1927 1681 αἰτούμενος.

356 1696 445 1762 Ὧς
466 1697 545 1751 ἔτι
577 1699 639 1751 τὺ
666 1699 828 1753 καλὸν
864 1699 974 1771 (86)
1006 1698 1200 1764 σκεῦός
1231 1701 1348 1753 ἐστι
1375 1700 1491 1771 μεθ’
1523 1698 1696 1772 ὑμῶν,
1736 1700 1808 1772 μὴ
1835 1701 1930 1753 ὲκ-

343 1789 566 1862 λείπητε
590 1792 777 1863 μηδενὶ
799 1769 999 1857 αὐτῶν,
1022 1792 1159 1846 ἀλλά
1183 1769 1418 1863 συνεχῶς
1435 1769 1715 1865 ὲκζητεῖτε
1729 1769 1921 1859 satira,
1958 1769 2002 1825 B

345 1883 438 1936 καὶ
483 1882 861 1953 ἀναπληροῧτε
906 1885 1085 1937 πᾶσαν
1131 1883 1381 1956 ἐντολήν·
1430 1883 1546 1936 ἔστι
1597 1882 1706 1956 γὰρ
1753 1883 1927 1937 ταῦτα

344 1972 491 2038 ἄξια.
536 1976 626 2029 Διὸ
663 1974 861 2047 μᾶλλον
890 1975 1199 2031 ἐσπούδασα
1227 1976 1456 2048 γράψαι,
1499 1976 1592 2046 ἀφ’
1622 1973 1697 2031 ὧν
1727 1976 1927 2048 ἠδυνή-

347 2067 467 2139 θην,
496 2071 577 2133 εἰς
602 2069 663 2122 τὸ
694 2070 959 2142 εὐφρᾶναι
994 2070 1155 2141 ὑμᾶς.
1196 2069 1463 2135 Σώζεσθε,
1501 2070 1720 2140 ἀγάπης
1759 2068 1925 2121 τέκνα

345 2166 439 2219 καὶ
468 2167 704 2238 εἰρήνης.
755 2167 811 2221 '0
838 2165 1042 2239 Κύριος
1064 2167 1163 2238 τῆς
1184 2165 1341 2236 δόξης
1365 2166 1460 2221 καὶ
1494 2166 1674 2236 πάσης
1703 2165 1924 2237 χάριτος

346 2256 483 2327 μετά
509 2256 604 2309 τοῦ
632 2257 939 2329 πνεύματος
965 2255 1140 2326 ὑμῶν.
1182 2255 1371 2327 Ἀμήν.

2044 495 2247 567 quibus
2284 495 2423 551 bene
2463 493 2703 560 fecistis;
2744 508 2815 549 ne
2854 510 2950 551 eos
2983 494 3395 565 derelinquatis.
3439 492 3617 565 Prope

2042 584 2191 640 enim
2232 592 2318 640 εει
2357 584 2498 649 dies,
2532 583 2588 638 in
2629 599 2740 654 qua
2772 584 2957 638 omnia
3000 599 3124 639 cum
3155 584 3302 639 malo
3334 584 3612 655 peribunt.

2039 675 2218 747 Prope
2261 684 2347 732 est
2395 675 2661 731 Dominus
2694 683 2750 731 et
2790 690 3002 731 merces
3041 677 3185 746 ejus.
3228 675 3406 731 Etiam
3449 685 3615 748 atque

2040 769 2204 825 etiam
2230 783 2367 840 rogo
2387 783 2484 825 vos
2505 776 2709 825 :estote
2732 766 2891 823 vobis
2916 768 3045 822 boni
3063 767 3422 838 legislatores,
3456 768 3614 824 vobis

2039 869 2257 917 manete
2288 861 2594 917 consiliarii
2641 860 2851 927 ﬁdeles,
2900 860 3073 915 tollite
3099 875 3167 915 ex
3210 860 3366 916 vobis
3393 876 3613 916 omnem

2039 952 2398 1025 hypocrisim.
2428 953 2573 1010 Deus
2604 961 2814 1020 autem,
2845 952 2941 1023 qui
2985 952 3243 1008 universo
3271 953 3474 1009 mundo
3512 953 3617 1008 do—

2037 1046 2301 1113 minatur,
2342 1045 2434 1101 det
2463 1045 2621 1100 vobis
2662 1044 3012 1115 sapientiam,
3057 1044 3369 1111 scientiam,
3420 1045 3616 1102 intelli-

2038 1136 2304 1209 gentiam,
2345 1136 2716 1208 cognitionem
2759 1136 3146 1192 mandatorum
3182 1150 3442 1203 suorum,
3485 1152 3610 1193 cum

2036 1229 2460 1299 perseverantia.
2508 1227 2832 1285 Elliciamini
2876 1238 3064 1284 autem
3106 1228 3255 1285 do'cti
3289 1244 3321 1284 a
3356 1228 3489 1297 Deo,
3523 1244 3615 1284 ex-

2035 1321 2339 1391 quirentes,
2371 1321 2505 1393 quid
2534 1337 2565 1375 a
2596 1321 2754 1377 vobis
2791 1320 3039 1392 requirat
3068 1320 3373 1389 Dominus;
3414 1331 3471 1377 et
3499 1321 3613 1377 em-

2034 1412 2170 1480 cite,
2198 1421 2259 1467 ut
2284 1412 2423 1469 salvi
2445 1413 2566 1471 sitis
2590 1412 2645 1467 in
2682 1412 2771 1469 die
2800 1412 3014 1484 judicii.
3045 1411 3104 1467 Si
3132 1428 3239 1484 qua
3262 1428 3393 1469 vero
3416 1421 3500 1469 est
3527 1411 3608 1485 [in

2032 1504 2210 1575 vobis]
2238 1505 2364 1560 boni
2396 1505 2723 1572 recordatio,
2750 1513 3087 1560 mementote
3115 1505 3244 1573 mei,
3270 1506 3385 1562 haec
3416 1506 3609 1578 [verba

2031 1598 2178 1671 mea]
2231 1599 2579 1666 meditantes,
2622 1606 2685 1655 ut
2728 1606 2784 1654 ει
2830 1598 3169 1654 desiderium
3217 1606 3272 1653 et
3323 1599 3606 1670 vigilantia

2033 1689 2202 1764 [mea]
2226 1691 2282 1745 in
2310 1691 2530 1761 aliquod
2562 1691 2768 1747 bonum
2794 1690 3010 1746 evadat.
3047 1688 3201 1761 Rogo
3233 1705 3331 1747 vos
3375 1691 3606 1762 gratiam

2030 1783 2312 1853 postulans
2327 1820 2343 1835 .
2370 1782 2509 1836 Cum
2534 1781 2716 1838 adhuc
2742 1782 2802 1839 in
2822 1796 2953 1837 vase
2976 1781 3131 1849 estis,
3156 1782 3213 1835 in
3233 1780 3384 1836 nullo
3407 1781 3604 1836 horum

2032 1870 2466 1946 [mandatorum]
2493 1870 2727 1939 deﬁcite,
2755 1871 2850 1928 sed
2874 1870 3253 1926 indesinenter
3276 1869 3393 1925 haec
3413 1868 3594 1938 exqui-

2031 1965 2157 2033 rite,
2185 1972 2241 2021 ει
2278 1964 2575 2034 adimplete
2607 1979 2772 2019 omne
2816 1963 3140 2020 mandatum
3177 1981 3191 2018 :
3222 1962 3339 2017 haec
3368 1975 3605 2031 namque

2029 2057 2193 2129 digna
2239 2066 2387 2113 sunt.
2447 2056 2633 2123 Quare
2671 2057 3027 2127 potissimum
3078 2055 3134 2112 id
3183 2069 3403 2126 operam
3446 2053 3602 2119 dedi,

2029 2158 2298 2220 quantum
2322 2149 2379 2203 in
2412 2164 2501 2204 me
2530 2148 2655 2217 fuit,
2679 2158 2740 2204 ut
2767 2148 3066 2204 scriberem
3094 2147 3271 2214 vobis,
3303 2160 3415 2217 quo
3447 2145 3604 2201 exhi-

2026 2240 2260 2295 lararem
2291 2255 2412 2295 vos.
2453 2237 2694 2308 Salvete,
2724 2239 2824 2294 ﬁlii
2852 2238 3163 2295 dilectionis
3192 2246 3249 2294 ει
3286 2237 3459 2309 pacis.
3497 2236 3604 2291 Do-

2024 2332 2209 2387 minus
2229 2332 2415 2402 gloriae
2428 2341 2484 2387 et
2510 2332 2692 2388 omnis
2711 2331 2902 2404 gratiae
2930 2331 3004 2389 sit
3025 2346 3152 2387 cum
3175 2329 3371 2402 spiritu
3394 2336 3602 2386 vestro.

2023 2430 2221 2486 Amen.

1650 2564 2023 2625 VARIORUM
2068 2566 2304 2624 NOTAE.

412 2656 529 2732 (85)
560 2656 691 2714 Haec
714 2657 912 2713 recitat
941 2656 1114 2713 Clem.
1139 2656 1299 2714 Alex.
1332 2655 1535 2713 Strom.
1569 2674 1631 2735 tt,
1674 2674 1726 2717 c.
1764 2659 1855 2728 18,
1879 2676 1935 2734 p.
1959 2661 2085 2719 472.

2258 2661 2373 2734 (86)
2401 2661 2457 2719 Id
2489 2670 2574 2719 εει
2592 2678 2805 2733 corpus,
2832 2671 2893 2717 ut
2918 2661 3137 2731 sacpius.

964 2986 1430 3079 DICTUM
1500 2987 1600 3079 S.
1674 2985 2261 3133 BARNABE
2358 2983 2986 3088 APOSTOLI.

1108 3224 1301 3300 Quod
1338 3224 1409 3288 in
1441 3226 1585 3306 ejus
1607 3226 1933 3291 Catholica
1975 3190 2267 3306 Epistola
2306 3241 2437 3288 non
2469 3224 2814 3306 reperitur.

1078 3434 1485 3498 (Gmm.,7et.
1520 3436 1665 3488 Patr.
1690 3433 1941 3499 Biblioth,
1968 3435 2011 3499 Ι,
2036 3435 2147 3500 140,
2165 3451 2229 3490 ea:
2247 3436 2413 3490 codice
2432 3439 2609 3490 Barac.
2631 3435 2865 3503 XXXII.)

360 3640 363 3643 ⁷
410 3648 696 3723 Βαρνάϐας
725 3653 755 3706 6
811 3650 1105 3717 ἀπόστολος
1149 3651 1282 3726 ἔφη’
1328 3653 1418 3708 Ἐν
1464 3652 1720 3725 ἁμίλλαις
1750 3668 1918 3726 πονη-

340 3746 461 3816 ραῖς
505 3741 830 3816 ἀθλιώτερος
874 3746 904 3798 6
936 3745 1162 3817 νικήσας
1184 3784 1200 3812 ,
1236 3744 1371 3801 διότι
1412 3744 1713 3819 ἀπέρχεται
1753 3744 1916 3801 πλέον

336 3836 477 3911 Ιχων
503 3838 605 3912 τῆς
631 3837 925 3913 ἁμαρτίας.

2092 3653 2372 3713 Barnabas
2413 3646 2691 3728 apostolus
2728 3656 2805 3712 ait
2838 3674 2852 3711 :
2904 3653 2963 3709 In
3005 3654 3167 3710 malis
3202 3653 3595 3713 certaminibus

2021 3745 2294 3804 infelicior
2324 3755 2444 3816 est,
2487 3746 2583 3820 qui
2615 3746 2824 3805 vincit:
2874 3745 2989 3802 abit
3015 3744 3194 3815 enim,
3229 3744 3353 3817 plus
3387 3743 3594 3804 habens

2015 3837 2249 3912 peccati.
