4010 6150
432 286 3741 349 rm

1477 327 1668 337 -α

643 594 814 772 S.
947 579 2080 765 MAT‘THIAS
2199 735 2226 758 κ

1922 580 2080 762 ιδ
2199 577 3504 764 APOSTOLUS

1553 1225 2579 1357 FRAGMENTA.

446 1571 562 1657 (Ex
623 1570 950 1636 Clemente
1003 1563 1464 1638 Alexandrino,
1519 1556 1927 1657 Stronglibi
1959 1553 2536 1657 11,-”lillpL9ri‘l‘ib.
2574 1571 2689 1626 ιιι,
2746 1569 2885 1634 cap.
2940 1555 3012 1629 lt;
3067 1553 3235 1633 Opp.
3309 1561 3462 1617 tom.
3495 1554 3548 1626 Ι,
3609 1555 3736 1617 ed.

1720 1637 1951 1699 Venet.
1989 1633 2181 1711 1757,
2211 1633 2405 1696 in-fol
2421 1637 2463 1712 .)

2089 2125 2133 2180 l.

525 2339 739 2410 Ταύτης
779 2337 837 2392 δὲ
872 2334 990 2409 (τῆς
1029 2331 1304 2406 ἀληθείας)
1352 2329 1495 2402 ἀρχὴ
1537 2326 1600 2380 τὸ
1642 2324 1921 2398 θαυμάσαι
1971 2320 2041 2376 τὰ

2217 2321 2351 2393 Ejus
2379 2329 2560 2376 autem
2593 2321 2881 2392 (veritatis)
2913 2330 2998 2376 est
3039 2323 3366 2392 principium
3411 2337 3499 2376 res
3545 2318 3735 2374 admi-

456 2433 754 2504 πράγματα
778 2471 794 2496 ,
851 2430 927 2494 ὡς
988 2428 1214 2482 Πλάτων
1277 2425 1335 2477 ὲν
1379 2420 1674 2489 Θεαιτήτῳ
1705 2418 1890 2487 λέγει·
1949 2415 2039 2469 καὶ

2152 2415 2292 2482 rari,
2332 2424 2392 2469 ut
2436 2414 2571 2469 dicit
2613 2413 2767 2468 Plato
2811 2414 2866 2467 in
2919 2410 3180 2469 Theteteto
3205 2430 3224 2480 ;
3273 2422 3327 2468 et
3370 2410 3735 2466 MATTHIAS

458 2523 853 2579 ΜΑΤΘΙΑΣιὲν
896 2522 1016 2583 ταῖς
1028 2513 1404 2584 Παραδόσεσι
1420 2510 1698 2583 παραινῶν
1717 2527 1729 2540 ’
1772 2529 1790 2561 ι
1819 2507 2041 2580 Θαύμα-

2148 2509 2446 2565 adhortans
2480 2507 2532 2561 iu
2571 2505 2964 2562 Traditionibus
2991 2515 3010 2556 :
3033 2505 3357 2560 «Admirare
3380 2504 3727 2574 praesentia,»

462 2633 554 2668 σον
599 2614 669 2667 τὰ
714 2612 955 2684 παρόντα
993 2610 1104 2680 (1),
1135 2627 1152 2658 ι
1204 2604 1409 2676 βαθμὸν
1455 2601 1646 2656 τοῦτον
1695 2601 1910 2671 πρῶτον
1942 2598 2044 2669 τῆς

2148 2615 2272 2654 eum
2304 2613 2425 2656 esse
2451 2597 2688 2669 primum
2705 2595 2940 2667 gradum
2966 2605 3212 2651 statuens
3236 2596 3516 2652 ulterioris
3541 2593 3731 2665 cogni-

461 2705 718 2760 ὲπέκεινα
737 2703 989 2772 γνώσεως
1021 2697 1423 2767 ὑποτιθέμενος.
2151 2685 2336 2741 tionis.

2078 2863 2146 2919 ll.

538 3061 769 3130 Λέγουσι
798 3058 850 3127 γ’
893 3049 986 3109 οὖν
1017 3054 1110 3108 καὶ
1141 3052 1232 3106 τὸν
1264 3051 1575 3107 ΜΑΤΘΙΑΝ
1603 3051 1775 3116 οὕτως
1806 3048 2046 3116 διδάξαι·

2231 3041 2429 3098 Dicunt
2460 3041 2644 3111 itaque
2674 3039 3036 3095 MATTHIAM
3064 3055 3283 3112 quoque
3312 3042 3392 3096 sic
3431 3041 3682 3096 docuisse
3709 3079 3725 3105 ,

473 3175 492 3206 α
521 3152 688 3226 Σαρκὶ
714 3149 813 3222 μὲν
839 3147 1104 3220 μάχεσθαι
1128 3145 1223 3199 καὶ
1247 3143 1632 3218 παραχρῆσθαι
1651 3186 1666 3210 ,
1721 3143 1891 3216 μηθὲν
1913 3143 2048 3214 αὐτῇ

2163 3154 2184 3190 ι
2214 3137 2350 3191 Cum
2397 3152 2562 3192 carne
2608 3135 2827 3207 quidem
2877 3151 3119 3207 pugnare
3147 3144 3203 3191 et
3249 3151 3311 3192 ea
3357 3135 3465 3198 uti,
3499 3134 3631 3190 nihil
3678 3136 3727 3190 ei

470 3243 606 3318 πρὸς
643 3241 835 3314 ἡδονὴν
880 3237 1175 3294 ἀκόλαστον
1218 3236 1519 3291 ὲνδιδόντα’
1565 3235 1741 3308 ψυχὴν
1781 3235 1838 3289 δὲ
1866 3233 2050 3301 αὔξειν

2156 3227 2493 3299 impudicum
2523 3227 2803 3298 largiendo
2842 3227 2910 3282 ad
2940 3227 3299 3298 voluptatem;
3328 3243 3528 3296 augere
3549 3235 3727 3282 autem

470 3335 556 3392 διὰ
580 3335 814 3398 πίστεως
835 3333 927 3387 καὶ
948 3330 1199 3401 γνώσεως
1248 3349 1268 3383 ι
1403 3351 1411 3363 ·

2159 3321 2397 3377 animam
2426 3336 2521 3391 per
2543 3321 2702 3376 {idem
2733 3329 2787 3375 et
2816 3319 3204 3392 cognitionem.
3229 3337 3248 3372 ι

1741 3761 1889 3852 AD
1913 3759 2499 3858 NOTATIO.

563 4004 640 4077 (l)
680 4001 850 4060 Vetus
875 4015 959 4059 εει
978 4001 1123 4073 apud
1147 4001 1476 4058 Clementem
1502 4000 1929 4057 Alexandrinum
1979 4002 2035 4058 in
2065 4000 2307 4058 secundo
2358 3999 2669 4056 Stromateo
2696 4000 2928 4072 apostoli
2951 3999 3189 4055 Matthiae
3211 4000 3417 4057 dictum
3437 4043 3454 4070 ,
3488 4000 3541 4055 iu
3561 3999 3734 4054 Tradi-

471 4098 698 4155 tionibus
723 4140 737 4167 ,
788 4095 936 4167 quod
959 4095 1221 4148 admirari
1243 4095 1391 4166 jubet
1424 4096 1735 4165 prtesentia,
1765 4111 1828 4152 ac
1851 4112 1950 4167 per
1971 4112 2036 4152 ea
2059 4112 2162 4152 nos
2187 4095 2455 4168 gradatim
2481 4095 2549 4150 ad
2578 4096 2892 4152 ulteriorem
2915 4138 2931 4162 ,
2959 4097 3063 4151 hoc
3088 4105 3174 4154 est
3196 4098 3507 4153 divinarum
3536 4110 3730 4158 rerum,

481 4190 844 4260 cognitionem
877 4189 1145 4244 attollere.
1173 4188 1287 4242 lmo
1317 4187 1448 4257 quia
1478 4202 1583 4242 vox
1616 4188 1732 4257 ipsa
1762 4187 2063 4260 θαυμάζειν
2100 4204 2209 4244 non
2247 4188 2438 4242 mirari
2477 4189 2691 4255 solum,
2729 4188 2823 4246 sed
2857 4188 3020 4243 etiam
3056 4190 3284 4258 discere,
3323 4206 3388 4246 ac
3426 4188 3730 4258 discipulum

480 4298 592 4337 esse
613 4283 920 4354 signiﬁcat,
946 4293 1007 4338 ut
1043 4281 1389 4354 grammatici
1416 4281 1618 4337 docent
1639 4322 1654 4348 ,
1685 4293 1742 4337 et
1770 4283 1914 4338 inter
1949 4298 2046 4339 eos
2077 4281 2386 4355 Hesychius
2407 4326 2422 4351 ,
2455 4283 2543 4340 his
2575 4285 2724 4340 velut
2755 4285 3033 4356 magistris
3067 4297 3131 4337 ac
3164 4281 3514 4346 doctoribus,
3549 4281 3616 4336 ad
3644 4278 3730 4333 Dei

481 4376 734 4432 notitiam
761 4377 1027 4447 prolicere
1053 4417 1069 4443 ,
1094 4391 1162 4430 ac
1194 4375 1273 4429 sic
1307 4383 1565 4446 tanquam
1595 4376 1648 4431 in
1681 4376 1812 4431 ludo
1838 4377 2079 4446 quodam
2102 4385 2155 4432 et
2178 4377 2366 4432 schola
2395 4376 2594 4432 divinae
2628 4377 3107 4450 contemplationis
3127 4415 3144 4442 ,
3177 4376 3232 4429 in
3265 4376 3370 4430 hac
3407 4389 3590 4430 rerum
3621 4372 3732 4428 uni-

484 4475 744 4530 versitate
772 4475 978 4530 versari
1008 4489 1112 4531 nos
1136 4473 1352 4528 volebat
1386 4474 1687 4543 apostolus.
1719 4473 1930 4530 Tritum
1964 4475 2098 4530 illud
2127 4485 2213 4531 est
2239 4491 2343 4531 usu
2369 4477 2697 4546 scriptorum
2727 4472 2974 4528 omnium
2995 4512 3010 4536 ,
3042 4485 3107 4526 ac
3135 4486 3386 4526 sermone
3432 4467 3729 4532 communi,

485 4568 634 4636 quod
664 4583 896 4639 magnus
941 4567 1033 4623 ille
1074 4567 1412 4638 praedicabat
1459 4568 1764 4623 Antonius:
1798 4568 2059 4642 grandem
2107 4585 2230 4625 esse
2261 4573 2460 4625 librum
2502 4569 2770 4625 mundum
2805 4568 2990 4634 hunc,
3023 4568 3080 4622 in
3115 4581 3245 4638 quo,
3269 4565 3423 4620 velut
3455 4560 3732 4632 antiquari:

487 4659 649 4730 periti
677 4674 879 4725 manu,
923 4659 1314 4730 pulcherrimis
1354 4661 1660 4717 litterarum
1696 4665 1840 4719 notis
1881 4664 2124 4720 auctoris
2165 4681 2338 4729 IDSIUS
2377 4673 2701 4719 ornamenta
2741 4664 3012 4732 descripta
3065 4670 3213 4716 sunt.
3253 4658 3319 4714 In
3361 4656 3732 4730 pulchritudine

488 4751 605 4806 (τα)ιὶ
630 4759 678 4805 et
712 4761 867 4806 terra:
888 4751 986 4822 (ait
1011 4761 1215 4808 auctor
1235 4753 1492 4825 Epistolaa
1513 4759 1581 4814 ad
1605 4758 2026 4821 Demetriadem,
2046 4773 2169 4827 quae
2191 4766 2274 4811 est
2297 4758 2436 4811 inter
2459 4757 2849 4813 Ambrosianas
2876 4757 2966 4826 5'5)
2985 4754 3256 4826 :quazdam
3285 4762 3406 4807 sunt
3435 4754 3658 4824 paginis,
3671 4751 3731 4804 ad

489 4846 725 4899 omnium
754 4845 933 4898 oculos
955 4860 1156 4914 semper
1180 4855 1436 4915 patentes,
1456 4859 1505 4902 et
1531 4860 1799 4904 auctorem
1830 4864 1985 4901 suum
2023 4863 2291 4916 nunquam
2313 4857 2540 4902 tacentes
2558 4889 2572 4909 ,
2598 4865 2824 4919 quarum
2850 4849 3162 4918 protestatio
3184 4847 3480 4901 doctrinam
3507 4847 3734 4900 imitatur

491 4939 869 5009 magistrorum
890 4978 903 5002 ,
931 4945 980 4989 et
1013 4935 1222 5007 eloquia
1247 4936 1672 5010 Scripturarum.
1705 4942 1913 5012 Atque,
1943 4953 2004 4996 ut
2034 4939 2328 4997 Facundus
2355 4937 2766 4996 Hermianensis
2794 4941 2932 4995 libro
2964 4955 3042 4993 xu
3070 4940 3290 5005 scribit,
3325 4937 3476 4992 Sicut
3509 4938 3646 4991 nobis
3671 4937 3732 4990 ad

493 5048 667 5086 rerum
704 5031 1146 5101 signiﬁcationem
1175 5033 1329 5086 verba
1358 5043 1479 5087 sunt
1507 5033 1636 5087 data
1655 5075 1671 5101 ,
1700 5034 1777 5087 sic
1804 5037 2148 5104 omnipotens
2189 5035 2360 5101 Deus,
2395 5035 2546 5104 cujus
2577 5033 2827 5102 potestati
2855 5032 3090 5096 subiecta
3119 5042 3242 5085 sunt
3269 5033 3448 5086 omnia
3467 5074 3482 5099 ,
3510 5040 3560 5085 et
3599 5029 3732 5098 cujus

493 5125 753 5196 sapientia
777 5124 1121 5194 singulariter
1144 5127 1284 5180 novit
1322 5126 1377 5178 in
1398 5142 1552 5178 usum
1576 5126 1835 5181 doctrina:
1857 5129 2020 5182 etiam
2045 5128 2382 5182 voluntarios
2407 5126 2748 5181 nescientium
2770 5135 2942 5179 motus
2965 5127 3326 5180 convenienter
3355 5135 3568 5196 aptare,
3589 5141 3732 5194 quas-

493 5233 695 5288 cunque
718 5232 797 5270 res
826 5215 1064 5284 uoluerit,
1091 5227 1213 5270 actu
1243 5227 1501 5272 creatura:
1531 5234 1642 5273 sua:
1663 5219 2493 5290 signiﬁcat.—Quemadmodum
2527 5218 2711 5288 igitur,
2745 5226 2803 5271 ut
2825 5216 3116 5288 Augustini
3156 5219 3338 5275 verbis
3378 5220 3667 5284 absolvam,
3691 5220 3733 5274 si

492 5313 701 5368 litteras
745 5308 992 5379 pulchras
1039 5309 1238 5363 alicubi
1277 5305 1691 5380 ~inspiceremus,
1741 5329 1845 5366 non
1891 5313 2040 5367 nobis
2087 5315 2346 5384 sufﬁceret
2391 5312 2617 5367 laudare
2660 5311 2932 5381 scriptoris
2987 5313 3310 5379 articulum,
3365 5314 3622 5385 quomodo
3655 5330 3733 5368 cas

493 5404 688 5472 pariles
709 5444 724 5468 ,
750 5400 976 5471 tequales
997 5444 1011 5469 ,
1045 5404 1362 5473 decorasque
1388 5403 1511 5473 fecit
1529 5447 1545 5471 ,
1573 5405 1675 5460 nisi
1700 5407 1861 5460 etiam
1887 5405 2169 5477 legerimus
2189 5448 2205 5473 ,
2230 5407 2356 5478 quid
2391 5405 2548 5461 nobis
2580 5421 2672 5474 per
2707 5403 2834 5458 illas
2872 5405 3184 5460 indicaverit
3211 5423 3230 5460 :
3259 5409 3337 5461 ita
3378 5407 3475 5461 Dei
3503 5423 3629 5478 opus
3657 5422 3735 5476 qu.

497 5505 704 5551 tantum
731 5499 979 5569 inspicit,
1010 5498 1306 5553 delectatur
1332 5498 1730 5566 pulchritudine
1759 5502 1926 5569 operis
1951 5542 1966 5568 ,
1997 5509 2056 5554 ut
2091 5501 2394 5556 admiretur
2432 5499 2690 5568 artificem
2707 5515 2726 5563 ;
2753 5498 2844 5569 qui
2880 5509 3058 5553 autem
3105 5500 3385 5573 intelligit,
3413 5503 3568 5556 σειαεί
3609 5501 3738 5571 legit.

497 5584 612 5641 Hoc
635 5597 750 5642 est:
778 5589 1076 5659 θαυμάζειν
1101 5587 1170 5640 τὰ
1195 5589 1436 5660 παρόντα
1453 5630 1468 5644 .
1497 5604 1606 5644 non
1636 5591 1872 5646 otiosum
1905 5601 2080 5661 specta

2155 5607 2267 5647 rem
2301 5601 2356 5646 et
2387 5590 2784 5646 admiratorem
2824 5604 2984 5655 esse,
3018 5591 3112 5646 sed
3160 5593 3414 5665 docilem,
3450 5595 3738 5666 intelligen-

499 5690 715 5750 temquc
737 5680 1083 5751 discipulum.
1117 5712 1186 5722 —
1214 5679 1484 5739 Penvtus
1504 5722 1518 5744 ,
1563 5680 1874 5753 Theologica
1903 5683 2161 5754 Dogmata
2182 5724 2197 5752 ,
2225 5692 2264 5738 t.
2299 5680 2367 5740 Ill
2387 5721 2404 5748 ,
2435 5680 2514 5736 De
2542 5680 2760 5751 opiﬁcio
2787 5695 2839 5735 Vl
2862 5679 3069 5734 dierum
3090 5723 3104 5749 ,
3139 5699 3192 5756 p.
3225 5683 3348 5739 221.
