4010 6150
383 645 541 801 S.
691 638 2303 800 BARTHOLOMXEUS
2448 606 3626 798 APOSTOLUS.

1292 1197 2104 1315 SENTENTIA
2221 1199 2736 1317 BREVIS

1911 1497 2096 1559 QUAM

380 1732 523 1796 SUB
568 1731 884 1794 NOMINE
935 1733 1550 1795 BARTHOLOMIEI
1603 1729 2003 1794 APOSTOLI
2060 1731 2381 1792 AFFEBT
2465 1731 2525 1791 S.
2604 1726 3032 1791 DIONYSIUS
3089 1722 3629 1786 AREOPAGITA.

747 1963 840 2025 (De
859 1963 1060 2026 mystica
1084 1964 1337 2033 theologia,
1363 1981 1467 2031 cap.
1499 1969 1546 2028 1,
1572 1969 1696 2033 Opp.
1722 1973 1840 2020 tom.
1863 1966 1903 2030 Ι,
1929 1968 2010 2019 ed.
2034 1968 2276 2029 Corderii,
2302 1966 2548 2028 Venetiis,
2575 1966 2715 2020 1755.
2739 1965 2951 2028 ln-l'olio,
2980 1977 3089 2027 pag.
3115 1962 3245 2016 5-H.)

1977 2186 2048 2201 —

447 2372 603 2426 Οὕτω
647 2374 778 2443 γοῦν
813 2379 842 2431 ὁ
879 2377 1022 2442 θεῖος
1060 2379 1584 2436 ΒΑΡΘΟΛΟΜΑΙΟΣ
1633 2401 1766 2454 φησι
1811 2402 1829 2436 t
1859 2386 1952 2438 καὶ

2135 2381 2250 2437 Hac
2289 2382 2475 2451 utique
2498 2381 2705 2434 ratione
2734 2377 2891 2433 divus
2923 2369 3516 2429 BARTHOLOMEUS
3565 2372 3637 2426 ait

379 2459 580 2532 πολλὴν
607 2463 705 2534 τὴν
738 2465 1015 2536 Θεολογίαν
1067 2465 1205 2522 εἶναι
1254 2471 1347 2524 καὶ
1395 2471 1715 2544 ἐλαχίστηνο
1750 2474 1845 2526 καὶ
1897 2485 1960 2525 το

2070 2493 2090 2527 ε
2120 2482 2176 2528 et
2204 2473 2484 2543 c0piosam
2523 2487 2646 2527 esse
2673 2471 3000 2541 theologiam
3030 2475 3084 2522 et
3119 2466 3440 2531 minimam;
3477 2472 3639 2534 atque

380 2552 706 2698 Εὲαγγέλιον
739 2557 912 2612 πλατὺ
947 2560 1041 2614 καὶ
1081 2561 1223 2633 μέγα
1245 2602 1260 2624 ,
1315 2563 1409 2616 καὶ
1452 2559 1602 2627 αὖθις
1656 2581 1958 2636 συντετμη-

383 2661 422 2698 μ
453 2664 558 2698 νον.
592 2667 609 2698 ι

2067 2564 2423 2636 Evangelium
2453 2564 2694 2635 amplum
2731 2571 2787 2619 et
2818 2574 3076 2632 magnum
3099 2601 3116 2626 ,
3141 2568 3196 2614 et
3229 2573 3424 2615 rursus
3452 2557 3639 2612 conci-

2069 2672 2207 2698 cum,
2243 2675 2262 2698 Ι

382 2661 558 2714 μενον.
592 2667 609 2700 ι

2068 2672 2213 2712 sum.
2242 2675 2261 2708 ι

1163 3052 1550 3146 CORDE
1572 3055 1746 3144 RII
1823 3048 2802 3156 COMMENTARIUM

463 3311 577 3365 "ac
601 3313 778 3380 utique
805 3311 1009 3364 ratione
1040 3308 1109 3361 D.
1143 3307 1598 3363 Bartholomwus.
1636 3307 1791 3363 Unde
1821 3306 2115 3376 colligitur,
2140 3313 2390 3359 sanetum
2415 3302 2870 3359 Bartholomaeum
2903 3305 3084 3374 aliqua
3118 3304 3282 3359 etiam
3332 3303 3636 3372 theologica

383 3403 673 3470 scripsisse
693 3442 707 3465 ,
743 3402 820 3455 uti
845 3411 898 3456 et
932 3401 1070 3455 alios
1096 3402 1376 3469 apostolos
1407 3402 1718 3457 verosimile
1740 3410 1825 3457 est
1844 3441 1858 3467 ,
1889 3401 1958 3456 de
1990 3399 2157 3454 rebus
2189 3414 2251 3453 ac
2273 3398 2670 3469 quaestionibus
2693 3397 2896 3453 divinis
2922 3411 3018 3466 per
3047 3398 3331 3467 epistolam
3360 3413 3460 3466 pro
3481 3412 3638 3452 occa-

384 3496 542 3551 sione
564 3493 928 3562 interrogatos
948 3533 963 3559 ,
989 3492 1056 3546 de
1085 3492 1278 3547 iisdem
1302 3493 1465 3547 verba
1506 3493 1698 3548 saltem
1725 3493 1930 3564 scripto
1956 3490 2337 3562 respondisse,
2366 3499 2420 3547 et
2449 3489 2844 3546 sublimissima
2865 3530 2879 3555 ,
2910 3504 3033 3560 quae
3053 3505 3120 3544 ex
3153 3490 3274 3559 ipso
3303 3488 3414 3545 Deo
3443 3491 3639 3546 hause.

327 3631 334 3636 .
383 3596 511 3648 rant
539 3587 796 3651 oracula,
823 3585 1145 3652 tradidisse,
1174 3601 1297 3656 quae
1341 3587 1658 3657 aliquandiu
1679 3627 1694 3654 ,
1724 3586 1800 3640 uti
1838 3585 2018 3641 solent
2039 3585 2317 3655 epistolae,
2353 3582 2808 3648 asservabantur,
2836 3591 2892 3636 et
2938 3579 3236 3635 Catholicis
3266 3580 3638 3636 communica-

384 3681 608 3742 bantur.
635 3681 729 3736 sed
757 3679 1104 3750 postmodum
1137 3689 1444 3751 temporum
1478 3679 1697 3750 injuriis
1746 3677 2146 3735 interciderint.
2181 3677 2273 3732 Ait
2300 3686 2349 3732 et
2375 3678 2643 3747 copiosam
2657 3689 2767 3729 esse
2790 3671 3125 3743 theologiam,
3143 3671 3196 3726 id
3212 3681 3293 3725 est
3307 3668 3508 3738 fusam,
3530 3687 3636 3742 qua

330 3834 336 3840 _
385 3779 544 3841 parte
567 3771 818 3826 videlicet
835 3785 902 3824 ex
934 3771 1206 3826 creaturis
1230 3780 1290 3826 ut
1316 3771 1556 3833 etl‘ectis.
1592 3780 1851 3840 tanquam
1891 3783 1923 3822 a
1957 3769 2263 3839 posteriore
2286 3811 2301 3837 ,
2333 3777 2392 3823 ut
2426 3768 2583 3821 aiunt
2611 3765 2954 3837 philosophi,
2985 3763 3042 3818 in
3069 3763 3334 3819 creatoris
3360 3777 3425 3818 ac
3458 3778 3639 3819 causa:

386 3865 578 3936 primae
603 3862 853 3918 notitiam
884 3863 1342 3935 devenitur,.quae
1367 3864 1592 3935 quidem
1637 3879 1765 3933 pars
1791 3871 1875 3919 est
1907 3862 2196 3933 theologia:
2227 3860 2658 3917 demonstrantis
2678 3900 2692 3924 ,
2728 3859 2810 3914 vel
2835 3865 2982 3914 certe
3010 3874 3120 3928 qua
3154 3869 3306 3930 parte
3338 3861 3635 3930 symbolica

385 3966 504 4026 est,
535 3973 659 4028 quae
681 3965 816 4013 teste
839 3955 1103 4030 Dionysio
1131 3974 1253 4029 cap.
1283 3974 1399 4029 seq.
1444 3959 1602 4029 longe
1645 3957 1924 4014 fusissima
1951 3956 2167 4011 exsistit
2199 3971 2212 4007 :
2243 3964 2294 4009 et
2341 3955 2650 4018 minimam,
2693 3953 2746 4006 id
2772 3960 2858 4008 est
2898 3951 3279 4007 brevissimam
3300 3993 3323 4021 ,
3346 3969 3453 4023 qua
3487 3961 3640 4023 parte

327 4116 332 4121 ,
386 4054 650 4109 nimirum
682 4052 911 4124 mystica
940 4063 1056 4114 est,
1091 4062 1152 4108 ut
1175 4052 1377 4108 ibidem
1403 4052 1697 4125 Dionysius
1723 4052 1986 4122 explicat;
2019 4051 2105 4105 vel
2140 4061 2291 4106 certe
2317 4049 2447 4120 quia
2477 4047 2622 4104 Deus
2655 4064 2685 4103 a
2712 4047 2882 4118 priori
2910 4048 3411 4104 indemonstrabilis
3435 4061 3554 4116 est,
3580 4062 3639 4108 ut

388 4163 604 4204 carens.
638 4146 808 4217 Atque
838 4146 1183 4218 Evangelium
1223 4145 1456 4216 amplum
1493 4156 1543 4200 et
1586 4161 1873 4216 magnum,
1915 4145 2127 4202 scilicet
2175 4151 2395 4214 prepter
2439 4157 2625 4197 rerum
2669 4157 2810 4213 quas
2849 4143 3093 4198 continet
3126 4145 3544 4214 amplitudinem
3584 4158 3639 4203 et

390 4241 750 4312 granditatem
771 4284 786 4309 ,
810 4251 860 4296 et
892 4259 1074 4295 rursus
1098 4242 1367 4296 concisum
1395 4256 1490 4296 seu
1513 4249 1879 4313 contractum,
1907 4241 1960 4295 id
1982 4249 2067 4295 est
2089 4239 2173 4310 (ut
2196 4253 2297 4309 ego
2318 4237 2538 4308 quidem
2565 4235 2914 4306 interpretor)
2940 4236 3087 4292 mole
3109 4237 3327 4306 quidem
3354 4239 3636 4309 exiguum,

371 4347 556 4390 sensu
604 4345 785 4389 autem
829 4345 883 4390 et
927 4334 1262 4405 perfectione
1311 4334 1633 4388 maximum.
1674 4331 1826 4389 Unde
1868 4333 2164 4404 Apostolus
2214 4333 2391 4404 (Rom.
2423 4348 2500 4398 ιχ,
2549 4330 2644 4400 28)
2678 4330 2911 4399 appellat
2948 4331 3177 4386 verbum
3223 4332 3636 4394 abbreviatum.

391 4435 579 4498 utpote
612 4429 904 4484 continens
936 4429 1317 4484 brevissimum
1350 4428 1472 4483 ﬁdei
1500 4434 1555 4483 et
1575 4427 1884 4484 dilectionis
1916 4436 2243 4498 praeceptum
2263 4470 2278 4494 ,
2315 4428 2460 4498 quod
2503 4442 2601 4498 pro
2631 4426 2846 4481 cunctis
2875 4425 3112 4482 sinuosae
3137 4424 3271 4496 legis
3300 4425 3641 4481 cmremoniis

393 4518 679 4575 successit.
701 4519 780 4574 lta
811 4520 1104 4576 Anselmus
1123 4530 1178 4576 et
1199 4521 1589 4578 (Ecumcnius.
1614 4521 1706 4577 Vel
1738 4522 1866 4592 quia
1893 4522 2136 4578 continet
2162 4521 2401 4578 Verbum
2426 4522 2769 4579 incarnatum
2787 4560 2804 4588 ,
2827 4519 2894 4576 ad
2921 4518 3161 4586 hominis
3190 4505 3366 4590 usque
3389 4526 3642 4574 naturam

319 4673 326 4678 _
397 4613 772 4672 abbreviatum
806 4623 861 4672 et
889 4614 1230 4673 exinanitum
1255 4659 1270 4687 ,
1302 4619 1450 4689 quod
1481 4618 1663 4674 salvas
1693 4613 1821 4671 fecit
1851 4616 2111 4686 reliquias
2147 4613 2334 4671 Israel.
2855 4621 2859 4624 ’
