4074 6154
473 429 3711 473 M

842 708 1199 921 AN
1214 708 2019 920 ACLE']

2122 704 2422 919 US
2634 705 3320 920 ΡΑΡΑ

1771 1265 2428 1397 ΝΟΤΙΤΙΑ

1231 1536 1325 1600 (Ex
1352 1535 1495 1589 Libro
1516 1533 1782 1601 pontificali
1801 1535 1996 1588 Damasi
2018 1548 2176 1599 papae,
2209 1549 2290 1598 ap.
2313 1534 2485 1597 Μλκει,
2511 1534 2715 1599 Cancil.,
2739 1534 2781 1593 1,
2809 1534 2944 1597 597.)

530 1708 827 1766 Anacletus
866 1708 945 1781 (l)
985 1709 1206 1765 natione
1264 1708 1486 1767 Grmcus
1511 1711 1530 1742 ¹
1587 1725 1654 1766 ex
1703 1720 1857 1779 patre
1908 1710 2213 1776 Antiocho,
2255 1708 2397 1765 sedit
2444 1722 2621 1764 annos
2665 1722 2896 1775 novem,
2944 1722 3162 1764 menses
3205 1716 3317 1765 tres
3360 1706 3517 1780 (cod.
3551 1708 3710 1768 Luc“

460 1803 635 1876 duos]
660 1845 676 1871 ,
712 1804 830 1860 dies
857 1803 1077 1873 decem;
1113 1803 1218 1859 fuit
1252 1814 1434 1860 autem
1460 1803 1795 1874 temporibus
1824 1800 2118 1859 Domitiani
2138 1802 2238 1873 (2),
2268 1818 2299 1857 a
2326 1802 2612 1858 consulatu
2643 1800 2937 1856 Domitiani
2968 1802 3181 1858 decimo
3206 1812 3261 1857 et
3293 1800 3502 1870 S'abini,
3534 1814 3713 1873 usque

460 1898 531 1953 ad
585 1896 956 1953 Domitianum
1007 1898 1219 1954 decimo
1276 1899 1509 1969 septimo
1560 1898 1639 1969 (5)
1678 1906 1733 1953 et
1778 1896 2110 1953 Clementem
2160 1896 2433 1953 consules.
2468 1894 2568 1951 Hic
2605 1895 2926 1951 memoriam
2958 1895 3103 1950 beati
3139 1894 3282 1950 Petri
3312 1894 3626 1950 construxit
3656 1902 3713 1949 et

460 1991 767 2061 composuit
794 1992 906 2063 (4),
936 1990 1063 2047 dum
1104 1991 1383 2063 presbyter
1410 1989 1587 2048 iactus
1617 1990 1814 2047 fuisset
1864 2005 1896 2046 a
1938 1989 2100 2046 beato
2142 1989 2335 2055 Petro,
2369 2005 2465 2046 seu
2501 1989 2607 2044 alia
2650 1989 2799 2056 loca,
2847 1990 2939 2044 ubi
2986 1989 3227 2060 episcopi
3279 1990 3711 2047 reconderentur

460 2084 754 2154 sepulturae
783 2103 797 2139 :
826 2082 919 2140 ubi
952 2092 1131 2140 autem
1162 2093 1218 2140 et
1248 2085 1363 2156 ipse
1393 2085 1636 2154 sepultus
1666 2093 1752 2139 est
1784 2084 1840 2138 in
1869 2099 2023 2154 pace,
2052 2084 2209 2155 juxta
2252 2099 2454 2153 corpus
2494 2083 2641 2138 beati
2685 2080 2829 2138 Petri
2850 2124 2865 2146 ,
2892 2084 3051 2137 tertio
3074 2084 3200 2139 ldus
3246 2081 3397 2140 Julii.
3444 2082 3546 2139 llic
3577 2082 3711 2139 fecit

459 2173 835 2231 ordinationes
878 2175 1017 2233 duas
1070 2175 1260 2248 [juxta
1305 2174 1614 2244 Plotinam,
1659 2175 1849 2249 unam]
1894 2191 1988 2247 per
2038 2193 2279 2257 mensem
2330 2176 2717 2241 Decembrem,
2757 2175 3100 2247 presbyteros
3145 2177 3420 2248 quinque,
3445 2176 3714 2233 diaconos

462 2273 591 2336 tres,
625 2268 912 2340 episcopos
956 2284 1055 2341 per
1084 2270 1300 2331 diversa
1322 2269 1443 2326 loca
1471 2285 1703 2333 numero
1736 2285 1851 2327 sex.
1879 2268 1947 2325 Et
1973 2272 2212 2329 cessavit
2238 2272 2586 2342 episcopatus
2614 2270 2730 2327 dies
2756 2284 2881 2325 xm.

540 2472 557 2504 ι
577 2468 653 2526 De
686 2470 934 2533 Athenis.

1990 2649 2223 2706 NOTIE.

533 2878 609 2950 (1)
648 2878 954 2934 Anacletus.
1009 2875 1140 2930 Post
1182 2875 1551 2944 interregnum
1592 2881 1828 2943 quatuor
1867 2887 2025 2926 men-

462 2970 605 3025 sium
654 2978 709 3025 et
760 2970 944 3024 decem
990 2968 1227 3035 dierum,
1281 2981 1426 3021 anno
1465 2965 1669 3023 Christi
1698 2964 1801 3019 105
1851 2962 2025 3035 [102],

460 3060 686 3132 Trajani
736 3060 1081 3130 imperatoris
1132 3075 1205 3127 tv,
1238 3059 1395 3114 tertia
1440 3058 1529 3113 die
1560 3058 1764 3113 mensis
1802 3057 2026 3126 Aprilis,

456 3151 751 3211 Anacletus
793 3150 983 3205 multis
1033 3150 1197 3204 rebus
1229 3148 1486 3219 praeclare
1522 3149 1687 3218 gestis
1734 3148 2025 3203 celeberri-

459 3257 612 3305 mus,
643 3239 968 3296 Christianae
1006 3240 1284 3312 religionis
1328 3254 1605 3294 summum
1650 3238 2027 3309 pontiﬁcatum

460 3333 710 3404 adeptus,
741 3330 1007 3387 Clementi
1038 3347 1133 3402 per
1161 3331 1483 3401 martyrium
1514 3329 1731 3386 sublato
1762 3330 2028 3401 subroga-

459 3436 573 3481 tur.
603 3424 759 3492 Quod
791 3424 948 3480 Liber
979 3426 1300 3496 pontiﬁcalis
1353 3423 1409 3477 in
1434 3420 1557 3478 Vita
1585 3422 1882 3482 Clementis
1912 3424 2024 3494 epi-

465 3528 753 3589 scopatum
786 3514 1044 3570 Romanae
1067 3513 1323 3571 Ecclesiae
1364 3515 1557 3586 viginti
1596 3515 1790 3572 diebus
1831 3526 1887 3572 et
1919 3532 2028 3575 uno

458 3626 707 3667 cessasse
754 3609 968 3674 scribit,
995 3609 1085 3664 vix
1122 3617 1207 3665 est
1243 3609 1520 3677 credibile,
1552 3625 1677 3665 cum
1722 3620 1832 3665 tant
1874 3610 2025 3665 brevi

458 3702 726 3771 temporis
754 3702 930 3769 spatio
978 3702 1299 3771 martyrium
1333 3700 1645 3767 Clementis,
1682 3700 2027 3758 Chersoneso

458 3803 614 3849 trans
642 3792 874 3848 Pontum
909 3792 1036 3858 sita,
1070 3792 1299 3847 Romam
1350 3794 1589 3849 nuntiari
1629 3809 1735 3849 non
1764 3794 2018 3866 potuerit.

459 3884 662 3941 Baron.
705 3898 848 3938 anno
875 3884 998 3950 102,
1049 3900 1201 3939 num.
1226 3885 1281 3951 2,
1331 3894 1384 3939 et
1410 3901 1526 3956 seq.
1586 3902 1753 3953 anno,
1782 3902 1933 3942 num.
1965 3887 2021 3942 2.

459 3974 616 4032 Unde
669 3976 928 4031 acciderit
977 3977 1121 4047 quod
1148 3977 1440 4034 Anacletus
1474 3995 1506 4033 a
1535 3978 1873 4037 Tertulliano
1904 3981 2027 4037 Cle—

461 4069 633 4124 menti
664 4078 1044 4139 anteponatur,
1077 4070 1145 4124 ab
1176 4068 1478 4140 Epiphanio
1507 4082 1687 4127 autem
1721 4073 1915 4131 haeresi
1950 4076 2020 4130 27

462 4163 624 4235 plane
656 4163 961 4226 omittatur,
1011 4178 1172 4233 supra
1220 4164 1459 4219 diximus
1498 4164 1551 4218 in
1580 4167 2022 4227 adnotationibus

463 4256 531 4311 ad
544 4254 725 4312 Vitam
752 4253 1067 4310 Clementis.
1107 4254 1232 4311 Sev.
1264 4255 1469 4312 BINIUS.

526 4388 603 4460 (2)
642 4386 771 4442 Fuit
802 4396 978 4443 autem
1027 4390 1343 4460 temporibus
1374 4391 1692 4448 Domitiani.
1717 4394 1849 4450 Mira
1878 4395 2025 4449 Libri

448 4482 772 4554 pontiﬁcalis
832 4481 1068 4536 varietas
1118 4490 1176 4537 et
1218 4485 1575 4555 repugnantia
1616 4503 1629 4539 :
1674 4502 1801 4544 cum
1856 4504 2019 4559 supra

452 4571 786 4627 Clementem
837 4571 1084 4627 Anacleti
1148 4575 1602 4644 praedecessorem
1659 4581 1819 4635 tertio
1876 4596 2029 4639 anno.

455 4664 679 4737 Trajani
714 4681 745 4721 e
774 4667 882 4721 vita
913 4668 1187 4723 sublatum
1235 4682 1356 4723 esse
1395 4671 1697 4740 scripserit,
1726 4673 2019 4732 Anacletus

450 4773 563 4813 non
591 4760 695 4814 sub
716 4758 1048 4827 Domitiano,
1081 4760 1175 4815 sed
1206 4762 1386 4817 verius
1418 4764 1521 4821 sub
1548 4763 1784 4836 Trajano
1813 4768 2019 4824 sedisse

451 4852 646 4920 potuit.
680 4849 758 4906 In.

522 4964 600 5034 (5)
637 4964 677 5016 Α
712 4964 992 5019 consulatu
1026 4964 1315 5020 Domitiani
1365 4983 1397 5021 χ
1434 4977 1485 5022 et
1510 4967 1695 5024 Sabini
1743 4987 1905 5034 usque
1946 4973 2015 5026 ad

449 5058 783 5111 consulatum
809 5057 1107 5113 Domitiani
1142 5075 1274 5114 xvn.
1328 5058 1514 5116 Novus
1559 5077 1711 5117 error
1748 5064 2011 5120 auctoris.

451 5151 507 5204 Si
534 5151 828 5206 Anacletus
858 5152 960 5205 sub
989 5153 1265 5210 adnotatis
1294 5153 1611 5210 consulibus
1637 5156 2012 5225 pontiﬁcatum

450 5243 645 5307 tenuit,
695 5258 820 5296 eum
853 5243 1185 5299 Clementem
1242 5248 1624 5313 antecessisse,
1684 5248 1796 5302 imo
1850 5251 2013 5305 simul

448 5344 571 5388 cuin
599 5334 750 5387 Cleto
776 5345 830 5388 et
852 5334 1125 5390 Clemente
1154 5337 1360 5394 sedisse
1399 5341 1658 5409 oportuit.
1700 5340 1834 5396 Nam
1863 5345 2012 5399 deci—

447 5440 571 5503 mus
604 5424 894 5479 Domitiani
946 5428 1265 5484 consulatus
1316 5448 1439 5486 cum
1491 5448 1634 5488 anno
1698 5432 1902 5493 Christi
1942 5437 2011 5491 86

449 5516 586 5588 {84],
621 5516 914 5571 Domitiani
957 5518 1304 5586 imperatoris
1331 5537 1388 5575 Ill
1423 5523 1702 5579 eoincidit.
1757 5525 2011 5584 Decimus

447 5606 711 5675 septimus
736 5623 866 5662 vero
895 5608 1139 5693 eju_sdem
1176 5614 1494 5671 consulatus
1523 5631 1646 5671 cum
1678 5633 1823 5673 anno
1850 5619 2011 5674 Chri-

447 5696 515 5752 sti
564 5696 632 5752 94
670 5696 808 5771 [92],
833 5697 1125 5757 Domitiani
1189 5704 1534 5776 imperatoris
1592 5727 1642 5765 χι
1711 5712 2006 5769 concurrit.

2130 2869 2269 2925 Cum
2314 2869 2479 2940 igitur
2503 2870 2778 2938 Clemens,
2830 2871 2995 2943 hujus
3021 2873 3267 2931 Anacleti
3315 2876 3717 2947 praedecessor,

2130 2977 2275 3017 anno
2302 2978 2362 3017 ιιι
2382 2960 2603 3033 Trajani
2632 2963 2978 3035 imperatoris
3000 2966 3109 3020 vita
3132 2966 3366 3022 simulet
3385 2970 3720 3039 pontiﬁcatu

2128 3052 2418 3110 defunctus
2445 3055 2537 3120 sit,
2570 3064 2630 3110 ut
2670 3065 2865 3126 praeter
2891 3068 3175 3113 auctorem
3200 3058 3365 3129 hujus
3390 3060 3537 3127 libri,
3568 3060 3722 3118 llic-

2130 3162 2342 3218 ronym.
2382 3156 2438 3204 et
2462 3148 2663 3204 Euseb.
2696 3150 2831 3205 locis
2866 3166 3031 3221 supra
3056 3152 3219 3209 dictis
3261 3163 3554 3222 testantur,
3586 3172 3717 3211 non

2127 3239 2287 3295 video
2314 3256 2422 3312 qua
2467 3242 2679 3296 ratione
2719 3242 2823 3297 dici
2872 3246 3046 3313 possit
3071 3244 3392 3301 Anacletum
3439 3257 3567 3302 ante
3598 3248 3722 3304 im-

2130 3331 2338 3401 perium
2358 3331 2578 3405 Trajani
2600 3334 2934 3405 pontiﬁciam
2956 3337 3137 3393 sedem
3162 3338 3600 3397 administrasse.
3622 3340 3717 3399 In.

2198 3486 2277 3557 (4)
2318 3485 2421 3541 Hic
2462 3489 2601 3543 beati
2634 3489 2784 3545 Petrt
2834 3496 3144 3550 memoriam
3195 3500 3494 3553 construxit
3544 3511 3722 3573 atque

2128 3580 2440 3648 composuit.
2495 3579 2600 3635 Per
2652 3585 2974 3639 memoriam
3042 3587 3187 3642 beati
3239 3587 3385 3644 Petri
3457 3592 3723 3666 intellige

2128 3671 2421 3739 quamdam
2471 3673 2683 3729 aediﬁcii
2737 3685 3068 3732 structuram
3120 3681 3189 3734 ab
3233 3682 3513 3750 Anacleto,
3568 3686 3722 3743 dum

2129 3762 2306 3818 adhuc
2355 3766 2639 3837 presbyter
2686 3783 2850 3836 esset,
2906 3771 2960 3824 in
3022 3771 3284 3829 Vaticano
3337 3786 3719 3850 exstructam,

2127 3871 2290 3924 quam
2311 3857 2440 3911 olim
2472 3860 2771 3929 antiquitas
2808 3864 3062 3920 usitatius
3088 3867 3379 3925 ecclesiam
3405 3873 3720 3932 nominare

2126 3950 2429 4004 consuevit.
2483 3949 2619 4005 Nam
2663 3962 2717 4008 et
2742 3954 2974 4026 August.
3011 3956 3084 4013 De
3130 3961 3403 4017 civil.Dei
3426 3964 3522 4020 lib.
3559 3981 3723 4037 χχιι,

2127 4054 2177 4093 c.
2205 4038 2303 4093 1οε
2329 4039 2466 4107 Nos,
2502 4042 2697 4127 inquit,
2734 4050 3058 4117 martyribus
3100 4055 3296 4109 nostris
3333 4071 3437 4110 non
3477 4062 3718 4130 templa,

2130 4131 2265 4187 sicut
2297 4133 2427 4201 diis,
2462 4137 2551 4189 sed
2586 4141 2895 4208 memorias,
2932 4144 3070 4199 sicut
3107 4145 3406 4203 hominibus
3447 4157 3719 4224 mortuis,

2122 4242 2344 4295 quorum
2378 4229 2518 4299 apud
2547 4229 2710 4284 Deum
2737 4234 2914 4287 vivunt
2939 4236 3180 4307 spiritus,
3201 4239 3551 4309 fabricamus.
3588 4243 3724 4303 Has

2122 4318 2320 4374 merito
2347 4318 2512 4376 Caius
2543 4324 2803 4393 antiquus
2842 4328 3152 4398 theologus,
3186 4333 3277 4401 qui
3312 4341 3558 4405 tempore
3601 4336 3724 4396 Ze-

2123 4408 2342 4481 phyrini
2372 4414 2647 4481 pontiﬁcis
2677 4417 2893 4485 claruit,
2928 4428 3063 4477 teste
3093 4422 3330 4481 Eusebio
3360 4428 3457 4483 lib.
3496 4445 3559 4486 ιιι
3597 4432 3727 4488 Hi-

2122 4503 2432 4569 storiarum,
2479 4505 2571 4571 24,
2613 4517 2812 4577 tropaea
2844 4513 3079 4582 appellat
3105 4533 3119 4569 :
3144 4517 3347 4588 quippe
3369 4536 3491 4591 qua:
3515 4524 3725 4581 victo-

2123 4592 2233 4646 rias
2254 4596 2620 4663 apostolorum
2644 4600 2710 4654 de
2735 4604 2977 4661 subactis
3002 4606 3250 4665 hostibus
3279 4625 3718 4684 repraesentem.

2124 4681 2297 4740 Verba
2351 4687 2496 4744 illius
2554 4692 2696 4761 apud
2733 4693 3027 4753 Eusebium
3087 4681 3352 4770 praedicto
3401 4705 3524 4763 loco
3580 4711 3724 4770 haec

2120 4781 2295 4828 sunt:
2329 4774 2440 4847 Ego
2483 4782 2843 4848 apostolorum
2896 4796 3096 4857 tropaea
3148 4796 3423 4865 perspicue
3471 4814 3723 4867 possum

2118 4868 2388 4925 ostendere
2409 4887 2427 4923 :
2454 4887 2577 4925 nam
2601 4876 2648 4927 si
2670 4876 2811 4933 lubet
2839 4878 2895 4932 in
2928 4879 3241 4940 Vaticanum
3271 4891 3567 4959 proﬁcisci,
3605 4907 3724 4951 aut

2117 4960 2173 5012 in
2215 4961 2356 5014 viam
2402 4979 2519 5033 qua:
2547 4965 2804 5024 Ostiensis
2847 4971 3062 5040 dicitur,
3097 4985 3146 5030 te
3178 4981 3435 5049 conferre,
3487 4992 3723 5055 tropcea

2115 5068 2297 5109 eorum
2339 5058 2429 5126 qui
2469 5060 2628 5114 istam
2654 5062 2948 5119 Ecclesium
2993 5085 3087 5122 suo
3121 5086 3360 5128 sermone
3404 5085 3454 5129 et
3495 5078 3725 5139 virtute

2115 5155 2471 5223 stabilierunt,
2522 5159 2768 5216 invenies.
2846 5160 2998 5218 Hanc
3047 5164 3315 5236 insignem
3364 5170 3723 5244 claramque

2115 5250 2435 5304 memoriam
2464 5266 2495 5305 a
2522 5253 2735 5308 turbine
2766 5256 3160 5323 persecutionis
3190 5275 3295 5314 non
3335 5260 3505 5318 fuisse
3532 5264 3724 5337 deje-

2114 5351 2280 5407 ctam,
2328 5345 2423 5399 sed
2479 5347 2685 5416 majore
2736 5347 2916 5416 potius
2964 5350 3019 5403 in
3062 5351 3180 5408 dies
3220 5355 3467 5423 singulos
3506 5356 3721 5427 gloria

2114 5444 2351 5500 auctam,
2375 5449 2591 5491 omnem
2620 5439 3033 5497 admirationem
3061 5454 3300 5514 superat.
3318 5446 3515 5503 Baron.
3540 5465 3727 5511 anno

2115 5525 2239 5592 106,
2269 5542 2325 5581 n.
2353 5528 2389 5581 2
2417 5538 2471 5582 et
2497 5529 2552 5582 5.
2586 5530 2959 5606 Magdeburg.,
3008 5537 3103 5606 qui
3147 5540 3291 5593 hanc
3338 5541 3409 5595 ob
3455 5557 3725 5605 causam

2112 5618 2430 5674 Anacletum
2458 5626 2883 5695 reprehendunt,
2911 5645 2940 5683 a
2968 5630 3224 5687 Bellartn.
3256 5633 3350 5687 lib.
3381 5649 3433 5687 IV
3463 5634 3544 5689 De
3581 5638 3715 5696 Ro-

2113 5728 2255 5769 man.
2284 5714 2501 5784 ponti[.,
2534 5730 2582 5769 c.
2611 5717 2667 5784 8,
2698 5718 2762 5774 dc
2786 5721 3059 5778 calumnia
3084 5732 3367 5780 notan'ur.
3404 5726 3479 5783 In.
