4074 6154
367 367 475 422 ’Ξ89

3521 373 3626 431 790

2617 575 3613 600 W

445 789 1393 1014 ANACLETI
1559 855 2314 1015 ROMANI
2479 857 3554 1031 PONTIFICIS

1027 1237 1772 1355 EPISTOL/E
1876 1239 2058 1351 ET
2152 1234 2422 1350 DEC
2444 1233 2819 1348 RETA
2865 1211 2949 1293 (¹)

1518 1574 1532 1633 (
1561 1570 1731 1628 Μλκει,
1765 1565 1970 1630 Concil.,
1997 1573 2034 1620 t.
2063 1568 2109 1632 Ι,
2138 1583 2247 1632 pag.
2274 1567 2382 1617 598.
2400 1566 2428 1628 ⁵)

791 1970 1120 2025 EPISTOLA
1163 1972 1240 2040 (2)
1281 1969 1514 2024 PRIMA.

368 2132 389 2162 ³
406 2130 484 2184 De
512 2131 840 2199 oppressione
867 2130 1292 2184 Christianorum
1318 2141 1366 2184 et
1384 2132 1448 2184 de
1469 2135 1803 2186 accusatione
1829 2131 1941 2199 epi-

435 2203 578 2270 scopi
602 2243 618 2266 ,
660 2202 724 2255 de
766 2201 1100 2254 ordinatione
1138 2201 1654 2271 archiepiscoporum
1691 2211 1742 2255 et
1781 2210 1938 2255 διετε-

351 2265 366 2281 ’
439 2265 613 2354 rorum
643 2282 693 2354 et
718 2273 780 2326 de
807 2273 1123 2341 primatibus
1167 2282 1216 2327 et
1261 2265 1605 2342 patriarchis,
1658 2287 1940 2327 eorumaue

434 2352 748 2397 ministerio.

432 2478 775 2543 ANACLETUS,
811 2493 1002 2532 servus
1038 2477 1243 2532 Christi
1276 2475 1403 2532 Jesu
1427 2519 1442 2542 ,
1473 2477 1528 2532 in
1561 2476 1689 2533 sede
1715 2487 1939 2547 aposto-

363 2570 471 2624 lica
499 2568 734 2623 Domino
762 2571 1027 2632 serviens,
1047 2569 1319 2638 episcopis
1341 2570 1620 2634 omnibus,
1644 2577 1698 2624 et
1726 2568 1940 2624 caeteris

361 2656 576 2710 cunctis
606 2655 890 2721 ﬁdelibus,
934 2657 1026 2725 qui
1061 2656 1392 2724 coaequalem
1429 2656 1712 2712 nobiscum
1752 2655 1935 2711 sortiti

361 2758 493 2803 sunt
521 2747 680 2802 fidem
707 2790 722 2814 ,
769 2749 944 2816 gratia
993 2749 1149 2802 vobis
1190 2757 1244 2802 ct
1287 2765 1390 2818 pax
1439 2759 1602 2820 atque
1635 2748 1938 2806 consolatio

365 2841 795 2910 multiplicemur
821 2857 851 2895 a
881 2840 1113 2896 Domino
1147 2842 1200 2896 in
1227 2842 1447 2897 saecula.
1855 2893 1880 2924 ε

437 2955 748 3009 Benedictus
811 2955 951 3008 Deus
998 2965 1047 3009 et
1097 2955 1262 3010 Pater
1319 2956 1532 3011 Domini
1583 2958 1751 3012 nostri
1808 2955 1938 3012 Jesu

365 3047 588 3112 Christi,
627 3048 719 3117 qui
742 3047 1030 3100 secundum
1057 3064 1304 3117 magnam
1344 3047 1763 3102 misericordiam
1786 3066 1940 3102 suam

365 3139 687 3209 regeneravit
731 3156 824 3193 nos
874 3139 926 3191 in
973 3156 1115 3207 spem
1147 3140 1335 3204 vivam,
1384 3157 1478 3208 per
1508 3142 1940 3194 resurrectionem

1973 1927 2016 1980 Α
2047 1944 2295 2000 debetis?
2335 1945 2520 2000 Estote
2550 1963 2671 2017 ergo
2703 1940 2958 2014 patientes
2981 1988 2994 2012 ,
3031 1955 3080 2001 et
3111 1946 3417 2015 con/innate
3461 1943 3623 1997 corda

2044 2039 2341 2101 vestra“,ut
2367 2038 2690 2093 adveniente
2711 2038 2892 2108 judice
2915 2037 3154 2101 Christo,
3187 2037 3294 2092 lauti
3327 2046 3378 2091 et
3409 2037 3622 2106 probati

2042 2144 2166 2184 esse
2194 2129 2441 2182 valeatis.
2497 2127 2682 2183 Nolite
2713 2130 3051 2200 ingemiscere
3081 2131 3137 2182 in
3180 2129 3498 2182 alterutrum
3518 2170 3532 2193 ,
3565 2139 3623 2182 ut

2043 2238 2144 2274 non
2151 2221 2486 2291 jndicemini.
2506 2220 2640 2274 Ecce
2646 2221 2951 2289 judexante
2955 2221 3420 2290 januamjassistit.
3437 2218 3627 2273 Exem-

2041 2317 2186 2388 plum
2208 2319 2448 2386 accipite,
2476 2317 2798 2381 charissimi,
2825 2315 3022 2369 laboris
3046 2324 3094 2368 et
3115 2315 3387 2384 patientia:
3405 2312 3624 2383 praphe-

2044 2421 2147 2476 tas,
2168 2411 2258 2480 qui
2279 2411 2444 2463 locuti
2464 2411 2517 2463 in
2537 2411 2746 2463 nomine
2761 2407 2975 2462 Domini
2997 2417 3139 2460 sunt.
3159 2405 3236 2460 En
3260 2405 3622 2474 beatiﬁcantus

2041 2519 2126 2556 eos
2148 2503 2237 2573 qui
2267 2503 2651 2556 sustinuerunt.
2679 2499 3055 2570 Su/ferentiam
3078 2497 3178 2550 Job
3213 2499 3460 2562 audistis,
3486 2506 3534 2550 et
3553 2497 3612 2567 ﬁ-

2042 2610 2157 2648 nem
2182 2593 2398 2646 Domini
2425 2593 2651 2657 vidistis,
2674 2593 2924 2662 qnoniam
2943 2590 3240 2644 misericors
3265 2599 3313 2641 et
3339 2590 3622 2642 miseratur

2041 2686 2302 2741 Dominus
2344 2687 2478 2740 σειν.
2512 2683 2919 2740 Tribulatioues
2952 2691 3162 2738 vestras
3192 2681 3503 2738 audivimus
3521 2680 3622 2752 (5},

1978 2837 1982 2842 ,
2042 2777 2267 2843 fratres,
2315 2787 2424 2833 tam
2469 2793 2563 2848 per
2603 2787 2821 2831 nostros
2842 2775 2885 2843 ⁸,
2922 2791 3086 2845 quam
3124 2783 3179 2830 et
3218 2790 3315 2843 per
3346 2770 3624 2826 aliorum’

2042 2868 2452 2938 apocrisiarius,
2477 2883 2641 2938 super
2664 2866 2866 2936 quibus
2889 2864 3042 2919 valde
3066 2864 3337 2927 dolemus,
3362 2862 3624 2930 vobisque

2042 2960 2433 3029 compatimur,
2468 2967 2524 3013 et
2553 2960 2818 3013 auxilium
2853 2958 2993 3012 ferre
3024 2958 3207 3024 (prout
3239 2957 3354 3025 ipse
3391 2957 3623 3024 largitus

2044 3051 2227 3118 fuerit,
2253 3053 2345 3122 qui
2366 3069 2464 3122 pro
2487 3053 2645 3107 nobis
2669 3068 2775 3105 non
2801 3053 2976 3107 solum
3002 3051 3316 3113 tribulatus,
3348 3049 3440 3103 sed
3460 3049 3622 3102 etiam

2043 3161 2241 3214 passus
2264 3154 2371 3215 est)
2401 3147 2578 3215 parati
2604 3161 2816 3199 sumus.
2844 3143 3022 3198 Nolite
3053 3143 3261 3206 mirari,
3289 3142 3622 3205 charissimi,

360 3233 491 3288 Jesu
512 3235 712 3288 Christi
743 3249 806 3286 ea:
838 3235 1155 3299 mortuis,in
1176 3235 1536 3288 [nereditatem
1566 3234 1941 3303 incorruptibi-
1975 3262 2019 3320 Β
2046 3237 2140 3306 qui
2161 3237 2568 3305 persecutiones
2591 3235 2868 3305 patimini,
2915 3237 3068 3304 quasi
3103 3235 3221 3288 novi
3252 3234 3394 3287 vobis
3418 3232 3623 3303 aliquid

362 3328 464 3382 lem
492 3337 539 3381 et
570 3327 1043 3380 incontaminatam
1069 3368 1084 3389 ,
1130 3337 1178 3380 et
1209 3326 1693 3380 inmarcescibilem
1732 3343 1944 3379 conser-

364 3428 541 3473 vatam
571 3419 623 3472 in
655 3419 798 3472 caelis
826 3460 840 3482 ,
891 3420 946 3471 in
986 3418 1245 3488 vobis,qui
1274 3419 1330 3471 in
1357 3420 1547 3472 virtute
1575 3418 1672 3472 Dei
1707 3419 1941 3490 custodi-

366 3510 498 3563 mini
528 3525 619 3578 per
642 3509 798 3576 ﬁdem
838 3509 892 3562 in
932 3509 1158 3562 salutem
1195 3521 1441 3579 parat—am
1485 3510 1704 3564 revelari
1734 3511 1788 3564 in
1816 3517 1944 3564 tem—

366 3617 491 3669 pore
519 3602 802 3654 novissimo
830 3617 848 3654 :
878 3601 932 3654 in
963 3617 1064 3672 quo
1093 3601 1434 3655 exsultabitis
1459 3642 1474 3665 ,
1508 3601 1774 3655 modicum
1806 3617 1944 3654 nunc

362 3695 410 3747 si
440 3702 641 3762 oportet
670 3694 976 3747 contristari
1006 3695 1060 3747 in
1091 3695 1253 3748 variis
1288 3695 1696 3761 tentationibus,
1728 3704 1787 3748 ut
1816 3711 1940 3764 pro-

365 3785 510 3838 batio
545 3796 730 3839 vestra:
754 3785 880 3853 ﬁdei
907 3784 1074 3838 multo
1101 3786 1382 3854 pretiosior
1407 3786 1476 3838 sit
1505 3802 1657 3843 auro.
1688 3785 1826 3856 quod
1853 3801 1946 3854 per

364 3877 536 3945 ignem
557 3876 866 3946 probatur',
883 3877 928 3930 si
958 3886 1136 3931 tamen
1163 3877 1215 3930 in
1241 3877 1691 3933 tribulationibus
1711 3878 1942 3948 experti,

365 3965 579 4035 probati
611 3966 989 4021 inveniamini.
1023 3966 1299 4022 Patientes
1334 3978 1542 4033 estote,
1576 3970 1941 4037 dilectissnmi,

362 4074 492 4130 quia
535 4060 794 4128 patientia
833 4060 1196 4129 probationem
1233 4071 1506 4132 operatur,
1551 4064 1794 4131 probatio
1826 4080 1944 4117 vero

362 4167 532 4221 spem,
561 4168 674 4221 spes
708 4165 884 4210 autem
925 4169 1028 4207 non
1051 4153 1326 4223 confundit
1347 4155 1388 4210 ⁸.
1425 4152 1558 4208 Ecce
1585 4155 1823 4226 agricola
1851 4171 1944 4210 ea:—

362 4254 562 4315 spcctat
609 4247 898 4315 pretiosum
945 4249 1178 4316 fructum
1223 4259 1398 4314 terrw,
1435 4251 1700 4319 patienter
1733 4250 1903 4318 ferens
1927 4291 1942 4317 ,

364 4336 528 4391 donec
556 4339 788 4408 accipiat
818 4351 1210 4411 temporaneum
1245 4352 1294 4398 et
1321 4345 1612 4398 serotinum
1631 4343 1672 4398 ⁸.
1709 4342 1764 4397 Si
1801 4325 1946 4412 agri-

371 4426 505 4480 colae
531 4427 648 4483 haec
679 4431 950 4498 patienter
980 4432 1164 4488 ferunt
1196 4451 1295 4504 pro
1329 4434 1725 4501 temporalibus
1751 4433 1942 4489 fructi-

373 4519 506 4584 bus,
536 4528 742 4588 quanto
771 4523 946 4594 magis
978 4540 1075 4580 vos
1105 4541 1205 4594 pro
1236 4527 1456 4582 aeternis
1505 4525 1772 4596 patientes
1819 4541 1941 4582 esse

2047 3329 2317 3399 contingat
2368 3344 2387 3383 :
2434 3328 2524 3381 sed
2561 3328 3008 3381 communicantes
3049 3327 3264 3382 Christi
3288 3325 3623 3395 passionib'us

2045 3420 2267 3491 gaudete
2287 3465 2302 3485 ,
2353 3431 2411 3474 ut
2441 3430 2489 3480 et
2520 3421 2574 3473 in
2606 3419 2919 3488 reuelatione
2951 3420 3138 3490 gloria:
3184 3421 3298 3490 ejus
3347 3419 3623 3489 gaudeatis

2043 3512 2392 3567 exsultantes.
2448 3510 2506 3566 Si
2559 3511 2956 3579 exprobramini
3009 3512 3064 3564 in
3113 3511 3320 3564 nomine
3379 3507 3581 3561 Christi
3599 3539 3622 3572 δ

2045 3604 2183 3658 beati
2213 3605 2400 3668 eritis;
2443 3605 2691 3675 quoniam
2737 3602 2875 3673 quod
2922 3613 2999 3656 est
3044 3602 3277 3666 honoris,
3323 3601 3506 3671 gloria!
3575 3607 3622 3652 et

2044 3698 2257 3751 virtutis
2289 3696 2427 3761 Dei,
2468 3705 2518 3749 et
2547 3698 2636 3766 qui
2676 3705 2752 3750 est
2788 3695 2902 3765 ejus
2937 3696 3156 3766 spiritus
3177 3739 3192 3760 ,
3241 3711 3397 3764 super
3425 3710 3514 3748 vos
3545 3710 3609 3746 re-

2043 3789 2287 3861 quiescit.
2323 3787 2492 3842 Nemo
2522 3799 2695 3842 autem
2728 3797 2956 3846 vestrum
2983 3789 3220 3858 patiatur
3257 3787 3408 3855 quasi
3455 3785 3624 3837 homi-

2047 3879 2189 3946 cida,
2222 3891 2314 3934 aut
2348 3879 2457 3948 fur,
2489 3892 2578 3932 aut
2609 3877 2930 3942 maledicus,
2978 3887 3068 3930 aut
3100 3877 3394 3930 alienorum
3422 3875 3624 3944 appeti-

2046 3984 2146 4027 tor.
2180 3971 2240 4027 Si
2268 3981 2444 4026 autem
2470 3979 2528 4024 ut
2562 3969 2901 4025 Christianus
2921 4012 2934 4036 ,
2978 3986 3081 4022 non
3109 3971 3379 4022 erubescat
3410 3983 3428 4020 :
3463 3966 3624 4038 glori.-

2046 4068 2165 4137 ﬁcet
2196 4075 2374 4120 autem
2419 4064 2582 4119 Deum
2611 4066 2666 4118 in
2692 4065 2794 4117 isto
2823 4064 3030 4118 nomine
3073 4077 3092 4116 :
3134 4063 3384 4132 quoniam
3423 4072 3624 4128 tempus

2042 4168 2122 4213 est
2168 4167 2226 4211 ut
2273 4158 2495 4228 incipiat
2541 4157 2802 4222 iudicium
2849 4175 2880 4210 a
2927 4157 3083 4210 domo
3128 4155 3247 4210 Dei.
3287 4153 3348 4209 Si
3373 4161 3550 4208 autem
3592 4168 3625 4204 a

2045 4250 2196 4306 nobis
2225 4252 2493 4319 primum;
2521 4250 2637 4320 quis
2668 4250 2792 4320 ﬁnis
2815 4265 2993 4304 eorum
3027 4251 3116 4319 qui
3146 4265 3248 4301 non
3276 4247 3496 4301 credunt
3526 4243 3624 4298 Dei

2046 4343 2383 4414 Evangelia?
2426 4342 2495 4396 Et
2546 4345 2592 4395 si
2638 4343 2727 4395 vix
2767 4343 2948 4412 justus
2979 4341 3298 4406 salvabitur,
3334 4339 3527 4407 impius
3573 4347 3623 4389 et

2044 4447 2286 4507 peccator
2310 4438 2398 4488 ubi
2439 4437 2744 4505 parebunt?
2786 4433 2973 4504 Itaque
3016 4443 3064 4487 et
3113 4434 3166 4486 hi
3205 4432 3296 4504 qui
3343 4432 3624 4494 patiuntur

2045 4531 2330 4585 secundum
2355 4528 2674 4582 voluntatem
2693 4526 2810 4594 Dei,
2833 4528 2981 4598 ﬁdeli
3000 4527 3243 4580 Creatori
3265 4520 3625 4578 commendent

440 4730 553 4783 ’De
581 4711 914 4800 oppressione
956 4737 1006 4783 et
1058 4731 1378 4784 laceratione
1428 4729 1900 4800 Christianorum;
1934 4741 1984 4784 et
2018 4732 2157 4800 quod
2201 4730 2436 4784 Ecclesia
2480 4731 2601 4784 nari
2637 4739 3006 4795 comparetur;
3039 4736 3195 4798 atque
3219 4728 3528 4800 rde‘cwteris
3553 4727 3626 4800 ibi

375 4802 578 4871 insertis
610 4795 829 4871 negotiis
856 4817 876 4865 ;
904 4801 1145 4854 omnibus
1167 4802 1422 4870 episcopis
1449 4802 1667 4870 scripta.
1697 4799 1774 4856 Ita
1809 4795 1912 4857 ms.
1944 4795 2296 4856 Collectionis
2330 4800 2523 4855 lsidori
2569 4803 2620 4854 in
2662 4800 3001 4871 bibliotheca
3040 4795 3256 4871 collegii
3295 4795 3626 4871 Parisieusis

378 4865 734 4945 Soc._lesu,'_e_
757 4887 867 4945 quo
896 4880 1025 4926 sunt
1055 4874 1138 4926 hae
1166 4865 1753 4945 v'ariantes_lectiones.
1826 4871 1891 4926 ³1
1935 4871 2081 4928 Petr.
2108 4887 2149 4940 ι,
2193 4872 2313 4928 5-7.
2391 4871 2599 4945 ‘Bonn
2634 4888 2686 4936 v,
2723 4871 2777 4933 4,
2810 4871 2863 4926 5.
2931 4872 2951 4903 ⁵
2973 4868 3088 4924 Jac.
3122 4865 3205 4934 v,'
3226 4868 3278 4923 7.
3314 4865 3533 4936 r°lhid.',
3567 4869 3602 4922 6

375 4941 570 5007 ‘lbid.,
610 4941 784 4998 9—H.
839 4943 862 4974 ⁸
899 4951 1130 4998 vestros.
1207 4943 1229 4974 ⁹
1264 4943 1499 4997 notanda
1541 4957 1667 4996 vox.

444 5143 524 5208 ll)
559 5142 670 5199 Has
699 5145 957 5211 epistolas
999 5159 1108 5199 non
1154 5157 1324 5199 ausus
1351 5151 1437 5197 est
1469 5140 1830 5213 Bellarminus
1859 5159 1946 5194 ιη-
1973 5149 2015 5204 C
2047 5159 2117 5198 ex
2146 5143 2213 5198 iis
2260 5160 2381 5213 qua:
2426 5141 2493 5196 de
2532 5155 2768 5213 nume-ro
2813 5153 2878 5193 ac
2923 5139 3114 5213 ordine
3137 5116 3476 5213 pontiﬁcum
3514 5137 3624 5213 sibi

373 5215 650 5274 lubitatas
687 5216 1096 5280 aliirmare,nec
1125 5222 1287 5284 negat
1317 5214 1370 5268 in
1387 5228 1483 5268 eas
1497 5212 1712 5284 aliquos
1733 5227 1947 5267 errores

373 5286 681 5410 irrepsri'isse.
713 5285 954 5342 Eruditis
987 5301 1115 5342 vero
1149 5285 1438 5341 catholicis
1463 5283 1716 5338 videntur
1743 5295 1947 5353 suppo-

371 5365 506 5414 sntae.
596 5373 714 5414 sus:

440 5449 517 5518 (2)
560 5447 821 5520 Epistola.
845 5449 1162 5504 Anacletum
1185 5445 1640 5520 duasqdeeretales
1659 5444 1940 5520 epistolas,

369 5515 518 5574 omni
545 5515 807 5590 sapientia
831 5522 1018 5591 plenas
1039 5518 1452 5591 conscripsisse,
1471 5515 1944 5591 vetustum__quod-

370 5591 494 5646 dam
527 5583 806 5659 exemplar
832 5583 1275 5659 inanuscriptuni
1299 5587 1448 5641 Libri
1474 5583 1800 5659 pontiﬁcalis
1857 5588 1944 5659 te-

367 5669 564 5715 statur:
585 5655 731 5729 quo'd
761 5661 854 5715 ubi
886 5661 991 5727 sit,
1019 5667 1074 5713 et
1105 5655 1248 5712 unde
1276 5667 1556 5729 acceptum
1591 5655 1754 5729 fuerit
1773 5697 1787 5720 ,
1818 5655 1942 5709 vide

369 5726 702 5807 'I‘urrian—um
734 5726 983 5800 cap..%0,
1012 5729 1106 5782 lib.
1131 5743 1184 5790 v,
1228 5726 1898 5807 contra’tllagdeburgenses
1923 5740 1942 5780 :

369 5815 400 5852 a
436 5797 1034 5869 novatoribus'magna
1077 5814 1202 5853 cum
1239 5799 1436 5866 injuria
1484 5797 1772 5869 redargui,
1823 5797 1943 5849 ideo

372 5870 523 5940 quod
542 5870 874 5928 Clementem
893 5867 1296 5928 antecessorem
1321 5883 1481 5927 suum
1506 5867 1768 5933 nom-iuet,
1795 5877 1940 5937 patet

2047 5207 2728 5285 succedebtiumﬁiximus
2759 5225 2923 5278 supra
2954 5209 3007 5262 in
3037 5207 3180 5265 notis
3215 5210 3280 5264 ad
3315 5207 3491 5263 Vitam
3505 5207 3624 5263 Cle—
3671 5220 3692 5285 is,

2049 5285 2265 5340 mentis.
2306 5284 2432 5338 Suv.
2460 5283 2663 5337 BINIUS.

2121 5377 2199 5443 t5)
2246 5374 2638 5430 Tribulationes
2664 5383 2862 5426 vestras
2895 5371 3216 5443 audivimus.
3256 5371 3394 5426 Nota
3436 5378 3624 5426 contra

2051 5442 2342 5501 novatores
2369 5448 2512 5515 quod
2553 5444 2848 5515 Anacletus
2886 5443 2953 5495 de
2984 5442 3150 5515 rebus
3178 5442 3372 5515 horum
3411 5450 3625 5515 tempo-

2051 5532 2208 5580 rum,
2258 5511 2409 5571 verhi
2460 5517 2669 5583 gratia,
2725 5513 2791 5567 de
2839 5512 3312 5581 persecutionibus
3359 5511 3626 5583 patienter

2049 5588 2301 5656 exemplo
2357 5582 2560 5640 Christi
2617 5583 2894 5656 ferendis,
2944 5584 3199 5656 scribat;
3232 5584 3487 5656 adeoque
3541 5582 3625 5635 ha:

2050 5652 2293 5726 epistolae
2318 5657 2614 5711 decretales
2645 5652 2920 5726 ilnu'ierito
2943 5654 3413 5726 reprehendantur
3442 5667 3507 5706 ac
3523 5667 3621 5726 re-

2046 5722 2328 5796 ji‘ciantur,
2365 5727 2520 5796 quasi
2554 5727 2609 5779 in
2642 5725 2728 5796 his
2759 5723 2907 5779 nulla
2939 5725 3144 5780 mentio
3174 5725 3268 5780 ttat
3298 5739 3488 5781 rerum
3521 5722 3624 5778 hoc

2050 5793 2292 5868 tempore
2323 5793 2616 5869 gestarum.
2647 5793 2722 5849 lo.
3181 5826 3183 5828 -
