4074 6154
515 331 615 390 79!

1878 334 2082 391 ANAC]

2185 333 2225 388 ΓΙ
2277 335 2360 390 PA
2369 335 2477 392 ΡΑ]
3674 341 3765 396 792

512 453 722 507 animas
753 467 879 506 suas
907 453 960 506 in
986 451 1272 522 benefactis
1289 451 1352 506 ⁸ο.
1378 449 1540 516 Nam.
1566 463 1628 508 ut
1651 455 1726 508 ait
1751 455 1945 509 beatus
1980 451 2102 504 Cle-
2130 453 2176 509 A
2209 448 2356 506 feeto
2379 460 2821 520 transgressores
2853 449 2988 521 legis
3024 448 3118 505 Dei
3143 459 3196 504 et
3228 459 3665 522 contemptores.
3696 462 3765 508 at-

512 559 668 599 mens
697 553 1012 599 antecessor
1043 555 1232 600 noster
1255 545 1320 611 “,
1352 546 1549 600 similis
1571 555 1656 601 est
1689 547 1870 602 omnis
1901 544 2092 600 Eccle-

511 636 606 691 sia:
633 644 811 692 status
843 636 967 690 navi
998 652 1241 706 magnae,
1276 653 1398 707 quae
1431 652 1528 707 per
1563 639 1836 694 undosum
1869 639 2094 708 pelagus

511 726 745 783 diversis
791 742 822 783 c
863 728 1000 784 locis
1045 736 1099 782 ct
1144 729 1460 798 regionibus
1509 731 1661 785 viros
1710 739 1891 800 portat
1912 732 1974 798 η,
2025 731 2093 786 ad

511 833 678 873 unam
721 814 965 888 potentis.
1011 818 1162 889 regni
1211 821 1402 874 urbem
1451 835 1743 890 properare
1785 822 2091 891 cupientes.

514 909 596 965 Sit
627 921 757 980 ergo
791 911 951 966 navis
978 921 1168 968 auctor
1199 913 1400 983 hujus,
1451 914 1721 972 Dominus
1751 919 1867 987 ipse
1909 918 2092 973 omni--

510 1011 702 1071 potens
735 1001 880 1058 Deus
929 1021 943 1057 :
985 1005 1318 1074 gubernator
1348 1023 1480 1063 vero
1526 1009 1596 1064 sit
1633 1009 1887 1067 Christus
1921 1032 1934 1068 :
1976 1023 2092 1068 tum

509 1093 708 1150 deinde
739 1106 972 1165 proreta:
993 1097 1229 1154 oﬂiciutn
1259 1100 1552 1170 episcopus
1579 1103 1802 1173 impleat
1828 1123 1841 1158 :
1867 1107 2094 1178 presby—

509 1185 612 1242 teri
659 1197 950 1242 nautarum
977 1230 993 1256 ,
1041 1189 1256 1245 diaconi
1298 1192 1742 1263 dispensatorum
1788 1187 1970 1252 locum
2009 1206 2091 1253 te-

507 1285 674 1332 neant
708 1278 800 1333 :hi
838 1281 936 1350 qui
956 1283 1319 1350 catechizant,
1362 1287 1672 1357 nautologis
1711 1288 2087 1344 conferantur:

508 1369 742 1438 epibatis
786 1383 1003 1440 autem,
1059 1375 1230 1431 totius
1278 1375 1644 1435 fraternitatis
1693 1378 1987 1436 multitudo
2019 1382 2092 1437 sit

473 1497 482 1504 ο
513 1460 730 1516 similis.
767 1461 947 1532 Ipsum
982 1480 1202 1536 quoque
1228 1483 1380 1523 mare
1411 1469 1500 1525 hic
1533 1471 1773 1526 mundus
1802 1473 2086 1529 habeatur.

505 1550 804 1609 Ventorum
845 1572 977 1611 vero
1025 1559 1315 1614 varietates
1363 1569 1417 1615 et
1461 1563 1781 1632 turbinum,
1839 1564 2072 1622 diversis

503 1647 906 1704 tentationibus
933 1649 1289 1706 conferantur
1319 1670 1333 1706 :
1367 1656 1782 1722 persecutiones
1807 1699 1822 1722 ,
1857 1657 2088 1712 tribula-

506 1739 687 1794 tioncs
716 1740 831 1795 sive
861 1744 1127 1811 pericula,
1163 1743 1421 1801 fluctibus
1451 1758 1826 1817 exaequentur.
1860 1749 2082 1804 Terreni

503 1844 636 1884 vero
653 1833 899 1900 spiritus,
915 1835 1009 1903 qui
1024 1836 1104 1889 vel
1117 1836 1182 1891 de
1195 1837 1549 1902 torrentibus,
1567 1839 1650 1892 vel
1664 1839 1729 1893 de
1743 1841 2085 1897 convallibus

504 1922 1337 1997 spirant,pseudoprophetarum
1354 1938 1406 1984 et
1420 1931 1892 2000 seductorum,seu
1908 1950 2086 2004 prava:

502 2015 767 2071 doctrina:
783 2018 943 2073 verba
958 2020 1257 2075 doceantur
1274 2021 1340 2075 ".
1355 2020 1738 2080 Promontoria
1757 2040 1885 2080 vero
1901 2035 1953 2080 et
1965 2025 2082 2081 loca

501 2107 851 2180 confragosa,
873 2111 925 2164 hi
941 2111 1035 2181 qui
1056 2112 1107 2166 in
1123 2113 1483 2182 potestatibus
1500 2117 1682 2170 saeculi
1708 2127 1837 2172 sunt
1845 2117 2081 2188 judices,

502 2212 558 2258 et
595 2203 688 2273 qui
721 2204 965 2273 pericula
1011 2206 1296 2262 minantur
1330 2223 1395 2264 ac
1437 2221 1664 2265 mortes.
1705 2209 2014 2268 Dithalassa
2040 2212 2084 2244 “

490 2309 632 2370 vero
685 2295 827 2364 loca,
879 2312 1001 2368 quae
1044 2299 1355 2369 duplicibus
1400 2302 1561 2358 unda:
1607 2301 1816 2359 fallacis
1859 2305 2084 2362 aestibus

501 2387 880 2454 verberantur,
923 2391 1105 2446 dubiis
1139 2403 1322 2448 mente
1343 2436 1358 2460 ,
1412 2404 1467 2450 et
1493 2395 1560 2450 de
1589 2397 2080 2466 repromissionum

499 2476 727 2532 veritate
761 2481 1105 2547 nutantibus,
1137 2483 1516 2552 conferantur,
1550 2495 1715 2557 atque
1747 2487 1835 2543 his
1869 2489 1963 2558 qui
2007 2489 2081 2542 ir-

501 2569 815 2624 rationabili
851 2571 1010 2627 fidem
1044 2587 1288 2630 nostram
1321 2577 1532 2632 ratione
1553 2579 1874 2635 discutiunt.
1906 2579 2082 2651 Hypo-

497 2660 648 2714 crita:
679 2678 809 2716 vero
841 2673 894 2718 et
921 2664 1122 2732 dolosi,
1153 2667 1344 2736 piratis
1366 2669 1572 2724 similes
1599 2671 1925 2727 habeantur.
1956 2673 2076 2728 Jam

500 2766 628 2806 vero
659 2752 883 2823 rapidus
905 2765 1117 2821 vortex,
1151 2770 1204 2812 et
1231 2768 1467 2814 tartarca
1497 2759 1822 2834 Charybdis,
1851 2773 1905 2819 et
1931 2766 2079 2821 saxis

497 2843 644 2900 illisa
678 2844 964 2917 naufragia
985 2889 999 2914 ,
1045 2864 1110 2903 ac
1141 2849 1440 2906 mortiferae
1468 2852 1876 2910 submersiones
1900 2898 1915 2924 ,
1947 2857 2077 2926 quid

497 2935 643 2991 aliud
669 2935 989 2993 aestimanda
1014 2949 1164 3007 sunt,
1197 2956 1362 3011 quam
1385 2945 1648 3012 peccata?
1675 2943 1862 3002 Restat
1889 2949 2073 3020 igitur,

499 3036 560 3083 ut
610 3028 726 3084 haec
769 3029 925 3085 navis
973 3045 1140 3086 cursu
1185 3048 1452 3103 prospero
1499 3045 1612 3110 tuta
1649 3040 1822 3108 possit
1855 3050 2072 3110 portum

2202 559 2309 612 que
2342 542 2722 597 inobedientes
2755 543 2877 612 ejus
2903 542 3189 612 praeceptis
3215 543 3508 606 exsistunt.
3543 539 3698 598 Unde
3723 555 3766 599 et

2202 630 2262 687 Β,
2293 630 2528 687 Jacobus
2563 633 2843 701 apostolus
2874 633 2948 686 ait
2974 651 2988 687 :
3020 630 3079 687 Si
3105 632 3331 703 diligitis
3353 634 3621 702 proximos
3644 635 3766 688 sicut

2198 741 2286 778 vos
2317 725 2480 794 ipsos,
2515 724 2848 794 benefacitis.
2895 723 2954 780 Si
3002 735 3178 778 autem
3217 741 3468 794 personas
3512 727 3765 796 accipitis,

2197 826 2469 886 peccatum
2499 819 2829 889 operamini,
2870 818 3145 889 redarguti
3181 835 3211 870 a
3241 818 3350 889 lege
3369 859 3386 883 ,
3417 821 3572 889 quasi
3603 829 3768 874 trans-

2198 925 2460 978 gressores
2486 909 2552 976 “,
2601 920 2706 964 etc.
2755 908 2821 964 Et
2845 911 3036 965 beatus
3063 911 3430 981 praedecessor
3454 919 3640 966 noster
3663 910 3768 966 Cle-

2195 1019 2352 1058 mens
2373 1004 2457 1057 vir
2481 1004 2836 1074 apostolicus,
2863 1012 2915 1058 et
2939 1004 3131 1073 spiritu
3160 1003 3250 1058 Dei
3272 1004 3486 1073 plenus,
3519 1019 3629 1058 una
3651 1018 3765 1058 cum

2195 1095 2423 1166 reliquis
2464 1097 2671 1152 sanctis
2733 1097 2956 1166 collegis
3025 1096 3144 1151 suis
3191 1097 3418 1163 statuit,
3463 1096 3654 1151 dicens
3687 1095 3764 1152 i':

2193 1188 2562 1244 "Accusandi
2580 1189 2663 1243 vel
2679 1188 3003 1243 testificandi
3031 1188 3250 1243 licentia
3273 1189 3567 1259 denegetur
3579 1189 3667 1244 bis
3679 1189 3765 1260 qni

2191 1279 2521 1336 Christianae
2551 1280 2832 1352 religionis
2859 1289 2915 1335 et
2940 1280 3182 1335 nominis
3211 1281 3554 1351 dignitatem,
3577 1291 3632 1336 et
3662 1297 3767 1337 sum

2192 1371 2329 1442 legis
2358 1373 2442 1428 vel
2469 1374 2554 1428 sui
2586 1373 2849 1442 pr0positi
2879 1387 3148 1436 normam,
3175 1381 3270 1426 aut
3300 1371 3618 1442 regulariter
3646 1388 3765 1442 pro-

2190 1464 2362 1519 hibita
2386 1466 2740 1535 neglexerint.
2767 1466 2809 1518 Τ
2817 1479 3228 1532 ransgressores
3251 1465 3394 1518 enim
3417 1475 3612 1534 sponte
3638 1465 3765 1536 legis

2192 1572 2326 1620 sure,
2376 1557 2607 1627 ejusque
2655 1557 2950 1611 violatores
2999 1565 3053 1610 et
3104 1555 3455 1622 recedentes,
3508 1565 3765 1625 apostatas

2191 1648 2566 1702 nominantur.
2613 1646 2804 1703 Omnis
2833 1647 2981 1702 enim
3018 1657 3269 1717 apostata
3316 1646 3642 1702 refutandus
3685 1657 3766 1704 est

2191 1751 2318 1795 ante
2345 1742 2714 1795 reversionem
2755 1756 2909 1795 suam
2935 1781 2948 1804 ,
2997 1757 3105 1795 non
3153 1742 3206 1794 in
3243 1741 3592 1796 accusatione
3623 1750 3765 1796 recte.

2121 1805 2162 1865 Β
2191 1834 2466 1903 agentium
2493 1873 2508 1896 ,
2560 1843 2654 1887 aut
2703 1832 3013 1888 testimonio
3057 1833 3476 1903 suscipiendus;
3523 1834 3653 1902 quia
3688 1835 3766 1889 vir

2188 1925 2391 1996 duplex
2421 1926 2629 1988 animo,
2661 1925 2982 1980 inconstans
3011 1934 3094 1980 est
3122 1923 3176 1979 in
3203 1924 3460 1978 omnibus
3491 1925 3598 1978 viis
3629 1925 3760 1982 suis.

2189 2015 2501 2089 Quicunque
2533 2027 2741 2083 autem,
2775 2026 2833 2072 ut
2858 2017 2934 2071 ait
2964 2016 3246 2086 apostolus
3278 2015 3521 2071 Jacobus
3542 2055 3556 2079 ,
3603 2027 3764 2071 totam

2186 2113 2348 2183 legem
2375 2113 2681 2179 servaverit,
2722 2108 3000 2180 offenderit
3036 2122 3209 2165 autem
3246 2111 3301 2164 in
3328 2125 3453 2177 uno,
3484 2111 3659 2180 factus
3689 2121 3762 2166 est

2187 2221 2305 2258 reus
2358 2204 2616 2259 omnium.
2664 2201 2768 2269 Qui
2817 2204 2956 2258 enim
2998 2203 3136 2256 dixit
3169 2218 3187 2256 :
3218 2200 3342 2257 Non
3387 2203 3762 2281 mwchaberis;

2184 2297 2324 2351 dixit
2369 2305 2466 2351 et:
2505 2295 2627 2350 Non
2674 2295 2900 2349 occides.
2952 2292 3107 2360 Quod
3147 2295 3194 2348 si
3238 2310 3342 2347 non
3386 2295 3761 2363 mascltaberis,

2184 2389 2395 2442 occidas
2420 2397 2618 2453 autem,
2643 2388 2818 2457 factus
2839 2386 3278 2458 estransgrcssor
3302 2386 3450 2457 legis.
3477 2386 3567 2442 Sic
3593 2387 3763 2459 loqui-

2184 2479 2337 2540 mini,
2389 2487 2441 2532 et
2470 2479 2548 2531 sic
2579 2478 2761 2547 facile,
2798 2479 2939 2530 sicut
2985 2494 3078 2547 per
3121 2477 3284 2548 legem
3331 2478 3590 2534 libertatis
3630 2480 3761 2533 inci-

2182 2570 2380 2638 pientes
2407 2569 2670 2638 judicari.
2718 2569 2996 2623 Iudicium
3047 2570 3187 2623 enim
3233 2571 3347 2624 sine
3398 2570 3762 2625 misericordia

2180 2660 2271 2729 fiet
2302 2659 2402 2724 illi,
2442 2660 2533 2730 qui
2573 2676 2679 2712 non
2721 2660 2848 2730 fecit
2899 2661 3344 2715 misericordiam.
3390 2660 3762 2731 Superexaltat

2181 2760 2361 2803 autem
2415 2751 2783 2804 misericordia
2824 2751 3175 2821 judicium“.
3226 2751 3291 2806 Et
3334 2752 3602 2810 Dominus
3650 2753 3760 2810 ait:

2182 2841 2325 2896 Nolo
2348 2851 2569 2896 mortem
2585 2844 2900 2911 peccatoris,
2917 2844 3007 2898 sed
3029 2854 3085 2897 ut
3103 2855 3458 2912 convertatur,
3478 2858 3526 2902 et
3543 2848 3760 2903 vivat”.

2178 2935 2246 2990 Et
2267 2935 2436 2991 multa
2463 2935 2610 2999 talia,
2637 2935 2946 3006 horumque
2969 2936 3372 2994 similia.Nemo
3395 2941 3553 3006 enim,
3582 2941 3768 3010 inquit

2178 3029 2499 3099 Apostolus,
2530 3037 2770 3082 nostrum
2800 3029 2902 3082 sibi
2932 3029 3079 3094 vivit,
3111 3038 3159 3082 et
3187 3045 3334 3083 nemo
3368 3031 3473 3084 sibi
3507 3031 3763 3088 moritur.

497 3119 821 3176 desiderata:
847 3120 1000 3177 urbis
1033 3122 1240 3179 intrare
1260 3167 1275 3192 ,
1325 3127 1399 3181 ira
1434 3125 1546 3182 Deo
1583 3145 1796 3199 precem
1851 3130 2077 3188 fundere
2103 3143 2144 3200 ρ
2182 3120 2299 3176 Sive
2332 3138 2453 3192 ergo
2485 3122 2728 3186 vivimus,
2762 3121 2868 3174 sive
2900 3122 3179 3188 morimur,
3213 3121 3429 3176 Domini
3460 3139 3664 3179 sumus.
3696 3124 3767 3180 In

498 3211 840 3283 navigantes,
877 3221 939 3270 ut
971 3226 1286 3272 mereantur
1317 3220 1524 3275 audiri.

821 3511 894 3564 De
927 3513 992 3563 iis
1025 3508 1118 3581 qui
1147 3514 1443 3567 sacerdotes
1481 3527 1751 3568 accusant.

566 3669 839 3725 Audimus
863 3712 879 3736 ,
928 3670 1164 3737 fratres,
1199 3673 1345 3742 quod
1379 3674 1601 3744 quidam
1645 3677 1976 3748 detrahunt,
2024 3691 2078 3735 et

496 3772 759 3818 accusant
779 3764 1092 3820 sacerdotes
1114 3764 1231 3832 Dei,
1257 3769 1536 3837 cupientes
1554 3785 1650 3824 eos
1670 3770 1940 3835 damnari,
1966 3788 2074 3827 non

465 3923 468 3926 ῃ
497 3853 862 3923 intclligentes
895 3853 1126 3911 forsitan
1147 3896 1162 3921 ,
1197 3858 1344 3927 quod
1374 3860 1573 3930 injuria
1611 3862 1961 3917 sacerdotum
2009 3864 2074 3918 ad

495 3943 776 4000 Christum
811 3946 1076 4017 pertinet,
1112 3949 1271 4019 cujus
1305 3950 1419 4006 vice
1460 3950 1782 4023 funguntur.
1827 3954 1939 4010 Nec
1971 3955 2076 4010 hoc

496 4037 809 4107 aspiciunt,
839 4040 983 4108 quod
1030 4039 1092 4094 B.
1136 4039 1330 4097 Petrus
1368 4043 1621 4113 princeps
1667 4047 2073 4114 apostolorum,

496 4127 797 4185 instructor
819 4139 1025 4194 noster,
1051 4131 1126 4185 ait
1153 4151 1166 4185 :
1201 4132 1519 4202 Deponentes
1544 4134 1707 4204 igitur
1727 4151 1928 4190 omnem
1962 4151 2077 4190 ma-

496 4221 694 4287 litiam,
719 4231 770 4277 et
793 4238 997 4276 omnem
1021 4224 1224 4290 dolum,
1256 4234 1304 4278 et
1329 4225 1716 4293 simulationes,
1745 4237 1793 4281 et
1823 4230 2073 4297 invidias,

498 4324 548 4367 et
577 4331 754 4369 omnes
780 4317 1152 4379 detractiones,
1179 4319 1314 4372 sicut
1340 4319 1493 4372 modo
1515 4320 1678 4390 geniti
1709 4320 1959 4389 infantes,
1986 4338 2075 4374 ra-

497 4406 818 4473 tionabile",
835 4408 948 4460 sine
964 4407 1086 4462 dolo
1103 4407 1187 4462 lac
1206 4410 1581 4479 concupiscite,
1601 4421 1660 4465 ut
1682 4411 1733 4465 in
1752 4429 1810 4465 eo
1824 4413 2073 4467 crescatis

2179 3213 2274 3267 hoc
2309 3214 2448 3266 enim
2484 3212 2729 3268 Christus
2763 3222 3002 3266 mortuus
3032 3223 3130 3279 est,
3169 3223 3218 3267 et
3249 3215 3462 3283 revixit,
3502 3225 3560 3268 ut
3598 3226 3650 3270 et
3686 3218 3766 3270 vi-

2179 3320 2361 3358 vorum
2393 3313 2446 3358 et
2475 3313 2806 3358 mortuorum
2837 3305 3160 3362 dominetur.
3199 3305 3276 3360 Tu
3305 3318 3481 3361 autem
3512 3309 3640 3378 quid
3665 3309 3765 3378 ju-

2179 3395 2326 3448 dicas
2365 3396 2587 3464 fratrem
2623 3397 2814 3450 tuum?
2853 3407 2946 3452 aut
2996 3407 3051 3451 tu
3081 3414 3246 3469 quare
3285 3400 3490 3469 spernis
3537 3399 3765 3469 fratrem

2181 3491 2373 3544 tuum?
2405 3487 2596 3545 Omnes
2646 3492 2785 3544 enim
2829 3491 3090 3545 stabimus
3137 3500 3258 3544 ante
3301 3492 3539 3546 tribunal
3571 3491 3670 3546 Dei
3693 3494 3761 3548 ”.

2181 3579 2455 3652 Scriptum
2487 3591 2570 3638 est
2599 3583 2747 3637 enim
2784 3601 2797 3639 :
2841 3583 2964 3637 Vivo
2993 3600 3108 3654 ego,
3141 3583 3270 3636 dicit
3302 3583 3595 3652 Dominus,
3625 3601 3764 3654 quo-

2179 3670 2320 3724 niam
2356 3673 2484 3726 milii
2515 3674 2757 3741 flectetur
2784 3690 2934 3728 omne
2960 3690 3115 3744 genu,
3151 3683 3200 3727 et
3228 3675 3396 3727 omnis
3419 3673 3604 3744 lingua
3633 3691 3764 3729 con-

2177 3763 2414 3832 fitebitur
2444 3763 2573 3820 Deo.
2604 3763 2793 3835 Itaque
2817 3765 3172 3836 unusquisque
3199 3772 3437 3818 nostrum
3461 3781 3556 3834 pro
3585 3781 3641 3820 se
3669 3782 3764 3819 ra-

2181 3856 2376 3908 tionem
2403 3856 2583 3909 reddet
2617 3855 2745 3910 Deo.
2784 3855 2908 3910 Non
2933 3872 3056 3927 ergo
3089 3855 3318 3926 amplius
3351 3858 3570 3912 invicem
3597 3859 3762 3928 judi-

2178 3963 2373 4010 cemus,
2406 3945 2495 3999 sed
2523 3949 2619 4000 hoc
2639 3947 2880 4015 judicate
2908 3948 3098 4017 magis,
3133 3964 3196 4002 ne
3225 3951 3437 4018 ponatis
3463 3950 3764 4019 offendicu-

2177 4039 2289 4091 tum
2334 4039 2497 4107 fratri
2549 4039 2627 4093 vel
2671 4039 2986 4092 scandalum
3007 4041 3072 4094 “.
3123 4037 3343 4098 Scimus
3376 4043 3523 4098 enim
3551 4087 3568 4112 ,
3621 4045 3762 4116 quia

2178 4130 2409 4184 multum
2427 4131 2473 4162 ⁸⁸
2521 4130 2805 4202 derogatio
2854 4133 3151 4202 praevalet,
3193 4136 3417 4203 quando
3463 4137 3764 4206 derogator

2177 4222 2421 4277 creditur
2448 4222 2550 4277 fide
2579 4223 2799 4293 dignus.
2833 4222 2979 4292 Ideo,
3015 4227 3229 4290 fratres,
3267 4227 3436 4284 variis
3461 4228 3765 4284 detractio-

2179 4316 2340 4369 nibus
2370 4324 2424 4370 ct
2470 4315 2914 4371 accusationibus
2956 4331 3064 4371 non
3106 4327 3322 4386 oportet
3341 4317 3387 4350 "
3435 4319 3763 4375 labefactari

2175 4407 2390 4478 judiccs
2421 4416 2474 4462 et
2497 4409 2758 4476 primates
2785 4407 3043 4463 Ecclesiae.
3069 4410 3170 4480 (4),
3210 4411 3302 4465 sed
3327 4411 3502 4482 magis
3528 4421 3760 4482 aposto-

493 4499 551 4552 in
573 4499 798 4552 salutem
814 4499 874 4553 ¹⁶.
902 4497 967 4554 Et
984 4498 1248 4556 Dominus
1267 4517 1360 4571 per
1384 4502 1709 4572 PrOpbetam
1734 4505 1910 4575 inquit
1935 4524 1948 4560 :
1969 4505 2075 4571 Qui
2108 4489 2151 4543 Ι)
2180 4501 2356 4554 lorum
2381 4511 2434 4555 et
2453 4501 2744 4555 doctorum
2767 4501 2970 4570 regulis
2989 4500 3270 4557 informari
3299 4503 3376 4574 (5)
3399 4519 3463 4559 ac
3480 4505 3759 4561 roborari.

493 4589 602 4644 vult
627 4592 793 4644 vitam
841 4591 1080 4662 diligere,
1132 4603 1182 4649 et
1231 4594 1406 4649 videre
1452 4595 1564 4648 dies
1612 4597 1795 4664 bonos,
1837 4610 2071 4652 coerceat

491 4682 731 4753 linguam
762 4699 915 4737 suam
951 4701 983 4738 a
1027 4685 1205 4751 malo,
1251 4695 1301 4739 et
1335 4687 1480 4741 labia
1517 4688 1631 4756 ejus
1674 4704 1737 4742 ne
1784 4689 2073 4758 loquantur

491 4776 673 4831 dolum
699 4777 762 4841 ³⁷,
805 4784 912 4831 etc.
943 4774 1044 4844 Qui
1069 4787 1250 4832 autem
1283 4779 1386 4833 ista
1420 4780 1915 4849 transgrediuntur,
1944 4797 2070 4852 pro-

564 5025 642 5079 ”!
668 5025 814 5080 Petr.
855 5041 930 5090 tv,
957 5025 1146 5080 12-19.

491 5097 650 5166 annis
701 5107 825 5166 post
874 5097 1196 5151 Anacletnm
1235 5098 1388 5151 vixit.

492 5165 578 5220 ‘5}
599 5165 745 5223 Petr.
770 5183 830 5229 ιι,
873 5167 928 5231 1,
951 5166 1006 5220 2.
1098 5169 1138 5199 ¹⁷
1159 5167 1302 5223 Psal.
1331 5184 1526 5234 χχχιιι,
1558 5168 1643 5231 15,
1675 5169 1762 5223 14.

493 5254 575 5321 ιιι,
598 5255 656 5321 q_.
687 5239 964 5321 ingenuis
1009 5238 1399 5321 prmdege‘ssor;
1425 5237 1503 5321 lit
1535 5240 1588 5293 in
1621 5238 1776 5294 Decr.
1794 5238 2154 5321 ἐνειλιίιιελιχ..

490 5307 660 5364 iit-t3
720 5307 1281 5372 “Ezecb.xvm,3i.
1355 5307 1580 5363 "Rom.
1625 5325 1744 5375 xxv,
1794 5309 1948 5364 7-10.
2025 5313 2072 5342 “

2185 5310 2242 5375 |.,
2295 5311 2478 5366 11-15.

1253 5025 1370 5080 “In
1411 5027 1640 5097 epistola
1656 5028 1684 5097 Vl
1717 5031 1784 5084 ad
1834 5029 2118 5086 Jacobum.

1498 5099 1544 5130 “
1605 5095 1897 5159 dicantur,
1945 5097 2250 5160 ducantur,
2301 5105 2563 5151 vocentur.

1871 5169 2042 5223 “Jac.
2069 5186 2131 5234 ιι,
2161 5171 2216 5236 8,
2255 5171 2308 5226 9.

2185 4591 2339 4649 Unde
2373 4593 2584 4664 justum
2615 4602 2732 4660 est,
2766 4608 2956 4652 omnes
2988 4595 3042 4648 in
3077 4597 3334 4651 universo
3376 4595 3758 4654 Romanorum

2176 4680 2309 4745 orbe
2339 4688 2593 4742 doctores
2623 4687 2778 4759 legis,
2817 4705 2879 4744 ea
2905 4705 3030 4759 qua:
3056 4689 3190 4760 legis
3219 4699 3349 4745 sunt
3375 4700 3522 4746 recte
3559 4707 3763 4762 sapere

2180 4791 2234 4838 et
2268 4781 2507 4852 Operari,
2540 4790 2594 4835 et
2624 4798 2731 4836 non
2768 4783 2984 4854 regulas
3014 4785 3291 4840 nascentis
3326 4784 3585 4841 Ecclesiae
3611 4799 3761 4842 con-

2223 5033 2623 5106 “verbasunt
2682 5034 2990 5106 interpretis
3051 5034 3278 5097 Ruﬁni,
3347 5035 3442 5106 qui
3490 5037 3763 5095 trecentis

2669 5103 2714 5136 ιι
2755 5101 3068 5158 bithalassa.
3166 5106 3209 5136 ³⁵
3228 5121 3331 5160 ms.
3365 5101 3764 5164 rationabiles.

2255 5171 2308 5226 9.
2409 5171 2520 5225 "In
2543 5173 2701 5242 epist.
2728 5187 2827 5226 sua
2860 5172 2900 5236 Ι,
2926 5173 2996 5226 ad
3025 5171 3288 5230 Jacobum
3312 5177 3716 5232 sententialiter
3737 5195 3761 5244 ;

2246 5243 2292 5274 ²⁰
2312 5242 2559 5296 Anianus
2589 5244 2682 5296 lib.
2726 5257 2810 5294 xv:
2833 5283 2846 5302 ,
2879 5252 3057 5298 const.
3094 5245 3159 5302 1.
3188 5247 3270 5300 tit.
3305 5246 3353 5299 7.
3433 5249 3474 5279 ¹¹
3504 5246 3604 5302 Jac
3662 5263 3710 5301 ιι
3741 5289 3761 5302 .

2362 5257 2559 5296 manus
2589 5257 2682 5296 nn.
2726 5257 2810 5294 xvi
2833 5283 2846 5306 ,
2879 5257 3057 5298 consu
3094 5257 3117 5298 ι
3143 5284 3159 5310 ,
3188 5257 3270 5300 ιιι.
3306 5257 3353 5299 7.
3433 5257 3474 5279 ιι
3504 5257 3604 5302 Jac
3662 5263 3710 5301 ιι
3741 5289 3762 5314 ,

2366 5313 2478 5366 ο15.
2583 5314 2629 5344 ³⁵
2657 5311 2968 5380 Tripartitte
3009 5313 3137 5368 hist.
3181 5333 3264 5381 ιιι,
3310 5317 3364 5381 8,
3420 5318 3535 5374 haec
3581 5317 3770 5374 verba

489 5377 656 5458 leges.
697 5380 848 5435 Felix
881 5395 941 5443 ιι,
963 5380 1124 5458 epist.
1159 5381 1210 5448 1,
1239 5380 1428 5436 eadem
1457 5389 1705 5450 usurpat.
1783 5379 2111 5451 “,Damasus
2132 5397 2218 5452 ep.
2247 5384 2313 5437 ad
2347 5385 2632 5454 episcopos
2658 5377 2872 5452 Illyrici,
2901 5387 3043 5453 apud
3074 5377 3278 5442 Theod.
3308 5377 3362 5443 et
3385 5386 3510 5442 Soz.
3538 5389 3772 5458 scripta

487 5465 553 5501 ex
588 5452 836 5505 Romano
862 5450 1120 5505 concilio.

563 5651 642 5723 (ἦ)
665 5652 1102 5723 Accusationibus
1125 5669 1226 5706 non
1249 5663 1449 5722 oportet
1470 5652 1786 5722 labefactari
1808 5657 2061 5723 primates

495 5720 764 5777 Ecclesia.
786 5720 923 5792 VVidc
943 5739 1062 5792 quia:
1083 5720 1316 5780 dicimus
1345 5727 1400 5780 in
1431 5720 1668 5782 notis'ad
1697 5720 1891 5782 canun.
1929 5741 2061 5784 auo-

491 5794 614 5850 stol.
652 5792 738 5848 74.
773 5791 897 5848 Ssv.
937 5791 1140 5850 BthUS.

2241 5656 2318 5735 (εἴ)
2362 5656 2733 5735 Apostolorum
2766 5661 2956 5735 r_egt_ilis
2981 5662 3284 5735 informari.
3321 5662 3575 5720 Canones
3608 5677 3774 5735 apo-

2166 5728 2456 5795 stolorum,
2486 5727 2574 5797 5i,
2605 5727 2671 5784 75
2698 5740 2749 5785 et
2774 5725 2840 5784 74
2864 5725 3133 5806 intelligit.
3162 5725 3245 5788 fu.
