4010 6150
494 311 594 368 195

1813 309 2089 360 ANALIJ‘.
2105 307 2159 358 ΙἸ

2229 307 2311 358 PA
2322 306 2427 360 l’.E
3653 312 3774 368 796

493 427 586 483 30“
623 427 723 480 hoc
754 440 913 496 agere
944 425 1162 490 debent,
1195 425 1286 480 sed
1320 433 1486 480 testes
1517 439 1702 478 secum
1746 424 2060 487 adhibeant,
2093 421 2137 477 Α
2168 421 2394 477 adventu
2428 423 2564 493 ejus.
2615 424 2674 479 Si
2723 426 2873 478 scitis
2917 428 3166 494 quoniam
3203 429 3384 497 justus
3421 442 3518 493 est,
3566 432 3774 485 scitote

489 529 545 574 ut
579 518 810 573 Domino
840 518 1078 588 perfecte
1110 522 1162 571 in
1189 518 1422 572 sacratis
1456 516 1564 571 Deo
1593 517 1901 571 sacritlcare
1929 517 2062 572 locis

487 607 806 676 probentur.
862 607 954 660 Ait
993 621 1230 675 namque
1277 607 1578 662 auctoritas
1627 607 1762 675 legis
1813 607 2058 663 divinae:

491 697 622 751 Vide
682 714 743 751 ne
774 698 967 766 oﬂ'eras
1000 697 1310 751 holocausta
1355 705 1446 749 tua
1495 699 1552 750 in
1593 700 1738 751 omni
1768 698 1880 752 loco
1909 714 2061 768 quem

485 791 697 856 videris,
717 791 807 844 sed
822 793 876 843 in
892 790 1004 843 loco
1021 807 1172 859 quem
1194 790 1404 860 elegerit
1427 789 1682 844 Dominus
1701 789 1838 843 Deus
1857 791 2056 845 tuus".

484 883 529 914 ⁸⁸
551 879 853 951 Episcopus
905 880 1015 936 Deo
1059 882 1398 949 sacrificans,
1433 891 1597 938 testes
1639 883 1724 951 (ut
1779 885 2058 952 praeﬁxum

483 973 588 1041 est)
622 989 806 1028 secum
839 973 1056 1040 habeat,
1090 983 1144 1028 et
1171 974 1354 1044 plures
1392 990 1557 1044 quam
1592 975 1732 1028 alius
1778 977 2054 1030 sacerdos.

484 1061 638 1117 Sicut
658 1063 802 1116 enim
834 1063 1057 1133 majoris
1085 1065 1309 1120 honoris
1337 1065 1506 1134 gradu
1531 1064 1751 1127 (ruitur.
1775 1065 1856 1120 sic
1886 1067 2058 1136 majo-

483 1154 560 1208 ris
585 1154 881 1209 testimonii
921 1157 1260 1212 incremento
1292 1157 1517 1228 indiget.
1545 1157 1605 1211 ln
1628 1158 2055 1214 solemnioribus

481 1247 681 1316 quippe
719 1246 934 1314 diebus,
979 1257 1075 1303 aut
1112 1259 1341 1318 septem,
1374 1259 1467 1305 aut
1504 1251 1767 1321 quinque,
1812 1260 1909 1306 aut
1946 1261 2056 1307 tres

479 1337 758 1406 diaconos,
789 1341 882 1410 qui
925 1340 1046 1410 ejus
1086 1342 1233 1397 oculi
1277 1342 1554 1409 dicuntur,
1606 1353 1659 1397 et
1690 1343 2055 1399 subdiaconos

479 1438 641 1499 atque
667 1432 906 1501 reliquos
954 1433 1236 1489 ministros
1279 1449 1464 1489 secum
1509 1435 1724 1501 habeat,
1752 1435 1848 1506 qui
1881 1437 2054 1492 sacris

479 1521 650 1577 induti
676 1525 1036 1588 vestimentis,
1074 1525 1128 1579 in
1173 1525 1352 1581 fronte
1383 1536 1435 1581 et
1484 1542 1514 1580 a
1547 1536 1718 1598 tergo,
1742 1536 1796 1581 et
1830 1528 2053 1598 presby-

477 1619 579 1672 teri
602 1634 631 1673 e
650 1620 869 1688 regione
898 1620 1088 1676 dextra
1117 1621 1383 1691 laevaque,
1408 1622 1645 1677 contrito
1667 1623 1830 1677 corde
1856 1631 1910 1677 et
1950 1623 2051 1676 hu-

477 1710 685 1764 miliato
725 1711 945 1780 spiritu,
985 1728 1049 1766 ac
1095 1727 1268 1782 prono
1303 1720 1448 1768 stent
1479 1716 1651 1782 vultu,
1681 1715 2050 1771 custodientes

475 1818 598 1856 eum
634 1817 663 1856 a
687 1803 968 1860 malevolis
992 1805 1398 1871 hominibus,et
1424 1823 1753 1862 consensum
1784 1807 1903 1877 ejus
1926 1824 2054 1879 prae-

476 1895 640 1948 beant
656 1895 944 1950 sacriﬁcio.
963 1895 1187 1952 Peracta
1209 1909 1390 1954 autem
1413 1901 1846 1965 consecratione,
1865 1916 2057 1958 omnes

475 1989 912 2054 communicent,
957 1990 1048 2058 qui
1103 1991 1381 2044 noluerint
1429 1992 1818 2047 ecclesiasticis
1869 2008 2058 2049 carere

475 2078 777 2135 liminibus.
826 2079 918 2137 Sic
949 2084 1094 2136 enim
1146 2092 1194 2136 et
1248 2083 1475 2152 apostoli
1525 2093 1834 2139 statuerunt.
1865 2085 1963 2155 (7),
2004 2095 2058 2140 et

476 2177 665 2223 sancta
706 2169 952 2227 Romana
989 2182 1136 2227 tenet
1168 2172 1431 2228 Ecclesia.
1481 2175 1703 2244 Servite,
1745 2177 1923 2249 inquit
1949 2177 2057 2234 Do-

474 2263 657 2316 minus
705 2278 801 2332 per
847 2265 1167 2334 prophetam
1208 2266 1395 2335 David,
1430 2270 1482 2322 in
1517 2270 1704 2325 timore
1727 2312 1740 2338 ,
1786 2282 1834 2326 et
1873 2272 2054 2327 exsul-

476 2361 584 2405 tate
607 2348 654 2401 ei
675 2361 793 2398 cum
807 2357 1056 2407 tremore.
1073 2347 1116 2378 "
1131 2352 1362 2409 Adorate
1387 2371 1546 2424 pure,
1584 2373 1647 2410 ne
1678 2357 1814 2426 forte
1849 2361 2052 2412 irasca-

476 2453 582 2506 tur,
625 2451 674 2495 et
703 2447 932 2511 pereatis
985 2446 1050 2499 de
1103 2443 1208 2498 via.
1258 2448 1305 2479 "
1360 2448 1453 2503 llle
1483 2453 1627 2504 enim
1677 2465 1782 2503 non
1815 2451 1953 2519 perit
1986 2451 2053 2508 de

473 2535 581 2601 vla,
612 2535 706 2605 qui
739 2545 886 2592 recte
920 2537 1185 2607 graditur,
1223 2547 1274 2594 et
1303 2549 1571 2611 praecepta
1604 2541 1840 2596 custodit
1875 2543 2050 2613 majo-

474 2640 620 2685 rum.

547 2716 737 2773 Doceri
766 2735 896 2792 ergo
917 2737 1110 2781 omnes
1156 2735 1389 2796 oportet,
1420 2730 1513 2799 qui
1549 2730 1765 2786 Domini
1795 2737 2053 2790 sacerdo-

472 2805 549 2857 tio
579 2803 900 2876 funguntur,
929 2820 987 2864 ut
1013 2819 1063 2866 et
1096 2823 1322 2870 caeteros
1350 2817 1628 2874 instruant
1660 2831 1714 2876 et
1749 2823 1852 2876 sihi
1887 2824 2052 2893 proﬁ-

473 2897 639 2951 ciant.
674 2896 948 2968 Scriptum
989 2911 1074 2957 cst
1101 2915 1280 2960 autem
1316 2926 1329 2961 :
1365 2909 1470 2973 Qui
1511 2911 1653 2965 docti
1686 2913 1906 2982 fuerint,
1941 2916 2052 2985 ful-

469 2987 658 3055 gebunt
685 2993 837 3060 quasi
876 2995 1124 3064 splendor
1156 2998 1476 3066 ﬁrmamenti
1519 3018 1536 3056 :
1579 3013 1627 3058 et
1648 3007 1737 3076 qui
1776 3008 1846 3061 ad
1880 3009 2052 3078 justi-

2165 517 2417 587 quoniam
2448 525 2497 569 et
2529 517 2698 569 omnis
2729 519 2819 586 qui
2862 517 2991 585 facit
3016 518 3310 587 justitiam,
3342 538 3407 575 ex
3450 523 3567 590 ipso
3595 534 3771 579 natus

2164 619 2242 664 est
2275 609 2340 662 ⁵⁸.
2384 607 2559 662 Videte
2588 609 2798 678 qualem
2829 610 3140 665 charitatem
3189 614 3332 668 dedit
3376 615 3522 670 nobis
3564 615 3771 682 Pater,

2166 711 2224 756 ut
2250 703 2352 771 filii
2376 702 2473 756 Dei
2504 704 2835 757 nominemur
2862 715 2911 758 et
2935 705 3120 759 simus.
3148 703 3375 774 Pr0ptcr
3400 707 3496 760 hoc
3517 710 3772 762 mundus

2164 814 2267 850 non
2301 797 2441 851 novit
2468 813 2582 860 nos,
2608 797 2735 866 quia
2770 813 2873 850 non
2901 799 3040 852 novit
3069 816 3208 852 eum.
3234 799 3576 867 Charissimi,
3616 820 3764 856 nunc

2162 890 2264 960 ﬁlii
2287 891 2383 944 Dei
2409 907 2610 958 sumus,
2635 902 2682 945 et
2707 893 2939 947 nondum
2961 895 3208 962 apparuit
3229 894 3357 964 quid
3385 895 3608 951 erimus.
3636 894 3755 950 Sci.

2162 1001 2277 1036 mus
2327 985 2579 1054 quoniam
2631 1002 2746 1038 cum
2796 989 3132 1054 apparuerit,
3177 988 3376 1041 similes
3426 989 3474 1042 ei
3521 989 3766 1054 erimus,

2161 1076 2412 1145 quoniam
2447 1075 2737 1130 videbimus
2763 1093 2881 1130 eum
2920 1079 3081 1131 sicuti
3108 1088 3203 1132 est.
3235 1077 3306 1132 Et
3338 1079 3507 1133 omnis
3531 1083 3631 1150 qui
3658 1083 3761 1134 ha-

2159 1164 2240 1218 bet
2267 1181 2404 1233 spem
2423 1167 2558 1218 hanc
2580 1166 2633 1218 in
2657 1169 3149 1238 eo,sanctiﬁcatse,
3168 1171 3308 1223 sicut
3335 1181 3385 1224 et
3407 1171 3499 1225 ille
3527 1182 3766 1228 sanctus

2154 1267 2252 1310 est.
2281 1256 2464 1310 Omnis
2481 1258 2571 1327 qui
2595 1257 2726 1326 facit
2755 1269 3046 1326 peccatum,
3075 1270 3124 1314 et
3148 1262 3480 1332 iniquitatem
3507 1264 3674 1332 facit,
3706 1275 3765 1318 et

2155 1355 2426 1414 peccatum
2460 1356 2535 1399 est
2574 1349 2848 1417 iniquitas.
2875 1349 2945 1402 Et
2963 1352 3111 1406 scitis
3130 1351 3255 1422 quia
3277 1351 3366 1405 tlle
3385 1356 3664 1422 apparuit,
3697 1366 3760 1408 ut

2154 1446 2366 1506 peccata
2398 1436 2622 1500 tolleret,
2643 1449 2693 1493 et
2728 1451 2999 1508 peccatum
3021 1443 3074 1495 in
3113 1460 3170 1496 eo
3188 1459 3291 1497 non
3316 1456 3416 1498 est.
3449 1444 3644 1500 Omnis
3661 1449 3760 1516 qui

2153 1528 2206 1581 in
2232 1545 2292 1582 eo
2310 1538 2504 1596 manet,
2528 1545 2628 1583 non
2659 1542 2836 1600 peccat
2856 1541 2940 1585 :et
2962 1534 3131 1586 omnis
3151 1535 3241 1604 qui
3261 1545 3460 1603 peccat,
3489 1551 3590 1588 non
3616 1537 3760 1590 vidit

2155 1638 2295 1688 eum,
2325 1638 2415 1675 nec
2442 1624 2675 1693 cognovit
2707 1641 2845 1678 eum.
2873 1625 3080 1693 Filioli,
3102 1643 3252 1681 nemo
3270 1645 3357 1681 vos
3377 1629 3617 1684 seducet.
3643 1629 3756 1695 Qui

2157 1714 2290 1782 facit
2333 1714 2629 1783 justitiam,
2661 1716 2844 1784 justus
2881 1727 2980 1781 est,
3026 1718 3162 1772 sicut
3197 1727 3245 1773 et
3297 1719 3388 1773 ille
3427 1720 3610 1789 justus
3647 1730 3753 1776 est.

2161 1806 2266 1871 Qui
2299 1808 2430 1876 facit
2460 1817 2752 1878 peccatum,
2776 1825 2840 1863 ea:
2863 1810 3075 1865 diabolo
3103 1822 3199 1879 est,
3223 1815 3471 1883 quoniam
3496 1814 3562 1868 ab
3587 1815 3754 1870 initio

2159 1899 2401 1954 diabolus
2427 1911 2626 1969 peccat.
2662 1900 2731 1955 In
2777 1902 2873 1955 hoc
2910 1905 3158 1973 apparuit
3183 1904 3360 1961 Filius
3397 1905 3516 1973 Dei,
3546 1921 3604 1960 ut
3628 1909 3743 1962 dis-

2158 1992 2326 2046 solvat
2361 2010 2517 2061 opera
2548 1994 2772 2049 diaboli.
2812 1994 2996 2050 Omnis
3035 2011 3124 2066 qui
3155 2007 3334 2059 natus
3382 2009 3458 2053 est
3501 2017 3569 2053 ea:
3605 2000 3750 2068 Deo,

2157 2094 2430 2154 peccatum
2480 2101 2583 2139 non
2636 2086 2768 2156 facit
2797 2090 3092 2157 :quoniam
3145 2107 3319 2146 semen
3365 2093 3532 2161 ipsius
3584 2094 3642 2146 in
3689 2112 3753 2148 eo

2157 2188 2354 2246 manet,
2385 2188 2433 2233 et
2466 2196 2570 2234 non
2594 2190 2762 2249 potest
2789 2197 3024 2250 peccare,
3057 2185 3308 2252 quoniam
3337 2201 3400 2239 ea:
3437 2184 3544 2240 Deo
3580 2198 3750 2242 natus

2155 2280 2253 2326 est.
2290 2270 2358 2325 In
2399 2272 2495 2326 hoc
2533 2273 2804 2343 manifesti
2850 2285 2970 2328 sunt
3011 2275 3116 2344 ﬁlii
3153 2276 3244 2332 Dei
3281 2288 3330 2332 et
3369 2279 3473 2349 ﬁlii
3513 2281 3746 2336 diaboli.

2159 2362 2346 2418 Omnis
2380 2367 2472 2434 qui
2499 2381 2602 2418 non
2629 2376 2706 2420 est
2729 2366 2933 2436 justus,
2961 2384 3064 2421 non
3090 2385 3166 2424 est
3192 2385 3256 2423 ea:
3289 2369 3413 2436 Deo,
3445 2387 3494 2425 et
3520 2373 3614 2443 qui
3633 2389 3749 2426 ita:

2153 2458 2330 2530 diligit
2358 2461 2580 2529 fratrem
2620 2477 2776 2514 suum
2799 2474 2820 2513 :
2846 2463 3094 2532 quoniam
3135 2463 3247 2518 hazc
3289 2474 3366 2518 est
3393 2468 3747 2520 annitntiatio

2152 2568 2313 2621 quam
2355 2554 2585 2607 audistis
2631 2555 2696 2607 ab
2728 2555 2901 2622 initio,
2955 2565 3011 2608 ut
3059 2556 3346 2626 diligamus
3392 2558 3742 2615 alterutrum.

2155 2640 2279 2696 Non
2305 2644 2441 2696 sicut
2480 2643 2638 2713 Cain,
2667 2647 2757 2716 qui
2789 2663 2855 2701 ex
2878 2648 3110 2718 maligno
3138 2659 3272 2716 erat,
3309 2659 3359 2704 et
3396 2652 3592 2705 occidit
3623 2653 3741 2722 fra-

2155 2745 2288 2788 trem
2332 2752 2508 2791 suum.
2558 2737 2626 2791 Et
2676 2755 2889 2808 propter
2935 2741 3032 2794 hoc
3065 2743 3259 2796 occidit
3301 2760 3440 2811 eum,
3481 2747 3741 2815 quoniam

2153 2842 2311 2894 opera
2341 2827 2454 2895 ejus
2489 2827 2723 2899 maligna
2759 2841 2932 2896 erant,
2975 2832 3162 2900 fratris
3195 2842 3370 2886 autent
3409 2833 3586 2902 justu.
3619 2833 3740 2888 No-

2152 2916 2245 2969 lite
2274 2917 2482 2983 mirari,
2512 2919 2728 2986 fratres,
2761 2923 2806 2974 si
2855 2922 2966 2976 odit
3000 2940 3087 2978 vos
3122 2924 3367 2978 mundus.
3400 2923 3512 2978 Nos
3539 2927 3740 2979 scimus

2148 3015 2403 3083 quoniam
2443 3016 2694 3070 translati
2741 3033 2922 3070 sumus
2963 3017 3025 3070 de
3066 3029 3233 3072 morte
3281 3018 3351 3071 ad
3390 3019 3574 3081 vitam,
3609 3019 3739 3088 quia

471 3080 600 3132 tiam
670 3084 918 3138 erudiunt
963 3088 1194 3156 multos,
1241 3095 1395 3161 quasi
1447 3096 1615 3151 stella:
1661 3101 1718 3153 in
1767 3111 2045 3170 perpetuas
2074 3115 2116 3172 (ζ
2149 3080 2424 3175 diligimus
2461 3107 2674 3176 fratres.
2710 3109 2812 3173 Qui
2846 3126 2949 3162 non
2971 3108 3171 3178 diligit,
3202 3119 3377 3163 manet
3426 3111 3479 3164 in
3527 3121 3738 3164 morte;

470 3175 790 3228 (eternitates
817 3177 883 3231 “.
907 3177 973 3232 Et
997 3181 1158 3236 alibi:
1197 3179 1433 3252 Populus
1471 3198 1646 3242 autem
1681 3193 1847 3248 sciens
1876 3193 2047 3249 Deum

466 3282 643 3333 suum,
683 3269 956 3337 obtinebit,
989 3283 1038 3328 et
1080 3276 1257 3349 faciet,
1303 3291 1352 3335 et
1394 3282 1536 3337 docti
1575 3286 1629 3338 in
1664 3287 1856 3355 populo
1890 3289 2046 3345 doce-

467 3358 593 3411 bunt
640 3363 893 3428 plurimos
933 3365 999 3420 ".
1045 3366 1164 3438 lpsa
1204 3373 1348 3427 enim
1402 3374 1614 3432 Veritas
1649 3393 1745 3447 per
1787 3396 1846 3435 se
1883 3381 2047 3437 infert

465 3456 520 3503 cl
557 3449 729 3505 dicit:
759 3453 957 3510 Beatus
999 3463 1189 3530 estqui
1217 3481 1318 3519 non
1351 3467 1512 3535 fuerit
1551 3471 1950 3526 scandalizatus
1989 3475 2048 3528 in

465 3556 546 3595 me
578 3541 645 3596 ⁸³.
677 3543 722 3574 ⁸³
763 3544 853 3601 Ille
893 3550 1081 3616 procul
1127 3553 1294 3608 dubio
1329 3560 1731 3616 scandalizatur
1764 3564 1817 3617 in
1851 3563 2042 3631 Deum,

467 3634 562 3701 qui
593 3644 739 3690 recte
766 3654 870 3692 non
903 3642 1080 3707 docet,
1109 3655 1163 3698 et
1190 3647 1282 3715 qui
1315 3650 1434 3719 ejus
1464 3654 1799 3710 scandalizat
1832 3659 2044 3726 cpisco-

475 3741 601 3795 pum
635 3729 719 3782 vel
757 3732 1115 3788 sacerdotem.
1149 3737 1315 3809 lmpie
1363 3759 1600 3815 namque
1646 3759 1886 3818 agentes,
1918 3764 2045 3807 sunt

469 3819 644 3888 impii,
675 3836 850 3891 neque
901 3824 1205 3897 intelligent
1245 3846 1434 3887 omnes
1475 3836 1646 3907 impii,
1690 3855 1854 3906 porro
1896 3843 2042 3898 docti

464 3912 783 3980 intelligent.
834 3914 1024 3971 Omnes
1069 3921 1207 3972 enint
1253 3923 1470 3978 invicem
1519 3931 1870 3986 humilitatem
1912 3937 2044 3989 insi-

464 4014 642 4067 nuate,
671 4008 792 4075 quia
822 4006 963 4062 Deus
1007 4013 1244 4080 superbis
1289 4017 1507 4084 resistit,
1538 4020 1824 4078 humilibus
1864 4038 2042 4083 autem

461 4096 554 4147 dat
573 4098 802 4165 gratiam
818 4099 884 4153 ⁵⁵.
903 4098 1104 4169 Nolite,
1124 4103 1298 4173 inquit
1319 4104 1561 4165 Joannes
1582 4115 1882 4181 apostolus,
1899 4119 2042 4172 omni

461 4188 673 4252 spiritui
695 4191 930 4256 credere,
958 4193 1048 4246 sed
1075 4194 1292 4263 probate
1321 4199 1561 4268 spiritus,
1594 4204 1642 4256 si
1670 4220 1733 4256 ea:
1764 4205 1866 4260 Deo
1891 4218 2036 4272 sunt;

459 4281 714 4346 quoniam
745 4284 1208 4356 pseudoprophetaz
1237 4291 1477 4345 exierunt
1506 4296 1561 4347 in
1584 4298 1836 4351 mundum
1865 4299 1930 4354 ⁵⁸.
1973 4300 2041 4356 Et

463 4371 602 4426 idem
635 4374 752 4444 ipse
770 4375 898 4430 alibi
929 4378 1154 4434 aitzVos
1171 4383 1310 4451 quod
1337 4386 1562 4442 audistis
1586 4388 1650 4441 ab
1675 4391 1848 4458 initio,
1874 4393 1928 4446 in
1959 4411 2042 4448 oo-

2150 3199 2318 3251 omnis
2342 3201 2431 3268 qui
2455 3201 2566 3254 odit
2590 3201 2809 3269 fratrem
2840 3218 3015 3267 suum,
3053 3202 3320 3255 homicida
3353 3212 3451 3258 est.
3481 3202 3551 3256 Et
3582 3204 3735 3258 scitis

2148 3290 2399 3359 quoniam
2429 3293 2599 3344 omnis
2630 3291 2897 3344 homicida
2941 3308 3043 3345 non
3096 3293 3249 3346 habet
3278 3294 3439 3347 vitam
3477 3304 3735 3349 cetcrnam

2148 3382 2203 3434 in
2231 3398 2286 3436 se
2317 3392 2631 3436 manentem.
2668 3382 2732 3435 In
2763 3384 2858 3437 hoc
2891 3387 3224 3454 cognovimus
3264 3385 3579 3440 charitatem
3611 3387 3732 3454 Dei,

2147 3473 2396 3542 quoniam
2422 3472 2512 3525 ille
2551 3489 2646 3540 pro
2678 3474 2825 3526 nobis
2855 3475 3090 3527 animam
3135 3491 3287 3529 suam
3336 3478 3536 3545 posuit,
3559 3487 3606 3530 et
3635 3494 3730 3531 nos

2147 3566 2390 3620 debemus
2417 3583 2512 3636 pro
2541 3567 2798 3636 fratribus
2832 3569 3040 3622 animas
3082 3585 3290 3638 ponere.
3333 3568 3438 3634 Qui
3489 3569 3731 3627 habuerit

2146 3657 2499 3711 substantiam
2541 3658 2699 3727 hujus
2737 3658 2942 3723 mundi,
2988 3668 3037 3712 et
3086 3660 3276 3712 viderit
3315 3659 3539 3728 fratrem
3573 3677 3732 3714 suum

2146 3749 2508 3801 necessitatem
2543 3749 2752 3813 habere,
2778 3757 2828 3801 et
2863 3747 3111 3803 clauserit
3150 3749 3348 3803 viscera
3394 3767 3494 3805 sua
3543 3752 3606 3804 ab
3641 3768 3730 3818 eo,

2144 3839 2402 3907 quomodo
2451 3838 2685 3892 charitas
2716 3839 2814 3892 Dei
2853 3849 3025 3894 ntanet
3098 3839 3152 3893 in
3203 3843 3300 3895 eo?
3361 3828 3547 3896 Filioli
3600 3848 3726 3908 mei,

2145 3947 2248 3983 non
2312 3931 2599 4001 diligamus
2663 3933 2813 3986 verbo
2867 3949 3027 4004 neque
3079 3931 3284 4002 lingua,
3335 3937 3425 3989 sed
3478 3953 3626 4006 opere
3673 3946 3726 3991 et

2144 4021 2382 4076 veritate.
2431 4021 2499 4075 In
2549 4022 2646 4076 hoc
2690 4026 3053 4094 cognoscimus
3091 4027 3340 4097 quoniam
3395 4044 3460 4080 ea:
3506 4030 3726 4083 veritate

2143 4129 2345 4177 sumus,
2377 4124 2426 4167 et
2457 4115 2511 4168 in
2541 4126 2818 4186 conspectu
2857 4118 2971 4184 ejus
3014 4120 3298 4173 suademus
3329 4119 3476 4173 cordi
3518 4132 3718 4175 nostro.

2145 4202 2408 4268 Quoniam
2429 4207 2477 4258 si
2504 4207 2889 4276 reprehenderit
2917 4223 3009 4260 nos
3040 4225 3129 4262 cor
3153 4218 3412 4276 nostrum,
3437 4209 3608 4278 major
3640 4219 3722 4287 est

2142 4295 2284 4350 Deus
2321 4297 2475 4351 corde
2522 4309 2724 4366 nostro,
2766 4311 2814 4352 et
2869 4301 3012 4354 novit
3061 4302 3260 4354 omnia.
3303 4301 3640 4365 Charissimi,
3669 4303 3721 4356 si

2142 4406 2232 4443 cor
2269 4400 2509 4443 nostrum
2551 4407 2655 4444 non
2701 4393 3085 4461 reprehenderit
3121 4411 3236 4456 nos,
3265 4396 3518 4464 fiduciam
3557 4395 3720 4450 habe-

460 4459 537 4513 bis
568 4475 682 4530 pert
707 4475 891 4520 .sneat.
919 4465 980 4522 Si
1010 4471 1063 4523 in
1092 4470 1232 4525 vobis
1255 4479 1600 4539 permanserit
1624 4482 1762 4549 quod
1784 4454 1848 4535 ab
1881 4484 2036 4538 initio

2152 4497 2258 4534 mus
2289 4482 2357 4534 ad
2403 4483 2679 4538 Deum:et
2728 4485 2982 4554 quidquid
3023 4488 3354 4554 petierimus,
3401 4489 3718 4557 accipiemus

458 4553 707 4621 audistis.
722 4565 775 4609 et
795 4574 881 4612 vos
909 4560 963 4612 in
983 4559 1125 4616 Filio
1145 4575 1193 4619 et
1216 4565 1380 4621 Putre
1406 4572 1790 4627 manebitist‘t
1821 4574 1932 4629 haec
1958 4587 2036 4631 est

459 4658 675 4712 repronn
696 4649 814 4716 ssio,
840 4667 1000 4720 quam
1019 4655 1128 4709 inse
1155 4657 1422 4726 pollicitus
1443 4671 1518 4714 est
1541 4665 1680 4717 vobis
1706 4666 1866 4721 vitam
1889 4679 2038 4723 ceter-

456 4751 580 4787 nant
605 4735 672 4792 ⁵⁷.
707 4738 836 4794 Hcce
876 4745 1066 4813 scripsi
1106 4748 1250 4801 t-obis
1291 4750 1356 4802 de
1391 4752 1471 4805 his
1507 4755 1599 4822 qui
1639 4757 1891 4812 seducunt
1922 4777 2031 4816 vos.

456 4823 527 4878 Et
555 4831 732 4883 unctio
760 4848 918 4901 quam
941 4837 1213 4892 accepistis
1238 4839 1301 4892 ab
1334 4855 1414 4905 eo,
1446 4856 1654 4898 maneat
1689 4847 1741 4899 in
1769 4847 1931 4904 vobis.
1963 4849 2033 4904 Et

454 4931 558 4968 non
589 4934 791 5002 neti-sse
819 4922 1018 4977 habetis
1050 4935 1108 4977 ut
1137 4925 1331 5002 aliquis
1365 4931 1548 4982 doceat
1591 4949 1678 4985 vos
1697 4948 1720 4996 ;
1763 4937 1854 4988 sed
1895 4937 2032 4990 sicut

454 5011 635 5063 unctio
675 4997 791 5080 ejus
841 5014 992 5069 docet
1022 5034 1105 5070 vos
1152 5019 1216 5071 de
1260 5021 1523 5087 omnibus,
1552 5033 1603 5076 et
1641 5041 1819 5078 verum
1853 5038 1952 5095 est,
1985 5039 2036 5082 et

454 5117 558 5154 non
587 5112 661 5155 est
701 5107 1053 5163 mendacium.
1085 5109 1154 5163 Et
1189 5113 1324 5165 sicut
1367 5113 1545 5168 docuit
1592 5133 1699 5184 vos,
1744 5130 1948 5175 manete
1978 5123 2035 5175 in

452 5207 533 5245 eo.
569 5191 635 5245 Et
665 5210 821 5260 nunc,
848 5197 1029 5266 ﬁlioli.
1066 5215 1268 5258 manete
1304 5205 1361 5259 in
1403 5225 1482 5272 eo,
1513 5217 1592 5273 ut,
1625 5226 1743 5262 cum
1774 5228 2034 5282 apparue-

455 5285 546 5350 rit,
575 5284 860 5341 habeamus
883 5290 1157 5361 ﬁduciam,
1189 5305 1236 5348 et
1259 5313 1360 5350 non
1385 5301 1774 5369 confundamur
1803 5304 1866 5357 ab
1893 5323 1951 5361 eo
1977 5310 2034 5363 in

2143 4573 2206 4626 ab
2229 4590 2306 4639 eo,
2339 4576 2586 4643 quoniam
2614 4577 2871 4630 mandata
2898 4578 3021 4647 ejus.
3040 4581 3387 4644 custodimus,
3421 4592 3469 4635 et
3511 4599 3572 4634 ea
3601 4597 3719 4651 quit

2140 4675 2260 4718 sunt
2283 4664 2483 4734 placita
2506 4683 2685 4721 coram
2706 4684 2786 4736 eo,
2810 4671 3056 4738 facimus.
3087 4669 3155 4724 Et
3181 4672 3276 4725 hoc
3300 4683 3374 4726 est
3407 4673 3717 4727 mandatum

2140 4758 2251 4826 ejus
2281 4773 2300 4811 :
2341 4757 2407 4813 Ut
2441 4760 2715 4815 credamus
2746 4763 2800 4816 in
2836 4765 3042 4818 nomine
3073 4764 3206 4820 Filii
3233 4767 3348 4836 ejus
3396 4767 3523 4822 Jesu
3559 4767 3716 4821 Chri-

2140 4845 2230 4909 sti,
2268 4855 2324 4898 ut
2362 4846 2646 4918 diligamus
2678 4850 3017 4916 alterutrum,
3053 4856 3193 4908 sicut
3223 4857 3370 4910 dedit
3405 4858 3713 4912 mandatum

2140 4939 2308 4992 nobis.
2341 4935 2409 4991 Et
2441 4941 2532 5010 qui
2565 4952 2735 4995 servat
2782 4945 3037 4998 mandata
3079 4946 3192 5014 ejus
3231 4949 3283 5001 in
3316 4949 3411 5003 illo
3443 4959 3635 5015 manet,
3665 4961 3712 5004 et

2137 5029 2247 5098 ipse
2275 5030 2430 5084 ineo.
2468 5030 2537 5084 Et
2564 5035 2618 5086 in
2655 5035 2751 5088 hoc
2789 5036 3006 5102 scimus,
3035 5042 3285 5108 quoniam
3326 5053 3502 5097 manet
3525 5046 3591 5113 {in
3620 5061 3712 5096 no-

2138 5124 2217 5178 bis
2251 5124 2315 5178 de
2346 5126 2540 5195 spiritu
2569 5144 2720 5198 quem
2745 5129 2890 5182 dedit
2917 5131 3063 5185 nobis
3091 5132 3181 5186 ⁸⁸⁸.
3207 5133 3253 5165 ⁵⁸
3285 5133 3350 5189 Et
3383 5136 3525 5191 sicut
3573 5137 3714 5193 Deus

2138 5228 2374 5284 creator,
2401 5220 2494 5288 qui
2524 5220 2802 5276 hominem
2836 5223 2902 5277 ad
2927 5223 3340 5282 similitudinem
3368 5244 3528 5283 suam
3559 5244 3711 5284 crea-

2135 5312 2235 5379 vit,
2269 5320 2354 5368 est
2403 5313 2666 5381 charitas,
2694 5323 2778 5370 est
2807 5314 3004 5381 bonus,
3038 5317 3242 5388 justus,
3282 5321 3515 5390 patiens,
3549 5331 3713 5394 atque

523 5407 570 5506 ’ἶ
589 5405 744 5506 9°92;
775 5425 874 5506 ".1:
907 5410 1018 5506 33:;
1037 5411 1180 5506 “lle
1213 5418 1623 5506 2°"??ﬂ1dist-
1661 5421 2048 5506 latitasset“

2179 5434 2508 5506 sacrificans.
2551 5433 2596 5506 ‘f
2610 5449 2681 5506 ex
2705 5431 3128 5506 llieronymiana
3157 5439 3430 5495 versione.
3493 5442 3539 5472 ⁵ο
3562 5439 3709 5496 Psal.

457 5479 636 5549 μευ,
674 5479 760 5532 l2.
827 5481 870 5512 ⁸¹
906 5480 1042 5534 Dan.
1076 5498 1184 5549 xu,
1213 5485 1265 5537 '5.

453 5547 499 5622 ξ’
518 5547 548 5622 l_
569 5547 788 5622 Potiuv,
931 5551 1010 5622 “l
1041 5547 1197 5608 Joan.
1225 5571 1298 5622 Iv,
1329 5557 1381 5610 l.

453 5615 575 5672 ωδ.
607 5619 796 5674 Ambr.
830 5620 924 5675 lib.
972 5621 1049 5676 De
1099 5615 1358 5694 dignitate
1408 5626 1635 5687 hominis
1657 5673 1670 5697 ,

1331 5487 1375 5574 lli!
1395 5485 1530 5574 Da").
1556 5505 1646 5574 δὴ
1662 5491 1748 5544 55.
1767 5485 1797 5574 ’⁸
1812 5495 1862 5574 7³³
1886 5485 2199 5574 Matth—3!;

1458 5559 1502 5588 ⁵⁷
1527 5561 1674 5632 nobis
1691 5603 1705 5628 ,
1748 5564 1854 5618 vita
1879 5559 2098 5632 ωιεηξά,

2352 5520 2543 5569 uc.vu,
2571 5504 2780 5580 ξμμδδ
2811 5504 3124 5580 l)_i_st.ip._95.
3163 5507 3266 5562 Ille
3302 5510 3488 5580 procul
3525 5509 3709 5568 dubio.

2177 5577 2258 5630 ⁵⁸1
2287 5574 2446 5631 Joan.
2479 5589 2539 5640 ιι,
2569 5574 2758 5632 24-29.
2839 5577 2907 5609 π’
2948 5577 3154 5636 lJoan.
3213 5574 3312 5635 ιη’
3359 5597 3458 5652 per
3511 5591 3709 5640 totum.

526 5731 602 5800 (7)
644 5731 727 5786 Stc
744 5737 947 5792 enimet
964 5740 1190 5806 apostoli
1243 5752 1561 5800 statuerunt.
1623 5747 1845 5808 Canone
1887 5753 1919 5808 9
1977 5763 2031 5810 ct
2062 5755 2146 5811 10.
2185 5755 2312 5812 Ssv.
2345 5754 2550 5814 BINIUS.
