4074 6154
397 241 496 298 797

1850 243 2227 302 EPISTOLIE.

3544 246 3645 303 798

391 363 544 417 mitis
573 371 627 417 et
659 377 996 428 misericors,
1041 371 1096 418 et
1132 372 1324 417 caetera
1362 370 1674 419 sanctarum
1701 365 1962 421 virtutum
1993 381 2040 430 Α
2071 365 2126 418 in
2176 371 2428 418 aeternum
2472 363 2869 431 ﬂuctuationem
2905 362 3137 432 Justo“.
3174 362 3219 394 “
3259 360 3449 418 Omnis
3495 366 3641 419 enim

388 451 648 523 insignia,
698 465 822 522 quae
863 452 932 507 de
970 468 1039 508 eo
1081 453 1337 524 leguntur
1373 472 1387 508 :
1428 454 1502 508 ita
1542 454 1709 511 homo
1745 465 1963 511 creatus

385 553 493 612 est,
523 554 583 600 ut
607 544 929 599 charitatem
957 543 1201 610 haberet,
1225 555 1288 600 ut
1310 544 1488 600 bonus
1513 554 1657 601 esset
1683 555 1737 600 et
1756 545 1960 615 justus,

386 643 447 690 ut
477 635 692 705 patiens
715 645 876 705 atque
901 634 1072 698 mitis,
1105 635 1344 690 mundus
1377 643 1429 690 et
1457 635 1774 692 misericors
1799 635 1958 692 foret.

386 730 537 798 Quas
567 731 798 786 virtutes
828 737 1032 800 quanto
1067 728 1188 798 plus
1221 728 1455 798 quisque
1490 728 1543 780 in
1568 727 1750 798 seipso
1776 727 1958 791 habet,

386 834 538 882 tanto
567 825 790 896 propior
817 835 902 880 est
935 823 1048 880 Deo
1083 833 1136 879 et
1176 825 1352 894 major
1375 833 1478 888 est,
1509 839 1572 878 ac
1601 824 1687 880 sui
1712 821 1962 880 condito-

384 920 464 975 ris
487 919 622 991 gerit
655 915 1087 974 similitudinem.
1121 916 1178 970 Si
1204 929 1350 981 vero,
1385 914 1530 985 quod
1561 915 1734 970 absit!
1763 913 1961 984 aliquis

382 1027 483 1081 per
515 1011 670 1066 devia
697 1010 964 1064 vitiorum
1009 1017 1062 1064 et
1109 1006 1342 1062 divortia
1393 1007 1710 1074 criminum,
1743 1006 1813 1060 ab
1858 1006 1962 1061 hac

382 1102 727 1159 nobilissima
756 1101 842 1157 sui
883 1099 1186 1156 conditoris
1213 1098 1571 1154 similitudine
1601 1098 1836 1168 degener
1863 1097 1960 1152 ab-

380 1203 548 1262 erret,
581 1204 711 1250 tunc
755 1194 848 1250 ﬁet
872 1193 938 1249 de
981 1207 1047 1248 eo
1065 1191 1211 1263 quod
1235 1192 1496 1262 scriptum
1535 1199 1658 1246 est:
1701 1189 1772 1244 Et
1805 1189 1959 1244 homo

382 1303 500 1340 cum
525 1287 582 1340 in
611 1287 805 1339 honore
843 1294 999 1352 esset,
1041 1299 1144 1338 non
1177 1282 1442 1337 intellexit
1467 1298 1485 1336 :
1515 1289 1851 1352 comparatus
1881 1292 1959 1336 est

368 1378 631 1450 jumentis
658 1375 1044 1446 insipientibus,
1087 1387 1138 1430 ct
1176 1374 1369 1430 similis
1414 1375 1588 1445 factus
1631 1383 1709 1429 est
1746 1373 1857 1428 illis
1888 1374 1954 1428 '°.

377 1470 484 1538 Qui
518 1470 697 1540 major
746 1469 922 1524 honor
951 1468 1130 1539 potuit
1164 1465 1372 1523 homini
1420 1481 1563 1534 esse,
1598 1481 1764 1537 quam
1799 1473 1858 1519 ut
1889 1466 1954 1520 ad

379 1561 794 1618 similitudinem
847 1561 933 1617 sui
983 1559 1207 1617 factoris
1253 1560 1602 1623 conderetur,
1650 1566 1706 1614 et
1751 1557 1955 1613 eisdem

378 1656 643 1710 virtutum
678 1653 1018 1709 vestimentis
1049 1661 1358 1718 ornaretur,
1410 1650 1610 1723 quibus
1655 1659 1710 1706 et
1761 1648 1953 1705 condi-

375 1747 496 1803 tor?
546 1745 622 1802 De
668 1760 781 1816 quo
826 1745 1073 1816 legitur:
1115 1743 1369 1799 Dominus
1420 1743 1676 1813 regnavit,
1717 1742 1955 1796 decorem

373 1839 594 1892 indutus
622 1845 700 1892 est
733 1836 810 1902 ⁶¹;
849 1836 902 1892 id
935 1845 1018 1892 est
1049 1835 1294 1891 omnium
1331 1835 1592 1889 virtutum
1641 1833 1953 1904 splendore,

374 1940 432 1986 et
464 1930 630 1986 totius
663 1929 925 1985 bonitatis
965 1927 1166 1984 decore
1197 1938 1444 1983 ornatus.
1470 1924 1567 1982 Vel
1599 1926 1745 1996 quod
1774 1925 1954 1996 majus

375 2023 586 2078 homini
620 2029 799 2093 potest
829 2034 950 2076 esse
978 2019 1235 2083 dedecus,
1270 2027 1366 2073 aut
1399 2017 1673 2074 infelicior
1703 2017 1951 2085 miseria,

372 2128 542 2184 quam
597 2120 655 2166 ut
704 2111 808 2166 hac
862 2109 1242 2166 similitudinis
1293 2110 1465 2180 gloria
1516 2109 1598 2164 sui
1651 2108 1952 2165 conditoris

370 2205 596 2270 amissa,
641 2203 710 2259 ad
753 2201 1044 2258 informem
1095 2209 1150 2256 et
1200 2199 1628 2256 irrationabilem
1663 2200 1950 2255 brutorum

364 2297 853 2369 jumentorumque
886 2293 1300 2350 similitudinem
1346 2292 1668 2348 delabatur?
1701 2291 1950 2362 Quapro-

368 2400 489 2462 pter
520 2391 758 2462 quisque
800 2387 1115 2460 diligentius
1161 2385 1406 2442 attendat
1444 2386 1636 2456 prima:
1679 2385 1949 2442 conditio-

367 2484 454 2540 nis
495 2499 609 2540 sua‘,
639 2481 1052 2547 excellentiam,
1103 2488 1162 2534 ut
1193 2478 1556 2534 venerandam
1592 2486 1795 2534 sanctae
1826 2476 1950 2532 Tri-

365 2574 553 2630 nitatis
585 2575 642 2628 in
675 2589 736 2629 se
767 2573 885 2642 ipso
917 2571 1210 2643 imaginem
1250 2578 1529 2642 agnoscat,
1567 2570 1946 2641 honoremque

364 2665 738 2722 similitudinis
771 2663 988 2732 divinat,
1023 2663 1091 2718 ad
1133 2678 1300 2734 quam
1342 2671 1564 2719 creatus
1601 2672 1708 2729 est,
1746 2664 1947 2720 nobili-

362 2768 529 2815 tatem
566 2757 611 2790 “
659 2771 898 2822 morum,
933 2754 1341 2811 exsecutionem
1379 2754 1662 2821 virtutum,
1709 2753 1946 2825 dignita-

360 2861 470 2906 tem
504 2851 827 2906 meritorum
879 2851 1077 2905 habere
1125 2847 1451 2913 contendat;
1488 2856 1548 2902 ut
1591 2847 1811 2917 quando
1848 2863 1946 2918 ap-

359 2945 603 3014 paruerit
662 2942 841 3012 qualis
875 2943 986 3008 sit,
1033 2949 1164 2995 tunc
1196 2939 1392 2996 similis
1421 2941 1470 2994 ei
1505 2942 1807 3010 appareat",
1846 2940 1942 3010 qui

361 3050 423 3091 se
479 3035 800 3090 mirabiliter
861 3034 927 3089 ad
991 3033 1400 3088 similitudinem
1449 3047 1603 3086 suam
1657 3031 1710 3088 in
1764 3031 1943 3100 primo

357 3126 530 3182 Adam
565 3126 848 3191 condidit,
905 3125 1320 3195 mirabiliusque
1374 3124 1428 3177 in
1485 3121 1727 3177 secundo
1759 3120 1936 3176 refor-

360 3219 549 3274 mavit.

426 3309 618 3368 Omnis
645 3327 775 3382 ergo
806 3312 995 3378 homo,
1039 3311 1136 3382 qui
1182 3309 1252 3365 ad
1297 3307 1589 3377 imaginem
1631 3307 1726 3364 Dei
1759 3305 1938 3364 factus

352 3415 458 3467 est,
487 3403 640 3457 illum
670 3402 830 3458 debet
857 3401 1080 3468 imitari,
1115 3401 1274 3472 cujus
1312 3399 1380 3454 ad
1407 3398 1701 3469 imaginem
1742 3400 1936 3456 condi-

353 3506 445 3553 tus
470 3503 554 3551 est
579 3513 594 3550 :
627 3495 774 3551 illius
798 3494 959 3550 debet
979 3493 1135 3564 sequi
1159 3493 1410 3564 vestigia,
1435 3492 1530 3562 qui
1559 3506 1684 3546 eum
1709 3491 1777 3546 ad
1799 3490 1937 3546 ima-

351 3591 533 3660 ginem
569 3587 655 3645 sui
686 3587 949 3642 condidit.
986 3584 1541 3653 Consiliariumgvero
1569 3598 1635 3638 ac
1664 3590 1937 3652 protectos

353 3696 469 3736 rem
493 3679 776 3734 meliorem
797 3678 1036 3747 reperire
1063 3693 1171 3732 non
1202 3664 1434 3746 poterit:
1457 3690 1623 3746 quam
1654 3674 1810 3729 illum
1836 3673 1933 3742 qui

351 3787 477 3827 eum
511 3771 580 3826 ad
612 3771 907 3842 imaginem
944 3769 1028 3826 sui
1063 3768 1330 3835 condidit,
1380 3767 1476 3840 qui
1519 3783 1646 3822 eum
1696 3765 1934 3836 pretioso

350 3863 618 3934 sanguine
650 3877 751 3919 suo
781 3861 1034 3928 redemit,
1069 3869 1124 3915 et
1168 3868 1392 3931 propter
1439 3875 1568 3915 eum
1616 3861 1784 3914 homo
1816 3856 1933 3912 ﬁeri

349 3964 462 4005 non
495 3956 580 4005 est
623 3949 966 4020 dedignatus.
1018 3949 1191 4016 Quem
1243 3949 1433 4019 procul
1469 3948 1636 4004 dubio
1667 3949 1928 4015 inveniet,

349 4041 398 4096 si
433 4041 492 4096 in
523 4056 646 4097 eum
684 4049 851 4096 totam
889 4055 1040 4111 spem
1086 4057 1269 4104 suam,
1299 4041 1455 4111 juxta
1498 4039 1804 4095 Psalmista:
1833 4053 1930 4095 vo-

347 4147 492 4199 cem,
517 4132 824 4204 projecerit.
863 4133 955 4188 Ait
983 4147 1224 4203 namque
1245 4132 1289 4164 ⁸³
1325 4151 1340 4187 :
1380 4131 1590 4202 Projice
1631 4147 1788 4202 super
1815 4131 1930 4184 Do-

2065 455 2232 510 homo
2268 455 2336 522 ;in
2387 469 2485 510 sua
2531 469 2697 509 causa
2744 454 3022 518 deﬁciens,
3053 463 3108 509 et
3137 455 3190 509 in
3234 455 3350 511 suis
3385 455 3641 512 haesitans

2065 546 2332 613 consiliis,
2364 545 2564 616 quaerit
2593 546 2696 601 sibi
2730 546 2966 601 amicum
2991 547 3227 615 ﬁdelem,
3253 549 3309 602 in
3337 548 3494 617 cujus
3517 564 3643 602 con-

2063 638 2202 694 siliis
2234 638 2493 702 conﬁdat,
2522 639 2619 708 qui
2647 638 2700 692 in
2737 638 2854 694 suis
2876 638 3181 693 diﬁidebat:
3214 647 3268 694 et
3304 640 3466 694 talem
3505 639 3643 692 ﬁdu-

2062 731 2203 785 ciam
2242 731 2406 787 habet
2440 731 2495 785 in
2539 731 2652 796 illo,
2691 739 2750 784 ut
2781 745 2942 786 omne
2977 740 3246 786 secretum
3281 733 3366 786 sui
3400 733 3640 802 pectoris

2061 821 2109 875 ei
2146 822 2350 892 pandat
2374 831 2428 877 et
2452 823 2682 892 aperiat.
2718 821 2859 888 Quid
2895 822 3108 878 dulcius
3140 832 3223 878 est
3255 840 3416 893 quam
3442 833 3503 879 ut
3536 825 3636 878 ha—

2060 913 2192 968 beas
2216 914 2366 968 illum
2392 914 2459 980 “,
2485 929 2610 969 cum
2635 930 2746 984 quo
2767 914 2950 969 omnia
2975 915 3152 984 possis
3172 915 3319 986 loqui
3347 925 3404 968 ut
3427 914 3640 971 tecum?
3730 931 3737 939 ·

2065 1003 2121 1059 Si
2157 1006 2264 1060 ista
2317 1021 2440 1062 cum
2489 1006 2808 1062 hominibus
2851 1007 3009 1070 ﬁunt,
3055 1016 3260 1076 quanto
3309 1006 3481 1077 magis
3514 1023 3637 1061 cum

2062 1097 2174 1153 Deo
2208 1098 2312 1153 hoc
2342 1106 2426 1154 est
2457 1105 2750 1170 agendum.
2781 1099 2874 1168 qui
2912 1113 3104 1155 omnes
3140 1099 3251 1154 vult
3286 1100 3470 1154 salvos
3500 1101 3637 1168 ﬁeri,

2057 1198 2113 1246 et
2146 1189 2418 1246 neminem
2442 1191 2662 1261 perire?
2693 1191 2735 1222 ⁸⁷
2756 1190 2891 1246 Nam
2935 1193 2980 1247 si
3010 1192 3276 1254 veraciter
3312 1191 3480 1247 Deum
3521 1208 3637 1246 crc-

2058 1281 2264 1345 dimus,
2297 1296 2535 1352 eumque
2567 1283 2842 1352 diligimus
2884 1296 2940 1338 ut
2971 1284 3256 1348 debemus,
3285 1293 3338 1337 et
3361 1284 3639 1353 proximos

2058 1371 2204 1427 sicut
2259 1373 2648 1442 nosmetipsos,
2701 1373 2756 1428 in
2815 1389 2940 1429 eum
2991 1389 3209 1445 quoque
3268 1384 3436 1430 totam
3487 1390 3636 1446 spem

2058 1461 2452 1530 projecerimus
2481 1473 2756 1530 nostram;
2787 1465 2900 1535 ipse
2938 1481 3040 1521 nos
3081 1466 3274 1532 eripiet
3303 1475 3358 1520 et
3389 1467 3635 1522 consola-

2057 1553 2223 1608 bitur.
2249 1553 2315 1608 Et
2339 1554 2481 1610 sicut
2507 1570 2603 1625 per
2635 1557 2886 1626 angelum
2919 1571 3101 1624 suum,
3126 1557 3382 1612 Habacuc
3405 1558 3628 1627 prophe-

2057 1656 2170 1700 tam
2221 1660 2346 1700 cum
2397 1647 2630 1716 prandio
2675 1649 2728 1702 in
2779 1649 2954 1703 lacum
3006 1650 3222 1704 leonum
3255 1650 3320 1703 ad
3359 1649 3635 1704 Danielem

1987 1724 2029 1784 Β
2055 1746 2233 1793 vatem
2267 1738 2417 1794 misit
2441 1740 2508 1804 ⁸⁸,
2541 1749 2593 1795 et
2623 1739 2954 1812 Philippum,
2988 1759 3159 1798 unum
3187 1744 3254 1799 de
3284 1754 3487 1814 septem
3517 1743 3634 1798 dia-

2057 1831 2312 1898 eonibus,
2337 1831 2408 1887 ad
2436 1833 2749 1888 eunuchum
2785 1835 2849 1903 ⁶⁹,
2880 1835 2955 1890 ita
2998 1836 3150 1892 dabit
3192 1837 3348 1892 nobis
3383 1837 3635 1893 consola-

2057 1922 2264 1978 tionem
2293 1931 2348 1979 et
2378 1925 2772 1982 liberationem.
2811 1925 2937 1984 Haec
2958 1929 3264 1995 sectamini,
3302 1929 3634 1998 charissimi,

2052 2021 2107 2069 et
2129 2015 2265 2069 nulli
2304 2031 2545 2088 unquam
2579 2026 2789 2073 nocete.
2831 2017 3052 2075 Fratres
3085 2021 3236 2088 estis,
3269 2021 3500 2076 invicem
3536 2038 3636 2078 vos

2055 2105 2286 2177 diligite,
2316 2115 2377 2162 ut
2406 2109 2519 2163 veri
2559 2108 2778 2165 Domini
2827 2110 3079 2181 discipuli
3115 2112 3251 2168 elIiei
3289 2115 3632 2169 mereamini.

2050 2195 2186 2252 Nam
2218 2199 2313 2270 qui
2342 2200 2566 2257 rancida
2596 2202 2762 2257 corda
2787 2203 3031 2258 virorum
3063 2204 3109 2236 '°
3141 2204 3332 2272 inﬁcit,
3366 2206 3632 2261 malitiam

2050 2291 2190 2346 inter
2233 2291 2486 2348 homines
2531 2294 2776 2363 spargit:
2813 2302 2868 2349 et
2895 2295 2989 2365 qui
3034 2295 3273 2352 detrahit
3317 2297 3466 2351 fratri
3505 2313 3630 2362 suo,

2049 2382 2324 2438 homicida
2359 2392 2460 2440 est.
2494 2384 2539 2416 τί
2570 2383 2638 2440 Et
2666 2385 2761 2455 qui
2786 2386 3074 2442 abstulerit
3115 2388 3319 2459 aliquid
3367 2389 3509 2458 patri
3543 2389 3630 2442 vel

2049 2472 2234 2540 matri,
2270 2473 2510 2544 dicitque
2558 2475 2663 2530 hoc
2705 2485 2989 2546 peccatum
3023 2493 3130 2533 non
3168 2494 3309 2542 esse,
3344 2479 3632 2534 homicidae

2046 2562 2323 2633 particeps
2351 2572 2454 2618 est.
2485 2562 2646 2618 Pater
2677 2574 2864 2621 noster
2887 2565 3006 2621 sine
3032 2566 3200 2621 dubio
3227 2566 3369 2622 Deus
3401 2576 3503 2634 est,
3533 2567 3630 2638 qui

2047 2669 2150 2709 nos
2185 2655 2392 2712 creavit
2426 2673 2439 2710 :
2474 2665 2649 2712 mater
2680 2672 2809 2712 vero
2843 2667 3033 2714 nostra
3074 2657 3334 2726 Ecclesia,
3377 2675 3499 2730 qua:
3528 2675 3631 2716 nos

2047 2744 2101 2798 in
2155 2745 2427 2816 baptismo
2488 2749 2844 2818 spiritualiter
2895 2751 3259 2822 regeneravit.
3323 2749 3464 2822 Ergo
3531 2751 3630 2816 qui

2044 2836 2250 2893 Christi
2279 2838 2541 2909 pecunias
2580 2848 2633 2894 et
2663 2839 2918 2896 Ecclesiae
2954 2841 3116 2911 rapit,
3145 2842 3322 2898 aufert
3353 2843 3438 2896 vel
3475 2841 3629 2897 frau-

2044 2929 2159 2996 dat,
2185 2931 2461 2987 homicida
2482 2942 2585 3000 cst,
2619 2943 2781 3003 atque
2818 2934 3091 2990 homicida
3118 2944 3243 2991 ante
3273 2945 3626 3006 conspectum

2041 3015 2176 3086 justi
2208 3017 2413 3088 judicis
2443 3035 2564 3076 esse
2607 3015 2976 3091 deputabitur.
3010 3022 3116 3090 Qui
3167 3025 3306 3091 rapit
3341 3026 3627 3094 pecuniam

2045 3109 2278 3179 proximi
2303 3111 2410 3175 sui,
2444 3111 2787 3180 iniquitatem
2819 3125 3077 3183 operatur
3119 3133 3132 3169 :
3169 3117 3264 3186 qui
3304 3125 3485 3170 autem
3532 3132 3626 3186 pe-

2045 3201 2262 3254 cuniam
2298 3202 2381 3254 vel
2412 3217 2499 3255 res
2541 3201 2797 3259 Ecclesiae
2828 3205 3130 3272 abstulerit,
3169 3206 3510 3275 sacrilegium
3542 3205 3626 3263 fa.-

2045 3290 2193 3343 cit."
2246 3288 2535 3362 Privilegia
2583 3295 2728 3348 enim
2772 3295 3125 3351 ecclesiarum
3160 3306 3214 3350 et
3253 3298 3620 3362 sacerdotum,

2044 3381 2221 3437 sancti
2273 3385 2540 3454 apostoli,
2588 3385 2746 3456 jussu
2805 3385 3138 3455 Salvatoris,
3206 3390 3522 3444 intemerata
3569 3398 3624 3446 et

2045 3474 2305 3531 inviolata
2369 3477 2627 3532 omnibus
2699 3479 3061 3534 decreverunt
3117 3495 3338 3536 manere
3411 3489 3620 3552 tempo-

2043 3567 2217 3624 ribus.

2790 3727 2873 3783 ΙΙΙ.

2215 3882 2293 3938 De
2318 3883 2606 3954 peregrinis
2639 3895 2688 3940 et
2716 3886 3130 3957 provincialibus
3149 3888 3438 3958 jadicibus.

2107 4040 2286 4115 Leges.
2318 4047 2574 4107 Ecclesia:
2588 4052 2885 4121 apostolica
2903 4051 3184 4108 firmamus
3201 4051 3546 4118 auctoritate,
3563 4060 3621 4108 et

2035 4135 2322 4206 peregrina
2364 4136 2568 4206 judicia
2610 4138 2998 4193 submovemus
3036 4140 3134 4208 (ὃ).
3168 4137 3321 4194 Unde
3349 4148 3402 4193 et
3435 4139 3617 4194 Domi-

348 4223 554 4277 minam
580 4223 893 4279 charitatem
921 4233 1089 4290 tuam,
1111 4233 1162 4278 et
1188 4225 1296 4294 ipse
1325 4234 1372 4278 te
1390 4225 1639 4293 enutriet,
1667 4239 1760 4278 nec
1781 4223 1930 4279 dabit
1959 4239 2008 4300 ι)
2035 4242 2140 4282 nus
2167 4227 2496 4283 mentionem
2547 4226 2760 4284 faciens
2799 4227 2922 4294 Lot,
2963 4245 3065 4300 per
3097 4229 3320 4302 Moysen
3352 4231 3614 4301 loquitur,

447 4495 493 4527 ‘°
512 4492 675 4568 Psal._
700 4511 891 4568 xcvm,
931 4497 1063 4568 13.77
1112 4495 1326 4568 “IPsal.
1360 4513 1492 4552 xcn.
1520 4499 1568 4553 1.

1650 4495 2024 4564 “nobilitate,
2062 4507 2168 4554 etc.
2226 4497 2281 4552 in
2331 4512 2434 4550 ms.
2485 4495 2625 4552 Just.
2683 4503 2766 4554 et!
2795 4498 2847 4552 in
2900 4497 3031 4552 edit.
3084 4496 3384 4551 Ambrosii.
3462 4496 3508 4529 ⁸³
3545 4511 3613 4552 ex

353 4563 502 4619 Hier.
539 4565 792 4640 _f‘_Psal.
851 4566 1088 4640 Liv,_25.
1167 4563 1211 4640 δέ
1247 4567 1500 4640 Eangith.
1549 4568 1826 4640 abbatissa
1857 4568 1911 4621 in
1939 4563 2025 4638 ep.
2058 4570 2123 4640 ad
2153 4567 2210 4623 S.
2251 4565 2606 4640 Bonifaciunr
2633 4569 2871 4637 archiep.
2913 4567 3293 4640 Moguntinum
3341 4566 3435 4640 qui
3469 4566 3616 4640 ghilt

345 4650 498 4708 anno
539 4634 662 4708 754:
705 4637 903 4693 Cicero
947 4637 1024 4691 De
1087 4638 1329 4692 amicitia
1359 4634 1393 4707 ,⁷
1433 4637 1700 4693 Martinus
1755 4634 2142 4703 Bracarénsis,
2202 4647 2257 4692 et
2290 4637 2405 4708 alii.
2479 4638 2525 4669 “
2559 4637 2659 4692 Ms.
2701 4656 2732 4708 q

1004 4708 1048 4739 θ’
1067 4708 1185 4762 Act.
1232 4725 1349 4762 vm.
1425 4710 1742 4774 "vivorum.
1774 4708 1849 4762 lta
1889 4725 1996 4764 ms.
2075 4707 2452 4763 “Bonifacius
2482 4723 2567 4776 ep.
2603 4709 2690 4774 15,
2714 4707 2790 4760 ad
2825 4707 3171 4762 Ethibaldum
3200 4707 3297 4771 12,
3333 4717 3526 4776 quaest.
3560 4708 3612 4763 1.

347 4722 412 4771 ιι,
435 4706 490 4761 4.
559 4707 604 4738 ⁸⁸
627 4705 763 4760 Dan.
805 4723 916 4763 xw.

2737 4635 2859 4691 uani
2900 4635 3084 4691 habere
3113 4637 3282 4690 illum.
3351 4637 3436 4691 "l
3469 4635 3611 4692 Tim.

347 4775 805 4850 Qui_abs_tulerit._
839 4777 906 4832 Et
943 4778 1140 4850 partim
1170 4779 1369 4833 ibidem
1418 4794 1466 4835 c.
1513 4780 1617 4844 Qui
1663 4778 1862 4834 Christi
1909 4781 2178 4850 pecunias.
2219 4777 2284 4832 Et
2330 4794 2388 4850 in?
2431 4775 2578 4833 decr.
2619 4777 2768 4833 Lucii
2811 4795 2994 4850 papae,
3022 4793 3172 4850 5v",
3202 4778 3478 4850 quaestui.
3509 4777 3614 4850 Qui

344 4848 511 4924 rapit.
562 4845 628 4900 Et
668 4848 755 4924 _in_
776 4848 928 4903 decr.
944 4845 960 4848 ”
984 4847 1492 4924 Lucii_papag_sxv,
1517 4851 1820 4924 quiestiono
1844 4845 2239 4924 2,'_Privilegi_a
2258 4849 2699 4924 _ecc_lesiarum_et
2721 4845 2995 4924 Asacerdot.
3019 4849 3086 4902 Et
3116 4845 3535 4924 Iug—quaestione
3557 4848 3611 4915 6,

339 4915 508 4987 Leges
522 4986 544 4987 η
568 4916 912 4972 ecclesiarum
943 4958 958 4972 .

337 4984 436 5042 an.
480 4984 606 5040 856.

415 5188 495 5261 (8)
546 5186 830 5261 Peregrina
842 5189 1054 5259 judicia
1081 5187 1729 5261 submoventus.Christus
1743 5189 1930 5246 Domi-

343 5260 488 5326 nus,
542 5261 635 5330 qui
671 5260 773 5316 fuit
826 5277 920 5315 rex
966 5269 1021 5314 et
1061 5261 1320 5315 sacerdos
1351 5260 1650 5330 secundum
1681 5261 1927 5316 ordinem

343 5329 741 5386 Melchisedech
761 5374 776 5397 ,
811 5330 866 5385 in
888 5331 1127 5386 Ecclesia
1156 5331 1336 5400 regale
1363 5329 1729 5386 sacerdotium
1767 5331 1928 5400 insti-

345 5401 488 5468 tuit,
543 5403 807 5472 apostolis
854 5416 1157 5470 eorumque
1203 5399 1614 5472 successoribus
1658 5399 1927 5472 episcopis

342 5471 964 5542 regendi’etjudicandi
1007 5480 1327 5542 potestatem
1372 5471 1651 5542 contulit:
1697 5471 1927 5540 ideoque

341 5540 462 5611 hac
492 5543 720 5611 epistola
775 5558 878 5597 sua
927 5541 1223 5596 Anacletus
1274 5541 1555 5610 pontifex,
1615 5541 1921 5596 doctrinam

340 5609 402 5664 S.
437 5609 593 5666 Paul.
626 5611 644 5664 l
670 5613 738 5668 ad
765 5612 919 5676 Cor.,
950 5626 1164 5680 cap.VI,
1194 5609 1448 5678 secutus,
1484 5620 1629 5667 recte
1655 5613 1917 5677 decernit,

339 5695 408 5736 ne
438 5680 746 5740 Christiani
788 5682 992 5739 ethnici
1020 5679 1267 5752 alicujus
1313 5693 1408 5738 aut
1450 5681 1682 5742 inﬁdelis
1718 5681 1919 5755 judicis

1045 4921 1089 4951 7’
1130 4917 1268 4974 Vide
1314 4917 1550 4975 Hincmf
1566 4920 1663 4978 lib.
1709 4937 1808 4985 ιγ,
1835 4936 1886 4976 c.
1914 4921 2018 4988 15,
2049 4929 2104 4976 et

2191 4919 2287 4975 ial.
2333 4921 2396 4974 de
2427 4931 2569 4974 statu
2606 4919 2854 4974 Ecclesiw
2874 4959 2888 4976 .
2919 4936 2987 4976 ac
3012 4919 3207 4975 concil.
3239 4919 3614 4974 Carisiaeense

2035 5193 2276 5248 tribunal
2347 5194 2595 5260 adeant,
2674 5195 2958 5264 litiumque
3014 5211 3239 5250 suarum
3306 5193 3609 5250 discussio-

2035 5280 2193 5330 nem,
2237 5265 2502 5335 judicium
2558 5281 2622 5321 ac
2665 5265 3032 5320 deﬁnitionem
3079 5275 3283 5335 petant.
3335 5265 3451 5331 Qua
3495 5266 3612 5334 lege

2035 5335 2319 5403 politicum
2368 5336 2654 5405 imperium
2713 5351 2744 5390 a
2797 5335 2906 5390 Deo
2943 5336 3078 5391 bene
3138 5337 3445 5390 institutum
3499 5351 3609 5389 non

2037 5406 2242 5460 tollitur
2269 5447 2328 5475 ,ἡ
2351 5407 2444 5461 sed
2501 5405 2756 5462 Ecclesia:
2807 5405 3056 5461 dominio
3089 5420 3153 5460 ae
3191 5407 3444 5475 potestati
3475 5406 3610 5460 sub—

2028 5475 2237 5544 jicitur.
2290 5474 2424 5531 Vide
2453 5475 2673 5547 iBaron.
2723 5493 2812 5530 an.
2858 5477 2970 5547 57,
3017 5474 3285 5530 num."24
3359 5487 3414 5531 et
3451 5491 3607 5547 seqq.

2031 5547 2298 5685 gisqnelad
2324 5547 2411 5602 42.
2453 5546 2705 5602 Bcllarm.
2751 5547 2824 5603 De
2851 5545 2999 5602 Rom.
3027 5557 3172 5617 pont.
3200 5547 3294 5602 lib.
3334 5563 3386 5617 ν,
3417 5562 3471 5604 c.
3493 5545 3611 5602 [et

2063 5633 2183 5685 υψ.
2237 5633 2286 5672 n.

2063 5633 2183 5686 cqq.
2214 5633 2286 5672 ID.
