4010 6150
508 278 617 338 799

1862 278 2207 336 ANACLETI
2262 281 2465 338 PAPIE

3687 300 3810 350 800

510 386 698 452 dicens
732 367 1063 466 {Ingressus
1095 408 1149 450 es
1184 395 1414 465 quidem,
1456 396 1734 467 inquiunt,
1780 406 1838 450 ut
1879 397 2103 464 advena,
2133 414 2182 472 Α
2208 400 2323 454 rint
2352 402 2714 470 quaestiones,
2744 409 2842 458 aut
2867 401 3251 474 episcoporum
3281 404 3365 459 vel
3403 404 3677 476 majorum
3702 410 3809 477 ju-

513 488 751 559 nunquid
783 495 839 541 ut
860 488 1072 559 judices
1103 488 1153 520 "
1175 488 1199 541 ’ἔ
1223 486 1273 520 ⁷⁸
1306 485 1657 559 υιιιιίιιιωιιιιε
1688 490 1968 560 provincia
1988 501 2101 546 tatu

507 580 662 651 juxta
690 577 948 635 Ecclesia
973 593 1139 649 quam
1160 579 1317 649 juxta
1353 580 1538 635 szeculi
1578 582 1746 652 leges,
1784 596 1915 637 suos
1942 581 2104 638 debet

508 674 689 744 justos
749 681 806 728 et
844 688 955 729 non
987 673 1207 743 iniquos
1230 673 1433 728 habere
1450 673 1686 744 judices,
1711 683 1766 730 et
1790 689 1900 730 non
1921 682 2104 732 exter-

512 782 644 834 nos,
669 764 777 822 nisi
807 766 1120 837 apostolicae
1149 766 1297 822 sedis
1333 766 1499 837 hujus
1531 767 1827 823 decreverit
1861 769 2103 825 auctori-

512 868 618 926 tas,
668 867 943 929 quatenus
992 858 1309 929 quicunque
1357 873 1581 914 causam
1614 858 1897 925 habuerit,
1957 860 2103 930 apud

513 965 648 1006 suos
676 950 725 982 ’¹⁸
758 950 971 1021 judices
995 950 1306 1021 iudicetur;
1334 952 1390 1007 e't
1418 966 1526 1006 non
1561 951 1628 1007 ad
1661 951 1892 1018 alienos,
1933 967 2101 1008 causa

510 1043 767 1113 vagandi,
812 1042 1125 1097 stimulante
1150 1041 1444 1112 protervia,
1478 1056 1635 1095 suam
1665 1040 1972 1112 despiciens
2000 1056 2101 1111 pa-

511 1136 698 1200 triam,
746 1141 1008 1202 transeat,
1063 1134 1157 1190 sed
1185 1133 1250 1188 ad
1278 1132 1327 1166 ¹¹⁶
1358 1133 1648 1188 duodecim
1682 1133 1929 1203 ejusdem
1970 1149 2101 1202 pro-

512 1226 708 1282 vinciae
732 1226 965 1297 judices,
1002 1225 1071 1281 ad
1096 1240 1333 1296 quorum
1377 1224 1648 1294 judicium
1697 1240 1888 1279 omnes
1920 1239 2102 1279 causae

513 1320 795 1376 civitatum
827 1318 1159 1387 referuntur,
1185 1318 1461 1373 deferatur
1498 1318 1800 1388 negotium.
1835 1316 1892 1372 Si
1917 1326 2098 1372 autem

512 1396 680 1465 fuerit
723 1410 1153 1466 ecclesiasticum
1184 1410 1326 1480 apud
1360 1411 1648 1479 episcopos
1685 1408 2101 1479 (interveniente

512 1503 791 1573 primate),
816 1502 1085 1573 siquidem
1110 1503 1290 1572 major
1318 1518 1485 1558 causa
1520 1501 1685 1556 fuerit
1718 1520 1731 1555 :
1765 1501 1813 1556 si
1841 1516 1972 1556 vero
1996 1500 2099 1554 mi-

514 1611 637 1661 nor,
686 1594 1149 1665 metr0politano;
1181 1595 1225 1650 si
1272 1610 1404 1649 vero
1448 1594 1615 1649 fuerit
1644 1593 1929 1658 saeculare,
1954 1591 2100 1662 apud

512 1687 757 1758 ejusdem
782 1686 992 1743 ordinis
1014 1687 1184 1753 viros,
1205 1687 1413 1758 judicio
1457 1695 1637 1742 tamen
1671 1686 2055 1755 episcoporum
2082 1702 2097 1752 ;

2211 490 2378 559 dicia,
2411 501 2505 547 aut
2532 492 2770 563 majores
2798 510 2979 550 causa:
3002 493 3205 550 fuerint
3228 515 3243 562 ;
3269 495 3314 528 ⁸¹
3346 497 3413 552 ad
3438 499 3625 554 sedem
3660 517 3808 571 apo-

2207 581 2462 638 stolicam
2525 582 2597 652 (si
2650 583 2979 655 appellatum
3033 582 3222 656 fuerit)
3273 585 3580 642 referantur
3633 592 3803 661 (l0);

2211 673 2475 743 quoniam
2518 675 2754 745 apostoli
2780 674 2892 732 hoc
2922 686 3232 732 statuerunt
3257 679 3370 749 (ll)
3395 678 3651 751 jussione
3676 681 3805 739 Salr

2204 766 2411 821 vatoris
2441 806 2458 833 ,
2509 775 2573 821 ut
2622 767 2860 837 majores
2911 777 2966 822 et
3029 768 3366 827 difﬁciliores
3430 775 3802 845 quaestiones,

2201 872 2419 928 semper
2465 858 2533 914 ad
2575 859 2759 915 sedem
2802 860 3127 917 deferantur
3171 864 3560 933 apostolicam,
3625 884 3802 940 super

2201 964 2370 1020 quam
2425 948 2679 1007 Christus
2746 951 3059 1008 universam
3096 954 3407 1009 construxit
3456 953 3799 1026 Ecclesiam,

2200 1039 2415 1097 dicente
2456 1040 2576 1112 ipso
2602 1043 2671 1098 ad
2699 1043 2919 1098 beatum
2949 1045 3252 1117 principem
3284 1049 3659 1117 apostolorum
3692 1050 3801 1109 Pe-

2201 1139 2349 1186 trum
2385 1151 2397 1185 :
2440 1131 2518 1186 Tu
2545 1150 2619 1199 es,
2649 1134 2862 1205 inquit,
2904 1134 3118 1203 Petrus,
3149 1146 3200 1191 et
3238 1154 3392 1208 super
3419 1139 3554 1194 hanc
3580 1152 3798 1212 petram

2202 1224 2476 1294 aedificabo
2507 1225 2804 1281 Ecclesium
2839 1245 3011 1283 meam
3038 1230 3118 1296 ⁸³,
3159 1240 3215 1287 et
3242 1232 3473 1303 reliqua.
3502 1233 3585 1289 Sit
3630 1252 3795 1309 ergo,

2203 1317 2425 1384 fratres,
2451 1321 2765 1376 constantia
2790 1333 2975 1378 vestra
3001 1323 3266 1381 adversus
3293 1326 3675 1383 contentiones
3695 1344 3797 1383 eo-

2202 1424 2326 1463 rum
2355 1411 2450 1479 qui
2478 1410 2710 1483 adversa
2740 1413 3000 1482 sapiunt,
3033 1422 3088 1468 et
3118 1430 3228 1469 non
3253 1431 3378 1486 quae
3405 1415 3499 1471 Dei
3529 1429 3662 1473 sunt
3697 1435 3794 1475 sa-

2203 1501 2383 1572 piunt,
2428 1511 2484 1558 et
2515 1505 2622 1559 erit
2652 1504 2849 1561 fortior
2890 1517 3043 1576 petra
3073 1510 3384 1565 constantia
3406 1519 3612 1579 vestra,
3641 1513 3797 1568 sicut

2202 1596 2467 1665 scriptum
2497 1606 2581 1651 est
2607 1614 2622 1653 ;
2650 1595 2733 1652 Ne
2764 1599 3050 1654 timueritis
3080 1599 3144 1653 ab
3168 1600 3273 1668 his,
3296 1618 3458 1672 neque
3481 1606 3792 1659 terreamini

2203 1704 2236 1742 a
2269 1689 2409 1759 facie
2446 1705 2627 1744 eorum
2669 1691 2760 1758 qui
2798 1706 2988 1761 corpus
3020 1693 3289 1759 occidunt,
3324 1694 3561 1748 animam
3607 1706 3792 1750 αιιιειιι

514 1794 641 1835 cum
672 1778 970 1849 Apostolus
1021 1779 1360 1850 privatorum
1418 1777 1864 1833 Christianorum
1900 1791 2099 1832 causas
2128 1779 2172 1836 Β
2200 1795 2303 1834 non
2335 1789 2553 1850 possunt
2588 1781 2824 1837 occidere
2866 1783 2932 1837 9‘.
2959 1782 3114 1849 Quod
3157 1793 3333 1836 antem
3378 1784 3432 1836 in
3466 1800 3595 1837 aure
3622 1785 3789 1836 audi-

514 1871 691 1941 magis
714 1870 960 1927 ecclesiis
981 1870 1202 1940 deferri,
1242 1869 1299 1927 ct
1319 1871 1518 1927 ibidem
1541 1869 1866 1928 sacerdotali
1888 1869 2096 1941 judicio

516 1962 799 2019 terminari
830 1963 999 2020 voluit
1026 1964 1094 2020 ".

1254 2134 1347 2191 1V.

516 2318 586 2375 Ut
617 2334 894 2390 oppressus
926 2314 1522 2390 judiciastecularium
1572 2312 1799 2390 appellet
1829 2310 2100 2390 judicium

582 2381 961 2455 sacerdotum]
1017 2397 1069 2442 et
1125 2387 1189 2442 de
1231 2384 1529 2456 majoribus
1578 2381 1758 2439 causis
1809 2383 1879 2437 ad
1926 2381 2101 2436 sedem

584 2460 934 2530 apostolicum
977 2458 1289 2530 referendis.

581 2639 629 2672 ⁷⁸
659 2637 851 2693 Omnis
891 2636 1038 2692 enim
1084 2650 1400 2707 oppressus,
1444 2633 1493 2666 ¹¹⁹
1541 2633 1713 2688 libere
1753 2630 2100 2688 sacerdotum

516 2730 586 2802 (si
624 2727 880 2798 voluerit)
913 2726 1148 2797 appellet
1169 2725 1463 2795 judicium,
1496 2732 1552 2779 et
1583 2722 1784 2779 anullo
1805 2721 2099 2797 prohibea-

514 2830 625 2889 tur,
650 2820 746 2877 sed
768 2819 838 2875 ab
862 2819 951 2874 his
982 2817 1241 2874 fulciatur
1271 2826 1326 2872 et
1359 2815 1639 2874 liberetur.
1670 2812 1730 2870 Si
1756 2824 1937 2869 autem
1971 2813 2103 2869 dim-

515 2912 646 2968 ciles
692 2925 893 2975 causae,
926 2917 1021 2964 aut
1060 2908 1273 2979 majora
1320 2907 1543 2978 negotia
1590 2914 1709 2962 orta
1758 2904 1982 2973 fuerint,
2034 2905 2103 2960 ad

514 3003 780 3074 majorem
831 3001 1017 3059 sedem
1066 2999 1398 3057 referantur.
1443 2998 1509 3053 Et
1554 2999 1600 3055 si
1641 2999 1753 3054 illic
1800 2997 1960 3055 facile
1988 2997 2103 3053 dis-

474 3147 478 3149 ,
515 3096 663 3152 cerui
690 3111 799 3150 non
846 3103 1126 3166 poterunt,
1165 3102 1259 3148 aut
1295 3092 1444 3164 juste
1476 3091 1783 3158 terminari,
1811 3090 1903 3146 ubi
1938 3088 2103 3146 fuerit

470 3236 477 3241 .
516 3203 858 3244 summorum
902 3194 1230 3258 congregata
1281 3185 1631 3255 congregatio
1658 3225 1673 3251 ,
1714 3199 1836 3254 qua:
1863 3198 1960 3255 per
1986 3181 2101 3238 sin-

514 3280 672 3351 gulos
707 3294 880 3335 annos
923 3279 1009 3334 bis
1061 3278 1180 3333 ﬁeri
1233 3279 1376 3334 solet
1418 3277 1517 3348 (9),
1560 3284 1616 3333 et
1653 3276 1844 3343 debet;
1878 3275 2026 3345 juste
2046 3284 2101 3331 et

518 3369 629 3426 Deo
664 3370 863 3441 placite
894 3385 1081 3424 coram
1109 3369 1421 3439 patriarcha
1464 3377 1558 3422 aut
1586 3370 1816 3438 primate
1841 3366 2100 3423 ecclesia-

522 3461 677 3529 stico,
726 3470 781 3517 et
828 3477 1016 3517 coram
1058 3462 1289 3531 patricio
1319 3460 1365 3493 ⁸ο
1412 3459 1659 3516 saeculari
1696 3459 1740 3491 ⁸¹
1783 3458 2101 3529 judiccntur

518 3551 736 3623 negotia
766 3551 820 3606 in
842 3566 1155 3608 commune.
1190 3550 1347 3618 Quod
1384 3550 1431 3605 si
1457 3548 1789 3605 diﬁiciliores
1823 3556 1959 3604 ortae
1979 3545 2099 3603 fue-

823 3772 832 3791 ,

588 3819 637 3853 ’⁷⁸
675 3818 873 3874 Cenes.
920 3832 1048 3886 xix,
1099 3817 1154 3873 9.
1265 3818 1428 3885 “in,

527 3894 573 3957 Ξ,
598 3907 658 3960 q.
685 3890 737 3944 6.
816 3891 862 3922 ⁷⁸
876 3888 1048 3944 Conc.
1068 3888 1328 3960 Carthag.

518 3958 903 4027 tit.fi,const.
935 3960 969 4013 8
1045 3968 1099 4014 ct
1134 3960 1188 4015 9.
1247 3958 1416 4014 C'onc.
1462 3960 1655 4013 Colon.
1705 3958 1830 4013 887.

519 4031 744 4102 praeside
773 4030 1012 4102 reponi_t._
1084 4029 1626 4102 "_tnstsa'cularia.“
1678 4029 1953 4102 "hlnnoc.
2004 4027 2062 4092 l,
2115 4036 2205 4102 ep.

1467 3825 1661 3888 quaest.
1693 3815 1766 3888 ﬁ,
1811 3815 2153 3888 Unaquaeque
2203 3814 2499 3882 provincia.

1367 3881 1423 3943 xi
1444 3931 1459 3955 ,
1489 3881 1576 3944 l0.
1649 3886 1730 3939 ⁷⁷1
1754 3881 2017 3943 VCorinih.
2043 3881 2095 3941 vi

2207 3881 2241 3917 νδ
2281 3903 2341 3941 ιιι
2362 3927 2377 3951 ,
2404 3892 2595 3955 quaest.
2620 3882 2653 3934 6
2676 3925 2693 3949 ,
2736 3881 2922 3955 Omnis
2953 3899 3307 3955 oppressus.__
3330 3882 3375 3955 7’_
3394 3881 3515 3935 Lib.
3570 3896 3615 3955 ιΑ,
3651 3881 3788 3955 Cod.

1910 3959 1955 3990 ⁸⁰
1983 3956 2119 4012 Vide
2165 3957 2292 4010 Aut.
2338 3949 2700 4025 Augustinum
2734 3954 2788 4007 in
2822 3954 2965 4007 notis
2986 3949 3075 4006 'ad
3103 3954 3230 4025 coll.
3262 3949 3449 4025 Hadr._
3470 3967 3521 4005 c.
3575 3951 3630 4016 9,

2203 1873 2294 1937 tis,
2323 1873 2610 1943 praedicare
2640 1874 2696 1928 in
2724 1875 2958 1939 lumine,
3004 1875 3159 1930 illum
3204 1877 3446 1931 timentes
3491 1879 3584 1948 qui
3612 1888 3787 1948 potest

2203 1966 2443 2021 animam
2493 1976 2542 2021 et
2604 1982 2796 2038 corpus
2848 1967 3086 2023 occidere
3132 1978 3184 2023 et
3232 1970 3437 2024 mittere
3485 1970 3537 2024 in
3594 1972 3789 2041 gehen-

2205 2077 2329 2115 nam
2354 2059 2422 2115 ⁸⁸.
2462 2057 2683 2115 Fratres
2726 2061 2850 2124 mei,
2890 2061 2946 2114 in
2972 2077 3133 2115 carne
3171 2060 3528 2126 ambulantes,
3562 2079 3667 2116 non
3708 2080 3791 2119 sc-

2200 2144 2432 2198 cundum
2476 2161 2689 2199 carnem
2732 2144 3048 2204 militamus.
3078 2147 3245 2201 Arma
3280 2147 3421 2202 enim
3455 2148 3666 2204 militia:
3695 2166 3793 2203 no-

2199 2246 2325 2294 strae
2368 2254 2472 2291 non
2511 2237 2776 2307 carnalia,
2823 2239 2914 2293 sed
2941 2241 3179 2308 polentia
3204 2238 3336 2308 Deo,
3369 2242 3439 2294 ad
3466 2240 3794 2296 destructio-

2201 2346 2321 2385 nem
2358 2329 2721 2383 munitionum
2751 2369 2767 2394 ,
2811 2330 3039 2384 consilia
3077 2330 3428 2399 destruentes,
3485 2341 3535 2386 et
3580 2350 3792 2388 omnem

2199 2421 2579 2476 exultationem
2610 2420 2948 2475 extollentem
2975 2437 3032 2477 se
3067 2421 3317 2476 adversus
3353 2422 3634 2477 scientiam
3665 2423 3791 2490 Dei,

2200 2522 2252 2568 et
2293 2515 2351 2567 in
2379 2515 2742 2584 captivitatem
2799 2512 3091 2583 redigentes
3141 2529 3346 2568 omnem
3390 2515 3791 2586 cogitationem,

2201 2616 2251 2661 et
2288 2607 2343 2660 in
2381 2606 2687 2678 obsequium
2726 2605 2940 2661 Christo
2971 2606 3318 2676 perducentes
3342 2607 3411 2661 ⁸⁸.
3450 2606 3527 2663 De
3568 2619 3789 2675 cetera,

2203 2701 2424 2772 fratres,
2458 2699 2840 2770 confortamini
2874 2700 2930 2753 in
2965 2699 3216 2768 Domino,
3247 2712 3297 2756 ct
3324 2700 3379 2754 in
3408 2702 3647 2770 potentia
3677 2702 3793 2772 for-

2204 2794 2454 2848 titudinis
2481 2792 2596 2863 ejus
2624 2794 2668 2826 ⁸¹¹
2687 2834 2704 2860 ,
2737 2802 2798 2848 ιιι
2823 2808 2930 2864 pax
2963 2792 3120 2849 vobis
3149 2794 3320 2849 multa
3351 2802 3405 2849 et
3432 2794 3610 2864 gratia
3628 2795 3794 2852 aDeo

2202 2895 2257 2942 et
2292 2885 2527 2941 Domino
2570 2895 2760 2941 nostro
2801 2884 2931 2941 Jesu
2977 2884 3200 2942 Christo
3244 2885 3609 2942 ministretur.
3658 2887 3793 2942 Am-

2203 2978 2493 3049 plectimur
2528 2987 2584 3035 et
2626 2978 2946 3034 osculamur
2967 3020 2983 3046 ,
3015 2994 3079 3035 ac
3108 2978 3155 3035 si
3188 2987 3511 3049 praesentes,
3548 2979 3793 3035 eharita-

2204 3085 2313 3130 tem
2345 3084 2608 3140 vestram,
2651 3074 2706 3129 in
2754 3075 2961 3130 unitate
3005 3074 3256 3145 spiritus,
3298 3075 3356 3130 in
3384 3075 3606 3131 vinculo
3639 3079 3795 3146 pacis

2204 3178 2260 3224 et
2284 3169 2570 3225 charitatis
2605 3167 2832 3224 Christi.
2870 3167 3098 3238 Propter
3132 3169 3295 3240 quod,
3331 3169 3669 3237 charissimi,
3698 3187 3795 3225 ea:-

2207 3270 2522 3332 spectantes,
2567 3260 2795 3329 satagite
2827 3260 3159 3313 immaculati
3187 3269 3238 3314 et
3276 3261 3528 3316 inviolati
3562 3260 3795 3317 inveniri

2204 3358 2261 3411 in
2292 3372 2443 3425 pace,
2475 3365 2527 3409 et
2569 3354 2787 3408 Domini
2813 3354 2992 3421 fnostri
3023 3354 3516 3424 longanimitatem,
3558 3356 3793 3409 salutem

2153 3476 2159 3483 ~
2205 3446 2564 3511 arbitremini,
2615 3445 2662 3477 ⁸⁸
2708 3446 2847 3500 sicut
2895 3453 2946 3497 ct
3000 3443 3349 3498 charissimus
3406 3444 3579 3513 frater
3612 3455 3795 3499 noster

2207 3540 2415 3595 Paulus
2446 3539 2734 3594 secundum
2759 3538 2944 3591 datam
2969 3537 3072 3591 sibi
3107 3536 3427 3607 sapientiam
3457 3537 3673 3607 scripsit
3705 3554 3794 3593 eo-

2580 3810 2626 3843 ⁷⁸
2653 3810 2861 3867 Codex.
2892 3809 3103 3866 Theod.
3133 3811 3233 3866 lib.
3259 3826 3336 3875 ιι,
3382 3810 3481 3865 tit.
3510 3809 3535 3862 Ι
3561 3849 3577 3873 ,
3608 3818 3786 3865 const.

3698 3953 3792 4007 ubi

2256 4043 2333 4091 ιιι,
2383 4020 2504 4096 (ap.
2544 4025 2596 4078 5.
2678 4025 2724 4056 ⁸³
2748 4024 2937 4078 Matth.
2988 4039 3075 4076 xv:
3101 4062 3116 4086 ,
3149 4023 3237 4077 18.
3343 4022 3391 4054 ⁸⁸
3428 4020 3707 4096 Luc._x|t,
3733 4024 3789 4096 ι.

528 4092 564 4134 ⁵⁸
582 4101 772 4155 Matth.
832 4092 899 4166 ῖς,
948 4099 1039 4153 28.
1117 4098 1227 4153 “ll
1257 4100 1385 4155 Cor.
1443 4115 1497 4161 x,
1533 4100 1650 4154 5-5.
1721 4098 1985 4168 '"Ephes.
2029 4115 2120 4161 vr,
2151 4092 2247 4151 '10.
2325 4098 2371 4129 ⁸⁸
2390 4092 2483 4151 Hii:
2568 4096 2889 4168 similesque
2929 4095 3133 4168 passim
3163 4102 3543 4168 _occurrentes
3577 4092 3795 4148 lacinia:

524 4186 558 4230 ο
602 4172 787 4227 bibliis
837 4164 1124 4241 descripta:
1177 4171 1340 4240 longe
1401 4170 1605 4226 absunt
1669 4185 1701 4224 a
1776 4164 1918 4239 st'ylo
1959 4169 2243 4234 Anacleti,
2306 4169 2599 4225 alteriusve
2648 4165 2883 4222 Romani
2937 4164 3228 4237 pontiﬁcis.

595 4416 674 4488 (9)
715 4414 847 4482 Quae
887 4431 981 4488 per
1009 4415 1244 4486 singulos
1281 4430 1446 4469 annos
1480 4412 1559 4488 bis
1603 4411 1719 4482 fieri
1758 4410 1909 4488 solet.
1948 4411 2110 4488 Iusta

530 4482 906 4561 apostolorum
937 4482 1112 4561 legem
1139 4502 1203 4561 ac
1228 4482 1687 4561 consuetudinem
1714 4500 1729 4538 :
1762 4485 1829 4539 de
1853 4498 1963 4554 qua
1989 4484 2111 4540 vide

529 4554 730 4618 canon.
759 4554 1115 4618 apostoli58.
1150 4556 1279 4612 Ssv.
1311 4554 1517 4610 BINIUS.

602 4629 717 4700 (10)
760 4624 993 4700 Maiores
1030 4627 1541 4700 cauete...adseden_t
1582 4624 2113 4700 apostolicam_refe—

534 4695 747 4757 rantur.
786 4697 902 4753 Hoc
923 4698 1164 4752 Ariacleti
1197 4699 1474 4752 decretum
1514 4695 1651 4751 bene
1680 4706 1735 4750 et
1763 4696 1912 4763 juste
1942 4695 2113 4749 latum

535 4786 660 4827 esse
687 4786 754 4825 ex
786 4784 852 4824 eo
878 4777 1043 4838 patet,
1067 4768 1211 4837 quod
1237 4767 1552 4838 universale
1571 4776 1625 4821 et
1654 4767 1957 4838 legitimum
1984 4765 2115 4821 Sar-

538 4843 763 4912 dicense
792 4836 1091 4912 concilium
1110 4852 1321 4912 canone
1355 4836 1390 4889 4
1411 4845 1482 4912 _ct
1522 4836 1575 4912 7,
1607 4838 1768 4912 plane
1797 4837 2113 4912 i_dem.cou-

540 4910 784 4968 stituerit
810 4927 826 4963 :
856 4908 1114 4979 quodque
1136 4906 1387 4979 Gelasius
1410 4907 1464 4979 in
1486 4906 1732 4977 epistolis
1758 4908 1822 4979 ad
1851 4906 2113 4962 Faustum

537 4992 595 5038 et
626 4981 693 5035 ad
723 4978 1012 5049 episeopos
1044 4978 1329 5049 Dardaniae
1357 4978 1584 5049 scribat,
1616 4978 1916 5049 secundum
1948 4991 2116 5049 cano-

541 5067 639 5115 nes
670 5045 808 5111 ﬁeri,
841 5045 986 5118 quod
1012 5049 1178 5103 totius
1203 5046 1462 5102 Ecclesia:
1493 5048 1881 5118 appellationes
1912 5047 1979 5102 ad
2004 5045 2115 5100 Ro.

543 5136 718 5177 mana:
748 5120 895 5175 sedis
922 5134 1151 5174 examen
1178 5118 1515 5183 deferantur,
1547 5119 1616 5173 ab
1646 5118 1763 5187 ipsa
1797 5126 1977 5172 autem
2012 5133 2112 5186 ap-

543 5192 753 5264 pellare
791 5189 996 5245 nemini
1020 5190 1403 5264 permittatur.
1446 5187 1599 5264 Hanc
1615 5188 1946 5264 appellandi
1975 5202 2109 5264 con-

540 5257 886 5320 suetudinem
920 5257 1361 5329 antiquissimam
1387 5274 1509 5316 esse
1539 5258 1596 5313 S.
1614 5257 1986 5329 Leo,ep_istola
2008 5258 2109 5315 89.

538 5341 796 5397 testatur,
827 5340 882 5386 et
921 5327 1432 5400 antiduissimorum
1485 5330 1552 5384 ad
1584 5329 1771 5400 sedem
1792 5327 2113 5400 Romanam

539 5402 946 5474 appellantium
959 5397 1206 5471 exempla
1231 5402 1576 5474 conﬁrmant.
1610 5398 1847 5454 Marcion
1865 5400 2021 5474 enim
2046 5397 2115 5452 ab

539 5467 800 5544 episcopo
828 5471 884 5544 in
914 5469 1091 5544 Ponto
1120 5467 1631 5544 excommunicatus
1649 5510 1682 5544 ,_
1711 5478 1833 5544 ut_a
1861 5467 2115 5544 _Bomano

578 5538 798 5599 ontihce
826 5541 1239 5609 absolveretur,
1292 5539 1523 5595 Romam
1563 5540 1731 5595 venit.
1776 5538 2114 5610 Epiphanius

559 5629 732 5690 iazies}
765 5612 848 5668 ιε.
864 5610 1204 5690 or_t_uuatus
1226 5623 1278 5667 et
1302 5611 1452 5690 lj‘clix
1477 5612 1534 5690 in
1556 5611 1740 5690 Africa
1767 5627 1797 5665 a
1818 5610 2111 5690 lepriauo,

539 5682 799 5739 Basilides
862 5682 925 5751 in,
968 5680 1252 5751 Hispania,
1302 5681 1560 5751 depositi,
1605 5682 1673 5736 ad
1701 5680 2016 5737 Cornelium
2061 5687 2115 5734 ct

536 5752 876 5819 Stepuauum
896 5749 1157 5807 Romana:
1178 5749 1432 5809 Ecclesia;
1449 5753 1732 5824 pontiﬁces
1750 5751 2110 5823 appellarunt.

2142 4442 2193 4501 ο
2217 4412 2522 4538 ϐἔρτίξιιιιιε
2548 4410 2689 4494 libro
2711 4409 2910 4493 primo,
2939 4410 3171 4482 epistola
3202 4412 3238 4466 ‘5
3265 4418 3320 4492 ct
3355 4410 3409 4465 ι.
3453 4408 3795 4491 Athanasius

2218 4500 2249 4537 a
2321 4483 2675 4538 orientalibus
2697 4486 3012 4538 denosrtus.
3044 4482 3111 4536 ad
3137 4481 3447 4538 pontiﬁcem
3478 4480 3790 4538 annellavrt.

2321 4483 2675 4546 orientalibus
2697 4480 3012 4550 depositus,
3044 4482 3111 4536 ad
3137 4481 3447 4551 pontiﬁcem
3478 4480 3790 4551 appellavii,

2215 4565 2269 4607 et
2308 4554 2376 4609 ab
2418 4569 2484 4608 eo
2518 4549 2804 4608 restitutus
2828 4560 2930 4607 est.
2958 4549 3295 4607 Sozonienus
3323 4552 3418 4606 lib.
3457 4549 3691 4619 m,’cap.
3739 4549 3790 4602 7.

2215 4623 2532 4748 Pluragridle
2560 4623 2705 4694 apud
2730 4620 2987 4677 Bellarm.
3014 4623 3108 4677 lib.
3137 4638 3199 4690 ιι,
3234 4622 3310 4676 De
3336 4622 3563 4676 Ilonzan.
3591 4622 3790 4693 pontif.

2215 4711 2336 4748 can.
2443 4734 2457 4748 .
2515 4710 2567 4748 ι).

2215 4711 2336 4750 can.
2366 4696 2428 4748 2i
2443 4734 2457 4748 .
2491 4696 2567 4749 In.

2350 4711 2716 4843 lzjibblbnimn
2739 4764 2967 4843 apostoli
2992 4764 3096 4843 hoc
3123 4771 3445 4843 statuerunt.
3481 4761 3635 4843 ﬂante
3658 4777 3792 4843 apo-

2216 4833 2486 4891 stolorum
2543 4835 2990 4890 constitutionem
3038 4834 3293 4890 Clemens
3333 4835 3371 4888 Ι.
3424 4850 3463 4888 ιι
3518 4833 3790 4899 Constit.,

2218 4921 2267 4961 c.
2295 4908 2366 4961 45
2385 4948 2400 4971 ,
2428 4921 2497 4960 ex
2528 4905 2978 4974 interpretatione
3006 4904 3262 4959 Turriani
3285 4946 3300 4971 ,
3342 4920 3409 4959 ex
3441 4903 3593 4958 Bovii
3626 4905 3791 4974 inter-

2216 4978 2516 5046 pretatione
2542 4971 2722 5031 autem
2757 4990 2809 5030 c.
2836 4974 2927 5038 49,
2958 4985 3206 5031 recenset
3235 4976 3320 5046 his
3342 4974 3525 5046 verbis
3551 4992 3564 5028 :
3600 4991 3621 5025 ι
3648 4971 3795 5027 Pra-

2216 5044 2364 5103 clara
2397 5046 2694 5101 Christiani
2729 5046 2849 5099 laus
2877 5055 2961 5101 est
2983 5088 2999 5112 ,
3042 5061 3166 5101 cum
3199 5045 3351 5099 nullo
3387 5044 3591 5099 habere
3621 5058 3793 5113 nego~

2216 5120 2374 5172 tium.
2415 5116 2574 5182 Quod
2626 5118 2673 5170 si
2720 5132 2789 5170 ex
2836 5116 3020 5185 aliqua
3062 5116 3353 5171 vexatione
3395 5123 3452 5169 et
3492 5114 3794 5169 tentatione

2216 5188 2379 5243 alicui
2412 5189 2479 5244 lis
2514 5188 2742 5250 oriatur,
2771 5197 2928 5241 curet
2958 5195 3018 5240 ut
3046 5202 3111 5243 ea
3161 5187 3527 5255 transigatur,
3574 5185 3794 5255 etiamsi

2216 5259 2601 5331 detrimentum
2636 5257 2745 5327 pati
2776 5256 3007 5331 debeat;
3062 5272 3161 5331 nec
3204 5256 3272 5311 ad
3315 5254 3602 5331 ethnicum
3638 5254 3792 5331 judi-

2216 5330 2363 5385 cium
2395 5328 2652 5394 accedat,
2698 5328 2790 5382 sed
2835 5342 2934 5383 nec
2976 5330 3214 5397 patiatur
3243 5327 3589 5397 mundanas
3618 5327 3796 5391 magi-

2216 5406 2422 5457 stratus
2436 5399 2503 5455 de
2522 5400 2682 5455 nobis
2713 5400 2808 5468 jus
2833 5395 3056 5454 dicere:
3090 5413 3217 5454 nam
3248 5412 3346 5468 per
3382 5395 3505 5468 illos
3538 5396 3801 5468 diabolus

2218 5485 2403 5525 servos
2429 5469 2523 5523 Dei
2552 5465 2737 5535 vexat,
2773 5478 2829 5522 et
2858 5469 3015 5524 nobis
3046 5479 3230 5523 notam
3258 5465 3460 5532 inurit,
3490 5465 3651 5535 quasi
3683 5482 3799 5519 non

2220 5542 2518 5616 habeamus
2547 5555 2648 5616 nos
2681 5554 2852 5616 unum
2893 5541 3194 5611 sapientem
3221 5577 3239 5602 ,
3284 5536 3380 5608 qui
3426 5537 3605 5616 possit
3652 5536 3800 5590 inter

2220 5621 2399 5681 partes
2435 5610 2527 5733 jlus
2568 5610 2965 5669 administrare
3001 5619 3057 5667 et
3106 5610 3509 5667 controversias
3565 5622 3801 5680 compo-

2220 5696 2365 5733 nere.
2399 5701 2417 5732 ι
2477 5696 2530 5733 n.

2219 5696 2365 5738 ncrc.
2399 5701 2417 5732 ι
2455 5696 2530 5736 ω.
