4010 6150
279 315 372 372 8M

281 454 379 519 bis,
423 451 561 506 sicut
608 461 656 506 et
703 452 759 506 in
789 449 1028 505 omnibus
1065 448 1336 520 epistolis,
1377 448 1590 517 loquens
1616 448 1669 500 in
1694 447 1767 500 eis
1798 447 1861 500 de
1893 427 1938 483 Α

280 545 384 608 his,
417 545 472 597 in
507 543 694 614 quibus
726 551 849 596 sunt
880 541 1123 613 quendam
1154 540 1393 610 di/ﬁcilia
1421 538 1714 604 intellectu,
1747 553 1865 607 qua:

281 636 482 690 indocti
507 646 556 688 et
581 634 855 689 instabiles
883 635 1195 703 depravant,
1219 635 1357 686 sicut
1397 641 1446 686 et
1474 639 1694 686 cwteras
1722 628 1865 684 Scri-

281 740 488 798 pturas,
540 729 609 782 ad
665 744 819 782 suant
868 728 1239 798 perditionem.
1294 726 1395 779 Vos
1451 744 1595 796 ergo,
1643 727 1862 796 fratres,

282 821 612 892 prwscien.es
659 820 923 873 custodite
960 834 978 872 :
1013 837 1078 874 ne
1129 820 1499 890 insipientium
1544 836 1720 873 errore
1753 828 1865 872 tra-

284 913 454 978 ducti,
485 912 743 966 excidatis
775 929 806 965 a
834 913 1052 982 propria
1084 912 1361 981 ﬁrmitate.
1398 911 1633 967 Crescite
1661 928 1780 965 vero
1810 913 1865 964 in

284 1007 461 1076 gratia
499 1015 548 1058 et
588 1006 884 1074 cognitione
932 1004 1148 1058 Domini
1186 1005 1356 1058 nostri
1401 1003 1529 1058 Iesu
1579 1003 1777 1058 Christi
1815 1014 1864 1058 et

286 1096 582 1152 Salvatoris
609 1095 675 1152 ⁸⁸.
714 1095 813 1151 Vos
846 1105 1043 1159 autem,
1075 1097 1397 1164 charissimi,
1425 1114 1674 1150 memores
1705 1106 1866 1152 estote

285 1189 580 1254 verborum,
629 1205 747 1259 qntv
781 1190 1040 1257 praedicta
1085 1198 1207 1242 sunt
1252 1191 1316 1243 ab
1364 1190 1617 1260 apostolis
1651 1191 1864 1244 Domini

285 1281 453 1334 nostri
486 1279 616 1334 Iesu
647 1280 867 1345 Christi,
913 1281 1003 1350 qui
1051 1281 1294 1335 dicebant
1332 1281 1497 1347 vobis,
1535 1284 1784 1354 quoniam
1810 1283 1864 1337 in

287 1373 570 1426 novissimo
601 1383 831 1441 tempore
865 1374 1070 1426 venient
1101 1371 1370 1442 illusores,
1412 1375 1700 1429 secundum
1727 1376 1867 1429 desi-

285 1463 435 1518 deria
462 1483 560 1518 sua
603 1462 937 1518 ambulantes
977 1466 1033 1518 in
1062 1465 1352 1535 impietate.
1402 1465 1476 1520 Ili
1514 1476 1635 1522 sunt
1667 1468 1758 1537 qui
1781 1485 1864 1522 sev

287 1566 503 1627 gregant
533 1558 860 1622 semetipsos,
890 1556 1170 1622 animales,
1191 1559 1455 1627 Spiritum
1479 1575 1582 1612 non
1598 1559 1863 1615 habentes.

298 1644 400 1700 Vos
431 1656 628 1711 autem,
658 1647 980 1712 charissimi,
1011 1648 1498 1716 supertediﬁcantes
1525 1651 1867 1721 vosmetipsos

1742 305 2123 364 EPISTOLIE.

2087 693 2165 747 De
2210 693 2639 816 ordinationibus;
2684 690 3055 774 episcoporum
3102 699 3153 744 et
3193 689 3427 743 omnium

2589 780 2614 816 c
2639 776 2925 816 ertoorum.

2589 776 2925 817 ctertwrum.

2040 940 2083 970 θ’
2127 937 2517 995 Ordinationcs
2562 939 2948 1009 episcoporum
3017 935 3170 1007 (12),
3228 936 3552 991 auctoritate

1967 1032 2290 1101 apostolica,
2351 1032 2420 1086 ab
2468 1030 2728 1085 omnibus
2759 1029 2853 1100 qui
2881 1029 2934 1083 in
2961 1028 3149 1084 eadem
3183 1027 3385 1082 luerim
3425 1045 3552 1098 pro-

1970 1124 2145 1178 vincia
2177 1124 2450 1194 episcOpis
2476 1133 2603 1178 sunt
2632 1122 2974 1176 celebranda:
3000 1121 3067 1174 ⁸³.
3099 1120 3202 1187 Qui
3230 1120 3394 1176 simul
3423 1136 3553 1174 con-

1967 1216 2270 1283 venientes,
2299 1216 2626 1272 scrutinium
2647 1214 2939 1284 diligenter
2962 1221 3146 1284 agant,
3171 1213 3554 1283 jejuniumque

1969 1325 2093 1365 cum
2132 1309 2390 1364 omnibus
2433 1309 2711 1363 celebrent
2761 1307 3036 1377 precibus,
3088 1315 3142 1361 et
3190 1322 3388 1360 manus
3429 1321 3553 1360 cum

1969 1399 2176 1454 sanctis
2227 1398 2559 1469 Evangeliis,
2613 1413 2737 1468 quae
2779 1397 3131 1468 prtedicaturi
3179 1407 3328 1464 sunt,
3380 1398 3558 1467 impo-

1968 1500 2162 1546 nentes
2186 1490 2473 1546 Dominica
2503 1490 2612 1557 die,
2644 1492 2783 1544 hora
2812 1489 2972 1546 tertia
2998 1498 3242 1557 orantes,
3289 1505 3557 1558 sacraque

1968 1583 2245 1647 unctione,
2294 1582 2544 1652 exemplo
2589 1580 2980 1651 prophetarum
3016 1589 3070 1633 et
3111 1594 3324 1650 regum,
3379 1581 3556 1650 capita

1969 1693 2159 1733 eorum
2193 1677 2369 1748 (more
2400 1674 2775 1745 apostolorum
2799 1682 2853 1727 et
2875 1672 3098 1745 Moysis)
3120 1681 3404 1743 ungentes,
3429 1675 3556 1744 quia

287 1747 641 1836 sanctissume
679 1749 865 1836 vestrm
890 1739 1038 1836 ﬁdei,
1085 1741 1136 1836 in
1178 1739 1386 1810 Spiritu
1420 1752 1605 1796 santh
1635 1752 1864 1809 οναητεδν
1900 1775 1945 1836 Β
1973 1768 2155 1824 omnis
2188 1737 2552 1823 sanctiﬁcatio
2580 1775 2796 1821 constat
2833 1765 2888 1820 in
2922 1765 3126 1835 Spiritu
3151 1773 3363 1832 sancto,
3398 1765 3558 1835 cujus

288 1831 430 1900 ipsos
472 1847 562 1883 vos
602 1831 657 1884 in
683 1830 968 1885 dilectione
997 1832 1094 1885 Dei
1126 1845 1350 1900 servate,
1377 1845 1740 1904 exspectantes
1770 1837 1871 1890 mi-

288 1921 635 1975 sericordiam
684 1921 898 1976 Domini
944 1926 1114 1978 nostri
1159 1923 1289 1978 Iesu
1350 1925 1552 1981 Christi
1601 1929 1655 1980 in
1707 1929 1870 1982 vitam

289 2022 564 2069 (sternam.
605 2013 667 2067 Et
698 2014 789 2068 hos
817 2016 1028 2086 quidem
1049 2017 1256 2087 arguite
1277 2017 1574 2087 judicatos,
1607 2017 1726 2073 illos
1753 2036 1870 2074 vero

291 2107 515 2176 salvate,
537 2107 600 2162 de
630 2109 748 2180 igne
774 2110 1061 2179 rapientes.
1093 2111 1233 2165 Aliis
1260 2123 1436 2166 autem
1466 2114 1790 2168 miseremini
1818 2116 1872 2168 in

295 2198 506 2264 timore,
559 2199 789 2254 odientes
816 2216 932 2253 eam
964 2217 1083 2270 qua:
1120 2201 1359 2256 carnalis
1395 2212 1496 2270 est,
1548 2205 1869 2259 maculatam

292 2292 549 2346 tunicam.
581 2291 649 2345 Ei
679 2301 855 2346 autem
887 2295 977 2364 qui
1004 2301 1186 2362 potens
1211 2308 1288 2349 est
1317 2312 1405 2349 vos
1429 2313 1737 2352 conservare
1759 2299 1873 2354 sine

291 2393 528 2454 peccato,
565 2393 616 2439 et
662 2388 985 2441 constituere
1021 2398 1142 2442 ante
1193 2400 1525 2458 conspectum
1555 2390 1740 2460 gloria:
1764 2409 1875 2448 sate

293 2478 667 2531 immaculatos
697 2480 754 2532 in
782 2479 1158 2546 exsultatione,
1206 2481 1307 2534 soli
1335 2481 1443 2535 Deo
1474 2481 1743 2537 Salvatori
1783 2501 1879 2538 no-

298 2576 410 2622 stro
437 2585 530 2638 per
552 2568 739 2624 Iesum
781 2570 1051 2626 Christum
1084 2573 1371 2627 Dominum
1402 2585 1663 2643 nostrum,
1703 2576 1878 2646 gloria

292 2669 342 2714 et
387 2663 805 2732 magniﬁcentia,
849 2665 1133 2735 imperium
1173 2674 1224 2720 et
1259 2675 1515 2735 potestas,
1542 2679 1665 2723 ante
1699 2671 1878 2724 omnia

293 2754 512 2818 srecula,
570 2761 619 2806 et
675 2769 813 2808 nunc
869 2763 919 2809 et
975 2756 1034 2810 in
1055 2757 1236 2811 omnia
1287 2757 1484 2812 sarcula
1539 2760 1874 2814 surculorum.

292 2846 460 2900 Amen
475 2845 542 2899 ’°.

858 2982 1200 3040 EPISTOLA
1251 2986 1309 3041 Il.

1976 1863 2148 1917 virtus
2191 1859 2485 1915 invisibilis
2525 1869 2716 1915 sancto
2749 1859 3033 1914 chrismati
3063 1866 3147 1914 est
3188 1858 3475 1928 permista,
3506 1867 3560 1913 ct

1976 1954 2080 2010 hoc
2107 1954 2218 2007 ritu
2250 1953 2551 2008 solemnem
2575 1953 2849 2008 celebrent
2877 1951 3300 2006 ordinationem.
3333 1951 3378 1982 ³⁵
3403 1949 3558 2018 Quod

1975 2048 2021 2103 si
2045 2046 2212 2102 simul
2244 2061 2438 2100 omnes
2468 2047 2764 2100 convenire
2797 2045 3022 2100 minime
3057 2053 3336 2115 poterunt,
3368 2059 3561 2099 assen—

1975 2156 2098 2195 sum
2129 2148 2310 2194 tamen
2335 2137 2452 2192 suis
2478 2138 2734 2208 precibus
2759 2137 3057 2206 praebeant,
3087 2145 3146 2190 ut
3178 2136 3247 2190 ab
3275 2137 3392 2206 ipsa
3413 2135 3558 2190 ordi-

1976 2234 2197 2288 natione
2234 2231 2422 2286 animo
2460 2245 2569 2284 non
2601 2231 2804 2286 desint.
2846 2230 2892 2262 9'
2923 2228 3098 2283 Porro
3139 2235 3192 2282 et
3242 2226 3562 2299 Hierosoly-

1976 2324 2238 2379 mitarum
2298 2325 2510 2394 primus
2557 2322 3007 2392 archiepiscopus
3052 2320 3245 2375 beatus
3296 2318 3561 2385 Jacobus,

1977 2418 2070 2488 qui
2091 2418 2278 2488 justus
2314 2418 2626 2482 dicebatur,
2662 2425 2716 2472 et
2741 2417 3042 2473 secundum
3069 2431 3313 2482 carnem,
3347 2414 3563 2470 Domini

1978 2521 2328 2583 nuncupatus
2371 2521 2455 2567 est
2491 2510 2658 2567 frater
2685 2553 2701 2579 ,
2734 2526 2764 2566 a
2794 2510 2977 2574 Petro,
3023 2509 3230 2566 Iacobo
3263 2520 3316 2564 et
3353 2508 3564 2565 Joanne

1979 2606 2240 2676 apostolis
2301 2614 2386 2661 est
2448 2604 2776 2670 ordinatus,
2838 2603 3256 2659 successoribus
3312 2601 3564 2657 videlicet

1979 2696 2238 2752 dantibus
2284 2695 2516 2750 formam
2565 2710 2789 2760 eorum,
2840 2702 2901 2749 ut
2947 2710 3060 2748 non
3097 2694 3282 2748 minus
3319 2709 3484 2763 quam
3531 2709 3563 2748 a

1984 2788 2160 2842 tribus
2201 2787 2480 2858 episcopis
2512 2829 2527 2854 ,
2581 2787 2920 2857 reliquisque
2967 2786 3224 2841 omnibus
3273 2800 3561 2839 assensqu

1980 2881 2371 2949 praebentibus,
2399 2880 2672 2934 ullatenus
2697 2878 2987 2948 episcopus
3012 2877 3316 2942 ordinetur,
3333 2885 3387 2932 et
3415 2891 3562 2932 com-

1981 2970 2134 3024 muni
2197 2981 2324 3025 voto
2375 2970 2649 3024 ordinatio
2705 2968 3033 3024 celebretur.
3075 2967 3121 3000 ⁹⁶
3169 2967 3384 3036 Reliqui
3434 2982 3555 3020 νει-ι

1985 3061 2298 3115 sacerdotes
2321 3077 2351 3114 a
2377 3061 2600 3131 proprio
2637 3059 2960 3114 ordinentur
2991 3057 3270 3127 episcopo,
3304 3056 3375 3110 ita
3403 3065 3462 3110 ut
3486 3056 3566 3111 ci-

293 3144 375 3194 De
414 3138 748 3194 ordinatione
779 3142 1297 3219 archiepiscoporum
1327 3154 1382 3219 et
1409 3143 1879 3219 reliquorumqepi-
1904 3144 1951 3204 C
1986 3167 2078 3206 ves
2117 3163 2171 3205 et
2217 3153 2306 3206 alii
2352 3154 2667 3208 sacerdotes
2693 3165 2982 3205 assensum
3013 3150 3313 3219 praebeant,
3343 3159 3398 3206 et
3423 3148 3560 3218 jeju-

367 3223 647 3289 scoporum
685 3223 844 3281 atque
885 3214 1222 3266 sacerdotum
1269 3223 1318 3266 et
1349 3215 1412 3269 de
1443 3214 1545 3284 [ide
1573 3217 1881 3286 ueterisque

367 3294 569 3334 causis.
1496 3298 1498 3300 ’

371 3457 699 3512 Αιιιιιῖιιι-ετιιε
722 3456 1035 3526 epiSCOpus,
1053 3458 1326 3516 universis
1348 3462 1622 3532 episcopis
1649 3465 1704 3520 in
1729 3465 1885 3522 Italia

301 3549 642 3604 constitutis.

371 3641 645 3709 Quoniam
671 3645 714 3676 ⁹¹
741 3645 1058 3716 apostolicae
1089 3647 1234 3702 sedis
1257 3647 1493 3702 debitam
1525 3653 1885 3707 reverentiam

299 3752 428 3808 erga
465 3752 550 3792 me
585 3737 825 3794 cbaritas
865 3748 1049 3794 vestra
1098 3741 1398 3808 distribuit,
1445 3751 1500 3797 et
1546 3743 1673 3813 quia
1715 3745 1883 3813 pluri-

299 3845 449 3883 mum
475 3830 849 3886 venerationis
873 3872 888 3898 ,
914 3831 1224 3886 cbarissimi
1250 3833 1368 3900 ﬁlii,
1401 3835 1712 3904 praebuistis
1736 3839 1882 3907 (nam

298 3924 431 3980 licet
475 3923 762 3986 Ecclesiae.
818 3929 873 3980 in
916 3942 1026 3996 qua
1055 3937 1281 3982 sanctus
1321 3930 1611 3998 apostolus
1638 3933 1884 3988 residens

300 4017 507 4085 docuit,
553 4020 966 4087 quodammodo
1013 4035 1113 4075 nos
1160 4022 1530 4091 gubernacula
1575 4031 1878 4092 teneamus,

297 4121 483 4166 tamen
525 4111 849 4181 proﬁtemur
879 4127 981 4167 nos
1006 4112 1214 4168 honore
1238 4123 1292 4168 et
1317 4115 1607 4169 sanctitate
1647 4116 1887 4172 minores

297 4217 444 4268 esse,
494 4211 549 4257 et
594 4212 881 4274 propterea
921 4204 1148 4259 omnino
1190 4205 1537 4273 festinamus,
1568 4217 1629 4261 ut
1663 4210 1729 4263 ad
1765 4209 1885 4278 glo—

300 4295 438 4349 riam
471 4295 592 4364 ejus
626 4295 984 4350 beatitudinis
1023 4298 1305 4366 pervenire
1349 4299 1685 4369 possimus);
1723 4301 1886 4371 igitur

300 4387 800 4442 consultationibus
853 4389 1056 4444 vestris
1113 4389 1328 4458 plenius
1388 4393 1882 4460 respondissemus,

1984 3253 2178 3298 nantes
2209 3245 2612 3300 ordinationem
2635 3243 2913 3298 celebrent
2945 3259 2960 3298 :
2986 3243 3238 3297 similiter
3269 3251 3322 3296 et
3347 3241 3565 3296 diaconi

1984 3343 2353 3407 ordinentur;
2403 3348 2724 3394 creterorum
2767 3344 2950 3389 autem
2999 3335 3263 3405 graduum
3298 3335 3566 3390 distribu-

1986 3432 2146 3500 tioni,
2183 3431 2345 3485 trium
2377 3428 2655 3484 veracium
2702 3423 3112 3491 teStimonium,
3151 3440 3275 3480 cum
3321 3423 3564 3496 episcopi

1985 3525 2194 3581 scilicet
2213 3525 2632 3595 approbatione,
2666 3520 2922 3578 sufﬁcere
2949 3526 3145 3589 potest.

2740 3725 2804 3781 ll.

2304 3908 2381 3964 De
2404 3908 2831 3963 accusationibus
2859 3907 3237 3976 episcoporum.

2060 4114 2103 4148 ⁸⁷
2130 4112 2425 4168 Accusatio
2445 4125 2664 4182 quoque
2694 4126 2910 4178 eorum,
2949 4124 3114 4180 super
3141 4125 3249 4180 qua
3289 4126 3391 4165 nos
3429 4125 3565 4166 con-

1990 4209 2171 4266 sulere
2195 4209 2469 4273 voluistis,
2496 4225 2604 4263 non
2633 4208 2739 4264 nisi
2771 4210 2840 4264 ab
2880 4207 3116 4274 idoneis,
3140 4215 3196 4262 et
3217 4208 3263 4240 ⁹³
3289 4209 3564 4278 probatis-

1990 4302 2146 4358 simis
2177 4303 2330 4368 viris,
2363 4309 2417 4355 et
2445 4301 2542 4371 qui
2583 4301 2994 4371 suspicionibus
3038 4308 3093 4353 et
3135 4300 3433 4354 sceleribus
3475 4315 3568 4352 ca-

1989 4406 2167 4462 reant,
2199 4393 2314 4448 fieri
2343 4393 2540 4458 debet;
2574 4391 2700 4461 quia
2731 4390 2996 4446 Dominus
3034 4390 3175 4444 sacri
3207 4390 3292 4443 sui
3320 4389 3567 4458 corporis

302 4480 349 4535 si
379 4481 654 4546 licuisset;
704 4481 798 4536 sed
829 4481 1164 4538 infirmitatis
1187 4499 1252 4538 ac
1286 4485 1623 4554 reliquarum
1652 4502 1880 4556 oppres-
1912 4495 1956 4550 D
1988 4493 2343 4550 tractatores,
2377 4499 2409 4538 a
2455 4484 2654 4537 vilibus
2700 4491 2756 4537 et
2799 4481 3049 4551 reprobis
3097 4497 3162 4536 ac
3193 4495 3300 4535 non
3353 4479 3566 4535 idoneis

302 4575 520 4630 sionnm
568 4590 734 4630 onere
799 4576 1023 4645 pressi,
1083 4576 1325 4633 breviter
1380 4583 1565 4648 (prout
1612 4579 1880 4634 Dominus

302 4667 510 4733 tribuit,
544 4677 597 4722 et
636 4679 694 4722 ut
733 4682 762 4720 a
817 4668 976 4721 beato
1019 4665 1180 4723 Petro
1220 4670 1462 4739 principe
1507 4672 1881 4740 apostolorum

303 4774 498 4815 sumus
526 4761 777 4815 instructi
803 4801 818 4826 ,
855 4776 886 4813 a
917 4775 1028 4830 quo
1059 4770 1115 4815 et
1145 4763 1429 4833 presbyter
1483 4781 1606 4819 sum
1656 4765 1882 4820 ordina-

301 4851 414 4921 tus)
463 4853 703 4907 scribere
753 4853 910 4906 vobis
961 4852 1131 4921 (sicut
1176 4855 1430 4926 petiistis)
1476 4873 1584 4911 non
1637 4857 1878 4929 denega-

300 4959 500 5000 νιιιιιιε.

414 5209 456 5242 ⁸³
495 5207 534 5260 ll
581 5205 724 5263 Petr.
778 5223 859 5270 Ill,
893 5207 1077 5261 14-18.

301 5294 369 5334 ex
408 5277 729 5332 Theodoreti
766 5276 910 5331 Hist.
942 5293 996 5339 v,
1035 5277 1120 5332 10.

302 5365 616 5425 scoparum:
646 5359 698 5402 et
733 5349 786 5401 in
821 5347 973 5429 Decr.
1005 5347 1157 5402 Ivon.
1194 5348 1296 5429 lib.‘
1320 5365 1401 5401 ιιι.

304 5421 394 5487 66,
422 5420 610 5482 Porro,
638 5429 741 5473 etc.
821 5420 868 5450 ⁸⁵
886 5418 1020 5473 Dist.
1051 5420 1114 5471 (Π
1137 5461 1150 5482 ,
1186 5418 1391 5486 Reliqui

1169 5208 1215 5240 ὀ
1273 5208 1434 5271 Jnd.,
1481 5207 1664 5260 17-25.

821 5420 868 5450 ⁸⁵
886 5418 1020 5473 Dist.
1051 5420 1114 5471 (Π
1137 5461 1150 5482 ,
1186 5418 1391 5486 Reliqui
1419 5421 1736 5472 sacerdotes.

1479 5351 1527 5383 9⁸
1553 5347 1686 5402 Dist.
1720 5350 1788 5401 64
1814 5389 1828 5413 ,
1859 5349 2110 5402 Ordinat.
2147 5350 2532 5417 episcoporum.

1866 5419 1910 5449 ³⁷
1937 5435 2019 5480 ιιι,
2063 5411 2257 5488 quaest.
2291 5411 2346 5482 7,
2379 5417 2662 5471 Accusatio
2689 5432 2910 5486 quoque.
2931 5412 2997 5469 Et
3026 5415 3076 5468 in
3106 5413 3261 5471 Dccr.
3301 5411 3447 5469 lvon.
3466 5413 3562 5467 lib.

1987 4578 2240 4650 personis
2267 4576 2524 4631 infamari
2553 4575 2749 4641 noluit,
2782 4589 2884 4629 nec
2923 4571 3252 4629 calumniari
3293 4570 3564 4641 permisit,

1990 4671 2085 4728 sed
2130 4671 2247 4740 ipse
2308 4669 2533 4739 proprio
2581 4667 2796 4738 ﬂagello
2850 4676 3140 4736 peccantes
3186 4666 3498 4721 sacerdotes
3534 4681 3566 4719 a

1988 4763 2193 4834 templo
2215 4761 2395 4833 ejecit.
2422 4760 2581 4817 Unde
2610 4760 2805 4829 liquet,
2834 4758 2980 4829 quod
3005 4757 3208 4813 summi
3235 4757 3564 4824 sacerdotes,

1989 4858 2044 4912 id
2089 4866 2174 4913 est
2223 4855 2465 4927 episcopi
2487 4855 2557 4922 θ’,
2588 4869 2619 4908 a
2668 4853 2781 4908 Deo
2829 4860 2958 4908 sunt
2981 4851 3265 4922 iudicandi
3292 4892 3307 4917 ,
3337 4867 3448 4916 non
3499 4850 3569 4904 ab

1989 4951 2250 5006 humanis
2284 4957 2380 5005 aut
2416 4961 2598 5020 pravae
2633 4947 2758 5001 vitae
2798 4944 3116 5000 hominibus
3145 4943 3441 5011 lacerandi,
3470 4941 3565 4998 sed

1743 5208 2023 5263 “Damasi
2060 5225 2146 5279 ep.
2185 5208 2252 5262 ad
2295 5205 2603 5279 orientales
2631 5203 2798 5279 Irip.
2841 5201 3307 5279 Ιιῇβιονεαίοκιδ,
3344 5201 3440 5255 lib.
3485 5217 3565 5279 Is,

1223 5279 1267 5309 ⁸³
1289 5277 1421 5332 Dist.
1459 5278 1567 5348 64,7
1584 5278 1832 5331 Ordinat.
1857 5277 2242 5348 episcoporum.

2321 5277 2596 5330 “Concil.
2631 5272 2752 5327 Nic.
2778 5291 2851 5339 IV,
2874 5274 3000 5328 dist.
3037 5273 3124 5337 75,
3169 5272 3417 5326 Ordinat.
3452 5274 3565 5339 cpi;

2614 5347 2734 5398 “In
2788 5345 2943 5398 Decr.
2994 5342 3144 5396 Ivon.
3182 5344 3275 5398 lib.
3310 5360 3404 5405 In,
3433 5343 3564 5397 dist.

307 5507 381 5548 Iv.
458 5494 502 5524 ⁸⁸
520 5491 617 5560 Ep.
650 5490 994 5545 Constantini
1027 5488 1096 5541 Μ.
1123 5490 1189 5543 ad
1211 5490 1517 5543 Ablavium.
1589 5492 1634 5520 9°
1657 5489 1875 5542 Isid.sel1

1983 5506 2064 5553 ιιι,
2125 5488 2214 5542 59.

388 5742 494 5811 (l2)
537 5740 912 5811 Ordirtatioires
961 5738 1316 5811 episcoporum
1390 5736 1461 5791 De
1500 5736 1894 5806 episcoporum
1934 5733 2302 5792 ordinatione.
2336 5732 2458 5787 vide
2519 5745 2640 5800 quae
2711 5727 2949 5783 diximus
2995 5739 3157 5795 supra
3220 5739 3274 5778 In
3304 5724 3448 5780 notis
3497 5724 3564 5778 ad

313 5808 508 5869 canon.
542 5823 717 5884 apost.
757 5811 805 5866 i.
839 5808 954 5864 δεῖν.
994 5809 1198 5864 Βιαιυε.
1356 5821 1382 5847 ι
