4074 6154
497 300 603 357 803

1828 287 1920 344 AN
1928 286 2176 344 ΛΟΜ)Ἰί
2221 284 2418 341 PAPA']

3645 285 3740 344 804

499 418 682 487 potius
708 416 777 470 ab
805 413 1064 470 omnibus
1090 414 1158 447 ’°°
1194 414 1447 472 fidelibus
1488 407 1767 483 portandi,
1801 408 1924 477 ipso
1965 406 2074 460 Do-
2106 414 2151 468 Α
2179 403 2326 458 tibus
2358 400 2706 464 consentire;
2765 399 2894 469 quia
2949 411 3060 453 non
3125 396 3305 453 solum
3349 395 3444 466 qui
3499 393 3737 487 faciunt,

498 509 650 562 inin
679 506 988 575 exemplum
1013 505 1198 573 dante,
1220 504 1440 574 quando
1475 518 1570 572 per
1601 499 1864 569 seipsum,
1887 507 1942 552 et
1965 510 2073 550 non

497 613 596 668 per
624 598 816 663 alium,
849 596 1169 660 vendentes,
1202 605 1256 649 et
1292 603 1536 649 ementes
1566 592 1727 661 ejecit
1755 591 1822 644 de
1851 588 2072 658 templo,

495 699 550 741 et
573 701 790 742 mensas
812 686 1308 741 nummulariorum
1334 694 1388 739 et
1407 683 1694 738 cathedras
1719 680 2072 736 vendentium

497 779 721 848 praprio
753 779 945 832 evertit
973 777 1206 846 flagello,
1231 785 1286 830 et
1313 776 1474 845 ejccit
1495 776 1561 830 de
1592 773 1814 843 templo.
1838 771 1904 827 Et
1932 773 2075 827 sicut

495 871 624 924 alibi
655 871 732 924 ait
759 888 771 923 :
805 869 945 922 Deus
970 870 1113 922 stetit
1143 869 1197 922 in
1232 884 1500 938 synagoga
1539 867 1778 931 deorum,
1809 867 1863 918 in
1904 865 2071 919 medio

494 974 668 1016 autem
688 964 810 1016 deos
831 965 846 994 ¹
873 963 1104 1016 decernit
1127 965 1148 993 ²
1175 980 1189 1028 ;
1222 971 1275 1015 et
1296 963 1422 1016 alibi
1455 981 1468 1014 :
1502 960 1611 1031 Ego
1639 962 1784 1014 dixi:
1808 959 1901 1012 Dii
1922 961 2070 1027 estis,

495 1068 546 1110 et
590 1056 695 1125 ﬁlii
715 1055 928 1109 Ea'celsi
962 1072 1137 1110 omnes
1157 1058 1197 1111 ³.
1259 1054 1454 1109 Nullus
1483 1055 1728 1124 enimtut
1749 1055 1894 1124 reor)
1916 1052 2071 1108 inve-

494 1151 646 1203 nitur
697 1149 840 1202 inter
877 1165 1008 1215 nos,
1043 1148 1134 1219 qui
1185 1149 1314 1204 velit
1357 1164 1518 1203 suum
1567 1164 1786 1202 servum
1827 1147 1896 1202 ab
1941 1145 2066 1212 alio,

492 1256 658 1310 quam
688 1257 718 1294 a
758 1256 836 1306 se,
877 1242 1112 1309 judicari
1144 1259 1157 1294 :
1188 1241 1334 1311 quod
1380 1242 1425 1295 si
1459 1251 1849 1311 praesumptum
1881 1238 2069 1310 fuerit,

493 1340 591 1386 aut
635 1333 805 1386 multa
844 1334 960 1402 ipse
1009 1333 1387 1403 indignatione
1429 1332 1719 1399 irascitur,
1766 1342 1862 1387 aut
1891 1335 2071 1402 potius

493 1429 759 1483 ultionem
789 1429 986 1498 quaerit
1017 1445 1184 1498 super
1207 1445 1354 1483 eum.
1395 1427 1452 1483 Si
1495 1445 1624 1484 vero
1648 1429 1753 1483 hoc
1795 1429 1936 1484 inter
1966 1429 2070 1484 ho-

491 1519 669 1573 mines
696 1520 908 1588 agitur,
941 1517 1070 1587 quid
1122 1519 1325 1588 putatis
1366 1516 1529 1571 faciet
1557 1516 1700 1571 Deus
1727 1517 1976 1584 deorum,
2016 1524 2072 1571 et

492 1609 759 1666 Dominus
789 1611 1214 1674 dominantium,
1245 1611 1337 1681 qui
1372 1610 1636 1664 ultionem
1674 1624 1903 1664 suorum
1937 1624 2070 1679 pro-

490 1703 644 1756 misit
669 1719 777 1756 non
811 1703 1029 1756 differre
1057 1701 1381 1756 servorum?
1411 1699 1566 1755 Unde
1596 1709 1650 1755 et
1677 1701 1792 1770 ipse
1820 1714 1914 1770 per
1927 1697 2066 1752 Pro-

2177 493 2550 557 damnantur,
2585 493 2680 546 sed
2730 490 2824 560 qui
2871 487 3225 560 consentiunt
3265 487 3620 542 facientibus.
3672 486 3741 544 De

2177 580 2378 634 talibus
2413 589 2468 633 et
2519 579 2606 632 bis
2654 578 2926 633 similibus
2976 578 3094 648 ipsa
3139 575 3352 632 Veritas
3397 577 3522 631 ait:
3564 575 3740 647 Vulpes

2177 672 2352 742 foveas
2381 669 2606 736 habent,
2635 682 2684 725 et
2721 670 2952 725 volucres
2999 669 3114 723 εωιὶ
3143 671 3295 723 nidos
3319 683 3338 721 :
3372 666 3420 720 F
3424 668 3549 721 ilius
3575 679 3742 723 autem

2176 765 2405 820 hominis
2433 781 2535 819 non
2564 763 2716 817 habet
2742 765 2831 816 ubi
2861 772 3019 833 caput
3060 779 3215 816 suum
3248 748 3463 816 reElinet
3489 761 3554 828 “,
3585 759 3639 815 id
3667 770 3743 816 est

2175 860 2233 914 in
2264 859 2465 914 talibus
2490 873 2599 913 non
2627 859 2839 914 habitat
2866 857 3150 924 Dominus,
3172 871 3272 911 nec
3296 856 3400 925 ipsi
3439 862 3664 909 manent
3691 856 3742 909 in

2174 967 2261 1008 eo.
2283 949 2351 1005 Et
2383 950 2642 1006 Salomon
2669 951 2936 1021 loquitur,
2964 949 3154 1004 dicens
3183 967 3196 1001 :
3229 947 3334 1013 Qui
3359 948 3496 1018 fodit
3523 947 3740 1016 foveam.

2173 1045 2370 1099 incidet
2402 1045 2458 1098 in
2483 1060 2598 1098 eam
2623 1059 2641 1096 :
2672 1052 2721 1098 et
2755 1044 2846 1114 qui
2882 1041 3040 1096 volvit
3075 1040 3339 1111 lapidem,
3371 1048 3659 1095 revertetur
3681 1038 3744 1091 ad

2172 1152 2311 1190 eum.
2335 1134 2547 1206 Lingua
2578 1134 2754 1205 fallax
2777 1150 2878 1188 non
2915 1142 3063 1188 amat
3089 1134 3384 1198 veritatem,
3407 1141 3456 1185 et
3492 1148 3549 1185 os
3577 1131 3745 1184 lubri-

2173 1247 2293 1285 cum
2323 1241 2575 1301 operatur
2596 1230 2782 1283 ruinas
2811 1229 2875 1282 ¹⁷.
2914 1227 3082 1282 Grave
3110 1237 3189 1281 est
3217 1241 3428 1293 saxum,
3451 1234 3499 1280 et
3530 1240 3746 1279 onerosa

2171 1340 2334 1379 arena
2358 1339 2376 1376 :
2406 1324 2495 1378 sed
2539 1325 2623 1376 ira
2658 1320 2834 1388 stulti,
2873 1330 3094 1391 utroque
3135 1319 3344 1391 gravior
3373 1319 3435 1374 ’⁸.
3469 1317 3746 1372 Hominem

2171 1417 2261 1486 qui
2295 1415 2654 1469 calumniatur
2684 1415 2878 1467 animat
2915 1413 3245 1483 sanguinem,
3266 1412 3313 1467 si
3347 1427 3507 1482 usque
3549 1411 3622 1464 ad
3667 1410 3746 1464 la-

2172 1523 2292 1561 cum
2319 1508 2538 1578 fugerit,
2582 1523 2733 1560 nemo
2759 1507 3003 1560 sustinet.
3039 1504 3146 1570 Qui
3169 1522 3222 1560 se
3246 1504 3420 1574 jactat
3450 1512 3500 1558 et
3530 1502 3744 1568 dilatat,

2163 1596 2351 1667 jurgia
2380 1599 2631 1652 concitat.
2677 1595 2783 1662 Qui
2814 1607 2991 1666 sperat
3038 1598 3094 1651 in
3145 1595 3394 1660 Domino,
3431 1593 3744 1650 salvabitur.

2174 1686 2280 1752 Qui
2317 1688 2536 1757 confidit
2584 1689 2640 1742 in
2673 1687 2830 1742 corde
2871 1704 2999 1755 suo,
3049 1687 3245 1742 stultus
3269 1696 3394 1742 est:
3435 1687 3526 1757 qui
3573 1697 3749 1740 autem

489 1795 708 1864 phetam
738 1794 1000 1863 loquitur,
1034 1796 1260 1849 dicens:
1315 1793 1452 1846 Deus
1497 1792 1761 1846 ultionum
1784 1791 2068 1857 Dominus,

2171 1783 2420 1853 graditur
2461 1783 2751 1851 sapienter,
2802 1783 2912 1852 ipse
2951 1781 3265 1836 laudabitur
3292 1781 3355 1836 ¹⁹.
3403 1779 3508 1846 Qui
3539 1780 3750 1849 fortiter

495 1885 636 1938 Deus
668 1885 930 1938 ultionum
963 1884 1121 1938 libere
1167 1886 1271 1955 egit
1295 1885 1353 1938 ’δε
1386 1893 1442 1938 et
1468 1885 1701 1954 reliqua.
1732 1883 1797 1938 Et
1830 1883 2068 1951 Aposto—

494 1973 582 2029 lus
615 1975 793 2043 inquit
819 1993 830 2027 :
861 1974 940 2028 Tu
963 1975 1081 2044 quis
1108 1990 1184 2042 es,
1209 1974 1532 2044 quijudicas
1564 1989 1768 2028 servant
1797 1973 2072 2028 alienum?

492 2063 603 2118 Suo
649 2067 787 2118 enim
821 2065 1034 2118 domino
1077 2075 1183 2119 stat
1216 2076 1308 2118 aut
1340 2064 1482 2118 cadit
1507 2065 1549 2118 ⁵.
1597 2063 1664 2118 Et
1695 2065 1849 2134 ipse:
1886 2062 2069 2119 Nolite

482 2155 732 2228 judicare
758 2158 1000 2224 invicem,
1027 2158 1115 2211 sed
1144 2159 1240 2212 hoc
1277 2159 1522 2228 judicate
1550 2158 1740 2229 magis,
1766 2175 1828 2213 ne
1856 2159 2070 2228 ponatis

489 2248 871 2318 o/fendiculum
895 2250 1056 2319 fratri
1092 2250 1171 2304 vel
1199 2251 1514 2305 scandalum
1530 2253 1571 2306 δ.
1597 2249 1663 2304 Ει
1686 2249 1949 2306 Dominus
1975 2266 2072 2321 per

487 2342 809 2412 prophetam
839 2343 1017 2412 inquit
1045 2361 1056 2396 :
1095 2343 1201 2408 Qui
1243 2359 1332 2397 vos
1363 2345 1564 2415 tangit,
1595 2345 1764 2414 tangit
1808 2343 2069 2415 pupillam

488 2433 632 2486 oculi
669 2433 835 2486 mei'.
859 2430 997 2486 Nam
1033 2433 1080 2487 si
1108 2432 1311 2504 aliquis
1338 2449 1485 2488 nunc
1528 2435 1582 2487 in
1623 2434 1829 2488 malum
1881 2433 2070 2489 oculos

492 2524 765 2593 alicujus“
794 2509 1060 2595 principis
1085 2525 1278 2594 incipit
1312 2537 1570 2590 tractare,
1605 2525 1897 2582 manifeste
1942 2541 2070 2581 reus

491 2615 799 2685 majestatis
825 2615 1130 2684 iudicatur,
1164 2630 1218 2671 et
1246 2616 1470 2672 infamis
1499 2617 1750 2681 edicitur,
1775 2628 1866 2673 aut
1888 2621 2072 2688 potius

490 2707 709 2775 capitali
764 2707 1047 2760 sententiae
1104 2707 1372 2775 subjacet.
1421 2705 1576 2772 Haec,
1631 2706 1863 2773 fratres,
1915 2707 2071 2762 valde

490 2798 731 2851 cavenda
765 2805 919 2864 sunt,
953 2805 1008 2852 et
1055 2797 1201 2866 quod
1237 2797 1489 2852 homines
1534 2797 1730 2851 nolunt
1778 2797 1880 2852 sibi
1911 2797 2026 2852 fieri
2051 2839 2067 2865 ,

493 2888 606 2942 Deo
629 2889 856 2943 deorum
891 2905 1002 2942 non
1037 2889 1240 2943 debent
1266 2888 1487 2954 inferre,
1532 2904 1601 2943 ne
1633 2888 1772 2944 forte
1803 2890 2069 2946 irascatur

490 2979 777 3048 Dominus,
823 2989 878 3034 et
909 2979 1077 3036 faciat
1110 2980 1408 3035 vindictam
1439 2996 1653 3046 eorum,
1683 2982 1847 3037 etiam
1893 2983 1948 3037 in
1974 2996 2070 3038 eos

490 3074 586 3145 qui
607 3090 713 3129 non
733 3083 1118 3144 peccaverunt;
1145 3076 1273 3144 quia
1298 3075 1437 3145 perit
1455 3076 1758 3146 saepissime
1767 3076 1951 3146 justus
1969 3091 2069 3146 pro

490 3167 678 3236 impio.
732 3166 1037 3222 Imitandus
1088 3177 1173 3222 est
1223 3167 1386 3221 etiam
1431 3165 1736 3238 Propheta,
1768 3184 1865 3239 per
1908 3183 2070 3239 quem

493 3261 761 3314 Dominus
789 3260 865 3314 ait
892 3277 906 3314 :
941 3257 1387 3313 Perambulabant
1423 3261 1481 3312 in
1509 3259 1852 3330 simplicitate
1899 3259 2072 3313 cordis

491 3354 614 3420 mei,
639 3354 692 3407 in
722 3353 892 3407 medio
916 3352 1102 3406 domus
1130 3368 1258 3406 mea:
1280 3367 1299 3405 :
1335 3349 1460 3406 Non
1492 3368 1685 3422 ponam
1703 3352 1922 3406 coram'
1948 3368 2074 3406 ocu-

490 3445 559 3500 lis
585 3447 712 3499 meis
737 3447 945 3500 verbum
972 3444 1146 3499 Belial
1171 3445 1236 3499 ¹⁰.
1263 3442 1582 3514 Loquentem
1605 3445 1645 3476 “
1677 3446 1734 3498 in
1766 3444 2073 3499 abscondito

489 3551 675 3594 contra
703 3541 1004 3610 proximum
1035 3539 1078 3570 “
1113 3555 1288 3606 suum,
1315 3538 1452 3592 hunc
1476 3539 1795 3610 interﬁciam
1819 3538 1954 3594 “'“.
2007 3538 2076 3595 Et

492 3635 548 3688 hi
590 3634 816 3690 cavendi
847 3644 997 3702 sunt,
1031 3633 1097 3687 de
1133 3633 1336 3703 quibus
1367 3631 1626 3688 Salomon
1654 3635 1731 3688 ait
1758 3651 1773 3688 :
1805 3632 1956 3689 Sicut
1979 3650 2075 3688 no-

489 3728 612 3781 :cius
642 3737 720 3782 est
752 3729 843 3798 qui
879 3729 1045 3781 mittit
1088 3727 1323 3792 lanceas,
1369 3735 1418 3781 et
1453 3729 1680 3798 sagittas
1731 3727 1786 3782 in
1828 3737 2073 3795 mortem,

490 3820 568 3874 sic
600 3821 680 3873 vir
731 3819 825 3890 qui
870 3818 1240 3888 fraudulenter
1287 3830 1433 3875 nocet
1478 3821 1648 3874 amico
1687 3836 1818 3887 suo,
1860 3831 1911 3875 et
1955 3835 2075 3874 cum

495 3912 658 3980 fuerit
693 3911 1043 3980 deprehensus
1075 3911 1246 3964 dicit:
1279 3909 1492 3966 Ludens
1531 3913 1652 3982 feci.
1686 3911 1837 3968 Sicut
1883 3913 2072 3967 carbo-

493 4018 582 4055 nes
604 4001 672 4054 ad
696 4017 919 4071 prunas,
937 4010 986 4054 et
1011 4000 1160 4071 ligna
1189 4001 1258 4055 ad
1284 4003 1479 4072 ignem,
1502 4003 1581 4057 sic
1609 4004 1762 4057 homo
1783 4003 2074 4058 iracundus

491 4094 716 4170 suscitat
749 4093 918 4148 rixas.
959 4092 1127 4147 Verba
1163 4096 1472 4149 susurronis
1517 4097 1674 4166 quasi
1707 4097 1994 4166 simplicia,
2025 4104 2076 4150 et

491 4187 611 4256 ipsa
637 4187 945 4256 perveniunt
969 4185 1038 4240 ad
1061 4187 1251 4240 intima
1272 4189 1466 4242 ventris
1487 4188 1551 4242 ⁸⁵.
1582 4187 1715 4243 Etsi
1737 4188 2074 4244 detractores

491 4293 951 4349 quorumcunque
1002 4280 1238 4351 graviter
1288 4280 1646 4351 judicantur,
1686 4293 1741 4336 et
1789 4281 1843 4335 in
1887 4281 2066 4352 perdi~

493 4373 660 4427 tionis
719 4372 974 4442 laqueum
1027 4375 1270 4441 cadunt,
1334 4375 1506 4430 multo
1563 4373 1739 4445 magis
1809 4374 2075 4430 lacerato-

2171 1877 2361 1946 premit
2393 1875 2554 1929 ubera
2586 1876 2655 1929 ad
2691 1875 3008 1929 eliciendum
3044 1875 3150 1942 lac,
3179 1874 3430 1944 exprimit
3458 1875 3708 1944 butyrum
3731 1887 3750 1926 :

2170 1970 2262 2040 qui
2301 1968 2622 2022 vehementer
2659 1969 2895 2039 emungit
2920 2010 2934 2036 ,
2981 1968 3124 2022 elicit
3167 1968 3514 2038 sanguinem:
3559 1979 3612 2022 et
3663 1965 3752 2036 qui

2169 2069 2420 2132 provocat
2466 2060 2614 2128 iras,
2667 2060 2914 2131 producit
2955 2059 3251 2114 discordias
3275 2059 3343 2113 '°.
3378 2056 3502 2113 Haec
3547 2069 3608 2113 et
3650 2058 3754 2112 alia

2173 2153 2484 2226 periculosa
2534 2153 2948 2209 considerantes
2999 2152 3232 2224 apostoli
3284 2159 3636 2216 statuerunt,
3689 2164 3755 2204 ne

2172 2251 2332 2306 facile
2374 2256 2891 2315 commoverentur,
2950 2258 3045 2302 aut
3088 2247 3498 2312 lacerarentur,
3530 2245 3619 2301 vel
3667 2259 3759 2298 ac-

2172 2356 2500 2401 cusarentur
2553 2345 2824 2400 columnae
2873 2352 3076 2398 sanctae
3134 2339 3230 2395 Dei
3281 2337 3537 2394 Ecclesiae
3571 2377 3590 2404 ,
3633 2350 3760 2409 qtae

2173 2439 2408 2510 apostoli
2455 2448 2508 2492 et
2547 2450 2898 2492 successores
2954 2448 3146 2488 eorum
3188 2446 3300 2487 non
3345 2430 3625 2485 immerito
3670 2428 3759 2484 die

2173 2541 2398 2587 cuntur.
2435 2530 2476 2560 "
2507 2527 2611 2583 Sed
2646 2528 2693 2582 si
2731 2527 2856 2597 quis
2905 2526 3170 2581 adversus
3217 2539 3313 2580 eos
3364 2523 3448 2578 vel
3490 2521 3760 2577 ecclesias

2170 2639 2361 2678 eorum
2421 2627 2733 2677 commotus
2787 2618 2990 2679 fuerit.
3049 2625 3144 2672 aut
3199 2631 3396 2672 causas
3453 2613 3760 2678 habuerit;

2171 2717 2326 2785 prius
2355 2715 2424 2770 ad
2450 2730 2546 2770 eos
2577 2723 2827 2771 recurrat
2852 2710 3140 2769 cbaritatis
3166 2709 3371 2776 studio,
3406 2717 3464 2762 ut
3489 2705 3763 2762 familiari

2172 2806 2446 2876 colloquio
2469 2805 2793 2861 commoniti
2815 2819 2879 2860 ea
2917 2811 3132 2870 sanent,
3171 2816 3295 2872 quae
3323 2798 3567 2856 sananda
3603 2811 3763 2865 sunt,

2171 2901 2226 2946 et
2267 2891 2593 2947 cbaritative
2636 2892 2968 2958 emendent,
3027 2907 3151 2962 qua:
3202 2891 3351 2962 juste
3407 2889 3769 2944 emendanda

2173 2986 2519 3057 agnoverint.
2571 2987 2630 3040 Si
2669 2995 2854 3040 autem
2903 2985 3072 3056 aliqui
3104 2999 3222 3050 eos,
3272 2983 3603 3055 priusquam
3658 2983 3775 3039 hoc

2099 3113 2142 3173 ο
2176 3073 2705 3151 egerint,lacerare,
2730 3093 3024 3145 accusare,
3057 3085 3152 3133 aut
3197 3075 3456 3132 infestare
3483 3089 3776 3145 praesum-

2176 3173 2410 3244 pserint,
2437 3172 3006 3239 excommunicentur,
3033 3179 3089 3226 et
3115 3170 3342 3226 minime
3371 3168 3774 3237 absolvantur,

2175 3274 2468 3335 antequam
2515 3279 2609 3335 per
2657 3262 3087 3319 satisfactionem
3120 3265 3210 3336 (ut
3235 3263 3345 3333 jam
3395 3261 3612 3316 dictum
3648 3263 3774 3318 est)

2175 3358 2507 3428 condignam
2555 3357 2766 3427 egerint
2803 3356 3214 3428 pcenitentiam,
3246 3355 3510 3426 quoniam
3549 3353 3776 3426 injuria

2172 3450 2488 3506 eorumad
2541 3449 2822 3506 Christum
2874 3448 3111 3520 pertinet
3153 3449 3232 3513 “,
3270 3447 3428 3517 cujus
3479 3447 3777 3520 legatione

2175 3539 2503 3614 funguntur.
2537 3539 2647 3596 Nec
2690 3541 2795 3596 hoc
2846 3541 3077 3608 mirum,
3111 3539 3240 3611 quia
3289 3539 3332 3595 si
3380 3538 3631 3610 quisque
3667 3556 3778 3596 no-

2176 3647 2354 3692 strum
2393 3633 2614 3691 cuidam
2661 3647 2944 3688 servorum
2967 3632 3014 3663 ²³
3062 3630 3388 3703 legationem
3421 3631 3775 3704 injungeret,

2173 3737 2285 3784 eta
2327 3740 2610 3798 quoquam
2662 3725 3053 3795 impediretur,
3097 3733 3191 3780 aut
3223 3723 3293 3779 ab
3325 3723 3513 3794 aliquo
3566 3725 3774 3782 subdi-

2175 3828 2358 3874 torum
2407 3831 2634 3872 suorum
2663 3815 3077 3885 despiceretur;
3108 3829 3238 3870 mox
3277 3814 3607 3884 indignatus
3655 3816 3778 3870 ira-

2173 3919 2444 3975 sceretur,
2477 3917 2572 3964 aut
2603 3908 2732 3963 talia
2764 3908 2952 3979 (prout
2997 3907 3204 3979 posset)
3246 3906 3585 3974 vindicaret,
3617 3917 3680 3964 et
3707 3907 3779 3963 ad

2176 4001 2438 4073 injuriam
2474 4016 2541 4057 ac
2571 4000 2962 4056 contumeliam
3013 4015 3171 4055 suam
3210 3999 3316 4054 hoc
3346 3996 3562 4055 factum
3605 4015 3780 4070 repu-

2175 4105 2326 4152 taret
2359 4105 2412 4151 et
2435 4095 2694 4152 talionem
2723 4095 2793 4164 (si
2823 4094 2877 4149 in
2907 4094 3160 4164 praesenti
3187 4109 3296 4150 non
3319 4094 3534 4163 posset)
3562 4092 3780 4150 futuris

2173 4190 2516 4260 temporibus
2545 4188 2815 4244 redderet.
2846 4185 2980 4242 Nam
3012 4187 3060 4243 si
3091 4188 3146 4242 in
3173 4184 3416 4241 hominis
3440 4199 3626 4240 causa
3657 4183 3782 4239 haec

2175 4283 2349 4350 ﬁunt,
2390 4283 2520 4354 quid
2560 4281 2769 4352 putatis
2805 4279 2950 4337 Deus
2987 4279 3153 4335 faciet
3189 4279 3257 4335 de
3301 4278 3417 4334 suis
3443 4319 3460 4344 ,
3505 4280 3618 4349 qui
3674 4293 3783 4334 nec

2178 4376 2436 4446 capillum
2465 4375 2661 4445 capitis
2694 4388 2886 4428 eorum
2923 4373 3102 4444 perire
3141 4371 3448 4427 dixerit“?
3501 4371 3678 4428 Unde
3727 4381 3784 4428 et

495 4480 617 4529 res,
667 4477 723 4520 et
779 4466 1114 4522 detractores
1171 4477 1336 4538 atque
1398 4476 1749 4524 accusatores
1801 4481 2074 4522 memora-
2109 4461 2149 4514 Ι)
2178 4468 2445 4524 Dominus
2477 4483 2573 4539 per
2605 4465 2822 4521 Nahum
2863 4466 3183 4537 prophetam
3217 4464 3485 4535 loquitur,
3521 4465 3733 4521 dicens
3763 4483 3777 4518 :

493 4565 676 4610 torum
724 4555 820 4610 Dei
867 4555 1196 4612 famulorum
1245 4567 1412 4630 atque
1463 4567 1876 4629 persecutorum
1917 4559 2071 4614 dam-

493 4658 728 4713 nantur,
767 4657 822 4703 et
853 4648 908 4702 in
955 4649 1273 4704 barathrum
1296 4692 1311 4716 ,
1367 4652 1474 4706 nisi
1527 4666 1587 4707 se
1612 4653 1983 4717 correxerint,
2018 4661 2073 4707 et

493 4757 592 4811 per
645 4756 838 4796 eorum
880 4741 1316 4799 satisfactionem
1349 4745 1673 4817 condignam
1703 4746 1912 4818 egerint
1955 4760 2072 4816 poe-

497 4834 805 4901 nitentiam,
831 4835 1202 4890 indubitanter
1231 4837 1461 4902 vadunt,
1485 4846 1540 4893 et
1574 4837 1884 4894 vindicibus
1911 4837 2072 4893 flam-

497 4927 604 4981 mis
633 4938 962 4983 exuruntur.
1007 4926 1352 5000 Quapropter
1397 4938 1612 5000 oportet
1648 4945 1840 4986 omnes
1866 4931 1950 4986 -ab
1983 4931 2074 4988 his

495 5035 710 5087 cavere,
741 5028 795 5076 et
841 5036 951 5076 non
987 5022 1165 5077 solum
1214 5038 1323 5079 non
1370 5023 1572 5089 facere,
1606 5023 1701 5082 sed
1728 5040 1829 5080 nec
1857 5023 2070 5080 facien-

598 5349 666 5382 ¹⁰⁶
724 5347 1044 5404 hominibus.
1149 5353 1462 5410 ‘discernit.

499 5419 702 5484 “ibid.,
736 5419 824 5474 15.
903 5419 1109 5477 ’Zach.
1143 5439 1203 5486 ιι,
1231 5424 1265 5477 8
1365 5423 1529 5481 llNot.
1560 5442 1685 5482 vox.

1568 5357 1590 5387 ²
1628 5355 1775 5412 Psal.
1830 5373 2032 5424 Lxxxi,
2082 5357 2137 5411 i.

1785 5429 2174 5498 ’proponebam
2222 5438 2343 5482 ante
2382 5429 2584 5483 oculos.

2145 4559 2318 4616 .Deus
2347 4558 2634 4615 aemulator
2659 4599 2674 4627 ,
2706 4566 2755 4612 et
2808 4557 3065 4614 ulciscens
3107 4556 3366 4612 Dominus
3389 4595 3406 4624 ,
3451 4565 3508 4610 et
3568 4557 3781 4612 habens

2176 4651 2431 4722 furorem,
2465 4649 2724 4704 ulciscens
2756 4649 3014 4706 Dominus
3043 4651 3100 4705 in
3141 4649 3316 4705 hostes
3365 4665 3518 4715 suos,
3552 4659 3611 4705 et
3656 4651 3781 4704 ira-

2171 4759 2321 4798 scens
2351 4743 2462 4812 ipse
2496 4741 2728 4796 inimicis
2773 4742 2921 4808 suis;
2953 4750 3076 4796 ante
3127 4741 3319 4811 facient
3362 4739 3783 4812 indignationis

2169 4836 2288 4907 ejus
2319 4837 2437 4906 quis
2464 4835 2673 4891 stabit?
2696 4843 2746 4892 et
2782 4837 2899 4907 quis
2927 4836 3132 4890 resistet
3173 4834 3230 4888 in
3260 4836 3345 4889 ira
3370 4833 3587 4903 furoris
3618 4835 3785 4907 ejus?

2176 4927 2488 4999 Indignatio
2516 4926 2629 4996 ejus
2651 4927 2823 4996 e/jusa
2852 4937 2930 4982 est
2953 4927 3094 4982 sicut
3119 4925 3281 4997 ignis,
3300 4936 3352 4980 et
3376 4935 3556 4996 petra:
3590 4928 3780 4983 disso-

2177 5022 2306 5077 lutse
2333 5032 2459 5078 sunt
2498 5022 2563 5076 ab
2601 5038 2683 5078 eo.
2715 5021 2896 5077 Bonus
2921 5032 2998 5077 est
3031 5020 3311 5088 Dominus,
3351 5028 3404 5074 et
3445 5021 3784 5092 confortans

2211 5357 2236 5394 ³
2272 5357 2438 5423 ibid.,
2497 5357 2548 5411 6.
2629 5356 2650 5387 ⁵
2689 5355 2835 5427 Ργειιι.
2888 5371 3065 5424 xcnt,
3121 5358 3170 5411 1.
3278 5355 3481 5412 “Rom.
3533 5375 3682 5427 inv,
3728 5364 3784 5418 4.

2666 5430 2708 5460 ⁸ο
2727 5426 2805 5481 Ex
2841 5429 3009 5484 citato
3045 5443 3152 5484 ms.
3183 5427 3409 5498 Collegii
3453 5427 3598 5486 Suo.
3647 5426 3785 5489 Jesu

500 5505 601 5566 nas
654 5493 959 5566 variantes,
991 5494 1250 5566 lectiones
1300 5495 1571 5566 decerpsit
1619 5493 1954 5554 llardui‘nus.
2014 5497 2114 5553 Ms.
2157 5515 2336 5552 coram
2400 5500 2566 5554 oculis
2620 5500 2828 5553 verbum
2882 5501 2990 5554 oris
3049 5498 3242 5553 Belial.
3322 5493 3365 5531 ’ἶ
3391 5499 3785 5558 detrahentem

501 5560 544 5591 ¹²
582 5559 838 5614 sodalem.

499 5629 636 5701 hunc
673 5631 1072 5700 interﬁciebam.
1154 5637 1196 5666 ⁸⁵
1221 5635 1384 5690 Prov.
1425 5653 1552 5692 xxvi
1577 5679 1592 5701 ,
1623 5629 1808 5693 18-22.

500 5701 544 5774 δέ
569 5699 729 5774 Prov.
755 5715 948 5774 xxviii,
975 5703 1062 5774 17,
1089 5705 1182 5773 ‘25,
1209 5707 1298 5763 26.

499 5768 546 5801 ³⁸
567 5767 699 5823 Luc.
733 5784 847 5836 nl,
878 5771 964 5825 18.

1891 5641 1933 5670 ¹⁶
1964 5638 2109 5694 Luci
2141 5657 2195 5694 Ix
2222 5681 2239 5708 ,
2270 5640 2358 5696 58.

1381 5709 1425 5741 ²⁰
1441 5707 1601 5765 Prov.
1629 5725 1758 5778 xxx,
1782 5711 1870 5766 53.
1951 5712 1992 5742 ¹¹
2014 5716 2071 5766 At

2171 5712 2200 5766 Ι.
2226 5707 2299 5774 έν,
2324 5711 2407 5767 l7.
2485 5713 2529 5743 ²¹
2555 5710 2610 5766 S.
2644 5711 2831 5783 (ΙΙ-ομ
2865 5727 2950 5782 ep.
2985 5712 3056 5766 52
3081 5753 3094 5779 ,
3127 5711 3223 5766 lib.
3246 5725 3368 5766 xm.

919 5563 1038 5640 ‘_"“
1057 5563 1206 5640 Psal.
1225 5580 1283 5640 ρ,
1316 5565 1374 5629 2,
1406 5563 1480 5620 ρκ’
1518 5568 1743 5640 interpr.
1796 5569 1854 5623 S.
1888 5570 2226 5640 Hieronymi.
2302 5568 2404 5625 Ms.
2451 5570 2819 5640 Detrahentem
2860 5571 2914 5623 in
2964 5570 3291 5640 abscondito,
3314 5569 3566 5624 sodalem
3622 5591 3786 5627 suum

2439 5639 2660 5711 "Prov.
2706 5656 2864 5702 xxvt,
2905 5641 3116 5695 27-28.
3199 5641 3242 5672 ¹⁸
3267 5639 3424 5694 Prov.
3475 5657 3676 5711 xxv",
3727 5644 3782 5698 5.

3447 5713 3499 5743 ³³
3523 5731 3781 5770 sitorum.
