4010 6150
267 247 375 305 805

1723 246 2124 303 ΕΡῙΞΤΟΗΕ..

3431 251 3538 308 806

268 370 325 424 in
353 369 438 423 die
469 359 869 436 tribulationis,
919 377 967 422 et
999 372 1165 425 sciens
1200 381 1469 442 sperantes
1513 373 1568 425 in
1609 387 1664 426 se
1684 371 1730 402 ”
1753 413 1768 436 ,
1798 378 1853 424 et
1883 377 1926 433 Α
1953 371 2146 424 lineam
2191 378 2240 424 et
2278 371 2514 425 tunicam
2535 413 2550 437 ,
2583 382 2634 425 et
2683 373 3134 442 superlmmerale,
3173 383 3221 428 et
3246 377 3533 444 rationale,

269 464 502 532 reliqua.
538 463 796 529 Quendam
831 473 1010 516 autem
1039 479 1104 517 ex
1137 463 1240 528 his,
1267 463 1380 531 jam
1427 463 1553 516 aliis
1583 461 1846 516 fratribus

268 554 593 624 scripsimus
627 595 643 619 ,
681 570 803 622 qua:
853 553 1012 606 toties
1051 562 1179 608 sunt
1221 554 1532 623 replicanda
1559 592 1575 618 ,
1629 553 1847 623 quoties

269 645 476 701 fuerim
505 645 966 700 necessariam"
984 644 1550 716 Ejectionemquoque
1569 646 1651 715 (ut
1680 661 1844 715 supra

269 749 632 794 memoratum
668 738 787 806 est)
817 753 1164 792 summorum
1213 739 1559 794 sacerdotum
1591 737 1694 792 sibi
1741 737 1847 793 Do-

271 832 456 884 minus
485 829 799 894 reservavit,
831 829 955 883 licet
989 831 1308 885 electionem
1341 845 1532 885 eorum
1567 830 1725 883 bonis
1750 844 1842 883 sa-

269 921 582 976 cerdotibus
640 929 694 974 et
748 920 1127 990 spiritualihus
1189 923 1407 991 populis
1457 922 1841 976 concessisset.

268 1012 604 1067 Electionem
655 1012 802 1066 enim
862 1013 1079 1067 illorum
1140 995 1322 1067 taliter
1376 1013 1672 1082 Apostolus
1729 1011 1845 1065 ﬁeri

261 1106 416 1176 jubet
442 1125 455 1158 :
485 1103 544 1159 Si
572 1106 690 1175 quis
718 1105 830 1158 sine
860 1105 1078 1159 crimine
1111 1114 1209 1171 est,
1237 1107 1395 1159 unius
1419 1106 1602 1158 uxoris
1633 1106 1801 1158 cirum
1826 1145 1841 1171 ,

265 1197 406 1266 [ilics
430 1197 706 1250 habentem
738 1195 919 1265 ﬁdeles
944 1238 959 1262 ,
989 1213 1090 1250 non
1125 1199 1180 1250 in
1213 1198 1549 1251 accusatione
1577 1195 1841 1262 luxurice,

266 1299 359 1343 aut
390 1305 492 1342 non
514 1287 754 1343 subditos
785 1288 852 1352 ‘9,
882 1297 936 1343 et
961 1290 1196 1359 reliqua.
1227 1290 1272 1320 ³ο
1304 1289 1359 1343 Si
1400 1290 1546 1343 enim
1582 1289 1702 1344 sine
1731 1289 1842 1342 cri-

264 1379 411 1432 mine
456 1379 714 1433 sacerdos
745 1379 870 1449 eligi
903 1380 1255 1448 praecipitur,
1291 1379 1604 1434 nullatenus
1645 1379 1714 1433 ab
1739 1379 1842 1432 ho-

263 1470 504 1524 minibus
559 1471 883 1526 criminibus
927 1471 1153 1527 irrctitis
1185 1471 1436 1527 accusari
1494 1479 1590 1525 aut
1631 1471 1843 1526 calum-

263 1563 404 1616 niari
453 1563 823 1631 permittitur,
872 1579 972 1617 nec
998 1564 1066 1618 ab
1097 1564 1261 1631 aliis,
1311 1579 1474 1634 quam
1515 1564 1699 1618 abhis
1746 1561 1842 1632 qui

264 1655 382 1709 sine
413 1653 647 1708 crimine
678 1663 829 1717 sunt,
857 1662 910 1708 et
932 1653 1091 1724 juxta
1117 1655 1440 1709 electionem
1473 1654 1540 1720 ³¹,
1574 1653 1620 1709 si
1652 1667 1843 1707 neces-

1949 465 2089 532 quod
2125 465 2454 533 constringes
2495 463 2666 517 balteo
2689 479 2707 516 :
2739 475 2786 517 et
2823 481 2981 534 pones
3025 468 3221 520 tiaram
3260 468 3314 520 in
3364 471 3534 538 capite

1947 555 2082 624 ejus,
2111 566 2158 610 et
2204 555 2464 608 laminam
2515 564 2755 608 sanctam
2807 572 2966 620 super
3019 557 3235 624 tiaram,
3258 567 3308 612 et
3360 558 3530 612 oleum

1949 646 2214 700 unctionis
2268 645 2456 715 fundes
2486 663 2646 715 super
2698 658 2858 708 caput
2899 647 3051 716 ejus,
3094 660 3247 718 atque
3276 651 3372 704 hoc
3425 651 3530 704 ritu

1946 737 2360 792 consecrabitur.
2418 737 2592 792 Filios
2639 755 2843 809 quoque
2898 739 3047 792 illius
3103 741 3428 809 applicabis,
3479 752 3531 797 et

1943 827 2130 881 indues
2165 828 2358 880 tunicis
2395 828 2548 882 lineis
2569 869 2584 895 ,
2626 829 2902 899 cingesque
2945 828 3120 884 balteo
3153 831 3334 885 Aaron
3375 844 3425 888 et
3455 832 3530 886 li-

1946 922 2093 974 beros
2124 920 2260 990 ejus,
2301 930 2352 974 et
2399 921 2631 989 impones
2677 923 2866 976 mitras
2915 923 3030 988 eis,
3069 934 3321 994 eruntque
3349 941 3529 980 sacer-

1943 1012 2089 1067 dotes
2121 1012 2254 1066 milti
2297 1012 2550 1082 religione
2584 1022 2837 1083 perpetua
2861 1013 2926 1068 ³⁸.
2965 1013 3086 1079 Quo
3118 1014 3240 1069 loco
3281 1024 3528 1070 contem-

1945 1105 2082 1175 plari
2118 1112 2359 1174 oportet,
2389 1105 2574 1159 Aaron
2608 1120 2884 1159 summum
2933 1106 3272 1162 sacerdotem
3296 1148 3311 1174 ,
3353 1108 3406 1162 id
3442 1095 3532 1164 est?

1942 1196 2264 1264 episcopum
2306 1195 2507 1261 fuisse,
2542 1211 2708 1265 porro
2740 1197 2882 1252 ﬁlios
2930 1197 3052 1267 ejus
3082 1198 3528 1269 presbyterorum

1943 1287 2354 1342 demonstrasse
2400 1287 2654 1357 ﬁguram.
2689 1287 2802 1343 Hoc
2829 1289 2977 1343 enim
3021 1287 3126 1343 fuit
3160 1289 3302 1345 inter
3343 1290 3528 1346 Aaron

1943 1392 2224 1432 summum
2259 1379 2622 1444 sacerdotem,
2648 1389 2703 1434 et
2747 1379 2889 1434 ﬁlios
2917 1381 3037 1450 ejus
3084 1382 3177 1450 qui
3217 1383 3528 1438 sacerdotes

1941 1479 2120 1538 erant,
2153 1471 2300 1542 quod
2327 1472 2510 1525 Aaron
2550 1487 2716 1542 super
2745 1473 2990 1528 tunicam
3024 1473 3330 1542 accipiebat
3355 1476 3526 1545 pode-

1939 1578 2079 1630 rem,
2110 1565 2306 1619 stolam
2333 1573 2602 1631 sanctam,
2628 1573 2682 1618 et
2704 1579 2965 1620 coronam
3000 1581 3247 1632 auream,
3279 1567 3523 1632 mitram,

1940 1665 1995 1710 et
2041 1671 2235 1710 zonam
2289 1672 2546 1721 auream,
2604 1664 2659 1710 et
2692 1657 3177 1725 superhumerale,
3212 1667 3265 1713 et
3315 1659 3524 1729 reliqua

263 1747 402 1801 sitas
433 1745 617 1812 fuerit,
646 1762 740 1800 aut
767 1745 870 1816 ipsi
899 1721 1131 1802 voleudo
1171 1747 1404 1801 Domino
1433 1747 1640 1803 servire
1663 1745 1841 1815 elege-
1873 1721 1914 1780 Β
1941 1762 2064 1817 quae
2095 1747 2314 1817 pratﬁxa
2345 1756 2475 1801 sunt
2509 1764 2523 1801 :
2574 1747 2672 1801 lilii
2720 1721 2901 1802 autem
2949 1721 3170 1817 Aaron,
3189 1765 3352 1820 super
3375 1721 3527 1805 tuni-

262 1840 396 1904 rint,
439 1840 483 1870 ³²
509 1840 932 1910 sacerdotesque
963 1839 1082 1894 sine
1105 1838 1336 1894 crimine
1366 1838 1483 1893 ﬁeri
1515 1846 1567 1892 et
1595 1835 1838 1891 ordinari

261 1930 496 2000 possint,
528 1939 584 1984 et
631 1931 767 1986 tales
814 1947 909 2001 per
939 1932 1126 1986 omnia
1172 1930 1418 1998 fuerint,
1477 1930 1664 2000 quales
1713 1928 1838 2000 eligi

261 2021 577 2077 sacerdotes
614 2022 954 2091 iubentur.”
1002 2021 1174 2077 Porro
1201 2031 1256 2076 et
1289 2021 1466 2093 Moysi
1500 2020 1835 2091 praccipitur,

263 2123 324 2168 ut
349 2114 512 2185 eligat
540 2114 952 2186 presbyteros.“
1009 2113 1163 2169 Unde
1191 2123 1243 2170 et
1277 2116 1332 2169 in
1361 2113 1674 2169 Proverbiis
1700 2111 1839 2167 dici-

265 2215 394 2262 tur:
453 2207 638 2263 Gloria
681 2225 864 2264 senum
901 2207 1122 2261 canities
1147 2207 1214 2263 ³⁵.
1260 2206 1388 2262 Hcce
1432 2220 1562 2261 vero
1609 2206 1837 2261 canities

263 2297 586 2368 sapientiam
611 2299 883 2370 designat,
914 2299 981 2354 de
1010 2313 1118 2368 qua
1144 2297 1410 2367 scriptum
1446 2305 1532 2351 est
1557 2315 1570 2350 :
1603 2296 1837 2349 Canities

263 2389 534 2444 hominum
579 2392 861 2461 prudentia
905 2399 984 2445 est
1024 2389 1088 2444 ³⁸.
1137 2387 1387 2458 Cumque
1433 2395 1740 2458 nongentos
1785 2396 1840 2441 et

262 2483 498 2552 amplius
522 2498 698 2538 annos
728 2483 796 2536 ab
824 2482 994 2536 Adam
1029 2495 1202 2550 usque
1231 2480 1299 2533 ad
1331 2478 1609 2534 Abraham
1634 2477 1839 2533 vicisse

261 2575 515 2631 homines
559 2575 876 2644 legerimus,
922 2573 1107 2627 nullus
1145 2572 1289 2627 alius
1330 2571 1483 2640 prius
1533 2570 1836 2639 appellatus

259 2675 346 2723 est
370 2667 685 2739 presbyter,
733 2666 785 2720 id
841 2674 926 2719 est
974 2665 1192 2730 senior,
1244 2663 1349 2718 nisi
1407 2661 1837 2730 Abraham,qui

259 2759 434 2812 multo
465 2757 819 2828 paucioribus
854 2757 1060 2813 vixisse
1113 2754 1272 2810 annis
1313 2754 1675 2809 convincitur.
1716 2751 1835 2808 Non

257 2867 390 2922 ergo
421 2861 642 2922 propter
690 2851 1021 2922 decrepitam
1061 2859 1397 2906 senectutem
1423 2889 1437 2914 ,
1474 2848 1567 2904 sed
1616 2857 1837 2918 propter

257 2943 586 3014 sapientiam
622 2942 924 3014 presbyteri
961 2941 1384 2998 nominantur-"
1438 2939 1656 2994 initium
1687 2936 1836 2994 enim

259 3032 551 3088 sacerdotii
598 3033 780 3088 Aaron
829 3032 964 3099 fuit,
992 3034 1119 3088 licet
1160 3031 1519 3086 Melchisedec
1544 3029 1694 3099 prior
1736 3030 1836 3085 ob-
1861 3069 1904 3128 ϐ

256 3125 447 3179 tulerit
475 3126 846 3194 sacriﬁcium}
873 3134 928 3179 et
972 3133 1096 3195 post
1121 3125 1268 3179 hunc
1313 3123 1623 3188 Abraham,
1657 3121 1834 3188 Isaac,

254 3225 313 3272 et
337 3214 544 3272 Jacob:
594 3216 688 3271 sed
722 3217 776 3270 hi
822 3225 1124 3285 spontanea
1155 3215 1433 3269 voluntate
1459 3254 1474 3276 ,
1505 3228 1617 3267 non
1652 3227 1838 3268 sacer-

253 3306 426 3362 dotali
456 3307 805 3372 auctoritate,
848 3307 954 3360 ista
989 3305 1256 3360 fecerunt.
1291 3304 1335 3336 ³³
1356 3304 1625 3358 Czeterum
1650 3301 1834 3356 Aaron

254 3399 469 3468 primus
526 3399 580 3451 in
617 3398 735 3468 lege
793 3397 1130 3451 sacerdotale
1190 3411 1390 3449 nomen
1437 3394 1664 3466 accepit,
1719 3393 1834 3463 pri-

257 3504 489 3552 musque
521 3487 821 3557 pontiﬁcali
871 3487 1012 3542 stola
1045 3488 1268 3542 indutus
1314 3487 1564 3542 victimas
1612 3484 1829 3550 obtulit,

251 3579 480 3651 jubentc
514 3579 747 3634 Domino
801 3595 868 3635 ac
909 3580 1167 3650 loquente
1203 3579 1271 3635 ad
1321 3578 1544 3651 Moysen
1573 3597 1587 3632 :
1618 3577 1828 3646 Accipe,

256 3672 456 3742 inquit,
490 3673 666 3727 Aaron
691 3682 739 3727 et
783 3673 923 3742 ﬁlios
953 3661 1088 3743 ejus,
1129 3682 1178 3727 et
1212 3672 1504 3742 applicabis
1535 3673 1604 3726 ad
1638 3672 1832 3726 ostium

258 3766 586 3820 tabernaculi
622 3767 930 3821 testimonii.
959 3766 1193 3836 Cumque
1231 3765 1424 3820 laveris
1463 3774 1668 3835 patrem
1713 3779 1835 3818 cum

256 3857 385 3928 ﬁliis
416 3874 591 3930 aqua,
636 3859 822 3916 iadues
863 3860 1043 3916 Aaron
1087 3859 1405 3914 vestimentis
1459 3859 1607 3925 suis,
1654 3857 1711 3911 id
1754 3866 1833 3912 est

326 4170 604 4226 “Nahum
661 4188 712 4238 ι,
743 4173 810 4236 2,
838 4172 910 4237 6,
941 4173 991 4226 7.

255 4243 500 4314 sacerdos
538 4242 669 4296 sine.
749 4245 791 4276 ³¹
826 4245 980 4314 justa
1013 4242 1278 4314 electione.

257 4313 310 4367 7.
388 4311 606 4366 "Prov.
637 4329 728 4380 xx,
775 4309 866 4369 29.
945 4314 990 4345 “
1009 4312 1112 4366 Job
1158 4329 1255 4374 xu,
1285 4322 1337 4366 et
1372 4309 1499 4378 Sap.
1532 4326 1605 4362 IV.

255 4453 302 4485 ⁸³
325 4451 458 4508 Luc.
500 4469 533 4506 χ
552 4492 567 4517 ,
593 4451 678 4506 16.

327 4696 439 4768 (15)
458 4695 523 4750 1η
537 4694 723 4768 locum
744 4709 926 4748 eorum
947 4699 1308 4768 successerunt
1328 4691 1576 4768 episcopi.
1599 4690 1715 4745 Hoc
1723 4699 1822 4768 _est

256 4761 402 4837 quod
423 4761 570 4837 'psal.
606 4781 760 4837 xuv,
812 4763 1284 4837 propheta___l_)a_v_id
1311 4763 1666 4837 pra'dixerat:
1711 4761 1820 4815 Pro

252 4831 509 4908 patribus
525 4837 629 4908 tuis
647 4836 762 4888 nati
783 4831 1026 4889 sunt’tibi
1046 4833 1166 4902 ﬁlii.
1195 4831 1820 4908 NamAugustinopraa—

252 4903 384 4963 dicti
407 4907 514 4962 loci
553 4907 868 4975 interprete,
905 4914 1091 4973 patres
1122 4903 1353 4972 apostoli
1407 4911 1557 4968 sunt,
1587 4903 1680 4956 ﬁlii
1724 4916 1825 4975 pro

250 4978 504 5049 patribus
552 4974 708 5049 nati,"
734 4978 1107 5049 apostolorum
1155 4987 1502 5049 successores
1556 4974 1821 5042 episcopi.

250 5043 561 5103 Concilium
591 5043 960 5100 Florentinum
987 5046 1041 5098 iu
1065 5043 1427 5098 instructions
1452 5043 1819 5097 Armenorum

246 5128 308 5176 et
345 5117 541 5173 concil.
584 5114 883 5170 Tridentiu.
927 5131 1066 5170 sess.
1095 5115 1187 5177 25,
1237 5129 1358 5182 cap.
1391 5113 1446 5177 4,
1486 5113 1626 5167 idem
1681 5129 1826 5167 asse-

249 5198 410 5245 runt.
434 5188 702 5242 Dicuntur
733 5196 915 5239 autem
946 5185 1184 5254 episcopi
1210 5183 1475 5253 apostolis
1506 5183 1820 5249 succedere,

248 5275 364 5316 non
405 5259 624 5329 proprie
649 5271 716 5310 eo
747 5255 908 5329 modo
933 5253 1048 5329 quo
1084 5255 1374 5329 episcopus
1398 5253 1686 5329 episcopo,
1724 5268 1822 5307 rex

245 5330 367 5400 regi
400 5322 676 5400 succedit,
693 5327 787 5381 sed
817 5322 1160 5400 duplici‘alia
1197 5322 1428 5400 ratione.
1453 5322 1638 5377 Primo
1659 5363 1675 5386 ,
1727 5338 1819 5377 ra-

245 5394 398 5455 tione
427 5398 570 5454 sacri
594 5396 922 5466 episcopalis
947 5395 1188 5466 ordinis;
1215 5394 1607 5466 secundo,pper_
1624 5407 1818 5466 quam-

245 5471 376 5525 dam
409 5464 820 5524 similitudinem
841 5475 897 5520 et
928 5465 1331 5535 proportionem
1357 5483 1371 5531 ;
1405 5464 1534 5534 quia
1557 5464 1818 5535 nimirum

249 5541 396 5594 sicut
421 5539 642 5593 Christo
669 5537 722 5591 iu
754 5532 1184 5600 terris—viventi,
1229 5535 1387 5604 primi
1422 5532 1545 5589 'sub
1598 5532 1820 5588 Christo

247 5621 411 5663 erant
442 5609 672 5678 apostoli
723 5606 1033 5678 duodecim,
1085 5603 1280 5678 deinde
1329 5603 1674 5678 septuaginta
1711 5604 1822 5658 duo

249 5673 504 5748 discipuli
528 5697 540 5732 :
568 5680 638 5732 ita
661 5693 806 5733 nunc
829 5677 988 5748 primi
1017 5677 1120 5731 sub
1147 5673 1671 5748 Romanopoutilice
1692 5683 1823 5729 sunt

251 5745 517 5818 episcopi,
559 5759 680 5819 post
728 5745 843 5805 eos'
878 5748 1178 5820 presbyteri
1216 5788 1230 5812 ,
1281 5746 1406 5802 inde
1434 5745 1674 5816 diaconi,
1713 5754 1818 5801 etc.

1071 4171 1186 4203 ’ωε
1205 4169 1402 4226 Distin.
1428 4169 1496 4223 79
1519 4208 1535 4234 ,
1562 4164 1892 4237 Ejectionem
1939 4182 2081 4220 vero.

1360 4240 1401 4271 ”
1420 4233 1585 4293 Hadr.
1611 4233 1783 4301 'coll.,
1817 4253 1867 4291 c.
1921 4237 2007 4290 19.
2085 4235 2128 4266 ³³
2162 4234 2352 4289 Distiu.
2381 4233 2470 4299 84,
2508 4233 2674 4288 Porro
2702 4234 2858 4287 Mosi.

1684 4307 1892 4362 1"Idem
1932 4306 2057 4362 Isid.
2095 4321 2213 4376 cap.
2245 4305 2298 4359 5.

259 4399 412 4445 xxix,
442 4383 558 4436 4-9.
634 4381 679 4415 ⁸ο
717 4377 780 4440 El
814 4386 940 4441 dist.
963 4425 978 4451 ,
1011 4383 1074 4437 In
1103 4399 1230 4436 novo
1260 4393 1402 4447 test.,
1425 4377 1474 4435 et
1521 4381 1574 4434 in
1618 4379 1768 4433 Decr.
1807 4377 1834 4431 1

1935 4417 1958 4432 ν.
2015 4378 2108 4432 lib.
2152 4393 2232 4431 ιιι.

1940 1853 2034 1894 cas
2063 1839 2238 1894 lineas
2267 1840 2433 1894 cincti
2461 1838 2842 1894 tantummodo
2879 1850 2934 1894 et
2962 1839 3166 1907 tiarati,
3195 1840 3526 1896 assistebant

1939 1929 2210 1985 sacriﬁcio
2255 1929 2494 1985 Domini.
2535 1930 2582 1960 ιο
2611 1929 2669 1983 ιιι
2724 1945 2868 1986 novo
2917 1939 3102 1986 autem
3152 1941 3520 1999 testamento,

1937 2029 2061 2090 post
2087 2019 2369 2076 Christum
2403 2019 2722 2087 Dominum,
2747 2035 2779 2074 a
2810 2019 2977 2076 Petro
3007 2022 3368 2078 sacerdotalis
3403 2039 3519 2080 cm-

1937 2111 2018 2181 pit
2047 2111 2206 2176 ordo,
2261 2111 2391 2180 quia
2442 2111 2546 2181 ipsi
2601 2112 2784 2181 primo
2808 2112 3159 2182 pontiﬁcatus
3189 2113 3244 2166 in
3277 2111 3521 2169 Ecclesia

1937 2201 2140 2258 Christi
2175 2203 2334 2257 datus
2364 2211 2466 2268 est,
2507 2201 2722 2257 dicente
2760 2202 2994 2258 Domino
3025 2204 3092 2258 ad
3119 2220 3286 2258 eum:
3327 2203 3405 2257 Tu
3442 2220 3519 2268 es,

1937 2292 2134 2362 inquit,
2161 2292 2354 2349 Petrus
2375 2303 2425 2347 et
2455 2309 2612 2363 super
2640 2295 2776 2348 hanc
2797 2304 3000 2364 petram
3029 2295 3307 2364 tedificabo
3339 2294 3521 2348 Eccle-

1937 2385 2072 2439 siam
2101 2401 2291 2451 meam,
2319 2395 2366 2440 et
2403 2399 2572 2455 porta:
2616 2387 2777 2457 inferi
2804 2404 2906 2442 non
2935 2388 3293 2457 prtevalebunt
3329 2388 3519 2443 adver-

1937 2492 2027 2530 sus
2054 2492 2204 2544 eam,
2246 2486 2296 2530 et
2328 2477 2426 2531 tibi
2467 2477 2605 2532 dabo
2637 2479 2808 2532 claves
2848 2479 2995 2549 regni
3041 2479 3380 2534 ccelorum“.
3421 2477 3521 2534 Hic

1937 2583 2068 2639 ergo
2097 2569 2302 2639 ligandi
2332 2577 2496 2638 atque
2546 2571 2795 2626 solvendi
2831 2579 3154 2641 potestatem
3187 2572 3399 2642 primus
3423 2588 3519 2626 ac-

1937 2659 2082 2728 cepit
2117 2675 2147 2714 a
2180 2658 2435 2727 Domino,
2462 2662 2782 2732 primusque
2825 2662 2892 2718 ad
2922 2662 3083 2718 ﬁdem
3119 2663 3380 2734 populum
3408 2665 3519 2718 vir-

1936 2758 2050 2804 tute
2089 2765 2202 2806 suae
2245 2752 2651 2821 przndicationis
2695 2753 2943 2808 adduxit.
2977 2753 3175 2809 Caneri
3211 2769 3339 2810 vero
3384 2771 3518 2825 apo-

1936 2841 2058 2895 stoli
2084 2856 2208 2896 cum
2231 2842 2422 2897 eodem
2454 2843 2569 2912 pari
2600 2844 2880 2899 consortio
2903 2844 3165 2900 honorem
3193 2854 3246 2900 et
3279 2856 3516 2915 potesta-

1940 2944 2046 2989 tem
2078 2946 2444 3006 acceperunt,
2481 2938 2774 3008 ipsumque
2823 2939 3126 3009 principem
3157 2955 3348 2994 eorum
3395 2955 3517 2994 esse

1938 3029 2247 3083 voluerunt.
2266 3027 2370 3094 Qui
2397 3029 2585 3096 etiam,
2609 3029 2834 3097 jubentc
2860 3029 3116 3096 Domino,
3149 3030 3204 3084 in
3237 3038 3354 3084 toto
3381 3031 3516 3084 orbe

1940 3122 2173 3191 dispersi
2212 3120 2566 3191 Evangelium
2602 3120 3073 3190 praedicaverunt:
3118 3121 3251 3191 ipsis
3296 3137 3515 3192 quoque

1938 3211 2362 3275 decedentibus,
2393 3211 2448 3264 in
2501 3211 2682 3265 locum
2728 3226 2918 3267 eorum
2965 3221 3354 3267 successerunt
3401 3214 3506 3281 epi-

1938 3305 2085 3374 scopi
2121 3303 2257 3374 (l5),
2289 3318 2525 3372 quorum
2557 3303 2830 3358 ordinatio
2859 3312 3115 3374 pra-tacto
3137 3301 3184 3336 δ’
3216 3303 3331 3358 ﬁeri
3358 3304 3517 3359 debet

1937 3397 2132 3451 ordine
2157 3403 2211 3451 et
2235 3394 2401 3449 modo
2429 3413 2442 3449 :
2481 3409 2623 3464 quos
2645 3395 2740 3466 qui
2770 3395 2966 3466 recipit
3007 3404 3063 3450 et
3091 3396 3258 3450 verba
3297 3411 3511 3462 eorum,

1939 3487 2110 3542 Deum
2139 3487 2333 3557 recipit
2364 3505 2375 3539 :
2412 3487 2509 3557 qui
2539 3496 2723 3541 autem
2759 3501 2856 3543 eos
2898 3487 3136 3557 spernit,
3169 3501 3296 3542 eum
3346 3502 3376 3540 a
3405 3503 3510 3558 quo

1937 3580 2092 3635 missi
2125 3590 2274 3647 sunt,
2309 3588 2364 3635 et
2411 3579 2570 3650 cujus
2620 3579 2926 3651 funguntur
2954 3580 3244 3652 legatione,
3285 3582 3512 3652 spernit,

1937 3682 1990 3728 et
2015 3674 2130 3744 ipse
2164 3672 2545 3728 indubitanter
2571 3682 2862 3742 spernetur
2885 3689 2914 3728 a
2953 3672 3188 3729 Domino
3216 3675 3284 3728 ⁸³.
3314 3673 3514 3730 νίᾱθιια

1939 3774 2020 3820 tes
2062 3774 2246 3820 autem
2283 3764 2387 3835 ipsi
2420 3765 2654 3835 apostoli
2700 3780 2936 3821 messem
2988 3780 3111 3821 esse
3159 3766 3390 3820 multam
3415 3806 3430 3827 .
3459 3776 3513 3821 et

1941 3859 2227 3930 operarios
2261 3873 2491 3929 paucos,
2529 3867 2864 3930 rogaverunt
2890 3858 3175 3914 dominum
3206 3859 3421 3926 messis,
3453 3869 3512 3914 ut

2187 4165 2232 4196 ²⁹
2274 4162 2382 4218 Tit.
2438 4178 2504 4230 ι,
2571 4163 2626 4218 6.
2741 4164 2784 4197 ³ο
2815 4179 2912 4230 v1,
2972 4163 3276 4233 quaestione
3333 4165 3387 4226 1,
3445 4163 3505 4220 Si

2187 4234 2332 4264 ὶῖοοῖι.
2382 4233 2443 4264 (ιι
2513 4233 2674 4264 ΒΑΜ-Λ
2709 4234 2838 4264 Ιοηοὶ
2936 4234 2981 4264 Ii
3008 4235 3107 4264 Ιι.ἶ.1
3177 4233 3244 4264 ΠΛ
3288 4236 3367 4264 ΛΝ
3414 4252 3464 4264 ..ι

2407 4233 2470 4299 ε4,
2508 4233 2674 4288 Porro
2702 4234 2858 4287 Mosi.
2936 4234 3130 4289 “Isid.
3168 4233 3244 4288 De
3285 4236 3377 4304 o/j‘.
3412 4252 3503 4299 XI,

2407 4305 2636 4359 “Clem.
2691 4304 2875 4360 Const.
2929 4320 2982 4358 VI
3013 4345 3028 4370 ,
3076 4303 3167 4359 ΞΟ.
3253 4305 3294 4337 ³⁸
3333 4307 3501 4359 Exod.

2325 4373 2580 4428 “Matth.
2642 4391 2760 4442 xvn,
2807 4375 2910 4441 18,
2959 4375 3046 4429 19.
3124 4377 3502 4444 “praztaxato.

1927 4687 2047 4744 Non
2103 4689 2261 4744 aliter
2308 4697 2491 4744 autem
2541 4691 2830 4758 episcopos
2868 4687 3143 4758 apostolis
3175 4687 3498 4749 succedere.

1932 4761 2056 4814 inde
2101 4768 2270 4840 patet,
2301 4761 2447 4828 quod
2493 4759 2736 4884 episcopi
2767 4757 2971 4811 nullam
3021 4773 3160 4838 verte
3191 4759 3504 4827 apostolica:

1932 4839 2271 4884 auctoritatis
2298 4839 2502 4884 partem
2565 4831 2795 4884 abeant:
2827 4828 3059 4884 apostoli
3085 4829 3252 4884 enim.
3283 4839 3344 4884 ut
3370 4843 3502 4882 con-

1929 4828 2271 4886 auctoritatis
2298 4839 2502 4898 partem
2525 4828 2795 4894 habeant;
2827 4828 3059 4898 apostoli
3085 4829 3252 4893 enim,
3283 4839 3344 4884 ut
3370 4843 3502 4882 con-

1855 4874 1901 4930 Ῑ)
1929 4874 3059 4969 ΞᾶιΐῑιίἔᾶῐῗἕιἜιέἶῖὲίῖἕιῖὖῐιῖρῖὗξῐὸῖὄ
3071 4874 3344 4969 ιξιῖί-Ξῖυἶιί
3365 4874 3498 4953 Sine

1929 4972 2244 5041 praedicare,
2283 4971 2420 5026 alias
2443 4967 2768 5040 atque—alias
2792 4968 3063 5023 Ecclesias
3108 4967 3357 5041 fundare,
3404 4985 3496 5024 ca-

1927 5039 2155 5096 nonicos
2179 5042 2347 5096 libros
2371 5039 2609 5111 scribere
2637 5048 2919 5111 poterant:
2952 5055 3115 5111 porro
3141 5039 3273 5093 nihil
3303 5041 3496 5111 horum

1927 5113 2167 5181 episcopi
2183 5121 2496 5182 potuerunt.
2511 5110 3016 5182 Praeterea,donum
3043 5110 3242 5180 linguae
3261 5117 3316 5164 et
3335 5110 3498 5163 mira-

1925 5181 2194 5236 culorum
2223 5182 2532 5236 habuerunt
2581 5181 2857 5251 apostoli,
2906 5195 3015 5234 non
3073 5190 3254 5234 autem
3279 5195 3498 5251 _omnes

1926 5253 2192 5323 episc0pi.
2225 5252 2503 5322 Apostolis
2533 5248 2791 5307 omnibus
2841 5251 3154 5323 immediate
3198 5266 3230 5304 a
3267 5248 3491 5323 Christo

1924 5319 2237 5379 universam
2269 5319 2569 5393 Ecclesiam
2589 5321 2926 5393 gubernandi
2957 5328 3206 5393 potestas
3234 5336 3299 5393 ac
3333 5319 3498 5393 juris-

1925 5393 2096 5448 dictio
2123 5393 2320 5448 collata
2358 5403 2460 5457 est,
2483 5388 2640 5449 Joau.
2670 5407 2791 5461 cap.
2829 5391 2921 5457 20,
2958 5388 3056 5446 his
3096 5391 3308 5445 verbis:
3345 5388 3494 5444 Sicut

1926 5463 2072 5516 misit
2100 5479 2179 5517 me
2207 5464 2380 5518 vivens
2418 5463 2599 5526 Pater,
2653 5471 2703 5516 et
2731 5477 2824 5532 ego
2847 5462 3000 5515 mitto
3031 5475 3117 5514 vos
3156 5464 3492 5530 (quanquam

1928 5533 2206 5588 ordinaria
2243 5533 2573 5602 jurisdictio,
2619 5549 2745 5602 qua;
2767 5536 2818 5586 in
2853 5541 3102 5601 posteros
3140 5546 3237 5602 per
3273 5545 3492 5602 succes-

1929 5602 2139 5656 sionem
2169 5601 2578 5667 transferretur,
2608 5601 2708 5658 soli
2732 5601 2914 5667 Petro,
2945 5601 3377 5657 extraordinaria
3405 5615 3492 5653 re-

1929 5672 2098 5745 liquis
2125 5675 2386 5743 apostolis
2414 5689 2674 5745 concessa
2697 5674 2819 5745 sit):
2838 5688 3030 5745 omnes
3047 5669 3493 5745 autent_episcopi

1931 5759 1964 5798 a
2008 5741 2175 5799 Petriv
2197 5760 2512 5801 successore
2562 5741 2808 5800 Romano
2844 5743 3122 5817 pontiﬁce,
3161 5742 3249 5798 cui
3285 5743 3492 5797 dictum
