4074 6154
473 244 577 300 807

1828 234 2173 290 ANACLETI
2233 234 2436 289 PAPAZ

3638 227 3729 285 803

480 357 719 409 mitteret
747 351 1036 423 operarios
1083 351 1137 404 in
1175 364 1412 406 messem
1459 365 1614 404 suam
1643 348 1708 403 “.
1737 347 1868 404 Inde
1901 348 2060 403 electi
2091 357 2136 411 Α
2163 348 2440 414 civitates,
2472 361 2597 416 quae
2627 345 2870 401 minores
2896 342 3113 415 judiccs
3144 342 3420 398 habebant
3443 340 3598 411 (licet
3621 358 3731 399 ma-

484 455 606 502 sunt
649 446 718 498 ab
771 445 851 498 eis
902 443 1248 512 septuaginta
1271 442 1381 496 duo
1408 441 1455 472 ⁸⁸
1490 442 1768 511 discipuli,
1820 457 2058 511 quorum

475 546 663 610 typum
691 546 888 607 gerunt
909 535 1210 606 presbyteri
1233 532 1369 602 (Li),
1397 540 1559 602 atque
1584 533 1636 585 in
1660 547 1851 586 eorum
1879 531 2058 585 locum

483 643 610 687 sunt
635 630 920 685 constituti
962 629 1016 682 in
1045 625 1312 691 Ecclesia,
1338 625 1405 680 tle
1430 641 1667 694 quorum
1715 625 2062 679 ordinatione

483 736 534 782 et
581 725 921 794 reliquorum
973 720 1396 784 ministrorum,
1452 717 1658 772 dixisse
1709 733 1876 787 supra
1909 717 2062 773 sulti—

485 821 613 876 ciat.

1228 927 1318 982 Ill.

487 1091 640 1159 Quod
683 1091 855 1143 minus
886 1104 1115 1159 quamn
1138 1085 1304 1139 tribus
1335 1085 1607 1159 episcopis
1650 1084 1920 1154 episcopus
1959 1098 2064 1136 non

1033 1157 1219 1212 debeat
1249 1156 1512 1210 ordinari.

559 1295 606 1328 “
635 1295 807 1351 Porro
834 1294 980 1364 quod
1005 1293 1300 1362 episcopus
1332 1307 1440 1348 non
1481 1291 1551 1346 ab
1579 1305 1711 1356 uno,
1745 1289 1839 1345 sed
1873 1305 1904 1344 a
1933 1304 2070 1345 cun-

488 1389 615 1454 ctis,
642 1402 916 1444 consensu
942 1396 1038 1440 aut
1068 1385 1357 1455 praesentia
1390 1383 1960 1454 comprovincialium,
1989 1390 2074 1436 est

488 1479 828 1534 ordinandus
854 1521 868 1544 ,
905 1486 959 1531 et
1009 1477 1326 1532 nullatenus
1371 1476 1557 1530 minus
1585 1489 1749 1544 quam
1801 1488 1833 1528 a
1870 1473 2069 1538 tribus,

488 1572 702 1627 ueteris
725 1569 1195 1626 consentientibus
1221 1568 1463 1633 cunctis;
1489 1568 1720 1631 idcirco,
1751 1566 2074 1622 instituente

491 1662 756 1729 Domino,
792 1661 908 1716 fieri
932 1660 1154 1730 jubetur
1175 1700 1190 1725 ,
1227 1674 1294 1714 ne
1324 1658 1530 1727 aliquid
1560 1666 1748 1711 contra
1781 1657 1941 1712 fidem
1970 1655 2074 1710 Ec-

490 1755 676 1811 clesiae
735 1755 900 1810 unius
956 1754 1242 1826 tyrannica
1293 1752 1594 1807 auctoritas
1639 1749 1970 1812 moliretur,
2018 1757 2074 1804 et

493 1850 681 1921 regula
705 1850 792 1904 vel
823 1848 959 1904 ﬁdes
987 1847 1419 1904 confunderetur
1461 1843 1825 1900 credentium.

1241 2002 1332 2058 Ν.

497 2166 565 2226 In
593 2169 783 2242 quibus
815 2166 1119 2242 civitatibus
1151 2165 1441 2242 primates,
1490 2161 1544 2242 in
1589 2157 1778 2231 quibus
1812 2165 2076 2226 metropo-

1005 2237 1162 2292 litani
1189 2251 1299 2289 esse
1321 2234 1562 2287 debeant.

570 2378 614 2410 ⁸⁷
641 2377 949 2432 Provinciae
976 2385 1160 2431 autem
1194 2375 1366 2428 multo
1389 2382 1517 2427 ante
1545 2372 1751 2427 Christi
1781 2371 2078 2426 adventum

501 2478 752 2538 tempore
800 2467 991 2522 divisa:
1035 2473 1165 2520 sunt
1196 2463 1437 2517 maxima
1479 2477 1547 2516 ex
1577 2472 1764 2531 parte,
1805 2471 1860 2516 et
1893 2471 2080 2531 postea

501 2561 570 2613 ab
599 2558 862 2628 apostolis
887 2565 939 2610 et
967 2557 1125 2610 beato
1150 2553 1431 2609 Clemente
1461 2553 1862 2622 praedecessore
1891 2563 2081 2606 nostro

503 2650 621 2719 ipsa
649 2648 849 2702 divisio
879 2655 964 2700 est
1003 2655 1283 2699 renovata.
1319 2645 1365 2675 ⁸⁸
1392 2642 1457 2697 Et
1490 2644 1543 2696 in
1569 2644 1746 2713 capite
1771 2643 2082 2712 provincia-

503 2756 651 2805 rum,
683 2738 774 2794 ubi
822 2737 1026 2791 dudum
1059 2734 1320 2804 primates
1351 2733 1487 2802 legis
1505 2733 1550 2764 "’
1582 2733 1768 2788 saeculi
1801 2742 1984 2797 erant,
2017 2748 2081 2788 ac

504 2829 685 2900 prima
718 2825 1010 2897 iudiciaria
1036 2833 1299 2894 potestas,
1325 2823 1392 2877 ad
1419 2839 1560 2892 quos
1589 2823 1682 2892 qui
1715 2838 1811 2892 per
1838 2822 2080 2892 reliquas

506 2920 753 2977 civitates
785 2916 1296 2979 commorabantur,
1326 2915 1548 2984 quando
1579 2914 1659 2969 eis
1691 2928 1912 2968 necesse
1942 2923 2081 2979 erat,

2157 438 2309 509 jores
2358 439 2654 494 comitibus
2709 437 2939 508 essent),
2979 437 3247 491 haberent
3295 434 3734 504 metropolitanos

2163 545 2330 594 suos,
2362 529 2454 599 qui
2491 529 2765 600 praedictis
2810 528 2963 596 juste
2989 528 3036 561 ⁸ο
3069 526 3358 582 obedirent
3393 523 3732 594 primatibus.

2164 619 2307 674 sicut
2340 630 2393 674 et
2425 620 2478 672 in
2514 618 2724 687 legibus
2757 618 2943 673 saeculi
2971 618 3101 672 olim
3132 617 3446 673 ordinatum
3481 623 3621 679 erat,
3648 615 3736 684 qui

2164 729 2276 766 non
2321 713 2641 782 primatum,
2677 711 2772 766 sed
2807 720 2903 765 aut
2945 711 3498 780 metrOpolitanorum
3533 719 3627 762 aut
3657 724 3738 762 ar-

2167 805 2639 874 chiepiscoporum
2673 805 2897 858 nomine
2926 802 3258 859 fruerentur.
3284 801 3349 856 Et
3375 802 3500 856 licet
3521 801 3738 872 singula:

2169 895 2501 965 metropolcs
2546 894 2798 949 civitates
2842 909 2972 949 suas
3025 893 3338 963 provincias
3377 892 3652 958 habeant,
3691 900 3742 947 et

2167 1001 2300 1044 suos
2322 985 2777 1055 metrupolilanos
2797 984 3015 1055 judi'ees
3050 983 3250 1039 habere
3276 983 3513 1038 debeant
3539 983 3744 1052 episco-

2169 1093 2303 1147 pos,
2341 1077 2484 1131 sicut
2540 1076 2693 1146 prius
2734 1074 3188 1144 metmpolitanos
3228 1071 3443 1143 judices
3479 1072 3746 1126 habebant

2172 1169 2495 1236 saeculares,
2545 1168 2808 1239 primates
2845 1177 3024 1221 tamen
3070 1165 3161 1235 (ut
3197 1165 3479 1236 praalixum
3528 1163 3647 1234 est)
3696 1172 3747 1218 et

2171 1272 2304 1318 tunc
2335 1273 2389 1318 et
2420 1276 2568 1316 nunc
2606 1261 2812 1315 habere
2852 1259 3021 1329 jussaa
3048 1268 3200 1325 sunt,
3238 1259 3305 1313 ad
3332 1274 3474 1328 quos
3503 1268 3631 1327 post
3666 1272 3750 1312 se-

2172 1355 2294 1409 dem
2345 1353 2705 1423 apostolicam
2756 1368 2972 1407 summa
3025 1351 3242 1422 negotia
3295 1351 3663 1416 conveniant,
3694 1358 3752 1405 ut

2175 1446 2396 1512 ibidem,
2422 1447 2625 1516 quibus
2658 1461 2883 1500 necesse
2926 1443 3114 1512 fuerit,
3157 1444 3468 1500 releventur
3515 1453 3569 1498 et
3611 1443 3754 1513 juste

2177 1539 2560 1605 restituantur,
2591 1547 2645 1592 et
2679 1538 2735 1591 hi
2767 1537 2861 1608 qui
2906 1538 3107 1607 injuste
3139 1538 3528 1608 opprimuntur
3553 1577 3570 1603 ,
3613 1536 3755 1606 juste

2176 1631 2544 1688 reformentur
2615 1642 2778 1702 atque
2846 1631 3186 1697 fulciantur,
3262 1630 3759 1700 episcoporumque

2104 1704 2390 1788 Bcausae,
2441 1730 2494 1776 et
2543 1737 2886 1777 summorum
2941 1721 3285 1791 negotiorum
3328 1719 3534 1789 judicia
3575 1719 3758 1789 (salva

2177 1813 2493 1884 apostolicae
2529 1811 2676 1867 sedis
2709 1810 3068 1881 auctoritate)
3113 1809 3422 1880 justissime
3459 1808 3762 1862 terminen-

2180 1916 2291 1962 tur.
2324 1905 2450 1962 llzec
2479 1907 2548 1960 ab
2591 1905 2832 1975 antiquis
2858 1904 2926 1968 ⁸⁸,
2960 1903 3077 1958 ιιωο
3125 1902 3195 1956 ab
3229 1901 3522 1971 apostolis,
3575 1900 3695 1956 haec
3731 1915 3762 1952 a

2180 2002 2388 2057 sanctis
2435 2000 2696 2055 Patribus
2749 1998 3060 2068 accepimus
3084 2038 3100 2064 ,
3139 1996 3404 2066 vobisque
3433 1999 3526 2064 (ut
3571 2003 3768 2066 postu-

2179 2096 2357 2167 lastis)
2383 2093 2656 2159 rimanda,
2685 2103 2739 2148 et
2763 2091 2964 2148 futuris
2993 2089 3226 2146 tenenda
3263 2088 3612 2159 temporibus
3642 2088 3767 2142 mit-

2183 2190 2372 2256 timus,
2395 2201 2450 2244 et
2480 2187 2708 2258 reliquis
2744 2184 3010 2240 fratribus
3041 2181 3408 2254 praedicanda,
3438 2195 3504 2235 ac
3548 2181 3770 2236 cunctis

2182 2280 2438 2335 ﬁdelibus
2474 2279 2737 2332 tradenda
2780 2276 3110 2331 mandamus
3133 2315 3148 2341 ,
3181 2289 3250 2328 ne
3279 2281 3564 2343 pastorum
3593 2272 3772 2342 impe-

2184 2373 2334 2436 ritia,
2376 2371 2422 2401 "
2469 2370 2564 2440 qui
2617 2377 2966 2438 sequuntur,
3019 2365 3320 2420 deteriores
3346 2364 3513 2428 ﬁant,
3551 2365 3774 2420 dicente

2185 2465 2416 2521 Domino
2441 2479 2537 2534 per
2566 2462 2888 2533 prophetam
2917 2478 2930 2514 :
2962 2457 3077 2529 Ipsi
3105 2468 3343 2529 pastores
3389 2459 3773 2528 ignoraverunt

2183 2556 2589 2626 intelligentiam
2610 2555 2676 2608 ⁸³.

2255 2644 2406 2710 Quos
2434 2660 2628 2698 rursus
2653 2643 2921 2698 Dominus
2967 2641 3292 2706 detestatur,
3324 2641 3548 2697 dicens:
3593 2639 3665 2694 Et
3699 2651 3778 2695 te-

2183 2747 2360 2791 nentes
2393 2737 2578 2806 legem,
2612 2736 2911 2790 nescierunt
2939 2751 3018 2789 me
3057 2735 3124 2788 ⁸⁸.
3158 2733 3366 2789 Nesciri
3398 2747 3526 2802 ergo
3551 2732 3783 2788 Veritas

2183 2842 2243 2882 se
2271 2826 2340 2881 ab
2377 2826 2456 2880 eis
2478 2826 2855 2894 conqueritur,
2917 2835 2972 2880 et
3027 2826 3241 2880 nescire
3287 2841 3346 2879 se
3396 2824 3786 2894 principatum

2184 2917 2548 2973 nescientium
2581 2919 3102 2987 protestatur;quia
3133 2915 3382 2987 profecto
3429 2917 3486 2972 hi
3535 2919 3646 2986 qui
3699 2933 3791 2984 ea,

507 3011 602 3082 qui
629 3010 696 3065 ad
731 3008 911 3062 aulam
945 3006 1292 3076 imperatoris
1326 3003 1409 3058 vel
1433 3019 1618 3074 regum
1647 3002 1942 3073 confugere
1973 3018 2079 3056 non
2109 3040 2151 3097 ο
2189 3025 2312 3080 qua;
2331 3019 2461 3066 sum
2490 3007 2730 3075 Domini,
2757 3009 3029 3072 nescium,
3062 3025 3094 3064 ει
3142 3007 3376 3063 Domino
3419 3009 3795 3074 nesciumm,

507 3110 761 3172 poterant
787 3141 803 3170 ,
829 3100 914 3154 vel
960 3099 1161 3169 quibus
1187 3097 1518 3167 permissum
1557 3111 1665 3150 non
1713 3104 1853 3160 erat,
1887 3093 2084 3149 confu-

510 3195 733 3266 giebant
791 3208 892 3264 pro
943 3191 1394 3262 oppressionibus
1448 3190 1530 3245 vel
1592 3188 1874 3259 injustitiis
1937 3188 2083 3255 suis,

511 3287 772 3358 ipsosque
816 3285 1198 3355 appellabant,
1238 3283 1453 3353 quoties
1480 3297 1620 3352 Opus
1649 3290 1802 3342 erat,
1846 3281 1989 3336 sicut
2029 3281 2082 3335 in

508 3377 631 3450 "lege
666 3393 854 3432 eorum
888 3383 1223 3447 prteceptum
1255 3383 1373 3429 erat
1404 3391 1417 3428 :
1460 3374 1594 3444 ipsis
1621 3388 1839 3443 quoque
1863 3373 1918 3427 in
1952 3373 2086 3428 civi-

513 3471 719 3526 tatibus
750 3469 834 3524 vel
866 3469 1003 3524 locis
1050 3468 1279 3532 nostris,
1310 3465 1650 3537 patriarchas
1683 3465 1764 3518 vel
1803 3464 2085 3534 primates,

513 3562 608 3632 qui
638 3576 803 3615 unam
835 3558 1068 3617 formam
1095 3567 1300 3620 tenent,
1321 3557 1446 3612 licet
1467 3555 1681 3610 diversa
1707 3555 1816 3609 sint
1845 3557 2085 3619 nomina,

514 3654 663 3724 leges
687 3653 886 3708 divinae
907 3661 960 3706 et
981 3650 1368 3705 ecclesiastica
1393 3648 1520 3718 poni
1547 3656 1600 3702 et
1631 3662 1752 3702 esse
1777 3647 2085 3716 jusserunt,

517 3745 586 3801 ad
619 3759 760 3814 quos
791 3743 1034 3812 episcopi
1065 3742 1142 3811 (si
1186 3755 1412 3795 necesse
1461 3739 1654 3808 fuerit)
1690 3737 2088 3808 confugerent,

518 3852 727 3906 eosque
784 3837 1160 3907 appellarent,
1229 3845 1283 3888 et
1346 3832 1449 3903 ipsi
1518 3832 1813 3902 primatum
1869 3830 2092 3885 nomine

518 3927 854 3992 fruerentur,
881 3936 933 3982 et
958 3942 1066 3982 non
1089 3926 1203 3982 alii.
1233 3925 1476 3995 Reliqua:
1497 3940 1628 3979 vero
1653 3923 2091 3993 metropolitante

629 4189 878 4244 “Matth.
937 4206 1022 4255 ix,
1073 4189 1173 4256 57;
1243 4189 1377 4245 Luc.
1429 4206 1503 4254 ι,
1562 4190 1598 4243 2
1695 4187 2391 4260 ηπεοαροᾶηροηεῑιιηῑθι·
2436 4189 2564 4260 legit
2590 4191 2946 4260 septuaginta.

521 4277 634 4332 quo
669 4272 723 4315 et
756 4261 1058 4329 superiora.

523 4330 776 4402 capitum.
855 4332 899 4370 ιθ
931 4330 1580 4402 πρωτονομοδιδάσκαλοι.

524 4401 639 4456 haec
679 4401 984 4470 scripsisse
1013 4403 1234 4471 fingitur
1273 4403 1582 4471 Anacletus.

523 4475 727 4527 missis.
817 4472 982 4528 “lsa.
1022 4487 1140 4539 LVI,
1170 4471 1255 4524 Η.

521 4544 846 4614 pastoribus.

2189 3104 2360 3159 Paulo
2394 3110 2709 3166 attestante,
2747 3102 2843 3173 qui
2874 3101 2978 3157 ait:
3013 3100 3074 3157 Si
3105 3102 3223 3173 quis
3258 3103 3469 3171 ignorat
3493 3101 3800 3170 ignorabi-

2193 3203 2281 3248 tur
2303 3193 2366 3245 ⁸⁵.
2404 3192 2543 3248 Hinc
2567 3203 2620 3248 et
2652 3192 2964 3257 Psalmista,
2997 3208 3104 3247 non
3149 3192 3390 3262 optantis
3438 3191 3668 3260 animo,
3697 3191 3796 3248 sed

2189 3287 2569 3356 prophetantis
2597 3287 2858 3358 mysterio
2885 3285 3196 3350 denuntiat,
3222 3286 3446 3342 dicens:
3470 3285 3800 3342 Obscuren-

2195 3387 2284 3434 tur
2310 3379 2452 3433 oculi
2477 3396 2680 3444 eorum,
2707 3395 2769 3432 ne
2793 3378 3027 3444 videant,
3072 3387 3123 3433 et
3158 3379 3378 3432 dorsum
3417 3395 3618 3432 eorum
3653 3397 3790 3435 sem-

2188 3486 2284 3539 per
2314 3470 2532 3523 iucurva
2551 3468 2616 3521 ⁸⁸.
2646 3467 2970 3523 Obscuratis
2995 3484 3126 3536 ergo
3157 3467 3332 3522 oculis
3353 3509 3367 3533 ,
3393 3467 3638 3523 dorsum
3693 3469 3795 3522 ﬂe-

2193 3559 2388 3625 ctitur;
2418 3560 2678 3630 quoniam
2733 3573 2860 3613 cum
2914 3558 3097 3612 lumen
3125 3558 3364 3613 scientia:
3393 3559 3652 3628 perdunt
3702 3559 3799 3630 qui

2191 3660 2454 3720 praeeunt,
2485 3655 2603 3708 sine
2631 3651 2798 3705 dubio
2821 3651 2887 3705 ad
2919 3651 3186 3719 portanda
3223 3660 3585 3720 peccatorum
3617 3668 3798 3706 onera

2190 3744 2528 3799 inclinantur
2557 3753 2865 3814 sequentes.
2907 3744 2952 3775 "
2995 3743 3094 3798 Hic
3123 3759 3252 3813 ergo
3275 3744 3416 3797 inter
3456 3760 3678 3801 manus
3720 3747 3804 3800 la-

2191 3842 2412 3890 tronum
2449 3845 2502 3890 et
2523 3835 2712 3890 dentes
2736 3835 3033 3890 furentium
3059 3836 3312 3906 luporum
3347 3844 3648 3907 utcunque
3669 3853 3798 3893 ver-

2190 3939 2396 3980 samur.
2422 3926 2552 3981 Ideo
2600 3935 2654 3982 ct
2711 3927 2909 3983 docere
2955 3927 3134 3992 alios,
3182 3936 3236 3982 et
3269 3942 3371 3982 nos
3401 3927 3564 3997 ipsos
3601 3931 3807 4000 (prout

3024 4192 3070 4232 ⁸⁸
3094 4191 3218 4245 Isid.
3258 4191 3330 4246 De
3353 4194 3446 4261 0/7.
3478 4211 3570 4261 χι,
3618 4198 3657 4251 5
3684 4241 3700 4261 ,
3734 4213 3802 4252 ex

1151 4261 1193 4298 ιτ
1243 4261 1436 4315 Distin.
1467 4261 1569 4325 90,
1625 4260 1918 4314 Prouincia:
1950 4259 2077 4312 mult

1151 4330 1580 4386 ομοδιδάσκαλοι.
1658 4332 1704 4361 ⁵ο
1733 4330 1864 4386 iure.
1943 4330 2050 4380 ⁵¹Α

2182 4260 2250 4314 Et
2297 4261 2352 4315 in
2386 4258 2539 4315 Decr.
2567 4263 2717 4317 lvon.
2751 4258 2844 4314 lib.
2877 4278 2946 4314 tv.
2990 4261 3265 4316 M3Hinem.
3295 4258 3414 4332 cap.
3448 4258 3803 4332 l5,'lib.'t.v,

2177 4333 2366 4386 trtvrio
2397 4332 2453 4386 S.
2495 4332 2636 4386 Petri
2696 4332 2936 4385 nondum
3003 4333 3074 4386 60
3133 4333 3404 4386 fluxeraut
3460 4339 3607 4386 anni
3671 4355 3803 4386 cum

1660 4333 2077 4468 ῑῖἕίνὲιιρέἳη

2177 4333 2366 4402 trtyrio
2397 4333 2453 4386 S.
2495 4333 2636 4386 Petri
2696 4333 2936 4385 nondum
3003 4333 3074 4387 60
3133 4333 3404 4387 fluxerant
3460 4339 3607 4391 anni
3671 4355 3803 4392 cum

2196 4401 2311 4466 l.t,
2343 4402 2668 4472 quibusdam
2717 4417 2818 4471 pro
2855 4419 3006 4456 more
3055 4405 3393 4470 iuterpolatis
3440 4417 3500 4460 et
3567 4420 3803 4472 praeter-

1333 4470 1596 4526 “Jerem.
1634 4487 1694 4539 ιι,
1723 4471 1775 4526 8.
1817 4469 1898 4522 ⁵⁵1
1924 4473 2046 4523 Cor.

2185 4511 2200 4537 ,
2225 4472 2313 4526 58.
2362 4469 2428 4504 "5
2450 4474 2589 4528 l’sal.
2615 4469 2804 4539 uviu,
2827 4473 2918 4527 9.4.
2992 4474 3036 4505 ⁸⁷
3057 4471 3116 4528 S.
3134 4469 3369 4544 August:
3398 4491 3449 4530 c.
3483 4479 3546 4541 7,
3568 4469 3692 4533 'lib.
3733 4478 3807 4532 De

3567 4420 3807 4476 pramer-

521 4787 983 4872 estzfascepues
1018 4805 1186 4872 meas,
1206 4805 1361 4872 pasce
1389 4806 1550 4872 agnos
1575 4805 1712 4845 meos
1734 4789 2084 4872 (ἰρᾳηεξκι,
2118 4797 2163 4854 D
2191 4793 2416 4872 scipulis
2455 4793 2671 4849 Domini
2696 4809 2805 4872 non
2835 4795 2992 4872 aliter
3023 4809 3309 4872 quamper
3349 4794 3804 4850 similitudinem

525 4860 554 4944 ε
563 4859 638 4944 7‘),
657 4859 967 4944 immediate
993 4875 1147 4914 suam
1167 4859 1602 4944 iurisdictionem
1633 4859 1799 4916 certis
1822 4861 2084 4944 limitibus
2190 4859 2484 4944 quamdam
2519 4866 2810 4944 §uccederc
2833 4859 3112 4944 diculluir,
3165 4859 3326 4944 si'cut.
3356 4868 3655 4934 apostolis
3686 4867 3809 4936 epi-

518 4929 797 5009 definitam
835 4942 1274 5011 consequuntur.
1320 4930 1581 5011 Denique,
1601 4947 1726 5011 _non
1773 4932 2085 5011 succeditur
2188 4929 2358 5011 scopi.
2385 4936 2539 5001 Quod
2588 4945 2770 4990 autem
2797 4950 2908 5011 non
2933 4929 3104 4990 aliter
3129 4929 3452 5001 succedant,
3490 4938 3622 4992 htiac
3657 4929 3808 4992 ratio

522 5001 743 5088 proprie
795 5001 1789 5088 aliisinprlzeeetlepntiiat‘simulmcum
1820 5002 2084 5088 apostolis
2186 5001 2466 5088 evidenter
2509 5008 2734 5088 probat:
2794 5005 3150 5088 Septuaginta
3205 5005 3319 5088 duo
3349 5006 3634 5088 discipuli
3693 5023 3809 5088 non

524 5069 747 5153 fuerunt
795 5069 851 5153 in
906 5068 1148 5152 Ecclesia
1193 5069 1545 5153 “Timotheus,
1593 5070 1775 5153 Titus,
1820 5068 2081 5153 Evodius,
2187 5068 2753 5153 fueruntpretsbytert,
2782 5068 2883 5132 ιιρὸ
2917 5068 3088 5130 ullum
3119 5077 3370 5153 ordinem
3414 5068 3525 5153 aut
3560 5078 3810 5146 jurisdi-

521 5139 725 5226 aliique
759 5139 1226 5226 plurescpiscopi.
1265 5139 1519 5226 §iigitpr
1542 5143 2080 5226 episcopi__apostolis
2187 5139 2482 5226 ctionem'a
2512 5139 2732 5226 Cbi'isto
2749 5156 3104 5226 susceperunt
3122 5147 3444 5226 :__siquider_n
3487 5139 3811 5226 Philippus

523 5209 846 5292 succedu'nt,
871 5211 957 5292 cui
981 5209 1238 5292 episCOpo
1266 5209 1589 5292 Τίμιςῖρυὶ
1613 5209 1933 5292 Timotheus
1959 5229 2082 5292 su_c—
2189 5227 2244 5292 et
2273 5215 2625 5292 Stephanus,_
2636 5225 2693 5292 et
2725 5216 2816 5292 alii
2857 5209 3338 5292 quinque_dia_c'on_i
3373 5217 3442 5292 ab
3481 5209 3810 5292 arpst'o'lis,

522 5277 908 5364 eauti-Patet
935 5277 1097 5351 igitur
1141 5277 1262 5364 n'on_
1298 5282 1455 5364 aliter
1484 5282 1601 5364 haec
1629 5283 1873 5364 Anacleti
1903 5285 2083 5364 _verba
2189 5277 2386 5364 Actor:
2408 5305 2505 5364 vr_,_
2530 5277 2766 5364 ordinati
2790 5277 2947 5364 erant
2979 5277 3054 5364 εξ
3068 5287 3161 5364 Δ72
3190 5287 3484 5364 discipulis
3527 5277 3811 5352 'Domini,

525 5351 1200 5433 intelligi-debetP._‘quant
1222 5351 1433 5433 duplici
1466 5352 1574 5433 illa
1589 5354 1849 5433 “ratione,
1883 5353 1959 5433 de
1975 5369 2084 5423 qua
2193 5367 2252 5433 ut
2273 5359 2432 5433 docet
2466 5351 2990 5433 EpiphannhtereSI
3025 5357 3125 5424 20;
3159 5373 3272 5433 non
3299 5351 3561 5412 fuissent
3595 5370 3810 5433 autem

525 5437 710 5502 sapia:
751 5421 885 5502 Vide
926 5421 1178 5502 gellar‘m.
1222 5422 1314 5476 lib.
1348 5438 1423 5486 tv,
1457 5421 1532 5475 De
1579 5422 1730 5476 Rom.
1781 5421 2077 5493 ponttf.,_c.

2192 5429 2409 5502 diaconi
2437 5421 2694 5502 ordinati,
2740 5430 2787 5502 s_i
2826 5429 2942 5502 jam
2989 5421 3405 5502 ante‘ordinetn
3432 5429 3813 5502 presbyterii

525 5489 712 5577 2352f
733 5490 895 5577 e‘t25.
925 5491 1303 5577 Sev._Bt.Ntus‘..
1370 5565 1380 5576 .
1465 5564 1497 5577 Η
1781 5489 1812 5577 ί
1930 5489 1940 5493 ⁷
2192 5499 2546 5577 h_abttissen_t._
2583 5489 2717 5577 Yid'c
2748 5489 3062 5558 Bellarmin.
3112 5499 3207 5556 lib.
3236 5511 3289 5554 tv
3344 5489 3815 5572 Dc'Rom.'pou-

598 5561 709 5645 (μ)
750 5560 1096 5645 Septuaginta
1119 5563 1519 5645 duoaiscipuli,
1545 5581 1770 5645 quarunt
1799 5576 1976 5645 typum
1999 5582 2086 5645 ge:
2192 5571 2300 5643 (1'12,
2333 5587 2453 5642 cap.
2478 5570 2566 5627 25.
2601 5569 2674 5626 ID.

529 5642 648 5681 rant
681 5631 967 5701 presbyteri
1016 5632 1324 5704 Presbyteri
1354 5631 1694 5707 septuaginta
1741 5631 1952 5691 duobus
1994 5631 2077 5688 di-
