4010 6150
295 288 409 346 8οἸ

1741 266 2123 350 epts'rom.
2182 260 2190 266 ’

3448 300 3553 356 810

303 406 567 462 Dominus
590 405 823 475 dederit)
864 406 1147 473 providere
1172 406 1454 465 debemus.
1494 409 1540 440 ”
1584 409 1728 465 Sane
1749 427 1873 482 per-
1902 415 1947 471 Α
1975 409 2301 472 destrueret,
2331 418 2385 465 et
2410 426 2529 472 eos,
2571 412 2779 481 quosin
2813 414 3051 467 tenebris
3083 424 3135 467 ct
3177 414 3369 467 umbra
3398 431 3554 470 mor-

297 513 495 554 cussor
512 496 604 551 ille
641 496 832 550 doctor
858 496 1077 561 dicitur,
1117 497 1211 566 qui
1242 513 1497 554 sermone
1521 498 1699 555 inutili
1741 518 1874 556 con-

297 589 582 644 scientiam
607 587 837 657 percutit
858 587 1199 642 inﬁrmorum
1230 589 1296 643 ⁹⁹.
1320 590 1448 645 Ideo
1483 599 1667 649 tenere
1690 610 1789 650 vos
1820 604 1876 650 et

296 694 491 735 omnes
523 677 707 733 lideles
734 686 947 747 oportet
997 694 1136 745 eum,
1177 684 1271 750 qui
1319 681 1606 735 secundunt
1668 685 1873 739 doctri-

294 788 422 825 nam
451 779 562 835 est,
593 769 799 840 fidelem
827 786 1159 833 sermonem;
1190 781 1246 824 ut
1282 782 1468 841 potens
1503 776 1571 828 sit
1603 777 1871 830 consolari

295 864 351 917 in
378 863 621 917 doctrina
656 879 811 928 sana,
839 872 889 915 et
914 864 1330 919 contradicentes
1381 867 1695 938 redarguere
1715 868 1783 934 ‘°,
1822 877 1877 923 et

298 965 444 1011 recte
470 955 735 1021 viventes,
782 964 944 1026 atque
970 966 1175 1012 rectam
1209 958 1368 1012 ﬁdem
1405 958 1650 1015 tenentes
1672 976 1874 1017 conso-

298 1047 486 1102 lidare.
520 1046 631 1102 illis
654 1062 784 1117 ergo
802 1048 897 1118 qui
928 1048 1136 1115 dicunt,
1155 1051 1297 1120 quod
1322 1050 1497 1107 Filius
1520 1054 1573 1107 iu
1603 1069 1669 1110 eo
1692 1055 1875 1111 minor

298 1147 400 1203 est,
431 1138 560 1207 quia
590 1140 855 1209 propheta
882 1140 1091 1209 inquit:
1134 1139 1357 1196 Verbum
1404 1144 1563 1212 faciet
1612 1145 1872 1201 Dominus

298 1231 589 1285 breviatum
618 1232 863 1287 universo
914 1234 1029 1287 orbi
1069 1234 1147 1288 “:
1184 1235 1257 1289 ita
1306 1238 1745 1306 respondendum
1794 1251 1878 1296 est

298 1324 497 1378 divinis
520 1324 887 1380 testimoniis:
921 1325 965 1358 "
994 1323 1228 1382 Verbum
1265 1328 1566 1384 breviatum
1599 1333 1744 1402 quod
1770 1333 1873 1386 Do.

298 1417 483 1472 minus
508 1416 670 1471 faciet
695 1433 859 1486 super
885 1426 1107 1483 terram,
1134 1435 1242 1473 nou
1275 1420 1635 1477 minutionem
1658 1424 1876 1479 deitatis

299 1510 354 1565 in
389 1509 528 1566 Filio
560 1512 652 1566 Dei
685 1513 976 1583 signiﬁcat,
1000 1514 1093 1569 sed
1116 1515 1580 1584 dispensationem
1611 1528 1878 1588 suscepta:

297 1602 483 1657 carnis
513 1603 839 1669 annuntiat;
872 1606 927 1658 in
957 1605 1104 1675 quali
1128 1604 1538 1673 dispensatione
1563 1624 1671 1663 non
1700 1610 1876 1663 solum

298 1690 461 1748 Patre
516 1694 759 1749 hominis
791 1694 1011 1757 Filium,
1047 1697 1139 1751 sed
1175 1698 1340 1751 etiam
1373 1698 1583 1769 angelis
1643 1698 1875 1769 legimus

300 1788 655 1853 tninoratum,
684 1786 851 1844 Paulo
881 1798 1169 1845 altestante
1200 1792 1482 1860 apostolo:
1509 1790 1646 1845 Eum
1673 1803 1872 1859 autem,

301 1881 497 1952 inquit,
537 1881 737 1934 modice
765 1883 938 1935 minus
961 1884 1026 1936 ab
1046 1884 1248 1954 angelis
1276 1885 1599 1938 minoratum
1644 1885 1870 1939 vidimus

298 1971 503 2035 Iesum,
560 1982 773 2043 propter
804 1974 1105 2042 passionem
1140 1976 1346 2041 mortis,
1376 1975 1547 2047 gloria
1580 1987 1630 2030 et
1680 1977 1874 2031 honore

298 2075 643 2129 coronatum;
673 2077 727 2121 et
752 2065 917 2120 infra:
957 2064 1180 2138 Propter
1203 2084 1361 2139 quam
1390 2086 1603 2123 causam
1629 2086 1729 2123 non
1753 2086 1878 2123 con-

301 2157 548 2225 funditur
569 2156 763 2227 fratres
785 2175 870 2213 eos
900 2174 1109 2223 vocare,
1142 2160 1356 2213 dicens:
1387 2161 1726 2215 Annuntiabo
1774 2178 1874 2215 no-

301 2262 415 2298 men
448 2256 595 2299 tuum
621 2247 877 2316 fratribus
908 2249 1056 2315 meis,
1086 2250 1141 2303 in
1172 2251 1345 2305 medio
1388 2249 1621 2306 ecclesia:
1645 2250 1876 2306 laudabo

302 2347 352 2391 te
390 2338 454 2391 ⁶³.
497 2337 563 2393 Et
590 2337 862 2409 Propheta
896 2341 1108 2412 inquit:
1137 2341 1422 2396 Minorasti
1444 2360 1561 2398 eum
1591 2345 1752 2415 paulo
1777 2347 1878 2400 mi-

301 2445 400 2482 nus
430 2430 493 2482 ab
525 2432 748 2501 angelis,
774 2434 945 2504 gloria
998 2443 1047 2488 et
1087 2433 1283 2489 honore
1338 2438 1608 2490 coronasti
1666 2456 1783 2493 eum
1807 2438 1871 2493 “.

302 2518 368 2575 Et
402 2528 462 2575 ut
501 2522 725 2578 verbum
779 2524 874 2579 Dei
906 2521 1085 2581 Patris
1119 2527 1425 2582 breviatum
1488 2529 1542 2583 in
1572 2527 1711 2587 Filio
1766 2549 1876 2588 non

297 2630 425 2670 esse
460 2617 777 2684 doceamus,
811 2619 953 2674 hanc
982 2620 1136 2674 Isaia:
1165 2620 1446 2691 prophetae
1480 2624 1757 2680 volumine
1781 2641 1878 2697 ap-

300 2713 602 2780 probamus
654 2714 1002 2768 sententiam.
1060 2713 1319 2785 Nunquid
1348 2716 1392 2746 ⁶⁸
1424 2717 1758 2775 abbreviatus
1792 2721 1877 2795 fa-

298 2812 418 2857 ctus
439 2814 517 2858 est
542 2820 713 2858 sermo
748 2821 912 2871 meus,
938 2816 1029 2859 aut
1054 2808 1131 2861 ita
1152 2825 1345 2877 parvus
1380 2818 1480 2875 est,
1510 2821 1568 2864 ut
1606 2828 1709 2866 non
1749 2830 1875 2882 pos-

299 2896 401 2948 sint
428 2896 701 2965 redimere,
727 2907 819 2951 aut
842 2914 945 2952 non
966 2899 1111 2953 estin
1131 2917 1210 2954 me
1230 2902 1395 2955 virtus
1420 2902 1491 2955 ad
1518 2902 1875 2969 liberandum,

300 2985 432 3039 dicit
461 2985 720 3042 Dominus
771 2989 1096 3058 omnipotens
1129 2990 1210 3055 “;
1238 3000 1293 3045 et
1324 2992 1555 3046 iterum:
1592 2992 1722 3049 litae
1745 2996 1877 3050 dicit

1974 501 2046 555 tis
2072 502 2318 570 captivos
2369 502 2682 571 subegerat,
2707 502 2925 557 virtutis
2942 521 3055 558 sua:
3086 506 3325 574 potentia
3353 508 3405 559 in
3431 511 3553 575 ipso

1975 608 2148 662 parvo
2178 600 2233 647 et
2285 594 2470 663 exigui
2512 595 2775 662 temporis
2805 596 2981 664 spatio
3032 596 3308 651 liberaret.
3346 598 3419 651 De
3452 601 3555 652 hoc

1976 686 2141 738 etiam
2175 685 2372 755 exiguo
2406 695 2652 755 tempore
2703 686 3001 756 discipulos
3042 688 3364 753 instruebat,
3423 690 3552 743 dum

1976 784 2073 825 eos
2097 770 2149 824 in
2183 771 2383 832 lucem,
2406 787 2531 826 cum
2558 773 2739 828 adhuc
2761 785 2974 841 tempus
3032 774 3292 831 haberent
3321 820 3336 844 ,
3407 777 3557 833 ince-

1979 862 2106 917 dere
2130 864 2535 932 praemonebat:
2560 864 2747 918 Adhuc
2778 867 3063 931 modicum,
3096 867 3291 935 inquit,
3337 871 3391 923 in
3409 872 3553 925 vobis

1976 954 2153 1008 lumen
2176 967 2273 1010 est.
2314 953 2455 1009 Dum
2484 955 2650 1011 lucem
2682 955 2904 1025 habetis,
2955 957 3222 1012 ambulate
3238 960 3291 1011 in
3320 961 3456 1029 luce,
3493 978 3557 1015 ne

1975 1061 2063 1099 vos
2088 1047 2312 1102 tenebrae
2332 1048 2771 1115 comprehendant
2787 1050 2854 1109 τ’,
2894 1047 2960 1103 Et
2980 1049 3032 1103 in
3050 1050 3098 1080 "
3120 1051 3399 1107 canonicis
3420 1070 3556 1123 apo-

1977 1139 2247 1192 stolorum
2294 1139 2495 1209 legitur
2526 1139 2819 1211 Epistolis:
2848 1137 3057 1206 Filioli,
3105 1143 3390 1197 novissima
3427 1145 3559 1199 hora

1976 1231 2102 1300 quia
2133 1229 2290 1283 multi
2340 1231 2806 1301 pseudopropheta:
2852 1233 3093 1286 exierunt
3126 1235 3181 1287 in
3226 1236 3365 1289 hunc
3412 1254 3561 1290 mun—

1978 1320 2105 1373 dum
2141 1323 2217 1375 ⁷⁸.·
2238 1320 2305 1377 Ει
2324 1321 2528 1378 Paulus
2574 1323 2893 1393 apostolus:
2939 1321 3165 1395 Tempus
3217 1327 3357 1379 enim
3410 1326 3560 1381 brere

1977 1424 2074 1467 est.
2144 1410 2211 1466 Et
2277 1415 2515 1469 iterum:
2578 1414 2834 1470 Prmterit
2898 1416 3037 1469 enim
3096 1417 3269 1486 ﬁgura
3316 1417 3363 1449 ’⁸
3400 1417 3558 1487 hujus

1978 1506 2161 1558 mundi
2185 1506 2251 1559 ⁷⁵.
2280 1506 2343 1562 Et
2362 1506 2595 1564 iterum:
2627 1508 2821 1563 Omnia
2848 1508 2958 1563 lucc
2991 1508 3059 1562 ad
3113 1512 3487 1566 correctionem
3512 1513 3561 1548 ⁷⁸

1980 1608 2215 1650 nostram
2245 1597 2391 1666 facta
2422 1608 2568 1663 sunt,
2596 1601 2651 1653 in
2681 1616 2809 1670 quos
2843 1602 2887 1633 ⁷⁷
2910 1601 3041 1670 fines
3064 1603 3383 1657 swcnlorum
3409 1604 3561 1658 obve-

1979 1699 2167 1743 nerunt
2204 1689 2269 1743 ⁷⁸.
2316 1688 2452 1743 Nam
2508 1689 2772 1748 Dominus
2822 1691 2875 1746 in
2914 1692 3030 1762 ipsa
3078 1696 3328 1749 oratione
3376 1694 3562 1750 Domi..-

1979 1782 2101 1836 niea
2138 1780 2182 1814 ⁷⁹
2208 1781 2475 1837 breviavit
2511 1784 2671 1839 nobis
2705 1800 3036 1851 sermonem,
3070 1787 3200 1841 dum
3243 1806 3340 1844 nos
3364 1806 3392 1844 a
3420 1790 3561 1844 mul-

1978 1876 2210 1946 tiloquio
2231 1875 2547 1945 prohibens,
2578 1892 2754 1947 pauca
2790 1879 2940 1950 loqui
2965 1881 3233 1947 docuerit,
3266 1899 3389 1953 qua:
3437 1900 3562 1954 pcr-

1978 1967 2153 2021 tiuent
2179 1966 2225 1999 ⁸⁸
2274 1969 2341 2021 ad
2391 1969 2645 2023 salutem.
2689 1968 2823 2023 Cum
2883 1975 3074 2040 oratis,
3136 1977 3345 2046 inquit,
3398 1977 3561 2032 nolite

1978 2058 2206 2111 multum
2235 2058 2378 2130 loqui
2402 2060 2469 2113 ".
2505 2059 2571 2114 Et
2606 2059 2786 2116 infra:
2830 2059 2931 2117 Vos
2975 2075 3150 2120 autem
3201 2084 3321 2121 cum
3364 2072 3557 2135 oratis,

1976 2147 2176 2203 dicite:
2200 2150 2363 2204 Pater
2384 2163 2585 2220 noster,
2612 2156 2703 2225 qui
2722 2172 2773 2209 es
2795 2158 2849 2211 in
2877 2156 3020 2211 caelis
3044 2161 3111 2224 δ’,
3137 2168 3241 2217 etc.
3274 2157 3393 2215 Non
3411 2163 3557 2218 enim

1976 2243 2239 2312 propheta
2270 2243 2466 2299 Filium
2501 2246 2592 2301 Dei
2624 2247 2674 2300 in
2698 2249 2803 2305 hoc
2832 2251 3073 2322 capitulo
3106 2254 3437 2309 minoratum
3465 2257 3553 2311 de-

1979 2333 2218 2402 signavit
2244 2335 2297 2388 in
2331 2336 2519 2401 verbo,
2552 2339 2812 2409 quoniam
2846 2341 2963 2411 ipse
3000 2342 3054 2396 in
3085 2345 3366 2413 prophetis
3412 2356 3561 2400 retro

1982 2431 2229 2492 tempore
2253 2425 2601 2496 loquebatur,
2633 2429 2724 2498 qui
2758 2432 2921 2485 etiam
2960 2449 3104 2489 nunc
3145 2451 3240 2505 per
3278 2437 3559 2506 apostolos

1980 2523 2034 2566 et
2057 2515 2392 2584 apostolicos
2447 2517 2595 2574 viros
2638 2521 2943 2578 novissimo
2999 2533 3241 2596 tempore
3284 2527 3557 2597 loquitur:

1979 2602 2115 2675 Ego,
2150 2605 2349 2677 inquit,
2380 2609 2470 2679 qui
2510 2610 2783 2681 loquebar,
2812 2615 2865 2668 in
2910 2631 3099 2672 servos
3144 2634 3295 2673 lucos
3326 2620 3559 2690 prophe-

1979 2702 2087 2758 tas,
2125 2709 2243 2749 ecce
2272 2696 2459 2751 adsum
2484 2698 2549 2752 ⁸³.
2583 2699 2649 2755 Et
2675 2700 2815 2757 alius
2843 2706 3140 2774 propheta:
3187 2705 3334 2761 Sicut
3378 2720 3454 2762 est
3493 2710 3557 2763 ab

1978 2785 2131 2838 initio
2159 2803 2322 2857 usque
2338 2788 2392 2842 in
2416 2790 2692 2857 swculum,
2726 2810 2887 2864 neque
2916 2797 3183 2865 adjectum
3212 2809 3288 2852 est
3306 2801 3374 2866 ei,
3400 2818 3561 2873 neque

1979 2877 2245 2931 minuetur
2292 2880 2398 2944 illi,
2440 2883 2690 2951 quoniam
2741 2886 2850 2955 ipse
2890 2898 2967 2940 est
3010 2888 3270 2944 Dominus
3302 2902 3561 2947 creatura:

1979 2964 2189 3022 ante”.
2211 2967 2346 3025 Ecce
2361 2971 2520 3039 quale
2540 2973 2762 3029 verbum
2786 2976 3091 3034 breviatum
3137 2979 3264 3037 fecit
3297 2982 3561 3041 Dominus

302 3077 561 3133 Dominus
586 3081 914 3151 omnipotens
960 3094 978 3133 :
1009 3079 1266 3153 Nunquid
1297 3083 1602 3139 abbreviata
1643 3096 1720 3141 est
1767 3106 1879 3142 ma-
1908 3106 1950 3161 ο
1985 3058 2038 3111 in
2070 3058 2527 3161 or2e_ler:a':""_"
2560 3062 2853 3161 Non_quia_’
2871 3077 2932 3161 ‘l‘
2964 3069 3040 3129 im
3083 3081 3293 3140 putam’
3339 3076 3561 3131 infcrio-

302 3186 401 3225 nus
440 3190 576 3236 mea,
603 3182 660 3226 ut
684 3173 891 3228 salvare
922 3190 1026 3227 non
1053 3176 1263 3244 possit?
1284 3176 1393 3229 Aut
1418 3194 1521 3231 non
1549 3188 1718 3248 potest
1752 3182 1878 3234 vivi-

301 3263 464 3333 ficare
504 3282 598 3319 cor
633 3264 916 3317 humilium
943 3273 994 3319 et
1039 3267 1287 3335 spiritum
1320 3270 1668 3323 contritorum
1701 3272 1787 3326 ⁸τῖ
1816 3272 1881 3327 Et

300 3364 364 3410 ut
383 3356 668 3411 brachium
702 3354 904 3416 Patris,
928 3371 1050 3426 qua:
1073 3372 1269 3431 mapus
1290 3369 1396 3423 est,
1419 3358 1618 3416 Filium
1636 3376 1759 3418 esse
1782 3364 1880 3419 do-

303 3453 472 3508 ceret,
505 3444 709 3510 intulit,
743 3445 966 3499 dicens:
1012 3444 1238 3500 Paravit
1284 3447 1543 3505 Dominus
1604 3452 1879 3509 brachium

302 3544 547 3587 sanctum
576 3551 731 3588 suum
758 3536 812 3588 in
854 3534 1022 3589 oculis
1048 3538 1285 3591 omnium
1325 3542 1581 3609 gentium,
1633 3555 1684 3599 et
1738 3547 1879 3600 vide-

300 3628 432 3681 bunt
478 3645 656 3682 omnes
693 3630 824 3697 ﬁnes
850 3638 1005 3683 terra:
1034 3629 1273 3685 salutare
1294 3632 1408 3701 ejus
1441 3633 1505 3687 ⁸⁸.
1544 3633 1679 3690 Nam
1723 3647 1778 3692 et
1823 3640 1875 3692 in

303 3720 605 3775 novissimo
637 3730 882 3790 tempore
914 3720 1002 3776 hic
1030 3737 1226 3777 sensus
1257 3739 1364 3778 non
1406 3724 1645 3781 inaniter
1679 3731 1879 3798 poterit

302 3814 577 3885 cooptari;
628 3815 683 3869 in
719 3831 830 3886 quo
861 3822 1107 3885 tempore
1160 3816 1427 3873 Dominus
1466 3819 1510 3851 "
1536 3836 1603 3877 ex
1667 3824 1874 3879 caelesti

302 3908 428 3962 aula
481 3923 545 3961 ac
594 3922 850 3979 empyreo
882 3908 1163 3964 domicilio
1186 3909 1411 3978 pessimi
1460 3912 1727 3971 daemonis
1760 3916 1874 3985 jam

303 4002 447 4058 ferre
467 4003 767 4071 dedignaris
800 4004 1166 4073 tyrannidem,
1200 4003 1253 4057 in
1278 4013 1559 4060 creaturas
1578 4022 1711 4062 suas
1745 4025 1875 4064 cru-

302 4093 579 4149 delissime
627 4094 961 4160 saavientem,
992 4095 1249 4164 plasmati
1304 4098 1623 4164 condolens,
1672 4115 1736 4155 ac
1762 4118 1876 4158 sua:

304 4184 586 4240 immensae
610 4185 893 4239 charitatis
925 4186 1246 4242 thesaurum
1293 4202 1541 4243 reserare
1572 4191 1785 4257 volens,
1818 4194 1874 4247 in

302 4276 628 4331 castissima:
694 4274 933 4348 Virginis
995 4278 1353 4347 purissimum
1412 4290 1652 4349 uterum,
1694 4286 1877 4342 omnis

304 4369 408 4424 tori
436 4368 613 4423 virilis
639 4370 906 4434 nescium,
956 4369 1308 4426 inenarrabili
1334 4375 1627 4445 mysterio,
1657 4392 1756 4447 pro
1790 4394 1877 4434 re-

302 4462 615 4533 demptione
667 4472 854 4518 nostra
902 4479 1126 4519 carnem
1174 4467 1480 4537 suscipiens
1502 4470 1571 4537 "°,
1633 4473 1875 4540 advenit,
1911 4446 1955 4500 θ

304 4563 365 4608 ut
393 4562 447 4609 et
474 4554 625 4609 illum
649 4556 740 4625 qui
765 4555 999 4611 habebat
1020 4558 1214 4613 mortis
1242 4559 1551 4630 imperium,
1582 4578 1680 4619 sua
1705 4568 1883 4622 morte

377 4770 418 4800 ⁸⁸
436 4768 629 4843 Distin.
648 4767 740 4843 45,
770 4766 911 4843 sane
941 4788 1236 4839 percussor.
1313 4778 1358 4807 ”
1386 4778 1441 4830 S.
1466 4776 1635 4843 Hien,
1656 4782 1878 4842 ibidem.

289 4838 413 4909 quis
462 4840 675 4894 tandem
701 4838 970 4897 fueritlib.
996 4844 1130 4897 Adv.
1150 4843 1384 4903 Wari.c.
1401 4849 1490 4903 43.

293 4912 425 4970 ιηῖ.
520 4909 562 4938 ⁶⁷
600 4909 707 4962 lsa.
736 4924 846 4972 ιιι.
886 4912 935 4965 1.
1041 4914 1084 4944 ⁸⁸
1119 4914 1224 4967 lsa.
1259 4932 1356 4976 LII,
1398 4921 1476 4972 lO.

294 4992 390 5032 xtl.
424 4976 512 5032 35.

294 5019 390 5042 ,τυ-ν
425 5019 512 5032 νυ.
707 5019 858 5036 ινιυιι
905 5019 1092 5038 suun."
1138 5019 1371 5041 ιιυιιιιιυιι
1416 5019 1537 5059 Ilua:
1584 5019 1705 5065 ΙΙΙΙμΙ

292 5064 387 5113 vn,
422 5048 510 5102 29.
585 5048 635 5124 ζ’
660 5050 791 5124 Ibid.
818 5054 905 5106 51.
985 5054 1028 5124 7⁸
1052 5060 1453 5124 correptionem.
1530 5063 1705 5119 "ms.

287 5134 349 5194 ira
405 5118 865 5194 mixuﬂominica.
956 5123 1003 5156 ⁸⁵
1030 5141 1133 5180 ms.
1185 5118 1497 5194 pertineant.

286 5186 356 5259 ξι·
409 5188 578 5259 Εςειίξ
631 5206 774 5256 xui,
824 5194 923 5257 2|,
966 5195 1057 5249 22.
1170 5186 1216 5229 ί⁸
1248 5216 1351 5254 ms.
1410 5200 1581 5259 Patri.

283 5256 399 5397 facta
461 5256 636 5384 εῗρίια
693 5262 985 5335 descripsit
1040 5256 1565 5336 pseudo-lsidorus.

348 5348 422 5394 tt,
461 5346 491 5386 e
516 5346 565 5386 c.

348 5348 386 5384 ιι
405 5368 422 5394 ,
461 5346 565 5386 etc.

371 5455 482 5533 (
525 5452 788 5533 Epistola.
824 5455 947 5533 Haec
975 5458 1225 5533 epistola,
1256 5462 1398 5530 quod
1428 5461 1593 5516 trium
1624 5465 1861 5533 patriar-

297 5524 533 5579 chalium
564 5526 772 5602 sedium
804 5524 1393 5602 ordincm,_ipsum—que
1423 5524 1857 5602 patriarcharum

300 5608 496 5649 nomen
526 5596 784 5672 a_J_ud:e_i_s
810 5610 863 5672 et
892 5596 1203 5672 agentibus
1229 5596 1571 5672 usurpatum,
1608 5616 1663 5661 et
1694 5609 1763 5660 ab
1792 5608 1859 5660 iis

299 5679 423 5719 cum
460 5667 643 5721 multis
668 5666 790 5722 aliis
817 5668 872 5721 in
918 5668 1215 5725 Ecclesiam
1261 5666 1488 5729 feliciter
1534 5666 1857 5734 translatum

626 5761 897 5822 ΡΑτιιοι..
934 5761 1053 5822 Gn.
1109 5760 1188 5825 ll.

1571 4850 1797 4941 gnem.
1826 4874 1889 4941 _u.
1914 4862 1966 4925 9,
1990 4850 2204 4941 tt,t2.'
2243 4870 2286 4902 ει
2309 4850 2676 4941 Ρεειῐξῖνῖἱὶξὸξ

1581 4924 1624 4956 ⁶⁹
1651 4927 1763 4982 lucc
1787 4931 1987 4983 absunt
2022 4924 2074 4984 in
2112 4950 2214 4990 ms.
2238 4950 2287 4990 c.
2314 4924 2548 4995 Justelli.

623 4979 876 5068 :tlve'rba-
902 4983 1092 5068 Ithacii
1138 4988 1371 5068 notanda
1416 4979 2214 5068 (ιυωηίιιιροέίιῖξέίέῆ-ξιιίξιιῆἧυί

1740 5068 1869 5152 fin-es
1902 5074 2472 5152 saculorttntpbvenit.
2551 5084 2597 5116 “
2629 5083 2644 5136 Ι
2684 5068 3194 5152 Comi

1594 5134 1639 5166 ιι
1666 5134 1860 5208 manu.
1901 5159 1976 5208 τι,
2009 5143 2061 5196 7.

1694 5207 1902 5309 “:slsiil.
1952 5207 2020 5275 n.
2078 5214 2151 5309 of
2182 5218 2275 5287 off.
2321 5207 2410 5309 5,;
2432 5207 2675 5308 succedit
2695 5207 2947 5294 “lib—acia,
2978 5207 3138 5309 iuius
3168 5207 3560 5309 Manneia

1824 5283 1883 5336 lu
1946 5300 2049 5340 Ius.
2113 5283 2238 5344 basc—
2286 5283 2453 5348 verba
2518 5283 2946 5368 quinquemnoti
3010 5283 3314 5372 le'gllnttirr:

1983 3164 2097 3202 rem
2130 3149 2287 3204 Patre
2313 3151 2358 3183 "
2392 3154 2671 3210 intimaret
2695 3156 3012 3215 hominibus
3048 3162 3271 3228 Filium,
3306 3167 3400 3221 sed
3428 3170 3557 3238 quia

1982 3240 2340 3296 novissimum
2369 3245 2489 3313 ejus
2517 3249 2874 3303 aununtiaret
2914 3253 3230 3309 adventum.
3265 3259 3309 3289 ⁸⁸
3342 3257 3399 3313 Si
3428 3276 3560 3331 ergo

1982 3331 2067 3401 (ut
2109 3334 2428 3402 praedictum
2459 3342 2564 3405 cst)
2609 3338 2795 3395 Aaron
2841 3342 2937 3397 ﬁlii
2984 3346 3064 3410 ⁸⁸,
3113 3350 3557 3421 presbyterorum

1982 3423 2211 3494 ﬁguram
2257 3429 2564 3497 gestabant,
2596 3438 2651 3485 et
2691 3435 2873 3488 Aaron
2914 3439 3114 3491 summi
3148 3442 3471 3507 sacerdotis,
3505 3447 3557 3501 id

1979 3524 2063 3569 est
2104 3517 2369 3588 episcopi,
2401 3519 2615 3592 Moyses
2656 3522 3034 3582 indubitanter
3071 3529 3276 3587 Christi
3340 3538 3558 3592 tenebat

1980 3605 2249 3674 formam;
2302 3614 2563 3679 qunniam
2602 3613 2705 3669 fuit
2748 3616 3048 3674 similitudo
3086 3624 3403 3682 mediatoris
3440 3628 3555 3693 Dei,

1978 3700 2073 3767 qui
2113 3710 2197 3753 est
2242 3702 2381 3755 inter
2417 3703 2585 3759 Deum
2636 3716 2690 3761 et
2729 3708 3004 3765 hominem
3058 3712 3218 3771 Jesus
3279 3718 3554 3786 Christus,

1979 3790 2071 3857 qui
2102 3800 2185 3844 est
2212 3807 2374 3845 verus
2407 3796 2515 3848 dux
2544 3800 2892 3866 populorum,
2916 3812 2971 3857 et
3002 3819 3161 3859 verus
3187 3808 3437 3880 princeps
3465 3828 3558 3866 sa»

1978 3884 2282 3947 cerdotum,
2320 3898 2374 3941 et
2407 3888 2669 3946 Dominus
2696 3897 3037 3963 pontiﬁcum,
3065 3901 3153 3955 cui
3188 3913 3274 3956 est
3299 3903 3475 3959 honor
3503 3916 3559 3961 et

1979 3976 2147 4043 gloria
2172 3978 2224 4031 in
2246 3982 2443 4033 saecula
2478 3985 2825 4040 saeculorum.
2851 3988 3044 4044 Amen.

2471 4114 2807 4173 EPISTULA
2849 4120 2908 4174 Ill
2944 4126 3074 4195 (ιδ).

1978 4220 2054 4275 De
2083 4226 2401 4317 patri-(:rﬁ/lis
2422 4235 2471 4281 et
2501 4233 2843 4317 pr'imntibus,
2888 4255 2950 4289 ac
2990 4236 3205 4317 reliquis
3258 4247 3553 4317 episcopis:

2046 4305 2098 4416 it
2117 4296 2253 4415 qqod
2280 4296 2516 4351 liomana
2543 4300 2781 4357 Ecclesia
2800 4312 2960 4359 cardo
2984 4310 3052 4361 sit
3076 4296 3123 4363 ἐι
3143 4296 3305 4382 εαριᾶ
3318 4296 3552 4372 enim};

2100 4383 2155 4417 rc
2180 4383 2432 4420 estarum.

2100 4383 2432 4423 cetesmrum.

2054 4479 2375 4535 Axscurus
2392 4498 2583 4539 servus
2610 4484 2817 4542 Christi
2843 4487 2994 4554 Jesu,
3027 4508 3080 4546 tu
3111 4500 3409 4564 apostolica
3429 4504 3555 4558 scale

1984 4582 2015 4621 a
2057 4569 2289 4625 Domino
2315 4575 2668 4645 constitutus,
2700 4585 2757 4634 et
2791 4595 2823 4635 α
2846 4593 3040 4639 sancto
3080 4584 3240 4642 Petro
3268 4604 3552 4660 apostoto—

1956 4793 2005 4888 “.
2018 4791 2204 4888 ’ξ’ἰξᾏι,
2233 4800 2285 4888 1Ῐῖ
2309 4800 2579 4888 h“_Rom.
2604 4818 2682 4888 ιξ,
2868 4810 2911 4841 ⁶²
2928 4809 3168 4888 Ithacius
3191 4814 3382 4871 Clarus
3395 4824 3532 4888 quis-

2757 4878 2803 4912 ⁸⁵
2827 4896 2930 4934 ms.
2957 4884 3314 4941 adbreviatus.
3377 4878 3424 4919 "5
3446 4896 3544 4945 lsa.

2644 4946 2688 4974 ⁷⁰
2724 4962 2825 4999 ms.
2867 4948 3227 5013 susctptentlo.
3324 4952 3364 4983 τι
3400 4953 3559 5014 Joan.

2662 5014 2707 5046 ⁷³
2742 5016 2759 5068 Ι
2789 5015 2951 5073 Joan.
2985 5031 3104 5078 Vllt,
3138 5017 3187 5073 l.
3302 5022 3352 5055 ⁷⁸
3388 5028 3400 5077 Ι
3437 5029 3562 5083 (iur.

3183 5099 3235 5145 in
3272 5108 3379 5147 ms.
3413 5099 3563 5157 alios:

2151 5145 2198 5177 ει
2228 5146 2394 5229 ειη,
2425 5152 2477 5208 9.
2571 5155 2746 5229 "isti.
2793 5145 2903 5217 un.’
2940 5160 3004 5220 6;
3040 5156 3203 5229 Eneti.
3240 5145 3560 5229 κήθιῖῖέὶ

1968 5473 2267 5555 contineat,
2301 5477 2666 5555 negatorihus
2698 5480 2970 5555 displicet.
3004 5485 3139 5544 Vide
3167 5492 3369 5550 Baron.
3397 5514 3541 5555 anno

1972 5543 2023 5628 1)
2036 5544 2091 5628 εξ,
2124 5559 2274 5628 nunt.
2299 5546 2354 5599 2.
2382 5544 2517 5600 Tres
2546 5543 2822 5628 EcclesireL,
2853 5543 3130 5621 Romana,
3174 5543 3543 5628 A‘ieiiiiui'r'ii};

1965 5614 2383 5708 etnAn‘tioth‘eua
2405 5658 2417 5679 ,
2443 5634 2516 5708 eq
2546 5624 2691 5708 quod
2723 5640 2753 5676 a
2782 5614 2947 5679 Petro
2978 5614 3542 5708 apos'tolot'u‘tit"prii:

1967 5682 2086 5753 cipe
2128 5682 2366 5739 fundam:
2410 5688 2519 5741 sint
2544 5682 2578 5753 ,’
2610 5692 2740 5747 sola:
2786 5711 2853 5750 ac
2893 5682 3544 5772 semper“iiziiiiiiiciiit'his

3250 5798 3328 5853 23
