4074 6154
346 303 405 357 8.1
414 303 449 359 3

1087 417 1178 470 Ill.

521 508 599 563 De
626 509 941 562 discretione
963 507 1327 577 episcoporum
1359 513 1407 559 et
1435 503 1733 558 civitatum.

412 601 811 672 Episcoporum
845 615 975 655 vero
1005 599 1140 654 ordo
1185 613 1330 652 unus
1363 608 1468 659 est,
1499 596 1629 651 licet
1668 594 1780 650 sint
1806 610 1917 664 pri—

342 704 517 751 mates
540 695 617 773 illi
647 692 741 765 q‘ui
775 693 981 763 primas
1007 691 1257 746 civitates
1288 698 1495 752 tenent,
1528 688 1622 759 qui
1644 695 1696 741 et
1721 687 1775 740 in
1792 687 1920 757 qui-

344 788 576 843 busdam
602 785 742 843 locis
764 783 1088 855 patriarcha:
1110 799 1142 838 a
1178 781 1458 837 nonnullis
1505 786 1790 834 vocantur.
1836 776 1915 830 llli

344 888 527 935 autem
554 878 649 949 qui
674 876 728 931 in
754 876 1040 947 metrOpoli
1064 891 1092 929 a
1112 876 1271 930 beato
1294 872 1454 929 Petro
1471 872 1740 941 apostolo,
1769 870 1920 923 ordi-

347 978 512 1025 nante
543 967 792 1030 Domino,
818 976 872 1022 et
901 980 932 1020 a
963 966 1363 1035 praedecessore
1417 970 1606 1017 nostro
1658 959 1920 1031 praedicto

346 1072 538 1119 sancto
564 1060 861 1124 Clemente,
906 1074 1004 1114 seu
1032 1072 1066 1113 a
1093 1058 1254 1113 nobis
1279 1056 1564 1112 constituti
1606 1064 1757 1119 sunt,
1808 1069 1918 1108 non

346 1170 539 1210 omnes
568 1154 831 1223 primates
880 1150 963 1205 vel
1022 1149 1349 1219 patriarcha:
1379 1163 1499 1203 esse
1524 1156 1787 1217 possunt:
1823 1146 1919 1201 sed

347 1248 451 1304 illa:
475 1246 656 1310 urbes,
675 1259 797 1317 qua:
820 1241 1061 1314 praefatis
1080 1250 1134 1296 et
1150 1242 1348 1313 priscis
1375 1240 1713 1310 temporibus
1735 1238 1784 1282 ’⁵
1803 1238 1920 1308 pri-
1946 1318 1949 1319 ν

347 1348 555 1397 matum
608 1346 834 1393 tenuere
859 1376 874 1401 ,
898 1335 950 1375 ’⁸
988 1334 1428 1405 patriarcharum
1481 1341 1578 1385 aut
1619 1331 1918 1401 primatum

347 1432 570 1489 nomine
593 1430 882 1495 fruantur;
917 1428 1144 1497 reliquae
1172 1440 1300 1481 vero
1323 1424 1674 1494 metropoles,
1703 1423 1922 1479 archie-

314 1526 327 1539 '
346 1528 695 1599 piscoporum
726 1532 820 1578 aut
849 1521 1423 1592 metropolitanorum,
1454 1527 1509 1572 et
1537 1532 1647 1572 non
1679 1514 1921 1588 patriar-

344 1619 574 1675 charum
609 1623 701 1671 aut
758 1614 1055 1684 primatum
1106 1621 1332 1668 utantur
1382 1608 1737 1675 nominibus;
1789 1607 1920 1678 quia

346 1709 463 1764 haec
497 1709 684 1763 eadem
713 1714 768 1761 et
791 1706 937 1774 leges
959 1704 1144 1760 saeculi
1170 1704 1223 1757 iu
1258 1704 1375 1757 suis
1406 1701 1692 1757 continent
1711 1699 1919 1770 princi-o

1765 291 2142 348 Εριετοιλε.

1946 419 1996 471 Α
2095 414 2118 446 ⁸
2142 407 2390 462 Secunda
2416 416 2595 461 autem
2634 406 2792 461 sedes
2821 405 2963 476 apud
2992 404 3375 462 Alexandriam
3401 447 3417 472 ,
3446 405 3590 462 beati

3484 291 3592 349 8H

2020 500 2163 554 Petri
2210 501 2434 554 nomine
2457 539 2473 560 .
2504 515 2535 554 a
2569 498 2754 554 Marco
2783 499 2904 565 ejus
2930 497 3197 569 discipulo
3232 506 3396 567 atque
3422 513 3589 554 evan-

2020 592 2210 662 gelista
2240 599 2561 646 consecrata
2589 598 2669 645 est
2700 608 2714 655 ;
2745 590 2875 660 quia
2906 590 3022 660 ipse
3049 598 3104 645 et
3133 590 3189 645 in
3219 589 3453 661 Egypto
3481 591 3593 661 pri-

2021 701 2171 740 mum
2198 684 2422 739 verbum
2451 682 2697 738 veritatis
2720 724 2735 747 ,
2778 682 3019 737 directus
3047 698 3077 737 a
3105 682 3266 737 Petro
3288 722 3304 746 ,
3330 683 3592 753 praedica-

2020 776 2131 840 vit,
2166 785 2220 831 et
2246 775 2544 846 gloriosum
2586 776 2827 845 suscepit
2864 774 3205 846 martyrium.
3231 772 3333 830 Cui
3362 792 3592 831 venera-

2020 869 2145 925 bilis
2174 869 2438 924 successit
2464 868 2676 923 Ahilius
2697 868 2739 923 ⁸.
3028 856 3033 869 ’

2090 963 2111 993 '-'
2141 960 2324 1015 Tertia
2351 970 2539 1015 autem
2569 963 2725 1016 sedes
2757 979 2805 1028 a;
2828 961 2899 1015 ud
2930 958 3275 1015 Antiochiam
3298 999 3315 1025 ,
3348 960 3591 1029 ejusdem

2022 1052 2100 1123 (id
2133 1064 2220 1109 est
2243 1053 2388 1109 beati
2418 1052 2587 1121 Petri)
2615 1054 2846 1124 apostoli
2880 1053 3103 1108 nomine
3146 1052 3377 1106 habetur
3416 1053 3595 1106 hono-

2022 1146 2251 1201 rabilis:
2284 1147 2411 1216 quia
2439 1146 2569 1211 illic,
2605 1147 2923 1216 priusquam
2960 1144 3189 1201 Romam
3223 1143 3467 1211 veniret,
3500 1144 3597 1198 ha-

2023 1238 2247 1305 bitavit,
2292 1247 2346 1292 et
2376 1237 2639 1309 lgnatium
2668 1238 2982 1308 episcopum
3001 1237 3023 1269 ⁸
3052 1237 3370 1303 constituit,
3406 1246 3459 1293 et
3490 1237 3598 1292 illic

2021 1329 2259 1400 primum
2284 1345 2484 1384 nomen
2515 1328 2951 1384 Christianorum
2980 1329 3208 1385 novella
3233 1330 3408 1400 gentis
3434 1344 3598 1384 exor-

2022 1429 2139 1474 tum
2173 1430 2277 1477 est.
2310 1420 2572 1492 Reliquas
2602 1436 2733 1477 vero
2765 1430 2826 1475 ut
2868 1421 3219 1492 praediximus
3254 1420 3308 1475 in
3354 1422 3596 1493 quodam

2021 1520 2213 1582 tomo,
2263 1514 2627 1586 prolixitatem
2663 1514 2897 1571 vitantes
2941 1514 3221 1585 epistolae,
3267 1514 3424 1570 vobis
3467 1530 3599 1570 con-

2023 1609 2256 1678 scriptas
2287 1607 2652 1663 direximus.’
2675 1607 2810 1690 inde
2844 1623 3080 1678 namque
3114 1616 3168 1661 et
3194 1606 3335 1663 beati
3363 1606 3595 1677 apostoli

2024 1702 2164 1758 inter
2187 1716 2247 1756 se
2275 1708 2609 1765 statuerunt,
2637 1709 2696 1754 ut
2724 1700 2964 1770 episcopi
3012 1700 3347 1771 singularum
3391 1699 3597 1754 scirent

345 1802 540 1874 pibus;
566 1808 619 1843 ιο
644 1801 764 1855 alia:
790 1808 972 1855 autem
1017 1798 1209 1867 primas
1261 1794 1512 1851 civitates
1566 1808 1707 1865 quas
1760 1792 1917 1846 vobis
1952 1801 1994 1856 Β
2022 1793 2346 1865 gentium,“
2396 1793 2521 1863 quis
2570 1792 2711 1846 inter
2740 1808 2836 1847 eos
2867 1792 3076 1862 primus
3101 1800 3280 1858 esset,
3322 1800 3594 1862 quatenus

342 1893 688 1962 conscriptas
738 1891 792 1945 in
847 1889 1084 1959 quodam
1120 1895 1274 1942 tomo
1304 1884 1605 1950 mittimus,
1651 1900 1681 1939 a
1711 1883 1919 1938 sanctis

345 1984 631 2057 apostolis,
671 1993 725 2038 et
761 1998 793 2038 a
814 1982 976 2037 beato
1021 1978 1324 2044 Clemente,
1352 1977 1466 2033 sive
1495 1993 1526 2031 a
1559 1976 1719 2032 uobis
1746 2015 1761 2039 ,
1803 1975 1920 2045 pri-

343 2088 522 2136 mates
543 2075 927 2149 praedicatores
955 2078 1307 2142 acceperunt.
1328 2068 1455 2125 Haec
1476 2082 1606 2122 vero
1629 2081 1919 2129 sacrosan-

342 2184 434 2230 cta
449 2171 696 2226 Romana
713 2176 768 2222 et
787 2165 1087 2237 apostolica
1108 2162 1374 2229 Ecclesia,
1400 2176 1511 2216 non
1539 2160 1610 2215 ab
1626 2158 1918 2229 apostolis,

344 2265 442 2322 sed
491 2264 561 2319 ab
614 2262 734 2331 ipso
789 2259 1021 2314 Domino
1060 2256 1341 2311 Salvatore
1394 2257 1656 2309 nostro"
1710 2264 1919 2320 prima-

346 2370 460 2414 tum
494 2354 747 2417 ohtiuuit,
782 2363 836 2406 et
873 2350 1226 2406 eminentiam
1253 2345 1539 2417 potestatis
1589 2358 1753 2412 super
1796 2343 1920 2396 uni-

345 2468 532 2508 versas
563 2447 835 2505 Ecclesias
855 2462 919 2501 ac
942 2455 1115 2499 totum
1144 2439 1445 2497 Christiani
1480 2436 1666 2507 populi
1698 2450 1917 2506 gregem

344 2552 601 2600 assecuta
649 2548 753 2605 est,
784 2539 927 2593 sicut
966 2536 1084 2606 ipse
1137 2533 1195 2587 Β.
1256 2530 1421 2587 Petro
1463 2527 1710 2599 apostolo
1739 2526 1912 2580 dixit:

350 2638 395 2692 Τ
397 2655 430 2691 u
460 2654 512 2691 es
544 2635 758 2699 Petrus,
786 2641 835 2686 et
864 2645 1019 2700 super
1039 2629 1175 2681 hanc
1198 2635 1403 2696 petram
1425 2620 1701 2693 cdiﬁcabo
1730 2618 1917 2673 Eccle-

344 2733 484 2787 sium
501 2746 688 2793 meum,
713 2738 760 2782 et
783 2736 947 2798 porta:
971 2725 1129 2794 inferi
1158 2738 1259 2776 non
1291 2717 1648 2791 prwvalebunt
1670 2717 1917 2769 adversus

343 2840 465 2879 eam
486 2839 505 2877 :
536 2833 583 2877 et
614 2820 710 2874 tibi
734 2818 870 2873 dabo
902 2817 1073 2871 claves
1099 2813 1243 2884 regni
1269 2812 1537 2867 caelorum.
1571 2808 1640 2862 Et
1665 2822 1919 2879 quiscun-

345 2933 446 2989 que
470 2914 714 2985 ligaveris
737 2926 893 2979 super
918 2919 1136 2973 terram,
1161 2916 1311 2959 erunt
1333 2903 1503 2973 ligata
1523 2912 1573 2957 et
1596 2902 1650 2955 in
1680 2900 1839 2954 caelo:
1868 2905 1919 2951 et

345 3022 672 3081 quacunque
698 3002 915 3057 solveris
945 3014 1100 3069 super
1125 3006 1342 3060 terram,
1384 3003 1536 3048 erunt
1569 2992 1749 3048 soluta
1776 3000 1826 3045 et
1860 2990 1919 3043 in

2019 1888 2086 1942 ad
2115 1902 2240 1941 eum
2269 1886 2450 1955 potior
2477 1900 2667 1940 eorum
2698 1884 3009 1940 sollicitudo
3035 1886 3347 1955 pertineret.
3385 1884 3426 1917 “
3457 1882 3592 1938 Nam

2018 1984 2074 2029 et
2092 1975 2245 2055 inter
2278 1974 2470 2028 beatos
2500 1974 2778 2043 apostolos
2808 1975 3054 2044 quautam
3088 1974 3192 2030 fuit
3216 1975 3494 2031 discretio.
3531 1974 3598 2030 Et

2018 2065 2145 2121 licet
2172 2080 2366 2120 omnes
2383 2066 2428 2096 ¹²
2454 2073 2640 2119 essent
2667 2066 2920 2135 apostoli,
2944 2064 3106 2121 Petro
3131 2075 3315 2122 tamen
3346 2082 3378 2121 a
3411 2066 3596 2121 Domi-

2018 2172 2092 2212 no
2119 2167 2205 2213 est
2230 2172 2554 2213 concessum
2575 2197 2590 2222 ,
2639 2165 2694 2212 et
2730 2158 2832 2228 ipsi
2861 2158 3003 2213 inter
3032 2174 3091 2214 se
3126 2158 3360 2230 idipsum
3404 2161 3595 2216 volue-

2018 2259 2187 2317 runt,
2219 2261 2280 2305 ut
2310 2248 2538 2320 reliquis
2580 2248 2839 2304 omnibus
2880 2258 3141 2319 praeesset
3194 2250 3496 2319 apostolis,
3540 2260 3596 2305 et

2018 2342 2254 2413 Cephas,
2284 2343 2339 2397 id
2362 2349 2467 2407 est,
2496 2350 2662 2412 caput
2688 2351 2743 2396 et
2762 2342 2805 2375 "
2833 2343 3161 2412 principium
3190 2352 3405 2398 teneret
3430 2360 3595 2413 apos-

2018 2436 2255 2491 tolatus:
2302 2434 2396 2504 qui
2446 2442 2502 2489 et
2546 2433 2794 2489 eamdem
2845 2432 3077 2491 formam
3112 2435 3229 2491 suis
3258 2436 3594 2493 successori-

2018 2529 2124 2584 bus
2145 2568 2161 2594 ,
2193 2536 2249 2583 et
2272 2528 2468 2598 reliqui
2500 2527 2731 2598 apostoli
2767 2526 3043 2598 episcopis
3082 2529 3371 2585 tenendam
3420 2530 3593 2587 tradi-

2018 2622 2236 2677 derunt.
2265 2620 2331 2675 Et
2354 2635 2461 2674 non
2489 2619 2668 2674 solum
2699 2618 2807 2674 hoc
2844 2619 2901 2674 in
2954 2634 3096 2675 novo
3144 2628 3471 2676 testamento
3510 2631 3595 2677 est

2019 2713 2377 2769 constitutum
2398 2750 2414 2775 ,
2450 2710 2545 2764 sed
2570 2710 2736 2764 etiam
2769 2710 2823 2765 in
2852 2711 3018 2765 veteri
3051 2711 3174 2766 fuit.
3217 2710 3374 2767 Unde
3431 2709 3597 2768 .scri-

2005 2812 2157 2872 ptum
2172 2800 2499 2871 est,Mogses
2530 2812 2580 2855 et
2608 2801 2789 2854 Aaron
2818 2802 2874 2855 in
2908 2800 3272 2856 sacerdotibus
3301 2800 3416 2869 ejus
3442 2800 3508 2867 “,
3542 2799 3593 2854 id

2022 2900 2109 2948 est
2168 2892 2333 2962 primi
2377 2892 2522 2947 inter
2550 2907 2644 2947 eos
2678 2890 2917 2947 fuerunt.
2952 2892 3020 2945 Et
3046 2890 3299 2961 quamvis
3336 2890 3408 2944 ita
3448 2889 3596 2943 ordi-

2019 2994 2209 3041 natum
2239 2984 2425 3051 fuerit,
2462 2999 2625 3040 nemo
2655 2993 2837 3039 tamen
2864 2984 3013 3054 quod
3037 2999 3200 3039 suum
3226 2990 3332 3046 est,
3363 2992 3594 3053 quaerat,

349 3071 478 3153 coelo
505 3071 863 3153 ”.-Adliibita
911 3100 997 3147 est
1028 3089 1190 3145 etiam
1235 3089 1467 3142 societas
1501 3086 1559 3140 in
1587 3085 1774 3140 eadem
1806 3083 1920 3139 Ro-
1956 3148 1988 3153 _
2023 3076 2117 3132 sed
2144 3076 2289 3145 quod
2317 3076 2566 3130 alterius.
2594 3073 2750 3129 Unde
2779 3076 2856 3129 ait
2885 3075 3079 3130 beatus
3126 3073 3404 3143 apostolus
3449 3071 3593 3127 Pau-

348 3209 513 3249 maua
538 3191 672 3246 urbe
695 3166 996 3243 beatissimi
1018 3182 1246 3254 apostoli
1271 3181 1423 3234 Pauli
1441 3179 1586 3234 vasis
1610 3178 1919 3243 electionis,
1946 3148 1990 3203 δ
2024 3170 2143 3225 lus:
2177 3167 2543 3238 Unusquisque
2578 3167 2784 3236 placeat
2814 3168 3057 3239 proximo
3088 3183 3183 3219 suo
3210 3170 3267 3218 in
3296 3165 3487 3218 bonum
3525 3165 3594 3217 ad

349 3284 444 3354 qni
484 3298 591 3337 uno
615 3282 723 3345 die,
754 3293 863 3334 uno
891 3291 1114 3347 quoque
1165 3284 1428 3341 tempore,
1458 3271 1697 3340 gloriosa
1746 3279 1923 3324 morte

350 3390 477 3431 cum
510 3373 691 3434 Petro,
716 3370 821 3425 sub
848 3367 1093 3439 principe
1135 3362 1349 3419 Nerone
1391 3361 1707 3432 agonizans,
1767 3374 1927 3414 coro-

352 3478 516 3524 natus
555 3476 660 3529 est,
704 3475 758 3520 et
800 3463 963 3518 ambo
988 3468 1232 3515 sanctam
1281 3456 1586 3512 Romanam
1622 3453 1921 3511 Ecclesiam

350 3565 771 3619 consecrarunt,
795 3554 1027 3623 aliisque
1048 3548 1309 3607 omnibus
1336 3547 1561 3603 urbibus
1586 3547 1641 3601 in
1668 3544 1926 3600 universo

351 3651 560 3708 mundo
590 3664 711 3704 eam
739 3663 838 3703 sua
862 3647 1148 3717 praesentia
1177 3652 1343 3714 atque
1372 3639 1684 3697 venerando
1726 3638 1926 3692 trium-

351 3744 464 3816 pho
492 3740 866 3813 praetulerunt.
903 3736 957 3769 ’θ’
991 3734 1059 3790 Ει
1107 3735 1234 3789 licet
1272 3749 1370 3804 pro
1414 3730 1675 3786 omnibus
1703 3727 1927 3784 assidua

353 3833 500 3903 apud
525 3831 699 3886 Deum
730 3828 975 3884 omnium
1022 3833 1341 3881 sanctorum
1373 3820 1684 3877 ellundatur
1725 3816 1924 3883 oratio,

355 3926 446 3981 his
484 3932 665 3979 tamen
692 3920 877 3976 verbis
897 3918 1103 3974 Paulus
1122 3914 1475 3971 beatissimus
1504 3908 1787 3980 apostolus
1818 3905 1929 3962 Ro»

358 4016 539 4071 manis
563 4014 785 4086 proprio
815 4009 1182 4080 chirographo
1209 4006 1496 4077 pollicetur
1516 4045 1532 4069 ,
1564 4002 1753 4059 dicens
1779 4020 1792 4055 :
1830 3998 1929 4054 Te-

358 4111 457 4164 stis
493 4111 629 4162 enim
654 4115 733 4160 est
759 4104 889 4157 mihi
914 4103 1076 4168 Deus,
1104 4101 1189 4155 cui
1214 4100 1381 4153 servio
1411 4098 1465 4151 in
1497 4096 1693 4168 spiritu
1733 4108 1842 4146 meo
1870 4091 1929 4145 in

360 4200 643 4271 Evangelia
674 4197 808 4251 Filii
830 4197 965 4266 ejus,
992 4193 1133 4265 quod
1161 4194 1272 4246 sine
1302 4188 1689 4243 intermissione
1733 4200 1929 4238 memo-

361 4298 497 4351 riam
527 4292 684 4349 vestri
718 4291 859 4361 facio
884 4303 1087 4358 semper
1110 4287 1166 4339 in
1192 4281 1518 4353 orationibus
1540 4280 1670 4334 meis
1710 4277 1801 4332 ¹⁰⁰.

433 4390 451 4422 ¹
490 4386 673 4443 Prima
692 4388 713 4416 ³
742 4398 872 4454 ergo
896 4381 1058 4437 sedes
1084 4386 1170 4433 est
1193 4376 1401 4433 caelesti
1431 4370 1693 4428 beneficio
1726 4369 1928 4423 Roma-

360 4501 444 4541 nae
471 4481 730 4538 Ecclesiae
745 4480 788 4544 ³,
820 4491 982 4548 quam
1022 4474 1108 4545 (ut
1133 4478 1496 4527 memoratum
1532 4465 1639 4534 est)
1676 4463 1927 4518 beatissi-
1956 4505 2002 4561 υ

361 4577 436 4635 mi
476 4575 671 4631 Petrus
709 4583 764 4629 et
809 4570 1012 4626 Paulus
1056 4580 1159 4622 suo
1200 4562 1459 4634 martyrio
1512 4564 1923 4615 consecrarunt.

364 4671 535 4726 Roma
562 4683 683 4740 quae
706 4668 857 4737 prius
876 4672 995 4717 erat
1013 4658 1406 4716 cacodatmonis
1430 4651 1660 4709 artiﬁcio
1680 4647 1927 4704 omnium

361 4775 611 4818 errorum
641 4754 850 4812 mater‘
876 4761 932 4808 et
965 4752 1151 4817 altrix,
1183 4747 1431 4803 excussis
1464 4743 1720 4808 tenebris,
1750 4748 1805 4795 et
1829 4753 1928 4793 va-

364 4857 450 4913 nis
478 4850 927 4922 superstitionum
964 4845 1163 4899 ritibus
1202 4838 1462 4910 abjectis,
1510 4837 1747 4891 tiliorum
1797 4830 1928 4897 Dei,

360 4956 555 5006 exorto
576 4944 691 4999 sole
715 4938 939 5010 justitia:
963 4977 979 5001 ,
1018 4936 1160 4991 facta
1206 4943 1288 4988 est
1303 4932 1518 5000 copiosa
1555 4924 1929 4998 propagatrix.

436 5148 484 5183 "
505 5160 606 5201 ms.
630 5142 925 5213 primatem.
945 5135 1118 5213 lingu.
1151 5130 1195 5163 ’⁸
1362 5125 1466 5213 Ely

367 5231 503 5277 tom.
554 5200 642 5281 ι,”
671 5220 725 5267 et
779 5225 899 5281 pag.
929 5207 1240 5281 satiatem.
1273 5200 1339 5263 ll,
1360 5212 1422 5281 ea

363 5273 611 5344 “Cone:
644 5273 806 5337 Rom’.
852 5273 963 5335 sub
1022 5273 1257 5344 Gelasio.

369 5363 438 5393 m
459 5358 617 5414 Rom.
662 5370 715 5420 ι,
757 5351 790 5405 9
813 5393 830 5418 ,
859 5348 944 5420 i0.

367 5405 617 5486 ueniit?!
662 5405 829 5477 ⁷⁸ἰιιεί
857 5419 1092 5474 Romana
1113 5411 1371 5469 Ecclesia.
1402 5405 1577 5486 Iino.
1613 5405 1851 5460 ‘absunt
1876 5420 1907 5458 a
1938 5418 2039 5456 ms.

368 5469 1381 5556 m3;"éoncl"3'z§ééi.anm,postea
1414 5477 1864 5556 EvodiumLp’ost
1881 5487 2041 5544 quem
2073 5469 2342 5556 lgnatium

1266 5526 1275 5534 .
1297 5497 1381 5535 tea
1414 5497 1699 5538 nvoalum,
1729 5497 1852 5544 μυδι
1881 5497 2041 5544 quem
2074 5497 2342 5542 Iguuuum
2454 5497 2462 5499 τ
2486 5497 2577 5521 υιδι

1169 5497 1601 5622 ἕὲἱυίοἱιειιιιτ.
1644 5546 1736 5622 Α
1747 5543 1822 5622 S._
1846 5542 1955 5597 Leo
1997 5556 2081 5611 ep.
2108 5541 2337 5622 .84,__c_.‘
2367 5537 2455 5591 ll.
2534 5537 2577 5566 "

370 5573 469 5640 Ap.
498 5567 588 5635 35,
622 5581 690 5621 ex
713 5564 965 5640 versione
988 5558 1143 5640 piari.

371 5617 690 5708 ih’doET'eb‘.
718 5617 792 5692 527.
842 5630 1000 5701 quasi
1033 5623 1141 5678 ἀπὸ
1168 5617 1476 5704 τῆζκεφαλ

373 5726 465 5766 ιι.
488 5709 580 5766 28.
660 5706 701 5739 ι·
718 5702 863 5761 Psal.
903 5716 979 5766 vi,
1006 5698 1053 5751 l.
1134 5696 1174 5727 "
1204 5691 1437 5747 dist.22.
1472 5722 1476 5742 ι

1360 5268 1405 5302 Ol

1060 5262 1257 5330 telasio.
1325 5262 1611 5320 7"Matth.
1672 5262 1781 5329 ivi,
1834 5262 2061 5327 18,19.
2157 5262 2489 5313 “hactenus
2532 5262 2699 5308 verba
2750 5262 2999 5306 Uetasu]

1060 5348 1076 5377 ί
1097 5345 1167 5399 ab
1210 5342 1294 5396 his
1326 5338 1506 5393 verbis
1534 5349 1707 5399 usque
1733 5334 1800 5388 ad
1832 5334 2061 5387 secunda
2103 5340 2278 5384 autem
2331 5328 2530 5382 desunt
2564 5323 2748 5399 omnia
2786 5322 2839 5376 in
2864 5319 2999 5399 Luc.

1478 5619 1562 5684 ἦς.
1641 5614 1846 5670 “Psal.
1868 5604 2071 5684 atomi,
2104 5610 2170 5684 6._
2220 5604 2279 5684 ’ξ’
2300 5608 2456 5662 Rom.
2482 5604 2650 5684 xvﬁ;

660 5654 690 5690 ι.
718 5636 755 5689 2
777 5673 792 5692 .
842 5636 1000 5701 quasi
1033 5636 1141 5678 ἀπο
1168 5640 1266 5704 της
1304 5636 1562 5745 κεφαλὲς.
1644 5636 1846 5670 "rsai.
1882 5636 1927 5668 χι

660 5706 701 5739 ¹⁸
718 5702 863 5761 Psai.
903 5716 979 5766 v1,
1006 5698 1053 5751 l.
1134 5696 1174 5727 "
1204 5697 1327 5747 dist.
1348 5691 1437 5744 22.
1514 5696 1823 5744 acrosancta
1854 5683 1927 5739 Ro

2020 5636 2195 5734 "ars.
2236 5636 3005 5748 {gargarafugares.

2025 3259 2537 3329 cediﬁcationem".
2580 3259 2647 3312 Et
2695 3259 2839 3313 sicut
2891 3258 3006 3327 ipse
3055 3257 3305 3312 Salvator
3355 3256 3471 3312 suis
3523 3258 3599 3310 ait

2025 3352 2344 3421 discipulis:
2374 3350 2477 3415 Qui
2497 3352 2672 3421 major
2694 3359 2771 3404 est
2803 3358 3056 3416 oestrum,
3087 3350 3188 3403 erit
3219 3348 3462 3402 minister
3512 3364 3598 3401 ve-

2024 3447 2215 3514 ster“,
2256 3454 2314 3500 et
2349 3445 2579 3515 reliqua.
2628 3443 2696 3500 Et
2739 3445 2866 3499 licet
2910 3457 3074 3513 super
3095 3442 3181 3496 bis
3226 3442 3409 3511 aliqua
3451 3439 3595 3495 dicta

2026 3539 2261 3605 fuerint,
2286 3545 2592 3609 repetentes
2619 3546 2803 3592 tamen
2838 3535 3037 3605 saepius
3056 3576 3073 3599 ,
3100 3533 3464 3588 admouemus
3488 3573 3505 3596 ,
3537 3542 3597 3586 ut

2026 3648 2243 3706 semper
2266 3632 2319 3687 in
2346 3629 2603 3686 omnibus
2631 3636 2687 3684 et
2719 3628 2789 3683 ab
2818 3626 3079 3683 omnibus
3123 3625 3363 3679 vitentur
3405 3624 3597 3679 elatio-

2025 3742 2127 3783 nes
2154 3724 2351 3781 memis
2378 3730 2433 3778 et
2459 3721 2730 3792 corporis.
2762 3718 2831 3775 Et
2858 3727 3066 3791 quanto
3095 3717 3273 3790 major
3298 3716 3600 3789 unusquis-

2025 3837 2133 3892 que
2154 3820 2369 3876 vidctur
2392 3831 2533 3886 esse,
2561 3824 2717 3871 tanto
2742 3815 2815 3871 sit
2842 3813 3131 3892 humilior,
3160 3812 3306 3867 sicut
3332 3809 3599 3865 Dominus

2034 3908 2285 3963 Salvator
2314 3917 2501 3963 noster
2538 3923 2640 3961 non
2684 3906 2821 3960 venit
2861 3887 3175 3969 ministrari,
3204 3902 3294 3957 sed
3326 3901 3605 3955 ministra-

2030 4016 2090 4055 re
2121 4001 2183 4055 ".
2213 3998 2299 4064 Et,
2328 4000 2376 4054 si
2404 4000 2570 4069 frater
2596 3998 2790 4068 aliquis
2811 4005 3207 4068 prwoccupatus
3235 3995 3394 4066 fuerit
3416 3993 3471 4047 in
3501 3991 3607 4046 alio

2024 4111 2127 4168 quo
2156 4093 2346 4148 delicto
2364 4133 2382 4160 ,
2411 4106 2500 4146 vos
2518 4130 2535 4157 ,
2562 4088 2653 4159 qui
2674 4084 2980 4157 spirituales
3008 4081 3448 4155 estis,_instruite
3478 4094 3597 4131 eum

2025 4190 2081 4243 in
2109 4187 2302 4258 spiritu
2329 4182 2564 4239 lenitatis
2589 4181 2651 4236 “.

2767 4310 2858 4367 IV.

2088 4431 2156 4488 Ut
2183 4431 2501 4502 difﬁciliores
2527 4442 2704 4483 causa
2733 4425 2802 4478 ad
2832 4425 3005 4479 sedem
3036 4422 3378 4493 apostolicam
3407 4417 3543 4488 refe-

2716 4506 2923 4549 rantur.

2102 4638 2146 4672 “
2175 4635 2232 4692 Si
2260 4650 2383 4706 qua:
2408 4646 2538 4688 vero
2567 4644 2748 4685 causae
2775 4627 3108 4683 ditliciliores
3126 4625 3173 4657 “
3202 4623 3347 4679 inter
3374 4635 3474 4675 vos
3503 4633 3599 4673 or-

2035 4742 2101 4788 tae
2125 4730 2346 4796 fuerint,
2378 4727 2445 4782 ad
2474 4726 2640 4795 hujus
2666 4731 2868 4781 sanctae
2894 4720 3040 4777 sedis
3062 4717 3272 4790 apicem
3293 4729 3407 4778 eas,
3439 4711 3599 4782 quasi

2035 4825 2101 4879 ad
2124 4831 2307 4893 caput,
2329 4818 2548 4883 referte,
2572 4825 2632 4871 ut
2652 4813 2956 4885 apostolico
2978 4810 3338 4867 terminentur
3354 4804 3595 4877 judicio:

2038 4915 2165 4992 quia
2192 4915 2272 4971 sic
2308 4913 2597 4968 Dominum
2628 4907 2768 4963 velle
2786 4947 2802 4972 ,
2844 4906 2914 4961 ab
2938 4919 3111 4974 eoque
3140 4903 3214 4958 ita
3241 4900 3599 4957 constitutum

1472 5122 1813 5188 mol.vn,l%.
1846 5122 1894 5156 ’⁸
1910 5120 2239 5173 Hincmarus
2262 5118 2414 5188 citat.
2456 5129 2576 5184 cap.
2622 5112 2695 5166 24
2870 5100 3337 5188 ρεωόρειίίιαείοης
3383 5117 3461 5188 p._

1467 5170 1603 5259 ξ’ἷέζ
1624 5170 1749 5265 ’ὁδί
1762 5170 1863 5265 Ir,
1880 5170 1927 5265 κά

2025 5170 2687 5265 ῗιῖἰειτμῇξηὸαονοεὶιησια
2724 5170 2883 5265 Βριῃί
2914 5177 3073 5262 litin
3105 5175 3258 5265 θεας,
3304 5170 3498 5265 Ιιιζιξζιζ
3526 5185 3597 5265 Iv.

2157 5242 2489 5313 “hactenus
2532 5256 2699 5308 verba
2750 5248 2953 5306 Gelasil
2993 5248 3050 5302 in
3111 5259 3268 5300 conc.
3326 5242 3599 5297 Romano.

2157 5340 2276 5363 nam
2331 5328 2525 5363 Αοειιηι
2564 5323 2747 5363 nuntia
2786 5322 2839 5363 in
2864 5319 2999 5363 an-
3084 5318 3123 5348 ’²
3146 5316 3286 5363 idem
3308 5329 3462 5363 conc.
3498 5311 3604 5363 Sllb

2148 5340 2278 5384 utem
2331 5328 2530 5382 desunt
2564 5323 2748 5379 omnia
2786 5322 2839 5376 in
2864 5319 2999 5373 Luc.
3084 5318 3123 5348 "
3146 5316 3286 5370 idem
3308 5329 3462 5367 conc.
3498 5316 3621 5364 sub

2148 5401 2326 5454 “idem
2348 5410 2501 5452 conc.
2580 5393 2886 5454 ‘Anianus,
2930 5394 2985 5444 et
3015 5386 3332 5458 postkbunc
3369 5382 3599 5458 Abiijus.

2447 5465 2612 5539 ’dijsﬁt.
2641 5463 2733 5535 22,
2760 5451 3301 5539 Sacrosan'ctajll‘om.
3410 5451 3601 5539 ’θλίῖιιιιἶ

2604 5523 2756 5602 pares
2805 5538 2995 5586 essent.
3092 5528 3136 5560 ¹³
3163 5526 3271 5581 Sir.
3307 5540 3391 5629 ep.
3437 5523 3507 5588 4,
3550 5529 3606 5575 et

2604 5604 2650 5659 Ξ.
2731 5601 2982 5656 “Matth.
3008 5613 3172 5667 mu,
3204 5596 3289 5652 ll.
3368 5596 3387 5627 ⁷
3410 5592 3603 5649 Matth.
