4010 6150
562 271 669 327 815

1887 259 2231 321 ANACLETI
2269 262 2471 320 ΡΔΡἎΕ

3663 269 3737 325 8M

559 406 700 449 csse.
736 379 1024 445 antedictis
1072 382 1400 443 testimoniis
1442 378 1771 441 declaratur.
1828 378 1951 439 Haec
2000 395 2128 438 vero
2157 385 2203 441 Α
2233 392 2456 449 cusent,
2489 393 2549 437 ut
2566 380 2611 413 "
2642 380 2914 454 (plebibus
2947 378 3510 456 languescenlibus“,
3537 380 3609 435 rel
3636 382 3737 437 mala

560 480 852 552 apostolica
878 476 1037 534 sedes
1059 476 1225 531 cardo
1247 483 1303 529 et
1325 485 1485 544 caput
1508 475 1589 543 (ut
1611 481 1931 544 przetactum
1948 474 1992 506 “
2023 474 2129 541 est)

558 574 802 629 omnium
833 568 1223 633 Ecclesiarum,
1242 582 1273 621 a
1300 564 1553 631 Domino,
1581 574 1765 621 etnon
1790 564 1861 619 ab
1884 564 2016 629 alio,
2046 571 2131 621 est

558 666 882 724 constituta.
920 660 989 715 Et
1010 659 1156 715 sicut
1176 657 1395 715 cardine
1422 656 1623 712 ostium
1651 656 1879 729 regitur,
1916 657 1996 712 sic
2022 656 2130 712 hu-

556 761 647 831 jus
673 764 874 812 sancte
907 752 1052 809 sedis
1083 750 1405 806 auctoritate
1451 764 1644 805 omnes
1676 748 1932 806 Ecclesiae
1957 790 1973 818 ,
2019 750 2128 804 Do-

560 853 709 907 mino
735 850 1076 918 disponente,
1108 851 1389 914 reguntur.

1325 956 1389 1010 V.

564 1057 684 1111 Non
716 1052 1069 1108 admittendos
1099 1051 1168 1105 ad
1206 1049 1596 1104 accusationem
1632 1050 1737 1102 sive
1771 1049 1842 1102 ad
1889 1049 2129 1102 testimo-

581 1130 723 1183 nium
741 1126 829 1195 qui
849 1135 1003 1178 antea
1020 1122 1220 1177 inimwi
1240 1123 1472 1189 fuerunt,
1490 1128 1539 1173 et
1556 1119 1619 1171 de
1633 1119 2104 1186 extremojudicio.

630 1222 675 1252 "
696 1220 1055 1274 Accusatores
1085 1222 1268 1268 autem
1297 1221 1351 1267 et
1378 1219 1542 1266 testes
1566 1226 1691 1266 esse
1724 1226 1831 1265 non
1861 1217 2129 1280 possunt,

558 1314 653 1385 qui
684 1321 811 1367 ante
838 1309 1155 1365 hesternum
1190 1305 1334 1360 diem
1365 1313 1462 1358 aut
1488 1304 1890 1358 nudiustertius
1919 1301 2129 1357 inimici

561 1407 801 1469 fuerunt,
828 1416 897 1457 ne
921 1400 1065 1465 irati,
1092 1412 1289 1454 nocere
1312 1398 1561 1467 cupiant,
1584 1396 1667 1450 vel
1696 1395 1831 1461 lzesi,
1857 1410 1915 1449 se
1939 1394 2134 1450 ulcisci

558 1496 747 1551 velint.
776 1494 823 1525 ”
852 1490 1158 1547 lnoll'ensus
1201 1487 1368 1559 igitur
1409 1494 1793 1542 accusatorum
1824 1494 1878 1539 et
1906 1485 2127 1540 testium
2170 1536 2171 1539 η

559 1584 786 1640 allectus
813 1580 1142 1652 quaerendus
1164 1586 1285 1643 est,
1324 1585 1377 1631 et
1409 1591 1517 1630 non
1549 1582 1859 1644 suspectus.
1890 1574 2127 1631 Causam

558 1675 704 1730 enim
766 1680 1005 1727 vestram
1057 1668 1237 1723 alieno
1280 1667 1449 1721 nolite
1506 1665 1846 1721 committere
1883 1667 2126 1735 judicio:

558 1765 715 1819 valde
736 1760 883 1818 enim
913 1760 1161 1830 iniquum
1194 1765 1279 1813 est
1301 1799 1317 1824 ,
1349 1766 1407 1812 ut
1438 1755 1660 1811 omissis
1690 1756 1804 1812 suis
1829 1799 1844 1822 ,
1876 1757 1968 1812 alii
2010 1758 2132 1828 qui-

560 1855 691 1908 libet
717 1852 951 1906 aliorum
979 1865 1038 1906 se
1068 1848 1252 1904 causis
1275 1847 1648 1913 immisceant;
1684 1846 1943 1916 quoniam
1969 1848 2135 1903 nullis

560 1945 615 1999 in
641 1944 777 1999 locis
804 1940 1105 2013 spiritualis
1122 1941 1187 1972 ²³’
1212 1955 1345 1994 cura
1368 1939 1569 2004 deficit,
1598 1939 1692 1994 sed
1720 1954 1779 1993 se
1803 1954 1900 2008 per
1923 1930 2130 2006 omnia,
2174 1992 2177 1999 λ

559 2050 889 2107 quocunque
918 2048 1119 2088 nomen
1148 2031 1245 2087 Dei
1290 2032 1618 2102 praedicatur
1638 2072 1655 2097 ,
1692 2029 1956 2085 extendit.
2003 2029 2131 2085 Stu-

559 2126 795 2182 dendum
823 2135 907 2181 est
936 2124 1194 2180 omnibus
1215 2165 1231 2190 ,
1282 2139 1351 2179 ne
1382 2126 1465 2193 (ut
1488 2124 1635 2195 sunt)
1678 2124 2056 2180 aemulationes
2082 2124 2133 2156 “

560 2220 717 2275 malae
741 2257 758 2284 ,
792 2218 889 2274 sed
917 2217 1021 2288 piae
1052 2216 1162 2273 sint
1187 2217 1327 2272 inter
1367 2230 1467 2271 vos
1510 2215 1861 2282 dilectioncs;
1909 2217 2039 2286 quia
2074 2217 2128 2271 in

560 2314 666 2368 hoc
692 2325 791 2365 vos
817 2323 1007 2365 omnes
1032 2306 1246 2363 Domini
1271 2304 1562 2375 discipulos
1588 2320 1712 2362 esse
1752 2320 1913 2362 veros
1961 2321 2131 2362 nove-

559 2404 700 2470 ritis,
730 2403 777 2456 si
804 2400 1135 2455 dilectionem
1180 2399 1471 2452 habueritis
1493 2398 1563 2451 ad
1583 2398 1826 2453 invicem.
1871 2397 1951 2453 Ex
1980 2400 2129 2455 omni

557 2510 689 2565 ergo
750 2508 946 2564 genere
994 2492 1263 2562 plurimos
1309 2489 1454 2544 Deus
1506 2489 1762 2559 dignatur
1814 2492 2125 2559 attrahere,

556 2602 698 2658 quos
720 2587 767 2618 ³⁸
794 2595 982 2640 erutos
1009 2583 1077 2638 de
1107 2590 1372 2653 potestate
1404 2583 1750 2637 tenebrarum
1776 2624 1791 2647 ,
1838 2584 2133 2640 transferat

560 2684 615 2737 in
642 2696 866 2753 regnum
883 2678 1007 2734 Filii
1034 2678 1319 2734 cbaritatis
1341 2693 1475 2744 suae,
1498 2687 1553 2732 et
1581 2678 1649 2733 de
1675 2680 1824 2733 vasis
1854 2679 1947 2733 irze
1967 2679 2132 2735 faciat

557 2791 689 2830 vasa
737 2770 1148 2827 misericordiae.
1199 2768 1354 2824 Unde
1404 2769 1565 2825 nobis
1616 2784 1962 2839 summopere
2013 2780 2130 2826 stu-

556 2867 792 2923 dendum
822 2872 945 2931 est,
993 2871 1055 2917 ut
1099 2869 1483 2931 cooperatores
1533 2862 1708 2917 simus
1761 2863 1950 2932 gratia:
1990 2862 2125 2931 Dei;

556 2960 687 3032 quia
718 2958 784 3013 ad
811 2957 918 3013 hoc
947 2955 1127 3011 vocati
1154 2969 1373 3023 sumus,
1405 2954 1638 3024 ejusque
1671 2953 1930 3009 familiari
1960 2956 2130 3012 collo-

557 3054 688 3127 quio
711 3049 944 3116 sociati,
976 3057 1032 3104 et
1059 3046 1372 3104 sacerdotes
1417 3046 1658 3114 sacrati,
1708 3056 1770 3102 ut
1817 3046 2130 3105 fructuosos

558 3146 636 3201 illi
664 3144 973 3215 manipulos
996 3150 1374 3212 reportemus,
1407 3149 1737 3211 cooperante
1776 3143 1951 3212 gratia
1982 3143 2125 3214 ejus.

558 3240 604 3271 "
624 3236 857 3293 Necesse
880 3244 965 3293 est
993 3234 1140 3290 enim
1164 3276 1179 3301 ,
1214 3241 1274 3286 ut
1302 3242 1542 3288 rectores
1571 3248 1601 3286 a
1632 3233 1867 3289 subditis
1895 3235 2129 3290 timean-

557 3342 669 3391 tur,
700 3330 768 3384 ab
796 3328 1039 3398 ipsisque
1063 3324 1409 3395 corrigantur
1432 3365 1448 3390 ,
1480 3333 1540 3378 ut
1567 3325 1806 3380 humana
1840 3326 2131 3383 formidine

558 3438 786 3497 peccare
809 3428 1074 3487 metuant,
1104 3418 1198 3489 qui
1223 3417 1406 3472 divina
1427 3416 1631 3487 judicia
1668 3433 1777 3473 non
1808 3418 2126 3476 formidant.

560 3518 606 3551 "
634 3514 943 3571 Deteriores
964 3511 1170 3582 quippe
1192 3518 1343 3573 sunt,
1367 3508 1461 3578 qui
1494 3508 1783 3564 doctorum
1810 3510 1977 3565 vitam
2008 3526 2131 3567 mo-

474 3626 475 3629 ‘
556 3623 755 3677 resque
798 3611 1196 3673 corrumpunt,
1236 3601 1324 3657 bis
1366 3600 1460 3669 qui
1506 3600 1844 3658 substantias
1893 3603 2126 3659 aliorum

558 3699 869 3772 praediaque
886 3696 933 3728 ’⁸
966 3693 1250 3763 diripiunt.
1298 3689 1405 3760 Ipsi
1455 3690 1601 3747 enim
1620 3693 1666 3725 ³⁸
1713 3709 1777 3749 ca
1822 3710 1943 3764 qua
1971 3705 2126 3750 extra

557 3808 657 3849 nos
682 3833 699 3858 ,
747 3792 875 3845 licet
906 3796 1093 3843 nostra
1124 3791 1292 3847 sunt,
1339 3781 1631 3839 auferunt:
1670 3787 1841 3842 nostri
1874 3797 2056 3842 autem
2080 3789 2127 3821 ⁸⁸

555 3887 913 3949 detractores,
940 3888 996 3935 et
1021 3892 1233 3934 morum
1260 3885 1614 3943 corruptores
1640 3888 1978 3946 nostrorum,
2012 3881 2127 3936 sive

555 3978 648 4048 qui
676 3977 939 4030 adversus
969 3987 1069 4027 nos
1102 3982 1388 4028 armantur
1411 4014 1427 4040 ,
1472 3972 1691 4042 proprie
1721 3987 1822 4026 nos
1851 3973 2001 4041 ipsos
2028 3975 2125 4029 de-

556 4065 865 4135 cerpunt“.
896 4062 963 4116 Et
985 4063 1106 4117 ideo
1128 4063 1278 4132 juste
1313 4063 1543 4117 infames
1574 4070 1723 4125 sunt,
1754 4071 1807 4116 et
1836 4064 2030 4119 merito
2058 4064 2126 4119 ab

554 4156 801 4213 Ecclesia
828 4151 1075 4211 eitorres
1114 4154 1270 4207 fiunt.
1295 4154 1339 4185 ³²
1380 4152 1486 4207 Pro
1519 4153 1728 4208 meritis
1764 4167 1894 4223 ergo
1928 4155 2124 4223 plebis,

556 4266 697 4319 smpe
720 4257 968 4319 pastores
997 4247 1365 4315 depravantur
1391 4244 1649 4299 Ecclesia:
1675 4285 1690 4309 ,
1730 4252 1790 4298 ut
1830 4246 2124 4315 proclivius

554 4350 819 4396 corruant
862 4338 957 4410 qui
1006 4344 1330 4406 sequuntur.
1366 4333 1554 4403 Capite
1586 4333 1838 4388 videlicet
1903 4333 2126 4404 langue-

541 4438 742 4497 scente,
764 4430 978 4485 facilius
1008 4428 1217 4496 reliqua
1250 4426 1489 4480 membra
1519 4428 1762 4494 corporis
1786 4425 2118 4495 inﬁciuutur,

559 4532 616 4576 ut
641 4523 903 4590 scriptum
934 4528 1054 4573 est:
1094 4518 1260 4573 Omne
1304 4526 1462 4586 caput
1509 4516 1821 4587 languidum
1842 4557 1858 4583 ,
1889 4527 1937 4571 et
1970 4535 2118 4572 omne

556 4632 647 4669 cor
674 4630 913 4668 moerens.
956 4614 999 4666 Α
1029 4615 1213 4682 planta
1239 4610 1385 4680 pedis
1414 4628 1576 4682 usque
1605 4611 1674 4664 ad
1701 4613 1945 4665 verticem
1979 4613 2127 4682 capi-

555 4708 648 4771 tis,
676 4723 779 4760 non
806 4714 882 4759 est
915 4706 968 4759 in
998 4720 1057 4758 eo
1087 4704 1289 4756 sanitas
1310 4702 1375 4757 ³³.
1402 4700 1740 4772 Quapropter
1774 4703 2123 4758 manifestum

556 4808 661 4867 cst,
686 4798 966 4853 diabolum
998 4797 1111 4866 (qui
1137 4797 1273 4849 sicut
1306 4794 1386 4849 leo
1429 4797 1638 4865 rugiens
1669 4796 1860 4850 circuit
1886 4813 2124 4866 quwrens

554 4908 707 4961 quem
734 4892 898 4960 possit
928 4890 1180 4944 deuorare
1198 4888 1264 4957 ³⁸)
1293 4887 1550 4943 cordibus
1586 4888 1824 4958 plebium
1854 4888 2120 4953 suadere,

557 4994 617 5038 ut
640 4984 892 5037 doctores
919 4992 1084 5052 atque
1110 4990 1363 5052 pastores
1392 4994 1523 5034 suos
1551 4977 1982 5034 detractionibus
2032 4996 2122 5035 ac-

635 5195 671 5226 "
689 5208 792 5247 ms.
835 5193 1059 5263 factum,
1100 5190 1239 5245 forte
1274 5190 1484 5270 fatuari;
1517 5196 1581 5269 'et
1612 5190 1680 5270 ab
1733 5204 1817 5270 ρο.
1850 5190 2047 5270 absunt
2072 5193 2128 5248 dt

2229 5212 2517 5270 sequentes
2542 5221 2702 5262 voces
2728 5209 2961 5261 omnium
2988 5207 3357 5264 Ecclesiarum.

552 5256 895 5318 Accusatores
926 5273 1099 5315 autem
1130 5274 1176 5314 et
1211 5256 1381 5313 testes.
1423 5257 1488 5311 Et
1517 5258 1569 5311 in
1608 5258 1742 5311 Decr
1794 5256 1907 5314 lvo.
1941 5263 2035 5315 lib.
2082 5281 2153 5319 Iv.

554 5334 926 5417 n‘onrwmula'tg
1000 5333 1198 5417 “idem
1235 5347 1299 5399 ep
1342 5331 1407 5417 _I.
1450 5346 1495 5384 ct
1526 5329 1610 5417 ii“.
1686 5330 1732 5361 "
1754 5327 1811 5384 S.
1844 5329 2001 5403 Greg.
2053 5332 2128 5417 P3

2240 5354 2381 5417 Pa".
2413 5327 2471 5401 οξ
2485 5327 2571 5400 tif—
2589 5327 2598 5329 “
2617 5327 2762 5413 ’ῖτιίιξ
2779 5327 2833 5417 ἑιζ
2862 5350 2913 5413 t,
2940 5327 3235 5405 υεῖένὲὸῖἑὲ
3256 5327 3391 5402 an.

1051 5406 1217 5471 "ius.
1264 5410 1459 5455 autem.
1488 5469 1503 5471 Α
1562 5399 1727 5471 “imis.
1764 5399 1983 5471 quoque:

555 5406 704 5459 Sent.
742 5421 826 5465 tu,
860 5404 948 5459 38.

556 5475 737 5530 ιδιδῃξ,
784 5492 820 5539 ι,
863 5472 917 5538 5,
956 5476 1009 5528 6.
1084 5470 1165 5523 ³δ1
1211 5471 1358 5540 Pctr.
1393 5485 1445 5535 v,
1480 5469 1530 5523 8.
1606 5469 1894 5540 "irrogent
1931 5473 2024 5528 vel.

555 5545 743 5601 Cham.
821 5547 864 5578 ”
884 5545 1017 5601 Gen.
1044 5561 1121 5602 rx.
1198 5540 1312 5594 “In
1336 5539 1488 5593 Decr.
1517 5542 1629 5598 lvo.
1660 5541 1753 5593 lib.
1780 5539 1849 5594 iv.
1929 5542 2128 5601 “Idem

2134 5477 2177 5555 ’ξ
2201 5477 2622 5555 ζᾳψυευιᾶῡτωβ
2670 5490 2711 5521 ³⁷
2751 5477 2896 5545 idem
2945 5489 3070 5546 Isid.

2234 474 2545 545 agentibus,
2574 491 2684 530 non
2710 475 3023 532 tenentibus
3051 474 3369 546 pastoribus
3403 471 3545 527 frena
3577 477 3738 544 eorum)

2233 566 2541 634 lasciviant,
2566 578 2729 638 atque
2754 568 2808 623 in
2840 568 2949 622 ima
2983 577 3165 623 ruant.
3200 568 3245 600 "
3275 566 3497 621 Multum
3524 579 3636 622 vero
3682 566 3741 621 di-

2236 668 2386 715 stant
2407 661 2608 716 damna
2641 676 2858 715 morum
2892 676 2922 715 a
2953 661 3169 716 damnis
3190 675 3373 714 rerum
3396 658 3742 729 temporalium,

2235 769 2361 809 cum
2404 754 2507 809 ista
2535 764 2687 809 extra
2720 770 2820 811 nos
2841 754 2953 810 sint
2971 798 2986 819 ,
3019 754 3109 808 illa
3133 768 3269 807 vero
3300 751 3354 807 in
3383 751 3552 806 nobis.
3578 748 3616 781 "'
3643 748 3742 803 Sen-

2229 848 2401 905 tentia
2433 863 2655 919 quoque
2677 848 2853 903 Cham
2892 846 2987 902 lilii
3015 845 3126 903 Noe
3166 847 3499 901 damnantur
3535 844 3615 913 qui
3652 858 3744 898 suo-

2232 954 2356 993 rum
2383 937 2667 993 doctorum
2699 937 2781 991 vel
2824 937 3247 1007 praepositorum
3280 936 3492 1006 culpam
3528 932 3744 1004 produnt.

2232 1045 2331 1084 ceu
2355 1028 2527 1083 Cham
2552 1069 2567 1094 ,
2600 1029 2693 1098 qui
2738 1027 2910 1098 patris
2952 1027 3204 1097 pudenda
3257 1042 3365 1082 non
3412 1025 3639 1096 operuit,
3678 1024 3743 1080 sed

2234 1121 2406 1192 magis
2450 1120 2743 1175 deridenda
2777 1120 3106 1175 monstravit
3124 1121 3190 1175 ”.
3221 1120 3268 1152 ⁸⁸
3292 1118 3489 1175 Doctor
3512 1129 3665 1173 autem
3686 1116 3745 1169 vel

2234 1221 2421 1281 pastor
2444 1212 2702 1269 Ecclesia:
2723 1252 2743 1281 ,
2773 1212 2819 1268 si
2845 1227 2876 1266 a
2903 1210 3008 1266 fide
3029 1211 3423 1268 exorbitaverit
3442 1250 3457 1275 ,
3488 1210 3582 1264 erit
3604 1224 3628 1263 a
3648 1208 3744 1263 tide-

2236 1305 2378 1361 lib‘us
2405 1306 2793 1378 corrigendus:
2824 1308 2918 1363 sed
2951 1324 3053 1380 pro
3080 1305 3333 1375 reprobis
3360 1302 3591 1359 moribus
3617 1301 3744 1371 magis

2232 1407 2317 1453 est
2334 1399 2678 1469 tolerandus,
2702 1417 2868 1472 quam
2892 1402 3327 1472 distringendus,
3356 1400 3481 1469 quia
3498 1398 3538 1431 δι
3560 1407 3744 1451 rectores

2234 1487 2490 1548 Ecclesiae
2520 1508 2551 1548 a
2576 1492 2689 1549 Deo
2716 1494 2997 1563 judicandi
3037 1501 3188 1557 sunt,
3223 1492 3367 1548 sicut
3401 1490 3475 1544 ait
3502 1488 3742 1559 propheta:

2236 1582 2375 1639 Deus
2413 1586 2559 1640 stetit
2609 1586 2661 1641 in
2697 1584 2981 1658 Synagoga
3022 1587 3282 1651 deorum,
3334 1584 3389 1637 in
3437 1582 3742 1636 medicante!

2233 1679 2356 1733 deos
2387 1678 2652 1747 dijudicat
2671 1679 2738 1733 ⁸³.
2772 1676 2927 1734 Unde
2959 1687 3173 1749 Oportet
3203 1687 3629 1745 unumquemque
3649 1670 3741 1724 lide-

2166 1745 2204 1799 Β
2233 1770 2361 1835 lem,
2392 1745 2449 1826 si
2466 1770 2662 1826 viderit
2696 1779 2796 1826 aut
2825 1745 3144 1842 cognoverit
3176 1768 3366 1840 plebes
3395 1766 3635 1819 adversus
3683 1772 3745 1828 pa-

2226 1870 2600 1917 storemsuum
2626 1870 2932 1916 tumescere
2958 1902 2973 1925 ,
3038 1868 3135 1915 aut
3165 1864 3363 1913 contra
3400 1854 3590 1910 clerum
3613 1847 3742 1901 detra-

2233 1953 2507 2009 ctionibus
2534 1969 2751 2021 vacare,
2775 1954 2882 2009 hoc
2904 1953 3093 2010 vitium
3124 1967 3230 2023 pro
3253 1949 3460 2005 viribus
3484 1943 3742 2009 exstirpare.

2233 2046 2641 2117 prudenterque
2685 2046 2962 2117 corrigere
2984 2056 3222 2117 satagat.
3256 2043 3367 2099 Nec
3394 2041 3472 2097 eis
3499 2041 3548 2095 in
3571 2036 3741 2109 quibus-

2232 2156 2449 2210 cunque
2476 2140 2710 2211 negotiis
2735 2139 2956 2197 misceri
2980 2182 2995 2208 ,
3036 2140 3081 2196 si
3112 2136 3513 2207 incorrigibiles
3538 2142 3743 2202 apparue-

2234 2234 2363 2299 rint,
2392 2242 2687 2303 antequam
2719 2249 2821 2288 suo
2854 2232 3280 2289 reconcilientur
3306 2226 3543 2293 doctori,
3585 2233 3741 2294 pnsu-

2235 2334 2380 2380 mat:
2420 2324 2747 2396 quoniam“
2792 2334 2901 2379 tam
2925 2324 2971 2356 “
3006 2324 3361 2388 sacerdotes,
3410 2332 3563 2390 quam
3599 2307 3741 2379 reli‘l‘li

2233 2417 2418 2475 ﬁdeles
2441 2432 2655 2483 omnes,
2680 2431 2952 2473 summam
2976 2432 3167 2472 curam
3196 2416 3398 2472 habere
3418 2412 3599 2469 debent
3615 2410 3666 2464 de
3683 2407 3741 2462 bis

2231 2509 2325 2579 qui
2348 2516 2594 2579 pereunt,
2626 2516 2899 2578 quatenus
2928 2523 3120 2563 eorum
3148 2506 3534 2575 redargutione
3561 2508 3640 2556 aut
3659 2512 3741 2553 cor-

2234 2603 2482 2673 rigantur
2503 2615 2534 2653 a
2556 2598 2825 2669 peccatis,
2852 2609 2966 2665 aut,
3008 2599 3053 2655 si
3096 2599 3500 2672 incorrigibiles
3536 2605 3740 2666 appar-nev

2231 2691 2359 2757 rint,
2383 2690 2453 2745 ab
2474 2688 2721 2746 Ecclesia
2742 2699 3086 2760 separentur.

2301 2800 2348 2834 “
2374 2800 2453 2857 Ita
2484 2817 2615 2875 ergo
2639 2801 2685 2833 “
2712 2802 2903 2857 beatus
2928 2803 3185 2873 princeps
3210 2802 3569 2874 apostolorum
3599 2795 3739 2849 Petrus

2230 2894 2298 2950 de
2339 2906 2529 2950 sancto
2568 2894 2969 2964 praedecessore
3006 2905 3202 2951 nostro
3249 2895 3524 2950 Clemente
3550 2886 3739 2960 plebibus

2231 2986 2580 3056 praedicando
2604 3026 2620 3052 ,
2666 2986 2888 3057 quando
2936 2987 3171 3042 docebat
3199 3004 3295 3044 eas
3325 2986 3550 3058 qualiter
3576 2980 3617 3035 ei
3647 2976 3737 3030 ohe

2157 3082 2198 3140 C
2232 3078 2349 3133 dire
2400 3078 2702 3145 deberent,
2751 3092 2988 3149 eumque
3042 3079 3378 3144 observare,
3426 3076 3557 3130 inter
3595 3078 3736 3125 cetera

2232 3170 2412 3224 ait":
2452 3188 2474 3222 ‹
2510 3168 2569 3224 Si
2617 3169 2875 3225 inimicus
2916 3179 3000 3225 est
3040 3170 3208 3227 alicui
3253 3186 3353 3241 pro
3398 3168 3594 3223 actibus
3626 3158 3734 3217 suis.

2233 3278 2329 3319 vos
2359 3263 2527 3317 nolite
2556 3272 2897 3333 exspectare,
2930 3272 2991 3323 ut
3017 3264 3134 3333 ipse
3164 3264 3324 3320 vobis
3350 3262 3509 3317 dicat.
3539 3256 3653 3311 Cum
3672 3250 3736 3302 illo

2232 3355 2399 3409 nolite
2426 3354 2588 3409 amici
2618 3369 2773 3409 esse:
2809 3355 2903 3410 sed
2933 3356 3234 3425 prudenter
3257 3354 3539 3410 observare
3559 3340 3733 3401 debetis

2229 3453 2284 3500 et
2320 3446 2591 3501 voluntati
2645 3444 2766 3515 ejus
2815 3446 3022 3516 absque
3064 3445 3491 3501 commonitione
3528 3437 3737 3494 obsecun-

2229 3535 2389 3601 dare,
2417 3544 2471 3590 et
2500 3542 2748 3590 avertere
2775 3550 2875 3591 vos
2903 3537 2973 3590 ab
2986 3552 3098 3607 po,
3135 3539 3227 3593 cui
3261 3539 3436 3608 ipsum
3463 3527 3649 3588 sentitis
3669 3520 3736 3576 ad-

2229 3642 2481 3682 versum:
2507 3627 2599 3682 sed
2626 3642 2726 3682 nec
2746 3627 2897 3696 loqui
2920 3628 3005 3683 his
3034 3630 3238 3698 quibus
3269 3631 3384 3699 ipse
3404 3641 3507 3682 non
3530 3618 3734 3690 loquitur.

2230 3727 2288 3773 ut
2333 3719 2715 3790 unusquisque
2765 3720 2857 3789 qui
2890 3720 2944 3774 in
2976 3722 3134 3791 culpa
3181 3732 3301 3784 est,
3332 3722 3456 3777 dum
3502 3712 3632 3782 cupit
3653 3720 3736 3761 om-

2230 3808 2382 3862 nium
2411 3818 2653 3863 vestrum
2682 3809 2957 3865 amicitias
2986 3810 3148 3873 ferre,
3182 3812 3402 3867 festinet
3425 3808 3575 3863 citius
3591 3810 3734 3855 reco'r

2227 3901 2401 3955 ciliari
2436 3902 2487 3956 ei
2518 3902 2613 3971 qui
2638 3902 2896 3957 omnibus
2923 3914 3138 3973 praeest,
3169 3918 3233 3961 ut
3262 3920 3357 3975 per
3388 3903 3486 3956 hoc
3515 3895 3667 3953 redeat
3687 3884 3731 3939 ad

2228 3994 2481 4056 salutem.
2512 4008 2634 4047 cum
2668 3993 2891 4049 obedire
2922 3997 3149 4065 crepet-it
3181 3996 3402 4051 monitis
3433 3978 3730 4058 praesidentis.

2229 4082 2285 4137 Si
2309 4098 2440 4138 vero
2468 4084 2594 4154 quis
2618 4086 2829 4141 amicus
2858 4086 3023 4141 fuerit
3047 4088 3132 4142 his
3156 4089 3362 4157 quibus
3390 4087 3498 4154 ipse
3529 4092 3621 4132 non
3651 4074 3730 4127 est,

2224 4184 2279 4229 et
2316 4175 2533 4230 locutus
2590 4174 2756 4230 fuerit
2806 4177 2890 4230 his
2937 4179 3139 4247 quibus
3189 4181 3306 4248 ipse
3357 4190 3465 4230 non
3511 4164 3731 4236 loquitur.

2226 4282 2368 4320 unus
2392 4272 2476 4321 est
2504 4276 2557 4322 et
2588 4266 2702 4337 ipse
2735 4283 2800 4322 ex
2833 4268 2939 4322 illis
2970 4269 3065 4339 qui
3095 4269 3460 4324 exterminare
3488 4259 3570 4314 Dei
3593 4249 3731 4307 Eccle-

2226 4358 2362 4412 siam
2390 4359 2618 4426 volunt;
2659 4378 2679 4411 ι
2715 4372 2770 4414 et
2792 4360 3019 4430 reliqua.
3062 4359 3160 4415 llis
3203 4362 3433 4430 aliisque
3472 4364 3615 4425 quam
3640 4342 3729 4412 plu-

2156 4440 2195 4493 ο
2224 4451 2379 4506 rimis
2426 4451 2810 4519 documentis,
2864 4451 3027 4508 facile
3082 4453 3457 4524 unusquisque
3507 4441 3733 4497 advertere

2224 4551 2403 4611 potest
2442 4544 2680 4613 qualiter
2722 4545 2947 4600 obedire
2976 4556 3030 4601 et
3059 4547 3434 4616 obtemperare
3462 4537 3605 4593 debet
3628 4535 3731 4623 Pr?

2227 4633 2425 4702 positis
2453 4637 2591 4702 suis,
2616 4646 2671 4691 et
2695 4637 2928 4706 qualiter
2958 4639 3103 4694 circa
3129 4654 3225 4694 eos
3254 4635 3512 4708 agendum
3538 4626 3616 4687 sit.
3641 4630 3732 4708 illi"

2220 4723 2322 4777 bus
2351 4724 2453 4793 ίΡεί
2489 4734 2586 4780 aut
2613 4728 2775 4781 amici
2811 4735 2974 4794 sunt,
3013 4740 3109 4785 aut
3140 4707 3368 4785 inimici.
3408 4724 3461 4779 Si
3487 4718 3596 4789 quis
3620 4707 3727 4764 enim

2222 4814 2336 4869 haec
2373 4829 2641 4889 Ρτεεεθνιε
2671 4836 2781 4875 non
2818 4823 3232 4890 observaverit,
3278 4820 3449 4877 hostis
3478 4820 3553 4869 est
3577 4802 3731 4861 suum"

2220 4919 2368 4968 sua:
2397 4916 2452 4963 et
2475 4924 2588 4964 non
2614 4919 2823 4966 tantum
2856 4912 3075 4970 infamis
3097 4955 3112 4980 ,
3143 4916 3235 4970 sed
3265 4922 3317 4967 et
3345 4892 3729 4966 excommunica-

2219 5005 2331 5063 tus,
2367 5010 2531 5071 atque
2573 5004 2785 5062 alienus
2817 5005 2887 5061 ab
2913 5004 3156 5061 Ecclesia
3186 5006 3477 5065 elIiciatur;
3517 4983 3726 5062 quoniam

3456 5202 3498 5233 ss
3514 5209 3584 5238 ιιι,
3612 5202 3653 5238 α.
3680 5178 3722 5238 ὗν

2257 5212 2517 5301 ξμιιθηιρε
2542 5221 2702 5262 voces
2728 5209 2961 5261 omnium
2988 5207 3357 5264 Ecciesiarttm-
3456 5202 3498 5233 ’⁸
3511 5209 3585 5296 1‘“
3612 5202 3653 5255 q‘

2257 5355 2290 5386 ι,
2410 5277 2825 5386 w-m
2862 5350 2884 5386 .
2926 5278 3235 5386 2:23:02};
3258 5275 3416 5386 sn?-
3488 5271 3717 5386 iam

2083 5391 2623 5480 "necipiiirizwaiias.
2646 5391 2925 5480 άὲὲέρῗιὶτῖἱ.
2940 5391 3617 5480 "3's?"Mimanta.
3648 5391 3716 5480 ᾖ

3171 5471 3291 5543 "in.
3320 5503 3371 5543 «ι.
3402 5483 3463 5543 7.
3494 5471 3717 5543 δεηιὲπω

2161 5503 2588 5555 -.angueuuous.
2670 5503 2710 5521 οι
2751 5503 2896 5545 luem
2946 5503 3070 5546 mm
3171 5503 3371 5549 un,“
3408 5503 3463 5543 Ι,
3494 5503 3713 5530 οων...-

2152 5545 2275 5630 ίδξάο
2354 5558 2833 5620 "Psal.t.xxxr,l.
2911 5503 3715 5630 “xxrv,q.5,1!qm-gac¢rd‘ote:

555 5614 735 5708 fitfit:
764 5600 1167 5708 ξετέξλξιοέἐξ.
1228 5609 1454 5708 Ἣὲι·
1481 5623 1557 5708 ὶετ
1588 5608 1960 5708 ἓὲηέίιοίξὲἓέξτ
1986 5630 2101 5708 ’,εκ

2220 5600 2841 5708 drpretatio-n'eu“Ruﬁni;
2870 5640 2924 5688 et
2950 5600 3286 5697 ἕῖ
3305 5600 3550 5683 inimicus:
3593 5615 3638 5661 ⁸³
3675 5600 3715 5648 δ”

554 5688 757 5740 decret.
790 5686 983 5741 Leonis
1020 5702 1185 5755 papas.
1268 5682 1431 5734 “ius.
1468 5682 1557 5733 Ait
1588 5696 1729 5751 ergo.
1809 5682 1849 5714 ⁸⁷
1868 5699 1968 5738 ms.
2000 5687 2098 5738 ita.
