4074 6154
436 335 539 391 sl'l

1849 333 2231 393 EPISTULA}.

3574 329 3679 384 8l8

436 444 663 511 necesse
679 459 771 508 est
797 466 861 508 ea
888 450 1016 507 vitis
1044 450 1189 505 ferro
1229 449 1554 505 abscindere
1584 464 1707 521 qua:
1741 449 1864 507 aliis
1897 466 2012 506 me-
2040 456 2086 512 Α
2113 450 2249 506 mini
2293 450 2541 506 noceatis
2567 491 2584 517 ,
2632 460 2904 521 quatenus
2935 457 2991 505 et
3028 449 3097 505 ab
3125 446 3439 505 hominibus
3480 447 3677 503 bonam

435 546 806 604 dieaminibus
848 559 958 598 non
1003 553 1288 600 sanantur.
1334 540 1527 597 Pareat
1563 542 1943 612 unusquisque
1976 557 2009 597 a

438 637 771 696 laceratione
792 635 875 692 vel
893 634 940 667 “
962 634 1301 691 detractione
1332 633 1531 701 linguae
1556 647 1690 698 suae,
1714 641 2012 703 caveatun

440 748 508 788 ne
534 740 629 785 aut
655 729 896 799 linguam
921 734 1014 781 aut
1042 740 1203 781 aures
1232 724 1430 779 habeat
1463 724 1794 794 prurientes,
1820 723 1874 777 id
1903 732 2007 789 est,

439 840 509 881 ne
552 831 649 879 aut
695 822 821 877 aliis
851 820 1114 891 deroget,
1151 817 1511 887 detrahatque
1553 815 2009 885 quibuscunque,

441 926 536 975 aut
566 916 703 971 alios
732 914 918 969 audiat
945 913 1270 983 derogantes
1300 911 1385 966 vel
1415 910 1798 965 detrahentes:
1824 916 2013 964 custo-

421 990 665 1080 'diatque
693 1008 928 1079 quisque
962 1020 1244 1061 sermones
1271 1018 1426 1070 suos,
1454 1011 1509 1059 et
1539 1002 1697 1068 sciat,
1726 1001 1855 1072 quia
1888 999 2012 1071 qui-

443 1116 659 1171 cunque
686 1099 755 1155 de
776 1100 901 1154 aliis
933 1096 1197 1168 loquitur,
1222 1112 1320 1151 sua
1355 1093 1620 1149 sententia
1647 1093 2007 1163 judicabitur.

437 1194 639 1249 Caveat
659 1191 825 1246 etiam
848 1190 1029 1245 omnis
1051 1188 1258 1254 ﬁdelis,
1299 1202 1369 1242 ne
1410 1185 1721 1257 derogando
1764 1184 1909 1255 quod
1954 1184 2009 1240 in

439 1289 604 1343 domo
633 1285 957 1355 cujusquam
989 1282 1167 1351 agitur
1189 1323 1203 1348 ,
1235 1280 1341 1334 alia
1370 1279 1567 1334 domus
1601 1293 1699 1349 per
1742 1293 1866 1331 eum
1909 1292 2010 1332 co-

438 1386 666 1452 gnoscat
688 1420 703 1446 ,
735 1378 831 1433 sed
874 1377 1120 1432 omnium
1158 1371 1597 1429 Christianorum
1628 1371 1821 1426 domos
1853 1371 2008 1440 quasi

438 1472 690 1542 proprias
720 1476 884 1524 amet.
918 1465 1089 1522 Nemo
1114 1467 1260 1521 enim
1298 1464 1467 1518 invito
1506 1463 1743 1518 auditori
1778 1462 2011 1516 libenter

437 1564 623 1619 refert.
660 1562 852 1632 Sitque
888 1558 1325 1629 uniuscujusque
1361 1556 1601 1611 studiuln
1626 1596 1643 1623 ,
1677 1569 1790 1609 non
1829 1554 2008 1609 solum

436 1657 630 1712 oculos
656 1664 840 1711 castos
869 1667 1108 1717 servare,
1141 1650 1234 1706 sed
1266 1658 1320 1704 et
1350 1648 1615 1718 linguam.
1650 1644 1762 1702 Vos
1795 1654 2002 1711 autem,

438 1747 750 1805 charissiml
775 1786 792 1812 ,
824 1746 916 1816 qui
945 1744 1079 1799 estis
1108 1743 1209 1799 sub
1236 1740 1453 1797 Domini
1483 1738 1771 1809 disciplina
1794 1736 2000 1793 consti-

438 1842 562 1909 tuti,
589 1840 671 1897 sic
698 1853 797 1895 vos
824 1836 1096 1903 exhibete,
1134 1844 1193 1889 ut
1225 1833 1339 1889 veri
1370 1832 1609 1887 ministri
1639 1829 1755 1886 et"
1782 1830 2004 1900 dispen-

439 1943 648 1992 satores
693 1931 1075 2004 mysteriorum
1120 1927 1242 1998 ejus
1262 1927 1345 1994 '°,
1402 1934 1464 1980 ut
1510 1940 1619 1979 non
1669 1922 2008 1993 vituperetur

440 2023 799 2079 ministerium
822 2030 1089 2084 vestrum,
1117 2034 1184 2073 ne
1214 2019 1305 2072 iiat
1336 2016 1389 2072 in
1418 2015 1571 2071 vobis
1596 2057 1610 2081 ,
1665 2011 1827 2069 sicuti
1867 2023 2003 2065 εει-ι-

438 2129 588 2189 ptum
619 2127 733 2172 est:
760 2115 826 2169 Et
853 2116 950 2170 erit
980 2115 1116 2168 sicut
1138 2112 1395 2183 populus,
1430 2113 1507 2164 sic
1537 2108 1781 2163 sacerdos
1796 2106 1886 2160 “‘.
1911 2103 2004 2160 Sic

436 2210 584 2267 enim
608 2224 704 2264 vos
725 2248 740 2275 ,
771 2216 1121 2276 vestrosque,
1162 2213 1218 2259 et
1242 2209 1469 2258 cunctos
1500 2199 1753 2268 corripite
1771 2239 1787 2266 ,
1819 2206 1879 2252 ut
1908 2212 2005 2252 ne-

2118 541 2420 614 acquiratis
2460 542 2660 598 famam
2688 582 2703 607 ,
2736 552 2789 598 et
2818 558 2849 596 a
2873 542 2985 598 Deo
3015 544 3281 599 mercedis
3310 540 3590 613 praemium
3625 543 3677 597 in

2111 644 2313 690 aeterna
2343 635 2679 691 beatitudine
2711 618 2986 706 percipere
3013 635 3351 691 mercamini.
3382 632 3447 688 Et
3475 634 3520 690 si
3548 635 3680 705 quid

2113 726 2329 782 adversi
2360 727 2426 781 de
2446 726 2661 803 ynitatc
2690 724 2946 781 Ecclesia:
2974 728 3250 793 acciderit,
3279 728 3541 783 radicitus
3567 744 3682 781 am-

2114 827 2351 891 putetur,
2380 826 2439 872 ut
2463 818 2555 873 Dei
2580 817 2819 873 Ecclesia
2840 862 2855 886 ,
2905 817 3221 888 fructusque
3251 835 3530 875 servorum
3560 821 3681 891 ejus

2111 918 2370 965 maneant
2396 910 2744 968 inconcussa.
2779 909 3005 980 Propter
3029 910 3188 980 quod,
3218 913 3535 978 charissimi,
3587 928 3682 966 ea:-

2117 1010 2414 1071 spectantes
2450 1003 2700 1071 satagite,
2744 1002 3073 1055 immarulati
3110 1005 3158 1057 ei
3200 1006 3417 1058 inueniri
3446 1006 3501 1058 in
3532 1022 3677 1073 pace,

2109 1103 2161 1149 et
2190 1093 2406 1147 Domini
2435 1094 2601 1146 nostri
2633 1091 2762 1146 Iesu
2797 1093 2998 1148 Christi
3042 1093 3492 1163 longanimitatem
3529 1098 3679 1152 salu-

2113 1198 2216 1242 tem
2247 1184 2592 1239 arbitramini
2615 1186 2682 1241 ⁸¹.
2720 1184 2903 1239 Estote
2944 1202 3065 1255 ergo
3096 1188 3412 1255 prudentes,
3462 1198 3511 1243 et
3550 1191 3682 1260 vigi-

2112 1278 2218 1333 late
2267 1278 2321 1331 in
2364 1276 2732 1331 orationibus:
2760 1286 2880 1329 ante
2924 1277 3102 1330 omnia
3140 1287 3316 1333 autem
3358 1290 3591 1334 mutuam
3629 1282 3680 1334 in

2112 1370 2493 1439 nobismetipsis
2540 1368 2851 1422 charitatem
2891 1371 3195 1424 continuam
3241 1372 3518 1437 habentes;
3554 1377 3680 1443 quia

2112 1464 2349 1517 charitas
2381 1463 2544 1531 operit
2575 1462 2970 1516 multitudinem
2996 1473 3352 1532 peccatorum.
3381 1465 3681 1536 Hospitales

2112 1557 2331 1610 invicem
2364 1555 2476 1608 sine
2505 1556 2944 1610 murmuratione.
2988 1554 3388 1627 Unusquisque,
3420 1559 3556 1612 sicut
3587 1576 3681 1613 ac-

2111 1648 2246 1717 cepit
2290 1647 2521 1717 gratiam
2541 1689 2556 1713 ,
2597 1647 2651 1701 in
2681 1647 2998 1701 alterutrum
3028 1648 3179 1701 illam
3211 1650 3676 1719 administrantes,

2110 1739 2248 1791 sicut
2287 1736 2407 1791 boni
2447 1738 2832 1808 dispensatores
2874 1738 3218 1810 multiformis
3250 1744 3435 1811 gratim
3470 1742 3585 1796 Dei.
3618 1741 3677 1798 Si

2112 1830 2229 1899 quis
2256 1828 2512 1900 loquitur,
2544 1830 2680 1883 sicut
2708 1846 2969 1885 sermones
2998 1830 3133 1886 Dei:
3162 1834 3208 1886 si
3237 1834 3353 1903 quis
3384 1835 3676 1897 ministrat,

2116 1929 2370 1992 tanquam
2396 1936 2461 1976 ex
2489 1922 2718 1989 uirtute,
2750 1938 2909 1992 quam
2940 1921 3282 1978 administrat
3314 1925 3451 1979 Deus
3474 1967 3491 1993 ,
3528 1935 3583 1978 ut
3622 1928 3675 1980 in

2114 2014 2355 2067 omnibus
2386 2013 2764 2083 honoriﬁcetur
2811 2012 2948 2067 Deus
2970 2055 2986 2079 ,
3028 2032 3120 2083 per
3153 2013 3337 2069 Iesum
3374 2016 3675 2083 Christum,

2111 2106 2195 2159 cui
2242 2114 2318 2159 est
2368 2105 2541 2176 gloria
2581 2114 2632 2159 et
2680 2105 2955 2175 imperium
2997 2108 3055 2161 in
3102 2110 3299 2164 sarcula
3342 2110 3696 2176 saeculorum.“

2112 2200 2276 2252 Amen
2291 2197 2358 2250 ”.

451 2380 3658 2414 Mm

1090 2514 1339 2609 Ι)υο
1416 2513 1959 2605 DECRETA
2048 2511 2636 2604 ANACLETI
2716 2509 3051 2602 PAPJE

1799 2708 1891 2765 EX
1936 2704 2309 2766 GRATIANO.

509 2860 684 2929 Quare
705 2862 833 2918 laici
858 2864 914 2921 in
940 2864 1277 2920 accusatione
1307 2864 1671 2936 episcoporum
1695 2874 1798 2915 non
1826 2874 1928 2913 au-

1097 2936 1337 2990 diuntur.

2107 2865 2301 2909 omnes
2327 2850 2593 2922 episcopi,
2619 2848 2714 2921 qui
2747 2848 2913 2921 hujus
2939 2850 3252 2922 apostolica:
3280 2849 3425 2906 sedis
3452 2848 3675 2905 ordina-

2109 2944 2244 3001 tioni
2270 2943 2574 3015 subjacent,
2602 2950 2658 2998 et
2678 2940 2772 3013 qui
2798 2942 3090 3013 propinqui
3121 2948 3283 3009 sunt,
3314 2955 3495 2995 annue
3525 2940 3673 2995 circa

508 3025 557 3060 ’³
580 3024 727 3081 Ῑιθίοί
754 3026 809 3082 in
837 3027 1184 3084 accusatione
1204 3026 1586 3097 episcoporum
1611 3022 1867 3082 audiendi
1892 3036 2001 3078 "0“
2029 3069 2073 3127 ε
2106 3037 2233 3094 ldus
2262 3035 2391 3091 Maii
2417 3043 2732 3091 sanctorum
2756 3034 3070 3106 principum
3095 3033 3238 3089 Petri
3270 3043 3324 3090 et
3350 3032 3501 3087 Pauli
3530 3030 3676 3087 limi-

435 3128 584 3186 sunt,
611 3119 741 3190 quia
770 3120 970 3191 oppido
1006 3120 1086 3176 eis
1114 3119 1335 3190 quidam
1365 3118 1548 3175 inlicin
1576 3126 1725 3174 sunt.
1758 3116 1824 3171 Et
1854 3116 2001 3172 indie

434 3226 602 3282 gnum
632 3220 717 3266 est
743 3220 802 3266 ut
831 3211 899 3265 ab
925 3210 1006 3268 els
1033 3218 1382 3280 aecusentur,
1414 3210 1507 3282 qui
1537 3224 1731 3267 eorum
1763 3208 2002 3280 gravita-

433 3310 542 3358 tem
569 3303 758 3358 nolunt
782 3303 1004 3359 imitari.

434 3412 671 3485 Singulis
690 3419 856 3488 annis
885 3417 1242 3488 apostolorum
1276 3420 1463 3473 limina
1493 3419 1704 3473 visitent
1736 3417 1999 3488 episcopi,

608 3487 699 3557 qui
733 3487 1151 3542 ordinationibus
1198 3489 1503 3561 apostolicis
1530 3487 1822 3557 subjacent.

508 3577 557 3611 “
574 3576 739 3636 Juxta
764 3591 1084 3637 sanctorum
1102 3581 1329 3639 Patrum
1350 3592 1404 3640 et
1424 3598 1698 3641 canonum
1728 3583 2000 3651 instituta,

2106 3129 2270 3184 nibus
2314 3133 2711 3196 praesententur
2734 3166 2751 3193 ,
2779 3126 2928 3181 omni
2955 3127 3244 3183 occasione
3280 3125 3538 3197 seposita.
3567 3123 3674 3191 Qui

2105 3234 2238 3274 vero
2265 3217 2332 3272 de
2359 3217 2658 3288 longinquo
2688 3227 2836 3286 sunt,
2862 3218 3019 3288 juxta
3057 3218 3478 3289 chirographum
3509 3232 3671 3271 suum

2108 3309 2385 3382 impleant.
2455 3308 2560 3375 Qui
2626 3316 2806 3364 autem
2880 3309 3196 3379 hujusmodi
3266 3308 3671 3364 constitutionis

2107 3407 2455 3471 contemptor
2513 3399 2822 3464 exstiterit,
2876 3406 3235 3469 praeterquam
3287 3398 3335 3453 si
3389 3397 3669 3467 asgritudi-

2105 3507 2173 3548 ne
2220 3490 2387 3548 fuerit
2429 3491 2722 3560 detentus,
2770 3490 2909 3545 sciat
2960 3504 3019 3545 se
3066 3488 3346 3545 canonicis
3386 3488 3671 3559 subiacere

2104 3583 2409 3640 sententiis.

511 3714 627 3797 lfin
671 3732 759 3789 ep.
794 3716 945 3797 2_D.
990 3718 1209 3777 Hieron.
1254 3722 1347 3797 _ad
1404 3720 1797 3797 Nepotianum,
1824 3724 1983 3795 cujus
2031 3724 2197 3797 verba
2236 3727 2375 3797 mire
2420 3722 2725 3797 deformata
2779 3724 3072 3797 mangonio
3109 3723 3285 3797 nostri
3298 3722 3663 3797 “Mercatoris.

424 3786 469 3815 δ’
502 3786 666 3842 Zach.
697 3786 815 3859 cap.
849 3788 904 3857 3,
932 3805 1032 3859 pro
1063 3808 1214 3849 more
1251 3786 1593 3919 interpolata.
1654 3792 1736 3849 l"’1
1760 3786 1910 3851 Cor.’
1936 3811 2009 3861 xv,
2042 3795 2094 3851 1.

422 3863 495 3910 tr.
536 3874 610 3925 tv,
636 3858 687 3923 7,
714 3859 796 3914 ll.
910 3860 1041 3925 ",tt,
1074 3873 1265 3925 quaest.
1299 3866 1352 3925 7,
1443 3882 1547 3920 arci
1574 3865 1956 3925 episcoporum.
1997 3864 2094 3922 Eat

910 3860 1041 3932 f’Jt,
1074 3873 1265 3932 quaest.
1299 3866 1352 3930 7,

2186 3798 2255 3829 ⁸ο·
2294 3795 2401 3853 lsa.
2426 3812 2577 3862 sxw,
2600 3796 2657 3851 2.
2730 3793 2834 3849 "ll
2865 3792 3007 3853 Pétr.
3035 3811 3119 3863 Ill,
3149 3796 3238 3862 M,
3266 3794 3353 3849 l5.
3428 3793 3512 3847 ⁵³1
3564 3792 3667 3848 Pes

1443 3866 1547 3940 ςιξεὶ
1574 3865 1956 3940 episcoporum.
1997 3864 2199 3940 Eadem
2241 3866 2354 3940 fere
2376 3868 2539 3923 verba
2576 3868 2849 3924 habentur
2875 3868 2929 3926 in
2967 3866 3199 3940 epistola
3237 3864 3453 3925 Eusebii
3495 3878 3664 3936 papae.

426 3925 476 3963 ⁸⁵
513 3926 614 3997 95,
642 3929 772 3987 dist.
796 3930 850 3987 1.
887 3925 1059 3986 Juxta
1094 3925 1401 3990 sanctorum
1426 3925 1674 4003 Patrum,
1715 3925 1771 3993 et
1830 3937 1884 3991 in
1910 3936 2066 3995 Decr.
2095 3934 2376 4003 Zachariae
2403 3952 2575 4009 papae.
