4074 6154
487 325 3720 377 M

867 518 2077 766 SANCTUS
2266 520 3368 736 HERMAS

1543 896 1757 989 VIP.
1827 890 2682 985 APOSTOLICUS.
3712 952 3723 969 ,

726 1333 1422 1454 VETERUM
1502 1328 2335 1446 TESTIMONIJ

1882 1328 2401 1446 IMONIA
2472 1328 2653 1439 DE
2739 1326 2861 1441 S.
2951 1328 3482 1443 ΗΕΒΜΑ.

1059 1580 1354 1649 (6mm,
1374 1579 1609 1633 Veterum
1630 1579 1839 1630 Patrum
1861 1575 2177 1639 Bibliotheca,
2201 1582 2238 1627 t.
2276 1577 2316 1637 Ι,
2343 1531 2596 1636 Venetus:
2620 1573 2758 1636 1765,
2778 1574 2943 1625 ιιι-ἰοὶ.
2987 1588 3037 1639 p.
3063 1575 3166 1638 5L)

1011 1892 1071 1949 S.
1100 1893 1368 1962 Ιιιιιιιισι,
1401 1893 1669 1951 adversus
1696 1891 1959 1960 Hal-eses,
1991 1891 2086 1949 lib.
2122 1906 2195 1958 Iv,
2221 1909 2339 1963 cap.
2367 1890 2471 1960 20,
2504 1908 2620 1947 nun:

1588 1908 1669 1951 ms
1696 1891 1959 1960 Περι-θῦσε,
1991 1891 2086 1949 lib.
2122 1906 2195 1958 Iv,
2221 1909 2339 1963 cap.
2367 1890 2471 1960 20,
2504 1908 2654 1947 num.
2686 1890 2744 1959 9,
2774 1889 2905 1946 edit.
2942 1889 3197 1947 Massuet.

560 2032 703 2108 Bene
727 2048 868 2108 ergo
905 2033 1277 2103 pronuntiavit
1307 2035 1613 2108 Scriptura,
1641 2053 1764 2108 quae
1794 2037 1928 2093 dicit
1956 2056 1970 2093 :
2006 2036 2189 2092 Primo
2216 2038 2452 2092 omnium
2478 2038 2650 2104 crede,
2684 2037 2933 2108 quoniam
2970 2054 3105 2091 unus
3135 2044 3212 2091 est
3245 2031 3529 2108 Deus,_qui
3553 2027 3734 2108 omnia

560 2054 703 2087 nene
740 2054 868 2104 ergo
906 2054 1277 2103 pronunuavu
1308 2054 1425 2093 acri
1468 2054 1613 2105 tura,
1641 2054 1764 2108 qua:
1794 2054 1928 2093 dicit
1956 2056 1970 2093 :
2006 2054 2189 2092 Brimo
2216 2054 2452 2092 omnium
2478 2054 2650 2104 creae,
2684 2055 2933 2108 quamam
2970 2054 3105 2091 unus
3135 2054 3212 2091 est
3245 2054 3527 2114 ueus,.qttt
3553 2054 3734 2112 unum.

487 2103 782 2181 constituit,
784 2113 859 2181 __et
888 2108 1288 2181 consummavit,
1318 2118 1381 2181 ει⁸
1400 2054 1527 2179 [egit
1556 2124 1621 2163 ea:
1653 2125 1712 2163 eo
1742 2110 1882 2181 quod
1914 2126 2017 2163 non
2044 2117 2197 2173 erat,
2228 2117 2288 2162 ut
2323 2118 2493 2163 essent
2519 2110 2694 2163 omnia
2720 2125 2739 2162 :
2770 2110 3004 2163 omnium
3040 2122 3214 2177 capax
3236 2146 3249 2171 ,
3272 2113 3323 2160 et
3350 2119 3440 2174 qui
3475 2119 3507 2155 ιι
3532 2112 3735 2155 nemine

486 2174 748 2243 capiatur.
784 2173 974 2231 Exstat
999 2176 1093 2231 lib.
1129 2191 1190 2242 ιι,
1219 2173 1411 2236 maud.
1441 2193 1481 2235 ι.

1152 2411 1404 2470 ϐιειιειιε
1436 2413 1615 2481 Mean,
1650 2414 1871 2488 Στρωμ.
1904 2410 2000 2468 lib.
2029 2427 2069 2479 ι,
2102 2427 2220 2480 cap.
2258 2410 2343 2476 l7,
2380 2427 2503 2482 pag.
2545 2412 2672 2477 369,
2696 2412 2827 2466 edit.
2864 2411 3037 2477 Oxon,

557 2522 699 2579 Dicit
724 2535 905 2581 autem
949 2536 1006 2583 et
1034 2528 1251 2591 Pastor,
1290 2527 1532 2597 Angelus
1563 2527 1930 2597 ptenitentiae,
1975 2527 2042 2582 ad
2074 2529 2123 2584 Α

2219 2524 2379 2593 Λέγει
2406 2525 2463 2576 δὲ
2492 2525 2585 2577 καὶ
2611 2528 2644 2579 ὁ
2674 2525 2923 2594 Ποιμὴν,
2958 2528 2988 2581 ὁ
3021 2525 3250 2595 ἄγγελος
3278 2523 3379 2593 τῆς
3426 2517 3737 2592 μετανοίας,

486 2614 764 2683 Bel-mam,
800 2618 867 2673 de
894 2619 1364 2690 pseudopropheta
1406 2636 1422 2674 :
1456 2618 1713 2684 Quaedam
1737 2621 1876 2674 enim
1905 2621 2059 2675 verba

2164 2615 2242 2685 τῷ
2282 2617 2475 2686 Ἑρμᾷ,
2502 2617 2630 2687 περὶ
2662 2614 2757 2668 τοῦ
2799 2616 3275 2688 ψευδοπροφήτου·
3326 2614 3461 2668 Τινὰ
3487 2611 3598 2681 τὰρ
3623 2608 3737 2678 ρή-

485 2726 607 2764 υεηι
647 2710 900 2774 loquitur.
927 2710 1185 2765 Diabolus
1211 2711 1350 2764 enim
1378 2726 1495 2763 eum
1516 2708 1699 2778 implet
1722 2727 1817 2764 suo
1842 2711 2058 2780 spiritu,

2157 2722 2317 2777 ματα
2346 2706 2542 2776 ἀληθῆ
2575 2706 2767 2761 λαλεῖ.
2828 2709 2888 2759 '0
2914 2708 3024 2775 γὰρ
3052 2706 3328 2772 διάϐολος
3358 2703 3544 2759 αὑτὸν
3580 2704 3739 2769 πλη·-

486 2804 535 2855 si
557 2818 707 2859 auem
732 2803 899 2870 possit
936 2818 1005 2856 ea:
1030 2801 1197 2871 justis
1230 2801 1493 2871 frangere.
1526 2796 1648 2855 Lib.
1684 2816 1743 2865 tt,
1767 2802 1951 2856 mand.
1988 2817 2057 2871 ι,

2155 2795 2263 2866 ροῖ
2289 2795 2370 2860 τῷ
2390 2795 2606 2851 ἑαυτοῦ
2635 2796 2941 2865 πνεύματι,
2974 2797 3031 2851 εί
3052 2813 3187 2851 τινα
3216 2795 3539 2862 δυνήσεται
3551 2792 3742 2862 ῥῆξαι

484 2908 605 2963 cap.
640 2894 691 2947 l.

2157 2893 2277 2949 τῶν
2301 2894 2560 2949 δικαίων.

1658 3023 1810 3091 locu,
1840 3025 1999 3094 ibid.,
2031 3042 2149 3097 cap.
2176 3025 2268 3093 29,
2296 3041 2416 3096 pag.
2450 3022 2569 3081 426.

560 3142 753 3198 Divine
779 3158 910 3215 ergo
946 3141 1196 3202 Potestas
1220 3143 1309 3199 illa
1336 3160 1459 3216 qua
1487 3144 1701 3201 Hermae
1724 3146 1970 3217 loquitur
1998 3148 2053 3203 in
2162 3190 2169 3197 .

2162 3190 2172 3197 .
2228 3146 2399 3212 Θείως
2428 3145 2606 3202 τοίνυν
2632 3149 2666 3221 ἡ
2692 3145 2931 3219 Δύναμις
2962 3149 2996 3220 ὴ
3031 3147 3110 3219 τῷ
3140 3147 3317 3220 Ἑρμᾷ
3353 3145 3495 3201 κατὰ
3527 3145 3740 3204 ἀποκάε

488 3236 816 3293 revelatione
843 3255 858 3293 :
910 3234 1165 3304 Visiones,
1192 3237 1388 3308 inquit,
1418 3247 1468 3293 et
1489 3238 1823 3294 revelationes
1845 3252 2057 3311 propter

2158 3238 2319 3310 λυψιν
2347 3238 2617 3294 λαλοῦσα·
2659 3240 2734 3294 Τὰ
2761 3238 3045 3309 ὁράματα,
3070 3240 3235 3314 φησὶ,
3268 3239 3367 3296 καί
3406 3240 3479 3294 τὰ
3513 3239 3744 3294 artaxa-

486 3345 573 3383 eos
594 3331 683 3399 qui
713 3338 834 3383 sunt
867 3328 1068 3399 duplici
1108 3330 1281 3394 corde,
1307 3331 1396 3401 qui
1421 3331 1695 3401 disputant
1731 3332 1787 3385 in
1812 3334 2056 3387 cordibus

2161 3333 2459 3401 λύμματα,
2504 3330 2603 3385 διὰ
2646 3330 2788 3396 τοὺς
2815 3329 3134 3400 διψυύχους,
3172 3330 3315 3398 τοὺς
3343 3326 3742 3398 διαλογιζομέ-

487 3424 620 3490 suis,
643 3422 749 3478 sint
778 3438 860 3491 ea,
883 3438 976 3476 nec
997 3438 1079 3477 ne.
1112 3420 1231 3477 Lib.
1262 3439 1302 3489 ι,
1333 3423 1435 3479 vis.
1468 3439 1551 3492 ιιι,
1576 3439 1695 3494 cap.
1730 3424 1784 3481 4.

2161 3440 2309 3489 νους
2336 3423 2407 3476 ὲν
2432 3421 2561 3489 ταῖς
2590 3420 2862 3491 καρδίαις
2893 3419 3112 3491 αὐτῶν,
3141 3423 3195 3475 εί
3227 3420 3342 3489 ἄρα
3366 3418 3500 3474 ἐστί
3528 3417 3739 3481 ταῦτα,

2162 3515 2200 3585 ἢ
2234 3517 2345 3571 οὐκ
2375 3515 2563 3569 ἐστιν.

1649 3625 1803 3697 locu,
1833 3629 1927 3683 lib.
1964 3644 2024 3696 ιι,
2053 3647 2170 3700 cap.
2205 3631 2255 3698 l,
2292 3648 2414 3703 pag.
2448 3633 2573 3688 450.

560 3774 698 3830 Dicit
732 3774 900 3840 enim,
934 3789 1059 3844 qua:
1085 3770 1298 3827 Hermae
1324 3770 1378 3826 in
1414 3771 1630 3828 visione
1652 3774 1925 3844 apparuit,
1956 3773 2063 3829 Po—
2091 3782 2135 3838 Β

2128 3790 2135 3836 ι
2234 3778 2371 3848 Φησὶ
2402 3776 2511 3848 γὰρ
2547 3779 2605 3831 ὲν
2634 3776 2713 3849 τῷ
2744 3776 2982 3849 ὁράματι
3007 3772 3086 3845 τῷ
3138 3771 3315 3844 Ἑρμᾷ
3366 3772 3400 3842 ἠ
3441 3767 3737 3839 Δύναμιςή

490 3875 658 3921 testas
706 3882 719 3921 τ
778 3864 930 3930 Quod
983 3864 1080 3918 tibi
1127 3862 1383 3935 contingit
1432 3863 1673 3933 revelari,
1715 3865 2052 3925 revelabitur.

2164 3871 2394 3937 φανεῖσα
2411 3885 2424 3899 ·
2468 3871 2539 3921 '0
2565 3869 2674 3923 ἐὰν
2698 3868 3001 3937 ἐνδέχεται
3030 3860 3549 3933 ἀποκαλυφθῆναι,
3594 3861 3736 3915 ἀπο-

489 3954 610 4013 Lib.
644 3972 683 4023 ι,
710 3956 812 4012 vis.
838 3971 920 4023 ιιι,
943 3970 1064 4026 cap.
1092 3954 1146 4009 5.

1009 3970 1064 4026 p.
1092 3954 1146 4009 5.
2151 3958 2616 4030 καλυφθήσεται.

1671 4070 1824 4141 lusu,
1858 4074 2016 4143 ibid.,
2046 4091 2162 4147 cap.
2199 4078 2253 4143 9,
2282 4094 2404 4148 pag.
2429 4078 2557 4133 452.

558 4186 757 4244 Pastor
781 4197 963 4244 autem
1005 4188 1074 4246 de
1114 4190 1181 4247 iis
1208 4193 1342 4250 solis
1365 4195 1460 4265 qui
1485 4195 1861 4265 dormiissent,
1891 4198 2057 4253 verba

2246 4202 2309 4255 '0
2341 4201 2573 4271 Ποιμήν
2602 4201 2680 4266 δὲ,
2709 4199 2894 4263 ἁπλῶς
2924 4198 3018 4251 ἐπὶ
3051 4194 3159 4250 τῶν
3182 4185 3602 4262 κεκοιμημένων
3625 4182 3737 4245 Θεὶς

488 4280 717 4349 faciens,
748 4282 900 4337 novit
922 4285 1189 4354 quosdam
1213 4287 1395 4357 justas
1424 4289 1478 4343 in
1520 4290 1770 4359 gentibus
1796 4300 1849 4351 et
1876 4292 1930 4345 in
1960 4288 2059 4345 Ju-

2162 4293 2260 4365 τὴν
2281 4293 2444 4360 λέξιν,
2474 4294 2713 4356 δικαίους
2740 4288 2849 4347 οἶδέ
2879 4307 3027 4353 τινας
3060 4289 3116 4340 ὲν
3151 4285 3329 4340 ἔθνεσι
3369 4280 3463 4335 καὶ
3500 4281 3562 4332 ὲν
3602 4277 3734 4330 ἰου-

487 4373 642 4440 dacis,
674 4389 780 4428 non
813 4375 988 4430 solum
1016 4385 1140 4432 ante
1165 4376 1457 4434 adventum
1490 4378 1729 4448 Domini,
1767 4382 1862 4437 sed
1887 4383 2049 4437 etiam

2162 4386 2352 4452 δαίοις,
2386 4386 2447 4439 οὐ
2505 4386 2663 4459 μόνον
2709 4383 2816 4455 πρὸ
2858 4381 2960 4453 τῆς
3003 4379 3098 4433 τοῦ
3142 4376 3347 4449 Κυρίου
3393 4369 3732 4444 παρουσίας,

489 4476 615 4520 ante
643 4466 838 4535 legem,
887 4467 982 4537 qui
1022 4466 1135 4524 Deo
1183 4470 1321 4541 grati
1353 4474 1672 4543 acceptique
1715 4472 1950 4536 fuerint:
1997 4484 2061 4531 ut

2164 4475 2302 4530 ἀλλὰ
2334 4478 2429 4531 καὶ
2463 4476 2570 4548 πρὸ
2602 4476 2787 4546 νόμου,
2825 4473 2961 4545 μετὰ
2990 4473 3088 4545 τὴν
3117 4470 3251 4542 πρὸς
3282 4466 3415 4520 Θεὸν
3438 4461 3736 4533 εὐαρέστη-

488 4558 641 4622 Abel,
681 4566 740 4613 ut
768 4557 900 4626 Noe,
937 4568 995 4615 ut
1044 4560 1091 4617 si
1135 4563 1261 4632 quis
1297 4564 1440 4619 alius
1464 4564 1674 4635 justus.
1714 4565 1856 4623 Dicit
1901 4583 2055 4638 ergo,

2160 4586 2265 4634 σιν,
2315 4568 2392 4631 ὠς
2442 4566 2628 4632 Ἅϐελ,
2663 4565 2740 4629 ὡς
2784 4563 2931 4630 Νῶε,
2973 4560 3049 4627 ὡς
3082 4562 3135 4615 εἴ
3172 4578 3255 4623 τις
3285 4559 3471 4628 ἔτερος
3501 4554 3729 4611 δίκαιος.

487 4651 766 4720 apostolos
805 4661 859 4707 et
883 4651 1136 4709 doctores
1160 4656 1255 4726 qui
1299 4658 1668 4726 praedicarunt
1698 4675 1902 4715 nomen
1932 4660 2058 4716 Filii

2155 4661 2295 4733 Φησὶ
2333 4658 2465 4729 γοῦν
2504 4658 2633 4722 τοὺς
2678 4656 3006 4717 ἀποστόλους
3045 4654 3138 4707 καὶ
3181 4647 3557 4710 διδασκάλους,
3608 4642 3734 4703 τοὺς

487 4740 602 4809 Dei,
627 4744 789 4797 etiam
812 4759 937 4798 cum
967 4744 1341 4815 dormiissent,
1369 4758 1638 4819 potestate
1666 4767 1730 4807 ac
1769 4752 1875 4807 lide
1914 4768 2056 4822 prae-

2158 4748 2502 4821 κηρύξαντας
2540 4746 2602 4800 τὸ
2628 4747 2800 4817 ὄνομα
2829 4744 2922 4798 τοῦ
2957 4742 3088 4797 Υίοῦ
3126 4740 3279 4805 Θεοῦ,
3315 4739 3408 4793 καὶ
3439 4733 3732 4806 κοιμηθέν-

486 4834 699 4889 dicasse
730 4834 796 4889 iis
819 4836 913 4905 qui
946 4844 1073 4891 ante
1100 4837 1456 4895 dormierant.
1489 4841 1694 4897 Deinde
1729 4844 1950 4899 subdit:
1984 4842 2053 4895 Et

2156 4858 2276 4905 τας,
2339 4843 2405 4912 τῇ
2439 4839 2663 4912 δυνάμει
2692 4842 2787 4894 καὶ
2813 4842 2880 4911 τῇ
2912 4839 3090 4894 πίστει
3126 4832 3360 4907 κηρύξαι
3387 4833 3500 4894 τοῖς
3532 4842 3731 4901 προκε-

485 4925 609 4996 ipsi,
636 4934 740 4983 etc.
772 4926 891 4982 Lib.
919 4943 1001 4997 ιιι,
1029 4928 1193 4984 simil.
1228 4946 1305 4998 ις,
1329 4950 1448 5002 cap.
1488 4936 1574 4991 16.
2081 4922 2094 4971 ⁴

2081 4918 2123 4975 (ἶ
2158 4933 2534 5003 κοιμημένοις.
2558 4927 2692 4985 Εἶτα
2721 4931 2999 5001 ἐπιφέρεισ
3036 4927 3147 4983 Kal
3171 4925 3359 4989 αὐτοὶ,
3396 4941 3451 4978 κ.
3489 4939 3542 4977 τ.
3572 4920 3622 4975 λ.

1636 5064 1789 5134 incl,
1818 5066 1972 5131 ibid.,
2006 5083 2125 5137 cap.
2166 5066 2256 5132 12,
2285 5083 2407 5137 pag.
2434 5065 2561 5122 458.

555 5172 687 5242 Quae
709 5190 840 5247 ergo
866 5177 1107 5232 continet
1146 5178 1468 5247 Ecclesiam,
1500 5188 1562 5234 ut
1602 5179 1797 5234 Pastor
1837 5180 2049 5249 inquit,

2240 5180 2304 5233 Ἡ
2338 5179 2517 5235 τοίνυν
2547 5179 2839 5251 συνέχουσα
2864 5179 2962 5250 τὴν
3012 5176 3354 5247 Ἐκκλησίαν,
3390 5173 3465 5239 ὥς
3503 5183 3668 5242 φησιν
3692 5175 3724 5225 ὁ

484 5268 680 5332 virtus,
715 5268 846 5323 ﬁdes
894 5277 999 5335 est,
1040 5285 1135 5339 per
1164 5288 1329 5341 quam
1366 5272 1503 5327 salvi
1531 5274 1672 5327 liunt
1709 5274 1867 5327 electi
1912 5272 2047 5328 Dei:

2160 5272 2410 5342 Ποιμὴν,
2433 5273 2621 5344 ἀρετὴ,
2653 5272 2687 5342 ή
2717 5270 2897 5334 πίστις
2920 5270 3057 5335 ἐστὶ,
3081 5270 3150 5323 δι’
3174 5264 3242 5340 ἦς
3275 5268 3535 5333 σώζονται
3567 5266 3618 5318 οἱ
3642 5266 3725 5316 ἐκ·

484 5373 607 5427 qua:
648 5367 829 5411 autem
867 5358 1096 5415 viriliter
1139 5363 1282 5433 agit,
1322 5364 1674 5425 abstinentia.
1722 5363 2051 5434 ,Sequuntur

2159 5365 2337 5417 λεκτοὶ
2357 5362 2452 5417 τοῦ
2474 5363 2607 5417 Θεοῦ
2628 5379 2642 5393 ’
2675 5364 2709 5434 ἡ
2741 5362 2798 5415 δὲ
2822 5361 3199 5434 ἀνδριζομένη,
3224 5360 3530 5431 ἐγκράτεια.
3562 5358 3722 5410 Ἔπε-

485 5463 616 5501 vcro
662 5464 754 5503 eas
790 5448 1143 5519 simplicitas,
1186 5454 1498 5526 disciplina,
1534 5454 1895 5523 innocentia,
1934 5472 2051 5512 mo-

2157 5473 2245 5509 ται
2270 5453 2329 5509 δὲ
2361 5456 2543 5520 αὐτοῖς
2573 5454 2827 5525 ἁπλότης,
2862 5455 3159 5525 ἐπιστήμη,
3185 5451 3406 5515 ἀκακία,
3437 5450 3720 5520 σεμνότης,

484 5538 678 5606 destia,
708 5541 973 5599 Charitas.
1006 5542 1114 5599 ιιιω
1144 5555 1323 5602 autem
1354 5562 1548 5605 omnes
1576 5555 1707 5603 sunt
1736 5548 1861 5605 ﬁliae
1900 5548 2045 5606 ﬁdei.

1982 5549 2045 5606 ei.
2158 5546 2366 5620 ἀγάπη.
2395 5548 2571 5603 Πᾶσαι
2600 5545 2657 5599 δὲ
2686 5539 2844 5600 αὗται
2876 5546 3111 5621 πίστεώς
3138 5547 3243 5600 εἰσι
3276 5542 3591 5629 Θυγατέρες.

487 5627 604 5683 Lib.
632 5646 671 5696 ι,
706 5632 799 5687 vis.
830 5648 911 5701 ιιι,
937 5651 1054 5704 cap.
1078 5634 1131 5690 8.
