4074 6154
1554 301 1848 359 PASTOR.
1886 334 1956 344 —
1992 303 2355 363 PROGJMIA.

2019 304 2355 363 ’Ποῦ-ΖΜΔ.
3526 312 3628 369 826

871 407 1025 480 lusu,
1055 424 1215 469 tract.
1246 429 1402 480 χιιι,
1431 412 1742 472 Comment.
1779 417 1832 470 in
1860 415 2054 472 Matth.
2087 433 2236 483 xxiv,
2261 419 2352 476 42.
2389 421 2543 487 ibid.,
2566 437 2689 492 pag.
2725 419 2850 485 877,
2887 419 2988 476 col.
3018 419 3073 486 2,
3106 418 3169 477 Β.

375 305 490 364 825

443 531 604 595 Nam,
649 531 793 586 sicut
844 529 1078 602 legimus
1107 526 1252 602 apud
1299 524 1601 590 Pastorem,
1629 541 1760 602 rasa
1792 527 1951 597 plena
1975 543 2085 582 non
2114 529 2226 585 cito
2253 531 2378 600 quis
2402 540 2606 602 gustat,
2627 545 2729 586 nec
2756 531 2900 602 enim
2929 542 3212 590 mutantur
3237 533 3432 593 facile:
3461 541 3626 595 semi-

375 605 531 661 nlcna
560 611 744 657 autem
771 595 1091 672 quia'l'acile
1120 595 1422 653 creduntur
1459 597 1689 665 mutari,
1717 595 2036 668 frequenter
2060 595 2374 670 gustantur.
2404 595 2533 657 'Lib.
2564 618 2627 669 11,
2660 601 2840 656 mand.
2867 617 2968 667 x11,
2997 621 3114 674 cap.
3145 605 3199 661 5.

971 742 1127 811 Ῑυειι,
1159 741 1367 799 Homil.
1394 758 1564 810 xxxv,
1597 742 1653 797 in
1691 742 1894 800 Lucam
1938 758 2062 816 cap.
2098 759 2196 811 x11,
2232 742 2323 810 58,
2358 744 2516 813 ibid.,
2545 761 2668 816 pag.
2702 743 2829 811 9'73,
2863 741 2932 810 Β,
2959 741 3022 797 C.

441 882 699 954 Legimus
734 881 805 952 (si
841 888 1028 954 tamen
1064 881 1154 954 cui
1198 880 1379 954 placet
1431 879 1749 954 huiusmodi
1802 880 2132 950 scripturam
2167 881 2436 951 recipere)
2465 880 2712 954 justitite
2732 889 2788 936 et
2829 877 3137 954 iniquitatis
3160 880 3417 954 _angelos
3459 898 3623 954 super

441 898 699 954 Legimus
734 898 805 952 (SI
841 898 1028 936 tamen
1064 898 1154 936 cui
1198 898 1379 952 placet
1433 898 1749 951 IIUJUSIDOGI
1802 898 2132 950 scripturam
2167 898 2436 951 recipere)
2465 898 2696 951 Jusuua:
2732 898 2788 936 et
2829 898 3137 948 iniquitatis
3185 898 3405 950 angelos
3459 898 3520 936 su
3595 898 3620 936 r

367 954 602 1008 Abrahae
637 953 813 1008 salute
848 960 904 1008 et
936 952 1160 1007 interitu
1213 952 1604 1022 disceptantes,
1628 951 1775 1022 dum,
1805 959 2049 1022 utrinque
2081 961 2273 1006 turmae
2318 966 2421 1007 suo
2453 967 2576 1006 eum
2626 951 2818 1005 volunt
2852 947 3344 1022 cmtuivindicare.
3384 898 3620 1016 Quotrgi

368 1025 455 1080 cui
489 1025 761 1094 displicet,
798 1031 1043 1077 transeat
1077 1023 1143 1077 ad
1183 1018 1437 1094 volumen
1471 1021 1618 1092 quod
1658 1021 1816 1094 titulo
1851 1019 2096 1075 Pastoris
2129 1022 2413 1094 scribitur,
2443 1031 2497 1094 et
2550 1022 2799 1094 inveniet
2858 1018 3070 1073 cunctis
3111 1019 3622 1094 hominibusLduos

367 1089 813 1217 adesse'angelos
902 1095 1109 1148 malum
1140 1093 1235 1162 qui
1261 1094 1329 1148 ad
1363 1089 1618 1163 perversa
1653 1091 1996 1156 exhortatur,
2029 1101 2083 1147 et
2129 1092 2335 1146 bonum
2370 1092 2464 1162 qui
2498 1091 2567 1147 ad
2598 1091 2803 1162 optima
2831 1103 3059 1160 quaeque
3090 1089 3529 1159 persuadet.Lib.
3559 1107 3618 1160 11,

367 1183 486 1217 utan
533 1204 547 1217 .
579 1181 653 1217 \‘l.
691 1180 809 1217 cap.
883 1202 898 1217 ι

364 1180 547 1219 uidua.
579 1181 653 1229 γι,
691 1180 809 1234 cap.
841 1180 898 1218 Ζ.

809 1304 940 1360 Ιιιειι
965 1346 980 1371 ,
1018 1313 1145 1362 tom.
1183 1303 1537 1360 lComment.
1575 1303 1632 1360 in
1665 1302 1828 1360 Joan.
1864 1319 1906 1372 1,
1941 1303 1994 1358 l.
2025 1301 2160 1373 Opp.
2195 1311 2321 1356 tom.
2349 1299 2414 1366 ll,

1575 1303 1632 1360 in
1665 1302 1828 1360 Joan.
1864 1319 1906 1372 1,
1941 1303 1994 1358 l.
2025 1301 2160 1373 Opp.
2195 1311 2321 1356 tom.
2349 1299 2414 1366 ll,
2447 1318 2570 1373 pag.
2599 1301 2688 1369 17,
2718 1300 2782 1361 Ε.
2813 1304 2940 1358 edit.
2969 1301 3175 1358 Huetii.

441 1433 586 1488 Ἀλλ’
625 1437 686 1490 οὐ
731 1439 864 1509 παρ’
895 1441 1030 1511 ἡμῖν
1085 1440 1201 1503 τοῖς
1247 1438 1590 1512 πειθομένοις
1634 1439 1716 1492 ὅτι
1753 1437 1815 1503 ἐξ
1839 1436 1940 1492 οὖν

2122 1431 2294 1491 Secus
2350 1449 2481 1490 vero
2521 1435 2662 1506 apud
2706 1450 2812 1491 nos
2840 1446 2925 1492 est
2950 1436 3046 1508 qui
3085 1437 3382 1503 credimus,
3413 1453 3477 1492 ex
3511 1451 3618 1492 non

359 1527 528 1582 ὄντων
549 1527 619 1583 τὰ
641 1529 775 1584 ὄντα
796 1532 1052 1603 ἐποίησεν
1077 1535 1105 1586 ὁ
1124 1532 1276 1598 Θεὸς,
1300 1533 1377 1596 ὡς
1398 1535 1432 1605 ἠ
1460 1533 1643 1604 μήτηρ
1670 1529 1781 1585 τῶν
1801 1527 1942 1584 ἑπτὰ

2037 1535 2261 1590 entibus
2315 1533 2484 1589 Deum
2528 1533 2674 1588 entia
2708 1531 2924 1600 fecisse,
2965 1542 3026 1589 ut
3058 1542 3236 1590 mater
3280 1534 3370 1589 illa
3410 1543 3618 1604 septem

365 1621 662 1694 μαρτύρων
717 1625 776 1678 ἐν
823 1625 1263 1690 Μακκασαῖκοῖς,
1298 1627 1394 1680 καὶ
1423 1627 1454 1680 ὁ
1503 1626 1607 1696 τῆς
1654 1620 1968 1697 μετανοίας”

2038 1633 2348 1697 martyrum
2397 1625 2451 1679 in
2505 1621 2943 1680 Machabteorum
2976 1625 3167 1696 gestis,
3205 1632 3261 1679 et
3287 1622 3619 1694 paenitentiae

357 1711 584 1780 ἄγγελος
607 1714 667 1766 ὲν
688 1712 768 1779 τῷ
797 1713 1041 1785 Ποιμένι
1068 1715 1291 1782 ἐδίδαξε.
1322 1715 1443 1770 Vid.
1472 1715 1575 1784 inf.
1605 1713 1769 1780 lib.l1,
1799 1715 1934 1787 Περὶ

2041 1715 2283 1786 Angelus
2319 1715 2375 1769 in
2399 1713 2626 1769 Pastore
2654 1713 2862 1770 docuit.
2904 1714 3022 1770 Lib.
3049 1731 3090 1782 1,
3129 1717 3231 1772 vis.
3263 1731 3304 1784 1,
3328 1731 3445 1785 cap,
3485 1714 3538 1779 1,
3565 1720 3619 1769 et

355 1803 543 1876 ἀρχῶν
580 1819 700 1876 cap.
735 1805 787 1872 1,
820 1821 977 1862 num.
1011 1806 1065 1862 5.

916 1821 977 1862 11.
1011 1806 1065 1862 5.
2037 1808 2132 1862 lib.
2167 1825 2227 1876 ιι,
2271 1808 2454 1864 mand.
2488 1823 2525 1864 1.

785 1947 937 2014 Ιιιειι,
979 1947 1074 2004 lib.
1105 1965 1144 2014 1,
1182 1947 1320 2020 Περὶ
1349 1947 1534 2020 ἀρχῶν
1567 1963 1687 2018 cap.
1713 1947 1769 2014 3,
1805 1964 1952 2003 num.
1983 1947 2039 2014 5,
2065 1948 2196 2004 edit.
2221 1947 2394 2003 Paris.

1584 1963 1687 2018 :ap.
1713 1947 1769 2014 3,
1805 1964 1952 2003 num.
1983 1947 2039 2014 5,
2065 1948 2196 2004 edit.
2221 1947 2404 2003 Paris.
2442 1964 2562 2006 nov.
2599 1958 2728 2004 tom.
2768 1947 2812 2016 Ι,
2844 1964 2967 2019 pag.
3004 1945 3094 2014 61,
3128 1945 3193 2005 C;

425 2083 559 2160 Nam
593 2086 732 2160 etin
768 2101 836 2141 eo
880 2086 1064 2160 libello
1094 2089 1189 2160 qui
1236 2087 1478 2143 Pastoris
1511 2088 1714 2160 dicitur
1763 2089 1943 2160 angeli
1981 2089 2334 2160 paenitentiae,
2366 2104 2528 2157 quem
2566 2089 2791 2145 Hermas
2823 2089 3190 2160 conscripsit,
3222 2085 3295 2160 ita
3328 2085 3562 2160 refertur
3595 2103 3610 2142 :

352 2155 543 2230 Primo
583 2157 826 2230 omnium
865 2159 1038 2224 crede,
1073 2155 1200 2229 quia
1237 2176 1372 2214 unus
1413 2169 1490 2214 est
1541 2157 1682 2212 Deus
1719 2160 1808 2230 qui
1836 2155 2014 2214 omnia
2043 2161 2236 2214 creavit
2277 2155 2436 2230 atque
2461 2161 2752 2230 composuit
2783 2176 2802 2214 :
2832 2163 2945 2230 qui,
2981 2155 3099 2214 cuin
3125 2157 3259 2213 nihil
3281 2166 3414 2212 esset
3441 2159 3612 2227 prius,

350 2245 463 2283 esse
492 2228 614 2298 fecit
651 2228 830 2282 omnia
858 2246 882 2279 .’
917 2230 1006 2300 qui
1033 2228 1108 2284 est
1139 2231 1320 2284 omnia
1350 2231 1585 2299 capiens,
1616 2228 1739 2300 ipse
1764 2246 1881 2284 vero
1916 2247 1949 2284 a
1990 2232 2194 2285 nemine
2219 2228 2450 2301 capitur.
2485 2228 2606 2286 Lib.
2641 2247 2704 2298 ιι,
2731 2228 2918 2285 mand.
2951 2245 2990 2286 1.

1095 2363 1248 2430 lusu,
1287 2364 1444 2432 ibid.,
1473 2363 1570 2418 lib.
1593 2379 1654 2429 11,
1689 2378 1807 2432 cap.
1832 2363 1886 2430 1,
1918 2380 2064 2419 num.
2092 2365 2147 2430 5,
2174 2363 2214 2419 ι.
2246 2381 2295 2420 c.
2326 2381 2450 2437 pag.
2479 2365 2567 2432 79,
2592 2365 2694 2420 col.
2725 2365 2776 2434 1,
2816 2363 2878 2419 Β.

419 2507 492 2564 Ut
523 2517 707 2562 autem
741 2505 906 2562 etiam
939 2519 1010 2559 ex
1045 2501 1452 2570 Scripturarum
1487 2498 1816 2555 auctoritate
1847 2499 1964 2554 haec
1999 2498 2074 2553 ita
2125 2515 2186 2554 se
2233 2499 2434 2555 habere
2467 2499 2780 2563 credamus,
2828 2500 2953 2555 audi
2989 2499 3266 2568 quomodo
3299 2498 3352 2552 in
3386 2497 3610 2570 Macha-

347 2582 592 2637 haeorum
627 2577 802 2641 libris,
859 2576 953 2630 ubi
1008 2569 1188 2628 mater
1225 2579 1774 2642 septemrmartyrum
1822 2585 1995 2642 unum
2030 2585 2095 2623 ex
2131 2571 2260 2624 ﬁliis
2301 2571 2719 2642 cohortaturrad
2763 2571 3044 2642 toleranda
3082 2577 3377 2642 tormenta,
3404 2569 3470 2622 de
3505 2569 3610 2642 hoc

344 2654 599 2719 dogmate
641 2639 1000 2719 conﬁrmatur
1037 2662 1050 2700 :
1087 2642 1232 2719 Rogo
1278 2639 1347 2707 te,
1395 2641 1500 2711 ﬁli,
1524 2639 1720 2710 respice
1760 2640 1948 2719 caelum
1986 2647 2036 2719 et
2061 2649 2280 2719 terram,
2310 2652 2363 2719 et
2393 2641 2467 2694 ad
2485 2641 2827 2719 pmnidquw
2856 2641 2912 2694 in
2933 2641 3010 2719 eis
3033 2648 3190 2705 sunt‘;
3217 2650 3264 2719 et
3289 2639 3468 2719 uidens
3499 2639 3610 2719 lucc

343 2707 500 2786 sci't'o,
549 2719 675 2790 quia
698 2718 860 2790 Deus
909 2717 1020 2790 lucc
1070 2707 1249 2790 omnia
1282 2707 1404 2764 cum
1451 2707 1556 2790 rion
1581 2707 1773 2790 essent,
1808 2711 1953 2790 fecit.
1987 2707 2091 2772 Sed
2124 2719 2185 2790 _ct
2222 2711 2276 2764 in
2310 2711 2448 2766 libro
2475 2707 2731 2790 Pastoris
2765 2710 2847 2790 ιιιΔ
2871 2710 3048 2790 primo
3081 2710 3337 2790 mandato
3354 2708 3448 2790 ita
3477 2710 3553 2762 ait
3589 2726 3605 2764 :

344 2779 532 2845 Primo
561 2779 794 2844 omnium
823 2788 995 2852 crede,
1023 2784 1153 2856 quia
1188 2798 1334 2856 unus
1354 2791 1431 2835 est
1467 2781 1608 2836 Deus
1634 2783 1724 2852 qui
1755 2779 1934 2835 omnia
1963 2783 2157 2835 creavit
2188 2790 2347 2851 atque
2376 2782 2707 2852 composuit,
2737 2789 2786 2836 et
2816 2779 2940 2851 feeit
2962 2796 3029 2836 ea:
3047 2796 3106 2836 eo
3135 2780 3272 2852 quod
3313 2779 3448 2835 nihil
3469 2790 3606 2848 erat,

345 2871 410 2916 ut
433 2872 605 2918 essent
629 2861 894 2916 universa.
923 2853 1046 2914 Lib;
1080 2870 1144 2920 11,
1171 2853 1360 2912 mand.
1393 2867 1432 2908 1.

1031 2994 1183 3062 lusu,
1209 2989 1370 3061 ibid.,
1403 2989 1496 3046 lib.
1528 3005 1613 3058 ιιι,
1642 2992 1845 3060 cap.2.
1881 3005 2030 3044 num.
2064 2989 2120 3056 4,
2146 2988 2187 3045 ι.
2223 3004 2297 3058 c.,
2322 3004 2444 3060 pag.
2483 2987 2607 3076 140,
2637 3019 2640 3039 .

1329 3033 1370 3061 .,
1403 2989 1496 3046 lib.
1528 3005 1613 3058 ιιι,
1642 2992 1845 3060 cap.2.
1881 3005 2030 3044 num.
2064 2989 2120 3056 4,
2146 2988 2187 3045 ι.
2223 3004 2297 3058 c.,
2322 3004 2444 3060 pag.
2483 2987 2607 3076 140,
2637 2987 2740 3046 col.
2775 2989 2834 3057 2,
2869 2989 2934 3047 Ι).

414 3133 522 3190 Sed
553 3144 610 3190 et
643 3134 887 3210 Pastoris
912 3138 1051 3196 liber
1080 3142 1199 3198 haec
1229 3137 1696 3210 eademgdeclarat
1722 3134 1937 3202 dicens,
1974 3135 2122 3206 quod
2153 3133 2269 3210 bini
2306 3133 2484 3210 angeli
2527 3133 2777 3210 singulos
2809 3149 3058 3210 quosque
3103 3130 3385 3210 hominum
3425 3127 3604 3210 comi-

340 3213 524 3260 tentur
559 3225 583 3283 :_
608 3215 664 3262 et
693 3209 740 3263 si
773 3211 999 3283 quando
1011 3213 1190 3283 bona;
1217 3209 1578 3283 cogitationes
1611 3221 1710 3262 cor
1743 3202 2009 3283 nostrum
2055 3202 2423 3283 ascenderini,
2459 3202 2670 3283 aAbon'o
2711 3202 2905 3275 angelo
2932 3202 3150 3276 suggeri
3183 3202 3316 3257 dicit
3349 3219 3362 3254 :
3395 3202 3441 3254 si
3475 3213 3603 3252 vero

341 3277 656 3346 contrariae,
685 3274 814 3335 mali
847 3281 1024 3351 angeli
1051 3283 1186 3339 dicit
1222 3274 1344 3338 esse
1374 3278 1720 3335 instinctum.
1754 3274 1877 3330 Lib.
1907 3291 1968 3340 ιι,
2004 3275 2186 3329 mand.
2225 3291 2299 3333 Iv.
2337 3291 2459 3344 cap.
2487 3274 2544 3328 2.

869 3413 1022 3483 lDEI,
1059 3414 1192 3470 ibid.
1217 3413 1312 3469 lib.
1343 3428 1416 3479 ιν,
1451 3426 1569 3480 cap.
1604 3407 1661 3476 2,
1701 3424 1846 3462 num.
1880 3406 1934 3472 8,
1966 3406 2006 3461 Ι.
2037 3424 2113 3475 c.,
2140 3424 2262 3478 pag.
2303 3406 2426 3473 168,
2447 3423 2512 3460 ea:
2539 3405 2852 3461 Philocaliae
2883 3423 3002 3478 cap.
3033 3406 3085 3460 1.

1521 3557 1619 3611 Διὰ
1669 3557 1827 3611 τοῦτο
1881 3558 2043 3628 ἡμεῖς
2087 3557 2182 3610 καὶ
2219 3556 2281 3610 τὸ
2321 3558 2380 3609 ὲν
2411 3554 2490 3626 τῷ
2723 3553 2809 3608 Ea:
2839 3555 3126 3620 interpreta

1881 3558 2043 3628 ἡμεῖς
2087 3557 2182 3610 καὶ
2219 3556 2281 3610 τὸ
2321 3558 2380 3609 ἐν
2411 3554 2490 3626 τῷ
2723 3553 2809 3608 Ex
2839 3555 3171 3620 interpretat.
3203 3543 3471 3598 Delarue:

1452 3649 1566 3704 ὑπό
1595 3665 1760 3702 τινων
1789 3647 2282 3719 καταφρονουμένῳ
2306 3645 2494 3716 βιϐλίῳ
2637 3645 2871 3702 Proinde
2934 3658 3061 3707 nos,

1987 3647 2282 3719 povoupévcp
2306 3645 2494 3716 βιϐλίῳ
2637 3645 2871 3702 Proinde
2934 3658 3070 3707 nos,
3122 3636 3268 3708 quod
3293 3633 3494 3689 dicitur
3541 3630 3596 3684 in

406 3714 566 3810 Quod
616 3731 720 3810 nos
755 3717 922 3773 etiam
955 3718 1010 3773 in
1052 3718 1235 3774 libello
1269 3720 1379 3774 Pa-
1451 3737 1532 3805 τῷ
1552 3737 1811 3808 Ποιμένι,
1843 3714 2015 3810 περλιῖτ

1985 3714 2086 3791 ’τοῦ
2124 3714 2495 3809 τέροάτᾶσσεσὲ
2565 3734 2708 3790 libro
2749 3733 2845 3805 qui
2884 3729 3205 3787 inscribitur
3242 3724 3441 3779 Pastor
3466 3730 3521 3776 et
3565 3734 3594 3772 a

334 3807 517 3904 storis,
562 3807 656 3898 qui
683 3824 736 3904 7a
770 3809 1066 3904 nonnullis
1105 3813 1379 3867 contemni
1425 3807 1665 3887 ,θαιτδνί
1703 3807 1943 3904 Ἑρμᾶνι

1989 3831 2029 3886 io
2057 3807 2490 3902 γρὰιξιαιβιϐλία,
2568 3827 2848 3882 nonnullis
2914 3822 3312 3886 contemnitur,
3387 3813 3598 3869 Hermas

332 3900 589 3966 videtur,
665 3903 1008 3972 designatum
1091 3904 1364 3969 videmus,
1413 3913 1532 3973 ’καὶ
1579 3919 1715 3991 μετὰ
1745 3900 1920 3973 eciam

1988 3900 2488 3987 broudtuayyénew
2561 3916 2887 3988 imperatum
2946 3930 3068 3970 esse
3121 3921 3181 3966 ut
3228 3911 3366 3965 duos
3426 3907 3597 3962 libros

331 4006 458 4046 cum
483 3992 970 4063 jubeturllermas
995 3995 1137 4050 duos
1160 3995 1372 4052 libellos
1443 4013 1553 4074 τοῖς
1607 4011 1940 4084 πρεσϐυτέρα

1984 4029 1998 4076 ς
2029 4012 2127 4082 τῆς
2165 4010 2486 4081 Ἐκκλησίας
2557 4010 2818 4066 scriberet
2841 4025 2906 4064 ac
2937 4016 3122 4079 postea
3143 3999 3470 4075 presbyteris
3497 3997 3593 4054 Ec-

331 4083 593 4152 scribere,
654 4093 709 4141 et
783 4096 970 4156 postea
1050 4088 1372 4144 denuntiare
1445 4099 1480 4156 ἃ
1512 4083 1830 4173 μεμάθηκεν
1879 4083 1940 4155 in

2026 4101 2120 4154 τοῦ
2148 4101 2482 4172 Πνεύματος,
2560 4102 2740 4158 clesia:
2796 4099 3150 4155 annuntiaret
3179 4111 3302 4166 quae
3333 4093 3596 4148 didicerat

331 4176 664 4248 presbyteris
730 4177 987 4234 Ecclesia:
1025 4195 1148 4249 quae
1175 4197 1207 4236 a
1251 4181 1374 4253 Spi-
1443 4190 1586 4244 οὕτω
1605 4190 1938 4262 διηγούμεθα

877 4179 987 4233 asia:
1025 4195 1148 4249 qua
1175 4197 1207 4236 a
1251 4181 1374 4253 Spi-
1443 4190 1586 4244 οὕτω
1605 4190 1960 4262 διηγούμεθα.
2010 4192 2156 4244 Ἐστὶ
2194 4191 2252 4245 δὲ
2280 4194 2312 4262 ἡ
2343 4191 2486 4259 λέξις

334 4270 444 4322 ritu
478 4269 687 4324 didicit.
717 4268 875 4336 Quod
905 4269 991 4324 his
1015 4271 1196 4326 verbis
1229 4274 1369 4328 scri-
1439 4281 1578 4353 αὕτη
1599 4300 1612 4312 ο
1656 4283 1919 4352 Γράψεις

873 4314 875 4322 ι
905 4269 991 4324 his
1015 4271 1196 4326 verbis
1229 4274 1369 4328 scri-
1439 4281 1578 4353 αὕτη
1599 4300 1612 4312 ο
1656 4283 1919 4352 Γράψεις
1952 4283 2061 4337 δύο
2105 4283 2348 4348 βιϐλία,
2384 4283 2482 4336 καὶ

329 4367 481 4428 ptum
509 4369 592 4414 est
625 4377 638 4414 :
673 4359 742 4414 Et
774 4360 990 4427 scribes,
1022 4360 1366 4430 inquit,duos
1438 4372 1652 4438 δώσεις
1667 4371 1738 4425 ἓν
1765 4373 1937 4444 Κλήμ

872 4360 990 4427 ibes,
1022 4360 1366 4430 inquit,duos
1438 4372 1652 4438 δώσεις
1667 4371 1738 4425 ἓν
1765 4373 2086 4444 Κλήμεντι,
2119 4374 2215 4428 καὶ
2242 4373 2312 4426 ἐν
2339 4377 2481 4442 Γραμ-

508 3578 595 3634 Ea:
626 3580 959 3653 interpretat.
1002 3584 1208 3641 Ruﬁni.

2563 4209 2592 4247 a
2626 4193 2852 4263 Spiritu,
2893 4191 2960 4244 ad
2991 4190 3136 4244 hunc
3167 4188 3387 4242 modum
3429 4199 3598 4253 expo-

2558 4281 2767 4335 nimus.
2797 4278 2890 4334 Sic
2911 4289 3090 4332 autem
3116 4275 3183 4330 ad
3214 4275 3437 4329 verbum
3464 4271 3596 4342 legi-

2556 4383 2643 4426 tur
2681 4391 2694 4426 :
2729 4371 2871 4423 Duos
2908 4369 3069 4422 libros
3105 4367 3317 4431 scribes,
3343 4363 3594 4432 dabisque

329 4449 559 4517 libellos,
596 4460 644 4507 et
671 4453 822 4506 dabis
848 4470 1010 4506 unum
1037 4453 1295 4508 Clementi
1317 4465 1364 4508 et

327 4559 494 4595 unum
549 4542 784 4610 Craptw.
818 4543 884 4598 Et
933 4544 1130 4614 Grapte
1159 4546 1366 4617 quidem

327 4645 652 4690 commoneat
699 4637 889 4691 viduas
945 4649 994 4691 et
1055 4639 1316 4707 orpltanos
1345 4657 1364 4704 ;

327 4725 566 4784 Clemens
601 4745 719 4783 vero
748 4730 925 4784 mittat
960 4747 1052 4799 per
1078 4747 1255 4785 omnes
1285 4733 1364 4786 ci-

323 4820 511 4874 uitates
549 4839 668 4892 qua:
699 4823 829 4890 foris
857 4833 1012 4886 sunt;
1041 4832 1096 4876 tu
1127 4839 1246 4877 vero
1275 4840 1368 4876 an-

324 4914 597 4968 nuntiabis
627 4915 944 4985 presbyteris
982 4915 1256 4970 Ecclesia’.

1441 4463 1578 4534 πτῇ.
1603 4465 1712 4518 Καὶ
1737 4467 1980 4535 Γραπτὴ
1993 4466 2112 4536 μὲν
2132 4466 2480 4532 νουθετήσει

1440 4556 1546 4623 τὰς
1594 4556 1784 4626 χήρας
1817 4557 1914 4610 καὶ
1961 4557 2104 4624 τοὺς
2141 4559 2472 4627 ὀρφανούς·

1441 4647 1688 4718 Κλήμης
1722 4647 1789 4700 δὲ
1836 4650 2056 4718 πέμψει
2093 4651 2180 4715 εἰς
2220 4649 2325 4715 τὰς
2363 4648 2478 4713 ἔξω

1439 4738 1646 4805 πόλεις
1668 4756 1681 4768 ·
1735 4739 1815 4793 σὺ
1853 4738 1922 4792 δὲ
1958 4739 2308 4809 ἀναγγελεῖς
2355 4738 2478 4805 τοῖς

1437 4829 1862 4897 πρεσϐυτέροις
1908 4828 2021 4898 τῆς
2095 4828 2475 4896 Ἐκκλησίας.

1439 4918 1558 4975 Lib.
1582 4939 1619 4989 1,
1644 4922 1826 4986 vis.11,
1868 4935 1989 4990 cap.
2023 4936 2096 4974 ιγ.

2553 4479 2715 4516 unum
2746 4462 3002 4518 Clementi
3027 4469 3077 4514 et
3104 4461 3331 4513 alterum
3353 4456 3588 4525 Graptus.

2553 4553 2619 4607 Et
2661 4553 2857 4624 Grapte
2898 4553 3108 4624 quidem
3140 4549 3482 4605 commoncbit
3513 4548 3594 4601 ui-

2550 4651 2684 4702 duas
2750 4657 2800 4700 et
2862 4645 3093 4717 pupillos
3126 4663 3144 4696 :
3187 4644 3423 4697 Clemens
3486 4657 3590 4694 au-

2553 4749 2654 4794 tem
2702 4741 2872 4793 mittet
2912 4742 2982 4794 ad
3020 4749 3260 4794 externas
3301 4738 3450 4792 urbes
3479 4756 3498 4791 :
3533 4749 3590 4793 tu

2551 4845 2667 4884 vero
2698 4829 3036 4884 annuntiabis
3063 4831 3376 4901 presbyteris
3408 4828 3588 4884 Eccle-

2552 4934 2668 4975 SHB.

1071 5057 1202 5114 1111211
1228 5101 1242 5127 ,
1282 5060 1376 5114 lib.
1417 5078 1447 5115 ξ(
1484 5061 1946 5132 Explanationum
1989 5063 2042 5117 in
2079 5062 2252 5133 Epist.
2280 5063 2347 5119 ad
2382 5062 2544 5118 Rom.
2579 5080 2691 5131 xv1,
2736 5065 2822 5118 1-1.

356 5265 367 5275 .
397 5191 1029 5275 SalutateAsgncritum,
1067 5197 1429 5275 Pltlegontem,
1467 5197 1718 5275 Heruteu,
1752 5201 2044 5275 Patroban,
2085 5203 2341 5275 Harman,
2390 5215 2438 5258 et
2479 5205 2569 5274 qui
2619 5221 2737 5258 cum
2796 5205 3037 5275 eisisunt
3085 5203 3304 5275 fratres.
3340 5198 3413 5253 De
3443 5200 3583 5275 istis

322 5263 664 5346 s_i_titplex.est
687 5263 967 5346 salutatio.
1002 5285 1102 5325 nec
1128 5263 1330 5346 aliquid
1370 5271 1450 5323 cis
1476 5263 1898 5346 insignelaudis
1920 5263 2255 5346 adiungitur.
2291 5263 2428 5346 Puto
2462 5263 2641 5328 autem
2671 5277 2815 5344 quod
2861 5263 3095 5328 Hermas.
3117 5274 3218 5346 iste
3245 5273 3316 5346 sit
3348 5272 3584 5346 scriptor

322 5333 672 5414 lilwllijllius
697 5338 792 5405 qui
817 5337 1040 5414 Pastor
1066 5333 1369 5414 appellatur
1399 5357 1419 5414 _:
1477 5333 1614 5414 qua;
1641 5343 1909 5410 scriptura
1935 5333 2264 5399 valdeumihi
2300 5344 2452 5400 utilis
2479 5333 2712 5408 videtur,
2741 5354 2794 5399 et
2826 5355 2884 5399 ut
2932 5355 3082 5414 puto,
3114 5342 3372 5414 divinitus
3407 5333 3581 5414 inspi-

318 5415 462 5485 ηιέ·
490 5403 646 5485 QUth
673 5403 802 5461 vero
828 5408 964 5462 nihil
995 5403 1692 5485 eiiatidisascripsit._illa,
1717 5403 1934 5482 opinor,
1970 5423 2054 5467 est
2090 5431 2279 5478 causa,
2303 5416 2430 5485 quia
2459 5403 2869 5480 videtur,'sicut
2901 5403 3169 5484 scriptura
3205 5413 3291 5485 illa
3316 5403 3579 5485 declarat,

321 5483 445 5556 post
505 5476 672 5556 multa
712 5487 952 5556 peccata
1003 5479 1072 5534 ad
1122 5476 1496 5556 paenitentiam
1545 5480 1716 5537 fuisse
1755 5476 2065 5556 conversus
2104 5502 2118 5538 :
2155 5495 2208 5538 ct
2246 5476 2366 5539 ideo
2401 5499 2500 5540 nec
2537 5476 2892 5556 approbrium
2929 5487 2976 5540 ei
3014 5476 3236 5556 aliquod
3274 5476 3576 5556 ascripsiti2

317 5545 587 5626 didicerat
637 5545 782 5626 enim
815 5545 1166 5626 “scripturam
1221 5567 1329 5606 non
1390 5551 1763 5626 improperare
1819 5553 2029 5626 homini
2077 5557 2425 5626 converteuti
2458 5571 2518 5610 se
2549 5545 2842 5625 aupeccato
2878 5575 2891 5610 :
2934 5545 3121 5625 neque'
3165 5554 3342 5626 laudis
3375 5545 3578 5620 aliquid

321 5617 537 5698 t_ri_|mit.
588 5618 717 5698 quia
753 5617 1204 5698 .adlluc’pos‘itus
1250 5629 1370 5698 erat
1571 5617 1765 5698 angelo
1809 5624 2172 5698 penitentite,
2205 5641 2238 5679 a
2285 5617 2696 5698 quo,‘tempo're
2747 5617 3079 5698 opportuno,
3119 5625 3345 5698 Christo
3382 5617 3578 5676 rursus

317 5686 552 5767 deberet
583 5688 789 5743 oll'erri.
821 5686 957 5760 Lege
992 5686 1281 5746 Sedulium
1313 5692 1365 5744 in
1393 5686 1754 5751 Collectaticis
1777 5686 1846 5749 ad
1871 5693 2112 5748 eumdem
2139 5686 2383 5764 Apost-oti
2409 5686 2616 5767 locum,
2641 5713 2733 5751 nec
2763 5686 2862 5752 ιὶοἰι
2891 5686 3149 5754 Anseliuo
3190 5695 3387 5750 tributa
3431 5710 3577 5750 coru-

319 5758 612 5813 Iticnlaria.
