4010 6150
569 256 671 311 897

779 573 860 628 Ea:
889 575 1161 645 interpret.
1186 572 1388 627 Ruﬁni.

642 686 703 741 Et
728 686 942 742 libellus
959 685 1171 742 Hermae
1187 687 1279 758 qui
1299 686 1605 757 appellatur

2034 248 2096 301 S.
2136 244 2437 301 HERMAS.

2178 358 2264 415 Vl.

1606 472 1869 530 Eussnws
1900 471 2040 530 ﬂist.
2066 474 2290 542 eccles.,
2318 474 2412 529 tib.
2451 489 2534 541 ιιι,
2558 490 2680 540 cap.
2706 474 2759 528 5.

1761 674 1913 729 Ἐπεὶ
1955 674 2015 728 δὲ
2057 674 2087 727 6
2127 674 2290 738 αὐτὸς
2320 674 2616 738 ἀπόστολος
2658 676 2715 727 ὲν

2957 568 3045 624 Ea:
3070 568 3340 639 interpret.
3368 568 3618 626 Coteleril.

2844 678 3129 747 ,Quoniam
3154 693 3284 733 vero
3313 679 3575 747 apostolus
3599 678 3750 737 Paulus

565 775 810 834 Pastoris
832 819 845 844 ,
873 778 1032 846 cujus
1058 776 1262 833 Paulus
1295 777 1347 831 in
1392 775 1607 846 Episto-
1676 767 1798 828 ταῖς
1825 766 1917 818 ἐπὶ
1945 765 2087 819 τέλει
2105 784 2157 837 πε

2261 766 2559 836 ῦήσεσιτῆς
2582 764 2717 836 πρὸς
2756 763 2762 769 ’
2790 772 2844 827 in
2878 768 3301 827 salutationibus
3333 769 3435 823 illis
3476 786 3586 839 qua:
3613 771 3752 826 subﬂ-

565 875 633 930 lis
666 875 783 930 suis
816 872 1094 937 meminit,
1135 888 1164 925 a
1210 871 1458 941 plurimis
1490 888 1597 925 non

562 977 647 1020 est
675 972 924 1034 receptus
952 980 965 1017 :
998 962 1067 1018 ab
1109 962 1232 1017 aliis
1269 971 1451 1017 autem
1499 977 1598 1016 ne-

564 1058 838 1113 cessarius
885 1057 1167 1127 judicatus
1205 1064 1329 1122 est,
1379 1066 1601 1127 propter

563 1161 659 1200 eos
683 1146 774 1215 qni
804 1146 995 1216 primis
1024 1147 1090 1201 ad
1114 1146 1273 1200 ﬁdem
1301 1146 1601 1201 institutio-

565 1236 725 1291 nibus
748 1236 1068 1292 imbuuntur
1093 1256 1106 1292 :
1134 1237 1277 1292 unde
1300 1247 1354 1292 et
1375 1237 1429 1291 in
1462 1253 1602 1292 non-

566 1327 730 1382 nullis
777 1328 1024 1383 ecclesiis
1075 1328 1302 1399 legitur,
1340 1337 1396 1383 et
1442 1327 1598 1382 multi

563 1426 809 1473 veterum
850 1418 1179 1491 scriptorum
1222 1418 1309 1477 usi
1350 1427 1484 1477 sunt
1520 1428 1601 1477 te-

567 1515 841 1570 stimoniis
872 1515 1014 1585 ejus.

789 2529 874 2587 Ea:
895 2531 1168 2600 interpret.
1206 2525 1413 2583 Ruﬁni.

638 2641 772 2699 Post
789 2642 907 2698 haec
929 2643 1039 2711 jam
1065 2643 1333 2712 scriptura
1364 2648 1467 2704 est,
1489 2654 1611 2709 qua:

569 2733 771 2790 dicitur
800 2737 960 2788 Actus
1001 2732 1163 2788 Pauli
1191 2750 1210 2797 ;
1241 2732 1332 2788 sed
1368 2741 1422 2786 et
1452 2730 1607 2785 libel-

568 2823 657 2881 lus
695 2826 789 2896 qui
834 2826 1137 2895 appellatur
1168 2825 1435 2891 Pastoris,
1475 2831 1605 2889 etc.,

570 2917 638 2973 de
666 2920 868 2986 quibus
908 2932 1074 2987 quam
1116 2916 1353 2972 maxime
1394 2916 1609 2971 dubita-

570 3018 681 3067 ιιιι.

791 3222 875 3279 Ea:
898 3224 1165 3293 interpret.
1194 3223 1397 3280 Ruﬁni.

646 3339 754 3397 Nec
784 3357 890 3397 non
914 3350 968 3397 et
994 3340 1236 3397 libellum
1264 3340 1358 3410 qui
1384 3349 1611 3395 vocatur

573 3434 819 3490 Pastoris
842 3476 856 3501 ,
893 3425 1259 3505 amplectitur
1280 3435 1297 3500 (
1317 3431 1605 3501 lrenaaus),

573 3526 795 3581 dicens:
830 3525 973 3580 Bene
994 3540 1123 3595 ergo
1160 3522 1326 3578 refert
1353 3523 1602 3591 Scriptu-

574 3634 664 3683 ra,
708 3633 830 3687 quae
870 3616 1002 3671 dicit
1044 3634 1058 3670 :
1092 3615 1335 3669 Primum
1370 3614 1606 3667 omnium

576 3708 892 3764 credendum
915 3718 1014 3774 est,
1038 3708 1163 3777 quia
1177 3723 1313 3761 unus
1344 3715 1420 3759 est
1443 3704 1606 3770 Deus,

1684 856 2003 927 Ῥωμαίους,
2032 858 2251 927 μνήμην
2283 856 2591 926 πεποίηται,
2625 872 2718 926 μεθ

1672 947 1743 1000 τὰ
1772 946 1881 1002 τῶν
1908 947 2082 1001 ἀλλῶν
2107 989 2121 1013 ,
2158 948 2250 1001 καὶ
2288 948 2494 1020 Ἑρμᾶ,
2526 943 2586 1002 οὗ
2623 965 2717 1017 φα-

1680 1055 1761 1092 σιν
1793 1038 2059 1111 ὑπᾶρχειν
2090 1038 2151 1091 τὸ
2187 1039 2293 1094 τοῦ
2324 1040 2610 1109 Ποιμένος
2637 1038 2718 1110 βί-

1679 1132 1843 1187 ϐλίον·
1878 1132 2049 1185 ἰστέον
2076 1132 2151 1196 ὡς
2167 1131 2433 1185 καὶτοῦτο
2462 1133 2597 1205 πρὸς
2620 1133 2717 1204 μέν

1669 1244 1828 1280 τινων
1856 1224 2245 1290 ἀντιλέλεκται,
2264 1226 2328 1279 δι’
2344 1224 2438 1289 οὓς
2455 1227 2555 1279 οὐκ
2572 1226 2634 1280 ἂν
2656 1227 2713 1281 ὲν

1669 1316 2118 1389 ὁμολογουμένοις
2151 1316 2352 1387 τεθείη·
2386 1317 2476 1387 ὑφ’
2514 1317 2714 1388 ἐτέρων

1669 1408 1725 1461 δὲ
1760 1406 2203 1475 ἀναγκαιότατον,
2246 1401 2327 1471 οἷς
2358 1408 2588 1479 μάλιστα
2635 1408 2719 1460 δεῖ

1678 1495 2069 1567 στοιχειώσεως
2098 1498 2487 1568 εἰσαγωγικῆς,
2528 1496 2715 1568 κέκρι-

1677 1605 1783 1642 ται·
1835 1589 1959 1641 ὃθεν
2004 1589 2106 1661 ἤδη
2149 1590 2243 1642 καὶ
2288 1591 2345 1642 ὲν
2403 1588 2718 1661 ἐκκλησίαις

1682 1680 1840 1750 ἴσμεν
1885 1680 2016 1733 αὐτὸ
2065 1681 2587 1753 δεδημοσιωμένον,
2626 1682 2721 1736 καὶ

1678 1768 1788 1822 τῶν
1844 1770 2219 1826 παλαιοτάτων
2261 1772 2319 1825 δὲ
2367 1773 2722 1845 συγγραφέων

1679 1862 2049 1935 κεχρημένους
2086 1862 2240 1929 τινὰς
2276 1864 2426 1937 αὐτῷ
2464 1865 2720 1938 κατειλη-

1678 1976 1775 2029 φα.

1777 2432 1928 2501 lusu,
1962 2434 2120 2504 ibid.,
2144 2435 2237 2493 lib.
2267 2453 2353 2504 ιιι,
2384 2456 2501 2510 cap.
2531 2440 2623 2495 ’25.

1764 2642 1852 2694 Ἐν
1918 2643 2035 2705 τοῖς
2107 2640 2283 2705 νόθοις
2338 2643 2722 2715 κατατετάχθω

1681 2731 1776 2783 καὶ
1806 2730 1925 2784 τῶν
1954 2732 2202 2786 Παύλου
2233 2730 2506 2800 πράξεων
2538 2734 2571 2804 ἡ
2598 2750 2725 2803 γρα-

1683 2822 1778 2895 φὴ,
1808 2822 1836 2876 ὃ
1867 2839 1926 2875 τε
1949 2820 2239 2892 λεγόμενος
2260 2821 2508 2894 Ποιμήν.

1808 3121 1957 3187 Inest,
1987 3115 2145 3181 ibid.,
2174 3113 2268 3169 lib.
2299 3129 2352 3175 v,
2383 3130 2500 3184 cap.
2529 3114 2581 3171 8.

1749 3344 1825 3398 Οὐ
1882 3342 2041 3415 μόνον
2098 3340 2158 3396 δὲ
2220 3335 2380 3404 οἶδεν,
2441 3338 2579 3393 ἀλλὰ
2630 3338 2728 3395 καὶ

1680 3434 2002 3504 ἀποδέχεται
2028 3432 2126 3505 τὴν
2146 3431 2252 3486 τοῦ
2282 3432 2574 3501 Ποιμένος
2591 3449 2729 3504 γρα-

1680 3524 1807 3595 φὴν,
1848 3523 2053 3591 λέγων⁹
2102 3520 2298 3584 Καλῶς
2344 3517 2438 3574 οὖν
2494 3516 2647 3574 εἶπεν
2693 3521 2727 3594 ἠ

1679 3620 1863 3693 γραφὴ
1909 3622 1943 3692 ἡ
1991 3619 2223 3688 λέγουσα
2243 3634 2257 3649 ·
2292 3616 2534 3685 Πρῶτον
2588 3616 2730 3671 πάν-

1680 3730 1798 3767 των
1841 3713 2178 3765 πίστευσον
2221 3710 2312 3763 ὅτι
2353 3709 2442 3777 εἷς
2485 3709 2659 3762 ἐστιν
2690 3709 2723 3762 ὁ

2789 879 2912 918 nem
2943 861 3200 932 Epistolas
3234 862 3300 915 ad
3336 861 3593 917 Romanos
3611 862 3752 933 legun-

2789 961 2897 1019 tur,
2939 952 3079 1007 inter
3109 962 3334 1008 caeteros
3370 953 3663 1008 mentionem
3698 952 3754 1007 fe-

2790 1048 2864 1104 cit
2889 1048 3054 1102 etiam
3077 1045 3307 1110 Hermas,
3329 1047 3481 1116 cuius
3503 1062 3609 1101 esse
3627 1046 3752 1102 fertur

2793 1139 2926 1193 liber
2956 1138 3235 1203 Pastoris;
3287 1139 3555 1195 sciendum
3577 1149 3642 1193 est
3662 1155 3751 1192 eum

2789 1229 2993 1285 librum.
3015 1246 3045 1284 a
3082 1229 3359 1284 nonnullis
3384 1228 3586 1299 quidem
3611 1229 3654 1281 in
3678 1229 3751 1282 du-

2786 1319 2937 1373 bium
2997 1316 3119 1375 esse
3175 1328 3503 1383 revocatum,
3550 1320 3611 1374 ob
3652 1336 3751 1389 quos

2787 1410 2930 1465 inter
2979 1419 3208 1481 receptae
3255 1412 3581 1466 auctoritatis
3627 1410 3751 1464 libros

2786 1502 2915 1573 poni
2969 1518 3079 1558 non
3129 1511 3336 1573 potest;
3395 1503 3461 1558 ab
3514 1503 3620 1558 aliis
3659 1518 3752 1557 vero

2790 1592 3029 1647 maxime
3049 1594 3415 1657 necessarius,
3436 1594 3501 1648 iis
3517 1592 3749 1663 praesertim

2791 1678 2886 1749 qui
2926 1678 3320 1734 introductoria
3379 1680 3444 1735 ad
3500 1680 3749 1749 religionem

2795 1769 3039 1842 indigent
3053 1770 3413 1837 institutione,
3425 1770 3749 1840 judicatusest;

2793 1862 2938 1919 unde
2982 1864 3147 1919 etiam
3195 1864 3252 1919 in
3296 1863 3531 1919 ecclesiis
3557 1877 3660 1918 eum
3684 1876 3751 1930 pu-

2793 1954 2933 2013 blice
2980 1956 3180 2013 lectum
3223 1957 3446 2024 scimus,
3476 1966 3524 2013 et
3549 1969 3749 2028 quosnam

2790 2066 2857 2108 ex
2895 2054 3290 2110 vetustissimis
3334 2053 3659 2126 scriptoribus
3694 2059 3748 2105 te-

2790 2143 3053 2201 stimonio
3096 2145 3275 2216 ipsius
3304 2162 3435 2202 usos
3465 2146 3615 2201 fuisse
3647 2156 3751 2199 com-

2790 2234 2927 2305 peri.
2974 2234 3108 2308 Lege
3156 2236 3554 2309 Nicephorum,
3590 2234 3667 2291 ιιι.
3700 2248 3748 2295 ιι.

2793 2343 2910 2397 cap.
2936 2329 3025 2383 46.

2965 2534 3049 2589 Ea:
3087 2538 3362 2608 interpret.
3391 2537 3636 2594 Cotcleril.

2866 2646 3010 2702 Inter
3034 2638 3204 2706 libros
3236 2651 3433 2706 nothos
3457 2650 3748 2705 colloceturet

2795 2739 3023 2792 Acutum
3052 2737 3217 2793 Pauli
3261 2743 3556 2812 scriptura,
3588 2750 3633 2794 et
3657 2739 3749 2793 libet

2794 2833 2890 2901 qni
2911 2833 3111 2888 dicitur
3140 2834 3360 2891 Pastor.

2978 3214 3061 3269 Ea:
3081 3217 3355 3290 interpret.
3384 3216 3630 3275 Cotelerii.

2868 3325 2986 3384 Non
3013 3329 3192 3385 solum
3232 3339 3410 3386 autem
3435 3324 3676 3405 [lrenaeus]
3692 3341 3755 3379 nu-

2797 3418 2893 3485 vit,
2919 3420 3014 3475 sed
3036 3430 3090 3475 et
3116 3423 3313 3493 recipit
3342 3421 3563 3478 Pastoris
3585 3419 3756 3486 scripul-

2800 3524 2949 3575 ram,
3003 3510 3239 3570 dicens:
3280 3511 3441 3570 Recte
3481 3512 3636 3584 igitur,
3663 3503 3756 3560 dixit

2802 3604 3104 3673 Scriptura,
3120 3622 3246 3675 quae
3266 3606 3345 3661 ait
3362 3624 3377 3661 :
3401 3604 3569 3660 Primo
3587 3600 3755 3656 omnium

2796 3692 2967 3757 crede,
2996 3694 3135 3763 quod
3164 3710 3302 3748 unus
3323 3703 3401 3750 est
3421 3693 3567 3758 Deus,
3596 3688 3754 3762 qs“!!-

573 3801 666 3873 qui
711 3799 890 3853 omnia
945 3801 1139 3855 creavit
1199 3809 1357 3869 atque
1396 3814 1610 3868 compo-
1686 3801 1995 3868 Θεὸς,ὀτὰ
2012 3799 2157 3853 πάντ

2261 3799 2447 3866 ιτΙσας
2468 3798 2566 3854 καὶ
2587 3813 2725 3853 κατ.
2799 3787 2889 3840 nia
2935 3789 3128 3843 creavit
3181 3799 3233 3844 et
3276 3788 3649 3852 consummavit,
3684 3788 3753 3835 etc.

576 3898 702 3953 suit.

1686 3891 1957 3960 aptiaac,
1992 3890 2086 3943 καὶ
2108 3887 2179 3943 τὰ
2207 3888 2367 3959 ἑξῆς.

2066 4121 2070 4132 ,
2156 4064 2267 4122 VII.

2802 3877 2920 3933 Lib.
2971 3895 3048 3946 ιι,
3100 3883 3287 3938 mand.
3323 3900 3377 3948 ι,
3416 3882 3540 3954 Lege
3572 3872 3755 3965 Niceph-o

2804 3973 2897 4028 lib.
2932 3990 3008 4043 ιν,
3028 3992 3147 4046 cap.
3181 3978 3271 4033 14.
3510 3988 3511 3991 ‘

888 4198 1251 4262 Arnsussms,
1283 4192 1363 4250 De
1392 4190 1772 4249 lncarnatione
1796 4189 1961 4248 Verbi
1986 4189 2102 4257 Dei,
2126 4205 2272 4243 num.
2298 4188 2352 4251 '5,
2380 4196 2506 4240 tom.
2543 4184 2582 4252 l,
2608 4200 2731 4254 pag.
2758 4181 2849 4251 49,
2880 4180 2942 4235 υς
2972 4183 3100 4238 edit.
3127 4182 3334 4251 Paris.,
3361 4182 3514 4239 1698.

650 4316 718 4370 At
745 4313 927 4369 divina
950 4310 1196 4366 doctrina
1224 4318 1277 4365 et
1314 4309 1520 4367 Christi
1558 4309 1759 4364 lides...
1785 4308 1861 4363 ait
1886 4323 1979 4377 per
1994 4304 2145 4376 Moy-

580 4407 1016 4479 senrquidem...
1045 4414 1099 4461 et
1132 4405 1185 4459 in
1214 4405 1510 4461 utilissimo
1548 4401 1792 4458 Pastoris
1818 4401 1959 4455 libro
1983 4418 1995 4454 :
2024 4397 2149 4452 Pri-

2339 4303 2402 4355 'H
2431 4301 2488 4354 δὲ
2522 4300 2703 4363 ἔνθεος
2732 4295 3079 4363 διδασκαλία,
3110 4294 3205 4349 καὶ
3236 4294 3270 4365 ὴ
3310 4290 3451 4347 κατὰ
3483 4280 3679 4358 Χριστὸν
3700 4272 3759 4327 nl-

2266 4413 2382 4459 στις
2407 4427 2477 4437 -
2512 4394 2647 4466 φησὶ
2678 4390 2767 4445 διὰ
2798 4389 2897 4463 μὲν
2922 4388 3206 4452 Μωῦσέως
3227 4419 3299 4429 —
3322 4385 3413 4441 διὰ
3439 4383 3493 4438 δὲ
3513 4381 3598 4451 τῆς
3617 4369 3759 4441 ὠφελία

579 4518 727 4557 mum
764 4499 1001 4554 omnium
1045 4487 1197 4550 crede
1236 4512 1401 4550 unum
1444 4494 1612 4549 Deum
1652 4509 1796 4557 esse,
1845 4491 1936 4561 qui
1974 4489 2154 4543 omnia

2262 4488 2516 4559 μωτὰτης
2569 4484 2749 4557 βίϐλου
2806 4482 2915 4537 τοῦ
2971 4479 3278 4553 Ποιμένοςυ
3324 4474 3553 4547 Πρῶτον
3585 4466 3761 4561 πάντως⁴

578 4595 775 4651 creavit
801 4601 853 4647 et
887 4590 1128 4663 perfecit,
1172 4604 1334 4658 eaque
1383 4602 1500 4658 quae
1540 4600 1642 4639 non
1679 4593 1851 4650 erant,
1893 4593 1949 4637 ut
1977 4588 2155 4636 essent

2261 4548 2615 4643 nietmio'or,
2644 4576 2733 4631 ὅτι
2762 4577 2852 4642 εἷς
2872 4575 3044 4629 ἐστιν
3145 4571 3310 4638 Θεὸς,
3333 4573 3367 4626 ό
3396 4568 3466 4624 τὰ
3491 4562 3667 4663 πάνξιξν
3678 4548 3761 4663 xtl:

2261 4688 2379 4739 σας
2396 4670 2493 4726 καὶ
2516 4670 2896 4739 καταρτίσας,
2924 4665 3025 4722 καὶ
3048 4664 3311 4733 ποιήσας
3335 4664 3406 4719 ἐκ
3428 4658 3526 4716 τοῦ
3547 4651 3622 4726 μὴ
3640 4646 3765 4703 ὄντος

582 4687 727 4759 fecit.
751 4683 871 4741 Lib.
907 4699 969 4748 ιι,
999 4680 1185 4738 mand.
1212 4697 1251 4737 ι.

2262 4766 2351 4831 εἰς
2377 4762 2446 4817 τὸ
2474 4763 2646 4816 εἶναι.

1245 4889 1400 4955 locu,
1423 4885 1502 4942 De
1532 4883 1778 4942 Decretis
1801 4879 2034 4937 Nicama:
2065 4878 2283 4952 synodi,
2309 4897 2455 4935 num.
2483 4880 2539 4945 4,
2567 4888 2694 4932 tom.
2726 4881 2768 4944 I,
2792 4892 2914 4948 pag.
2939 4873 3068 4941 2H,
3110 4871 3174 4929 D.

656 5011 715 5071 Id
740 5029 889 5079 vero,
923 5021 984 5067 ut
1014 5013 1091 5067 ait
1129 5009 1343 5077 Pastor,
1377 5026 1485 5066 non
1526 5007 1632 5066 nisi
1665 5023 1698 5062 a
1729 5004 1951 5062 diabolo
1979 5010 2160 5059 ortum

586 5110 770 5167 habet.
800 5107 920 5163 Lib.
957 5123 1018 5172 ιι,
1049 5105 1229 5158 mand.
1264 5121 1337 5160 ιι.

660 5346 717 5401 ιη
752 5345 975 5400 Pastore
1035 5351 1217 5399 autem
1258 5340 1522 5413 scriptum
1566 5343 1652 5395 est
1695 5332 2161 5407 (quandoquidem

588 5442 790 5496 librum
822 5440 969 5495 hunc
998 5437 1190 5505 citant,
1231 5433 1486 5506 quamvis
1530 5445 1641 5487 non
1673 5430 1746 5486 sit
1772 5444 1842 5485 ex
1874 5424 2117 5497 Canone)
2144 5441 2159 5480 :

592 5533 838 5588 Primum
866 5532 1098 5587 omnium
1122 5529 1276 5585 crede
1301 5544 1462 5583 unum
1488 5542 1602 5582 esse
1631 5523 1799 5579 Deum
1819 5562 1835 5589 ,
1865 5521 1956 5593 qui
1989 5518 2168 5575 omnia
2268 5516 2510 5572 πάντων
2539 5513 2608 5567 πί

594 5625 787 5678 creavit
811 5634 859 5678 et
885 5623 1103 5695 perfecit
1126 5661 1140 5688 ,
1168 5622 1445 5691 omniaque
1473 5630 1539 5676 ex
1565 5618 1732 5676 nihilo
1752 5655 1766 5683 ,
1800 5624 1858 5671 ut
1884 5622 2053 5671 essent
2085 5612 2163 5682 fe-

594 5719 687 5774 cit.
719 5717 838 5774 Lib.
871 5732 931 5782 ιι,
956 5714 1143 5773 mand.
1175 5731 1212 5772 ι.

2269 5094 2444 5149 δόλου.

1665 5216 1817 5285 locu,
1851 5213 2068 5279 ibidem,
2100 5228 2245 5269 num.
2278 5211 2367 5278 18,
2390 5227 2514 5283 pag.
2542 5208 2670 5273 225,
2698 5205 2763 5263 Fs

2350 5333 2442 5387 Ἐν
2478 5330 2536 5386 δὲ
2561 5327 2641 5397 τῷ
2670 5326 2914 5398 nomen
2939 5322 3243 5395 γέγραπται
3280 5310 3483 5388 (ἐπειδὴ
3510 5289 3781 5398 “iﬁlli-if”;

2269 5426 2363 5482 καί
2396 5386 2478 5479 τοι
2512 5423 2588 5495 μὴ
2610 5386 2679 5475 ,ὃν
2711 5386 2899 5473 ὲκυτοῦ
2936 5386 3178 5479 nave-5m,
3206 5386 3767 5495 προφέρουσιγηρίῗτῗζ

2609 5526 2908 5573 στευσον,
2956 5506 3047 5560 ὅτι
3077 5505 3166 5571 εἷς
3208 5503 3377 5557 ἐστιν
3416 5496 3447 5550 ὁ
3492 5484 3641 5548 Θεόςς

2270 5608 2466 5663 πάντα
2509 5605 2722 5669 κτίσας
2767 5599 2867 5654 καὶ
2910 5596 3271 5666 καταρτίσας
3287 5630 3303 5654 ,

2341 5000 2515 5055 Τοῦτο
2540 5000 2617 5065 δὲ,
2648 4999 2723 5064 ὡς
2753 5003 2786 5054 ό
2811 4997 3041 5068 Ποιμὴν
3073 4995 3314 5067 εἴρηκεν,
3345 4982 3551 5057 ἔκγονόν
3576 4965 3764 5029 itm“?

3669 5460 3767 5526 διὰ

3343 5584 3438 5642 καὶ
3471 5573 3692 5638 ποιήσας
3718 5554 3765 5608 δ’

2274 5695 2376 5750 τοῦ
2403 5692 2489 5766 μὴ
2516 5690 2689 5758 ὄντος
2717 5691 2802 5757 εὶς
2826 5687 2901 5742 τὸ
2927 5685 3081 5743 εἶναι
3114 5685 3185 5739 τὰ
3210 5679 3416 5737 πάντα.
