4010 6150
1589 275 1881 334 PAS'I‘OIi.
1917 307 1989 320 —
2025 277 2390 336 ΡιιοοΕΜΙΑ.

1919 393 2084 452 XXII.

524 518 794 574 SCRIP'I'OR
827 517 957 572 Vita:
985 516 1043 572 S.
1070 516 1380 584 Genovel’ae,
1408 533 1526 587 cap.
1554 534 1630 583 tv,
1655 534 1805 577 num.
1829 518 1917 585 15,
1943 519 2084 590 apud
2114 517 2456 582 Bollandum,
2491 516 2526 570 5
2553 513 2828 582 Januarii,
2851 508 2986 569 tam.
3024 515 3062 581 l,
3095 487 3218 588 pag.
3256 517 3379 575 I39.

391 635 688 690 Duodecim
719 632 862 688 enim
895 633 1129 703 virgines
1158 629 1506 703 spirituales,
1535 646 1676 700 quas
1696 629 1957 703 Hermas,
1997 629 2092 701 qui
2133 640 2212 703 et
2232 629 2950 703 Pastor_nn_ncnpatus_est,
2984 633 3037 686 in
3069 634 3210 688 libro
3239 652 3342 691 suo
3365 636 3580 695 deseri-

355 717 450 770 srt,
480 708 528 760 ei
553 705 843 777 individure
869 698 1101 777 comites
1125 698 1410 777 exstitere;
1430 698 1585 777 λιι]εή
1616 703 1692 756 ita
1725 698 2126 777 nominantur;
2155 698 2316 777 Fides
2333 698 2752 777 _,_3\b_stinenti_a.
2806 699 3114 777 Patientia,
3149 704 3573 777 Magnanimitas

321 768 674 848 Simplicitas,
705 773 1039 840 Innocentia,
1062 771 1390 840 Concordia,
1421 768 1696 840 Charitas,
1725 770 2046 842 Disciplina,
2067 771 2324 836 Castitas,
2360 768 2573 826 Veritas
2599 779 2654 826 et
2677 772 2992 827 Prudentia.
3029 773 3151 829 Lib.
3178 768 3267 836 ιιιῖ
3291 779 3458 833 simil.
3487 797 3568 844 ix,

315 845 470 919 capp.
501 848 557 934 2,
586 845 655 902 15
679 854 731 900 et
758 859 902 917 seqq.

1903 930 2095 990 XXIII.

1374 1043 1607 1103 Joannes
1628 1045 2084 1114 SARISBERIBNSIS,
2123 1044 2377 1117 Epistola
2401 1043 2526 1100 I72.

391 1171 550 1230 Liber
579 1187 710 1230 vero
735 1166 1030 1241 Sapientiae
1054 1173 1119 1241 _e_t
1143 1160 1583 1241 Ecclesiastieus,
1606 1158 1792 1241 Juditb
1814 1201 1828 1225 ,
1862 1160 2063 1241 Tobias
2085 1171 2140 1218 et
2168 1163 2384 1241 Pastor,
2412 1171 2472 1241 ut
2500 1161 2642 1241 idem
2669 1161 3036 1241 Hieronymus
3073 1165 3290 1230 asserit,
3328 1183 3435 1222 non
3482 1183 3572 1241 reg

337 1254 577 1300 nitantur
605 1245 661 1300 in
686 1231 928 1297 Canone.
954 1267 1028 1312 ττ-
1054 1236 1145 1290 llle
1172 1242 1364 1312 autem
1397 1232 1490 1312 qui
1536 1231 1738 1312 _Pastor
1769 1233 2098 1312 inscribitur
2159 1249 2229 1288 an
2270 1234 2472 1288 alicubi
2518 1235 2612 1300 sit,
2641 1234 2827 1290 nescio
2854 1231 2998 1288 :‘sed
3027 1245 3238 1290 certum
3282 1249 3390 1302 est,
3415 1238 3565 1308 quod

343 1315 682 1388 lieronymus
707 1321 762 1369 et
784 1312 926 1366 Beda
955 1309 1108 1364 illum
1135 1305 1341 1360 vidisse
1363 1311 1418 1358 et
1447 1303 1646 1373 legisse
1676 1317 1736 1357 se
1764 1311 2059 1358 testantur.
2096 1350 2101 1354 .

339 1508 3560 1538 um

1479 1661 2426 1777 DISSERTATIO

724 1891 870 1980 DE
940 1892 1229 1987 VITA
1302 1891 1454 1982 ET
1521 1889 2056 1982 SCRIPTIS
2129 1888 2548 1981 SANCTI
2623 1889 3123 1978 HERMJE.

1044 2092 1065 2163 (
1093 2091 1156 2147 D.
1193 2093 1267 2150 Le
1311 2093 1558 2161 Nounnv,
1602 2093 1910 2164 Apparatus
1956 2092 2027 2146 ad
2053 2089 2364 2146 Bibliothec.
2393 2105 2568 2157 mam,
2597 2105 2656 2162 p.
2680 2089 2796 2160 47.)

862 2235 1260 2294 ARTICULUS
1297 2236 1343 2292 I.

391 2347 639 2419 Analysis
675 2350 845 2420 operis
863 2349 922 2406 S.
957 2350 1171 2408 Hermae
1190 2353 1276 2406 cui
1309 2352 1497 2408 titulus
1525 2369 1544 2406 :
1577 2351 1816 2407 PASTOR.

393 2462 596 2521 Pnnws
625 2465 788 2536 bujus
812 2449 992 2538 operis
1019 2468 1158 2524 liber
1191 2468 1246 2524 in
1282 2477 1520 2541 quatuor
1543 2467 1784 2524 visiones
1811 2467 1895 2522 di-

321 2555 629 2610 stribuitur.
672 2557 728 2612 In
757 2560 931 2630 prima
972 2569 1164 2617 auctor
1192 2561 1480 2618 mulierem
1510 2560 1565 2615 in
1594 2559 1779 2616 Tiberi
1811 2561 1894 2614 la-

321 2658 538 2704 ventem
564 2666 623 2706 se
647 2652 850 2708 vidisse
873 2653 983 2721 ait;
1017 2654 1177 2724 cujus
1203 2655 1425 2726 quidem
1459 2652 1639 2709 forma
1676 2651 1893 2724 eaptus‘,

321 2755 446 2794 cum
490 2756 718 2797 uxorem
745 2743 794 2797 ei
833 2742 1065 2798 similem
1093 2744 1516 2815 concupivisset,
1548 2743 1674 2799 inde
1701 2744 1771 2798 ab
1803 2758 1897 2798 ea-

319 2831 441 2885 dem
473 2832 722 2898 muliere,
758 2834 972 2905 aliaque
998 2835 1213 2890 seniore
1238 2843 1523 2905 correptus
1549 2843 1651 2890 est.
1684 2833 1894 2889 Exinde

319 2924 574 2993 patefacit
601 2925 871 2994 ejusmodi
912 2928 1176 2998 cogitata,
1208 2940 1331 2998 quae
1370 2928 1596 2982 minime
1629 2927 1772 2982 mala
1809 2926 1894 2980 vi-

321 3019 540 3081 dentur,
568 3019 875 3088 periculosa
903 3035 1047 3087 esse,
1073 3036 1174 3076 nec
1205 3021 1456 3075 criminis
1481 3023 1750 3091 expertia.
1784 3023 1892 3075 Ar-

323 3113 513 3180 guitur
544 3111 769 3181 insuper
822 3113 968 3181 quod
1011 3121 1304 3182 peccantes
1336 3113 1476 3168 tilios
1507 3127 1638 3167 suos
1661 3153 1676 3176 ,
1710 3121 1770 3166 ut
1797 3126 1895 3182 par

316 3213 460 3267 erat,
500 3218 609 3258 non
655 3203 1063 3269 emendaverit;
1115 3212 1171 3257 et
1209 3204 1339 3274 quid
1383 3203 1449 3258 ad
1481 3204 1700 3272 culpam
1749 3204 1892 3259 banc

319 3294 607 3350 eluendam
632 3293 999 3363 praestandum
1033 3293 1192 3360 foret,
1217 3294 1464 3349 docetur.
1492 3292 1780 3348 IEdilicata
1800 3294 1894 3347 de-

252 3396 266 3408 '
323 3388 489 3455 nique
517 3400 547 3438 a
590 3384 703 3438 Deo
730 3384 974 3439 Ecclesia
1002 3385 1051 3440 ei
1090 3385 1419 3451 ostenditur,
1449 3395 1504 3440 ct
1531 3387 1676 3456 quod
1710 3386 1891 3440 omnia

320 3480 474 3548 plena
505 3479 631 3548 ﬁent
651 3479 829 3532 electis
860 3479 993 3548 ejus.

1922 2241 1963 2299 Α
1993 2235 2211 2289 vitatem
2242 2234 2509 2306 integram
2529 2234 2794 2289 devorare
2813 2238 3048 2303 poterat.
3075 2227 3230 2283 Hanc
3248 2235 3433 2283 autem
3453 2225 3573 2281 bel-

1995 2327 2142 2382 luam
2175 2342 2435 2396 pressura:
2460 2338 2509 2380 et
2531 2324 2893 2379 tribulationis
2926 2327 3314 2393 superuentura
3337 2318 3570 2388 ﬁguram

1994 2432 2137 2483 esse,
2167 2433 2197 2470 a
2228 2417 2474 2487 virgine,
2508 2431 2634 2486 quae
2676 2414 2978 2471 Ecclesiam
3031 2412 3328 2484 ﬁgurabat,
3354 2408 3577 2490 didicit,-

1992 2507 2066 2563 ιιι)
2089 2523 2266 2579 eaque
2292 2509 2506 2578 accepit
2531 2523 2638 2578 qua
2673 2515 2794 2562 arte
2823 2505 2970 2560 vinci
3004 2510 3225 2574 posset;
3257 2516 3323 2557 ac
3347 2500 3570 2556 tandem

1996 2599 2113 2656 base
2137 2600 2368 2656 auribus
2389 2610 2709 2656 sanctorum
2733 2598 2883 2669 loqui
2919 2597 3161 2666 iubetur.

2067 2691 2236 2748 Lmen
2265 2708 2532 2749 sccunnus
2577 2691 2870 2746 duodecim
2912 2689 3189 2751 mandata,
3228 2700 3352 2756 quc
3374 2681 3575 2740 Pastor

1998 2785 2234 2850 nuntius,
2266 2793 2317 2838 et
2348 2784 2661 2853 praepositus
2685 2782 3006 2854 paenitentia:
3037 2781 3105 2834 ab
3143 2777 3343 2833 Herm:
3373 2775 3573 2831 descri-

1997 2878 2047 2933 bi
2065 2878 2330 2947 imperat,
2355 2877 2750 2948 complectitur.
2775 2874 3020 2930 Primum
3050 2887 3240 2928 eorum
3264 2865 3570 2938 doeetquitl

1996 2972 2063 3026 de
2091 2970 2222 3038 Deo,
2247 2970 2342 3041 qui
2370 2969 2651 3026 timendus
2685 2976 2801 3033 est,
2847 2965 3199 3023 credendum.
3232 2962 3571 3026 Secundum,

1993 3061 2160 3114 vitam
2188 3059 2242 3113 in
2267 3059 2618 3128 simplicitate
2647 3067 2700 3113 et
2725 3055 3041 3112 innocentia
3061 3053 3390 3115 ducendam,
3421 3052 3572 3106 elec-

1996 3167 2256 3223 mosynas
2283 3151 2540 3206 omnibus
2573 3149 2913 3220 erogandas,
2958 3148 3163 3202 nullius
3207 3146 3366 3200 fama
3387 3145 3570 3198 detra-

1994 3244 2258 3298 hendum.
2291 3242 2556 3310 Tertium,
2591 3243 2876 3296 veritatem
2901 3256 3115 3310 semper
3138 3237 3492 3294 asserendam
3515 3245 3570 3290 et

1994 3348 2274 3401 nunquam
2298 3332 2686 3387 mentiendum.
2722 3330 3012 3396 Quartum,
3043 3329 3353 3384 castitatem
3377 3341 3574 3394 corpo-

1993 3425 2071 3480 ris
2097 3433 2260 3492 atque
2302 3424 2499 3478 anima:
2535 3421 2858 3478 servandam
2882 3461 2899 3486 ,
2927 3421 3169 3490 quidque
3209 3433 3400 3488 sponso
3442 3434 3571 3488 erga

1992 3533 2240 3587 sponsam
2263 3515 2528 3586 inﬁdelem
2553 3515 2820 3586 agendum
2849 3514 2938 3569 sit.
2969 3512 3042 3567 lbi
3073 3526 3201 3565 vero
3229 3511 3477 3580 quaedam
3503 3510 3572 3566 de

392 3589 448 3644 ¹¹¹
481 3589 717 3646 secunda
747 3589 956 3646 νίδίθυθ
996 3591 1213 3648 οωδίυδ
1239 3601 1322 3648 05‘
1358 3590 1569 3648 Hermae
1612 3593 1681 3648 ab
1702 3592 1890 3648 eadem
1924 3594 1966 3649 Β
1997 3608 2316 3677 ρωτιίιθιιιίει
2345 3606 2520 3661 obiter
2551 3604 3013 3675 perstringuntur.
3046 3601 3307 3669 Quintum
3343 3597 3572 3652 manda-

321 3697 428 3736 anu
467 3682 642 3752 liber;
672 3697 834 3752 quem
876 3698 1001 3738 cum
1032 3684 1252 3755 legisset
1288 3684 1749 3754 intellexissetque
1771 3728 1785 3750 ,
1823 3700 1890 3739 eo

319 3789 516 3831 rursus
534 3777 853 3848 castigatur,
885 3776 1031 3846 quod
1074 3785 1302 3846 peccata
1341 3778 1531 3832 uxoris
1571 3793 1684 3831 suae
1719 3793 1784 3832 ac
1826 3777 1890 3830 li-

318 3868 517 3925 liorum
545 3883 653 3924 non
678 3869 1040 3939 prohibuerit,
1064 3869 1252 3940 illique
1274 3871 1518 3940 aperitur
1547 3870 1678 3941 quid
1705 3872 1770 3925 ad
1789 3871 1889 3926 ob-

319 3958 592 4012 tinendam
618 3958 830 4013 veniam
855 3974 1015 4030 agere
1044 3961 1256 4015 debeat.
1279 3961 1457 4030 Atque
1498 3961 1570 4014 ibi
1599 3971 1888 4031 postquam

318 4050 385 4104 de
408 4050 748 4120 pmnitentia,
773 4051 1085 4106 innocentia
1115 4063 1168 4107 et
1199 4053 1548 4122 simplicitate
1588 4069 1768 4110 sermo
1805 4055 1891 4110 in-

318 4141 538 4196 stitutus
570 4151 672 4205 est,
705 4143 1016 4211 praecipitur
1058 4143 1405 4208 annuntiare,
1434 4144 1581 4214 quod
1613 4143 1890 4200 tribulatio

318 4249 511 4302 magna
538 4234 693 4286 venit.
718 4231 821 4302 Ipsi
843 4233 1036 4289 deinde
1051 4235 1378 4300 declaratur,
1397 4235 1703 4303 mulierem,
1723 4251 1888 4307 quam

317 4328 550 4392 viderat,
582 4342 704 4383 esse
733 4325 1057 4393 Ecclesium,
1089 4343 1118 4381 a
1150 4343 1258 4396 qua
1283 4337 1341 4381 ut
1371 4327 1480 4383 duo
1504 4330 1792 4383 memorati
1825 4331 1888 4383 li-

318 4417 402 4472 bri
450 4433 572 4488 qua
615 4417 979 4488 descripserat
1033 4419 1364 4487 exemplaria
1390 4457 1406 4482 ,
1442 4434 1612 4472 unum
1668 4419 1886 4488 quidem

319 4510 557 4581 Graptae,
589 4510 819 4565 alterum
844 4525 973 4564 vero
1002 4509 1264 4564 Clementi
1290 4550 1305 4575 ,
1350 4525 1446 4581 per
1475 4526 1669 4565 omnes
1694 4510 1887 4564 civita-

322 4614 401 4659 tes
431 4604 778 4667 mittendum,
819 4612 877 4657 ut
906 4603 1134 4674 ipsemet
1159 4601 1375 4673 dirigat,
1408 4603 1729 4658 mandatum
1760 4618 1892 4659 con-

320 4699 474 4753 tinuo
499 4696 713 4768 accipit.

392 4810 449 4864 In
480 4809 638 4866 tertia
665 4809 877 4865 visione
902 4810 1092 4864 eadem
1123 4809 1319 4865 mulier
1351 4811 1570 4878 turrim,
1601 4827 1724 4881 quae
1757 4811 1890 4866 πιᾶὶ-

320 4902 863 4998 βοειὺειιιιτηυθνξηφ
882 4903 1150 4998 ostendit;
1174 4902 1363 4972 illique
1383 4906 1684 4973 quomodo,
1711 4921 1742 4960 a
1767 4907 1891 4976 qui-
1916 4941 1960 4998 α

321 4996 425 5054 bus
448 5005 505 5051 et
534 4995 734 5067 quibus
761 4995 1034 5065 lapidibus
1055 5003 1498 5062 construeretur;
1529 5004 1692 5067 atque
1713 5013 1776 5051 ex
1813 4998 1892 5052 la-

319 5077 540 5163 pidibus
564 5090 661 5162 qui
683 5089 972 5159 assumpti,
1009 5088 1105 5159 qui
1145 5087 1356 5156 rejecti,
1395 5087 1490 5158 qui
1525 5087 1725 5146 iterum
1751 5089 1890 5144 secti

319 5185 657 5256 aediﬁciaque
691 5182 882 5252 aptati,
914 5182 1062 5237 clare
1097 5181 1366 5250 explicat;
1411 5196 1477 5236 ac
1512 5197 1621 5252 qua
1668 5183 1888 5238 tandem

317 5279 532 5333 ratione
556 5278 671 5331 bzec
700 5277 866 5330 turris
888 5273 1146 5330 Ecclesiae
1166 5272 1338 5343 ligura
1363 5282 1528 5340 esset,
1559 5275 1755 5342 aperit.
1791 5271 1890 5328 llis

321 5372 412 5427 ille
457 5369 623 5443 trium
653 5368 901 5439 ejusdem
948 5366 1233 5434 Ecclesiae,
1270 5382 1441 5437 quam
1488 5367 1593 5423 sub
1633 5366 1918 5423 mulieris.

321 5463 501 5532 specie
527 5461 769 5533 viderat,
816 5457 1099 5530 subiungit
1139 5457 1543 5528 apparitionum
1584 5457 1888 5528 expositio.

322 5569 466 5610 nem.

393 5648 596 5713 Quarta
627 5646 924 5714 ultimaque
941 5643 1152 5698 visione
1188 5641 1418 5698 Hermas
1444 5643 1734 5713 conspexit
1768 5642 1886 5696 bel-
1935 5669 1941 5675 -

343 5747 493 5800 nam,
521 5747 644 5804 qua
673 5748 782 5792 uno
812 5732 1034 5788 haustu.
1067 5731 1172 5787 nisi
1202 5732 1426 5802 angelus
1455 5731 1778 5801 obstitisset,
1805 5732 1889 5787 ci-

1995 3710 2107 3755 tum
2145 3699 2596 3770 wquanimitatem
2622 3705 2676 3750 et
2700 3695 3015 3765 patientiam
3058 3691 3324 3763 praecipit.
3361 3689 3526 3744 Sexto
3551 3730 3568 3756 ,

1991 3792 2114 3846 duae
2144 3792 2244 3846 viae
2267 3801 2323 3845 et
2356 3790 2467 3844 duo
2492 3788 2660 3859 genii,
2687 3801 2922 3857 quorum
2948 3783 3357 3853 unusjustitiae,
3387 3790 3442 3838 et
3477 3797 3570 3838 se-

1990 3882 2280 3952 quendus;
2310 3881 2446 3934 alter
2477 3879 2779 3949 injustitiaa,
2806 3886 2860 3932 et
2887 3875 3240 3946 expellendus
3269 3874 3572 3929 ostendun-

1991 3983 2100 4028 tur.
2132 3972 2398 4042 Septimo,
2446 3970 2617 4025 Deum
2659 3968 2982 4034 timendum,
3029 3966 3253 4020 minime
3297 3980 3424 4020 vero
3454 3965 3568 4018 da:-

1990 4080 2230 4120 monem.
2281 4065 2518 4128 Octavo,
2545 4079 2708 4117 onme
2749 4061 2955 4115 malum
3010 4059 3155 4129 quod
3209 4057 3568 4127 fugiendum,

1991 4171 2155 4210 omne
2192 4155 2400 4210 bonum
2431 4153 2580 4224 quod
2610 4153 2880 4223 agendum
2927 4163 3027 4206 est.
3064 4148 3241 4216 Nono,
3271 4164 3393 4218 qua:
3423 4148 3566 4202 bona

1991 4253 2102 4307 sint
2140 4250 2198 4305 in
2239 4251 2506 4306 oratione
2530 4249 2649 4305 sine
2685 4247 3028 4303 dubitatione
3061 4255 3116 4300 et
3147 4261 3271 4300 cum
3315 4258 3571 4313 perseve.

1990 4341 2190 4409 rantia,
2215 4357 2246 4396 a
2270 4340 2382 4396 Deo
2401 4356 2613 4410 semper
2638 4339 2986 4410 postulanda.
3014 4337 3294 4391 Decimum
3317 4334 3571 4404 prohibet

1991 4436 2265 4511 tristitiam
2286 4475 2302 4501 ,
2341 4450 2464 4504 qua:
2506 4434 2622 4503 ﬁlia
2649 4433 3000 4486 dubitationis
3030 4441 3077 4483 et
3109 4417 3405 4482 iracundia:
3447 4443 3570 4479 esse

1991 4525 2418 4580 demonstratur.
2453 4520 2813 4578 Undecimum
2852 4523 3027 4592 aperit
3069 4521 3200 4591 quid
3237 4518 3570 4573 discriminis

1995 4617 2068 4671 sit
2095 4631 2256 4670 veros
2286 4616 2426 4670 inter
2457 4630 2522 4669 ac
2559 4614 2729 4669 falsos
2771 4614 3099 4683 prephetas;
3127 4611 3193 4664 de
3216 4610 3416 4679 quibus
3451 4623 3568 4660 rur-

1991 4723 2088 4764 sus
2118 4720 2173 4764 et
2201 4709 2252 4762 in
2283 4707 2634 4768 duodecimo,
2660 4706 2752 4760 ubi
2785 4705 2851 4759 de
2887 4705 3028 4758 bona
3074 4701 3325 4770 malaque
3358 4697 3571 4767 cupidi-

1991 4809 2122 4866 tate,
2175 4801 2347 4855 altera
2403 4800 2719 4868 sequenda,
2772 4796 3025 4868 fugienda
3066 4794 3235 4846 altera
3260 4798 3566 4856 ,tractatur.

1993 4889 2124 4946 Post
2153 4891 2266 4944 haec
2288 4887 2484 4944 Pastor
2512 4885 2726 4942 I‘Iermze
2756 4886 3008 4956 imperat,
3049 4890 3110 4936 ut
3136 4881 3428 4951 diligenter
3454 4878 3569 4932 haec

1997 4983 2182 5036 omnia
2214 4991 2398 5036 servet
2421 4981 2698 5044 mandata,
2742 4980 3105 5046 hortaturque
3148 4969 3376 5037 Omnes,
3415 4979 3475 5026 ut
3505 4985 3568 5024 ea

1993 5073 2196 5144 pariter
2224 5073 2535 5128 observent.
2569 5071 2815 5140 Denique
2843 5071 2982 5125 idem
3015 5068 3211 5123 Pastor
3238 5066 3378 5120 hanc
3414 5079 3570 5117 man-

1993 5164 2247 5218 datorum
2297 5163 2778 5227 observationem,
2830 5174 3053 5231 propter
3099 5173 3262 5229 quam
3317 5156 3569 5209 homines

1993 5255 2159 5308 vivent
2192 5251 2324 5318 Deo,
2350 5253 2431 5307 eis
2462 5252 2778 5307 facillimam
2802 5268 2926 5306 esse
2958 5251 3318 5306 demonstrat.

2063 5366 2112 5423 Is
2141 5383 2304 5438 porro
2331 5369 2385 5423 in
2427 5383 2628 5430 rsn'rto
2664 5382 2820 5422 LIBRO
2849 5368 2914 5421 ad
2951 5365 3133 5420 varias
3163 5360 3569 5425 similitudines,

1991 5458 2192 5527 quibus
2212 5457 2467 5514 Ilermam
2486 5459 2701 5514 erudire
2729 5459 2925 5529 pergit,
2948 5456 3213 5512 convertit
3237 5466 3566 5509 sermonem.

2000 5549 2161 5606 Docet
2189 5551 2373 5622 itaque
2393 5567 2501 5606 non
2531 5551 2736 5608 divitiis
2761 5548 3191 5612 accumulandis,
3211 5547 3303 5602 sed
3333 5559 3568 5615 erogan—

1995 5639 2078 5694 dis
2102 5639 2461 5713 eleemosynis
2485 5641 2927 5696 incumbendnm.
2954 5639 3109 5706 Quod
3132 5638 3348 5709 quidem
3376 5640 3572 5706 probat

1993 5733 2352 5792 similitudine
2382 5735 2506 5790 vitis
2529 5750 2651 5792 cum
2684 5736 2884 5804 divite,
2920 5746 2972 5792 et
2998 5735 3127 5789 ulmi
3154 5748 3276 5788 cum
3309 5745 3570 5802 paupere,
