4074 6154
1905 291 1967 349 8.
2006 292 2147 348 ΗΕΒ
2156 291 2313 349 MAS.

3638 294 3736 350 836

480 413 577 485 qui
615 410 722 467 nisi
751 407 971 466 divitem
991 449 1007 475 ,
1034 406 1177 463 sicut
1206 405 1386 461 ulmus
1418 405 1581 460 vitem
1613 402 1832 466 fulciat,
1861 400 2060 470 serpit.
2090 405 2136 462 Α
2167 402 2373 457 scilicet
2401 400 2481 456 Pii
2529 414 2698 471 papas,
2727 401 3055 472 episcopatu,
3090 402 3262 472 frater
3304 404 3470 471 ipsius
3519 402 3735 460 Hermas

480 521 583 560 nec
629 503 798 559 ullum
849 500 933 555 vix
982 514 1223 569 unquam
1264 496 1499 552 fructum
1552 494 1766 550 referet.
1807 491 1946 547 Hinc
1989 491 2057 546 ad

480 598 618 653 alias
645 594 842 651 transit
870 592 1257 649 similitudines
1277 629 1292 654 ,
1318 589 1650 659 planumque
1674 586 1849 656 primo
1880 584 1934 639 id
1979 583 2061 638 fa-

480 690 590 758 cit,
611 688 756 759 quod
779 688 920 743 sicut
948 686 1109 740 arbor
1136 682 1327 737 viridis
1352 697 1382 735 a
1414 681 1558 735 sicca
1591 694 1698 733 non
1745 678 1925 733 hieme
1963 676 2059 733 sed

479 790 668 838 testate
696 777 1067 849 distinguitur,
1095 775 1175 830 sic
1215 772 1578 841 hom'ojustus
1615 770 1685 825 ab
1717 769 1921 840 injusto
1951 784 2059 823 non

480 875 536 929 in
569 873 673 928 hoc
702 871 926 935 mundo,
954 869 1048 923 sed
1073 867 1127 921 in
1146 865 1354 936 judicio
1375 871 1621 919 extremo
1642 872 1723 918 est
1746 862 2061 916 discernen-

481 966 603 1019 dus.
640 961 840 1017 Deinde
877 959 1147 1029 jejunium
1180 974 1305 1013 cum
1338 972 1401 1012 ea
1434 962 1713 1026 comparat
1745 953 2059 1024 diligentia,

479 1072 586 1127 qua
619 1070 808 1111 servus
831 1054 993 1107 vitem
1024 1051 1231 1106 domini
1254 1050 1338 1105 sui
1368 1090 1384 1116 ,
1415 1048 1589 1119 magis
1616 1063 1780 1119 quam
1804 1046 1907 1102 sibi
1944 1046 2063 1101 fue-

480 1156 565 1202 rat
589 1148 933 1216 imperatum,
965 1144 1146 1198 colere
1172 1141 1398 1198 studuit.
1432 1140 1549 1207 Qua
1582 1140 1770 1195 eadem
1800 1139 2061 1195 similituv

478 1238 604 1293 dine
636 1236 872 1291 ostendit
900 1244 1102 1306 quanta
1128 1250 1221 1300 pro
1253 1231 1551 1286 hominibus
1580 1231 1719 1285 Deus
1749 1230 2058 1300 patraveril,

478 1341 531 1387 et
572 1340 775 1400 quanta
818 1329 893 1383 illi
934 1329 1167 1398 puritate
1197 1328 1359 1380 vitam
1387 1326 1671 1380 instituere
1694 1325 1944 1379 debeant.
1975 1317 2060 1377 'Ob

478 1423 668 1478 oculos
694 1430 879 1493 postea
908 1430 1179 1491 pastorem
1204 1419 1456 1490 juvenem
1482 1418 1655 1489 ponit,
1685 1416 1843 1485 cujus
1872 1432 2060 1485 pecora

477 1516 689 1586 copiosa
714 1517 768 1568 in
790 1514 1145 1585 voluptatibus
1183 1525 1230 1567 et
1267 1512 1474 1566 deliciis
1496 1553 1510 1577 ,
1543 1509 1848 1581 ligurabant
1880 1508 2059 1562 homi-

480 1624 576 1663 nes
599 1608 967 1678 voluptatibus
989 1606 1234 1671 deditos;
1261 1620 1494 1675 quorum
1521 1602 1690 1674 aliqui
1712 1618 2057 1670 corrumpun-

478 1712 567 1754 tur
597 1718 759 1770 usque
785 1700 855 1754 ad
878 1700 1245 1769 defectionem,
1265 1697 1353 1751 alii
1379 1712 1550 1766 usque
1576 1696 1642 1749 ad
1666 1703 1915 1749 mortem.
1939 1690 2057 1747 Non

476 1794 734 1848 dillitetur
780 1802 961 1847 tamen
1004 1792 1270 1861 quasdam
1308 1804 1430 1844 esse
1466 1788 1804 1858 voluptates,
1832 1785 2060 1839 salutem

477 1885 769 1954 afferentes.
788 1882 927 1939 Hinc
942 1884 1089 1938 venit
1106 1883 1171 1937 ad
1189 1881 1599 1937 similitudinem
1622 1879 1806 1935 salicis
1829 1893 2059 1949 magnas,

474 1976 635 2045 cujus
681 1974 817 2029 rami
863 1974 1069 2045 absque
1111 1972 1325 2031 arboris
1371 1971 1737 2026 diminutione
1784 1970 2058 2036 abscissi,

476 2069 775 2137 multisque
801 2067 1116 2121 hominibus
1150 2065 1461 2129 distributi,
1495 2074 1658 2135 atque
1694 2063 1861 2118 variis
1896 2062 2025 2119 sicci

476 2161 604 2215 tatis
620 2170 674 2215 et
698 2159 985 2215 viriditatis
1006 2158 1268 2230 gradibus
1290 2159 1359 2212 ab
1385 2156 1576 2212 iisdem
1600 2155 1857 2221 restituti,
1879 2155 2060 2210 varios

474 2252 829 2306 observandae
869 2250 1002 2320 legis
1046 2250 1245 2305 divinas
1282 2249 1475 2305 modos
1515 2248 1743 2319 mystice
1784 2246 2060 2317 signiﬁca-

474 2344 625 2399 bant.
654 2342 809 2398 Rami
839 2352 1020 2398 autem
1044 2342 1291 2397 nonnulli
1321 2342 1514 2396 iterum
1541 2350 1595 2395 et
1617 2340 1777 2395 tertio
1808 2339 2057 2408 plantati,

474 2444 529 2489 et
564 2435 629 2489 ad
666 2437 847 2490 varios
896 2434 1188 2489 viriditatis
1234 2435 1434 2505 gradus
1488 2433 1759 2496 revocati,
1803 2434 2060 2501 gerebant

472 2536 819 2598 peccatorum
875 2526 1043 2582 variis
1103 2527 1281 2581 modis
1341 2525 1714 2594 ptenitentiam
1780 2524 2055 2593 agentium

473 2620 905 2675 similitudinem.
921 2618 1051 2674 Post
1069 2620 1183 2674 haec
1200 2618 1665 2674 coristructioncm
1688 2616 1877 2679 turris,
1905 2615 2058 2669 simi-

473 2714 755 2769 litudinem
806 2711 1061 2767 Ecclesia:
1106 2711 1476 2780 praeferentis,
1512 2722 1677 2778 quam
1714 2706 1854 2760 libro
1879 2706 2057 2775 primo

474 2809 647 2863 levius
677 2807 960 2876 attigerat,
989 2804 1267 2860 lusissime
1292 2802 1552 2857 describit
1582 2818 1597 2857 :
1622 2810 1677 2855 et
1701 2799 1963 2869 quidquid
1988 2798 2057 2853 ad

472 2915 591 2955 eam
622 2899 882 2969 pertinet,
909 2896 1225 2966 singillatim
1262 2893 1589 2949 Christianis
1611 2933 1626 2957 ,
1659 2890 1897 2945 maxime
1927 2906 2057 2945 vero

472 2990 864 3062 paenitentibus
917 2987 1283 3058 applicando,
1334 2985 1517 3039 omnia
1568 2999 1689 3053 quas
1742 2998 1772 3037 a
1827 2982 2055 3052 singulis

472 3080 778 3152 quibusque
817 3077 1176 3149 persolvenda
1221 3088 1408 3139 erant,
1444 3074 1722 3145 religionis
1753 3084 1807 3129 et
1837 3073 2054 3143 pietatis
2080 3111 2123 3169 Ο

472 3173 645 3228 ollicia
685 3172 937 3242 explicat.
981 3169 1186 3225 Dehinc
1216 3179 1403 3223 narrat
1434 3167 1662 3222 Hermas
1699 3183 1863 3237 quam
1898 3167 2053 3221 solli—

471 3267 577 3322 cite
607 3264 853 3335 angelus,
877 3263 971 3335 qui
998 3278 1123 3318 eum
1155 3262 1363 3317 Pastori
1393 3262 1575 3314 nuntio
1599 3261 1915 3329 paenitentia:
1947 3270 2057 3313 tra-

472 3358 710 3423 diderat,
770 3356 1021 3425 ipsimet,
1079 3362 1138 3408 ut
1189 3354 1441 3408 mandata
1496 3354 1761 3407 hactenus
1810 3352 2054 3421 exposita

472 3453 740 3516 observet,
766 3450 995 3519 aliisque
1029 3448 1278 3503 similiter
1308 3445 1647 3501 observanda
1683 3460 1804 3498 esse
1838 3443 2057 3497 nuntia-

473 3551 592 3607 ret,
623 3540 989 3611 imperaverit.
1018 3539 1302 3594 Postremo
1331 3537 1419 3591 ille
1442 3535 1620 3606 angeli
1652 3544 1918 3588 memorat
1940 3533 2059 3602 pol-

472 3634 847 3695 licitationem,
880 3646 988 3702 qua
1012 3630 1129 3686 lore
1160 3639 1219 3684 ut
1249 3629 1350 3699 ipsi
1380 3641 1654 3699 pasmrem
1687 3636 1742 3681 et
1768 3625 2055 3681 duodecim

473 3723 745 3794 virgines,
778 3722 828 3777 id
852 3731 934 3777 est
964 3736 1156 3776 omnes
1184 3720 1410 3775 omnino
1437 3719 1700 3783 virtutes,
1731 3733 1855 3772 cum
1896 3732 1962 3771 eo
1998 3717 2055 3771 in

476 3824 739 3871 cternum
775 3827 1163 3883 permansuras
1192 3811 1461 3877 mitteret,
1493 3811 1637 3865 ultro
1669 3810 2054 3880 spoponderat.

1021 3943 1420 4000 ARTICULUS
1458 3944 1520 4000 ll.

474 4037 605 4103 Quis
635 4036 861 4093 Hermas
893 4047 1079 4091 auctor
1103 4038 1259 4107 hujus
1286 4041 1487 4107 operis;
1518 4054 1643 4089 num
1675 4038 1745 4091 sit
1772 4038 1937 4107 frater
1968 4037 2055 4093 Pii

896 4109 1092 4178 primi,
1121 4112 1313 4162 summi
1342 4109 1629 4178 pontificis.

545 4198 709 4255 Extra
732 4201 1164 4256 controversiam
1199 4208 1284 4254 est
1311 4200 1412 4253 hoc
1437 4216 1574 4269 opus
1600 4199 1739 4254 idem
1765 4214 1884 4255 esse
1906 4201 2053 4270 quod

473 4296 543 4352 ab
568 4295 967 4364 antiquissimis
1002 4292 1255 4348 Patribus
1291 4291 1503 4347 Hermae
1535 4292 1753 4346 nomine
1777 4290 2049 4347 laudatur.

473 4388 528 4446 ω
560 4389 769 4458 liquido
791 4388 1054 4458 probatur
1075 4402 1142 4441 ex
1170 4384 1485 4440 eorumdem
1509 4384 1731 4439 Patrum
1756 4383 1909 4438 libris
1928 4426 1942 4450 ,
1959 4384 2049 4438 ubi

2161 493 2359 549 librum
2383 494 2625 562 scripsit,
2655 498 2712 547 in
2740 510 2840 563 quo
2872 495 3187 549 mandatum
3215 496 3583 566 conﬁrmatur,
3605 499 3736 568 quod

2158 584 2207 636 ei
2233 582 2479 651 pracepit
2505 584 2724 653 angelus
2751 582 3003 651 Domini,
3036 601 3157 638 cum
3190 586 3383 639 ueniret
3420 586 3491 639 ad
3529 603 3645 640 eum
3686 587 3737 643 in

2160 676 2345 731 habitu
2384 678 2652 745 pastoris,
2702 686 2761 730 ut
2806 688 3049 733 sanctum
3090 677 3303 733 Pascha
3348 680 3435 733 die
3464 678 3736 735 Dominico

2159 771 2532 826 celebraretur.
2560 772 2765 826 Auctor
2793 769 3109 837 decretalis,
3142 772 3213 823 ad
3251 771 3521 826 universos
3544 770 3737 826 Christi

2161 864 2376 936 ﬁdeles,
2406 879 2530 935 quae
2559 863 2774 934 ipsimet
2816 862 2914 918 Pio
2955 862 3207 919 Pontiﬂci
3242 848 3521 931 tribuitur,
3553 865 3735 921 eadem

2160 975 2379 1030 quoque
2405 957 2629 1013 tradidit
2658 976 2672 1013 :
2706 956 2835 1012 Istis
2863 974 2986 1029 ergo
3010 957 3330 1027 temporibus
3362 957 3588 1012 Hermas
3641 958 3736 1010 do-

2126 1052 2401 1122 'ctor/idei
2431 1063 2478 1105 et
2506 1050 2907 1120 Scripturarum
2931 1052 3131 1121 effulsit
3160 1053 3300 1106 inter
3329 1069 3539 1110 ποια..
3573 1052 3737 1107 eidem

2164 1143 2377 1198 Hermae
2411 1143 2626 1213 angelus
2650 1142 2865 1197 Domini
2900 1144 2955 1197 in
2990 1143 3175 1198 habitu
3200 1144 3430 1214 pastoris
3460 1144 3735 1213 apparuit,

2160 1252 2210 1292 et
2256 1240 2500 1305 prlecepit
2548 1238 2595 1291 ei
2638 1247 2695 1289 ut
2747 1220 2953 1290 Pascha
2983 1236 3069 1289 die
3097 1234 3373 1290 Dominico
3408 1234 3472 1289 ab
3502 1235 3739 1288 omnibus

2162 1327 2533 1382 celebraretur.
2564 1326 2643 1382 Ex
2672 1327 2759 1381 his
2782 1342 2944 1397 porro
2973 1326 3181 1382 ultimis
3208 1327 3388 1382 verbis
3418 1327 3651 1381 alterum
3677 1342 3739 1380 ex

2163 1416 2251 1475 his
2278 1420 2497 1475 duobus
2520 1419 2880 1489 scriptoribus
2909 1420 2977 1473 ab
3006 1419 3178 1475 altero
3210 1419 3263 1474 id
3294 1420 3439 1489 quod
3470 1419 3743 1475 scribebat

2163 1520 2469 1567 mutuatum
2509 1527 2664 1579 esse,
2696 1520 2790 1566 aut
2834 1511 3129 1581 utrumque
3167 1527 3233 1566 ex
3276 1511 3467 1565 iisdem
3492 1511 3742 1567 hausisse

2165 1605 2406 1660 fontibus
2439 1604 2586 1660 haud
2625 1604 2863 1659 absurde
2899 1603 3145 1674 colligas.
3177 1601 3289 1657 Hos
3311 1617 3442 1657 vero
3471 1602 3740 1669 nonnulli,

2163 1697 2306 1753 Beda
2348 1697 2607 1751 nimirum
2663 1704 2718 1751 et
2764 1696 2923 1764 Ado,
2972 1713 3077 1753 non
3120 1696 3339 1767 quidem
3387 1697 3440 1751 in
3485 1697 3671 1751 citatis
3710 1712 3741 1752 a

2160 1791 2486 1861 quibusdam
2515 1804 2703 1843 eorum
2750 1788 3149 1861 Martyrologiis
3169 1832 3185 1852 .
3211 1789 3308 1845 sed
3354 1790 3407 1844 in
3437 1786 3743 1844 Chronolo-

2161 1885 2266 1956 giis
2305 1892 2491 1955 postea
2542 1883 2715 1938 secuti
2763 1891 2909 1937 sunt.
2966 1880 3045 1936 ibi
3095 1883 3367 1953 siquidem
3413 1880 3556 1937 Beda
3619 1898 3743 1937 cum

2161 1975 2471 2046 scripsisset
2490 1972 2765 2029 Iustinum
2789 1974 3172 2044 philosophum
3198 1974 3299 2028 sub
3319 1972 3416 2029 Pio
3436 1989 3574 2044 papa
3602 1990 3744 2029 mar-

2159 2070 2301 2142 tyrio
2322 2070 2486 2125 vitam
2514 2068 2742 2135 ﬁniisse,
2766 2068 3028 2123 continuo
3057 2066 3297 2123 subdidit
3318 2087 3334 2122 ε
3361 2066 3591 2121 Hermas
3614 2067 3747 2121 scri-

2159 2164 2263 2232 psit
2289 2163 2481 2217 librum
2504 2204 2519 2228 ,
2547 2163 2637 2232 qui
2676 2161 2876 2214 dicitur
2907 2159 3184 2226 Pastoris,
3215 2161 3270 2213 in
3300 2175 3400 2229 quo
3425 2168 3744 2228 praeceptum

2159 2254 2331 2325 angeli
2354 2255 2605 2317 continet,
2629 2263 2686 2306 ut
2722 2250 2929 2305 Pascha
2952 2250 3231 2305 Dominico
3256 2250 3341 2303 die
3366 2250 3741 2305 celebraretur.

2160 2347 2316 2403 Bedae
2344 2357 2523 2402 autem
2555 2346 2716 2401 verba
2761 2346 2842 2399 sic
2866 2344 2985 2399 Auo
3014 2344 3357 2414 transcripsit
3395 2362 3408 2397 :
3452 2342 3587 2397 Pius
3630 2343 3743 2411 epi-

2158 2455 2345 2508 scopus
2379 2438 2555 2492 Roma:
2592 2437 2837 2502 habetur,
2864 2436 2958 2490 sub
2990 2452 3091 2506 quo
3126 2434 3352 2489 Hermas
3377 2436 3571 2489 librum
3610 2434 3747 2489 scri-

2157 2534 2283 2599 psit,
2312 2534 2401 2603 qui
2425 2532 2627 2584 dicitur
2656 2529 2924 2596 Pastoris,
2955 2530 3008 2581 in
3033 2545 3135 2599 quo
3156 2540 3477 2599 preceptum
3510 2528 3744 2581 continet

2158 2624 2369 2694 angeli,
2411 2634 2466 2676 ut
2507 2639 2707 2691 semper
2735 2620 2945 2675 Pascha
2986 2622 3070 2675 die
3107 2621 3385 2675 Dominico
3433 2618 3745 2673 celebretur.

2156 2715 2361 2769 Auctor
2386 2730 2603 2784 quoque
2634 2714 2829 2767 veteris
2858 2712 3230 2766 Romanorum
3268 2712 3587 2782 pontiﬁcum
3648 2726 3745 2764 ca-

2158 2804 2320 2877 talogi
2340 2846 2355 2872 ,
2385 2806 2527 2874 apud
2554 2804 2879 2858 Buehcrium
2905 2814 2958 2858 et
2987 2803 3267 2859 Dollandi‘
3309 2803 3749 2868 continuatores,

2157 2898 2209 2951 in
2234 2898 2420 2951 eadem
2444 2906 2526 2951 est
2556 2897 2822 2951 sententia
2852 2916 2866 2951 :
2908 2895 3013 2951 Sub
3046 2897 3204 2965 hujus
3232 2936 3249 2959 ,
3280 2894 3394 2960 Pii,
3433 2898 3753 2964 episcopatu

2157 2991 2323 3061 frater
2350 2990 2461 3059 ejus
2495 2988 2722 3042 Hermas
2766 2988 2959 3041 librum
2996 2990 3246 3055 scripsit,
3293 2988 3345 3040 in
3384 3004 3484 3056 quo
3517 2990 3755 3040 manda-

2157 3094 2262 3150 tur,
2318 3083 2709 3152 contincturque
2753 3082 2891 3151 quod
2927 3082 2975 3134 ei
3018 3084 3262 3150 praecepit
3314 3081 3565 3152 angelus,
3626 3099 3756 3136 cum

2155 3174 2291 3227 venit
2330 3174 2398 3226 ad
2443 3189 2561 3225 eum
2602 3174 2655 3226 in
2697 3172 2882 3225 habitu
2927 3173 3179 3240 pastoris.
3218 3172 3461 3243 Denique
3507 3173 3755 3243 scriptor

2157 3266 2379 3321 alterius
2407 3268 2722 3321 eorumdem
2755 3266 3070 3335 pontilicum
3098 3266 3325 3337 catalogi
3349 3266 3491 3335 apud
3519 3270 3749 3322 eosdem

2158 3358 2404 3413 Bollandi
2452 3359 2693 3413 asseclas
2736 3358 2878 3412 idem
2933 3359 3287 3427 paucioribus
3334 3360 3514 3413 verbis
3549 3358 3749 3414 dixit:
3818 3407 3824 3415 .

2157 3450 2289 3504 Pius
2317 3453 2528 3504 natione
2556 3449 2729 3504 Italus
2754 3466 2818 3504 ea:
2842 3462 2992 3519 patre
3015 3449 3208 3520 Ruﬁno
3227 3492 3242 3517 ,
3271 3451 3438 3521 frater
3470 3450 3747 3507 Pastoris.

2230 3545 2433 3599 Verum
2463 3545 2579 3599 haac
2603 3544 2789 3615 opinio
2813 3554 2959 3599 stare
2982 3546 3135 3599 nullo
3170 3546 3333 3601 modo
3382 3554 3578 3616 potest.
3621 3544 3749 3599 Pri-

2158 3656 2248 3695 mo
2282 3641 2425 3695 enim
2470 3640 2690 3709 quidam
2728 3658 2794 3696 ex
2839 3641 2925 3695 bis
2975 3640 3339 3709 scriptoribus
3391 3654 3582 3694 secum
3641 3638 3748 3709 ipsi

2158 3743 2420 3804 pugnant.
2450 3732 2569 3786 Atio
2593 3734 2860 3802 siquidem
2887 3734 2940 3787 in
2964 3748 3065 3788 suo
3093 3732 3480 3803 Martyrologio
3507 3732 3746 3787 scribit:

2160 3822 2358 3878 Natale
2385 3824 2557 3877 sancti
2595 3822 2807 3877 Herma:
2836 3825 2985 3892 cujus
3014 3824 3285 3892 apostolus
3320 3822 3527 3876 Paulus
3557 3824 3749 3878 memi-

2158 3917 2350 3972 nit.....
2385 3914 2541 3969 Hunc
2562 3924 2801 3969 asserunt
2825 3927 3093 3968 auctorem
3124 3932 3235 3967 esse
3259 3914 3420 3981 libri,
3445 3916 3536 3985 qui
3560 3915 3746 3985 appel-

2156 4011 2300 4063 latur
2331 4009 2563 4064 Pasron.
2589 4009 2753 4078 Atqui
2778 4010 2821 4062 si
2853 4007 3081 4063 Hermas
3101 4008 3405 4077 discipulus
3429 4008 3536 4063 fuit
3561 4008 3744 4078 Pauli,

2154 4102 2238 4156 vel
2278 4100 2479 4156 Paulus
2509 4101 2655 4155 illius
2688 4101 2961 4168 meminit,
2992 4116 3098 4155 non
3129 4102 3305 4170 potuit
3336 4110 3485 4156 certe
3534 4102 3743 4157 librum

2155 4210 2316 4249 suutn
2338 4235 2353 4259 ,
2382 4193 2542 4248 sicuti
2574 4192 2713 4246 idem
2744 4192 2861 4246 Ado
2894 4193 2947 4245 in
2980 4191 3347 4263 Chronologia
3375 4208 3475 4247 sua
3506 4196 3742 4260 asserit,

2153 4287 2257 4341 sub
2302 4285 2617 4356 pontiﬁcatu
2662 4283 2744 4338 Pii
2789 4284 3072 4350 scribere,
3128 4284 3326 4354 quippe
3378 4285 3473 4354 qui
3516 4296 3740 4340 centum

2156 4378 2327 4433 lerme
2358 4387 2477 4447 post
2507 4375 2737 4431 Paulum
2781 4377 2941 4431 anuis
2977 4391 3230 4432 summus
3258 4376 3503 4446 pontifex
3537 4393 3744 4432 renuu—

474 4497 582 4538 non
648 4496 821 4551 pauca
870 4478 1111 4533 auctoris
1168 4478 1341 4531 nostri
1393 4477 1702 4531 testimonia
1761 4492 1827 4531 ex
1882 4449 2317 4531 variisntiatus
2344 4482 2445 4527 est.

474 4574 701 4643 hujusce
729 4573 910 4641 operis
935 4571 1181 4641 partibus
1211 4571 1535 4639 transcripta
1560 4578 1877 4624 occurrunt.
1944 4568 2057 4621 Au-

464 4676 721 4722 ctorvero
740 4666 855 4733 ipse
880 4664 935 4717 in
964 4664 1069 4719 hoc
1097 4678 1259 4732 opere
1280 4678 1477 4717 nomen
1504 4661 1715 4717 llerma:
1741 4663 1940 4732 ubique
1963 4678 2052 4717 as-

471 4758 657 4812 sumit.
690 4758 1034 4826 Quapropter
1062 4755 1197 4810 illud
1223 4763 1433 4809 tantum
1464 4756 1614 4808 venit
1650 4754 1702 4807 in
1734 4764 2050 4809 controver-

470 4847 609 4902 siam
631 4885 646 4909 ,
680 4845 803 4915 quis
824 4846 927 4899 iste
958 4844 1029 4899 sit
1059 4840 1317 4909 Hermas,
1352 4850 1405 4895 et
1433 4856 1543 4910 quo
1564 4841 1758 4894 vixerit
1786 4850 2047 4909 tempore.

541 4939 775 5008 Quidam
804 4940 987 5010 itaque
1011 4939 1309 5007 scriptores
1350 4936 1500 4989 illum
1544 4933 1625 4988 Pii
1653 4935 1811 5003 primi
1849 4931 2050 4987 summi

470 5036 745 5108 pontificis
776 5034 997 5090 fratrem
1030 5032 1199 5087 fuisse
1232 5030 1603 5085 indubitanter
1642 5036 1914 5083 asserunt.
1960 5024 2051 5080 Sic

471 5127 617 5181 enim
652 5126 919 5181 sentiebat
944 5132 1134 5179 auctor
1165 5122 1450 5193 poematis,
1485 5119 1802 5175 Tertulliani
1832 5116 2050 5171 nomine

470 5220 716 5287 inscripti
737 5257 753 5282 ,
786 5218 881 5289 qui
907 5220 973 5272 de
994 5216 1087 5271 illo
1118 5216 1192 5271 ita
1213 5214 1413 5271 cecinit
1443 5232 1457 5266 :

544 5332 671 5387 Post
695 5332 830 5384 hunc
850 5329 1036 5384 deinde
1059 5327 1208 5393 Pius,
1229 5325 1456 5381 Hermas
1479 5327 1566 5380 cui
1587 5326 1792 5379 nomine
1815 5326 1981 5394 frater

540 5403 822 5472 Angelicus
851 5412 1056 5471 pastor,
1085 5399 1175 5469 qui
1214 5399 1414 5452 tradita
1442 5403 1595 5451 verba
1626 5396 1855 5449 locutus.

542 5493 729 5549 Eidem
770 5494 1051 5549 sententia:
1090 5500 1283 5545 auctor
1316 5489 1668 5551 Pontilicalis,
1695 5488 1785 5556 qui
1820 5486 2052 5541 Damaso

469 5589 744 5651 tribuitur,
771 5587 917 5641 hunc
956 5584 1279 5653 subscripsit
1319 5583 1371 5635 iu
1418 5582 1637 5637 modum
1668 5598 1682 5635 :
1719 5578 1823 5635 Sub
1860 5578 2049 5648 hujus,

542 5724 557 5754 ⁸
576 5721 634 5776 In
663 5720 938 5792 Propylao
968 5719 1176 5777 mensis
1214 5718 1361 5774 Maii.

2222 4564 2425 4619 Deinde
2449 4564 2501 4618 hi
2528 4562 2822 4633 scriptores
2847 4570 3076 4617 narrant
3103 4577 3169 4617 ex
3199 4562 3339 4617 libro
3372 4561 3592 4618 Hermae
3623 4572 3738 4618 sta-

2151 4666 2351 4722 tutum,
2382 4668 2441 4711 ut
2470 4655 2677 4710 Pascha
2705 4656 2793 4709 die
2820 4654 3105 4709 Dominico
3134 4654 3457 4710 celebretur.
3491 4655 3562 4710 At
3624 4650 3737 4707 l‘ru-

2138 4747 2403 4818 straapud
2435 4755 2682 4801 nostrum
2715 4759 2991 4800 auctorem
3030 4745 3407 4815 hujuscemodi
3450 4747 3736 4801 decretum

2152 4839 2451 4911 quaesieris.
2478 4836 2575 4892 Vel
2602 4852 2729 4907 ergo
2754 4848 3005 4893 auctores
3035 4838 3151 4903 illi,
3185 4838 3276 4906 qui
3325 4839 3391 4892 de
3431 4836 3577 4893 libro
3607 4854 3639 4893 a
3679 4853 3737 4892 se

2153 4944 2422 4998 nusquam
2443 4929 2561 4983 viso
2581 4927 2871 4998 scripsisse
2893 4928 3163 4994 videntur,
3184 4927 3409 4981 omnino
3430 4925 3556 4982 lalsi
3585 4935 3732 4991 sunt,

2152 5022 2236 5075 vel
2266 5021 2332 5075 de
2355 5020 2464 5074 alio
2488 5035 2672 5090 opere,
2696 5034 2727 5073 a
2757 5030 2946 5075 nostro
2966 5020 3125 5089 plane
3145 5019 3471 5089 penitusque
3492 5020 3733 5084 diverso.

2152 5113 2471 5183 loquuntur.
2528 5110 2771 5181 Denique
2833 5110 3183 5165 manifestum
3251 5118 3336 5164 est
3397 5111 3732 5180 posteriores

2152 5204 2449 5273 scriptorcs
2477 5202 2788 5273 opinionem
2820 5217 2975 5256 suam
3007 5216 3037 5255 a
3070 5200 3346 5270 prioribus
3391 5201 3729 5271 sumpsisse,

2155 5295 2488 5365 proindeque
2518 5292 2783 5366 originem
2805 5294 3048 5364 ejusdem
3070 5294 3346 5363 Opinionis
3368 5296 3424 5349 in
3455 5310 3730 5365 memora—

2155 5399 2268 5444 tum
2298 5389 2584 5459 poematis,
2617 5397 2713 5442 aut
2732 5387 3067 5442 Pontilicalis
3096 5396 3372 5443 auctorem
3396 5388 3731 5459 esse,rel'un-

2151 5478 2404 5536 dentiam.
2434 5479 2597 5551 Atqui
2629 5488 2858 5548 uterque
2885 5488 3076 5533 auctor
3100 5486 3184 5533 est
3214 5479 3585 5550 apocryphus,
3609 5479 3732 5533 nul-

2153 5575 2259 5630 lius
2283 5573 2520 5631 nominis
2565 5571 2767 5627 nullius
2797 5570 3110 5643 diligentiaa,
3131 5572 3334 5627 nullius
3365 5571 3727 5625 auctoritatis.
