4010 6150
289 303 403 367 δεῖ

832 418 1227 480 ARTICULUS
1266 423 1353 479 ΙΙΙ.

410 536 557 593 Num
588 536 814 593 Hermas
845 538 1003 608 fuerit
1028 539 1319 610 discipulus
1343 538 1508 593 Pauli
1526 538 1773 610 apostoli.

372 654 577 707 Contra
604 667 734 706 vero
763 651 1090 721 scriptores,
1131 652 1240 707 illis
1278 652 1536 707 omnibus
1564 652 1788 708 nomine
1827 660 1883 709 et

293 755 459 803 atate
488 745 647 814 longe
677 741 1025 812 superiores,
1066 750 1259 813 putant
1303 741 1560 798 Hermam
1598 751 1878 797 auctorem

296 847 548 893 nostrum
578 834 748 889 fuisse
776 834 1106 903 discipulum
1127 833 1281 888 Pauli
1310 833 1567 905 apostoli,
1597 849 1760 903 quem
1793 834 1881 889 ille

296 928 355 981 in
386 926 624 996 Epistola
664 923 729 978 ad
768 922 1088 979 Romanos”
1116 914 1203 980 bis
1232 924 1432 981 salutat
1466 924 1647 980 verbis
1674 943 1687 979 :
1719 924 1881 980 Salu-

296 1032 407 1076 tate
456 1020 827 1090 Asyncritum,
863 1017 1240 1089 Phlegontem,
1290 1016 1564 1072 Hennam.
1618 1016 1881 1088 Origenes

291 1115 579 1168 enimvero
642 1113 699 1168 in
744 1112 891 1168 hunc
919 1110 1075 1165 Pauli
1122 1111 1304 1166 locum
1350 1112 1429 1165 sic
1473 1111 1702 1167 scribit:
1742 1110 1880 1165 Puto

291 1201 438 1274 quod
468 1200 694 1255 Hermas
722 1201 820 1255 iste
846 1202 914 1255 sit
942 1203 1170 1270 scriptor
1192 1199 1356 1253 libelli
1377 1199 1543 1265 illius,
1567 1200 1656 1270 qui
1687 1198 1881 1254 Pastor

289 1277 634 1362 appellatur;
664 1308 781 1363 qutc
803 1293 1069 1361 scriptura
1092 1291 1239 1345 valde
1263 1291 1391 1345 mihi
1415 1291 1564 1346 utilis
1588 1292 1808 1359 videtur,
1830 1300 1880 1346 et

284 1395 445 1453 puto,
488 1386 740 1439 divinitus
787 1386 1071 1453 inspirata.
1110 1383 1378 1439 Eusebius
1403 1384 1424 1415 ³
1466 1393 1646 1439 autem
1683 1404 1697 1439 :
1740 1384 1882 1453 Apo-

286 1480 465 1533 stolus
489 1476 717 1542 Paulus,
743 1477 938 1547 inquit,
972 1478 1027 1530 in
1056 1478 1469 1533 salutationibus
1493 1478 1625 1542 illis,
1649 1495 1766 1549 qua:
1785 1479 1879 1533 sub

289 1567 457 1637 ﬁnem
487 1565 742 1635 Epistolas
762 1566 831 1619 ad
850 1564 1112 1621 Romanos
1134 1567 1400 1638 leguntur,
1426 1570 1736 1623 mentionem
1757 1570 1879 1640 fecit

296 1658 538 1723 Hermas,
569 1659 719 1728 cujus
747 1674 857 1712 esse
885 1659 1055 1727 fertur
1082 1660 1126 1713 is
1161 1659 1312 1725 liber,
1343 1660 1432 1730 qui
1468 1658 1662 1717 Pastor
1690 1661 1880 1715 inscri-

292 1760 420 1819 ptus
455 1759 552 1804 est.
571 1748 965 1820 llieronymus‘
988 1738 1119 1804 vero
1146 1751 1197 1805 id
1229 1750 1297 1804 ab
1319 1752 1441 1806 aliis
1470 1760 1736 1807 assertum
1762 1768 1882 1808 esse
1913 1760 1954 1813 Β

297 1850 567 1896 memorat
592 1859 605 1895 :
634 1841 879 1907 Hermas,
905 1842 1098 1911 inquit,
1124 1845 1274 1911 cujus
1297 1842 1564 1911 apostolus
1587 1842 1789 1897 Paulus
1810 1843 1879 1897 ad

295 1931 563 1986 Romanos
615 1931 846 1985 scribens
902 1932 1257 1986 meminit.....
1309 1942 1551 1986 asserunt
1611 1943 1880 1986 auctorem

295 2041 408 2077 esse
452 2023 580 2077 libri
624 2024 712 2093 qui
761 2022 1055 2091 appellatur
1094 2021 1308 2079 Pastor.
1351 2023 1588 2078 Possunt
1632 2026 1699 2079 iis
1751 2025 1881 2080 sub—

293 2114 449 2186 jungi
505 2115 835 2184 posteriores
897 2117 1223 2188 scriptores,
1284 2116 1376 2184 qui
1440 2115 1655 2169 illorum
1714 2118 1878 2172 verba

297 2206 762 2275 transcripserunt
783 2247 797 2271 ,
825 2207 910 2261 vel
948 2222 1137 2261 eorum
1182 2206 1627 2275 subscripserunt
1654 2217 1880 2261 senten-

295 2301 406 2351 tize.
447 2295 560 2353 Hos
587 2298 729 2367 inter
770 2296 1026 2354 Sedulius
1051 2296 1302 2369 Origenis
1342 2297 1550 2364 verba}
1576 2308 1875 2363 mutuatur,

295 2386 637 2457 Nicephorus
664 2405 793 2445 vero
815 2388 1035 2445 Eusebii
1057 2389 1078 2420 ⁸
1107 2389 1354 2459 vestigiis
1383 2389 1601 2444 insistit.
1630 2391 1687 2444 In
1713 2390 1878 2461 hujus

297 2494 463 2548 porro
489 2482 771 2536 sententize
808 2480 1211 2535 ﬁrmamentum
1259 2481 1391 2535 illud
1438 2482 1633 2537 adduci
1664 2492 1876 2553 posset,

296 2570 444 2638 quod
492 2568 721 2627 Hermas
771 2572 887 2641 ipse
944 2580 1176 2627 testatur
1226 2588 1291 2626 ex
1348 2572 1565 2630 duobus
1616 2574 1739 2627 libri
1791 2576 1876 2630 sui

294 2661 702 2729 exemplaribus
730 2677 760 2716 a
802 2678 860 2716 se
890 2662 1181 2731 descriptis
1202 2704 1217 2727 ,
1253 2678 1426 2716 unum
1462 2662 1515 2717 in
1543 2674 1760 2719 exteras
1799 2666 1879 2724 ci-

294 2753 490 2806 vitates
515 2768 546 2806 a
575 2753 855 2807 Clemente
909 2754 1231 2809 mittendum
1266 2772 1279 2809 :
1324 2753 1497 2808 Mutet
1538 2764 1714 2809 autem
1756 2756 1876 2811 Cle-

289 2859 438 2898 mens
491 2845 545 2897 in
587 2855 794 2898 exteras
844 2845 1121 2910 civitates;
1174 2846 1310 2900 illud
1352 2847 1491 2900 enim
1538 2849 1873 2915 permissum.

283 2935 465 3002 Quem
494 2937 640 2991 enim
685 2937 851 2991 alium
898 2938 985 2991 his
1028 2938 1119 2993 ille
1156 2938 1341 2993 verbis
1374 2938 1663 3011 designat,
1710 2956 1874 3010 quam

278 3028 624 3084 Clementem
668 3044 941 3083 summum
989 3030 1334 3099 pontiﬁcem,
1381 3030 1474 3101 qui
1512 3045 1638 3086 cum
1688 3029 1874 3086 Romae

289 3119 525 3182 sederet,
560 3119 684 3173 inde
713 3120 924 3173 caeteris
955 3119 1212 3173 omnibus
1238 3118 1457 3175 facilius
1479 3129 1693 3191 poterat
1722 3122 1871 3175 hunc

288 3212 495 3265 librum
526 3211 579 3264 in
614 3219 832 3264 exteras
859 3210 1071 3263 mittere
1093 3209 1381 3265 civitates?

362 3300 534 3354 Porro
582 3300 629 3353 si
683 3300 799 3352 haec
844 3298 1151 3363 sententia,
1179 3297 1266 3351 cui
1315 3297 1452 3351 nihil
1491 3298 1788 3353 adversans
1819 3309 1875 3354 et

292 3404 605 3461 repugnans
653 3388 887 3450 videtur,
939 3386 1010 3440 sit
1066 3401 1227 3452 vera,
1284 3386 1574 3441 dicendum
1626 3388 1873 3458 profecto

292 3483 395 3537 hos
434 3482 605 3536 libros
634 3480 703 3533 ab
731 3489 954 3533 auctore
985 3488 1175 3533 nostro
1203 3489 1330 3533 ante
1365 3478 1528 3535 tinem
1571 3481 1735 3551 primi
1766 3480 1872 3536 Ec-

290 3573 471 3628 clesite
516 3572 701 3627 δαίουιὶ
732 3571 929 3626 editos.
975 3569 1229 3625 Clemens
1277 3571 1455 3638 enim,
1482 3572 1639 3641 juxta
1685 3582 1872 3643 poste-

285 3668 463 3721 riores
503 3666 983 3737 diligentioresque
1025 3664 1265 3720 historia)
1304 3666 1636 3737 scriptores,
1671 3667 1874 3723 Roma-

288 3773 415 3812 nam
443 3758 624 3813 sedem
665 3757 901 3824 teuebat,
929 3757 1071 3811 intra
1107 3772 1279 3812 annos
1307 3756 1377 3811 67
1404 3766 1458 3812 et
1488 3757 1573 3826 76,
1608 3760 1689 3814 vel
1715 3758 1871 3829 juxta

288 3849 447 3907 alios.
496 3851 566 3905 ab
595 3864 740 3904 anno
768 3850 839 3904 95
866 3850 931 3904 ad
959 3865 1166 3905 annum
1200 3847 1317 3918 100,
1341 3865 1451 3922 quo
1482 3851 1535 3905 in
1565 3851 1871 3907 Chersone-

288 3955 410 3997 sum
439 3942 597 3996 exsul
626 3942 829 3997 missus
851 3951 954 3998 est.

360 4032 502 4088 Nulli
540 4035 701 4088 etiam
738 4034 1053 4090 dubitamus
1093 4034 1414 4105 scriptorem
1447 4042 1695 4090 nostrum
1724 4036 1872 4091 hunc

288 4142 410 4181 esse
437 4125 690 4181 Hermam
716 4125 876 4196 cujus
916 4142 1113 4183 nomen
1157 4128 1210 4180 in
1252 4137 1566 4182 sanctorum
1598 4126 1870 4198 Martyro-

290 4220 431 4287 logia
488 4218 747 4283 relatum,
808 4218 863 4271 in
919 4217 1167 4272 Romano
1215 4218 1295 4273 sic
1323 4227 1567 4272 notatum
1621 4218 1866 4288 legitur:

291 4311 500 4375 Romae,
540 4312 711 4364 sancti
753 4308 1000 4376 Hermtc,
1044 4311 1196 4380 cujus
1248 4310 1515 4379 apostolus
1556 4308 1762 4363 Paulus
1811 4311 1869 4363 in

294 4402 532 4467 Epistola
554 4403 621 4455 ad
655 4402 914 4458 llomanos
941 4405 1196 4458 meminit.
1224 4404 1329 4456 llic
1357 4404 1512 4473 digne
1532 4406 1865 4472 semetipsum

1538 302 1837 363 PASTOR.
1885 330 1945 342 —
1984 297 2324 359 PROH‘ZMIA

1912 426 1959 483 Α
1990 418 2149 476 bendi
2178 436 2374 491 genere
2400 436 2591 477 omnes
2624 421 2691 477 ad
2721 422 2983 495 agendam
3034 435 3380 495 peccatorum
3421 441 3554 484 suo-

3450 311 3554 370 858

1982 525 2104 567 rum
2132 514 2504 583 penitentiam
2538 515 2752 571 taeilius
2777 517 3066 584 excitaret,
3093 518 3282 589 eisque
3307 520 3559 575 ostende-

1982 614 2066 659 ret
2102 614 2303 676 quanta
2340 616 2376 662 ι
2412 604 2741 661 Christianis
2774 608 2899 662 vita:
2933 623 3260 679 morumque
3296 604 3558 665 sanctitas

1981 696 2336 753 desideretur.
2360 698 2429 753 At
2448 698 2714 769 quidquid
2738 697 2809 754 sit
2837 700 2905 754 de
2927 700 3169 757 auctoris
3192 701 3364 756 nostri
3431 711 3563 752 san-

1976 787 2322 855 ctitate,vero
2333 789 2542 845 videtur
2561 790 2698 845 satis
2722 790 2903 845 simile
2924 789 3076 845 illum
3098 806 3161 846 ea
3184 800 3361 860 aetate,
3389 807 3557 863 quam

1980 879 2144 949 paulo
2169 894 2332 950 supra
2357 880 2777 952 assignavimus,
2802 891 2857 937 et
2886 881 3118 949 vixisse,
3139 893 3192 939 et
3222 893 3557 940 commenta-

1981 970 2183 1026 tionem
2212 987 2369 1027 suam
2391 971 2641 1029 emisisse
2664 972 2718 1027 in
2748 974 3051 1044 publicum.

2510 1104 2907 1160 ARTICULUS
2944 1104 3034 1161 IV.

2262 1218 2379 1284 Quo
2408 1228 2635 1288 tempere
2665 1219 2756 1272 ltos
2782 1218 2945 1273 libros
2970 1220 3260 1289 scripserit.

2050 1332 2318 1391 Caeterum
2352 1332 2397 1387 si
2430 1340 2749 1401 argumenta
2782 1341 2972 1386 nostra
3012 1328 3370 1402 rigidioribus
3405 1332 3557 1387 criti-

1980 1427 2060 1483 cis
2091 1442 2198 1480 non
2226 1425 2361 1481 satis
2382 1425 2537 1479 tirma
2576 1424 2686 1479 sint
2712 1432 2768 1479 et
2797 1424 2974 1479 valida
2993 1465 3009 1492 ,
3037 1424 3093 1479 hi
3126 1433 3308 1481 tamen
3345 1424 3558 1480 Hermae

1980 1521 2149 1576 libros
2175 1520 2244 1574 ab
2266 1533 2334 1575 eo
2358 1533 2467 1572 non
2492 1516 2656 1572 modo
2686 1524 2812 1572 ante
2842 1514 3090 1586 Origenis
3122 1525 3173 1572 et
3198 1515 3514 1573 Tertulliani
3535 1558 3553 1585 ,

1982 1613 2075 1668 sed
2102 1612 2265 1667 etiam
2294 1608 2593 1665 Clementis
2631 1618 2686 1663 et
2714 1607 2903 1664 lrentei
2930 1619 3205 1678 tempora,
3243 1610 3295 1664 id
3319 1620 3402 1665 est
3430 1618 3557 1665 ante

1983 1704 2167 1760 saeculi
2196 1702 2419 1759 secundi
2454 1701 2637 1767 ﬁnem,
2662 1714 2773 1771 quo
2792 1701 2983 1756 saltem
3008 1699 3243 1756 lrenteus
3270 1702 3558 1772 scripsisse

1986 1794 2326 1865 perhibetur,
2350 1793 2599 1864 vulgatos
2625 1790 2796 1847 fuisse
2825 1792 3101 1847 fateantur
3121 1807 3344 1847 necesse
3366 1801 3469 1848 est.
3501 1792 3556 1848 ld

1980 1887 2199 1959 quidem
2225 1901 2292 1941 ex
2323 1884 2641 1938 eorumdem
2665 1880 2923 1938 Ecclesia:
2952 1880 3176 1938 Patrum
3204 1883 3557 1951 testimoniis,

1979 1995 2102 2050 qua:
2126 1994 2291 2049 supra
2316 1977 2588 2042 dedimus,
2622 1975 2795 2031 cuivis
2820 1974 3043 2045 planum
3070 1976 3181 2031 fiet.
3211 1973 3402 2030 Utrum
3425 1990 3557 2030 vero

1981 2072 2142 2126 iidem
2182 2068 2554 2140 antiquissimi
2589 2069 2885 2138 scriptores
2930 2069 3071 2122 hanc
3114 2068 3556 2123 lucubrationem

1979 2164 2138 2232 longe
2180 2160 2627 2218 ante'ab-Herma
2649 2161 2850 2216 editam
2883 2161 3224 2231 putaverint,
3248 2160 3373 2215 inde
3399 2159 3559 2215 facile

1980 2256 2249 2327 intelliges
2291 2255 2440 2326 quod
2485 2271 2549 2310 ea
2587 2253 2657 2308 ab
2700 2254 2807 2309 illis
2846 2269 2956 2309 non
2999 2262 3059 2308 ut
3085 2268 3225 2308 nova
3270 2262 3326 2308 et
3366 2267 3559 2308 recens

1978 2349 2123 2405 edita
2146 2387 2162 2413 ,
2188 2348 2288 2403 sed
2313 2356 2372 2401 ut
2394 2356 2550 2402 vetus
2578 2355 2633 2402 et
2657 2348 2883 2418 antiqua
2915 2346 3122 2417 passim
3150 2346 3350 2415 ubique
3389 2347 3552 2400 citata

1977 2440 2205 2510 legatur.
2234 2438 2471 2495 lrenaus
2501 2447 2705 2506 autem,
2737 2454 2927 2494 eorum
2960 2438 3205 2493 omnium
3236 2436 3557 2507 antiquissi-

1979 2549 2133 2598 mus,
2180 2532 2326 2587 illius
2368 2541 2628 2602 tanquam
2675 2533 2839 2587 unius
2881 2546 3053 2586 sacrae
3099 2530 3397 2601 Scriptura:
3430 2532 3556 2585 libri

1978 2626 2302 2680 auctoritate
2340 2624 2426 2680 his
2461 2624 2641 2680 verbis
2672 2625 2844 2680 utitur
2868 2625 2889 2657 ⁷
2924 2642 2937 2678 :
2962 2623 3102 2679 Bene
3121 2640 3244 2694 ergo
3275 2623 3557 2695 Scriptura

1975 2719 2105 2773 dicit
2129 2734 2148 2770 :
2178 2717 2359 2771 Primo
2388 2718 2622 2771 omnium
2647 2718 2798 2770 crede
2818 2717 2956 2786 quod
2987 2733 3122 2770 unus
3145 2725 3223 2770 est
3256 2716 3417 2782 Deus,
3444 2725 3551 2771 etc.

1976 2813 2131 2880 Quod
2166 2822 2312 2867 certe
2337 2812 2542 2867 indicio
2586 2823 2669 2867 est
2712 2812 2766 2865 in
2812 2826 2875 2866 ea
2927 2811 3097 2867 fuisse
3126 2810 3391 2866 Irenaeum
3434 2815 3556 2883 opi-

1977 2906 2141 2960 nione
2170 2903 2417 2959 eamdem
2451 2902 2884 2958 lucubrationem
2913 2903 2982 2957 ab
3011 2918 3121 2958 uno
3143 2920 3210 2958 ex
3251 2904 3516 2973 apostolis
3534 2943 3553 2971 ,

1976 3001 2060 3055 vel
2092 3001 2284 3056 saltem
2313 3001 2496 3070 aliquo
2527 3001 2778 3070 proximo
2806 3016 2995 3054 eorum
3020 3014 3359 3065 successore,
3384 2997 3556 3053 fuisse

1901 3091 1942 3146 C
1975 3091 2293 3161 profectam.
2325 3091 2594 3146 Eusebius
2616 3108 2747 3146 vero
2772 3092 2794 3123 ⁸
2822 3107 2929 3145 nou
2967 3092 3142 3146 solum
3165 3092 3327 3145 citata
3364 3088 3552 3145 Irenaei

1976 3181 2140 3235 verba
2181 3182 2398 3248 retulit,
2430 3198 2620 3236 verum
2662 3183 2825 3237 etiam
2860 3184 3056 3236 librum
3085 3181 3297 3237 Hermae
3334 3181 3403 3235 ab
3430 3180 3554 3236 aliis

1973 3288 2193 3343 quoque
2213 3314 2231 3339 ,
2258 3288 2399 3343 quos
2428 3274 2833 3329 vetustissimos
2853 3274 3116 3344 appellat,
3148 3274 3359 3329 laudari
3388 3282 3554 3328 testa-

1976 3376 2063 3419 tus
2094 3377 2176 3420 est
2202 3383 2215 3419 :
2255 3364 2615 3435 Comperimus
2634 3406 2651 3431 ,
2679 3365 2892 3435 inquit,
2918 3368 3268 3435 quosdamet:
3305 3366 3552 3421 vetustis-

1972 3458 2122 3511 simis
2178 3455 2613 3528 (παλαιοτάτων)
2658 3457 3002 3526 scriptoribus
3045 3458 3209 3526 ipsius
3253 3458 3554 3512 testimonio

1972 3566 2095 3605 usos
2136 3551 2323 3621 fuisse.
2354 3549 2567 3617 Quibus
2615 3565 2746 3605 sane
2771 3548 2953 3604 verbis
2994 3549 3083 3604 ille
3124 3550 3389 3618 quosdam
3422 3551 3552 3605 Cle-

1972 3652 2154 3700 mente
2175 3654 2227 3698 et
2254 3643 2458 3699 Irenaeo
2484 3645 2821 3715 antiquiores
2845 3643 3119 3698 indicasse
3140 3643 3417 3698 nonnullis
3437 3640 3553 3697 for-

1971 3738 2115 3792 sitan
2138 3737 2430 3791 videbitur.
2458 3736 2564 3792 Sed
2593 3738 2837 3808 quulibet
2867 3737 3207 3808 accipiantur
3228 3751 3415 3802 sensu,
3440 3752 3549 3792 non

1971 3831 2203 3886 obscure
2244 3830 2312 3885 iis
2358 3830 2701 3900 signiﬁcatur
2729 3829 3023 3885 Eusebium
3067 3830 3172 3885 sibi
3221 3844 3548 3899 persuasqu

1973 3923 2229 3978 habuisse
2266 3923 2366 3978 hos
2406 3923 2576 3978 libros
2610 3924 2800 3992 prima:
2848 3931 2971 3992 post
3001 3937 3187 3977 sacras
3238 3920 3548 3992 Scripturas

1972 4013 2141 4069 fuisse
2165 4013 2218 4067 in
2252 4011 2497 4068 Ecclesia
2524 4014 2887 4096 antiquitatis:
2912 4012 3101 4084 Neque
3139 4022 3321 4069 tamen
3360 4014 3549 4069 dicen-

1971 4105 2102 4161 dum
2130 4105 2252 4160 illos
2296 4105 2527 4175 primam
2564 4103 2822 4160 Ecclesia!
2850 4108 3284 4175 persecutionem
3315 4121 3548 4175 premes—

1970 4198 2138 4266 sisse,
2176 4197 2615 4268 quandoquidem
2666 4197 2721 4250 in
2770 4198 2961 4252 iisdem
3008 4198 3204 4251 libris'
3237 4199 3295 4251 lit
3340 4198 3547 4252 mentio

1970 4302 2270 4362 martyrum
2300 4290 2395 4359 qui
2432 4288 2545 4358 jam
2579 4289 2821 4359 perpessi
2871 4288 3090 4343 fuerant
3133 4289 3273 4357 feras
3315 4288 3546 4356 bestias,

1969 4383 2203 4453 ﬂagella,
2232 4398 2486 4449 carceres,
2524 4382 2816 4449 cruces._At
2852 4398 2978 4437 vero
3004 4397 3127 4436 cum
3158 4384 3211 4436 iu
3235 4382 3305 4436 iis
3328 4395 3548 4451 quoque

289 4496 621 4564 sacriﬁcam,
655 4498 1092 4565 acceptabilisque
1136 4496 1244 4549 Deo
1290 4452 1465 4549 hostia
1510 4452 1738 4564 factus,r
1757 4498 1865 4548 vir.
1897 4452 1940 4506 θ
1968 4478 2073 4531 alia
2100 4477 2609 4546 persecutio,quam
2633 4475 2984 4545 probabiliter
3009 4489 3129 4529 eam
3156 4484 3546 4544 esseputamus

289 4589 487 4641 cutibus
515 4587 689 4641 clarus
729 4589 961 4641 cwlestia
996 4605 1152 4657 regna
1183 4588 1386 4656 petivit.

361 4676 556 4734 Verum
593 4690 781 4735 contra
824 4688 1030 4736 tantam
1074 4678 1237 4748 hujus
1276 4678 1377 4731 viri
1419 4676 1761 4732 sanctitatem
1793 4693 1857 4732 ea

282 4772 678 4828 dubitationem
711 4773 1136 4842 scrupulumque
1180 4771 1464 4839 iujiciunt,
1500 4785 1623 4841 qua:
1661 4770 1728 4824 de
1771 4785 1858 4825 se-

281 4867 514 4936 metipso
540 4866 742 4936 passim
780 4867 834 4919 in
875 4880 978 4920 suo
1008 4866 1146 4918 libro
1183 4864 1476 4932 praedicat,
1519 4877 1577 4917 se
1619 4871 1857 4933 patrem-

284 4952 517 5007 familias
545 4952 734 5018 fuisse,
761 4952 855 5024 qui
881 4952 1049 5007 nimia
1084 4952 1137 5005 in
1172 4967 1397 5005 uxorem
1424 4962 1478 5007 et
1505 4952 1647 5007 tllios
1676 4951 1855 5005 indul-

282 5044 463 5112 gentia
494 5045 729 5113 peccatis
754 5060 947 5099 eorum
988 5060 1095 5098 non
1130 5043 1430 5110 obstiterit;
1475 5059 1643 5114 seque
1673 5044 1851 5113 ipsum

282 5139 449 5192 multa
506 5152 812 5209 magnaque
853 5150 1148 5208 peccasse,
1192 5150 1293 5191 nec
1341 5135 1456 5191 fere
1495 5151 1737 5207 unquam
1785 5137 1854 5192 ad

279 5233 563 5285 veritatem
600 5230 863 5284 locutum.

350 5303 683 5390 Responderi
713 5328 891 5375 tamen
915 5329 1089 5389 potest
1110 5318 1365 5375 llermam
1397 5332 1506 5371 non
1532 5318 1585 5372 in
1607 5333 1729 5386 sua,
1757 5321 1850 5375 sed

280 5414 333 5468 in
365 5416 596 5474 aliorum
628 5428 857 5482 persona
896 5414 1008 5467 haec
1039 5413 1221 5467 omnia
1243 5412 1485 5478 dixisse;
1516 5420 1573 5465 ut
1599 5411 1690 5464 illo
1718 5412 1856 5465 seri-

347 5678 506 5743 ‘cap.
537 5687 646 5734 nl,
679 5688 731 5725 ν.
764 5672 851 5725 14.
908 5668 1061 5743 ξω).
1088 5684 1143 5721 ιιι
1176 5666 1405 5743 llistor.,
1428 5682 1547 5737 cap.
1573 5668 1625 5720 3.

278 5762 317 5803 tl
351 5736 581 5809 ltitiam,
604 5758 724 5811 cap.
750 5743 838 5797 bii.
918 5742 1046 5795 τιιι).
1079 5755 1129 5793 Iv
1159 5739 1346 5793 Adrer.
1378 5736 1588 5801 ha'res.,
1633 5757 1677 5793 ρ.
1716 5736 1803 5790 57.

1573 5668 1625 5720 5.
1681 5667 1701 5696 ⁸
1724 5664 1794 5717 De
1818 5665 2065 5732 scriptor.
2095 5664 2386 5718 ecclesiast.
2456 5660 2782 5714 'Comment.
2819 5660 2872 5712 in
2904 5656 3073 5732 Epist.
3109 5655 3291 5732 Pauli.

1881 5730 2012 5789 “lib.
2040 5751 2069 5789 ν
2098 5734 2329 5799 ilistor.,
2362 5749 2481 5802 cap.
2501 5732 2556 5785 8.
2628 5732 2759 5787 ’lib.
2798 5748 2833 5800 ι,
2860 5732 2964 5784 vis.
2996 5730 3047 5784 5.

1965 4585 2088 4639 qua:
2129 4585 2160 4623 a
2206 4566 2517 4623 Domitiano
2551 4582 2698 4620 anno
2728 4566 2797 4621 92
2828 4566 3060 4621 excitata
3094 4575 3205 4632 est,
3251 4565 3545 4620 inuninens

1962 4663 2356 4733 praenuntietur
2375 4661 2439 4726 "‘,
2469 4661 2593 4715 inde
2616 4677 2722 4714 non
2754 4659 2991 4715 absurde
3016 4660 3239 4730 colligas
3270 4659 3371 4712 hoc
3404 4673 3544 4728 opus

1963 4756 2127 4828 paulo
2164 4765 2288 4810 ante
2314 4754 2457 4808 hunc
2486 4769 2713 4817 annum,
2741 4751 3017 4807 Clemente
3036 4751 3147 4819 jam
3180 4751 3234 4804 in
3264 4765 3542 4807 summum

1963 4850 2272 4920 pontiﬁcem
2303 4854 2586 4915 assumpto
2605 4886 2621 4911 ,
2652 4845 2721 4899 ab
2745 4842 2944 4899 lien-ma
2974 4843 3189 4913 scriptis
3225 4842 3395 4900 fuisse
3425 4853 3541 4899 tra-

1959 4944 2153 4998 ditum.

2502 5028 2897 5085 ARTICULUS
2938 5028 3003 5085 ν.

2138 5125 2283 5179 Num
2315 5126 2368 5177 lii
2398 5124 2523 5177 libri
2558 5123 2735 5177 Greece
2764 5125 2993 5193 primum
3022 5124 3207 5191 scripti
3235 5124 3362 5178 sint.

2032 5216 2143 5273 Hos
2184 5216 2430 5271 Pastoris
2474 5217 2642 5271 libros
2673 5232 2704 5271 a
2742 5216 2931 5271 Graeco
2973 5226 3230 5280 auctore,
3260 5226 3315 5271 et
3353 5217 3538 5272 Graece

1958 5315 2134 5384 primo
2150 5312 2480 5380 compositos
2504 5311 2693 5376 fuisse,
2725 5311 2796 5364 ita
2828 5328 2925 5381 pro
2947 5325 3097 5365 certo
3116 5326 3305 5367 omnes
3334 5327 3533 5381 posue-

1961 5420 2109 5473 runt,
2138 5416 2196 5461 ut
2223 5407 2406 5465 nullus
2435 5421 2673 5475 unquam
2704 5405 2756 5459 id
2779 5406 2833 5458 in
2856 5405 3284 5460 controversiam
3311 5420 3536 5463 vocasse

3370 5652 3526 5707 “Lib.

3126 5730 3170 5761 ¹⁰
3197 5728 3357 5782 vim?
3383 5737 3439 5780 et
3471 5722 3527 5777 ὃ.
