4074 6154
359 261 556 326 ’839

1839 260 1898 316 S.
1940 261 2244 316 IIERMAS.

3614 276 3711 333 δι(

452 381 723 434 videatur-
775 377 858 475 Ea,
899 387 1082 475 tamen
1129 395 1265 434 cura
1306 395 1419 475 sua
1466 380 1635 435 libros
1685 379 2030 475 bibliotheca?
2059 386 2102 442 Δ
2135 414 2304 470 purae,
2348 415 2448 457 nec
2487 402 2609 473 Styli
2654 403 3037 474 elegantioris;
3094 405 3192 461 sed
3235 403 3493 459 Barthius
3536 405 3715 475 plures

455 481 657 528 nostra:
683 472 1080 528 examinandos
1105 472 1478 542 suscepimus,
1510 490 1619 527 non
1651 473 1783 528 sinit
1810 484 1870 528 ut
1899 473 2033 528 illud

457 567 600 622 idem
624 567 848 622 omnino
867 566 1131 620 intactum
1154 565 1547 636 relinquamus.
1566 565 1904 636 Praecipuum
1933 567 2038 620 ita-

455 674 564 730 que
609 674 720 730 quo
778 658 830 713 id
873 658 1158 728 probetur,
1202 667 1584 727 argumentum
1625 675 1694 714 ex
1724 660 1810 715 his
1845 658 2038 715 Hiero-

456 752 604 826 nymi
648 752 860 806 eruitur
898 748 1078 803 verbis
1101 748 1140 779 ¹¹
1175 766 1188 802 :
1230 748 1422 814 Multi,
1461 749 1672 818 inquit,
1705 749 2038 822 Scriptorum

455 854 684 897 veterum
732 843 796 896 de
846 859 905 895 eo
959 850 1346 912 usurpaverant
1393 843 1728 907 testimonia,
1759 843 1852 896 sed
1897 844 2039 913 apud

456 935 677 991 Latinos
702 951 828 1004 pene
844 935 1054 1003 ignotus
1077 945 1175 988 est.
1198 933 1404 990 Deinde
1427 932 1691 1005 Origenes
1715 938 1767 989 in
1797 936 2037 1006 publico,

455 1042 618 1098 quem
663 1025 804 1095 apud
847 1025 1032 1080 ﬁdeles
1070 1024 1415 1080 Christianos
1461 1025 1733 1091 habebat,
1786 1043 2041 1082 sermone

457 1135 626 1174 unum
646 1118 866 1188 aliquod
891 1134 956 1173 ex
992 1117 1076 1174 his
1101 1118 1255 1174 libris
1279 1119 1779 1188 testimonium,sed
1802 1129 2044 1175 tantum-

454 1213 618 1268 modo
643 1211 1012 1275 dimidiatum,
1047 1209 1257 1282 profert
1282 1211 1346 1276 η,
1373 1211 1656 1266 auditores
1683 1212 1750 1266 ad
1775 1222 2043 1282 ipsosmet

455 1307 656 1370 libros,
699 1305 844 1361 haud
893 1305 1060 1360 dubie
1101 1302 1358 1369 Graecos,
1403 1303 1496 1358 ubi
1549 1305 1760 1374 reliqua
1801 1305 2045 1376 legerent

455 1398 672 1452 mittere
711 1405 1042 1452 contentus:
1081 1395 1316 1450 Potestis
1357 1397 1571 1467 quippe,
1602 1397 1884 1467 inquiebat
1928 1399 2040 1467 ille,

452 1482 621 1555 legere
647 1485 695 1537 si
725 1483 903 1538 vultis.
935 1483 1179 1554 Denique
1229 1485 1332 1539 hoc
1373 1499 1513 1555 opus
1559 1487 1734 1541 multo
1766 1489 1966 1558 saepius
2012 1505 2043 1544 a

453 1575 658 1633 Graecis
689 1574 947 1632 Patribus
979 1593 1142 1648 quam
1188 1592 1217 1631 a
1263 1575 1477 1633 Latinis
1523 1577 1802 1634 laudatum
1841 1589 1946 1636 est.
1975 1583 2046 1636 At

455 1683 650 1735 nemo,
682 1668 761 1723 uti
794 1669 1012 1740 opinor,
1056 1670 1256 1724 librum
1309 1669 1524 1728 Latinis
1575 1688 1714 1742 pene
1757 1674 2044 1759 ignotum,

453 1760 656 1816 Graecis
687 1777 816 1816 vero
842 1777 949 1815 non
975 1760 1154 1817 doctis
1188 1770 1424 1829 tantum,
1448 1764 1542 1819 sed
1573 1765 1886 1835 quibusque
1910 1782 2038 1836 pas.

452 1853 554 1906 sim
606 1853 954 1908 notissimum
1002 1862 1058 1908 et
1118 1854 1578 1922 usitatissimum,
1627 1855 1814 1912 Graece
1857 1857 2037 1928 primo

452 1944 715 2014 scriptum
749 1944 920 2001 fuisse
946 1944 1301 2002 inficiabitur.

521 2079 794 2136 Nonnulla
833 2090 1016 2162 tamen
1048 2092 1239 2138 contra
1284 2083 1400 2139 haec
1435 2085 1644 2151 omnia,
1675 2088 2039 2156 quantumvis

450 2173 627 2228 valida
672 2173 783 2228 sint
831 2181 1176 2244 argumenta,
1224 2175 1425 2244 opponi
1456 2176 1645 2246 utique
1675 2189 1927 2247 possunt.
1976 2177 2042 2234 Et

449 2265 629 2336 primo
677 2264 940 2335 quidem,
985 2266 1171 2320 omnia
1218 2263 1433 2322 Hermae
1461 2268 1612 2336 visa,
1665 2285 1778 2325 uno
1827 2281 2039 2326 tantum

448 2365 714 2426 excepto,
751 2354 940 2411 Romae
962 2357 1045 2412 vel
1087 2357 1141 2412 in
1185 2358 1384 2415 vicinis
1415 2360 1663 2429 ejusdem
1707 2363 1862 2419 urbis
1907 2364 2044 2420 locis

449 2446 577 2501 data
606 2456 922 2502 narrantur.
967 2446 1172 2504 Deinde
1202 2466 1332 2506 vero
1363 2449 1594 2507 Hermas
1619 2453 1686 2506 de
1708 2453 1923 2523 jejunio
1966 2457 2047 2510 sic

449 2537 696 2608 loquitur
747 2539 790 2572 ⁸³
853 2557 869 2596 :
940 2539 1100 2594 Video
1147 2540 1520 2598 Pastorem...
1565 2545 1824 2598 dicentem
1863 2547 2046 2600 mihi:

453 2627 596 2692 Quid
638 2640 748 2683 tam
786 2646 940 2684 mane
980 2631 1082 2684 huc
1121 2633 1350 2687 venisti?
1390 2633 1659 2703 Respondi
1691 2649 1712 2686 ς
1753 2634 2044 2701 Quoniam,

450 2721 682 2788 domine,
720 2725 1004 2778 stationem
1037 2724 1225 2782 habeo.
1260 2727 1404 2791 Quid
1443 2736 1555 2792 est,
1602 2729 1798 2798 inquit,
1834 2734 1997 2784 statio
2022 2734 2048 2787 ?

453 2814 524 2868 Et
555 2815 671 2868 dixi
719 2829 738 2868 :
779 2815 1079 2885 Jejunium.
1133 2816 1204 2871 At
1247 2827 1396 2873 certe
1441 2819 1565 2888 quis
1595 2819 1822 2876 Graecus
1853 2833 2046 2877 auctor

452 2913 524 2966 ita
569 2927 813 2980 unquam
854 2913 1069 2968 locutus
1101 2923 1185 2968 est
1227 2932 1242 2968 :
1278 2912 1456 2968 Statio
1489 2926 1568 2970 est
1595 2918 1903 2987 jejunium?
1941 2920 2042 2978 Hic

451 3003 696 3074 profecto
739 3004 997 3073 loquendi
1040 3005 1237 3060 modus
1278 3022 1388 3061 non
1420 3006 1648 3076 Graecis,
1687 3011 1781 3066 sed
1830 3010 2038 3068 Latinis

450 3095 711 3166 proprius
739 3096 1142 3167 peculiarisque
1171 3106 1284 3163 est,
1327 3101 1404 3153 uti
1436 3074 1646 3170 liquido
1675 3104 1947 3176 colligitur
1969 3122 2036 3162 ex
2067 3074 2108 3129 ϐ

451 3191 793 3247 Tertulliano
818 3192 1050 3262 aliisque
1083 3209 1222 3262 quos
1254 3195 1306 3247 in
1332 3194 1640 3252 doctissimi
1664 3197 1855 3269 Cangii
1887 3199 2040 3255 Glos-

450 3279 600 3335 sario
632 3281 698 3334 ad
730 3280 957 3334 verbum
998 3278 1176 3334 Statio
1199 3283 1396 3340 citatos
1434 3287 1695 3355 reperies.
1733 3287 1906 3344 Porro
1932 3307 2033 3346 au-

449 3384 558 3431 tem
583 3372 808 3426 minime
835 3385 936 3427 nos
955 3372 1082 3427 latet
1111 3372 1177 3427 ad
1203 3383 1492 3446 utramque
1515 3379 1782 3433 rationem
1813 3396 2042 3451 respon«

449 3466 566 3523 deri
620 3479 801 3534 posse,
852 3471 908 3518 et
955 3465 1023 3518 ad
1078 3466 1312 3535 primam
1359 3467 1603 3537 quidem,
1652 3470 1776 3525 ideo
1805 3470 2034 3528 Romam

451 3559 666 3627 aliaque
714 3555 894 3610 vicina
939 3554 1060 3609 loca
1114 3555 1218 3610 hoc
1274 3555 1330 3609 in
1378 3557 1520 3612 libro
1551 3562 1870 3629 memorari,
1907 3565 2036 3634 quia

452 3653 643 3707 civitas
678 3657 797 3704 erat
839 3649 1008 3703 totius
1053 3648 1203 3702 orbis
1242 3659 1423 3719 caput,
1469 3661 1633 3722 atque
1673 3654 1815 3723 apud
1843 3671 2037 3712 omnes

453 3741 904 3800 celebratissima.
958 3740 1041 3794 Ad
1091 3741 1387 3796 secundam
1442 3759 1595 3809 vero,
1629 3746 1902 3816 objectum
1953 3749 2033 3800 lo-

452 3833 653 3904 quendi
682 3831 905 3886 modum
937 3831 1113 3885 solius
1147 3847 1268 3887 esse
1311 3834 1643 3905 interpretis,
1671 3838 1762 3908 qui
1796 3842 2034 3896 auctoris

452 3926 627 3982 Graeci
655 3926 819 3980 verba
845 3925 1089 3980 liberiori
1121 3927 1444 3996 paraphrasi
1489 3930 1750 3984 audacius
1791 3933 2036 3987 vertendi

453 4019 557 4073 sibi
583 4017 676 4087 jus
715 4019 1011 4087 arrogavit.
1056 4018 1138 4072 An
1175 4028 1358 4073 autem
1398 4021 1479 4073 hae
1504 4023 1890 4090 responsiones
1913 4038 2036 4077 om-

452 4111 614 4165 nibus
644 4109 843 4166 faciant
866 4111 1021 4174 satis,
1055 4110 1287 4164 aliorum
1315 4120 1437 4165 esto
1461 4112 1752 4180 judicium.

986 4243 1385 4300 ARTICULUS
1416 4243 1503 4298 Vl.

455 4337 602 4395 Num
631 4341 798 4394 versio
837 4337 1031 4393 Latina
1054 4339 1127 4419 sit.
1155 4340 1406 4404 barbara,
1443 4347 1493 4392 et
1520 4338 1842 4393 Anastasius
1886 4339 2035 4394 illius

1081 4419 1150 4462 δτι
1184 4420 1390 4462 auctor.

521 4505 657 4560 Cum
690 4503 794 4557 hoc
812 4516 949 4571 opus
971 4499 1158 4556 Graece
1189 4503 1454 4570 scriptum
1480 4501 1720 4571 perierit,
1749 4503 1816 4556 de
1843 4512 2029 4557 aucto-

455 4597 530 4652 ris
581 4596 731 4650 illius
782 4594 923 4665 stylo
971 4593 1254 4648 dicendive
1297 4595 1613 4647 charactere
1656 4593 1791 4646 nihil
1835 4593 1968 4647 certi
2002 4609 2032 4647 a

455 4689 615 4744 nobis
646 4689 806 4742 statui
840 4695 1038 4756 potest.
1070 4684 1144 4739 De
1171 4685 1289 4754 ejus
1331 4693 1511 4739 autem
1544 4683 1735 4739 Latina
1762 4685 2031 4755 interpre-

454 4780 658 4834 tatione
713 4795 820 4832 non
875 4792 1171 4848 possumus
1221 4775 1444 4830 Barthio
1496 4777 1712 4846 penitus
1752 4777 2030 4839 assentiri,

451 4871 546 4942 qui
573 4869 750 4940 primo
781 4869 858 4922 ait
889 4883 1008 4922 eam
1039 4876 1098 4921 ut
1127 4877 1251 4936 pote
1283 4868 1496 4920 mistam
1527 4866 1894 4934 barbarismis,
1936 4870 2032 4922 lia-

454 4963 639 5018 liuisse
679 4958 1095 5014 semibarbarum
1147 4957 1537 5012 translatorem.
1582 4958 1982 5029 Secundoquod
2012 5003 2029 5026 ,

455 5054 584 5108 mihi
613 5055 659 5107 si
700 5056 897 5118 censio,
937 5053 1098 5107 verba
1136 5051 1254 5121 ejus
1284 5059 1434 5117 sunt,
1475 5052 1650 5115 detur,
1683 5053 2030 5105 Auastasium

455 5147 929 5202 Bibliothecarium
952 5147 1108 5216 hujus
1142 5143 1510 5199 translationis
1541 5153 1807 5197 auctorem
1831 5145 2027 5211 dicam,

455 5241 606 5311 cujus
656 5249 866 5295 exstant
913 5237 1050 5291 clam
1107 5237 1386 5306 palamque
1424 5235 1615 5289 similis
1659 5237 1938 5291 industria:
1979 5247 2027 5290 et

453 5334 756 5403 eriptiouis
778 5343 1114 5384 monumenta
1135 5329 1201 5384 “.

520 5425 798 5492 Quantum
825 5424 970 5479 enim
999 5424 1066 5478 ad
1090 5423 1352 5493 primum,
1377 5436 1487 5475 non
1511 5420 1801 5475 dillitemur
1831 5423 2024 5476 horum

454 5518 864 5573 translationem
893 5517 1159 5572 librorum
1184 5531 1292 5570 non
1319 5531 1441 5571 esse
1464 5513 1776 5568 Latinitatis
1804 5517 2028 5571 omnino

1233 5638 1275 5667 ¹²
1297 5635 1442 5691 hom.
1478 5635 1564 5697 l3,
1591 5636 1644 5688 in
1672 5633 1934 5691 Ezechiel.

528 5639 569 5669 “
593 5637 664 5690 De
693 5639 935 5707 scriptor.
969 5633 1151 5689 eccles.
1233 5638 1275 5667 ¹²
1297 5635 1442 5691 hom.
1478 5635 1564 5697 l5,

532 5707 770 5759 Eximit.
806 5710 858 5759 in
885 5706 1066 5759 Sumb.
1092 5716 1262 5759 anost.
1344 5705 1495 5759 “lib.
1527 5722 1564 5759 ll

451 5703 492 5738 "
532 5707 770 5778 Exposit.
798 5703 858 5761 in
885 5706 1066 5779 Symb.
1092 5716 1262 5777 apost.

2135 490 2404 546 dictiones
2451 492 2594 546 inter
2637 493 3012 551 barbarismos
3059 503 3327 560 recenset,
3387 509 3528 565 quas
3578 496 3718 564 apud

2136 583 2430 653 scriptores
2474 585 2749 654 politioris
2801 588 3088 657 elegantiae
3142 587 3383 656 reperire
3417 595 3523 640 est.
3565 585 3718 652 Quod

2136 689 2270 730 vero
2307 676 2375 730 ad
2405 677 2705 731 secundum
2743 689 2972 748 spectat,
3005 680 3130 733 inde
3162 679 3286 734 falsi
3318 679 3408 732 ille
3439 678 3720 732 convinci-

2139 777 2248 835 tur,
2300 770 2448 838 quod
2491 771 2652 841 longe
2697 771 2946 841 pluribus
2975 783 3100 826 ante
3131 771 3481 826 Anastasium
3509 770 3724 827 saeculis

2139 860 2389 930 quaedam
2415 862 2581 931 hujus
2610 861 2818 917 Latina:
2842 864 3310 934 interpretationis
3332 865 3522 929 verba,
3540 863 3722 933 qualia

2139 954 2280 1008 inea
2313 955 2430 1024 ipsa
2475 955 2768 1021 habentur,
2807 971 2836 1010 a
2870 953 3209 1010 Tertulliano
3233 955 3562 1026 transcripta
3594 955 3725 1026 legi-

2140 1059 2283 1099 mus.
2323 1043 2510 1116 Neque
2545 1045 2752 1101 dixeris
2782 1047 2928 1102 hunc
2957 1047 3181 1113 librum,
3216 1056 3276 1101 ut
3302 1063 3467 1116 supra
3505 1045 3724 1100 monui-

2141 1151 2285 1203 mus,
2339 1145 2590 1207 tempore
2619 1138 2942 1210 Hieronymi
2996 1138 3241 1208 ignotum
3283 1138 3454 1192 fuisse
3488 1135 3721 1202 Latinis,

2141 1229 2306 1299 idque
2356 1223 2681 1299 argumento
2729 1247 2851 1286 esse
2900 1231 3052 1285 illum
3092 1230 3338 1287 nondum
3374 1238 3504 1283 tunc
3531 1227 3727 1283 Latine

2143 1327 2434 1381 redditum.
2464 1325 2600 1382 Nam
2636 1327 2809 1384 futilis
2837 1338 2891 1382 et
2918 1343 3058 1382 vana
3083 1335 3167 1382 est
3198 1327 3315 1380 haec
3353 1324 3723 1388 ratiocinatio,

2143 1420 2586 1491 quandoquidem
2628 1422 2717 1476 hic
2764 1421 2902 1476 liber
2945 1437 3054 1475 non
3103 1430 3313 1474 tantum
3365 1416 3724 1481 Tertulliano,

2145 1513 2238 1583 qui
2282 1510 2614 1584 Hieronymo
2650 1513 2928 1583 antiquior
2951 1521 3035 1568 est
3057 1553 3072 1579 ,
3106 1512 3428 1566 notissimus
3457 1509 3596 1574 fuit;
3631 1522 3725 1561 ve-

2147 1620 2270 1660 rum
2318 1607 2482 1659 etiam
2517 1605 2714 1662 Rufino
2755 1599 2810 1662 et
2845 1606 3135 1670 Cassiano,
3182 1605 3357 1660 eidem
3395 1602 3727 1672 Hieronymo

2081 1735 2123 1790 Β
2150 1697 2350 1790 coaevis
2371 1706 2425 1752 et
2444 1699 2795 1768 supparibus,
2826 1700 2920 1770 qui
2947 1699 3093 1753 hunc
3118 1697 3316 1752 librum
3341 1694 3534 1767 procul
3559 1692 3726 1748 dubio

2148 1789 2342 1846 Latine
2370 1790 2781 1862 interpretatum
2805 1791 3075 1876 viderunt.

2662 1901 3060 1958 ARTICULUS
3091 1899 3207 1958 VII.

2555 1995 2698 2051 Num
2721 1999 2787 2050 sit
2812 2007 3023 2051 tantum
3049 1996 3294 2066 epitome.

2215 2087 2463 2145 Tertium
2500 2089 2652 2144 addit
2672 2087 2952 2156 Barthius,
2981 2088 3194 2144 caeteris
3223 2100 3476 2157 peraeque
3499 2083 3723 2149 falsum,

2142 2183 2353 2240 scilicet
2399 2185 2503 2240 hos
2555 2183 2728 2239 libros
2768 2181 2962 2238 Latine
2999 2181 3243 2236 redditos
3282 2178 3574 2250 quamdam
3607 2185 3722 2229 tan-

2145 2277 2431 2332 tummodo
2454 2292 2578 2332 esse
2601 2277 2782 2332 Grieci
2814 2286 2998 2332 textus
3021 2275 3317 2346 epitomen,
3345 2275 3397 2328 in
3421 2287 3530 2342 qua
3556 2270 3721 2324 inter-

2145 2385 2271 2439 pres
2307 2370 2478 2425 multa
2507 2367 2750 2424 auctoris
2774 2367 2946 2423 Graeci
2973 2367 3139 2422 verba
3169 2365 3350 2422 sciens
3373 2363 3721 2433 prudensque

2143 2462 2580 2532 praetermiserit.
2625 2459 2782 2517 Unde
2827 2460 2974 2516 enim
3021 2459 3075 2514 id
3121 2456 3372 2528 probabit
3427 2451 3723 2507 Barthius!

2142 2551 2404 2622 Nunquid
2453 2570 2565 2624 pra:
2626 2553 2884 2609 manibus
2933 2551 3126 2606 habuit
3185 2549 3435 2604 Graecum
3495 2545 3723 2614 hujusce

2143 2643 2324 2713 operis
2345 2645 2646 2712 exemplar,
2676 2657 2910 2713 quocum
2935 2641 3186 2695 Latinam
3219 2637 3722 2708 interpretationem

2145 2737 2558 2806 composuerit?
2583 2735 2811 2790 minime
2851 2734 3117 2804 gentium.
3159 2731 3359 2786 Contra
3409 2744 3540 2783 vero
3586 2727 3725 2780 inte-

2145 2843 2301 2897 grum
2334 2826 2388 2880 in
2425 2827 2514 2879 illa
2538 2825 2872 2893 minimeque
2912 2821 3164 2876 mutilum
3190 2834 3330 2888 opus
3364 2814 3632 2872 contineri
3658 2827 3725 2866 eo

2145 2917 2446 2973 luculenter
2493 2917 2919 2980 demonstratur,
2957 2912 3103 2982 quod
3147 2909 3329 2965 omnia
3382 2907 3728 2970 testimonia,

2144 3025 2266 3080 quae
2309 3023 2440 3063 sane
2482 3007 2639 3077 pl-ura
2690 3015 2839 3070 sunt,
2873 3005 2942 3058 ab
2971 3000 3331 3072 scriptoribus
3372 3014 3440 3053 ex
3487 2997 3608 3066 ipso
3631 3010 3727 3050 eo-

2141 3102 2262 3156 dem
2295 3101 2528 3170 prolata,
2569 3098 2622 3152 in
2658 3112 2721 3151 ea
2752 3095 3116 3166 reperiantur.

2211 3191 2302 3254 At,
2335 3191 2571 3259 inquies,
2603 3204 2772 3243 unum
2805 3203 2871 3242 ex
2908 3187 3012 3241 hac
3043 3182 3509 3241 commentatione
3537 3179 3722 3234 locum

2142 3283 2333 3339 retulit
2361 3281 2616 3336 Clemens
2645 3276 3074 3339 Alexandrinus,
3111 3273 3270 3343 cujus
3317 3271 3511 3326 Latina
3554 3271 3720 3324 verba

2141 3374 2251 3429 illic
2273 3371 2478 3428 lrustra
2501 3371 2805 3446 quaesieris.
2833 3367 2938 3423 Sed
2965 3367 3019 3421 id
3049 3367 3254 3420 frustra
3283 3364 3564 3434 objicitur.
3583 3360 3719 3416 Nam

2139 3466 2473 3522 Clementem
2499 3479 2608 3519 non
2634 3463 2880 3518 auctoris
2905 3458 3092 3525 verba,
3122 3458 3216 3513 sed
3244 3467 3479 3511 mentem
3505 3472 3571 3510 ac
3593 3472 3719 3510 sen-

2141 3572 2289 3621 sum,
2331 3556 2479 3624 quod
2503 3554 2699 3625 ,solum
2746 3552 3075 3618 intenderat,
3113 3550 3188 3606 ibi
3217 3549 3469 3606 retulisse
3497 3551 3717 3620 planum

2141 3660 2228 3705 cst
2257 3657 2310 3704 et
2345 3647 2720 3718 perspicuum.

2633 3755 3054 3812 ARTICULUS‘
3076 3755 3213 3811 VIII.

2574 3852 2650 3906 De
2674 3851 2829 3906 titulo
2853 3850 3070 3918 hujusce
3099 3849 3289 3917 operis.

2195 3948 2308 4004 Hoc
2321 3964 2460 4019 Opus
2480 3949 2729 4019 pluribus
2751 3950 3024 4019 variisque
3043 3951 3214 4005 titulis
3234 3951 3302 4004 ab
3322 3947 3562 4018 antiquis
3580 3961 3715 4001 scri-

2141 4041 2386 4112 ptoribus
2415 4051 2768 4110 praenotatur.
2799 4041 3029 4097 Rufinus
3053 4043 3250 4097 etenim
3279 4042 3370 4096 ubi
3412 4056 3507 4096 eos
3539 4039 3710 4092 libros

2143 4143 2446 4197 enumerat,
2473 4133 2566 4202 qui
2602 4142 2868 4186 vocantur
2900 4149 2932 4186 a
2962 4132 3253 4202 majoribus
3290 4147 3393 4185 non
3435 4129 3708 4191 canonici,

2139 4222 2229 4278 sed
2268 4224 2644 4286 ecclesiastici,
2691 4226 2756 4277 de
2790 4225 2882 4278 illo
2923 4226 3004 4279 sic
3044 4225 3284 4293 loquitur
3326 4226 3368 4257 "
3406 4243 3419 4277 :
3459 4222 3524 4276 In
3560 4221 3713 4276 Novo

2144 4314 2476 4369 Testamento
2506 4311 2715 4364 libellus
2737 4312 2828 4380 qui
2855 4311 3052 4362 dicitur
3067 4307 3308 4364 Pastoris
3325 4310 3431 4362 sive
3460 4306 3710 4365 Hermas.

2043 4406 2110 4470 ιι)
2137 4406 2227 4474 qui
2268 4402 2567 4473 appellatur
2597 4415 2616 4453 .'
2654 4401 2784 4454 Duae
2815 4401 2914 4454 viae
2947 4400 3023 4453 vel
3058 4399 3324 4468 judicium
3354 4395 3521 4452 Petri.
3571 4398 3712 4464 Quid

2138 4497 2242 4552 sibi
2280 4497 2365 4550 his
2412 4494 2591 4549 verbis
2636 4493 2725 4546 ille
2762 4492 2911 4559 velit,
2947 4491 3212 4545 attentius
3243 4491 3712 4560 perpendendum.

2139 4567 2378 4643 Libellus
2424 4587 2569 4642 enim
2616 4585 2858 4638 Pastoris
2895 4583 3152 4652 appellari
3209 4600 3315 4636 non
3353 4592 3535 4652 potest
3578 4583 3716 4637 Dure

2137 4683 2254 4748 vite,
2279 4692 2394 4735 tum
2429 4681 2554 4750 quia
2580 4678 2714 4734 sexti
2739 4687 2947 4732 tantum
2979 4677 3221 4730 mandati
3254 4676 3408 4730 initio
3442 4677 3484 4706 "
3513 4677 3580 4730 dc
3611 4677 3714 4732 hoc

2140 4781 2460 4844 argumento
2507 4771 2822 4836 disseritur,
2889 4777 3055 4838 atque
3119 4768 3275 4836 plura
3321 4769 3427 4821 alia
3481 4779 3598 4822 toto
3655 4767 3710 4820 in

2138 4880 2301 4936 opere
2325 4871 2670 4930 tractantur;
2708 4873 2824 4918 tum
2855 4865 2982 4933 quia
3009 4863 3149 4918 alius
3180 4862 3406 4918 omnino
3431 4873 3516 4918 est
3543 4864 3742 4917 totius-

2137 4961 2316 5029 operis
2347 4972 2566 5026 sc0pus.
2599 4956 2786 5027 Neque
2805 4959 2967 5012 etiam
2991 4957 3214 5011 inscribi
3246 4966 3427 5026 potest
3441 4958 3710 5026 judicium

2141 5050 2286 5104 Petri
2318 5064 2336 5103 :
2373 5051 2473 5102 hac
2507 5049 2705 5118 quippe
2727 5049 2794 5103 de
2827 5062 2886 5102 re
2915 5047 3049 5102 nihil
3073 5048 3125 5101 in
3155 5047 3241 5102 his
3267 5048 3706 5104 libris'invenias.

2139 5144 2370 5213 Aliquod
2412 5142 2577 5212 igitur
2608 5143 2862 5195 mendum
2899 5141 2955 5194 in
2992 5139 3172 5194 Rufini
3211 5150 3417 5196 textum
3465 5143 3705 5213 irrepsit,

2138 5237 2220 5290 vel
2245 5237 2389 5290 illius
2413 5234 2595 5289 verbis
2610 5233 2719 5287 duo
2748 5243 2842 5288 aut
2873 5242 2982 5287 tres
3003 5233 3202 5287 diversi
3228 5235 3350 5288 libri
3375 5236 3704 5293 indicantur.

2138 5327 2352 5382 Primus
2409 5328 2617 5400 quidem
2674 5325 2882 5380 libellus
2924 5326 3013 5396 qui
3073 5326 3276 5381 dicitur
3309 5326 3592 5396 Pastoris,
3639 5331 3708 5385 de

2135 5439 2246 5493 quo
2273 5423 2387 5493 jam
2433 5419 2650 5492 questio
2690 5419 2940 5472 habetur.
2990 5418 3274 5476 Secundus
3321 5433 3404 5477 est
3449 5423 3704 5492 libellus;

2137 5516 2251 5570 huic
2281 5515 2428 5570 enim
2476 5529 2581 5568 vox
2626 5509 2834 5564 libellus
2886 5511 3025 5564 forte
3070 5514 3354 5570 subaudiri
3392 5515 3584 5585 debet;
3640 5517 3708 5572 Ii-

2049 5636 2268 5693 "simil.
2304 5635 2356 5690 5.
2437 5631 2776 5688 "Animadr.
2802 5631 2871 5687 ad
2907 5629 3116 5706 Hernica
3150 5628 3360 5686 Pastor.
3415 5629 3549 5684 circ.
3582 5628 3701 5686 init.
