4010 6150
299 281 395 337 8M
412 306 415 309 λ

260 563 263 566 _
300 493 448 549 cium
478 491 657 557 Petri;
692 491 796 544 nisi
833 505 928 560 per
956 490 1017 544 τὸ
1045 489 1319 547 Judicium
1360 490 1510 546 Petri
1544 492 1737 549 tertius
1762 489 1877 548 for-

296 591 448 638 tasse
477 580 614 636 liber
648 578 965 648 designetur
986 617 1003 642 ,
1045 576 1203 646 cujus
1231 574 1597 647 Hieronymus
1636 575 1721 631 his
1750 590 1880 631 ver-

297 672 385 732 bis
418 671 669 728 meminit
702 670 781 724 ":
813 668 1044 735 Quintus
1088 666 1362 725 ludicium
1387 667 1533 723 Petri
1574 669 1714 723 inter
1750 686 1879 739 apo-

296 767 525 837 cryphas
558 766 871 835 scripturas,
915 762 984 818 de
1018 776 1131 833 quo
1158 760 1289 816 alibi
1324 761 1485 817 nobis
1526 762 1631 817 erit
1661 761 1876 817 dicendi

295 858 473 915 locus.

372 947 638 1005 Usitatior
669 949 899 1019 hujusce
922 947 1109 1018 operis
1140 945 1455 1017 epigraphe,
1481 960 1709 1018 quaeque
1731 945 1874 1016 apud

294 1044 552 1112 antiquos
604 1041 900 1111 scriptores
947 1051 1003 1095 et
1053 1040 1395 1109 frequentius
1427 1049 1483 1095 et
1519 1040 1718 1110 potiori
1751 1040 1876 1110 jure

294 1134 560 1200 occurrit,
613 1143 696 1188 est
744 1131 943 1186 Pastor
984 1132 1069 1185 vel
1109 1130 1268 1184 Liber
1314 1130 1581 1187 Pastoris.
1616 1130 1874 1187 Hermum

291 1224 573 1279 enimvero
598 1222 652 1277 in
682 1222 926 1278 secundo
962 1229 1017 1274 et
1056 1220 1217 1275 tertio
1244 1220 1386 1275 libro
1416 1220 1611 1277 Pastor
1641 1222 1845 1293 alloqui

293 1323 385 1369 tur
410 1322 465 1368 et
493 1315 775 1379 informat,
811 1312 999 1382 illique
1031 1311 1271 1367 visiones
1295 1311 1419 1367 libri
1452 1312 1636 1384 primi,
1672 1314 1727 1368 in
1757 1314 1873 1384 pri-

292 1407 397 1463 mis
423 1422 551 1463 vero
576 1407 791 1462 tertiam
820 1406 1072 1463 cnucleat
1110 1414 1165 1459 et
1186 1408 1382 1475 aperit.

364 1496 612 1567 Denique
658 1496 800 1550 idem
843 1512 983 1566 opus
1028 1495 1255 1550 nomine
1299 1495 1545 1551 auctoris
1576 1495 1873 1568 aliquando

288 1590 597 1662 appellatur
624 1588 877 1657 Hermas,
927 1599 1024 1645 aut
1053 1587 1301 1654 Hermes,
1344 1588 1507 1644 unius
1533 1589 1727 1645 littera:
1751 1606 1875 1645 mu-

288 1685 497 1739 tatione
525 1698 553 1737 a
606 1682 845 1738 librariis
878 1682 1051 1750 facta;
1090 1682 1194 1749 vel,
1230 1691 1290 1737 ut
1316 1682 1571 1737 observat
1597 1681 1870 1751 Labbeus,

1534 271 1832 342 PASTOB.
1867 304 1933 317 -υ
1960 273 2325 334 PROCEMIA.

297 402 495 465 hellus,
527 400 776 469 inquam,
810 400 901 468 qui
929 398 1261 467 appellantur
1297 398 1426 455 Duae
1455 397 1587 465 Vite,
1615 399 1695 456 uel
1722 397 1879 455 Judi-
1897 394 1945 447 A

3458 290 3564 347 8L8

2528 392 2927 453 ARTICULUS
2955 393 3001 461 Χ

2121 488 2271 554 Quid
2303 488 2368 543 de
2396 487 2478 543 his
2505 488 2658 545 libris
2689 492 2895 562 antiqui
2919 490 3111 547 Patres
3139 504 3414 557 senserint.

2051 577 2281 645 Quanta:
2331 580 2677 652 antiquitatis
2716 583 2828 638 sint
2869 582 2925 637 hi
2974 583 3100 641 libri
3139 584 3253 655 jam
3282 587 3561 646 vidimus:

1978 668 2112 736 quid
2143 684 2275 724 vero
2313 670 2381 725 de
2421 670 2532 726 illis
2579 672 2853 727 senserint
2891 674 3100 743 antiqui
3142 674 3352 746 Patres,
3383 681 3563 751 quod-

1978 776 2084 830 que
2130 761 2198 816 de
2244 762 2436 817 iisdem
2488 763 2759 833 judicium
2804 763 2935 820 ferri
2987 766 3201 835 debeat,
3260 786 3408 826 nunc
3434 772 3561 827 dili-

1978 858 2194 929 gentius
2212 856 2627 928 inquirendum.
2653 858 2892 919 lrenaeus
2918 862 3105 931 itaque
3124 864 3166 894 ιν
3196 865 3408 920 videtur
3439 866 3561 923 illos

1980 961 2039 1003 ut
2066 966 2254 1007 sacros
2282 952 2484 1007 divinae
2510 951 2807 1023 Scriptura:
2841 954 3056 1011 codices
3095 955 3320 1012 laudare
3354 976 3368 1013 :
3395 957 3557 1026 Bene,

1977 1041 2178 1112 inquit,
2219 1045 2583 1113 pronuntiarit
2622 1044 2922 1117 Scriptura,
2973 1064 3089 1118 qua:
3130 1050 3261 1103 dicit
3308 1066 3327 1104 :
3372 1050 3562 1108 Primo

1976 1132 2213 1185 omnium
2242 1134 2392 1189 crede
2418 1175 2434 1203 ,
2475 1146 2582 1192 etc.
2620 1134 2774 1191 Unde
2809 1136 3080 1195 Eusebius
3120 1139 3186 1195 de
3224 1142 3415 1196 eodem
3446 1144 3561 1198 lre-

1976 1241 2097 1282 nam
2133 1228 2327 1284 scribit
2360 1231 2405 1261 ³⁸
2447 1249 2461 1285 :
2495 1230 2654 1286 Liber
2688 1231 2935 1287 Pastoris
2963 1250 3066 1287 non
3092 1235 3261 1289 solum
3291 1238 3355 1289 ab
3384 1252 3443 1291 eo
3472 1253 3562 1291 co-

1976 1318 2152 1388 gnitus
2173 1359 2190 1385 ,
2219 1321 2309 1374 sed
2347 1322 2508 1375 etiam
2542 1338 2858 1393 magnopere
2880 1324 3204 1393 approbatus
3229 1338 3305 1381 est
3337 1327 3419 1381 his
3447 1343 3564 1383 ver-

1976 1408 2056 1463 bis
2080 1424 2100 1463 :
2128 1409 2269 1464 Bene
2304 1410 2591 1481 Scriptura
2615 1455 2631 1480 ,
2675 1424 2784 1470 etc.
2840 1412 2951 1471 Nec
2994 1416 3100 1471 alia
3132 1433 3267 1473 sane
3300 1418 3401 1473 fuit
3437 1420 3563 1476 Cle-

1975 1506 2179 1565 mentis
2229 1506 2588 1564 Alexandrini
2634 1511 2904 1566 sententia
2938 1512 3022 1576 η,
3074 1514 3169 1584 qui
3198 1515 3360 1571 simili
3397 1519 3559 1573 modo

1974 1598 2093 1652 ait:
2126 1597 2312 1654 Diuine
2352 1616 2475 1671 ergo
2500 1602 2668 1656 uirtus
2710 1603 2808 1658 illa
2836 1621 2955 1674 quae
2991 1603 3205 1661 Ilermte
3234 1608 3469 1678 loquitur
3503 1611 3567 1675 in.

1975 1690 2310 1759 reuelatione,
2334 1692 2507 1756 Θεῐως
2532 1693 2710 1746 τοίνυν
2731 1697 2762 1766 ή
2793 1694 3024 1767 δυνάμις
3048 1699 3082 1768 ἡ
3098 1697 3175 1770 τῷ
3210 1698 3388 1771 Ἑρμᾷ
3416 1702 3558 1756 κατὰ

300 1774 753 1857 Ἑρμᾷς,ιιιυιθιθ
777 1776 1043 1831 duntaxat
1059 1775 1309 1841 dialecte,
1327 1773 1506 1830 dictus
1534 1783 1617 1829 est
1644 1774 1869 1847 Ἑρμῆς.

1975 1780 2315 1853 ἀποκάλυψιν
2366 1781 2619 1838 λαλοῦσαι.
2665 1782 2928 1857 Origenes
2972 1798 3154 1856 autem
3195 1789 3264 1844 de
3298 1806 3363 1845 eo
3418 1792 3559 1847 libro

289 1865 434 1924 Vero
473 1879 655 1923 tamen
706 1871 940 1925 similius
982 1879 1065 1926 est
1106 1869 1385 1935 Hermam,
1428 1884 1555 1924 cum
1588 1871 1870 1941 proprium

287 1974 488 2016 nomen
543 1963 693 2032 operi
746 1979 847 2019 suo
904 1962 1182 2034 praeﬁgere
1222 1965 1412 2029 nollet,
1463 1965 1592 2019 illud
1644 1964 1871 2020 inscribi

288 2051 541 2127 voluisse
581 2054 685 2110 hae
713 2054 1009 2125 epigraphe
1038 2053 1237 2109 Pastor
1278 2056 1363 2111 vel
1396 2054 1556 2110 Liber
1598 2054 1867 2111 Pastoris.

287 2143 630 2203 Tertulliano
659 2149 1019 2205 nihilominus
1050 2149 1166 2205 haec
1195 2150 1483 2221 inscriptio
1507 2166 1614 2205 non
1643 2149 1871 2204 omnino

287 2243 506 2313 probari
538 2242 769 2297 videtur.
812 2244 903 2297 Ait
932 2243 1135 2313 quippe
1162 2244 1204 2275 ¹⁸
1238 2260 1252 2296 :
1288 2243 1519 2298 Hermas
1548 2243 1699 2313 cujus
1730 2245 1870 2297 scri—

285 2344 435 2405 ptum
471 2335 579 2404 fere
620 2333 813 2389 Pastor
857 2335 1190 2389 inscribitur.
1234 2332 1436 2389 Verum
1477 2334 1739 2389 credibile
1787 2343 1872 2389 est

286 2424 441 2480 illum
494 2426 637 2479 hanc
669 2425 994 2495 particulam
1030 2426 1138 2495 fere
1166 2467 1181 2492 ,
1235 2424 1287 2480 id
1336 2434 1420 2481 eSt
1462 2424 1576 2481 fere
1631 2441 1867 2495 semper,

287 2518 411 2573 ideo
445 2518 759 2583 addidisse,
796 2518 923 2588 quia
958 2520 1098 2589 apud
1138 2519 1435 2575 nonnullos
1471 2519 1610 2574 alios
1637 2520 1870 2591 scripto-

287 2627 375 2665 res
405 2611 510 2665 hoc.
538 2627 674 2682 opus
710 2611 818 2666 alio
852 2612 1089 2682 quodam
1124 2610 1304 2675 titulo,
1336 2610 1481 2681 quod
1505 2610 1725 2682 quidem
1757 2627 1865 2666 non

286 2718 571 2774 negamus,
595 2702 890 2775 aliquando
920 2702 1348 2772 prtenotabatur.

813 2815 1213 2872 ARTICULUS
1243 2815 1335 2871 lx.

355 2911 432 2966 De
464 2911 623 2981 hujus
664 2927 836 2981 opem
863 2912 1140 2973 diuisione,
1178 2908 1446 2993 capitibus
1467 2920 1520 2965 et
1556 2910 1795 2979 capitum

901 2994 1245 3052 argumentis.

352 3072 410 3127 ln
456 3075 847 3148 manuscriptis
887 3073 1172 3128 codicibus
1211 3070 1270 3127 S.
1303 3070 1563 3127 Germani
1593 3089 1624 3127 a
1658 3070 1862 3140 Pratis,
1891 3117 1935 3174 ο

277 3165 595 3222 Colhertino
624 3176 680 3221 et
717 3166 865 3231 aliis,
889 3180 990 3220 nec
1020 3158 1138 3218 'non
1187 3165 1241 3218 iu
1281 3165 1561 3235 prioribus
1594 3165 1756 3219 editis
1781 3165 1866 3219 lu-

279 3259 533 3314 cubratio
592 3258 701 3313 ista
751 3256 1116 3311 inscribitur:
1159 3254 1317 3312 Liber
1361 3254 1627 3322 Pastoris,
1688 3256 1863 3309 nuntii

277 3349 624 3419 ptenitentite,
668 3347 762 3402 sed
801 3345 997 3399 nullibi
1038 3361 1281 3414 unquam
1322 3346 1375 3399 in
1409 3355 1520 3401 tres
1558 3345 1725 3400 libros
1753 3345 1865 3401 dis—

279 3442 562 3497 tribuitur.
594 3439 652 3493 ln
680 3439 922 3492 editione
950 3436 1170 3492 Henrici
1206 3435 1490 3507 Stephani,
1529 3451 1673 3492 anno
1700 3436 1862 3502 1515,

280 3533 423 3591 idem
454 3548 521 3587 ac
552 3531 606 3585 in
632 3529 1024 3599 manuscriptis
1045 3538 1129 3584 est
1153 3530 1345 3584 titulus
1372 3548 1386 3584 :
1409 3539 1465 3584 at
1490 3529 1615 3585 libri
1637 3530 1864 3585 secundi

279 3625 440 3681 initio
468 3624 816 3679 continenter
849 3631 905 3676 et
942 3620 1153 3692 absque
1192 3622 1301 3675 ulla
1332 3621 1600 3677 divisione
1626 3623 1858 3694 legitur:

278 3715 358 3772 De
391 3716 662 3771 mandatis
702 3732 735 3769 a
785 3713 1043 3781 Pastore,
1094 3714 1281 3784 angelo
1326 3715 1670 3783 paenitentiae.
1716 3714 1861 3770 Visio

277 3812 488 3879 quinta,
512 3818 618 3863 etc.
660 3805 846 3877 Neque
871 3806 1037 3860 etiam
1070 3804 1445 3875 antiquissimi
1482 3804 1671 3861 Patres
1692 3806 1859 3861 ullam

276 3895 507 3966 hujusce
546 3895 727 3965 operis
766 3896 820 3949 in
854 3903 964 3949 tres
1003 3887 1531 3976 librosulivisionem
1565 3911 1857 3966 agnovere.

276 3987 360 4061 Ab
385 3986 618 4059 Origene
658 3987 953 4057 siquidem,
994 3980 1357 4052 Tertulliauo,
1388 3987 1713 4054 Athanasio,
1746 3986 1859 4043 Ru-

277 4080 410 4154 fino,
442 4078 711 4135 Cassiano
744 4089 968 4134 vocatur
999 4078 1179 4149 Liber,
1212 4081 1295 4136 vel
1324 4079 1559 4136 Libellus
1587 4081 1856 4150 Pastoris,

275 4170 579 4241 Scriptura,
604 4171 687 4225 vel
718 4168 1012 4239 Scriptum.

312 4264 613 4337 Praeterea
670 4262 724 4316 in
771 4263 967 4318 iisdem
1012 4263 1408 4333 manuscriptis
1448 4264 1605 4319 libris
1630 4274 1685 4319 et
1715 4265 1856 4319 anti-

274 4357 561 4427 quioribus
608 4354 969 4421 editionibus,
1021 4355 1170 4409 nulla
1220 4365 1349 4410 sunt
1393 4366 1713 4426 argumenta
1758 4371 1853 4411 seu

273 4452 579 4507 summaria
607 4449 875 4518 capitum,
925 4448 1019 4503 sed
1049 4448 1375 4517 simpliciter
1410 4448 1607 4518 legitur
1642 4467 1656 4502 :
1706 4447 1851 4503 Visio
1883 4452 1929 4507 D

270 4546 468 4616 prima,
512 4542 655 4597 Visio
688 4540 940 4605 secunda,
977 4550 1081 4616 etc.
1124 4540 1443 4595 Mandatum
1460 4541 1713 4611 printum,
1743 4551 1849 4597 etc.

269 4614 581 4694 Similitudo
604 4634 801 4705 prima,
826 4643 932 4687 etc.
1070 4614 1086 4633 ’

343 4728 685 4798 Quapropter
721 4726 918 4781 divisio
953 4724 1134 4796 operis
1165 4725 1221 4780 in
1266 4735 1378 4782 tres
1415 4727 1621 4793 libros,
1652 4743 1849 4798 quem-

268 4822 569 4877 admodum
612 4820 799 4873 omnia
831 4818 982 4873 illius
1006 4827 1353 4887 argumenta,
1385 4834 1495 4874 non
1522 4821 1592 4876 ab
1626 4819 1848 4888 Hcrma,

268 4916 366 4971 sed
406 4914 476 4969 ab
507 4916 588 4968 eis
620 4913 887 4968 duntaxat
927 4911 1021 4981 qui
1062 4920 1367 4993 postremas
1395 4912 1662 4968 editiones
1687 4915 1850 4969 ador-

1975 1871 2056 1926 sic
2081 1876 2452 1943 pronuntiat“
2480 1893 2494 1929 :
2517 1874 2649 1941 Qum
2680 1879 2949 1948 scriptura
2971 1881 3101 1934 mihi
3127 1881 3278 1936 valde
3303 1883 3453 1938 utilis
3470 1886 3556 1939 vi-

1972 1962 2148 2031 detur,
2191 1974 2241 2019 et
2287 1976 2344 2019 ut
2372 1976 2522 2036 puto,
2576 1968 2829 2023 diuinitus
2862 1970 3148 2041 inspirata.
3197 1973 3269 2029 At
3315 1975 3405 2031 ille
3434 1976 3557 2032 ideo

1972 2055 2203 2121 addidit,
2228 2066 2285 2111 ut
2320 2073 2472 2128 puto,
2496 2075 2608 2131 quo
2639 2060 2691 2116 id
2718 2062 2945 2118 omnino
2968 2062 3074 2119 sibi
3104 2080 3429 2135 persuasum
3447 2083 3561 2137 non

1971 2146 2146 2202 fuisse
2200 2148 2555 2221 signiﬁcaret.
2600 2151 2666 2209 Et
2700 2170 2829 2210 vero
2860 2156 2914 2210 in
2945 2156 3275 2227 quibusdam
3314 2160 3558 2216 homiliis

1973 2240 2274 2312 unicuique
2322 2243 2596 2315 integrum
2641 2246 2731 2302 ille
2764 2247 2896 2303 facit
2932 2249 2985 2303 in
3019 2249 3204 2316 aliam,
3237 2251 3284 2304 si
3314 2251 3555 2315 libuerit,

1973 2333 2053 2387 ire
2083 2334 2428 2390 sententiam.
2460 2335 2551 2392 Sic
2570 2339 2714 2395 enim
2740 2341 2791 2393 in
2818 2339 3044 2396 humilia
3069 2357 3175 2396 una
3209 2342 3454 2412 loquiiur
3476 2346 3555 2399 "z

1972 2422 2033 2479 Si
2045 2426 2131 2479 cui
2145 2433 2321 2481 tamen
2338 2427 2621 2497 Scriptura
2635 2429 2729 2483 illa
2746 2432 3045 2501 recipienda
3060 2433 3286 2489 videtur.
3305 2433 3362 2489 In
3386 2435 3556 2492 altera

1972 2530 2104 2570 vero
2130 2516 2176 2547 "
2206 2516 2302 2574 :Si
2319 2520 2407 2572 cui
2422 2528 2596 2575 tamen
2610 2521 2820 2576 libellus
2851 2523 2941 2577 ille
2968 2525 3296 2595 recipiendus
3324 2528 3555 2583 videtur.

2041 2603 2345 2677 Eapropter
2402 2609 2732 2666 nobilissimi
2779 2614 3001 2683 quidam
3054 2616 3354 2687 scriptores
3410 2618 3559 2676 hunc

1964 2701 2221 2755 eumdem
2280 2701 2481 2757 librum
2522 2712 2676 2759 extra
2728 2705 3005 2762 Canonem
3056 2723 3229 2765 sacra
3261 2707 3558 2782 Scriptura:

1966 2790 2310 2861 ablegarunt.
2361 2791 2580 2849 Primus
2632 2794 2775 2851 inter
2824 2812 2921 2853 eos
2978 2802 3426 2858 annumerandus
3471 2812 3556 2858 est

1966 2884 2328 2954 Athanasius,
2381 2887 2475 2957 qui
2513 2888 2580 2943 de
2608 2888 2715 2944 hoc
2756 2891 2899 2946 libro
2928 2892 2973 2926 ³⁸
3016 2911 3030 2948 :
3069 2892 3210 2961 Etsi,
3262 2895 3461 2969 inquit,
3496 2898 3553 2952 in

1968 2974 2180 3032 Canone
2199 2994 2301 3032 non
2328 2980 2418 3034 sit.
2446 2978 2602 3036 Hunc
2630 2986 2879 3052 sequitur
2904 2982 3272 3058 Hieronymus
3303 2988 3348 3019 ³⁸
3385 3007 3400 3045 :
3426 2988 3555 3046 Non

1966 3079 2110 3135 sunt,
2160 3070 2361 3141 inquit,
2407 3072 2462 3125 in
2492 3072 2723 3128 Canone.
2773 3073 3006 3132 Ruﬁnus
3046 3094 3267 3149 quoque
3298 3080 3388 3136 ’τε
3427 3081 3551 3138 Non

1967 3169 2090 3213 sunt
2121 3162 2391 3228 canonici,
2424 3162 2516 3215 sed
2540 3163 2900 3220 ecclesiastici.
2947 3165 3098 3223 Unde
3126 3168 3215 3223 ille
3239 3180 3429 3239 postea
3459 3187 3552 3227 as-

1968 3250 2101 3306 serit
2142 3260 2354 3306 veteres
2391 3250 2582 3308 Patres
2612 3255 2858 3311 noluisse
2896 3271 2965 3311 ex
3002 3257 3089 3312 his
3115 3298 3130 3322 ,
3171 3257 3314 3314 sicut
3339 3246 3404 3314 ex
3438 3275 3549 3316 uno
3633 3254 3646 3275 ⁸

1966 3344 2166 3399 divmse
2195 3342 2495 3415 Scriptura:
2525 3347 2686 3415 libro,
2720 3349 3029 3404 testimonia
3059 3350 3313 3420 proferri.
3341 3352 3544 3410 Eodem

1965 3444 2117 3491 certe
2146 3450 2312 3491 sensu
2336 3434 2610 3493 Eusebius
2634 3437 2680 3468 ”
2702 3453 2798 3492 eos
2822 3438 2884 3492 in
2919 3440 3233 3509 spuriorum
3258 3450 3313 3497 ct
3338 3442 3550 3499 adulti.»

1966 3526 2212 3582 riuorum
2238 3542 2471 3583 numero
2501 3529 2655 3598 ponit
2690 3546 2703 3583 :
2741 3528 2853 3585 Pro
2882 3532 3102 3600 spuriis,
3130 3532 3304 3603 inquit
3333 3536 3413 3606 (ὲν
3434 3538 3547 3601 τοῖς

1963 3616 2182 3689 νόθοις),
2214 3619 2437 3674 habendi
2473 3632 2592 3674 sunt
2629 3619 2794 3675 Actus
2828 3620 2991 3674 Pauli
3029 3630 3078 3674 et
3110 3621 3244 3675 liber
3272 3621 3541 3678 Pastoris.

1961 3708 2239 3765 AGelasio
2262 3722 2443 3765 autem
2473 3726 2609 3782 papa
2628 3710 2673 3742 ²⁹
2696 3720 2748 3765 et
2771 3710 2841 3767 ab
2865 3718 3090 3766 auctore
3131 3710 3542 3778 Stichometritv,

1963 3800 2018 3854 in
2061 3800 2211 3855 calce
2255 3796 2699 3867 Cltronographite
2732 3798 3024 3871 Nicephori
3073 3798 3541 3870 Constantinopo-

1962 3892 2119 3946 litani
2150 3891 2331 3958 editae,
2376 3890 2673 3962 apocryphi
2710 3900 3000 3947 vocantur.
3028 3888 3145 3945 Non
3172 3891 3279 3945 alia
3305 3890 3543 3961 denique

1963 4000 2118 4039 mens
2146 4000 2338 4039 eorum
2367 3984 2636 4051 ninnium,
2661 3998 2895 4054 quorum
2922 3982 3190 4039 Eusebius
3212 3986 3542 4041 sententiam

1960 4078 2016 4132 in
2051 4078 2199 4134 hunc
2228 4077 2451 4132 modum
2482 4077 2649 4133 refert
2697 4077 2743 4109 ³⁸
2795 4096 2809 4132 :
2869 4075 3155 4131 Sciendum
3185 4088 3261 4132 est
3304 4094 3425 4132 eum
3473 4078 3542 4132 li-

1960 4172 2116 4226 brum
2153 4188 2186 4224 a
2223 4168 2493 4224 nonnullis
2529 4168 2742 4239 quidem
2775 4169 2831 4222 in
2874 4168 3094 4223 dubium
3129 4180 3449 4238 revocatum,
3475 4171 3538 4225 ob

1957 4276 2109 4330 quos,
2135 4260 2204 4313 δι’
2227 4259 2343 4325 οὓς,
2370 4261 2510 4313 inter
2537 4270 2757 4329 recepta:
2786 4261 3129 4315 auctoritatis
3151 4261 3315 4317 libros
3342 4263 3543 4318 censeri

1959 4370 2063 4408 non
2087 4361 2279 4425 potest.

2478 4444 2879 4502 ARTICULUS
2926 4444 3021 4503 XI.

2400 4537 2629 4603 Quanta:
2665 4539 2771 4592 sint
2803 4538 3073 4597 utilitatis.

2029 4631 2356 4688 Communis
2391 4630 2638 4697 Patrum,
2671 4645 2795 4701 quae
2826 4631 3043 4686 veritati
3074 4631 3264 4704 magis‘
3294 4647 3535 4691 consona

1958 4725 2193 4789 videtur,
2228 4724 2414 4794 opinio
2439 4732 2502 4777 ea
2536 4730 2639 4788 est,
2665 4738 2773 4793 qua
2798 4722 2874 4775 illi
2909 4722 3053 4778 hunc
3082 4723 3283 4778 librum
3308 4725 3536 4780 utilissi-

1957 4832 2108 4872 mum
2132 4854 2148 4883 ,
2193 4792 2357 4884 atque
2386 4792 2728 4869 admominis
2766 4826 2956 4866 recens
2981 4812 3047 4866 ad
3071 4812 3439 4868 Christianam
3469 4813 3540 4870 tl-

1955 4910 2079 4965 dem
2122 4906 2376 4962 conversi
2425 4921 2607 4961 mores
2637 4904 3017 4962 informandos
3041 4905 3389 4977 aptissimum
3415 4921 3538 4963 esse

268 5015 556 5071 naverant,
604 5003 749 5058 haud
809 5002 975 5057 dubie
1024 5000 1269 5073 profecta
1318 5011 1468 5057 sunt.
1526 5001 1666 5059 Hinc
1711 5004 1848 5061 nulli
1952 5002 2289 5057 existimant.
2346 4999 2403 5055 ld
2447 4998 2664 5070 quidem
2717 4994 2989 5053 EuSebius
3032 5000 3156 5054 loco
3194 4999 3309 5071 jam
3337 5001 3538 5071 saepius

268 5099 471 5155 mirum
500 5097 668 5152 videri
697 5096 860 5152 debet
899 5096 946 5151 si
975 5110 1043 5150 ex
1077 5095 1271 5151 iisdem
1301 5097 1638 5167 argumentis
1663 5098 1845 5169 aliqua

1952 5097 2118 5151 citato
2144 5096 2225 5150 sic
2252 5102 2437 5164 aperte
2459 5093 2619 5147 docet
2652 5109 2665 5146 :
2697 5090 2774 5143 Ab
2800 5090 2923 5145 aliis
2949 5080 3179 5146 maxime
3205 5094 3536 5147 necessarius

264 5191 514 5247 auctoris
556 5204 780 5246 sensum
827 5203 893 5245 ac
932 5188 1229 5244 consilium
1261 5188 1447 5245 minus
1475 5188 1615 5245 bene
1641 5206 1845 5260 reprte-
1943 5189 2245 5259 judicatur,
2287 5188 2352 5240 iis
2392 5186 2688 5256 praesertim
2713 5185 2803 5256 qui
2829 5184 3016 5254 primis
3043 5187 3314 5257 religionis
3339 5198 3537 5244 nostris

264 5294 500 5349 sentem.

1949 5280 2217 5335 elementis
2254 5276 2567 5333 instituendi
2603 5285 2747 5330 sunt.
2791 5274 2939 5332 Unde
2973 5280 3135 5333 etiam
3181 5280 3237 5333 in
3279 5278 3537 5357 Ecclesiis

338 5495 472 5550 "De
506 5447 1096 5565 scriptor.rccles.icap.
1128 5490 1183 5544 2.
1229 5490 1270 5521 ’⁸
1292 5489 1387 5565 lib.
1431 5484 1508 5543 De
1550 5496 1838 5565 orat._ca_p.
1872 5486 1978 5565 12._
2016 5486 2172 5565 ‘llib.
2202 5481 2679 5565 tv,_Adu..lta.-r‘es._,
2706 5481 2877 5565 αξη.
2952 5481 3197 5565 ’°lib._y_
3233 5482 3381 5565 Hist.
3408 5497 3531 5565 cap.

264 5565 318 5621 8.
393 5567 434 5598 ²¹
452 5565 545 5621 lib.
584 5550 846 5619 I'Strom.
923 5550 1279 5615 “Centment.
1328 5561 1381 5614 in
1412 5576 1528 5629 cap.
1558 5574 1647 5611 xvt
1678 5550 1852 5629 Epiit.
1910 5563 1979 5629 ad
2018 5555 2171 5629 Rom.
2197 5626 2217 5629 _
2250 5553 2613 5629 "‘homi_|..8,
2655 5554 2711 5608 in
2752 5550 3075 5629 generosa
3118 5552 3165 5587 ”
3182 5550 3531 5629 homil.__l__in

263 5638 630 5707 psal.rxxxvn.
708 5630 1191 5707 “libabedecret.
1228 5630 1652 5707 synod._lV_icten.

1688 5622 1811 5700 post
1834 5628 1976 5685 med.
2040 5628 2154 5682 "in
2183 5625 2400 5698 Prolog.
2435 5622 2679 5691 Galeato.
2756 5625 2801 5658 ³⁷
2822 5624 2877 5682 in
2898 5627 3123 5697 esposit.
3155 5622 3327 5699 symb.
3369 5623 3525 5681 "lib.

266 5699 329 5764 tu
371 5706 602 5771 ﬂistor.,
646 5721 768 5777 cap.
813 5704 903 5760 25.
982 5702 1103 5756 "in
1132 5699 1340 5756 Decret.
1418 5702 1462 5735 ³ο
1477 5701 1572 5769 lib.
1603 5716 1661 5757 tu
1692 5699 1926 5770 Πίσων..
1949 5713 2070 5771 cap.
2097 5700 2149 5757 5.

545 5805 818 5865 ιδῃ-εισι.
879 5799 996 5861 Ca.
1039 5799 1116 5860 ll.

3158 5790 3243 5856 2³1
