4010 6150
466 287 576 359 8:3

2007 279 2065 341 S.
2106 280 2369 338 HERME

3637 284 3754 342 με

466 423 674 492 publice
727 417 828 488 legi
869 412 1243 485 comperimus,
1281 420 1331 465 et
1382 407 1641 482 quosdam
1677 421 1742 459 ex
1801 400 2046 457 vetustis-
2077 401 2119 455 Λ
2150 397 2293 492 bitur
2316 399 2468 455 illico
2494 401 2641 458 illius
2662 403 2876 459 dicendi
2899 420 3071 476 genus
3095 404 3162 460 ad
3194 403 3579 475 persuadenda
3609 405 3756 460 reli-

409 529 414 534 '
466 515 616 568 simis
667 511 834 580 ipsius
890 507 1190 562 testimonio
1220 521 1342 558 usos
1387 504 1568 572 fuisse.
1611 499 1689 552 Ex
1724 499 1810 552 his
1849 494 2050 564 quippe

469 604 688 661 Eusebii
733 601 914 656 verbis
966 600 1066 654 tria
1107 597 1414 667 colligimus
1455 599 1797 663 argumenta,
1847 587 2048 658 quibus

470 695 704 756 maxima
746 693 911 764 hujus
953 692 1080 748 libri
1121 690 1328 745 utilitas
1369 687 1578 757 liquido
1613 687 2044 740 demonstratur.

467 787 711 848 Primum
755 807 783 845 a
822 783 1234 850 vetustissimis,
1267 783 1359 852 qui
1399 782 1450 836 id
1495 793 1812 844 asseruere,
1845 777 2053 847 petitur

469 883 852 956 scriptoribus.
896 881 1041 936 Inter
1064 894 1158 934 eos
1181 875 1351 935 enim.
1371 888 1606 943 quorum
1641 869 1917 925 Eusebius
1950 885 2051 923 no-

469 985 593 1036 men
639 978 846 1041 tacuit,
899 973 1126 1030 forsitan
1181 967 1488 1025 censendus
1531 974 1614 1020 est
1651 965 1763 1034 jam
1801 979 1830 1018 a
1889 962 2048 1017 nobis

468 1073 725 1128 laudatus
752 1069 1031 1138 Origenes,
1075 1063 1169 1134 qui
1199 1062 1265 1116 de
1297 1077 1365 1117 eo
1403 1057 1624 1128 scripsit
1659 1075 1672 1112 :
1713 1055 1849 1110 Mihi
1895 1055 2047 1108 valde

469 1165 619 1219 utilis
650 1163 878 1217 videtur.
916 1156 1250 1213 Athanasius
1294 1167 1515 1225 quoque
1553 1151 1753 1205 librum
1794 1149 2047 1204 eumdem

471 1257 704 1328 appellat
735 1257 777 1287 ³¹
815 1272 828 1309 :
867 1249 1219 1308 Utilissimum
1253 1246 1500 1305 Pastoris
1531 1239 1748 1297 librum.
1781 1239 1879 1297 His
1917 1255 2049 1295 vero

473 1345 837 1422 Hieronymus
870 1347 912 1378 ”
937 1361 965 1399 a
1003 1342 1161 1398 nobis
1193 1339 1450 1408 subjungi
1481 1336 1662 1402 debet,
1693 1334 1852 1404 cujus
1878 1334 2042 1390 etiam

479 1434 682 1499 'udieio
709 1449 790 1495 est
822 1459 834 1494 :
875 1437 1070 1491 Revera
1100 1433 1249 1488 utilis
1279 1432 1429 1485 liber.
1731 1440 1734 1442 ‘

543 1536 786 1590 Alterum
836 1543 1065 1590 summa:
1111 1523 1356 1596 ejusdem
1405 1520 1531 1576 libri
1582 1517 1834 1574 utilitatis
1887 1530 2052 1586 argu-

475 1635 716 1684 mentum
752 1625 877 1678 hinc
908 1621 1174 1682 eruimus,
1207 1615 1349 1686 quod
1381 1614 1490 1680 ille,
1533 1619 1671 1666 teste
1703 1607 1959 1675 Eusebio,
1995 1607 2050 1661 in

473 1712 724 1770 ecclesiis
757 1710 974 1780 publice
1011 1709 1302 1776 legeretur.
1351 1701 1416 1758 Et
1453 1701 1504 1756 id
1545 1700 1764 1770 quidem
1803 1713 1910 1752 non
1956 1710 2050 1751 so-

474 1807 586 1860 lum
611 1805 678 1859 ab
705 1803 798 1857 illo
829 1799 1148 1857 doctissimo
1173 1797 1293 1850 viro
1317 1836 1330 1857 ,
1363 1794 1456 1850 sed
1487 1793 1650 1847 etiam
1683 1791 1752 1845 ab
1778 1789 2047 1860 Hierony-

475 1913 568 1953 mo
597 1895 830 1952 traditur
859 1895 925 1959 ³⁸,
953 1893 1043 1962 qui
1077 1911 1089 1945 :
1119 1887 1274 1959 Apud
1291 1887 1572 1959 quasdam,
1603 1884 1801 1954 inquit.
1832 1882 2054 1938 Gracia!

474 1987 725 2040 ecclesias
763 1985 925 2037 etiam
946 1979 1150 2050 publice
1175 1978 1412 2045 legitur;
1443 1986 1496 2030 et
1525 1991 1555 2028 a
1580 1973 1778 2028 Rufino
1800 1973 1846 2005 ³⁸
1875 1989 1889 2024 :
1921 1972 2060 2038 Qua!

477 2080 660 2134 Omnia
707 2077 810 2146 legi
866 2074 1076 2144 quidem
1107 2073 1162 2124 in
1201 2070 1433 2125 ecclesiis
1473 2068 1770 2121 voluerunt.
1805 2066 1875 2120 At
1906 2073 2060 2120 certe

476 2170 718 2244 episcopi
762 2170 911 2222 illum
962 2167 1015 2221 in
1056 2164 1302 2220 ecclesiis
1329 2162 1546 2232 publice
1576 2158 1679 2230 legi
1725 2159 2051 2224 noluissent,

479 2265 584 2319 nisi
618 2263 941 2317 habuissent
962 2259 1188 2313 omnino
1219 2270 1565 2327 persuasum,
1605 2253 1730 2307 inde
1759 2251 2051 2322 plurimam

479 2369 512 2411 a
535 2355 863 2411 Christianis
888 2352 1091 2423 percipi
1127 2365 1288 2420 posse
1319 2348 1628 2403 utilitatem.

555 2447 824 2503 Caeterum
884 2460 992 2498 non
1070 2443 1123 2496 in
1182 2441 1428 2497 ecclesiis
1465 2439 1731 2493 duntaxat
1781 2435 1918 2490 liber
1967 2433 2056 2488 ille

480 2539 698 2612 publice
743 2537 1052 2608 legebatur,
1107 2548 1294 2588 verum
1341 2533 1500 2586 etiam
1552 2541 1669 2584 erat
1708 2529 1762 2582 in
1805 2528 2055 2583 omnium

482 2633 772 2697 manibus,
825 2631 905 2684 uti
967 2644 1034 2683 ex
1091 2626 1324 2697 Origene
1372 2624 1634 2686 vidimus,
1685 2629 1938 2690 patetque
1985 2634 2053 2673 ex

481 2722 808 2786 Athanasio,
847 2719 940 2790 qui
965 2719 1116 2772 illum
1147 2716 1411 2783 Catalogo
1439 2715 1703 2767 librorum
1740 2711 1933 2765 inserit
1959 2709 2004 2741 ³⁸
2035 2727 2051 2764 :

483 2817 628 2884 Quos
671 2813 862 2868 Patres
911 2815 1200 2878 sanxerunt
1238 2806 1340 2875 legi
1379 2806 1446 2858 iis
1489 2805 1578 2874 qui
1609 2802 1678 2855 ad
1705 2801 1862 2871 ﬁdem
1906 2817 2054 2854 acce-

481 2911 637 2971 dunt,
685 2904 1006 2974 cupiuntque
1046 2900 1102 2953 in
1150 2895 1364 2966 pietatis
1412 2895 1564 2948 verbo
1615 2892 1843 2946 institui.
1897 2889 2055 2946 Unde

483 3015 680 3056 rursus
733 3004 998 3067 quantum
1065 2991 1101 3046 ii
1159 2990 1228 3045 ad
1282 2987 1572 3043 utilitatem
1614 2982 2050 3039 Christianorum

2150 488 2330 558 gionis
2353 501 2556 547 ucstra:
2579 493 2858 566 dogmata,
2883 513 3007 566 quae
3030 515 3308 568 nunquam
3335 499 3478 554 lictis
3500 498 3758 553 somniis

2149 589 2205 635 et
2232 582 2389 639 falsis
2430 586 2738 643 visionibus
2778 590 2963 646 doceri
2993 591 3211 656 debent,
3246 607 3441 657 parum
3473 591 3756 646 idoneum

2151 689 2272 730 esse
2324 676 2661 748 omninoque
2699 679 2963 750 ineptum.
3020 679 3135 737 Non
3180 696 3477 752 possumus
3511 680 3756 751 quidem

2151 765 2232 821 ire
2260 767 2472 826 inficias
2502 769 2758 828 Hermam
2789 777 2867 829 uti
2900 775 3144 845 potuisse
3183 775 3289 830 alia
3328 776 3599 830 methodo
3633 783 3768 845 sty-

2152 861 2314 930 loque
2349 862 2694 932 simpliciori,
2743 864 2868 920 ideo
2913 875 3093 921 tamen
3145 883 3285 936 opus
3336 867 3484 922 illius
3517 867 3758 937 vitupe-

2153 954 2384 1009 randum
2413 965 2509 1010 aut
2541 957 2911 1026 abjiciendum
2943 975 3065 1015 esse
3090 961 3268 1031 palam
3302 968 3613 1030 aperteque
3645 974 3759 1015 ne-

2152 1062 2379 1118 gamus.
2413 1048 2550 1115 Quis
2597 1050 2745 1104 enim
2780 1052 2852 1107 ob
2896 1053 3096 1125 stylum
3132 1052 3522 1123 scribendique
3563 1067 3762 1123 genus

2151 1157 2290 1211 opus
2320 1141 2449 1196 illud
2474 1144 2760 1212 aspernari
2801 1146 3042 1212 audeat,
3071 1145 3218 1216 quod
3251 1144 3460 1212 Patres,
3487 1145 3758 1215 antiqui-

2153 1241 2263 1289 tate
2301 1241 2356 1287 et
2391 1234 2642 1290 doctrina
2682 1236 3053 1303 celeberrimi,
3088 1238 3256 1294 tantis
3285 1238 3547 1294 laudibus
3575 1246 3758 1292 extu-

2151 1324 2284 1390 lere,
2331 1327 2589 1396 quodque
2636 1329 2973 1386 sanctissimi
3018 1330 3276 1400 praesules
3304 1330 3607 1386 voluerunt
3644 1346 3759 1400 pu-

2065 1439 2068 1442 ’
2151 1418 2294 1474 blice
2323 1419 2378 1475 in
2407 1421 2659 1478 ecclesiis
2691 1423 2794 1495 legi
2815 1466 2828 1484 ,
2863 1432 3029 1493 atque
3056 1424 3110 1477 in
3137 1422 3381 1478 omnium
3409 1438 3537 1478 esse
3560 1423 3758 1477 mani-

2152 1511 2290 1567 bus?
2323 1511 2623 1568 Dicendum
2669 1513 2858 1584 itaque
2901 1513 3157 1570 Hermum
3191 1515 3297 1570 hoc
3325 1524 3434 1569 tam
3467 1515 3754 1586 singulari

2154 1603 2440 1672 scripsisse
2483 1605 2624 1675 stylo
2650 1646 2666 1672 ,
2707 1606 2837 1676 quia
2885 1606 3037 1661 illum
3066 1606 3133 1661 ad
3161 1605 3480 1661 alliciendos
3508 1621 3758 1660 moven—

2154 1694 2364 1764 dosque
2425 1696 2708 1751 hominum
2765 1697 3018 1764 animos,
3072 1707 3236 1768 atque
3295 1697 3363 1752 ad
3412 1697 3750 1752 tradendam

2153 1787 2456 1843 doctrinam
2509 1804 2666 1845 suam
2697 1790 3043 1860 aptissimum
3073 1801 3123 1846 et
3162 1790 3612 1848 efﬁcacissimum
3656 1791 3752 1862 ju-

2153 1877 2394 1936 dicabat.

2667 1971 3067 2028 AHTICULUS
3097 1973 3213 2029 XII.

2365 2063 2557 2120 Utrum
2596 2067 2800 2136 antiqui
2819 2065 3019 2139 .Patres
3047 2067 3173 2121 illos
3203 2069 3514 2138 spreverint.

2226 2158 2366 2226 Quid
2390 2176 2543 2232 ergo,
2579 2161 2796 2230 inquies
2816 2202 2830 2227 ,
2855 2160 3116 2231 negarine
3141 2171 3319 2232 potest
3351 2161 3500 2216 hunc
3531 2161 3753 2217 libru

2153 2253 2224 2309 ab
2247 2255 2489 2324 antiquis
2514 2253 2769 2310 Patribus
2802 2254 3028 2324 despici,
3071 2269 3136 2308 ac
3176 2271 3275 2324 pro
3316 2255 3491 2310 nihilo
3518 2255 3757 2325 putari?

2152 2347 2312 2403 Certe
2347 2347 2605 2418 Origenes
2628 2346 2902 2416 expressis
2926 2346 3108 2403 verbis
3139 2346 3276 2401 dixit
3303 2345 3349 2378 ³⁷
3383 2365 3398 2402 :
3431 2349 3472 2402 Α
3514 2348 3748 2416 quibus-

2153 2442 2279 2494 dam
2327 2426 2700 2495 contemnitur.
2749 2439 3118 2495 Tertullianus
3166 2441 3407 2495 vero”:
3448 2437 3754 2510 Scriptura

2154 2530 2400 2587 Pastoris
2432 2531 2549 2585 sola
2588 2532 2812 2586 mmchos
2840 2541 3056 2586 amat...
3092 2530 3157 2586 ab
3193 2533 3337 2586 omni
3363 2533 3593 2586 concilio
3642 2532 3749 2586 Ec-

2154 2625 2437 2679 clesiarum
2475 2626 2636 2679 etiam
2665 2635 2956 2680 vestrarum
2991 2625 3130 2679 inter
3168 2624 3468 2695 apocrypha
3505 2635 3555 2678 ct
3592 2626 3745 2694 falsa

2145 2715 2446 2786 judicatur.
2479 2715 2842 2789 Hieronymus
2869 2726 3049 2772 autem
3075 2717 3226 2771 illum
3252 2732 3360 2771 non
3384 2717 3564 2772 solum
3594 2733 3740 2772 con-

2156 2808 2345 2874 temni,
2375 2807 2469 2863 sed
2503 2817 2557 2863 et
2579 2807 2823 2862 stultitim
2854 2806 3007 2878 argui
3036 2806 3328 2861 testatur"
3363 2823 3378 2860 :
3418 2805 3578 2860 Liber
3618 2805 3742 2871 ille,

2156 2899 2353 2968 inquit,
2397 2898 2727 2968 apocryphus
2782 2897 3031 2952 stultitia:
3061 2889 3489 2950 condemnandus
3530 2905 3637 2959 est,
3687 2899 3746 2950 in

2153 3006 2255 3062 quo
2296 2990 2551 3058 scriptum
2591 2999 2688 3055 est,
2740 2989 3018 3058 quemdam
3057 2987 3299 3057 angelum
3333 2989 3549 3042 nomine
3605 2987 3745 3058 Tyri

486 3096 629 3150 hanc
665 3087 1100 3146 lucubrationem
1126 3081 1434 3138 conducere
1460 3077 1762 3142 crederent,
1781 3074 1940 3130 facile
1969 3074 2054 3129 in-
2079 3099 2126 3163 ο
2153 3098 2374 3153 praeesse
2407 3081 2703 3152 reptilibus.
2751 3082 2994 3152 Denique
3032 3080 3269 3147 Prosper
3295 3081 3556 3136 Collatori
3581 3122 3598 3148 ,
3632 3098 3744 3136 au-

403 3241 406 3244 ,
481 3183 761 3244 telligitur.

553 3200 591 3238 χΙΙ
635 3200 761 3238 ιιυτ.

553 3200 799 3330 Tgertium
846 3277 1226 3342 argumentum
1269 3280 1335 3320 ex
1383 3263 1471 3318 his
1520 3261 1740 3318 Eusebii
1797 3259 1978 3316 verbis
2011 3259 2058 3291 “

482 3371 666 3427 adhuc
711 3365 930 3423 elicitur
979 3381 996 3418 :
1044 3359 1318 3428 Quosdam
1357 3373 1423 3413 ea:
1465 3355 1835 3412 vetustissimis
1887 3354 2056 3424 ipsius

484 3463 781 3539 testimonio
820 3477 942 3516 usos
983 3459 1165 3528 fuisse.
1209 3454 1283 3509 Ea
1317 3468 1554 3523 namque
1601 3449 1890 3506 manifeste
1929 3462 2061 3520 pro-

485 3565 618 3620 bant
665 3568 872 3633 quanto
940 3557 1030 3611 hic
1084 3554 1220 3608 liber
1271 3550 1405 3620 ipsis
1465 3548 1699 3617 aliisque
1760 3544 2056 3614 plurimis,

483 3648 578 3730 qui
612 3671 678 3710 ex
727 3653 819 3707 illo
860 3648 1062 3720 pariter
1116 3642 1428 3700 testimonia
1466 3641 1636 3694 multa
1690 3637 2056 3709 protulerunt,

485 3728 650 3802 fuerit
681 3745 734 3798 in
775 3738 968 3812 pretio.
1011 3733 1168 3804 Quod
1225 3748 1355 3789 sane
1395 3748 1462 3786 ex
1511 3732 1756 3802 ipsorum
1787 3728 1990 3792 verbis,
2025 3743 2056 3782 a

485 3838 647 3896 nobis
669 3838 809 3892 inter
856 3840 1102 3887 veterum
1132 3827 1446 3886 testimonia
1489 3823 1697 3887 relatis,
1725 3821 1928 3877 clarius
1961 3835 2059 3890 pa-

487 3929 641 3985 tebit.

557 4019 825 4087 Quartum
857 4019 1238 4084 argumentum
1270 4008 1357 4063 his
1392 4006 1565 4061 tribus
1596 4001 1920 4060 Eusebianis
1946 4016 2056 4055 non

487 4114 790 4182 incongrue
837 4106 1066 4162 forsitan
1103 4101 1350 4172 adjicies,
1396 4098 1682 4152 utilitatem
1728 4095 1893 4166 hujus
1933 4092 2058 4147 libri

483 4220 555 4276 ex
585 4203 705 4274 ejus
733 4201 989 4264 lectione,
1021 4196 1106 4252 vel
1137 4195 1299 4249 etiam
1326 4208 1392 4246 ex
1425 4191 1537 4246 sola
1567 4190 1736 4252 illius,
1771 4203 1934 4258 quam
1963 4188 2060 4242 de-

485 4289 694 4364 dimus,
719 4291 927 4364 analysi
970 4304 1133 4360 posse
1165 4303 1193 4340 a
1226 4285 1471 4356 quolibet
1519 4282 1678 4337 facile
1701 4281 1943 4353 agnosci.
1977 4280 2056 4335 Ex

486 4389 579 4444 illa
611 4383 882 4456 siquidem
930 4378 1089 4434 facile
1117 4375 1392 4445 colligitur
1435 4373 1677 4428 auctoris
1709 4371 1880 4428 nostri
1931 4387 2058 4428 sco-

2157 3176 2467 3232 ctoritatem
2505 3172 2718 3230 Hermae
2740 3174 3042 3244 objicienti,
3075 3175 3423 3246 respondet"
3454 3190 3468 3225 :
3504 3172 3639 3228 Post
3673 3175 3752 3229 il-

2157 3266 2252 3321 lud
2273 3277 2449 3321 autem
2465 3265 2668 3322 nullius
2701 3268 3037 3322 auctoritatis
3063 3269 3600 3339 testiinonium.un
3621 3270 3752 3326 dis-

2158 3359 2422 3428 putationi
2445 3374 2554 3412 sua:
2577 3358 2641 3412 de
2663 3358 2844 3413 libello
2867 3358 3111 3414 Pastoris
3139 3361 3385 3416 inseruit.

2232 3449 2432 3504 Verum
2456 3448 2502 3505 si
2535 3450 2648 3504 haec
2679 3447 2900 3504 Patrum
2931 3451 3242 3506 testimonia
3267 3452 3585 3523 diligentius
3610 3466 3752 3507 exa—

2159 3539 2458 3605 minentur,
2486 3539 2709 3608 planum
2746 3540 2956 3610 liquido
2983 3542 3076 3595 lict
3095 3541 3274 3611 primo
3303 3543 3596 3614 Origenem
3626 3560 3745 3599 non

2159 3629 2382 3697 dixisse,
2409 3630 2502 3701 qui
2525 3629 2752 3697 fuerint,
2779 3631 3006 3702 cujusve
3032 3633 3294 3699 nominis,
3322 3633 3406 3687 vel
3427 3635 3636 3704 quibus
3656 3651 3750 3689 ra-

2163 3723 2405 3780 tionibus
2437 3723 2582 3792 fulti,
2612 3725 2648 3778 ii
2669 3725 2764 3795 qui
2792 3723 2938 3780 hunc
2960 3723 3158 3779 librum
3190 3725 3494 3795 despicatui
3527 3727 3746 3783 habue.

2160 3826 2307 3871 runt.
2337 3816 2408 3871 At
2431 3827 2577 3872 certe
2609 3832 2677 3870 ex
2713 3817 2885 3900 ipsius
2925 3824 3107 3872 mente
3128 3831 3225 3871 eos
3253 3818 3521 3873 obscuros
3544 3818 3752 3889 fuisse,

2162 3908 2366 3963 nullius
2409 3908 2780 3975 auctoritatis,
2818 3909 3096 3980 nullisque
3131 3909 3408 3965 rationum
3441 3913 3746 3970 momentis

2161 4000 2422 4067 munitos,
2449 3999 2576 4054 inde
2607 4001 2936 4070 colligimus,
2955 4001 3102 4072 quod
3126 4001 3210 4054 vir
3239 4001 3326 4056 ille
3354 4003 3741 4071 doctissimus,

2163 4093 2240 4148 uti
2267 4093 2524 4160 vidimus,
2542 4093 2845 4147 doctrinam
2867 4093 2920 4148 in
2946 4094 3252 4150 hoceodcm
3283 4094 3430 4150 libro
3455 4096 3742 4167 traditam,

2161 4185 2416 4239 divinitus
2446 4184 2761 4253 inspiratam
2784 4199 2906 4240 esse
2943 4186 3235 4254 putaverit.

2231 4278 2387 4347 Quod
2415 4285 2624 4349 spectat
2658 4278 2724 4333 ad
2753 4276 3171 4346 Tertullianum,
3195 4287 3402 4335 certum
3443 4289 3528 4335 est
3557 4279 3742 4347 illum,

2162 4387 2287 4427 cum
2313 4371 2428 4425 haec
2459 4369 2743 4432 scriberet,
2766 4368 2879 4438 jam
2911 4369 2966 4422 in
2991 4368 3448 4425 Montanistarum
3473 4371 3745 4429 incidisse

486 4493 617 4552 pum
656 4451 779 4532 esse
810 4471 1059 4527 homines
1089 4470 1156 4525 ad
1197 4466 1460 4538 agendam
1500 4475 1845 4536 peccatorum
1886 4465 2060 4535 paeni-
2093 4451 2137 4507 D
2163 4461 2413 4516 heresim
2449 4477 2464 4521 ;
2502 4459 2746 4529 nullique
2778 4459 2983 4514 idcirco
3020 4460 3218 4514 mirum
3257 4476 3380 4517 esse
3427 4463 3658 4529 debere,
3691 4465 3740 4519 si

486 4573 737 4635 tentiam,
761 4569 827 4628 ad
850 4565 1177 4622 inde'fessam
1201 4558 1492 4616 virtutibus
1516 4559 1794 4626 omnibus,
1823 4573 2057 4629 quarum

485 4639 937 4742 praestantissima
980 4674 1210 4730 quaeque
1255 4663 1521 4728 praecepta
1573 4654 1769 4721 tradit,
1823 4651 2057 4707 dandam

486 4773 734 4828 operam,
759 4753 825 4809 ad
859 4751 1264 4824 persecutiones
1298 4758 1680 4820 tyrannowm,
1701 4746 1928 4817 jamjam
1963 4744 2061 4798 im-

487 4850 756 4918 minentes
778 4887 795 4915 ,
828 4843 1122 4900 fortissime
1146 4851 1200 4896 et
1226 4842 1291 4896 ad
1321 4850 1552 4896 mortem
1579 4855 1750 4909 usque
1776 4838 2056 4908 patientis-

487 4941 627 5004 sime
693 4937 1073 5000 sustinendas,
1133 4933 1452 4998 adhortari,
1493 4931 1822 4997 incendere,"
1857 4940 2048 4999 atque,

483 5017 538 5091 si
583 5032 665 5087 fas
711 5027 936 5096 fuisset,
983 5027 1325 5098 compellere.
1372 5023 1506 5091 Quae
1547 5021 1793 5095 profecto
1833 5031 2052 5092 quantze

481 5121 817 5182 Christianis
835 5122 941 5175 sint
955 5119 1224 5185 utilitatis,
1249 5121 1411 5172 nemo
1426 5132 1531 5171 non
1560 5115 1726 5170 videt.

559 5211 945 5269 Verumtamen
997 5211 1042 5266 si
1082 5211 1149 5266 de
1182 5209 1422 5265 auctoris
1454 5207 1627 5263 nostri
1658 5207 1801 5262 libro
1829 5215 2052 5261 senten-

486 5307 564 5362 tia
613 5321 681 5361 ex
729 5301 1088 5374 quorumdam
1147 5299 1375 5370 hujusce
1442 5297 1703 5368 temporis
1763 5296 2050 5352 hominum

487 5398 721 5455 acutiori
746 5395 890 5450 haud
912 5394 1073 5450 dubie
1099 5393 1314 5464 ingenio
1340 5391 1563 5446 ferenda
1599 5389 1692 5455 sit,
1724 5391 2052 5461 pronuntia-

509 5561 511 5564 ⁴
560 5563 712 5616 a‘lib.
739 5560 817 5614 De
833 5559 1103 5613 Incarnat.
1135 5555 1286 5612 Vero.
1315 5557 1479 5628 paulo
1523 5563 1646 5627 post
1685 5555 1787 5610 init

492 5629 664 5700 Epist.
686 5633 870 5688 Pasch.
948 5630 1112 5684 “loc.
1141 5644 1262 5699 sup.
1294 5616 1451 5700 citat.
1523 5616 1693 5683 3"loc.
1730 5629 1825 5683 cit.
1901 5627 2052 5683 “lib.
2097 5616 2181 5680 De'
2223 5623 2486 5696 pudicit.,
2519 5632 2640 5688 cap.
2665 5616 2761 5672 S0.

491 5698 646 5755 “lib.
673 5712 810 5754 cont.
839 5701 1034 5754 Collat.
1078 5698 1335 5769 capi-'50.

2163 4563 2276 4608 tum
2303 4551 2393 4605 ille
2421 4549 2690 4620 objectam
2717 4547 3058 4607 aCatholieis
3079 4546 3290 4604 Hermas
3323 4549 3740 4614 auctoritatem,

2161 4661 2302 4702 vano
2345 4652 2657 4713 contemptu
2711 4651 3022 4712 conatuque
3068 4641 3226 4696 irrito
3283 4641 3505 4699 eludere
3559 4653 3742 4699 tenta-

2159 4740 2319 4796 verit.
2961 4741 2964 4743 λ

2229 4833 2403 4888 Porro
2443 4831 2490 4887 si
2519 4831 2817 4888 contendas
2867 4829 2997 4884 illud
3042 4844 3230 4883 verum
3273 4844 3415 4895 esse,
3445 4830 3590 4901 quod
3615 4829 3739 4899 ipse

2158 4929 2376 5000 adjecit,
2405 4927 2548 4982 hanc
2564 4926 2888 4996 scripturam
2911 4923 2978 4978 ab
3007 4921 3264 4978 Ecclesiis
3286 4923 3571 4979 catholicis
3591 4924 3738 4977 inter

2162 5017 2474 5090 apocrypha
2503 5025 2558 5072 et
2585 5015 2721 5071 falsa
2754 5015 3014 5086 judicari,
3053 5030 3377 5084 responsum
3405 5014 3641 5086 accipies
3667 5015 3737 5070 il-

2162 5113 2272 5167 lum
2304 5127 2369 5166 eo
2397 5119 2607 5165 tantum
2645 5123 2810 5162 sensu
2857 5107 2938 5162 sic
2977 5107 3252 5173 locutum,
3297 5117 3357 5163 ut
3385 5110 3734 5178 significaret

2164 5203 2305 5258 hanc
2337 5199 2773 5257 lucubrationem
2823 5197 2965 5250 inter
2999 5211 3188 5252 sacros
3230 5196 3528 5268 Scriptum
3564 5197 3736 5253 libros

2163 5310 2270 5350 non
2303 5291 2675 5358 annumerari,
2704 5289 2810 5357 vel,
2845 5298 2903 5344 ut
2934 5289 3115 5345 verbis
3148 5291 3270 5361 ejus
3319 5301 3560 5358 utamur,
3593 5291 3740 5344 dit-i-

2160 5389 2277 5444 vino
2307 5389 2656 5442 instrumento
2695 5399 2797 5436 non
2825 5379 3009 5436 incidi.
3049 5380 3235 5454 Neque
3270 5383 3415 5438 enim
3443 5385 3624 5454 potuit
3649 5381 3739 5438 af-

1902 5555 2041 5610 ”De
2064 5556 2327 5624 scriptor.
2363 5551 2546 5606 eccles.
2623 5543 2962 5624 ”__l‘bidet_l_t._._
2993 5543 3320 5624 “innngb.
3351 5551 3564 5624 apost."
3672 5541 3734 5597 in

2845 5616 2887 5648 ³⁸
2907 5613 2999 5671 lib.
3040 5630 3056 5669 ι
3091 5611 3391 5672 Comment.
3427 5615 3480 5670 in
3513 5611 3733 5668 Habu.
