4074 6154
397 307 509 378 διε

1685 316 1994 377 PASTOR.
2034 346 2101 356 -—
2133 313 2498 372 Ριιοαειιιλ.

3561 315 3669 374 διο

401 445 625 497 llrmare
653 441 800 497 hunc
829 439 1028 496 librum
1054 442 1123 497 ab
1145 441 1415 510 Ecclesia,
1442 432 1512 497 ἰιι
1535 438 1911 511 apocryphum
1933 442 1988 493 et
2015 433 2063 490 Λ
2089 429 2296 498 oppleri
2327 444 2342 479 :
2374 427 2521 497 quod
2549 425 2771 496 quidem
2809 427 2966 483 nobis
3000 427 3180 484 fusius
3198 427 3538 498 probandum
3560 443 3666 488 est.

400 532 625 596 falsum,
642 533 694 588 id
711 544 793 589 est
810 539 1126 600 errodeum,
1153 535 1562 607 supposititium
1590 545 1646 593 et
1669 535 1981 592 fabulosum

400 629 576 698 rejici,
608 628 739 698 quin
770 629 1033 684 continuo
1075 630 1192 700 ipse
1231 629 1353 686 falsi
1387 632 1458 686 ab
1503 632 1572 687 iis
1615 631 1873 687 omnibus
1902 647 1986 686 ar-

399 730 681 791 gueretur,
707 737 941 791 quorum
969 723 1278 780 testimonia
1311 724 1375 780 ad
1402 723 1644 794 ejusdem
1686 724 1812 780 libri
1887 736 1984 777 ve-

400 817 618 871 ritatem
646 815 1052 887 utilitatemque
1093 818 1431 887 probandam
1469 833 1632 888 supra
1666 818 1975 874 retulimus.

471 907 750 975 Quantum
783 924 914 964 vero
940 910 1004 963 ad
1032 907 1425 982 Hieronymum
1445 952 1461 976 ,
1495 911 1610 980 ipse
1635 909 1883 966 eamdem
1909 911 1978 966 li-

399 1002 483 1056 bri
531 1003 690 1071 hujus
735 1002 1029 1057 utilitatem
1075 1002 1128 1056 in
1179 1003 1300 1063 aliis
1338 1003 1816 1058 lucubrationibus
1859 1003 1978 1060 suis

401 1103 527 1150 ante
559 1103 614 1149 et
647 1103 770 1165 post
814 1111 977 1150 suum
1033 1095 1088 1150 in
1127 1093 1382 1150 liahacuc
1407 1095 1875 1150 Commentarium
1899 1096 1980 1150 dio

397 1189 652 1259 vulgatis,
677 1189 952 1258 praedicat.
987 1186 1105 1243 Non
1137 1197 1349 1260 poterat
1377 1188 1544 1258 igitur
1565 1204 1785 1244 omnem
1828 1190 1977 1245 hunc

395 1277 596 1337 librum
628 1282 874 1337 stultitia:
905 1281 1245 1336 insimulare.
1277 1280 1343 1336 Et
1377 1297 1437 1335 re
1474 1280 1694 1352 quidem
1719 1296 1845 1336 vera
1875 1280 1972 1336 uni

396 1384 608 1431 tantum
643 1377 791 1431 illius
826 1376 966 1443 loco,
1001 1375 1098 1430 ubi
1133 1375 1202 1430 de
1239 1375 1434 1447 angelo
1458 1375 1747 1445 reptilibus
1790 1375 1976 1446 praesi-

393 1469 578 1532 dente,
615 1484 924 1523 sermonem
959 1467 1075 1522 iieri
1102 1466 1350 1538 putabat,
1384 1466 1647 1523 censoriae
1667 1469 1974 1523 severitatis

393 1569 580 1616 notam
612 1560 830 1618 inussit.
858 1558 1055 1615 Verum
1079 1575 1144 1615 ex
1163 1559 1307 1615 infra
1325 1558 1569 1614 dicendis
1595 1575 1705 1614 non
1736 1559 1974 1614 obscure

391 1653 802 1708 demonstratur
817 1660 1070 1707 sanctum
1085 1651 1364 1705 doctorem
1387 1650 1764 1719 incorruptum
1778 1665 1971 1720 quem-

390 1745 517 1799 dam
543 1744 809 1807 codicem,
835 1759 900 1798 ex
926 1758 1035 1813 quo
1061 1743 1308 1800 auctoris
1337 1752 1577 1798 mentem
1610 1741 1834 1812 assequi
1854 1756 1968 1796 non

391 1837 651 1909 potuerit,
689 1835 913 1891 fortuito
945 1835 1222 1891 incidisse.

461 1928 542 1984 Ad
585 1928 841 2000 Prosperi
888 1928 1269 1984 auctoritatem
1305 1937 1636 1999 responsum
1673 1937 1780 1997 est,
1822 1927 1973 1984 hunc

390 2023 592 2078 librum
618 2023 735 2093 qui,
785 2029 923 2077 teste
952 2021 1286 2094 Hieronymo
1306 2060 1322 2089 ,
1357 2021 1498 2091 apud
1532 2019 1755 2076 Latinos
1777 2062 1793 2090 ,
1842 2037 1971 2092 pene

391 2117 605 2188 ignotus
635 2124 774 2181 erat,
806 2115 908 2186 ipsi
960 2129 1180 2185 quoque
1226 2113 1402 2170 fuisse
1443 2115 1807 2186 incognitum.
1857 2112 1971 2170 Nec

388 2209 627 2264 absurde
648 2208 812 2263 etiam
837 2207 1154 2278 responderi
1175 2215 1374 2278 potest,
1401 2208 1736 2278 Prosperum
1762 2207 1970 2264 dixisse

387 2304 770 2369 testimonium,
798 2318 902 2357 non
936 2319 1067 2358 vero
1099 2300 1298 2356 librum
1334 2302 1568 2366 Hermae,
1604 2301 1811 2358 nullius
1846 2316 1968 2358 esse

384 2394 750 2449 auctoritatis.
778 2392 898 2459 Quo
941 2393 1162 2463 quidem
1197 2394 1366 2448 verbo
1395 2393 1520 2449 data
1545 2409 1711 2464 opera
1741 2395 1834 2450 ille
1859 2393 1969 2448 fore

384 2495 532 2541 tasse
558 2501 693 2540 usus
734 2494 839 2550 est,
888 2494 948 2539 ut
972 2485 1348 2540 testimonium
1388 2500 1454 2540 ex
1500 2487 1685 2557 aliquo
1734 2484 1967 2558 hujusce

383 2581 509 2636 libri
537 2581 660 2636 loco
688 2596 716 2634 a
740 2578 1011 2635 Collatore
1033 2574 1330 2650 prolatum,
1356 2579 1494 2634 nihil
1519 2578 1586 2634 ad
1609 2575 1964 2637 asserendam

381 2673 505 2746 ejus
531 2672 846 2743 Opinionem
870 2671 1178 2725 conducere
1212 2670 1544 2725 ostenderet.

878 2783 1278 2840 ARTICULUS
1323 2784 1464 2840 XIII.

373 2923 380 2929 .
459 2882 630 2950 Quam
657 2889 845 2934 temere
867 2880 923 2932 Ιιὶ
951 2879 1073 2933 libri
1106 2896 1138 2932 a
1167 2878 1483 2949 quibusdam
1506 2879 1888 2937 recentioribus
1955 2862 1958 2864 Ὺ

940 2960 1342 3004 contemnuntur
1359 2952 1385 3003 ?

452 3045 588 3100 Cum
621 3061 751 3114 ergo
782 3051 864 3100 tot
894 3043 1151 3098 Ecclesiae
1177 3041 1390 3109 Patres,
1422 3053 1475 3099 et
1504 3043 1874 3115 antiquissimi
1905 3052 1960 3101 et

2089 521 2452 576 Bellarminus
2480 521 2681 576 etenim
2707 528 2762 574 et
2787 521 2878 574 alii
2911 521 3132 590 quidam
3167 520 3423 577 Hennam
3457 522 3667 582 idcirco

2084 613 2288 668 erroris
2314 612 2658 678 insimulant,
2695 611 2842 681 quod
2880 611 2956 666 ibi
2988 612 3223 668 disserat
3248 614 3323 680 ",
3355 616 3420 670 de
3458 617 3664 672 duobus

2083 704 2274 774 geniis,
2304 705 2409 757 sive
2431 702 2634 757 duobus
2661 702 2886 772 angelis,
2917 720 3021 758 uno
3059 703 3197 758 bona
3218 715 3267 760 et
3299 706 3468 761 altera
3497 709 3664 774 male.

2081 795 2304 867 singulis
2323 795 2620 850 hominibus
2651 813 2682 849 a
2701 795 2810 851 Deo
2841 796 3122 851 tribulis...
3149 795 3313 862 Quem
3341 816 3573 856 errorem
3591 817 3659 857 es

2080 888 2177 942 Itoc
2207 897 2424 942 auctare
2439 889 2638 957 accepit
2659 886 2952 942 Cassianus
2972 888 3018 920 “
3043 927 3059 954 ,
3093 900 3143 943 et
3172 901 3292 944 aute
3321 908 3439 945 eum
3473 893 3663 965 ονεοι.

2081 999 2169 1040 nes
2188 985 2253 1038 δι.
2288 981 2363 1037 De
2391 981 2496 1036 hac
2531 989 2712 1036 tamen
2758 980 3016 1050 opinione
3053 983 3132 1036 sic
3175 981 3418 1052 loquitur
3444 984 3668 1042 Cassia-

2080 1073 2268 1139 nus",
2294 1087 2359 1128 ac
2385 1071 2431 1126 si
2459 1085 2580 1126 eam
2613 1086 2723 1124 non
2753 1068 2990 1136 Hermae,
3026 1072 3120 1126 sed
3166 1068 3463 1142 Scriptura:
3489 1091 3665 1134 suem

2078 1165 2402 1221 auctoritate
2431 1163 2701 1217 ﬁrmatam
2733 1177 2856 1218 esse
2889 1162 3232 1219 credidisset.
3266 1163 3469 1220 Deinde
3503 1165 3663 1223 Basi-

2078 1259 2186 1315 lius
2229 1266 2284 1312 et
2325 1256 2625 1328 Gregorius
2647 1252 2928 1327 Nyssenus
2991 1255 3046 1309 in
3109 1257 3297 1311 eadem
3345 1257 3412 1312 de
3448 1258 3664 1316 duobus

2079 1352 2307 1420 angelis,
2335 1367 2442 1405 non
2477 1364 2639 1406 secus
2677 1358 2841 1419 atque
2879 1347 3109 1408 Hermas
3135 1357 3190 1403 et
3229 1349 3513 1421 Origenes,
3536 1362 3666 1406 sunt

2077 1444 2354 1514 Opinione.
2390 1441 2651 1510 Magister
2674 1454 2806 1495 vero
2835 1441 3232 1496 sententiarum
3257 1442 3304 1472 ⁸⁸
3333 1441 3400 1496 de
3423 1443 3511 1497 illa
3536 1452 3657 1498 tau-

2075 1549 2240 1606 quam
2297 1533 2610 1588 nullomodo
2659 1532 3012 1603 improbabili
3059 1532 3324 1602 disputat.
3387 1532 3654 1596 Estius",

2075 1641 2242 1699 porro
2270 1629 2325 1683 id
2373 1628 2642 1683 incertum
2693 1642 2818 1682 esse
2855 1626 3074 1682 asserit.
3110 1625 3237 1682 Haec
3281 1627 3444 1698 igitur
3472 1627 3662 1698 opinio

2068 1719 2354 1775 immerito
2374 1718 2446 1773 ab
2482 1719 2605 1773 aliis
2636 1717 2916 1772 nonnullis
2949 1728 3206 1787 tanquam
3252 1702 3452 1773 noxius
3496 1735 3655 1774 error

2074 1815 2345 1887 rejicitur.
2379 1813 2484 1879 Qui
2505 1813 2663 1883 plura
2687 1811 2755 1868 de
2784 1811 2886 1867 hac
2906 1813 3206 1882 quaestione
3233 1813 3375 1867 scire
3403 1811 3656 1878 voluerit,

2073 1909 2254 1972 adeat,
2290 1907 2334 1962 si
2359 1906 2530 1972 lubet,
2565 1903 2820 1960 Gazzeum
2851 1905 2906 1958 in
2933 1905 3158 1960 citatum
3186 1904 3435 1960 Cassiani
3453 1906 3658 1974 locum,

2072 2009 2128 2057 et
2155 2001 2207 2055 in
2233 2000 2480 2071 ejusdem
2499 1997 2699 2053 Collat.
2728 1997 2816 2064 15,
2847 2012 2970 2067 cap.
3003 1995 3099 2063 ης
3128 1995 3424 2052 Maldonat.
3459 1997 3512 2051 in
3532 2013 3654 2068 cap.

2073 2096 2170 2164 £8;
2204 2095 2357 2150 Matt.
2383 2093 2543 2159 Huet,
2576 2093 2668 2148 lib.
2703 2109 2741 2148 tt
2779 2091 3115 2164 0rigenian.,
3138 2100 3331 2162 quaest.
3358 2092 3414 2159 5,
3442 2090 3472 2164 ἕ
3506 2091 3576 2146 50
3603 2101 3658 2147 et

2068 2195 2322 2260 aequent.

2136 2281 2252 2338 Nec
2298 2269 2824 2353 praetermittendum
2882 2291 2968 2339 est
3015 2281 3282 2350 quosdam
3333 2287 3656 2334 autumasse

2071 2377 2214 2432 hanc
2251 2377 2605 2447 opinionem,
2637 2376 2807 2445 magis
2852 2374 2923 2428 ad
2971 2373 3183 2444 fabulas
3223 2370 3489 2442 falsarum
3529 2373 3655 2427 reli-

2067 2470 2282 2541 gionum
2301 2469 2580 2539 pertinere,
2606 2483 2766 2538 quam
2792 2465 3022 2521 solidum
3045 2467 3098 2520 in
3123 2466 3367 2520 doctrina
3399 2465 3654 2520 Christia-

2067 2579 2138 2618 na
2159 2562 2350 2615 habere
2373 2559 2795 2630 fundamentum.
2830 2556 2936 2613 Sed
2981 2558 3069 2613 cui
3109 2558 3372 2613 credibile
3399 2558 3488 2612 list
3516 2556 3654 2613 Her-

2066 2668 2213 2710 mam
2241 2667 2272 2708 a
2305 2651 2531 2724 paganis
2578 2650 2761 2721 potius
2807 2654 2976 2720 quam
3023 2650 3096 2705 ab
3137 2650 3453 2720 apostolicis
3491 2649 3650 2720 viris,

2065 2746 2170 2802 sibi
2192 2744 2411 2812 comis,
2443 2743 2593 2797 illam
2626 2743 2944 2812 accepisse?
2992 2740 3048 2796 Si
3084 2755 3150 2797 ex
3191 2739 3467 2796 Ambrosii
3505 2739 3650 2796 alio-

1959 2862 1962 2866 η
2062 2853 2319 2909 rumque,
2350 2837 2418 2893 de
2455 2836 2656 2907 quibus
2687 2835 2818 2890 alibi
2848 2835 3165 2905 disputandi
3215 2833 3370 2890 locus
3397 2833 3642 2901 dabitur,

2061 2929 2426 3000 quorumdam
2449 2927 2894 2984 doctissimorum
2921 2923 3147 2981 Patrum
3181 2925 3465 2997 principiis
3487 2941 3650 2997 argu-

2062 3029 2410 3087 mentemur,
2449 3019 2741 3075 dicendum
2772 3027 2860 3074 est
2897 3032 2928 3072 e
2973 3018 3251 3072 contrario
3290 3032 3530 3088 paganos
3574 3015 3646 3072 ab

376 3109 704 3202 doctissimi,
735 3136 1019 3191 utilitatem
1045 3133 1313 3189 librorum
1358 3131 1570 3189 Hermae
1603 3109 1789 3204 aperte
1816 3150 1957 3206 praeh
1983 3131 2028 3192 C
2061 3125 2344 3206 ιυειοιςιιιξ»
2365 3122 2677 3206 “Quonim
2704 3111 2948 3166 ίοηίίδυε
2965 3111 3151 3166 omnia
3175 3109 3427 3166 hau5i558
3453 3109 3648 3181 huius“

376 3230 564 3286 dicent
607 3229 974 3298 laudibusque
1013 3226 1269 3282 maximis
1294 3227 1578 3290 extollant,
1610 3225 1735 3297 quis
1761 3233 1956 3282 recen-

375 3327 582 3382 tiorum
624 3324 984 3396 quorumdam
1023 3323 1366 3392 scriptorum
1400 3322 1757 3378 temeritatem
1787 3320 1956 3378 casti-

376 3417 610 3490 gandam
640 3433 748 3472 non
773 3425 1011 3483 censeat,
1038 3431 1070 3470 a
1094 3416 1293 3486 quibus
1323 3414 1410 3469 hic
1439 3413 1572 3469 liber
1597 3428 1703 3469 non
1737 3427 1956 3470 summo

376 3519 590 3566 tantum
621 3510 955 3580 contemptui
982 3510 1231 3572 habetur,
1278 3523 1469 3563 verum
1501 3507 1664 3562 etiam
1696 3507 1956 3561 audacter

375 3604 990 3674 rcpudiatur,tanquam
1028 3601 1439 3670 supposititius',
1463 3608 1548 3668 et,
1577 3610 1633 3654 ut
1667 3597 1952 3653 verisimile

371 3707 470 3761 est,
506 3698 570 3750 ab
603 3697 864 3751 hwrelicis
891 3696 1226 3764 deprauatus,
1269 3705 1423 3767 atque
1464 3693 1752 3749 hteresibus
1781 3703 1830 3747 et
1862 3692 1950 3763 fa-

371 3789 511 3845 bulis
543 3789 817 3860 oppletus?
847 3787 1045 3844 Verum
1086 3789 1366 3844 enimvero
1414 3787 1747 3858 argumentis
1775 3786 1950 3842 neuti-

369 3899 536 3953 quam
570 3882 886 3952 spernendis
909 3881 1020 3951 jam
1049 3881 1401 3951 probavimus
1436 3881 1587 3934 illum
1617 3879 1831 3934 Hermae
1851 3894 1947 3934 ve-

373 3988 493 4026 rum
522 3971 928 4043 genuinumque
953 3987 1076 4027 esse
1101 3971 1293 4037 fetum,
1319 3970 1658 4043 proindeque
1695 3968 1950 4042 Supposi-

371 4062 535 4118 tionis
560 4071 761 4118 temere
782 4062 1047 4118 accusari.

441 4154 662 4211 Falsum
703 4164 884 4210 autem
932 4165 1016 4210 est
1063 4155 1215 4210 illum
1263 4154 1463 4212 fabulis
1487 4156 1761 4227 cppletum
1801 4171 1943 4222 esse,

365 4248 569 4319 quippe
614 4249 708 4320 qui
739 4249 974 4306 visiones
1012 4253 1222 4306 tantum
1269 4250 1566 4314 contineat,
1593 4267 1731 4321 quas
1777 4251 1944 4305 etiam

369 4358 477 4396 non
503 4344 773 4397 Immerito
792 4343 952 4412 plane
969 4327 1181 4412 jureab
1205 4352 1428 4397 auctore
1456 4351 1748 4410 usurpatas
1780 4342 1943 4412 paulo

2058 3204 2270 3262 cemodi
2297 3203 2562 3258 doctrinae
2587 3205 2867 3273 dogmata.

2563 3312 2964 3371 ARTICULUS
3012 3312 3131 3368 XV.

2334 3429 2449 3484 Hos
2477 3425 2638 3483 libros
2667 3444 2775 3482 non
2802 3428 2978 3498 favere
3008 3426 3348 3482 Novatiattis.

2128 3523 2414 3581 Secundus
2451 3537 2610 3578 error
2657 3521 2818 3592 cujus
2860 3519 3090 3576 Hermas
3132 3520 3382 3590 arguitur
3406 3519 3635 3589 majoris

2053 3616 2298 3688 profecto
2325 3625 2408 3672 est
2436 3615 2720 3670 momenti.
2762 3613 2932 3667 Aiunt
2965 3612 3110 3667 enim
3141 3628 3265 3668 eum
3309 3612 3638 3668 disseruisse

2052 3711 2116 3765 de
2139 3711 2298 3765 unica
2323 3709 2634 3778 paenitentia
2656 3709 2943 3762 secundum
2962 3722 3166 3761 errores
3185 3703 3633 3768 Noratianorttm.

2051 3801 2242 3874 quibus
2268 3801 2352 3854 hic
2383 3799 2520 3854 liber
2547 3799 2760 3852 omnino
2789 3799 2968 3868 favere
2993 3799 3219 3852 videtur.
3251 3796 3356 3852 Sed
3400 3797 3490 3850 hic
3529 3797 3634 3852 mi-

2052 3897 2163 3952 rari
2187 3895 2336 3950 subit
2354 3908 2519 3964 quam
2544 3893 2818 3947 diversum
2855 3892 3185 3962 quandoque
3211 3890 3357 3945 docti
3385 3889 3632 3946 homines

2049 3987 2118 4043 de
2148 4001 2207 4041 rc
2245 4000 2353 4039 una
2394 3991 2558 4054 atque
2595 3983 2808 4048 eadem,
2866 3997 2968 4038 nec
2999 3981 3159 4051 plane
3188 3981 3445 4047 obscura,
3483 3980 3634 4052 judi-

2047 4079 2195 4136 cium
2227 4079 2424 4134 i‘erant.
2466 4075 2839 4131 Tertullianus
2880 4074 3025 4129 enim
3059 4071 3274 4128 Hermae
3313 4074 3629 4144 opinionem

2047 4170 2365 4228 Novatianis
2389 4185 2420 4226 e
2438 4169 2709 4225 diametro
2732 4167 3035 4238 oppositam
3061 4166 3327 4221 attribuit.
3351 4168 3402 4221 ls
3426 4167 3629 4237 quippe

2009 4285 2024 4303 κ
2046 4281 2171 4323 cum
2190 4264 2670 4331 Montanistarum,
2693 4267 2880 4318 eadem
2900 4257 3358 4316 cum‘Novatianis
3373 4260 3440 4315 de
3463 4261 3628 4315 unica

2044 4357 2365 4428 poenitentia
2379 4354 2756 4419 sentientium,
2778 4367 3018 4407 errorem
3048 4354 3388 4421 amplexatus
3409 4349 3624 4416 fuisset,

366 4443 492 4489 ante
509 4436 550 4466 δι
578 4437 937 4491 ostendimus.
969 4435 1188 4491 Falsum
1215 4445 1299 4490 est
1327 4450 1544 4506 quoque
1572 4435 1720 4488 hunc.
1740 4435 1940 4490 librum

2057 4445 2185 4500 nihil
2208 4444 2358 4499 aliud
2383 4443 2681 4500 Catholicis
2711 4441 2924 4497 Hermae
2946 4443 3323 4497 auctoritatem
3357 4440 3460 4510 ipsi
3487 4441 3625 4511 obji-

363 4527 436 4582 ab
467 4527 734 4584 ltzrreticis
759 4529 1113 4600 depravatum
1148 4529 1336 4596 fuisse,
1369 4539 1428 4584 ut
1449 4541 1636 4600 aperte
1657 4530 1937 4600 colligitur

362 4634 432 4673 ex
461 4620 627 4675 variis
655 4619 878 4675 Patrum
901 4622 1250 4688 testimoniis,
1274 4637 1340 4676 ex
1358 4621 1614 4677 omnibus
1645 4622 1790 4678 illius
1808 4639 1937 4693 par-

362 4708 510 4763 tibus
536 4710 857 4780 desumptis,
884 4726 1007 4779 qua:
1037 4711 1109 4765 ibi
1141 4720 1303 4781 prout
1333 4712 1400 4766 ab
1428 4712 1508 4766 eis
1537 4713 1748 4782 prolata
1787 4722 1937 4779 sunt,

361 4800 582 4856 totidem
609 4802 787 4857 verbis
813 4803 1178 4872 reperiuntur.
1210 4803 1395 4874 Neque
1426 4813 1606 4860 tamen
1639 4805 1801 4860 iidem
1830 4805 1937 4860 Pa-

361 4901 476 4946 tres
503 4893 570 4946 de
616 4893 991 4948 haereticorum
1036 4894 1478 4964 corruptiouibus
1527 4911 1767 4966 unquam
1804 4911 1939 4951 con-

357 4985 539 5056 questi
563 4993 724 5051 sunt;
758 5001 857 5040 nec
881 4987 1022 5042 ullus
1063 4989 1264 5058 poterit
1285 4988 1580 5058 aliquando
1607 4991 1761 5048 locus
1788 4993 1931 5048 assi-

355 5076 540 5149 gnari,
573 5075 665 5146 qui
688 5079 756 5132 ab
785 5077 1053 5135 haereticis
1075 5081 1148 5136 sit
1173 5080 1521 5150 depravatus.

858 5192 1256 5250 ARTICULUS
1291 5192 1433 5250 XIV.

354 5281 470 5359 Hos
495 5282 657 5359 libros
685 5284 862 5358 plenos
889 5303 1001 5359 non
1031 5305 1143 5359 esse
1172 5289 1477 5353 haresibus,
1511 5295 1560 5342 el
1605 5289 1775 5358 primo
1803 5291 1924 5359 qui-

424 5353 722 5430 deineirca
744 5358 988 5430 angelum
1027 5358 1218 5413 bonum
1251 5369 1302 5412 et
1329 5359 1533 5413 malum
1573 5353 1793 5430 singulis
1813 5353 1928 5414 Ἰιο-

402 5425 652 5481 amnibus
683 5425 964 5484 tributum.

421 5540 640 5599 Falsum
689 5554 772 5599 est
816 5546 1051 5618 denique
1095 5547 1348 5604 eumdem
1377 5547 1578 5604 librum
1625 5546 1928 5604 haeresibus

445 5723 486 5756 "
503 5742 645 5795 sup.,
684 5736 787 5780 art.
838 5728 922 5781 li.

1001 5729 1044 5759 ⁵⁸
1064 5727 1134 5782 De
1183 5730 1427 5798 scriptor.
1449 5731 1634 5787 eccles.
1713 5730 1864 5784 "lib.
1899 5747 1957 5794 tt,
1989 5730 2229 5784 mandat.
2273 5730 2325 5784 6.
2405 5729 2666 5784 “Collat.
2702 5747 2777 5795 vt,
2835 5746 2885 5785 c.
2929 5730 3017 5784 2.7.

2045 4537 2320 4594 cientibus
2351 4537 2664 4606 respondet,
2715 4551 2879 4604 quam
2922 4535 3075 4588 illum
3106 4533 3352 4603 ejusdem
3383 4548 3508 4587 cum
3540 4535 3621 4590 eis

2041 4624 2455 4695 indulgentioris
2481 4639 2603 4679 esse
2631 4624 2912 4679 sententia:
2933 4633 2990 4678 et
3010 4624 3287 4693 opinionis
3309 4641 3323 4677 :
3349 4623 3618 4688 Cederem,

2040 4718 2220 4789 inquit
2240 4715 2306 4783 ⁸⁸,
2341 4716 2459 4782 tibi,
2489 4716 2536 4769 si
2562 4717 2826 4785 scriptura
2866 4714 3110 4769 Pastoris
3136 4755 3153 4781 ,
3185 4731 3304 4785 qua:
3344 4715 3463 4769 sola
3502 4731 3622 4769 mae-

2038 4810 2160 4864 chos
2186 4820 2354 4874 amat,
2384 4807 2726 4863 mertﬁsset...
2769 4808 3013 4862 adultera
3050 4817 3101 4861 et
3140 4809 3280 4876 ipsa,
3309 4819 3358 4861 et
3381 4809 3501 4862 inde
3522 4825 3621 4879 pa-

2042 4912 2196 4958 trona
2225 4903 2514 4957 sociorum.
2540 4900 2929 4955 Verumtamen
2965 4901 3183 4970 utrique
3223 4917 3252 4955 a
3285 4901 3508 4974 veritate
3547 4917 3617 4956 ex

2041 5011 2201 5066 aequo
2227 4996 2506 5050 aberrant.
2543 4992 2608 5048 Et
2635 4991 3006 5049 Tertullianus
3037 4993 3280 5063 quidem,
3324 4992 3417 5063 qui
3449 4994 3616 5049 tradit

2041 5090 2320 5158 Hermam,
2352 5105 2418 5146 eo
2447 5090 2594 5161 quod
2642 5103 2745 5144 nec
2773 5077 3106 5143 Montanista
3147 5104 3249 5144 nec
3277 5089 3615 5146 Novatianus

2039 5191 2208 5250 esset,
2237 5182 2464 5238 lenioris
2492 5179 2937 5250 remissiorisque
2962 5177 3136 5236 inisse
3155 5181 3442 5250 opinionis
3473 5199 3487 5246 ;
3519 5182 3613 5238 alii

2035 5291 2166 5332 vero
2188 5273 2282 5344 qui
2309 5274 2460 5327 illum
2491 5272 2546 5326 in
2577 5271 2905 5327 severiorem
2941 5279 2997 5326 et
3035 5271 3388 5328 durissimam
3429 5271 3607 5328 Nova-

2033 5367 2307 5421 tianorum
2341 5365 2590 5420 haeresim
2620 5363 2849 5434 pedibus
2880 5363 3044 5419 ivisse
3068 5372 3342 5419 asserunt.
3369 5363 3480 5419 Hos
3510 5371 3599 5419 ct-

2031 5458 2177 5512 enim
2203 5457 2362 5526 plane
2385 5455 2551 5510 falsos
2579 5470 2702 5510 esse
2725 5454 2849 5509 inde
2877 5453 3118 5525 proiecto
3140 5456 3428 5524 evincitur,
3457 5459 3606 5527 quod

2033 5549 2262 5605 Hermas
2291 5549 2408 5605 suis
2438 5548 2492 5603 in
2524 5548 2679 5602 libris
2717 5563 2784 5603 eo
2815 5548 3085 5618 praecipue
3113 5548 3368 5603 collineet
3389 5557 3449 5603 ut
3480 5565 3607 5620 pec-

3093 5728 3165 5784 Ιη
3210 5728 3323 5783 Ιςα.
3383 5747 3477 5799 ιιι,
3509 5731 3600 5789 12.

347 5794 548 5850 “libro
577 5796 652 5852 De
695 5796 815 5852 Vita
844 5797 1063 5870 ﬂagris.
1141 5794 1297 5857 “lib.
1324 5817 1362 5857 ιι
1391 5801 1532 5858 Sent.
1608 5802 1650 5837 ⁸⁷
1673 5803 1728 5858 iu
1768 5801 2018 5859 eumdem
2049 5799 2197 5858 Sent.
2235 5801 2330 5858 lib.
2361 5818 2419 5858 ιι.
2447 5801 2514 5868 ,‘8
2531 5802 2625 5857 lib.
2657 5800 2733 5856 De
2766 5794 3030 5874 pudicit,
3061 5817 3182 5874 cap.
3218 5800 3304 5856 10.
3347 5815 3357 5821 '
