4010 6150
437 302 541 371 8t?

1893 290 1945 349 5.
1983 289 2244 346 llERM/‘E

3594 281 3713 336 8J8.

439 432 658 483 catena
695 418 763 478 ad
795 417 1191 489 penitentiam,
1218 414 1376 485 cujus
1397 427 1499 482 ope
1518 423 1710 465 omnes
1735 408 2013 462 rcmissio-
2045 413 2086 470 Α
2190 406 2247 460 Si
2276 407 2443 460 instes
2469 404 2724 460 Hermum
2750 402 2880 460 alibi
2912 402 3202 474 scripsisse
3222 400 3269 436 "
3309 420 3323 456 :
3369 401 3444 459 Hi
3470 408 3565 476 qui
3605 423 3703 461 co-

440 532 564 572 rtem
597 523 943 585 peccatorum
976 518 1328 566 assecuturos
1354 522 1478 561 esse
1504 504 1809 574 pollicetur,
1848 517 2015 571 agen-

440 608 565 663 dam
598 605 859 675 impellat.
900 602 1245 672 Quapmpter
1281 598 1475 653 Pastor
1507 596 1711 665 ubique
1736 596 1804 649 ab
1825 610 1892 648 eo
1917 608 2016 646 vo-

438 710 625 762 catur,
660 696 937 761 Nuntius,
980 694 1295 764 prwpositus
1340 689 1695 760 paenitentia,
1737 695 2018 754 totamque

438 788 954 847 commentationem
981 801 1137 839 suam
1159 784 1243 837 his
1262 782 1441 835 verbis
1463 777 1795 835 concludit"
1819 796 1831 830 :
1855 775 2019 830 Cum-

436 900 536 955 que
567 883 779 938 vidisset
810 880 1062 933 Dominus
1104 876 1295 930 bonam
1344 884 1501 944 atque
1533 888 1723 941 puram
1764 871 2018 940 paeniten-

439 975 572 1029 tiam
609 986 811 1037 eorum,
836 978 886 1023 et
910 983 1063 1038 posse
1089 982 1173 1020 eos
1206 964 1263 1017 in
1289 979 1351 1017 ea
1385 975 1709 1031 permanere.
1734 958 1900 1027 jussit
1926 971 2018 1010 eo-

439 1073 797 1137 rum-peccata
832 1060 1017 1115 deleri.
1048 1058 1260 1124 Quibus
1296 1070 1429 1109 sane
1462 1051 1644 1106 verbis
1681 1047 2017 1104 Novatiano-

440 1176 564 1217 rum
596 1172 752 1213 error
786 1153 1032 1209 funditus
1057 1149 1340 1205 evertitur.

513 1271 781 1343 Objicitnr
815 1278 996 1324 tamen
1029 1264 1181 1318 illum
1219 1266 1405 1329 aperte
1438 1255 1644 1312 dixisse
1674 1273 1687 1310 :
1716 1252 1890 1309 Servis
1924 1250 2021 1305 Dei

442 1383 551 1422 una
576 1362 882 1436 pauitantia
898 1366 996 1414 est.
1032 1355 1235 1410 Verum
1268 1351 1443 1406 sancti
1471 1350 1682 1414 Patres,
1715 1346 1810 1418 qui
1837 1344 2017 1415 plura,

445 1469 507 1516 ut
528 1458 780 1529 superius
808 1453 1016 1509 dictum
1048 1458 1152 1515 est,
1187 1463 1251 1502 ex
1288 1447 1391 1501 hoc
1416 1444 1561 1499 libro
1590 1441 1905 1497 testitttonia
1926 1454 2023 1493 ex-

443 1553 803 1619 scripserunt,
846 1544 984 1600 nihil
1024 1543 1076 1598 in
1127 1555 1195 1595 eo
1235 1536 1519 1592 Novatiani
1560 1533 1750 1589 veneni
1796 1532 2024 1586 subesse

443 1642 706 1713 suspicati
736 1646 886 1696 sunt.
918 1636 1031 1691 Cur
1064 1649 1196 1704 ergo
1221 1630 1439 1687 unicam
1469 1627 1668 1683 dixerit
1701 1638 1827 1680 esse
1850 1622 2025 1694 paeni-

445 1738 691 1797 tentiam,
723 1730 926 1788 clarius
967 1724 1225 1797 explicari
1282 1738 1387 1777 non
1420 1728 1620 1791 potest,
1645 1732 1809 1787 quam
1840 1713 2023 1769 verbis
2057 1752 2099 1808 Β

446 1826 740 1892 Ambrosii,
770 1824 1031 1879 adversus
1055 1819 1315 1889 ipsosmet
1340 1812 1676 1868 Novatiauos
1712 1808 1794 1864 sic
1836 1805 2026 1875 dispu—

447 1922 612 1978 tantis
632 1920 676 1953 ⁸⁸
711 1935 724 1971 :
760 1915 972 1979 Merito,
1006 1911 1205 1982 inquit,
1238 1907 1686 1978 reprehenduntur
1713 1901 1804 1973 qui
1829 1900 2026 1969 saepius

453 2012 713 2085 agendam
734 2005 1091 2080 paenitentiam
1119 2009 1386 2071 putant...
1414 1997 1539 2069 quia
1572 1998 1705 2049 sicut
1742 2008 1908 2045 unum
1927 1990 2026 2042 ba—

452 2083 672 2177 ptisma,
703 2102 783 2156 ita
835 2116 942 2153 una
984 2096 1290 2158 pmnitentt‘a
1317 2106 1434 2161 qua:
1476 2098 1648 2142 tamen
1676 2084 1882 2155 publice
1919 2083 2028 2152 agi-

451 2171 562 2261 tur,
600 2209 725 2248 nam
750 2187 1048 2262 quotidiani
1075 2202 1167 2239 nos
1197 2182 1346 2236 debet
1374 2181 1618 2251 paenitere
1645 2176 1844 2247 peccati
1877 2190 1893 2227 :
1937 2171 2029 2226 sed.

450 2290 561 2344 lucc
594 2285 904 2340 delictorum
949 2275 1341 2339 leviorum,illa
1369 2273 1693 2345 graviorum.
1740 2262 2029 2321 Ambrosio

453 2380 754 2436 concinunt
786 2385 841 2431 et
868 2374 959 2429 alii
987 2372 1164 2428 sancti
1188 2368 1403 2429 Patres,
1433 2372 1494 2419 ut
1522 2379 1621 2418 nos
1646 2357 1941 2430 aliquando
1961 2355 2031 2411 ad

454 2475 601 2529 hunc
629 2468 867 2526 doctoris
907 2463 1079 2520 nostri
1122 2462 1303 2516 locum
1339 2455 1771 2514 observavimus.
1803 2449 2033 2506 Hermas

454 2567 619 2636 igitur
638 2562 825 2618 eodem
857 2574 922 2614 ac
953 2556 1277 2612 Ambrosius
1306 2567 1468 2609 sensu
1513 2549 1692 2605 dixit:
1722 2545 1898 2636 servis
1933 2542 2032 2636 Dei

452 2633 565 2713 tuta
586 2650 892 2725 paenitentia
906 2656 1005 2715 est,
1029 2645 1313 2711 nimirum,
1345 2656 1464 2711 quc
1492 2650 1671 2694 tamen
1684 2634 1891 2707 publice
1917 2633 2033 2703 agi-

459 2761 567 2803 tur.

531 2854 899 2914 Verisimilius
957 2848 1183 2905 forsitan
1231 2844 1362 2901 illud
1407 2841 1570 2913 obiici
1622 2848 1826 2912 posset,
1884 2836 2033 2908 quod

460 2953 600 3007 idem
628 2947 857 3004 Hermas
882 2944 948 3000 de
977 2938 1292 3009 transfugis,
1317 2937 1421 2991 hoc
1442 2944 1543 2999 est,
1567 2950 1597 2989 a
1622 2932 1929 2987 Christiana
1950 2945 2035 2984 re-

461 3038 663 3116 ligione
698 3038 982 3112 apostatis,
1027 3032 1290 3090 tradidit:
1322 3028 1655 3099 Transfuga,
1694 3042 1758 3079 ac
1804 3024 2033 3093 nefanda

461 3140 748 3210 loquentes,
776 3142 825 3187 et
866 3129 1161 3200 proditores
1189 3137 1456 3179 servorum
1485 3120 1602 3187 Dei,
1630 3117 1740 3174 illis
1762 3116 2038 3188 proposita

462 3207 604 3285 mors
640 3235 741 3291 est,
775 3220 1083 3294 paenitentia
1107 3232 1212 3271 non
1242 3222 1350 3269 "est.
1380 3212 1527 3266 Idem
1559 3210 1704 3264 enim
1750 3208 1823 3262 ibi
1846 3207 2042 3263 docere

460 3322 677 3378 videtur
701 3314 845 3388 quod
872 3314 1026 3367 inttto
1049 3308 1273 3364 haeresis
1296 3320 1412 3361 sua:
1429 3301 1741 3367 Novatiani,
1767 3315 2038 3371 nusquam

468 3410 725 3469 Ecclesiae
750 3406 979 3476 ejusque
1032 3400 1300 3456 ministris
1329 3407 1650 3450 concessam
1682 3407 1715 3445 a
1750 3390 1861 3444 Deo
1890 3399 2042 3460 pote-

465 3506 658 3560 statrém
688 3494 991 3555 dimittendi
1024 3499 1241 3564 peccata
1276 3486 1600 3550 libellaticis,
1625 3483 1967 3552 thuriﬁcatis,
1991 3491 2040 3537 et

404 3568 405 3575 χ
464 3595 723 3668 apostatis
750 3589 947 3646 Christi
975 3600 1162 3640 nomen
1183 3580 1537 3651 ejurantibus.
1559 3578 1629 3630 At
1650 3574 2045 3645 respondemus

468 3692 523 3746 itt
556 3704 622 3745 eo
639 3686 875 3757 positum
899 3694 1114 3748 semper
1138 3676 1309 3731 fuisse
1324 3686 1569 3728 errorem
1588 3668 2041 3731 Novatianorum,

469 3781 618 3854 quod
650 3775 999 3850 pertinaciter
1039 3767 1453 3831 contenderent,
1482 3778 1823 3834 quaecunque
1862 3761 2042 3833 poeni-

468 3850 642 3930 tentia
675 3871 873 3923 horum
898 3861 1192 3918 criminum
1227 3865 1498 3927 ageretur,
1529 3854 1599 3908 ab
1634 3852 1702 3908 iis
1735 3862 1919 3906 tamen
1948 3850 2045 3905 ab~

472 3961 720 4022 solvendi
763 3955 1038 4013 ministris
1064 3951 1323 4006 Ecclesia:
1360 3954 1609 4017 negatam
1648 3958 1771 3999 esse
1810 3942 2045 3998 faculta-

474 4068 606 4114 tem.
640 4053 841 4109 Verum
868 4049 921 4104 id
950 4046 1261 4101 nullatenus
1300 4039 1516 4110 negavit
1554 4036 1817 4103 Hermas,
1859 4044 2046 4106 utpote

472 4151 568 4223 qui
600 4142 980 4204 tantummodo
1002 4136 1203 4195 dixerit
1223 4152 1241 4187 :
1260 4133 1453 4188 Illis...
1484 4130 1790 4199 paenitentia
1812 4145 1914 4183 non
1943 4138 2045 4193 est,

476 4220 585 4298 hoc
612 4248 718 4303 est,
750 4235 894 4289 Deus
917 4231 999 4287 eis
1023 4230 1192 4293 illam,
1225 4241 1335 4297 qua
1364 4224 1577 4278 veniam
1619 4220 2047 4276 absolutionem-

473 4348 581 4403 qne
610 4337 957 4401 peccatorum
987 4328 1415 4388 consequantur,
1441 4314 1789 4369 occasionem
1815 4310 2049 4366 faculta-

476 4437 697 4493 temque
720 4435 828 4474 non
851 4414 1113 4472 concedet
1144 4431 1157 4466 :
1187 4410 1292 4475 vel,
1325 4419 1386 4465 ut
1416 4410 1533 4478 ipse
1560 4406 1802 4476 loquitur
1825 4405 1872 4437 ⁵⁸
1905 4422 1920 4458 :
1946 4403 2049 4458 De-
2084 4434 2126 4489 η

475 4517 554 4571 dit
578 4512 824 4583 spiritum
836 4508 935 4573 eis,
963 4505 1053 4576 qui
1076 4503 1225 4573 digni
1250 4509 1422 4567 erant,
1443 4515 1593 4569 agere
1616 4498 2046 4567 paenitentiam...

478 4611 549 4666 At
577 4620 804 4679 quorum
834 4601 1039 4671 aspexit
1063 4597 1266 4661 dolum,
1293 4604 1344 4649 et
1369 4592 1745 4647 animadvertit
1770 4591 1839 4645 ad
1860 4607 1915 4645 se
1944 4590 2050 4660 [al—

474 4700 666 4756 laciter
703 4708 1017 4758 reversuros,
1045 4688 1247 4758 negavit
1281 4686 1356 4741 eis
1382 4687 1451 4739 ad
1472 4684 1830 4753 paenitentiam
1851 4699 2051 4752 regres-

480 4807 619 4847 sum.
644 4787 800 4856 Quod
822 4786 987 4840 etiam
1008 4779 1354 4842 Ambrosius,
1389 4778 1482 4833 ubi
1507 4775 1844 4833 Novatianos
1867 4774 2050 4829 acrius

484 4882 812 4953 insequitur,
845 4887 899 4933 et
922 4877 990 4932 de
1033 4872 1370 4942 blasphemia
1398 4871 1452 4925 ιιι
1503 4869 1767 4941 Spiritum
1796 4875 2049 4925 sanctum

480 4977 743 5047 disputat,
776 4969 941 5026 simili
964 4967 1128 5022 modo
1150 4964 1283 5020 dicit
1306 4966 1351 4998 "
1384 4980 1400 5015 :
1443 4961 1556 5016 Hos
1590 4977 1711 5031 ergo
1741 4964 1832 5031 qui
1854 4961 1950 5013 hoc
1978 4959 2051 5013 lo-

480 5074 733 5139 quuntur,
755 5068 908 5131 negat
932 5056 1176 5113 Christus
1193 5054 1261 5107 ad
1276 5054 1478 5107 veniam
1500 5052 1775 5121 pertinere.
1802 5048 1867 5103 Et
1890 5049 2053 5119 paulo

480 5173 606 5233 post
620 5155 711 5211 ubi
726 5155 793 5209 de
807 5150 1077 5208 haereticis
1095 5164 1161 5203 ac
1183 5144 1545 5202 scltismaticis
1559 5143 1775 5197 disserit
1794 5159 1812 5195 ;
1830 5140 2053 5208 Quibus,

483 5253 579 5317 ait,
607 5246 990 5317 indulgentiam
1014 5254 1190 5312 negat.
1221 5238 1361 5305 Quid
1387 5238 1533 5291 ettim
1566 5235 1710 5291 aliud
1738 5237 1852 5290 hinc
1889 5234 2054 5288 verba

483 5351 705 5407 sonant,
735 5354 900 5410 quam
942 5335 1093 5407 quod
1130 5334 1208 5388 ait
1251 5329 1481 5386 Hermas
1517 5343 1535 5382 :
1582 5326 1702 5382 Illis
1748 5325 2054 5397 poenitentia

484 5453 590 5493 non
608 5443 687 5490 est
704 5434 729 5488 Ρ

494 5568 497 5569 ⁷
561 5570 722 5625 “lib.
775 5586 871 5636 ιιι,
920 5584 1043 5638 cap.
1094 5567 1148 5621 9.
1228 5570 1273 5601 '°
1302 5567 1398 5622 lib.
1431 5582 1469 5622 ιι
1516 5564 1593 5619 De

2116 508 2403 571 gnoverunt
2448 497 2756 561 Dominum,
2796 507 2848 552 et
2887 496 3160 551 mirabilia
3209 495 3325 565 ejus
3355 498 3624 564 viderunt,
3656 502 3710 553 ss'

2117 592 2354 662 nequiter
2377 591 2577 656 vivant,
2603 589 2765 659 duplo
2795 589 3025 657 amplius
3051 589 3357 656 punientur,
3380 598 3431 641 et
3453 590 3558 657 ipsi
3583 604 3707 643 nso—-

2118 686 2320 747 rientur
2342 684 2396 738 in
2430 700 2618 751 terum,
2643 681 2959 753 responderi
2981 681 3198 752 quidem
3234 691 3418 751 posset
3441 678 3711 735 Hel-mam

2121 777 2194 831 ibi
2230 776 2299 830 de
2328 776 2421 830 illo
2452 783 2673 845 peccato
2713 774 2885 844 loqui,
2935 773 3079 845 quod
3129 772 3378 835 nonnulli
3409 770 3624 838 Patres,
3660 772 3714 826 si

2118 868 2438 923 doctissimo
2468 866 2682 922 Morino
2698 867 2744 898 "‘
2766 866 2900 921 tides
2930 864 3179 920 habenda
3209 862 3300 929 sit,
3336 880 3582 933 unquam
3612 880 3714 918 re-

2120 960 2260 1015 mitti
2298 974 2459 1029 posse
2492 958 2896 1013 int‘tciabantur.
2924 954 3094 1012 Nobis
3121 963 3304 1010 autem
3335 970 3465 1009 vero
3486 955 3715 1011 videtur

2120 1050 2381 1117 similius,
2416 1050 2529 1106 illic
2559 1066 2867 1106 sermonem
2899 1050 2966 1104 de
2992 1049 3060 1103 iis
3105 1056 3316 1103 tantum
3353 1048 3568 1113 haberi,
3608 1045 3715 1118 qui

2122 1145 2176 1200 in
2204 1144 2319 1215 ipsa
2354 1142 2614 1214 peccandi
2647 1140 2924 1197 voluntate
2969 1156 3145 1212 usque
3187 1140 3256 1195 ad
3305 1149 3538 1195 mortem
3581 1156 3716 1210 per-

2122 1244 2441 1292 severantes
2466 1275 2481 1299 ,
2513 1234 2567 1288 in
2598 1233 2770 1299 finali,
2804 1242 2863 1287 ut
2898 1232 3094 1298 aiunt,
3146 1231 3551 1303 impmnitentia
3584 1247 3716 1285 tuo.

2122 1328 2362 1383 riuntur.

2614 1442 3015 1499 AR‘PICULUS
3074 1442 3213 1498 XVI.

2126 1537 2352 1595 Eosdem
2366 1536 2534 1593 libros
2560 1539 2826 1620 immerito
2842 1538 3073 1620 alierum
3095 1535 3451 1608 quorumdam
3468 1549 3714 1588 errorum

2780 1625 3039 1663 tttcusart.

2198 1698 2427 1755 Rivetus
2453 1699 2655 1769 aliique
2683 1698 2931 1754 nonnulli
2956 1698 3289 1753 Calvinianm
3331 1705 3495 1752 sectae
3528 1696 3717 1750 homi-

2128 1810 2226 1849 nes
2243 1792 2498 1848 Hermam
2526 1793 2757 1847 aliorum
2776 1793 3141 1861 quorumdam
3163 1790 3712 1848 incusanterrorutn,

2124 1883 2332 1955 quibus
2357 1898 2493 1938 sana
2512 1883 2695 1952 potius
2716 1882 3039 1952 integraque
3066 1880 3187 1950 ejus
3213 1879 3464 1934 doctrina
3489 1876 3713 1947 probari

2128 1976 2385 2033 omnibus
2408 1975 2585 2030 debet.
2621 1975 2677 2029 ld
2700 1975 2842 2029 enim
2870 1974 2957 2027 ille
2986 1972 3389 2044 arguituqnod
3422 1969 3491 2024 ab
3520 1979 3721 2023 aucto-

2131 2086 2187 2125 re
2212 2077 2424 2133 nostro,
2456 2077 2641 2122 contra
2664 2056 2908 2137 Apostoli
2932 2081 3243 2120 consensum
3275 2063 3541 2117 astruitur
3583 2061 3721 2116 libe-

2131 2178 2248 2216 rant
2284 2160 2588 2226 arbitrium,
2636 2160 2871 2215 solitudo
2908 2158 3224 2223 monastica,
3258 2166 3307 2211 et
3345 2156 3718 2227 purgatorium

2131 2259 2195 2311 ab
2223 2272 2329 2311 anu
2358 2255 2587 2327 quadam
2611 2255 2809 2309 visione
2836 2254 3001 2307 tertia
3035 2253 3345 2306 revelatum.
3384 2251 3489 2307 Sed
3514 2252 3723 2321 quibus

2132 2350 2185 2405 in
2226 2350 2361 2405 locis
2399 2349 2511 2405 duo
2551 2348 2767 2417 priora,
2799 2356 2859 2400 ιιι
2907 2344 3128 2400 Rivetus
3166 2344 3429 2416 loquitur,
3460 2358 3726 2398 errorum

2132 2443 2311 2515 capita
2334 2442 2585 2498 docuerit
2616 2437 2865 2505 Hermas,
2895 2438 2965 2493 ab
2995 2452 3061 2493 eo
3089 2437 3283 2491 nullibi
3314 2436 3615 2490 indicatum
3646 2436 3732 2489 le-

2131 2531 2331 2604 gitnus.
2379 2530 2520 2597 Quid
2566 2544 2698 2600 ergo
2748 2528 2899 2584 hisce
2938 2528 2992 2582 in
3034 2527 3189 2581 libris
3223 2535 3419 2582 contra
3467 2524 3727 2595 Apostoli

2133 2636 2462 2678 consensum
2496 2618 2564 2675 de
2618 2620 2792 2674 libero
2838 2618 3067 2673 arbitrio
3116 2627 3420 2683 astruatur,
3467 2616 3728 2671 divinare

2122 2731 2243 2771 .non
2271 2730 2600 2786 possumus;
2631 2714 2736 2767 nisi
2780 2712 2921 2767 forte
2948 2712 3080 2766 illud
3122 2713 3213 2778 sit,
3242 2712 3390 2782 quod
3415 2711 3729 2767 Cassianus

2135 2808 2221 2863 bis
2236 2807 2419 2861 verbis
2447 2804 2613 2860 refert
2633 2805 2681 2837 "
2705 2822 2720 2859 :
2743 2804 3003 2874 Adjacere
3022 2814 3197 2859 autent
3228 2805 3428 2858 homini
3442 2806 3495 2857 in
3524 2821 3728 2875 quam-

2134 2900 2261 2955 libet
2297 2907 2501 2969 partem
2530 2898 2697 2952 animi
2741 2897 3042 2952 libertatem
3081 2899 3245 2952 etiam
3291 2896 3423 2952 liber
3478 2896 3594 2964 ille,
3625 2901 3727 2969 qui

2137 2991 2335 3046 dicitur
2347 2988 2615 3054 Pastoris,
2646 2989 2978 3058 apertissime
3007 2988 3178 3055 docet,
3207 2990 3262 3043 in
3287 3004 3389 3059 quo
3415 2989 3521 3041 duo
3544 2991 3730 3058 angeli

2066 3096 2111 3156 ρ
2143 3084 2426 3154 unicuique
2465 3092 2708 3135 nostrum
2732 3080 3002 3135 adlicerere
3031 3081 3304 3146 dicuntur,
3337 3080 3393 3133 id
3414 3089 3513 3145 est,
3553 3081 3732 3134 bonus

2144 3195 2206 3232 ac
2229 3177 2439 3240 malus;
2470 3176 2527 3230 in
2550 3176 2784 3239 ~hominis
2806 3190 2923 3229 vero
2960 3175 3171 3245 optione
3206 3176 3511 3240 consistere,
3540 3184 3598 3227 ut
3621 3174 3730 3227 eli-

2144 3281 2256 3344 gat,
2281 3285 2435 3342 quem
2468 3278 2743 3339 sequatur.
2796 3267 2873 3321 Ex
2925 3266 3012 3321 his
3038 3266 3239 3337 quippe
3268 3264 3510 3321 Pastoris
3542 3266 3730 3322 verbis

2143 3364 2254 3418 duo
2278 3359 2445 3417 inlert
2473 3360 2772 3422 Cassianus
2791 3357 2858 3411 ⁵⁷.
2895 3358 2950 3411 l°
2984 3356 3051 3410 Et
3081 3358 3281 3411 idcirco
3318 3367 3493 3410 manet
3528 3358 3585 3411 in
3625 3357 3730 3411 lto-

2144 3460 2283 3518 mine
2320 3473 2523 3527 semper
2553 3455 2777 3509 liberum
2825 3453 3145 3518 arbitrium,
3186 3451 3327 3523 quod
3355 3453 3583 3524 gratiam
3625 3451 3731 3507 Dei

2143 3549 2435 3622 possitvel
2484 3547 2742 3617 negligere
2785 3545 2864 3600 vel
2912 3562 3126 3611 amare,
3176 3543 3230 3598 id
3280 3552 3365 3599 est
3394 3532 3552 3613 juxta
3604 3544 3732 3615 ejus

2146 3651 2407 3715 mentem,
2440 3641 2669 3713 gratiam
2708 3636 2802 3692 Dei
2838 3639 3046 3708 absque
3069 3637 3179 3692 ulla
3210 3638 3571 3706 praeveniente
3597 3654 3729 3707 gra-

2147 3735 2220 3797 tia
2244 3750 2449 3789 amare.
2476 3734 2532 3786 2°
2564 3732 2743 3787 [nesse
2771 3731 2970 3785 homini
2989 3732 3161 3785 omnia
3183 3732 3378 3785 animle
3400 3734 3733 3786 naturaliter

2145 3830 2398 3883 virtutum
2419 3826 2645 3889 semina,
2669 3824 2914 3894 beneﬁcio
2939 3824 3207 3899 Creatoris
3233 3826 3455 3880 inserta.
3478 3825 3582 3880 Sed
3612 3826 3734 3881 btet

2148 3918 2486 3974 consectaria
2533 3916 2783 3971 Cassiani
2832 3925 2998 3982 sunt,
3035 3917 3263 3971 minime
3303 3931 3436 3971 vero
3484 3918 3732 3971 auctoris

2149 4012 2344 4078 nostri,
2369 4011 2463 4079 qui
2497 4026 2595 4064 nec
2621 4009 2789 4064 citato
2820 4009 2963 4073 loco,
3009 4021 3109 4064 nec
3156 4009 3282 4064 alibi
3317 4010 3617 4081 quidquam
3664 4012 3732 4065 de

2148 4103 2319 4158 libero
2350 4102 2578 4156 arbitrio
2600 4100 2777 4164 docet,
2809 4100 2862 4153 in
2894 4114 3004 4169 quo
3030 4100 3100 4153 ab
3146 4100 3413 4171 Apostolo
3437 4100 3728 4155 doctrina-

2148 4212 2256 4267 que
2277 4194 2578 4251 orthodoxa
2613 4202 2988 4250 transversum
3018 4208 3257 4263 unguem
3284 4191 3619 4248 discesserit.

2220 4288 2362 4356 Quid
2404 4301 2535 4342 vero
2582 4284 2805 4340 Rivetus
2848 4302 2946 4356 per
2972 4286 3323 4341 solitudinem
3354 4285 3726 4340 monasticam

2152 4382 2256 4437 sibi
2284 4380 2431 4445 velit,
2464 4396 2570 4434 non
2618 4386 2795 4449 potest
2825 4376 2980 4432 facile
3004 4377 3243 4433 deliniri.
3278 4375 3341 4432 Et
3366 4392 3495 4433 vero
3527 4376 3571 4431 si
3602 4392 3732 4430 mo-

2152 4476 2482 4544 nasterium,
2512 4476 2596 4531 vel
2643 4474 3009 4529 monasticum
3059 4471 3370 4526 institutum
3426 4471 3513 4526 his
3546 4471 3736 4525 verbis

2154 4570 2441 4641 intelligat,
2465 4584 2533 4623 ne
2570 4568 2740 4622 hilum
2780 4567 3000 4637 quidem
3029 4582 3093 4621 ea
3119 4566 3187 4621 de
3213 4581 3269 4621 re
3293 4566 3437 4636 apud
3469 4563 3730 4620 Hei-mam

2155 4661 2393 4731 reperire
2415 4668 2518 4715 est.
2548 4642 2605 4713 Si
2646 4666 2829 4714 autem
2861 4660 2929 4712 de
2953 4657 3250 4713 Christiani
3281 4673 3312 4712 a
3344 4657 3533 4712 mundi
3559 4673 3731 4728 nego-

2156 4752 2247 4806 tiis
2267 4760 2321 4807 et
2344 4750 2670 4806 tumultibus
2691 4766 2909 4805 secessu
2941 4749 3171 4804 Rivetus
3190 4751 3466 4821 loquatur,
3491 4751 3635 4806 hunc
3656 4752 3734 4805 ab

2156 4845 2418 4914 apostolis
2447 4844 2811 4914 omnibusque
2830 4841 3085 4898 Ecclesia:
3102 4843 3425 4899 doctoribus
3450 4860 3732 4900 commen-

2157 4936 2299 5004 dari,
2334 4952 2531 5007 negare
2552 4937 2679 5007 quis
2708 4936 2941 4990 audeat?

2228 5048 2474 5119 Denique
2503 5048 2547 5104 si
2582 5047 2809 5119 Hermas
2839 5049 3220 5119 purgatorium
3261 5050 3465 5105 alicubi
3494 5062 3733 5117 asserat,

2160 5139 2252 5195 ille
2277 5140 2412 5195 nihil
2456 5138 2700 5211 profecto
2730 5140 2834 5194 nisi
2864 5154 3061 5195 sanum
3088 5142 3315 5197 omnino
3353 5152 3411 5198 et
3446 5147 3607 5212 plane
3636 5158 3739 5196 or-

2162 5233 2462 5287 thodoxum
2489 5229 2748 5287 statuisse
2768 5232 3033 5288 dicendus
3066 5242 3171 5291 est.
3214 5233 3470 5289 Attamen
3515 5236 3737 5290 sincero

2160 5325 2408 5381 veritatis
2426 5340 2611 5380 amore
2636 5324 2808 5392 ducti,
2841 5324 3072 5381 libenter
3099 5325 3335 5381 fatemur
3360 5328 3417 5381 in
3448 5342 3539 5395 eo,
3566 5344 3734 5397 quem

2162 5415 2347 5470 laudat
2369 5415 2616 5481 Rivetus,
2641 5415 2853 5472 Hermae
2882 5416 3003 5473 loco
3030 5432 3139 5473 non
3166 5420 3235 5474 de
3263 5419 3602 5490 purgatorio,
3631 5422 3733 5474 sed

1643 5564 2002 5640 paenit.,_ca_p.
2032 5560 2118 5627 10,
2214 5561 2323 5640 15..
2380 5563 2423 5640 ξ’
2445 5561 2539 5640 lib.
2575 5577 2654 5625 nt,
2679 5538 2890 5640 similit.
2923 5560 3370 5640 8.-_."li_b._su_p.
3398 5562 3491 5617 cit.
3516 5576 3638 5640 cap.
3669 5559 3735 5621 ι.

492 5641 659 5695 Nunt.
699 5657 811 5696 ml
858 5632 914 5693 ct
965 5632 1108 5692 x'xtv.
1185 5639 1340 5693 "lib.
1369 5653 1451 5704 ut,
1485 5632 1694 5691 similit.
1722 5634 1776 5689 8.
1853 5634 2012 5685 “lib.
2046 5634 2217 5704 tx_l)c
2254 5633 2561 5688 administr.
2608 5633 2817 5700 panit.,
2846 5632 3078 5702 capiti.
3154 5632 3356 5687 “Crit.
3400 5648 3512 5687 sec.
3553 5633 3649 5687 lib.
3688 5648 3733 5696 t,

493 5728 613 5780 cap.
652 5712 738 5764 l2.
813 5709 1071 5763 "Collat.
1110 5707 1198 5776 15,
1236 5726 1284 5763 c.
1336 5708 1421 5761 12.

1502 5709 1543 5739 ⁸⁷
1568 5707 1664 5759 lib.
1700 5721 1777 5771 ιι,
1820 5704 2063 5759 mandat.
2097 5701 2150 5754 6.
