4010 6150
331 330 438 388 848
1580 323 1668 377 P.\
1676 321 1878 378 STOR.
1906 355 1914 362 -

2019 318 2375 375 PliOtEMH.
3487 312 3602 367 ’880

340 460 410 503 ne
437 443 758 516 paenitentia
786 443 840 497 iu
866 443 973 497 hoe
988 440 1111 496 vitae
1142 455 1307 496 cursu
1327 440 1557 510 agenda,
1578 446 1635 493 et
1657 438 1724 493 de
1746 436 1921 507 poenis
1953 454 1993 510 Α
2026 450 2148 490 rum
2178 430 2534 489 constituitur
2559 434 2836 493 naturam,
2868 426 2958 483 hic
2978 427 3169 497 procul
3194 426 3364 484 dubio
3388 426 3573 483 inerea
3589 455 3605 468 -

339 556 467 610 quae
493 539 685 595 eodem
711 539 831 593 vita:
858 548 1104 606 tempore
1134 533 1452 590 hominibus
1484 533 1554 589 ob
1583 547 1775 588 eorum
1798 546 1925 602 pec-
2025 539 2137 596 tus,
2165 537 2405 583 aeternus
2434 533 2489 580 et
2525 537 2779 579 summus
2803 536 3205 593 supremusque
3232 521 3378 585 Deus
3402 521 3605 577 asseri-

342 640 466 687 cata
502 630 843 701 inﬂiguntur,
871 626 1301 696 disputationem
1332 624 1566 683 institui.
2024 630 2134 677 tur.
2166 620 2300 688 Quis
2325 631 2561 683 namque
2592 623 2838 671 creatum
2863 614 3004 669 inter
3026 623 3080 669 et
3110 614 3437 675 inereatum,
3464 613 3607 666 inter

836 717 1239 776 ARTICULUS
1261 717 1426 775 XVll.
1902 756 1905 759 μ
2026 713 2196 769 Deum
2212 720 2597 767 et-creaturam
2629 708 2765 763 nihil
2786 706 3012 761 omnino
3039 706 3279 761 medium
3296 720 3421 761 esse
3447 705 3606 774 igno‘

488 816 565 872 De
596 816 759 873 variis
796 814 1120 873 editionibas
1142 824 1192 869 et
1221 814 1361 869 notis
1393 814 1448 867 in
1475 813 1569 869 hos
1595 811 1780 867 libros.
2029 807 2150 861 rat?
2179 804 2424 874 Denique
2468 801 2721 857 eumdem
2774 799 2869 855 Dei
2920 798 3119 853 Filium
3163 798 3230 853 ad
3265 797 3605 853 condendam

420 910 684 978 Quamvis
719 908 773 963 hi
796 908 922 964 libri
952 907 1142 964 Graeco
1178 907 1439 963 idiomate
1464 906 1652 975 scripti
1676 903 1790 974 jam
1821 903 1926 958 dn-
2020 907 2335 955 creaturam
2367 894 2512 951 Patri
2554 909 2659 949 suo
2689 900 2895 948 aeterno
2922 889 3167 947 adfuisse
3196 890 3291 959 qui
3341 888 3529 953 tradit,
3559 887 3609 943 is

346 1004 476 1059 dum
526 1001 825 1073 perierint,
891 1000 1109 1056 illorum
1165 1010 1348 1055 tamen
1399 998 1617 1069 jactura
1672 995 1926 1052 resarciri
2028 992 2272 1066 profecto
2296 991 2447 1046 illum
2464 988 2612 1044 Patri
2640 1002 2744 1043 suo
2768 994 3101 1042 comteruum
3127 982 3440 1039 lirmlssime
3459 995 3613 1037 asso-

348 1103 835 1164 utcunquepotest
868 1093 1035 1149 variis
1074 1092 1393 1148 earumdem
1424 1090 1770 1161 fragmentis,
1806 1104 1929 1159 qua:
2018 1094 2203 1142 verat.

351 1201 459 1239 non
490 1185 654 1241 modo
680 1185 732 1240 in
763 1184 1277 1254 antiquissimorum
1305 1182 1564 1239 Ecclesia:
1590 1184 1814 1237 Patrum
1847 1183 1930 1237 lu-
2103 1176 2307 1231 Eodem
2343 1174 2503 1244 plane
2545 1186 2711 1227 sensu
2749 1168 2979 1226 Hermas
2997 1167 3254 1236 Superius
3274 1166 3488 1222 dixerat
3508 1165 3553 1203 ”
3590 1182 3608 1221 τ

338 1274 787 1340 cubrationibus,
818 1290 1009 1329 verum
1038 1274 1201 1329 etiam
1240 1274 1294 1328 in
1320 1273 1797 1344 pseudepigrapho
1826 1288 1926 1342 po-
2035 1265 2099 1321 In
2129 1265 2305 1321 servili
2347 1264 2644 1319 conditione
2673 1279 2775 1316 non
2804 1261 3018 1331 ponitur
3057 1257 3104 1314 F
3108 1259 3233 1318 ilius
3277 1257 3393 1323 Dei,
3439 1256 3528 1311 sed
3557 1257 3612 1311 in

348 1369 625 1425 tissimum
665 1368 905 1437 quodam
943 1368 1151 1431 libello,
1198 1367 1255 1422 in
1304 1366 1601 1428 novissima
1640 1366 1930 1421 Athanasii
2018 1374 2226 1429 magna
2256 1366 2588 1427 potestate,“
2619 1355 2862 1425 imperio.
2893 1353 3097 1408 Omnes
3127 1353 3328 1422 quippe
3347 1358 3614 1407 creatura:

350 1460 592 1530 ορει-ιιηι
633 1461 876 1516 editione
905 1476 935 1515 α
968 1462 1174 1515 nostris
1215 1460 1481 1514 adornata
1511 1459 1580 1523 η,
1632 1474 1809 1529 nuper
1848 1458 1932 1515 ἀί-
2036 1448 2146 1537 Deo
2174 1449 2441 1514 serviunt,
2463 1448 2714 1518 quoniam
2745 1446 2947 1511 omnia,
2971 1444 3050 1500 uti
3070 1445 3138 1500 de
3170 1443 3281 1499 Deo
3308 1443 3455 1498 canit
3468 1440 3615 1498 Psan

350 1552 791 1625 vulgato’cme
809 1554 1108 1624 Latineque
1130 1553 1273 1608 edim
1296 1553 1584 1609 habemus.
1610 1551 1778 1625 Typis
1805 1568 1933 1607 νει-ο
2035 1533 2196 1596 mista
2220 1541 2288 1607 θ’,
2322 1540 2556 1596 serviunt
2585 1537 2699 1594 tibi.
2728 1536 2833 1604 Qui
2868 1552 3000 1607 ergo
3028 1537 3084 1591 in
3106 1535 3284 1591 servili
3312 1533 3617 1625 conditione

349 1624 618 1701 duntaxat
659 1645 868 1702 Latinis
919 1645 1080 1700 iidem
1124 1644 1337 1700 Hermas
1378 1646 1501 1701 libri
1546 1624 1681 1701 editi
1713 1655 1843 1701 sunt
1876 1645 1931 1700 in
2036 1647 2139 1684 ⁸³οη
2161 1631 2377 1700 Poni!"
2405 1630 2474 1695 "v
2503 1628 2592 1684 hic
2616 1639 2871 1685 creatura
2895 1642 3133 1683 necesse
3154 1642 3255 1682 “ec
3281 1624 3389 1681 δῖοί
3415 1634 3612 1695 90W-

357 1737 890 1809 Orthodoxographia
916 1746 971 1794 et
1003 1738 1417 1809 Htereseologia,
1467 1748 1631 1807 atque
1659 1737 1712 1793 in
1746 1737 1930 1792 omni-
2035 1724 2141 1791 Ουί
2173 1733 2357 1779 autem
2401 1731 2653 1779 creatura
2682 1737 2810 1777 esse
2839 1730 2895 1777 ει
2932 1720 3042 1777 (“Ci
3072 1720 3284 1791 "equiti
3320 1720 3413 1779 m9
3459 1724 3612 1774 cem

340 1830 459 1885 bus
499 1839 812 1885 sanctorum
857 1828 1081 1885 Patrum
1112 1829 1486 1894 Bibliothecis,
1518 1844 1619 1883 nec
1645 1844 1753 1883 non
1786 1826 1930 1897 apud
1964 1817 2005 1872 Β
2036 1816 2183 1873 Deus
2205 1816 2321 1887 ipse
2355 1826 2459 1872 est.

352 1921 684 1977 Cotelerium
714 1923 855 1977 inter
882 1920 1057 1991 Opera
1087 1929 1401 1977 sanctorum
1428 1919 1651 1975 Patrum
1679 1920 1771 1991 qui
1803 1930 1935 1975 tem-
2078 1948 2081 1957 λ
2106 1931 2221 2003 Age
2249 1944 2402 1997 νει-θν
2430 1930 2477 1987 εί
2500 1929 2588 1986 his
2612 1929 2873 2003 omnibus
2897 1935 2953 1984 οι
2984 1928 3090 1983 alia
3120 1927 3370 1998 adjicias,
3400 1942 3524 1998 qua
3550 1924 3621 1982 de

349 2013 567 2081 poribus
591 2014 898 2081 apostolicis
915 2014 1232 2081 ﬂoruerunt.
1251 2011 1513 2067 Privatim
1531 2021 1715 2067 autem
1744 2008 1932 2066 excusi

2034 2024 2226 2079 eodem
2245 2023 2336 2079 Dei
2357 2023 2492 2080 Filio
2513 2025 2582 2079 ah
2605 2033 2829 2080 auctore
2852 2033 3043 2080 nostro
3061 2024 3263 2093 scrlpta
3287 2023 3517 2093 legimus
3534 2020 3615 2075 ’δε

352 2115 505 2172 sunt,
536 2116 766 2161 curante
796 2105 995 2169 Fabro.
1031 2105 1259 2161 Parisiis
1309 2103 1453 2174 apud
1485 2103 1780 2159 Henrieum
1807 2101 1933 2157 Ste-

2040 2114 2107 2169 ln
2130 2132 2345 2186 magna,
2372 2116 2568 2186 inquit,
2581 2127 2658 2170 est
2687 2125 2946 2187 potestate
2963 2114 3246 2185 etimperio
3267 2131 3285 2180 ;
3307 2114 3435 2169 alibi
3462 2128 3614 2168 vero:

353 2197 597 2266 phanum
632 2211 779 2252 anno
812 2197 972 2262 l5l'5,
1006 2208 1170 2266 atque
1199 2213 1229 2251 a
1255 2194 1481 2250 Nieolao
1527 2193 1800 2257 Herbelio,
1831 2192 1935 2247 Ar-

2041 2203 2247 2261 Nomen
2283 2205 2415 2260 Filii
2443 2206 2537 2261 Dei
2567 2224 2815 2277 magnum
2840 2216 2937 2268 est.
2961 2216 3010 2260 et
3039 2208 3374 2270 immensum,
3402 2215 3451 2260 et
3478 2215 3618 2259 totus

348 2290 646 2359 gentorati,
688 2305 835 2345 anno
873 2288 1054 2355 1522;
1095 2288 1293 2344 deinde
1329 2288 1478 2342 curis
1517 2285 1779 2356 Gasparis
1805 2284 1931 2338 Bar-

2038 2297 2105 2352 ab
2140 2313 2200 2352 eo
2250 2307 2582 2353 sustentatur
2622 2298 2800 2364 orbis;
2832 2315 2897 2353 ae
2944 2299 3204 2354 continuo
3238 2307 3360 2369 post
3388 2316 3401 2353 :
3432 2298 3619 2354 Omnis

352 2382 485 2447 thii,
531 2383 794 2454 Cygnese,
825 2398 976 2439 anno
1006 2381 1140 2437 I655
1163 2423 1180 2449 ,
1222 2380 1498 2451 publicam
1533 2380 1858 2449 prodierunt
1882 2377 1935 2430 in

2039 2385 2138 2441 Dei
2168 2396 2415 2441 creatura
2443 2404 2535 2457 per
2561 2386 2768 2442 Filium
2798 2390 2912 2458 ejus
2942 2398 3289 2454 sustentatur,
3325 2389 3407 2444 his
3440 2388 3621 2444 verbis

357 2474 559 2531 lucem.
1456 2504 1459 2505 ν
2030 2494 2316 2533 summam
2351 2480 2497 2534 illius
2521 2480 2862 2536 divinitatem
2889 2490 3076 2550 aperte
3108 2480 3416 2535 renuntiari
3445 2481 3621 2534 fatea-

431 2566 685 2623 Barthius
728 2583 860 2623 vero
905 2566 1421 2623 animadversiones
1454 2564 1507 2618 in
1551 2564 1701 2618 hunc
1736 2561 1934 2618 librum
2041 2571 2139 2633 ris.
2169 2572 2396 2625 omnino
2430 2585 2652 2626 necesse
2696 2579 2801 2626 est.
2848 2571 2948 2625 Cui
3002 2572 3172 2638 enim,
3208 2572 3404 2626 amabo
3443 2580 3515 2635 te,
3555 2585 3621 2624 ea

354 2659 545 2723 edidit,
592 2660 689 2716 sed
731 2660 821 2715 ille
863 2676 972 2715 non
1017 2659 1295 2714 immerito
1338 2673 1369 2713 a
1401 2656 1676 2712 Cotelerio
1716 2654 1936 2710 critic”
2040 2663 2231 2717 omnia
2257 2662 2552 2718 convenite
2600 2672 2853 2732 possunt,
2902 2663 3010 2718 nisi
3040 2679 3172 2717 vero
3206 2662 3297 2717 Dei
3332 2662 3489 2728 Filio,
3527 2661 3621 2733 qui

355 2753 622 2808 minorum
664 2755 895 2825 gentium
949 2762 1202 2808 vocatur.
1236 2751 1302 2807 Et
1339 2760 1487 2806 certe
1527 2749 1940 2805 observationes
2037 2754 2285 2825 ejusdem
2336 2771 2461 2811 cum
2508 2754 2670 2811 Patre
2714 2756 2787 2813 sit
2832 2756 3245 2821 immensitatis,
3275 2754 3621 2822 teternitatls,

351 2844 476 2914 ejus
524 2862 718 2915 parum
765 2846 944 2917 digna:
989 2853 1140 2909 sunt,
1183 2844 1386 2915 quibus
1433 2841 1679 2913 legendis
1721 2848 1939 2905 tempus
2042 2848 2327 2917 potestatis
2348 2858 2399 2903 et
2435 2848 2688 2904 natum?

352 2943 555 3015 aliquis
579 2942 875 3013 impendat.
907 2939 1013 2995 Sed
1041 2939 1263 2996 lectoris
1295 2938 1593 2993 attentione
1609 2952 1736 2992 vere
1760 2936 1940 3005 dignae
2113 2938 2235 2995 Non
2283 2940 2592 2995 audiendus
2625 2942 2810 3012 itaque
2838 2941 3041 3011 impius
3073 2940 3261 2996 nescio
3298 2940 3425 3011 quis
3459 2939 3621 2997 Soci-

353 3046 484 3095 sunt
511 3036 685 3107 ipsius
716 3033 975 3090 Cotelerii
1009 3032 1413 3095 adnotationes,
1449 3030 1602 3084 varia
1630 3027 1940 3083 eruditione
2040 3034 2263 3098 nianus,
2297 3034 2389 3103 qui
2425 3033 2584 3088 nobis
2608 3048 2892 3104 perperam
2915 3033 3138 3104 objieiat
3162 3031 3358 3087 Filium
3398 3030 3492 3087 Dei
3517 3032 3625 3087 ibi-

353 3140 411 3188 et
448 3130 699 3187 doctrina
742 3126 976 3198 refertae.
1015 3124 1277 3191 Quaedam
1319 3130 1501 3176 tamen
1547 3121 1778 3174 minoris
1809 3128 1940 3228 sunt
1966 3169 2009 3228 ο
2042 3124 2165 3177 dem
2210 3123 2280 3177 ab
2311 3120 2510 3177 llerma
2543 3139 2762 3228 ser‘vum
2811 3123 3095 3193 appellari,
3127 3122 3231 3228 .qui
3282 3130 3405 3193 post
3460 3138 3620 3178 suam

352 3222 628 3285 utilitatis,
650 3234 955 3290 parumque
986 3216 1054 3270 ad
1082 3214 1337 3270 Hei-mam
1369 3220 1643 3284 spectant,
1670 3226 1773 3265 nec
1798 3210 1940 3264 mul-
1968 3209 2009 3228 ν
2044 3220 2256 3267 tantum
2288 3222 2517 3266 mortem
2548 3227 2578 3265 a
2602 3209 2762 3265 Patre
2790 3226 2956 3282 super
2977 3210 3237 3280 populum
3270 3225 3428 3264 suum
3462 3218 3621 3279 pote-

355 3322 478 3371 tum
507 3312 576 3368 ad
602 3311 751 3366 illius
783 3319 965 3365 textus
989 3307 1430 3376 explanationem
1460 3304 1797 3360 conducunt.
2045 3312 2240 3359 statem
2283 3318 2501 3356 omnem
2549 3301 2841 3371 acceperit.
2885 3300 3140 3370 Nunquid
3191 3301 3337 3355 enim
3389 3298 3625 3357 Hermas

844 3421 1240 3485 ARTIQULUS
1267 3420 1456 3476 XVI".
2045 3411 2172 3451 eum
2207 3394 2428 3461 ibidem,
2483 3394 2626 3449 sicut
2659 3392 2919 3485 vidimus,
2944 3392 3083 3485 dixit
3116 3406 3137 3485 :7
3174 3390 3239 3445 in
3284 3391 3463 3485 servili
3494 3407 3621 3446 cou-

399 3517 565 3574 Nova:
590 3518 1000 3579 observationes,
1036 3484 1098 3569 ac
1126 3516 1299 3586 primo
1325 3515 1389 3569 de
1417 3514 1620 3569 Christi
1637 3515 1911 3585 sanctique
2042 3488 2246 3586 45550"
2267 3504 2372 3541 ποθ’
2400 3487 2616 3586 Ρ⁰¹¹ί¹³¹ην
2643 3484 2822 3586 Fui“?
2844 3484 2970 3586 Pe"
2996 3484 3101 3586 sibi
3130 3484 3232 3555 iPSi
3253 3484 3495 3586 ξιξῗυ-Γδθ
3519 3499 3622 3553 Ρ¹¹⁹

875 3575 1110 3656 Spiritus
1126 3575 1435 3641 divinitate.
1822 3575 1834 3585 ’
2045 3581 2267 3652 tideque
2288 3580 2689 3635 eontradixisse
2718 3577 3123 3634 existimandus
3154 3577 3276 3632 est?
3305 3575 3439 3643 Quis
3471 3590 3624 3631 sanae

431 3679 607 3746 Quam
641 3694 773 3735 sana
810 3688 864 3734 et
895 3679 964 3733 ab
1003 3678 1152 3733 omni
1196 3678 1400 3734 erroris
1428 3678 1745 3749 suspicione
1771 3694 1941 3732 vacua
2047 3674 2250 3729 mentis
2274 3674 2442 3728 homo
2476 3672 2527 3727 id
2580 3687 2825 3742 unquam
2854 3686 3124 3734 asserere,
3157 3670 3268 3725 imo
3294 3669 3623 3739 cogitatione

357 3782 415 3828 et
445 3788 577 3843 pura
617 3772 783 3827 fuerit
811 3770 1023 3827 Henna:
1051 3772 1118 3827 de
1148 3786 1401 3842 suprema
1432 3770 1635 3826 Christi
1659 3770 1945 3827 divinitate
2040 3770 2343 3839 animoque
2410 3768 2615 3839 ﬁngere
2664 3767 2896 3822 audeat?
2937 3766 3071 3834 Quis
3095 3782 3224 3821 vero
3252 3766 3297 3821 si
3330 3765 3479 3820 hunc
3524 3780 3624 3819 au-

362 3862 654 3926 sententia,
685 3861 771 3917 his
800 3860 1079 3926 Petavius,
1117 3861 1333 3916 tametsi
1363 3861 1501 3916 alias
1533 3860 1943 3917 Ante-Nictenis
2044 3863 2215 3917 ctorls
2233 3862 2404 3917 nostri
2435 3862 2614 3916 locum
2646 3861 2818 3931 aequis
2847 3876 3085 3931 unquam
3112 3860 3301 3929 legerit
3325 3858 3523 3921 oculis,
3550 3858 3623 3913 ibi

359 3953 617 4010 Patribus
642 3970 833 4024 parum
864 3954 1065 4009 lavisse
1088 3954 1355 4019 videatur,
1390 3954 1571 4009 verbis
1596 3955 1802 4009 diserte
1843 3968 1941 4009 ex-
2046 3954 2309 4009 continuo
2344 3968 2450 4008 non
2480 3952 2879 4008 animadvertat
2908 3962 3199 4022 utrumque
3221 3952 3404 4007 abillo
3431 3951 3498 4006 de
3523 3950 3625 4005 du-

363 4046 526 4115 plicat
553 4046 600 4078 "
635 4063 649 4100 ε
690 4046 767 4099 Ab
789 4046 1183 4113 vetustissimis,
1210 4045 1407 4115 inquit,
1427 4046 1685 4100 laudatur
1718 4047 1945 4116 seripto-
2044 4045 2392 4118 pliciChristi
2420 4054 2615 4101 natura
2639 4061 2764 4102 cum
2806 4048 3045 4103 humana
3094 4056 3211 4102 tum
3266 4046 3451 4101 divina
3480 4052 3627 4099 recte

364 4138 604 4193 ribus....
638 4153 730 4191 nec
752 4137 817 4190 ab
843 4136 955 4190 ullo
986 4136 1203 4192 lueresis
1229 4137 1435 4206 falsive,
1472 4139 1704 4192 maxime
1727 4139 1791 4193 de
1822 4137 1945 4192 Tri-
2049 4140 2315 4193 traditum
2370 4150 2423 4195 et
2471 4141 2912 4210 pronuntiatum.
2968 4137 3443 4207 Quemadmodum
3474 4136 3624 4191 enim

364 4232 533 4286 nitate
568 4229 855 4300 dogmatis,
875 4228 1215 4283 insimulatus
1265 4238 1365 4285 est.
1420 4236 1503 4283 An
1564 4245 1696 4285 vero
1740 4230 1945 4287 nullius
2045 4230 2303 4289 Christus
2324 4235 2394 4288 ab
2418 4235 2538 4304 ipso
2565 4236 2866 4291 secundum
2890 4235 3130 4288 divinam
3158 4248 3314 4287 suam
3347 4240 3625 4294 naturam,

364 4339 558 4394 reapse
582 4322 788 4377 erroris
817 4320 1045 4377 Hermas
1072 4338 1103 4377 a
1124 4337 1401 4392 quoquam
1435 4331 1726 4378 accusatus
1746 4322 1838 4388 sit,
1876 4339 1942 4377 ex
2046 4332 2192 4379 omni
2212 4336 2460 4384 creatura
2485 4329 2776 4399 antiquior,
2809 4328 2863 4381 in
2881 4325 3059 4381 servili
3084 4326 3384 4381 conditione
3400 4339 3504 4376 non
3533 4337 3627 4389 po-

366 4413 452 4467 his
481 4427 604 4482 qu:e
630 4427 661 4466 a
692 4410 853 4465 nobis
903 4411 1180 4481 disputata
1208 4419 1337 4467 sunt
1365 4411 1519 4474 nulli,
1558 4411 1632 4465 uti
1664 4419 1941 4480 putamus,
2049 4420 2215 4484 nitur,
2249 4418 2323 4472 ita
2354 4420 2656 4474 secundum
2694 4420 2996 4473 humanam
3041 4435 3220 4474 servus
3254 4416 3352 4471 Dei
3383 4413 3626 4485 appella-

366 4504 666 4558 obscurum
696 4518 817 4558 esse
848 4502 1027 4558 debet.
1056 4501 1235 4569 Quam
1262 4512 1407 4558 recte
1432 4511 1615 4558 autem
1661 4503 1729 4558 de
1757 4502 1939 4557 divina
1973 4520 2018 4575 ι)
2049 4516 2136 4561 tus
2151 4507 2335 4562 est.Et
2361 4509 2412 4563 id
2438 4511 2656 4579 quidem
2681 4511 2883 4566 clarius
2914 4526 3079 4582 quam
3108 4510 3394 4580 ipsiusmet
3416 4506 3628 4561 Hermze

365 4594 571 4649 Christi
600 4604 793 4649 natura
817 4594 906 4650 ille
932 4595 1186 4659 senserit,
1213 4610 1375 4650 nemo
1404 4596 1511 4651 nisi
1539 4594 1851 4650 Sociniana:
1879 4610 1945 4651 ac
2052 4598 2234 4653 verbis
2270 4600 2531 4671 explicari
2574 4618 2681 4657 non
2728 4611 2908 4672 potest
2942 4617 2957 4655 :
2995 4601 3108 4656 Hoc
3149 4618 3295 4671 ergo,
3332 4597 3586 4671 inquit“
3608 4640 3624 4664 .

367 4684 794 4741 dementissima:
824 4686 1146 4740 temeritatis
1173 4688 1339 4740 homo
1365 4701 1606 4756 unquam
1638 4686 1940 4757 negaverit.
2053 4690 2255 4747 Christi
2293 4709 2485 4763 corpus
2511 4696 2565 4748 in
2588 4697 2728 4767 quod
2751 4696 2997 4749 inductus
3027 4704 3104 4750 est
3131 4694 3367 4765 Spiritus
3410 4699 3625 4747 sanctus

366 4780 509 4848 Quid
534 4780 701 4845 enim,
732 4794 940 4849 quaeso,
972 4779 1039 4834 ad
1072 4794 1343 4836 summam
1368 4779 1572 4834 Christi
1602 4779 1943 4835 divinitatem
2051 4785 2263 4837 servivit
2289 4783 2369 4838 illi
2410 4783 2660 4854 Spiritui,
2686 4796 2821 4841 recte
2852 4788 2909 4840 in
2950 4788 3207 4841 modestia
3248 4784 3547 4853 ambulans,
3576 4794 3627 4839 et

366 4875 527 4945 plane
543 4871 1056 4936 declarandam.his
1071 4872 1314 4928 auctoris
1339 4873 1513 4927 nostri
1537 4873 1716 4929 verbis
1742 4874 1945 4930 clarius
2048 4884 2215 4941 caste,
2257 4881 2417 4946 neque
2458 4878 2672 4933 omnino
2710 4880 2996 4934 maculavit
3037 4878 3299 4950 Spiritum
3328 4877 3625 4934 illum......

364 4964 806 5023 etdilueidius“
837 4983 849 5019 :
886 4962 1061 5019 Filius
1106 4965 1317 5035 quidem
1358 4962 1456 5018 Dei
1507 4968 1651 5019 omni
1694 4976 1945 5020 creatura
2052 4967 2338 5023 Advocavit
2369 4985 2492 5040 ergo
2516 4968 2737 5036 Filium,
2766 4981 2817 5025 et
2861 4974 3075 5025 nuntios
3114 4971 3307 5037 bonos;
3345 4980 3404 5025 ut
3427 4980 3477 5025 et
3503 4969 3627 5023 huic

364 5058 638 5127 antiquior
665 5067 765 5122 est,
797 5058 877 5112 ita
914 5068 973 5112 ut
1023 5058 1080 5111 in
1124 5058 1347 5111 consilio
1388 5056 1543 5111 Patri
1583 5073 1680 5111 suo
1707 5058 1941 5127 adfuerit
2050 5058 2252 5114 scilicet
2294 5063 2523 5131 corpori,
2570 5063 2710 5132 quod
2749 5064 2960 5118 servivit
3006 5062 3237 5134 Spiritui
3285 5072 3472 5117 sancto
3513 5062 3628 5115 sine

365 5152 439 5208 ad
482 5152 808 5206 condendam
841 5163 1167 5207 creaturam.
1223 5150 1328 5218 Qui
1386 5150 1584 5205 Filium
1637 5150 1731 5207 Dei
1790 5151 1941 5207 omni
2049 5152 2282 5223 querela,
2311 5152 2461 5207 locus
2486 5154 2679 5226 aliquis
2718 5156 3041 5210 consistendi
3064 5157 3302 5222 daretur,
3336 5171 3398 5208 ne
3423 5154 3617 5208 videret-

366 5254 616 5301 creatura
640 5245 772 5300 dicit
799 5245 1184 5314 antiquiorem,
1226 5245 1274 5300 is
1298 5253 1443 5300 certe
1469 5259 1594 5299 eum
1619 5253 1769 5299 extra
1792 5258 1944 5300 crea-
2053 5255 2143 5298 tur
2172 5247 2459 5302 mercedem
2487 5250 2755 5303 servitutis
2791 5265 2902 5304 sua:
2928 5249 3241 5319 perdidisse.
3270 5246 3496 5316 Accepit
3523 5260 3623 5298 au-

366 5347 616 5393 turarum
647 5337 893 5391 omnium
923 5353 1236 5402 numerant,
1279 5352 1344 5393 ac
1376 5352 1540 5406 supra
1568 5336 1783 5391 illarum
1810 5352 1943 5393 eon—
2052 5348 2160 5395 tem
2182 5350 2237 5396 et
2265 5352 2389 5412 post
2415 5352 2647 5398 mortem
2680 5358 2838 5398 suam
2868 5343 3008 5398 idem
3036 5342 3242 5398 Christi
3273 5357 3494 5412 corpus.
3525 5342 3626 5395 hu-

364 5431 631 5486 ditionem
674 5439 730 5485 et
774 5439 1027 5485 naturam
1066 5445 1190 5485 esse
1236 5442 1424 5499 aperte
1467 5428 1808 5499 pronuntiat.
1838 5429 1945 5496 Qui
2044 5449 2323 5505 manaque
2359 5435 2604 5506 ejusdem
2651 5444 2849 5491 natura
2891 5451 3111 5491 omnem
3157 5450 3325 5506 super
3362 5434 3624 5505 populum

365 5534 549 5580 autem
581 5532 735 5578 extra
769 5532 1145 5579 creaturarum
1196 5538 1485 5579 numerum
1505 5565 1522 5591 ,
1548 5530 1603 5579 et
1633 5537 1799 5592 supra
1825 5523 1944 5577 illa—
2051 5536 2398 5597 potestatem,
2425 5528 2642 5584 tametsi
2664 5526 3295 5600 ipsemethristus,qui
3320 5527 3625 5584 secundum

440 5641 485 5715 ξ’
504 5651 637 5715 tom.
661 5638 715 5715 ῃ
738 5638 1160 5715 Oper.__AtItan.,_
1180 5655 1302 5715 pag.
1322 5639 1438 5715 ἓξὲξ
1461 5653 1513 5715 t_‘t
1545 5640 1747 5715 scq.__"
1765 5638 1950 5715 Petav.
1978 5651 2110 5700 tom.
2146 5642 2187 5697 ll
2231 5643 2407 5699 Tlteol.
2450 5644 2652 5715 dogm..
2686 5641 2837 5715 praef.
2866 5658 2984 5715 cap.
3011 5641 3220 5715 ‘2,§_76.
3269 5642 3419 5715 “lib.
3450 5657 3509 5715 ιι,
3542 5643 3626 5715 si_-

370 5711 488 5765 mil.
513 5712 567 5777 9,
595 5716 625 5813 §
653 5711 742 5765 1‘2.
785 5695 860 5793 ’ξ’
880 5712 972 5768 lib.
1002 5728 1085 5779 m,
1118 5695 1281 5769 simil?
1317 5695 1426 5780 ἧς
1462 5711 1493 5763 7
1554 5695 1560 5696 ί
1595 5695 1637 5743 ⁸⁵
1661 5711 1801 5766 l'sal.
1834 5728 1953 5767 ωτι

374 5778 403 5849 ᾗ
436 5782 515 5841 Η.
618 5783 767 5839 'loc.
793 5792 885 5839 ett.

2040 5695 2112 5772 ei
2224 5695 2381 5770 util}.
2397 5695 2505 5781 tu,
2521 5695 2702 5771 ἔίίιίῖιῖ
2720 5695 2792 5781 ϋξ
2816 5712 2844 5786 §
2873 5695 2984 5771 ti.
3016 5695 3210 5769 fit'iib.
3242 5695 3333 5783 m,
3356 5695 3524 5769 smul.
3569 5711 3623 5777 7.
