4010 6150
553 317 651 379 851

554 436 796 493 divlnam
843 451 1000 492 suam
1053 438 1419 495 substantiam
1471 436 1619 492 Patri
1661 435 1730 492 ad
1779 436 2123 494 condendam

551 538 860 585 creaturam
878 529 1146 595 adfuerat,
1171 527 1413 600 ejusdem
1441 545 1564 585 cum
1599 530 1717 600 ipso
1745 529 1888 585 sicut
1918 539 2126 585 natura:

553 623 629 678 Ita
657 632 709 677 et
739 624 1024 693 potestatis
1046 639 1260 694 semper
1283 623 1468 678 fuerit.

623 711 759 768 Cum
811 723 958 769 sarta
1007 714 1190 783 igitur,
1235 722 1376 768 tecta
1425 712 1747 782 integraque
1794 712 1866 768 sit
1916 711 2127 767 Herma:

551 804 727 860 nostri
774 804 842 858 de
884 819 1098 859 summa
1139 803 1342 858 Christi
1375 802 1661 858 divinitate
1708 803 1978 867 doctrina,
2027 817 2126 857 nec

549 899 684 967 quid
726 899 952 953 omnino
982 905 1169 951 contra
1199 896 1347 950 illam
1381 894 1487 950 nisi
1534 895 1805 950 insulsum
1851 897 2030 965 plane,
2071 902 2126 949 ct

550 987 795 1058 ineptum
821 986 1034 1042 effutire
1065 986 1342 1056 potuerint
1380 982 1643 1052 haeretici,
1668 1002 1814 1042 unus
1842 997 2022 1041 tamen
2055 1000 2123 1039 ex

547 1079 630 1134 eis
663 1094 833 1147 pauca
859 1078 1105 1148 quaedam
1133 1077 1306 1147 ipsius
1332 1078 1498 1134 verba
1526 1080 1750 1144 arrosit,
1778 1078 1979 1147 quibus
2003 1075 2126 1146 Spi-

549 1170 692 1225 ritus
750 1169 925 1224 sancti
959 1169 1299 1224 divinitatem
1333 1170 1401 1224 ab
1425 1185 1490 1226 eo
1517 1180 1766 1239 negatam
1799 1169 1971 1224 fuisse
1995 1185 2123 1238 pro-

548 1260 680 1316 hare
698 1275 986 1330 perperam
1002 1270 1235 1317 conatus
1255 1271 1358 1318 εει.
1385 1262 1509 1318 Hmc
1537 1279 1702 1333 porro
1728 1273 1875 1326 sunt,
1894 1278 2016 1331 qua:
2037 1261 2126 1317 ille

547 1351 709 1407 nobis
731 1351 919 1420 objicit
943 1369 960 1407 :
992 1342 1174 1422 Nequ‘e
1199 1369 1320 1406 cum
1341 1353 1472 1419 vult,
1511 1354 1710 1407 homini
1735 1353 1971 1423 loquitur
2003 1351 2125 1422 Spi-

547 1455 685 1498 ritus
719 1451 966 1509 sanctus,
1007 1444 1097 1498 sed
1137 1453 1262 1498 tunc
1292 1444 1534 1516 loquitur
1577 1463 1696 1500 cum
1735 1445 1848 1500 vult
1879 1444 2019 1500 Deus
2053 1444 2121 1500 ⁸⁸.

550 1533 656 1588 Sed
676 1532 721 1588 si
749 1534 894 1588 hunc
928 1533 1285 1590 Socinianum
1313 1536 1590 1591 hominem
1622 1537 1865 1592 nefarius
1890 1539 2126 1592 errantis

548 1633 712 1680 sectae
747 1643 904 1683 amor
945 1632 1164 1700 penitus
1202 1643 1313 1684 non
1349 1631 1712 1697 obcaeeasset,
1766 1629 2128 1684 intellexisset

553 1717 742 1788 utique
772 1719 914 1776 hanc
937 1736 1062 1777 esse
1084 1721 1299 1777 Hermae
1324 1722 1495 1776 nostri
1522 1731 1780 1786 mentem,
1815 1731 1870 1775 et
1899 1737 2122 1777 sensum

548 1811 806 1867 omnibus
850 1812 1009 1868 facile
1051 1813 1319 1870 obvium:
1369 1813 1553 1884 Neque
1596 1829 1716 1867 cum
1765 1813 1930 1868 homo
1973 1815 2120 1878 vult,

545 1902 746 1958 homini
780 1905 1018 1977 loquitur
1041 1906 1275 1978 Spiritus
1305 1917 1542 1970 sanctus,
1575 1907 1664 1962 sed
1687 1924 1806 1960 cum
1829 1909 1938 1962 vult
1961 1907 2118 1963 Deus.

546 1996 618 2050 At
659 1999 829 2066 quid,
873 2000 1145 2066 obsecro,
1189 2016 1258 2056 ex
1301 2003 1386 2056 his
1424 1985 1610 2057 verbis
1648 2009 1842 2056 contra
1883 2000 2122 2071 Spiritus

546 2091 723 2144 sancti
755 2090 1099 2147 divinitatem
1127 2109 1141 2146 :
1175 2092 1288 2150 imo
1321 2107 1450 2147 vero
1477 2091 1610 2162 quid
1640 2107 1704 2146 ex
1735 2091 1991 2157 illis,nisi
2020 2107 2120 2162 pro

545 2182 841 2237 asserenda
872 2182 1060 2238 divina
1094 2185 1241 2240 illius
1266 2193 1466 2239 natura
1495 2183 1754 2238 concludi
1780 2185 1994 2253 potest?
2044 2183 2120 2239 lhi

543 2253 691 2327 enini
711 2271 939 2330 Hermas
962 2290 1122 2330 veros
1143 2275 1435 2345 prophetas
1452 2275 1640 2330 divino
1659 2273 1888 2344 Spiritu,
1903 2275 2122 2343 quando

545 2363 782 2434 ipsemet
810 2367 1006 2434 voluit,
1051 2367 1260 2422 afllatos
1308 2367 1480 2422 fuisse
1528 2375 1829 2422 asseverat.
1875 2366 1946 2420 At
1996 2367 2121 2437 quis

543 2458 753 2512 nesciat
769 2467 1025 2515 strenuos
1038 2457 1271 2514 Nicanore
1295 2459 1420 2514 fidei
1445 2458 1767 2517 defensores
1802 2460 1908 2514 hoc
1935 2459 2004 2513 ad
2027 2459 2122 2514 de-

542 2549 831 2606 bellandos
860 2551 1117 2618 Arianos,
1167 2559 1222 2606 et
1275 2550 1518 2621 Spiritus
1563 2551 1745 2606 sancti
1774 2550 2119 2604 divinitatem

543 2643 810 2701 adversus
839 2643 1262 2699 Macedonianos
1306 2645 1510 2698 invicte
1532 2641 1982 2713 propugnandam
2003 2641 2122 2697 elli-

542 2733 858 2799 cacissimo,
902 2733 980 2788 uti
1020 2733 1182 2803 plane
1209 2749 1318 2791 non
1361 2733 1638 2792 immerito
1665 2732 1953 2802 putabant,
1987 2748 2121 2788 usos

540 2838 664 2878 esse
685 2831 1028 2893 argumento.

1035 2931 1433 2990 AHTICULUS
1475 2931 1620 2989 XIX.

546 3024 741 3082 Utrum
769 3026 1000 3096 apostoli
1018 3029 1215 3080 mortui
1232 3027 1633 3097 pradicaverint
1655 3041 1847 3082 nomen
1871 3022 2003 3082 Filii
2021 3023 2119 3079 Dei

931 3099 998 3154 iis
1023 3099 1114 3168 qui
1146 3099 1286 3167 apud
1319 3097 1516 3168 inferos
1538 3106 1710 3153 erant.

533 3241 539 3245 .
615 3190 714 3248 His
743 3191 928 3262 itaque
956 3191 1114 3261 longe
1156 3191 1428 3246 difficilior
1475 3203 1530 3247 et
1580 3191 1871 3246 obscurior
1901 3190 2117 3247 Hermat

539 3285 718 3350 locus,
748 3299 779 3338 a
810 3283 1091 3339 Clemente
1118 3295 1300 3339 tamen
1328 3283 1704 3360 Alexandrino
1753 3285 1923 3341 semel
1951 3294 2116 3356 atque

541 3376 742 3430 iterum
772 3375 997 3442 citatus,
1024 3376 1104 3431 sic
1128 3375 1361 3431 habetur
1390 3377 1432 3408 ⁸⁷
1457 3396 1471 3430 :
1502 3377 1743 3447 Apostoli
1770 3388 1818 3432 et
1849 3385 2112 3445 doctores,

540 3468 632 3539 qui
671 3468 1093 3538 pradicaverunt
1142 3483 1332 3524 nomen
1367 3469 1415 3523 F
1419 3471 1500 3524 illi
1533 3471 1651 3537 Dei,
1703 3487 1822 3524 cum
1868 3470 2117 3525 habentes

541 3561 702 3628 fidem
730 3563 844 3630 ejus
873 3570 923 3614 et
953 3571 1264 3630 potestatem
1291 3562 1532 3631 defuncti
1571 3574 1764 3627 essent,
1795 3562 2118 3632 prwdicare-

542 3658 668 3703 rant
713 3650 795 3703 his
832 3651 922 3715 qui
958 3661 1080 3705 ante
1109 3653 1348 3706 obierunt
1378 3664 1428 3707 et
1468 3653 1572 3722 ipsi
1602 3653 1856 3708 dederunt
1883 3655 1958 3707 eis
1979 3654 2117 3708 illud

538 3743 773 3812 signum.
808 3741 1196 3800 Descenderunt
1227 3746 1394 3815 igitur
1435 3747 1491 3800 in
1520 3763 1710 3817 aquam
1744 3764 1863 3801 cum
1894 3747 2025 3812 illis,
2065 3757 2118 3806 et

542 3833 736 3886 iterum
763 3835 1108 3890 ascenderunt
1138 3852 1156 3889 :
1183 3838 1273 3890 sed
1321 3838 1376 3890 hi
1405 3838 1506 3891 vivi
1543 3841 1912 3903 ascenderunt,
1951 3847 2008 3892 at
2034 3839 2118 3894 illi

543 3925 636 3995 qui
668 3924 881 3993 fuerunt
914 3939 1036 3981 ante
1062 3929 1320 3997 defuncti,
1346 3931 1545 3983 mortui
1574 3931 1788 4000 quidem
1834 3934 2116 3987 descende-

529 4029 693 4086 .runt,
716 4021 804 4074 sed
832 4020 933 4074 vivi
953 4019 1321 4073 ascenderunt.
1359 4019 1458 4073 Per
1484 4020 1576 4072 hos
1601 4021 1765 4091 igitur
1787 4022 1948 4075 vitam
1967 4039 2118 4076 acce-

542 4121 752 4180 perunt,
775 4121 824 4166 et
849 4121 1196 4182 cognoverunt
1229 4109 1432 4165 Filium
1462 4111 1592 4178 Dei;
1626 4112 1842 4182 ideoque
1871 4115 2119 4168 ascende-

533 4213 670 4280 'runt
691 4220 809 4257 cum
840 4203 972 4259 illis.
1001 4203 1126 4258 Haec
1150 4219 1258 4258 vox
1281 4206 1491 4274 signum
1519 4204 1593 4258 ibi
1623 4204 1757 4258 nihil
1787 4215 1948 4260 sonat
1967 4206 2118 4262 aliud

545 4312 715 4366 quam
749 4296 1109 4366 baptismum,
1159 4296 1604 4367 quandoquidem
1657 4295 1888 4352 Hermas
1935 4300 2117 4353 contio

545 4398 738 4444 uenter
764 4387 1067 4460 subjungit,
1098 4389 1477 4442 descenderunt
1517 4389 1574 4442 in
1599 4405 1813 4458 aquam.
1849 4389 1954 4444 Sed
1989 4405 2116 4444 cum

543 4481 729 4536 nullus
753 4481 856 4538 nisi
887 4482 939 4535 in
959 4481 1061 4536 hac
1083 4482 1212 4547 vita,
1229 4495 1330 4535 nec
1358 4479 1462 4535 nisi
1494 4480 1563 4533 ab
1589 4480 1906 4536 hominibus
1928 4481 2116 4535 viven-

545 4573 692 4628 tibus
737 4573 1008 4644 baptismo
1034 4562 1408 4643 possitiiablui,
1457 4572 1571 4628 illic
1599 4587 1729 4627 vero
1774 4573 2117 4644 baptizautes

543 4664 806 4735 apostoli,
837 4674 1002 4735 atque
1031 4665 1100 4720 ab
1139 4665 1222 4719 eis
1271 4663 1531 4734 haptizati
1564 4665 1765 4718 mortui
1795 4674 1850 4720 et
1883 4681 2118 4735 corpore

543 4758 710 4812 soluti
744 4756 1119 4825 dicantur;ibi
1148 4755 1395 4827 profecto
1424 4756 1491 4810 de
1536 4757 1656 4812 solo
1683 4758 1916 4827 spiritali
1941 4758 2117 4827 bapti-

543 4857 726 4905 smate
769 4857 964 4918 agatur
1014 4863 1240 4903 necesse
1287 4856 1391 4902 est.
1426 4846 1584 4913 Quod
1639 4859 1785 4903 certe
1813 4848 1917 4903 loci
1947 4849 2114 4920 hujus

542 4941 912 4998 difﬁcultatem
944 4957 1052 4996 non
1103 4941 1321 5006 minuit,
1347 4940 1442 4995 sed
1467 4948 1628 5010 auget
1661 4941 2009 5010 plurimum“;

611 5055 838 5112 Certum
859 5064 944 5111 est
971 5055 1116 5111 enim
1143 5053 1421 5111 Christum
1452 5065 1576 5126 post
1599 5064 1828 5110 mortem
1860 5070 2015 5109 suam
2047 5056 2114 5110 ad

540 5147 751 5206 inferos
771 5149 1142 5204 descendisse.
1176 5145 1330 5202 Unde
1352 5147 1693 5218 Augustinus
1730 5147 1778 5178 “
1808 5162 1822 5198 :
1857 5145 1989 5211 Quis
2013 5149 2114 5202 nisi

537 5241 776 5314 inﬁdelis
800 5240 1061 5312 negaverit
1079 5241 1243 5310 fuisse
1269 5239 1410 5311 apud
1433 5239 1632 5307 inferos
1649 5237 1920 5293 Christum
1940 5239 1965 5290 ?
1981 5237 2128 5293 Con—

543 5344 657 5392 stat
699 5335 865 5390 etiarn
892 5333 1170 5388 Christum
1209 5340 1340 5386 tunc
1365 5329 1696 5400 patriarchis
1713 5329 1990 5399 justisque
2017 5330 2117 5384 ho-

543 5426 787 5481 minibus
805 5424 876 5480 ibi
914 5423 1236 5494 degentibus
1263 5436 1384 5477 sese
1414 5417 1764 5474 manifestum
1795 5419 2114 5488 praebuisse,

545 5518 625 5572 uti
653 5534 722 5572 ex
754 5518 841 5572 his
869 5516 1014 5573 Petri
1048 5514 1279 5585 apostoli
1330 5512 1514 5568 verbis
1559 5510 1884 5582 intelligitur
1912 5529 1926 5565 :
1959 5511 2117 5568 Chri-

1983 322 2042 385 S.
2081 321 2341 382 HERME

3647 320 3720 378 εει

2153 454 2199 513 Α
2229 447 2343 491 stus
2371 437 2533 496 semel
2561 454 2656 508 pro
2677 441 2904 508 peccatis
2935 445 3290 491 mortuus.....
3319 453 3371 490 in
3393 453 3484 508 quo
3509 447 3552 492 et
3577 439 3642 492 his
3660 443 3721 509 qui

2227 531 2281 584 in
2303 546 2456 584 carne
2477 540 2633 584 erant
2659 530 2938 600 spiritibus
2962 531 3166 583 veniens
3187 530 3586 603 pradicavit,qui
3600 532 3723 586 incre-

2227 620 2344 675 duli
2376 622 2669 692 fuerant",
2697 631 2803 677 etc.
2835 620 2956 689 Quo
2979 621 3143 690 igitur
3173 622 3334 675 modo
3364 618 3570 676 Hermas
3593 622 3724 677 dicere

2227 723 2441 785 poterat
2483 733 2494 768 :
2529 715 2778 788 Apostoli
2809 725 2857 768 et
2904 715 3145 768 doctores
3170 714 3566 783 pradicaverunt
3589 731 3723 768 nomen

2227 803 2362 859 Filii
2399 805 2589 861 Dei....
2629 807 2712 860 his
2745 807 2834 876 qui
2859 815 2980 859 ante
3012 804 3343 860 obierunt....
3376 815 3422 860 et
3448 817 3724 876 cognoverunt

2229 895 2434 951 Filium
2469 897 2612 953 Dei?

2299 991 2554 1046 Clemens
2583 990 2991 1047 Alexandrinus
3023 991 3242 1046 videtur
3269 989 3478 1061 quidem
3501 989 3726 1047 diflicultlo

2228 1081 2298 1136 tis
2343 1083 2545 1138 nodum
2596 1098 2808 1148 secare,
2867 1084 2960 1138 ubi
2993 1083 3066 1150 ⁷⁸,
3114 1083 3294 1138 citatis
3343 1082 3562 1137 auctoris
3598 1079 3725 1136 nostri

2225 1181 2429 1248 verbis,
2463 1181 2541 1235 ait
2561 1181 2840 1236 Christum
2873 1181 3015 1251 apud
3049 1180 3255 1235 inferos
3285 1179 3514 1234 Hebraeis
3537 1179 3724 1246 Evange-

2226 1273 2358 1328 lium
2383 1274 2764 1338 annuntiasse,
2797 1273 3074 1344 apostolos
3105 1288 3236 1328 vero
3260 1272 3326 1326 iis
3346 1274 3433 1342 qui
3452 1289 3512 1327 ex
3545 1272 3723 1342 gentibus

2226 1362 2340 1432 apti
2367 1371 2516 1417 erant
2551 1363 2620 1416 ad
2647 1365 3058 1419 conversionem.
3104 1362 3171 1417 Et
3201 1373 3338 1418 recte
3373 1364 3558 1416 dictum
3593 1379 3619 1414 a
3651 1361 3724 1414 Pa-

2228 1462 2409 1510 store:
2441 1473 2461 1511 t
2493 1452 2884 1509 Descenderunt
2915 1470 3041 1525 ergo
3062 1455 3119 1508 in
3159 1471 3372 1525 aquam,
3405 1473 3425 1506 ι
3455 1463 3548 1508 etc.
3574 1451 3722 1507 Verum

2227 1542 2273 1598 si
2305 1543 2410 1598 hac
2431 1544 2795 1615 explicatione
2831 1544 3086 1600 Clemens
3120 1546 3325 1600 nodum
3348 1546 3594 1601 difficilem
3607 1559 3723 1613 espeo

2225 1637 2345 1694 dire
2392 1636 2631 1700 videtur,
2680 1637 2736 1691 in
2767 1636 2935 1691 alium
2975 1635 3224 1706 profecto
3253 1638 3409 1708 longe
3436 1628 3721 1692 difficiliorem

2228 1727 2444 1783 incidit.
2485 1727 2578 1783 Ille
2621 1729 2825 1798 quippe
2853 1729 3014 1783 docet
3060 1727 3316 1784 Hermam
3345 1730 3598 1799 opinatum
3638 1741 3723 1780 esse

2156 1827 2198 1883 Β
2229 1821 2415 1890 plures
2441 1835 2509 1874 ex
2571 1820 2806 1875 ethnicis
2833 1820 3150 1874 hominibus
3163 1820 3349 1890 justis,
3375 1837 3490 1874 cum
3507 1818 3720 1873 Christum

2226 1913 2338 1967 illis
2355 1911 2588 1980 apostoli
2612 1911 3020 1980 praedicassent,
3039 1911 3110 1965 ab
3128 1912 3318 1966 inferis
3342 1911 3593 1973 liberatos,
3609 1919 3722 1976 atque

2225 2021 2256 2059 a
2289 2003 2511 2061 Christo
2556 2014 2758 2059 aeterna
2807 2004 3042 2058 donatos
3072 2002 3356 2059 felicitate.
3401 2003 3524 2069 Qua:
3559 2001 3721 2072 quidem

2224 2096 2410 2166 opinio
2449 2097 2520 2151 ab
2561 2095 2871 2166 Augustino
2907 2096 2952 2126 τί
2993 2105 3257 2165 tanquam
3295 2096 3509 2149 omnino
3550 2105 3722 2147 errones

2223 2185 2564 2254 repudiatur.
2601 2184 2806 2240 Deinde
2845 2183 3074 2240 Hermas
3111 2185 3323 2240 nullum
3369 2184 3600 2239 Hebraeos
3623 2185 3723 2236 inter

2223 2283 2278 2329 et
2303 2275 2555 2330 ethnicos
2581 2277 2735 2345 ponit
2757 2276 3087 2344 discrimen;
3120 2277 3234 2330 imo
3257 2287 3438 2347 aperte
3467 2273 3723 2345 loquilurde

2224 2363 2466 2420 Hebraeis
2495 2381 2590 2434 per
2619 2366 2825 2434 lapides
2852 2382 2906 2431 κ,
2939 2382 3042 2420 xxv
3070 2375 3124 2420 et
3156 2383 3264 2421 xxx
3290 2364 3615 2420 adumbratis.
3637 2360 3723 2430 qui-

2222 2460 2454 2514 buscum
2484 2459 2734 2528 apostoli,
2765 2459 3192 2528 quadragesimo
3223 2459 3397 2528 lapide
3427 2455 3632 2524 figurati,
3657 2452 3723 2506 de-

2222 2551 2571 2614 scenderunt,
2603 2551 2794 2620 eisque
2821 2549 2942 2604 Filii
2980 2549 3073 2604 Dei
3107 2552 3526 2620 praedicaverunt
3555 2558 3719 2600 nomen.

2291 2640 2630 2712 Quapropter
2647 2653 2923 2711 putamus,
2938 2642 3086 2696 salva
3114 2651 3300 2696 tamen
3322 2642 3492 2696 debita
3517 2633 3720 2693 Clementi

2220 2735 2552 2801 reverentia,
2585 2735 2769 2789 locum
2803 2734 3015 2790 Hermae
3043 2735 3154 2790 alio
3182 2751 3347 2790 sensu
3378 2729 3717 2802 exponendum,

2219 2842 2287 2884 eo
2308 2827 2514 2881 scilicet
2529 2841 2640 2896 quo
2652 2826 2994 2897 Augustinus
3015 2829 3273 2896 superius
3295 2827 3449 2881 allata
3462 2823 3586 2878 Petri
3603 2819 3718 2899 verba

2221 2919 2611 2988 interpretatus
2639 2927 2744 2975 est.
2794 2917 3088 2974 Enimvero
3126 2934 3256 2973 cum
3306 2918 3548 2979 Evodius,
3591 2913 3645 2966 ab
3674 2925 3720 2962 eo

2219 3013 2312 3067 illa
2333 3011 2440 3068 sibi
2459 3011 2722 3081 explicari
2753 3012 3116 3081 poposcisset,
3140 3011 3478 3082 Augustinus
3498 3009 3538 3040 τ’
3559 3011 3721 3076 quanta

2220 3104 2330 3159 sint
2354 3104 2428 3158 ibi
2444 3104 2788 3161 dtflieultates
2819 3105 3054 3173 primum
3073 3105 3318 3174 exponit.
3343 3103 3532 3159 Deinde
3555 3107 3723 3165 respon-

2143 3172 2186 3243 C-
2218 3195 2434 3256 debiilis
2455 3194 2604 3251 Petri
2626 3197 2806 3251 verbis
2823 3172 2849 3250 7:
2882 3195 2982 3249 His
2999 3196 3089 3266 qui
3119 3172 3172 3248 iit
3200 3213 3358 3250 carne
3397 3203 3552 3258 erant,
3571 3185 3722 3260 spiritio

2220 3289 2336 3354 bus,
2388 3304 2483 3343 eos
2519 3288 2747 3357 intelligi
2788 3304 2968 3357 posse,
3015 3288 3106 3359 qui
3143 3299 3273 3343 tunc
3317 3299 3461 3343 erant
3501 3287 3549 3339 in
3577 3294 3721 3342 carne,

2217 3390 2374 3450 atque
2398 3381 2716 3448 iqnorantire
2742 3380 2964 3434 tenebris
2985 3381 3121 3434 velut
3147 3399 3357 3436 carcere
3387 3376 3708 3434 claudebantur

2216 3468 2404 3539 Neque
2439 3478 2621 3524 tamen
2655 3469 2758 3524 hoc
2789 3469 2890 3524 sibi
2923 3469 3128 3524 idcirco
3151 3472 3319 3541 objici
3351 3486 3501 3540 posse
3530 3463 3718 3536 putabat.

2217 3562 2362 3632 quod
2407 3560 2653 3616 Christus
2677 3561 2912 3614 nondum
2942 3573 3149 3614 venerat
3185 3564 3238 3615 iu
3270 3579 3438 3615 carne.
3489 3554 3718 3624 Quoniam.

2217 3653 2394 3722 inquit
2429 3665 2654 3710 sanctus
2676 3654 2870 3708 doctor
2894 3671 2908 3707 :
2942 3651 3062 3722 Ipse
3082 3656 3262 3726 utique
3292 3671 3392 3707 non
3417 3655 3468 3706 in
3491 3664 3638 3710 came,
3657 3638 3720 3696 sed

2217 3745 2271 3798 in
2293 3746 2486 3814 spiritu
2515 3744 2746 3798 veniebat
2765 3747 2886 3798 visis
2909 3748 3178 3816 congruis,
3219 3747 3510 3816 colloquens
3533 3755 3638 3811 quos
3659 3748 3721 3787 σο·

2218 3838 2378 3902 lebat,
2409 3837 2548 3889 sicut
2575 3835 2800 3890 volebat.
2840 3835 3042 3892 Eodem
3073 3839 3240 3908 igitur
3269 3848 3428 3907 atque
3449 3828 3721 3902 Augustinus

2224 3945 2392 3985 sensu
2430 3929 2660 3984 Hermas
2708 3930 2892 3986 dicere
2919 3941 3154 4001 poterat,
3196 3933 3339 4001 quod
3367 3925 3572 3999 apostoli
3591 3930 3630 3975 et
3653 3931 3722 3969 αυο

2219 4031 2507 4075 ctores.....
2535 4031 2956 4087 praedicaverunt
2987 4021 3070 4074 his
3106 4022 3197 4074 aui
3232 4031 3351 4075 ante
3387 4019 3620 4073 obierunt,
3648 4007 3721 4060 hoc

2217 4121 2322 4178 est,
2347 4113 2549 4166 mortui
2579 4117 2709 4166 su’nt
2731 4113 2992 4178 tenebris,
3021 4112 3353 4184 ignorantia,
3383 4105 3658 4166 inﬁdelitate
3683 4101 3722 4148 el

2219 4202 2619 4258 incredulitate.

2292 4316 2381 4381 At,
2417 4316 2654 4386 inquies,
2697 4331 2798 4372 cur
2823 4313 2955 4388 ergo
2993 4317 3060 4372 de
3104 4317 3368 4388 apostolis
3403 4314 3608 4369 Hermas
3628 4301 3722 4359 sub-

2218 4404 2398 4476 iungit
2425 4422 2438 4459 :
2472 4405 2905 4462 Prwdicaverunt
2945 4425 3130 4463 nomen
3159 4409 3296 4463 Filii
3335 4408 3515 4462 Dei....
3539 4417 3635 4456 cum
3655 4397 3722 4448 tle-

2151 4517 2193 4571 ι)
2227 4497 2397 4566 [uncti
2418 4501 2632 4552 essent?
2670 4499 2893 4565 Quidni,
2921 4500 3234 4570 inquietnus
3260 4513 3312 4557 et
3343 4516 3470 4564 nos,
3509 4497 3605 4550 haec
3624 4501 3722 4556 προ·

2225 4587 2492 4642 stolorum
2531 4604 2681 4644 mors
2705 4589 2977 4660 spirituali
3000 4607 3220 4661 quoque
3249 4607 3408 4647 sensu
3433 4574 3720 4652 intelligatur!

2227 4677 2366 4744 Quia
2390 4679 2648 4734 nimirum
2675 4689 2832 4736 vetus
2860 4697 3049 4736 eorum
3080 4683 3246 4738 homo
3269 4698 3392 4738 cum
3423 4679 3616 4736 Christo
3631 4682 3725 4725 cru'

2225 4771 2426 4826 cifixus
2477 4781 2531 4826 et
2577 4782 2830 4830 mortuus
2860 4773 3067 4838 fuerat,
3099 4791 3164 4830 ac
3210 4775 3534 4831 destructum
3569 4771 3723 4832 corp“

2224 4865 2456 4934 peccati,
2493 4875 2552 4920 ut
2575 4866 2899 4936 loquebatur
2928 4867 3130 4924 Paulus
3153 4869 3218 4922 ⁷⁸.
3247 4867 3314 4923 Et
3340 4876 3480 4923 certe
3507 4864 3606 4918 haec
3631 4869 3724 4909 vel"

2224 4957 2425 5012 borum
2448 4955 2660 5013 Henna:
2692 4958 3068 5030 interpretatio
3101 4960 3224 5016 inde
3251 4959 3598 5019 confirmatur,
3615 4942 3724 5019 quod

2226 5049 2320 5104 ille
2348 5051 2615 5105 continuo
2639 5051 2843 5106 addat:
2879 5051 2984 5106 Sed
3019 5055 3072 5107 hi
3104 5056 3204 5109 vivi
3227 5053 3574 5109 ascenderunt.
3606 5033 3724 5108 Quod

2221 5143 2438 5212 quidem
2457 5143 2524 5198 de
2552 5144 2660 5198 vita
2684 5145 2952 5214 spirituali
2980 5147 3210 5216 ipsemet
3231 5149 3606 5217 interpretatus,
3627 5130 3726 5190 sub-

2233 5236 2314 5290 dit
2342 5251 2356 5288 :
2404 5234 2577 5289 Vitam
2608 5246 2941 5306 receperunt;
2979 5249 3029 5292 et
3061 5248 3408 5310 cognoverunt
3436 5234 3612 5289 Filium
3635 5219 3722 5278 υά·

2228 5327 2472 5398 Denique
2502 5343 2567 5383 ex
2597 5329 2710 5399 jam
2740 5329 2902 5385 dictis
2933 5340 3140 5386 certum
3186 5341 3269 5387 est
3292 5330 3529 5385 Hennam
3556 5328 3723 5378 seruit"

2229 5435 2356 5475 nem
2388 5419 2463 5473 ibi
2494 5419 2676 5474 facere
2696 5421 2765 5475 de
2795 5422 3076 5490 spirituali
3100 5423 3390 5492 baptismo,
3419 5419 3467 5473 id
3487 5404 3724 5492 estcogni-

2231 5512 2382 5567 tione
2413 5510 2536 5566 Filii
2569 5511 2684 5576 Dei.
2710 5471 2995 5585 Currergo
3024 5471 3304 5572 totusriste
3334 5516 3480 5568 locus
3505 5471 3723 5577 spiritu;li

639 5673 796 5748 f‘lih.
819 5691 896 5748 _n.
930 5676 1170 5730 mandat.
1210 5677 1293 5731 l2.
1368 5676 1525 5748 flib.
1553 5674 1876 5748 tilr,_similit.
1900 5676 1953 5730 9.
2032 5679 2074 5710 ⁵⁸
2105 5676 2276 5748 Epist.
2312 5678 2434 5748 164,
2475 5659 2737 5736 ad-Evod.
2819 5678 3057 5738 “lPetr.
3085 5697 3162 5748 tu,
3190 5680 3266 5735 18.
3309 5676 3455 5732 "lib.
3478 5666 3721 5727 vISthﬂ-v

553 5731 583 5815 ς
620 5745 672 5800 5.
751 5742 790 5775 ⁷¹
817 5731 923 5799 loc.
965 5761 1085 5814 sup.
1125 5748 1216 5802 cit.

1301 5749 1344 5780 ⁷³
1367 5745 1538 5816 Epist.
1559 5746 1680 5813 itii,
1718 5749 1784 5800 ad
1814 5744 1974 5801 lived.
2055 5749 2099 5781 ⁷³
2120 5744 2278 5805 Hom.
2300 5765 2375 5812 vi.
2397 5747 2452 5808 6.
