4010 6150
339 314 441 376 855

1561 312 1853 371 PAS'I'OH.
1895 341 1964 353 —-
1999 307 2359 367 PROOEIIA.

3492 284 3595 364 ass

338 448 506 491 sensu
538 446 647 489 non
680 432 1034 504 intelligatur,
1059 446 1219 503 cuius
1243 432 1434 488 saltem
1464 431 1709 501 quaedam
1735 439 1916 500 partes
1946 431 1989 487 Α
2021 436 2258 482 venturte
2306 425 2535 496 ﬁguram
2583 436 2704 478 esse
2748 421 3006 477 declarat.
3044 420 3418 483 Quamobrem
3467 435 3594 475 cum

340 525 451 579 alio
466 540 631 580 sensu
653 525 916 596 explicari
942 538 1053 578 non
1079 525 1347 593 possunt?
1379 524 1460 578 An
1486 537 1613 579 vero
1646 525 1918 592 genuinus

342 617 433 672 hic
457 617 530 673 sit
557 617 841 673 verborum
866 615 1078 671 Hermae
1109 632 1326 681 sensus,
1351 616 1493 671 sicut
1521 631 1764 672 asserere
1800 630 1920 669 om-

341 707 477 763 nino
507 723 615 763 non
649 709 936 773 audemus,
962 709 1037 763 ita
1065 708 1330 763 necillius
1360 708 1608 778 prefecto
1638 722 1918 779 repugna-

338 800 525 857 bimus
552 801 932 871 explicationi,
958 802 1054 872 qui
1077 816 1142 856 ea
1165 801 1388 856 litterati
1426 816 1616 868 sensu,
1659 800 1729 856 ab
1763 800 1915 856 omni

337 910 528 953 errore
558 898 758 963 alieno,
792 898 991 969 poterit
1017 895 1385 967 interpretari.

850 1007 1251 1065 ARTICULUS
1286 1007 1406 1063 XX.

645 1101 835 1159 Utrum
864 1101 1064 1173 Hegrin
1097 1103 1167 1156 sit
1205 1118 1393 1157 nomen
1416 1101 1612 1172 angeli.

407 1197 564 1253 Alius
602 1196 843 1252 auctoris
872 1196 1049 1251 nostri
1092 1196 1249 1253 locus
1291 1196 1562 1252 obscurus
1592 1203 1649 1250 et
1678 1194 1915 1250 diﬂicilis

336 1290 409 1345 ibi
456 1290 718 1354 occurrit,
766 1288 861 1344 ubi
904 1289 994 1343 ille
1047 1297 1236 1343 narrat
1278 1303 1359 1354 se,
1408 1304 1533 1344 cum
1575 1288 1629 1343 in
1676 1288 1913 1344 be!|uam

335 1381 636 1437 immanem
684 1381 986 1448 incidisset,
1032 1380 1102 1435 ab
1150 1396 1261 1435 una
1302 1380 1532 1451 virgine,
1578 1397 1701 1451 quae
1741 1383 1913 1453 ligura

334 1472 595 1530 Ecclesia:
636 1482 774 1540 erat,
804 1473 1080 1529 audivisse
1114 1490 1128 1527 :
1164 1472 1313 1527 Misit
1362 1474 1621 1530 Dominus
1670 1475 1915 1547 angelum

332 1582 490 1624 suum
525 1582 683 1636 super
715 1566 932 1630 bestias,
967 1568 1052 1621 cui
1094 1584 1280 1622 nomen
1311 1578 1389 1623 est
1417 1566 1643 1638 Hegrin,
1669 1576 1720 1621 et
1756 1568 1913 1622 obtu-

337 1658 475 1711 ravit
501 1673 558 1710 os
587 1657 723 1727 ejus,
750 1674 814 1713 ne
848 1658 1134 1713 dilaniaret
1164 1670 1233 1714 te.
1266 1661 1567 1715 Autumant
1593 1660 1740 1715 enim
1770 1676 1914 1716 non-

336 1749 472 1803 nulli
500 1748 890 1822 Hieronymum
920 1751 1024 1809 sibi
1058 1752 1111 1807 in
1140 1753 1386 1807 animum
1424 1752 1771 1809 induxisse"
1799 1752 1911 1809 He~

334 1842 457 1912 griis
496 1858 694 1897 nomen
734 1858 857 1900 esse
905 1845 1106 1917 angeli,
1148 1845 1296 1917 quod
1346 1847 1563 1916 quidem
1624 1848 1727 1917 ipsi
1776 1849 1912 1903 adeo

337 1935 627 1989 ridiculum
669 1934 987 2006 fatuumque
1025 1936 1202 1991 visum
1236 1947 1340 2003 est,
1378 1949 1437 1993 ut
1467 1938 1570 1993 hoc
1603 1938 1780 2009 elogio
1811 1956 1911 1994 au-

334 2026 503 2081 ctoris
527 2027 698 2082 nostri
729 2026 928 2082 librum
956 2028 1229 2082 notaverit
1252 2047 1265 2082 :
1288 2027 1444 2082 Liber
1472 2028 1563 2082 ille
1585 2030 1913 2100 apocryphus

334 2120 583 2174 stultitia:
640 2122 1066 2176 condemnandus
1115 2132 1215 2186 est,
1263 2124 1321 2177 in
1369 2140 1473 2194 quo
1524 2124 1783 2194 scriptum
1836 2138 1914 2179 est

333 2211 612 2280 quemdam
654 2212 897 2282 angelum
931 2214 1140 2269 nomine
1183 2214 1309 2285 Tyri
1348 2231 1571 2284 prazesse
1613 2216 1910 2285 reptilibus.

334 2302 439 2357 Alii
465 2312 645 2357 tamen
674 2301 809 2357 illud
841 2304 910 2358 ab
947 2303 1264 2376 Hieronymi
1298 2313 1481 2361 mente
1513 2306 1585 2360 ita
1619 2306 1916 2360 abhorrere

335 2404 684 2466 putaverunt,
724 2402 785 2449 ut
836 2395 988 2451 illum
1026 2397 1093 2451 de
1136 2398 1375 2467 quodam
1419 2397 1561 2451 libro
1603 2398 1916 2468 apocrypho

336 2502 401 2542 ac
429 2486 708 2557 dcperdito
738 2489 841 2544 ista
877 2489 1166 2559 scripsisse
1204 2488 1551 2544 tradiderint.
1598 2487 1664 2543 Et
1693 2504 1754 2544 re
1789 2489 1916 2559 qui—

332 2580 457 2633 dem
509 2581 626 2650 ipsa
665 2581 797 2651 quid
836 2582 890 2635 in
940 2582 1027 2636 his
1073 2581 1256 2636 verbis
1302 2581 1727 2652 deprehenditur
1768 2582 1913 2652 quod

333 2670 583 2726 stultitim
611 2672 764 2742 argui
807 2673 1021 2743 possit?
1060 2671 1202 2727 Num
1244 2673 1365 2728 ideo
1404 2672 1533 2743 quia
1564 2689 1628 2728 eo
1655 2673 1914 2744 loquendi

336 2762 499 2817 modo
540 2765 790 2834 angelum
841 2764 1125 2835 reptilibus
1160 2779 1396 2834 praeesse
1438 2764 1778 2820 allii-matur?
1812 2764 1917 2819 Ve-

333 2856 550 2911 rumid
592 2857 791 2912 docent
830 2873 956 2912 cum
1008 2856 1217 2928 antiqui
1263 2856 1491 2923 Patres,
1557 2858 1917 2929 inprimisque

332 2946 597 3019 Origenes
635 2951 889 3020 pluribus
931 2950 983 3006 in
1029 2951 1164 3007 locis
1192 2951 1261 3014 ⁷⁸,
1296 2959 1410 3005 tum
1453 2950 1708 3007 doctores
1748 2953 1915 3007 scho-

334 3040 512 3095 Iastici
551 3048 675 3110 post
710 3041 897 3095 divum
926 3039 1194 3105 Thomam
1217 3040 1285 3107 ",
1311 3041 1404 3111 qui
1434 3040 1511 3095 ait
1537 3060 1550 3095 :
1580 3039 1917 3113 Unaquaeque

2021 518 2132 572 illic
2177 516 2406 587 adjecit,
2452 515 2705 585 angelum
2746 530 2871 570 esse
2910 531 3071 584 super
3118 514 3368 578 bestiam,
3416 512 3466 566 id
3513 519 3599 568 est

2020 624 2183 677 super
2205 623 2509 677 pressuram
2530 615 2983 676 superventuram,
3017 605 3154 660 nihil
3185 604 3332 660 aliud
3365 604 3469 660 sibi
3500 619 3598 658 vo-

2020 699 2121 755 luit
2143 700 2209 766 τε,
2240 699 2345 754 nisi
2389 699 2641 754 eumdem
2681 698 2933 769 angelum
2967 713 2997 752 a
3024 697 3137 753 Deo
3168 713 3292 753 esse
3327 696 3596 767 praeposiw

2018 799 2157 857 tum,
2190 800 2251 845 ut
2273 790 2616 845 Christianos
2646 789 2908 845 adversus
2931 786 3307 844 imminentem
3332 798 3595 860 tyranno-

2018 897 2141 938 rum
2172 882 2608 955 persecutionem
2634 880 2949 936 defenderet
2973 896 3038 936 ac
3064 888 3319 939 tueretur.

2511 993 2912 1051 ARTICULUS
2955 994 3098 1050 XXI.

2339 1086 2484 1142 Num
2522 1087 2696 1159 angeli
2738 1089 2916 1142 omnia
2945 1090 3253 1144 creaverim.

2089 1181 2309 1238 Tertius
2338 1180 2549 1236 Hermae
2578 1182 2732 1238 locus
2772 1181 2868 1252 qui
2893 1182 3218 1237 enodatione
3240 1183 3424 1252 aliqua
3454 1184 3594 1240 indi-

2018 1285 2126 1348 get,
2144 1277 2210 1330 ad
2244 1290 2436 1330 omnes
2467 1274 2686 1342 angelos
2715 1282 2943 1343 spectat.
2974 1274 3112 1329 Cum
3135 1276 3280 1330 enim
3310 1276 3399 1331 ille
3426 1279 3595 1335 dixis.

2018 1377 2101 1423 set
2129 1366 2354 1437 angelos
2391 1365 2531 1419 inter
2561 1374 2847 1420 creaturas
2875 1365 3083 1434 primos
3119 1381 3241 1423 esse
3270 1384 3410 1438 quos
3451 1353 3595 1426 Deus

2019 1456 2321 1524 creaverit,
2375 1464 2490 1511 tum
2535 1455 2815 1525 subjungit
2846 1456 2937 1510 7’:
2996 1454 3068 1509 Hi
3109 1466 3232 1510 sunt
3283 1461 3457 1530 angeli
3506 1462 3597 1531 qui

2017 1548 2189 1617 primo
2220 1547 2499 1602 constituti
2536 1555 2681 1613 sunt,
2709 1545 2897 1618 quibus
2929 1549 3152 1603 tradidit
3187 1549 3444 1607 Dominus
3478 1554 3599 1607 uni-

2017 1657 2220 1696 versam
2258 1648 2560 1695 creaturam
2602 1656 2757 1693 suam
2793 1642 3054 1707 struendi,
3085 1643 3389 1713 tediﬁcandi
3414 1655 3462 1699 et
3500 1646 3598 1699 do-

2016 1731 2258 1785 minandi
2291 1740 2550 1785 creatura:
2578 1728 2743 1784 illius.
2783 1727 2891 1786 Pro
2918 1732 3089 1786 verbo
3119 1743 3298 1787 autem
3334 1736 3595 1801 struendi,

2018 1825 2071 1878 in
2115 1821 2306 1877 codice
2345 1820 2528 1877 Sancti
2580 1822 2837 1878 Germani
2869 1838 2900 1878 a
2931 1821 3142 1888 Pratis,
3177 1824 3246 1880 ab
3289 1827 3449 1880 annis
3490 1824 3597 1882 800

2014 1916 2313 1986 descripto,
2352 1932 2454 1971 nec
2493 1932 2600 1972 non
2632 1917 2687 1971 in
2718 1916 3035 1973 Colbertino
3077 1934 3243 1989 supra
3282 1920 3450 1974 citato
3486 1935 3593 1976 vox

2016 2010 2233 2065 creandi
2264 2010 2573 2065 exhibetur.
2614 2010 2747 2077 Qua:
2781 2012 2999 2082 quidem
3037 2012 3221 2079 lectio,
3249 2013 3295 2069 si
3338 2028 3467 2069 vera
3498 2013 3594 2077 sit.

2014 2103 2230 2158 videtur
2271 2100 2499 2157 Ilermas
2540 2102 2595 2156 in
2638 2118 2762 2158 eum
2806 2103 3107 2174 impingere
3137 2120 3404 2171 errorem,
3431 2121 3593 2175 quem

2016 2196 2386 2267 antiquissimi
2430 2196 2670 2251 haeretici
2701 2212 2730 2250 a
2764 2195 2991 2251 Platone
3020 2204 3184 2267 atque
3225 2196 3455 2253 Philone
3494 2196 3594 2253 Ju-

2016 2290 2132 2345 daeo
2158 2291 2479 2356 hauserunt,
2505 2288 2725 2359 angelos
2749 2288 2957 2359 primos
2980 2290 3226 2343 omnium
3251 2304 3283 2343 a
3307 2288 3419 2344 Deo
3441 2305 3597 2344 crea-

2019 2392 2135 2447 tos,
2183 2382 2253 2437 ab
2311 2395 2487 2452 eoque
2534 2381 2811 2450 accepisse
2857 2390 3053 2436 cmtera
3109 2380 3291 2435 omnia
3341 2379 3597 2451 deinceps

2016 2474 2239 2533 creandi
2282 2480 2627 2543 potestatem.
2660 2471 2861 2527 Verum
2904 2471 3133 2528 Hermas
3163 2473 3231 2527 ab
3266 2473 3371 2528 hoc
3411 2488 3600 2529 errore

2017 2581 2127 2621 non
2151 2562 2438 2620 dilﬂculter
2465 2562 2685 2632 quidem
2720 2561 2999 2616 eximitur.
3035 2560 3220 2615 Primo
3254 2560 3401 2614 enim
3445 2560 3599 2615 codi-

2016 2671 2109 2712 ces
2129 2654 2224 2725 qui
2253 2655 2479 2709 verbum
2511 2653 2726 2706 creandi
2750 2660 3162 2721 repraesentant,
3190 2650 3357 2714 aliud,
3390 2649 3599 2705 scilicet

2015 2756 2348 2817 potestatem,
2385 2746 2469 2800 vel
2492 2745 2712 2816 aliquod
2743 2744 2924 2799 simile
2953 2744 3282 2798 omiserunt.
3318 2743 3435 2809 Qua
3467 2759 3598 2815 ergo

2014 2839 2308 2896 oscitantia
2356 2852 2721 2892 amanuenses
2771 2830 2904 2891 illud
2954 2836 3182 2890 verbum
3232 2836 3598 2906 praetermise-

2017 2941 2174 2996 runt,
2221 2931 2411 2986 eadem
2476 2930 2643 2990 etiam
2708 2929 2853 2983 aliud
2924 2937 3222 2998 potuerunt
3281 2927 3594 2981 immutare.

2019 3025 2221 3080 Deinde
2245 3037 2375 3080 vero
2404 3022 2622 3078 etiamsi
2664 3020 2891 3077 Hermas
2920 3037 3054 3077 voce
3085 3020 3302 3074 creandi
3333 3036 3467 3077 usus
3503 3021 3596 3085 sit,

336 3148 417 3187 res
446 3131 668 3186 visibilis
709 3133 765 3186 in
796 3135 893 3186 hoc
937 3134 1132 3187 mundo
1175 3132 1325 3186 habet
1357 3142 1670 3202 potestatem
1711 3136 1906 3207 angeli-

2021 3133 2139 3173 eam
2181 3126 2361 3171 tamen
2394 3131 2501 3170 non
2532 3115 2793 3170 strictiori
2835 3114 3155 3184 acceptione
3182 3129 3280 3182 pro
3308 3121 3595 3176 creatura,

332 3241 454 3279 cam
491 3223 594 3278 sibi
637 3226 998 3294 prtepositam.
1033 3224 1170 3279 Num
1216 3237 1396 3281 autem
1438 3227 1560 3283 ideo
1591 3229 1718 3298 quia
1753 3245 1918 3299 ange-

335 3316 448 3370 lum
478 3315 701 3369 nomine
730 3313 855 3384 Tyri
883 3316 1273 3385 appellaverit?
1300 3316 1358 3370 Si
1391 3334 1478 3373 res
1509 3319 1582 3373 ita
1615 3335 1673 3374 se
1699 3318 1916 3385 habeat,

334 3405 423 3460 vel
460 3414 701 3460 erratum
741 3414 825 3460 est
856 3405 909 3460 in
947 3421 1171 3476 operum
1216 3404 1533 3479 Hieronymi
1559 3410 1914 3477 editionibus,

335 3495 421 3548 vel
467 3495 583 3565 ipse
624 3498 1001 3565 manuscripto
1033 3497 1219 3553 codice
1259 3508 1520 3567 corrupto
1552 3515 1685 3555 usus
1711 3508 1821 3556 est:
1857 3501 1915 3556 in

335 3585 462 3641 aliis
489 3586 758 3656 siquidem
787 3589 1046 3644 omnibus
1073 3603 1140 3643 ac
1164 3589 1217 3643 in
1240 3589 1401 3643 editis
1433 3590 1662 3661 legimus
1688 3591 1911 3664 Hegrin.

333 3677 641 3736 Cotelerius
684 3679 867 3751 itaque
902 3696 1094 3740 omnes
1134 3681 1301 3736 animi
1347 3697 1544 3738 nervos
1586 3684 1638 3739 in
1686 3701 1752 3740 eo
1783 3702 1915 3743 con-

336 3769 530 3839 tendit,
577 3781 637 3827 ut
679 3772 969 3843 investiget
1010 3782 1066 3828 et
1113 3784 1491 3843 perscrutetur
1541 3791 1641 3831 cur
1688 3779 1915 3849 angelus

336 3861 538 3935 Hegrin
581 3874 825 3919 vocetur.
869 3865 976 3920 Sed
1012 3875 1301 3936 postquam
1343 3867 1435 3921 diu
1468 3868 1807 3938 multumque
1835 3870 1914 3925 la-

335 3955 569 4023 boravit,
600 3956 817 4011 tandem
858 3956 1092 4028 ingenue
1122 3959 1342 4023 fatetur,
1370 3958 1566 4031 absque
1605 3962 1913 4017 melioribus

334 4047 604 4103 codicibus
632 4048 720 4101 vix
748 4048 955 4118 aliquid
990 4050 1120 4104 certi
1158 4066 1309 4120 posse
1336 4051 1585 4120 proferri.
1632 4052 1912 4109 Ditissima

333 4145 467 4195 velo
518 4138 876 4193 illustrissimi
920 4138 1158 4194 Colberti
1215 4140 1542 4197 bibliotheca
1587 4159 1755 4197 unum
1800 4159 1909 4201 non

332 4239 564 4285 vetustte
594 4229 813 4299 quidem
848 4245 1076 4295 manus,
1103 4231 1304 4300 quippe
1336 4232 1430 4302 qui
1458 4232 1562 4287 500
1589 4249 1763 4290 annos
1800 4252 1911 4291 non

334 4329 586 4391 superet,
630 4318 995 4389 suppeditavit
1054 4319 1211 4375 nobis
1265 4321 1544 4386 codicem,
1588 4322 1681 4393 qui
1724 4339 1909 4379 veram

333 4428 500 4484 quam
531 4409 834 4465 Cotelerius
862 4409 1066 4479 frustra
1093 4411 1388 4481 quaesierat
1416 4411 1728 4481 lectionem,
1746 4415 1911 4470 unius

335 4503 586 4560 litterulae
607 4500 986 4557 immutatione
1014 4502 1275 4557 exhibere
1298 4502 1531 4558 videtur.
1566 4502 1660 4559 Sic
1685 4505 1830 4560 enim
1854 4506 1909 4560 in

332 4610 403 4650 eo
451 4593 725 4664 legimus:
753 4592 902 4647 Misit
948 4591 1207 4648 Dominus
1265 4595 1507 4665 angelum
1550 4613 1704 4651 suum
1754 4615 1911 4669 super

335 4687 580 4753 bestiam,
608 4688 759 4758 cujus
786 4703 973 4741 nomen
1000 4696 1080 4741 est
1120 4686 1341 4759 Hegrin.
1371 4687 1510 4745 Hinc
1531 4692 1677 4744 enim
1703 4690 1905 4762 Hegrin

336 4793 447 4833 non
478 4778 675 4847 angeli,
714 4775 810 4832 sed
836 4776 1023 4833 bestia:
1048 4794 1247 4832 nomen
1280 4795 1402 4834 esse
1426 4781 1753 4851 colligimus.
1798 4782 1911 4837 Cur

335 4878 520 4926 autem
560 4868 788 4925 Hermas
827 4870 973 4925 illam
1016 4870 1089 4925 ita
1132 4872 1440 4936 vocaverit,
1487 4882 1633 4929 recte
1674 4873 1905 4930 forsitan

324 4962 618 5033 ‘Conjicies,
648 4961 694 5017 si
732 4965 979 5019 attendas
1021 4978 1207 5018 vocem
1254 4962 1455 5033 Hegrin
1492 4966 1635 5020 idem
1677 4982 1800 5023 esse
1840 4982 1906 5023 ac

334 5053 523 5110 Graece
562 5054 772 5127 ἄγριος,
812 5056 866 5111 id
906 5064 990 5112 est
1037 5056 1289 5122 immitis,
1332 5056 1507 5124 ferox,
1547 5060 1634 5114 vel
1685 5060 1819 5128 fera,
1852 5072 1907 5117 et

333 5148 537 5215 bestia;
575 5163 640 5203 ac
677 5149 956 5218 probabile
986 5149 1213 5220 proinde
1250 5150 1421 5205 videri
1471 5149 1723 5206 Hermam
1764 5155 1907 5209 allu-

332 5241 476 5297 sisse
522 5243 590 5296 ad
637 5241 752 5296 haec
796 5240 1099 5298 Psalmistte
1150 5243 1314 5298 verba
1355 5261 1370 5297 :
1412 5240 1717 5313 Singularis
1762 5246 1907 5315 ferus

331 5332 542 5407 (μονιὺς
573 5335 784 5408 ἄγριος)
811 5336 1056 5405 depastus
1087 5345 1164 5390 est
1194 5352 1313 5390 eam
1334 5337 1406 5404 ",
1436 5337 1646 5393 scilicet
1671 5339 1904 5395 vincant.

332 5426 430 5485 Ille
458 5428 663 5500 quippe
707 5427 906 5482 ibidem
953 5428 1096 5483 hanc
1142 5428 1373 5484 bestiam
1417 5445 1680 5485 oressurw
1718 5448 1907 5501 super-

2022 3219 2081 3263 ut
2111 3210 2408 3278 loquuntur
2434 3206 2769 3272 scholastici,
2801 3222 2865 3259 ex
2898 3205 3068 3259 nihilo
3100 3203 3476 3273 productione,
3500 3203 3595 3258 sed

2019 3302 2200 3356 latiori
2237 3309 2402 3369 atque
2437 3297 2649 3352 Latinis
2685 3297 3005 3352 auctoribus
3037 3295 3211 3366 magis
3247 3296 3468 3362 usitata,
3493 3309 3595 3365 pro

2017 3392 2251 3463 simplici
2296 3390 2655 3461 productione
2693 3396 2749 3443 et
2783 3387 3144 3453 institutione,
3185 3386 3255 3440 ab
3298 3386 3389 3440 illo
3427 3402 3593 3442 usur-

2016 3495 2197 3557 patam
2245 3484 2417 3541 fuisse
2457 3481 2750 3543 dicendum
2797 3491 2899 3536 est.
2946 3478 3057 3533 Nec
3099 3480 3194 3533 ulli
3247 3480 3351 3533 hoc
3392 3478 3592 3534 mirum

2015 3579 2185 3633 videri
2227 3577 2407 3643 debet,
2441 3592 2567 3632 cum
2612 3575 2803 3630 eodem
2851 3588 3016 3628 sensu
3056 3571 3384 3628 Ambrosius
3433 3572 3592 3627 dixe-

2018 3671 2087 3725 rit
2109 3671 2157 3704 ⁸⁰
2186 3689 2200 3726 :
2232 3670 2385 3735 Quod
2428 3678 2607 3722 autem
2634 3676 2684 3721 et
2718 3668 2924 3737 factum
2952 3674 3060 3731 est,
3094 3665 3234 3718 idem
3261 3674 3341 3719 est
3367 3674 3417 3719 et
3446 3680 3594 3719 crea-

2016 3775 2150 3819 tum.
2184 3763 2342 3830 Quod
2383 3776 2517 3818 sane
2544 3760 2733 3816 multis
2762 3760 2884 3815 aliis
2913 3757 3177 3828 exemplis
3220 3756 3382 3813 facile
3411 3767 3595 3827 posset

2014 3846 2257 3929 probari.

2492 3943 2892 4001 ARTICULUS
2930 3943 3097 3999 XXII.

2064 4044 2171 4111 Qui
2198 4042 2437 4097 doctores
2460 4049 2510 4094 et
2537 4040 2788 4109 prtesides
2820 4036 3238 4092 ministeriorum
3267 4034 3542 4088 dicantur.

2082 4136 2201 4192 Non
2228 4136 2459 4192 deerunt
2480 4132 2711 4187 fortasse
2738 4130 2941 4202 quibus
2963 4128 3239 4185 salebrosa
3263 4128 3595 4183 videbuntur

2011 4226 2082 4282 de
2125 4225 2299 4281 sacris
2335 4222 2592 4277 Ecclesiae
2626 4219 2895 4275 ministris
2940 4220 3056 4273 haec
3094 4220 3380 4289 scriptoris
3416 4219 3592 4272 nostri

2011 4317 2178 4372 verba
2205 4315 2250 4347 ⁸¹
2280 4336 2292 4371 :
2319 4312 2591 4382 Episcopi,
2624 4321 2673 4366 et
2701 4310 2963 4377 doctores,
2986 4320 3035 4363 et
3063 4311 3364 4366 ministri...
3390 4312 3594 4379 episco-

2013 4420 2196 4480 patum
2222 4416 2513 4478 gesserunt,
2535 4405 2823 4457 docuerunt
2854 4413 2904 4457 et
2936 4403 3391 4457 ministraverunt.
3427 4401 3593 4457 Libro

1942 4485 1989 4545 ί)
2019 4511 2200 4556 autem
2243 4500 2403 4555 tertio
2430 4499 2475 4530 ⁸³
2506 4517 2519 4551 :
2549 4497 2702 4552 Tales
2740 4510 2859 4552 sunt
2885 4499 2975 4568 qui
3005 4496 3342 4551 crediderunt
3371 4497 3592 4566 quidam

2014 4591 2266 4661 episcopi,
2302 4589 2359 4643 id
2403 4602 2481 4643 est
2520 4589 2770 4658 praesides
2809 4588 3241 4644 Ecclesiarum...
3287 4588 3358 4643 Et
3403 4589 3593 4643 deinde

2014 4684 2106 4754 qui
2132 4683 2382 4752 prwsides
2412 4693 2534 4735 sunt
2555 4681 2992 4748 ministeriorum,
3014 4682 3103 4750 qui
3132 4680 3309 4750 inopes
3330 4690 3380 4735 et
3406 4680 3591 4735 viduas

2013 4781 2375 4845 protexerunt,
2408 4782 2458 4826 et
2494 4779 2696 4825 castam
2731 4780 2976 4840 perpetuo
3014 4772 3460 4826 conversationem
3485 4772 3589 4826 ‘Ita-

2013 4870 2259 4922 buerunt.
2290 4866 2393 4933 Qui
2426 4865 2571 4919 enim
2614 4864 2725 4920 sint
2756 4863 2835 4917 illi
2870 4863 3109 4917 doctores
3135 4872 3186 4916 et
3212 4863 3462 4933 prtesides
3489 4865 3591 4918 mi-

2011 4961 2374 5024 nisteriorum,
2403 4974 2513 5013 non
2540 4957 2716 5013 cuivis
2743 4957 2925 5011 statim
2949 4966 3219 5011 occurret.
3253 4955 3446 5011 Verum
3473 4957 3590 5013 hac

2014 5051 2261 5123 planiora
2296 5052 2449 5115 lient,
2480 5050 2526 5106 si
2565 5048 2618 5104 id
2652 5050 2801 5118 quod
2830 5065 2862 5102 a
2893 5049 3111 5103 nemine
3138 5059 3367 5103 vocatur
3401 5050 3455 5103 in
3484 5049 3588 5104 du-

2013 5145 2187 5211 bium,
2213 5145 2555 5209 observetur,
2587 5141 2849 5197 diaconos
2877 5157 2907 5195 a
2932 5141 3139 5196 sanctis
3176 5140 3432 5198 Patnbus
3468 5144 3588 5197 solo

2012 5239 2392 5296 ministrorum
2420 5236 2642 5291 nomine
2668 5234 2873 5305 passim
2899 5234 3180 5304 appellari.
3220 5233 3359 5288 Hinc
3386 5236 3589 5306 quippe

2011 5333 2285 5404 colligitur
2320 5331 2582 5394 doctores,
2614 5328 2709 5399 qui
2735 5327 3025 5398 episcopos
3052 5327 3193 5383 inter
3220 5340 3273 5383 et
3304 5327 3587 5384 ministros

2012 5427 2176 5481 medii
2226 5423 2596 5484 collocantur,
2646 5435 2755 5474 non
2811 5420 2951 5473 alios
3007 5419 3201 5489 procul
3246 5419 3414 5474 dubio
3465 5435 3587 5475 esse

404 5626 453 5659 "
468 5627 564 5683 lib.
586 5644 604 5683 ι
630 5627 1009 5704 ϐοτηηιεηιηὶη
1035 5631 1240 5685 Habac.
1314 5634 1569 5689 7i‘homil.
1594 5635 1656 5689 ιι
1696 5636 1749 5691 in
1779 5636 1982 5691 Numer
2017 5649 2140 5704 cap.
2164 5646 2297 5686 XXIII
2322 5630 2506 5704 ;hor_n.
2529 5626 2875 5704 ﬁdiuslosue,
2904 5643 3024 5704 cap.
3058 5642 3192 5704 XXIII
3216 5627 3442 5704 :__b9l_nil-
3467 5625 3500 5681 6
3521 5626 3587 5704 in

333 5695 531 5770 lerem.
561 5714 694 5770 cap.
731 5714 829 5753 xu.

926 5703 1048 5773 "All
1082 5714 1243 5773 part.,
1281 5721 1335 5773 (ι.
1372 5706 1493 5761 ﬁll.
1528 5716 1634 5761 art.
1668 5708 1686 5759 I
1719 5708 1783 5761 ad
1814 5710 1865 5763 5.

1946 5708 1989 5737 ⁷⁷
2008 5700 2151 5759 Psal.
2179 5718 2365 5764 LXXIX,
2401 5700 2485 5753 14.

2585 5700 2628 5731 ⁷³
2666 5701 3059 5759 Iib.tl|,vtsi0n.
3094 5700 3147 5754 5.
3227 5700 3268 5729 ⁷⁵³
3293 5699 3387 5752 lib.
3433 5698 3534 5753 60‘}
3564 5736 3579 5760 ι

338 5767 536 5826 vision.
556 5769 610 5828 3.
628 5767 659 5812 ἶ
686 5772 730 5803 ⁸⁸
749 5770 843 5832 lib.
871 5788 931 5829 ιιι
967 5771 1043 5829 De
1065 5767 1159 5845 ῥά.
1181 5767 1313 5845 cap:
1339 5776 1428 5842 21,
1455 5777 1482 5847 §
1513 5777 1600 5831 8:2.
1677 5777 1717 5811 ⁸¹
1741 5778 1834 5835 lib.
1887 5794 1912 5833 ι.

2017 5776 2122 5832 mil.
2174 5774 2224 5829 3.
2304 5773 2349 5804 ⁸⁸
2370 5771 2462 5827 lib.
2506 5786 2593 5837 ιιι,
2627 5770 2794 5826 simil.
2823 5770 2876 5863 9τ
