4010 6150
585 250 695 325 ses

2008 278 2066 335 ει.
2105 281 2368 343 ΠΕΒΜΕ
3688 300 3757 359 856

585 396 763 481 quam.
778 380 1126 455 presbyteros
1149 401 1246 481 seu
1270 388 1600 447 sacerdotes.
1636 393 1749 449 Cur
1779 411 1907 452 vero
1935 399 2162 470 presby—
2190 408 2234 464 Α
2266 417 2380 454 nem
2401 443 2418 469 ,
2463 404 2623 459 salem
2672 412 2724 459 et
2767 421 2965 477 aquam
3008 408 3367 464 adhibendum
3413 413 3671 481 deﬁniunt!
3706 416 3755 471 lbi

585 470 687 527 teri
731 471 985 529 doctores
1032 476 1417 542 nominentur.
1468 482 1513 535 si
1559 488 1859 553 rogaveris,
1904 488 2083 547 disces
2127 508 2159 546 a

589 565 845 637 Dionysio
869 567 1261 633 Alexandrino,
1301 571 1392 639 qui
1429 573 1620 629 eodem
1653 577 1811 646 plane
1834 594 1898 634 ac
1931 578 2161 638 Hermas

581 674 751 715 sensu
796 660 939 729 apud
990 660 1285 717 Eusebium
1343 665 1483 720 dixit
1504 667 1586 721 ⁸³ε
1627 670 1975 739 Συγκαλέσας
2033 674 2160 738 τοὺς

580 748 985 822 πρεσϐυτέρους
1015 751 1108 805 καὶ
1151 752 1501 821 διδασκάλους
1532 760 1640 812 τῶν
1690 761 1748 813 ὲν
1788 766 1909 827 ταῖς
1945 764 2160 837 κώμαις

578 838 841 910 ἀδελφῶν.
892 840 1204 898 Convocatis
1245 849 1562 918 presbyteris
1604 868 1668 905 ac
1709 853 2033 923 doctoribus,
2061 859 2153 928 qui

577 948 670 1001 per
694 932 928 1004 singulos
962 951 1100 989 vicos
1126 937 1384 1007 fratribus
1415 942 1799 1010 pradicabant.
1832 946 1973 1014 Quid
2002 950 2150 1003 enim

578 1022 723 1077 aliud
764 1026 879 1079 haec
908 1026 1071 1081 verba
1104 1039 1331 1097 sonant,
1368 1033 1471 1088 nisi
1515 1036 1861 1109 presbyteros
1900 1055 1996 1110 per
2034 1042 2153 1095 siu-

577 1114 733 1182 gulos
788 1116 957 1181 vicos,
992 1117 1043 1172 id
1092 1128 1175 1175 est
1224 1122 1470 1177 vicorum
1524 1128 1799 1194 parochiis
1845 1131 2151 1198 praefuisse,

575 1213 736 1275 atque
765 1206 834 1261 ibi
867 1223 990 1262 cum
1014 1209 1273 1269 fratribus
1302 1216 1679 1286 praedicarent,
1700 1221 1954 1277 doctores
1981 1222 2153 1279 fuisse

574 1299 892 1368 appellatos.
926 1300 1082 1368 Quod
1119 1306 1335 1374 quidem
1368 1307 1798 1380 Chrysostomus
1830 1315 2000 1367 mth
2035 1316 2149 1370 cla-

573 1391 691 1446 rius
735 1392 1064 1466 breviusque
1107 1398 1361 1455 edisserit
1405 1402 1450 1434 ⁸⁵
1490 1423 1503 1458 :
1551 1402 1691 1457 Nam
1746 1415 1797 1460 et
1834 1406 2150 1477 presbyteris

572 1482 845 1549 Ecclesite,
882 1487 1077 1559 inquit,
1108 1507 1238 1545 cura
1282 1496 1540 1563 permissu
1571 1507 1649 1551 est
1690 1508 1739 1552 et
1783 1501 2146 1571 magisterium

573 1574 948 1650 (διδασκαλία).
980 1579 1135 1647 Quod
1173 1583 1238 1638 ad
1274 1585 1533 1654 proasides
1556 1589 1985 1649 ministeriorum
2022 1595 2149 1649 atti-

569 1677 682 1734 net,
710 1670 748 1724 ii
771 1671 998 1728 forsitan
1030 1676 1327 1747 presbyteri
1349 1694 1569 1749 quoque
1589 1692 1765 1738 erant.
1795 1682 1870 1739 De
1896 1686 2148 1743 diaconis

2264 505 2409 549 certe
2440 505 2670 567 utraque
2693 497 2905 568 jejunis
2946 509 3001 555 et
3041 511 3541 575 quarm-sexusque
3571 505 3758 571 ῐειὶςωι

2262 598 2359 639 sex
2387 585 2600 647 dierum
2637 586 2923 645 Paschalis
2951 591 3143 648 eadem
3181 594 3316 663 lege,
3349 603 3507 666 atque
3529 599 3757 665 apostolica

2259 678 2650 734 constitutione
2700 681 2912 737 sancita
2962 699 3083 739 esse
3129 687 3512 755 pronuntiavit.
3567 690 3754 745 Attamen

2260 767 2352 821 ubi
2390 769 2531 823 idem
2572 769 2909 841 Epiphanius
2934 787 3124 831 contra
3150 762 3442 846 Aerianos,
3459 779 3640 850 jejunia
3662 790 3757 836 stata

2257 857 2599 925 damnantcs,
2633 861 2908 931 disputat,
2939 880 3063 919 cum
3100 866 3202 922 hoc
3232 878 3548 938 praeceptum
3583 872 3758 926 maxime

2257 964 2452 1019 urgere
2491 951 2729 1019 deberet,
2768 953 2898 1009 illud
2944 956 2996 1011 iu
3039 958 3214 1013 solam
3262 962 3677 1016 consuetudinem
3708 963 3758 1016 ita

2257 1039 2497 1097 refundit
2520 1044 2795 1100 ":Porro
2843 1049 3027 1103 diebus
3081 1053 3210 1122 ipsis
3260 1052 3594 1110 Paschatis...
3630 1057 3758 1111 arida-

2256 1151 2374 1188 rum
2415 1136 2651 1192 ciborum
2683 1157 2803 1207 usu,
2834 1144 3096 1212 precibus,
3129 1146 3348 1217 vigiliis,
3374 1147 3638 1216 jejuniis...
3664 1151 3756 1202 celt-

2255 1224 2407 1281 brare
2442 1227 2688 1285 solemus.
2731 1231 2810 1287 Ex
2841 1250 2952 1304 quo
2992 1252 3097 1291 non
3139 1239 3379 1295 absurde
3409 1239 3616 1295 forsitan
3648 1242 3756 1296 colli-

2253 1336 2371 1391 gas,
2395 1321 2617 1377 verbum
2641 1326 3097 1396 παρᾳγγέλλουσι,
3117 1331 3397 1399 deﬁniunt,
3421 1333 3554 1403 quod
3568 1334 3759 1403 superius

2254 1412 2527 1475 adhibuit,
2566 1430 2674 1468 non
2709 1416 2855 1471 aliud
2887 1419 3198 1490 signiﬁcare
3222 1439 3389 1493 quam
3419 1425 3678 1480 admonent
3698 1423 3754 1480 vel

2253 1503 2564 1573 hortantur,
2586 1510 2693 1562 n'on
2722 1518 2901 1564 autem
2928 1514 3272 1584 praecipiunt,
3294 1516 3503 1586 jubent,
3528 1521 3750 1586 imperant.

2252 1586 2310 1650 In
2366 1597 2529 1668 hujus
2591 1610 2773 1655 autem
2828 1604 3214 1675 explicationis
3269 1608 3643 1664 ﬁrmamentum
3680 1624 3751 1662 non

2253 1690 2384 1745 illud
2428 1693 2605 1751 solum
2654 1697 2847 1752 adduci
2902 1706 3111 1771 potest,
3153 1703 3303 1773 quod
3357 1703 3586 1759 historici
3626 1702 3753 1757 varias

566 1763 768 1819 ctenim
816 1763 1046 1823 Hermas
1094 1770 1259 1838 paulo
1288 1781 1413 1826 ante
1455 1773 1666 1857 dixerat
1693 1793 1706 1829 :
1730 1774 1967 1832 Miaistri
2010 1781 2147 1835 male
2182 1767 2225 1827 Β
2254 1780 2620 1841 Ecelesiarum
2656 1782 2725 1845 de
2765 1790 2915 1847 hisce
2946 1793 3169 1863 jejuniis
3206 1794 3378 1851 fuisse
3407 1796 3753 1851 consuetudines

566 1855 1017 1915 ministraveruut.
1050 1861 1133 1915 Ab
1162 1860 1229 1917 iis
1260 1872 1442 1918 autem
1474 1852 1629 1919 venit
1662 1866 1731 1920 ad
1775 1870 2143 1941 presbyteros,

565 1947 660 2016 qui
712 1964 836 2005 cum
886 1950 1134 2008 diaconis
1178 1955 1485 2023 superiores
1525 1966 1728 2023 essent,
1756 1974 1853 2014 eos
1891 1962 2142 2029 prasides

566 2041 985 2098 ministeriorum
1008 2048 1341 2117 nuncupavit
1369 2048 1434 2103 ⁸⁸.
1468 2047 1522 2102 Si
1548 2051 1673 2120 quis
1703 2061 1882 2107 tamen
1912 2064 2141 2111 conten-

564 2131 657 2187 dat
691 2135 910 2201 eosdem
954 2139 1206 2207 prtesides
1248 2141 1664 2194 ministeriorum
1704 2158 1813 2196 non
1855 2144 1992 2199 alios
2022 2160 2145 2201 esse

563 2239 727 2293 quam
759 2225 1043 2294 diaconos,
1075 2230 1202 2300 quia
1230 2241 1284 2285 et
1322 2232 1424 2302 ipsi
1463 2231 1699 2287 ministri
1739 2244 1916 2303 erant,
1954 2244 2008 2290 et
2037 2236 2142 2291 mi-

562 2316 804 2374 nisteriis
826 2320 1046 2392 inopum
1072 2332 1126 2378 et
1145 2323 1431 2379 viduarum
1458 2340 1691 2395 prteesse
1712 2324 2003 2393 debebant,
2030 2346 2139 2386 non

560 2413 788 2469 omnino
818 2416 1264 2487 repugnabimus.

1031 2527 1433 2585 AIiTlCULUS
1469 2530 1659 2587 XXIII.

1110 2621 1183 2675 De
1220 2624 1581 2694 meropltagiis.

630 2705 883 2774 Quaerent
924 2708 1017 2764 alii
1062 2726 1161 2763 cur
1196 2722 1383 2780 pastor
1421 2723 1530 2768 tam
1574 2730 1823 2772 severum
1863 2716 2134 2786 jejunium

556 2796 770 2854 Hermas
797 2801 1055 2855 indixerit
1080 2821 1093 2856 ε
1120 2802 1229 2856 .llla
1263 2804 1367 2871 die,
1402 2805 1579 2876 inquit
1608 2808 1677 2874 “,
1699 2826 1804 2879 qua
1834 2809 2134 2879 jejunabis,

555 2892 689 2946 nihil
723 2893 934 2947 omnino
964 2896 1222 2965 gustabis,
1253 2898 1359 2951 nisi
1382 2915 1569 2967 panem
1604 2910 1655 2955 et
1680 2919 1897 2971 aquam.
1934 2901 2134 2957 Hiero—

553 3002 754 3057 nymus
794 2986 1012 3057 quidem
1057 2990 1099 3020 '7
1146 2990 1276 3045 illud
1319 2994 1531 3049 caeteris
1587 2995 1847 3050 omnibus
1890 2995 2132 3051 fortissi-

2248 1882 2491 1938 narrent,
2523 1891 2714 1931 verum
2744 1880 2908 1934 etiam
2930 1883 3075 1952 quod
3111 1883 3305 1939 iisdem
3342 1878 3576 1951 testibus,
3603 1885 3751 1955 aliquid

2246 1961 2312 2016 de
2343 1966 2630 2022 severitate
2673 1968 2845 2039 hujus
2863 1972 3060 2042 jejunii
3090 1974 3143 2028 in
3177 1976 3451 2046 aliquibus
3493 1977 3657 2032 saltem
3683 1976 3749 2030 Ec-

2244 2053 2426 2111 clesiis
2460 2060 2623 2128 paulo
2654 2071 2775 2130 post
2804 2065 3094 2121 remissum
3126 2068 3220 2122 sit.
3253 2067 3458 2123 Auctor
3484 2069 3611 2122 enim
3651 2060 3747 2117 Cou-

2241 2150 2576 2209 stitutionum
2606 2157 3018 2224 apostolicarum
3067 2159 3194 2226 pani
3217 2168 3272 2212 et
3295 2174 3450 2229 aquae
3474 2160 3547 2214 sal
3569 2167 3614 2211 et
3638 2156 3744 2208 olera

2243 2241 2531 2308 superaddi
2567 2243 2759 2300 lubens
2796 2248 3051 2302 concedit
3081 2267 3093 2303 :
3124 2247 3191 2301 In
3224 2250 3409 2305 diebus
3444 2266 3556 2320 ergo
3586 2244 3749 2299 Pascha

2236 2330 2480 2401 jejunure
2528 2336 2836 2405 incipientes
2865 2355 2898 2391 α
2926 2340 3062 2406 feria
3106 2342 3343 2396 secunda
3385 2357 3535 2411 usque
3577 2339 3635 2391 ad
3672 2335 3748 2389 Ριι⁴

2244 2439 2485 2479 rasceven
2513 2436 2563 2480 et
2590 2425 2883 2485 Sabbatum
2900 2474 2913 2496 ,
2942 2448 3034 2498 per
3055 2449 3147 2486 sex
3170 2434 3284 2488 dies
3305 2434 3417 2489 solo
3438 2442 3616 2487 utentes
3638 2444 3746 2499 pm,

2241 2515 2373 2583 sale,
2403 2516 2630 2572 oleribus
2656 2531 2705 2575 et
2736 2539 2889 2592 aquw
2917 2533 3065 2592 potu.

2712 2632 3114 2691 AliTICULUS
3148 2636 3348 2697 XXIV.

2382 2717 2458 2775 De
2496 2726 2825 2778 matrimonii
2860 2727 3068 2781 vinculo
3099 2746 3373 2801 nunquam
3411 2729 3644 2785 solvendo.

2311 2809 2389 2866 Ex
2435 2814 2689 2871 obscuris
2735 2814 2948 2873 llerma:
2991 2820 3129 2876 locis
3174 2823 3243 2876 ad
3291 2838 3356 2877 ea
3402 2821 3742 2893 progrediamur

2235 2918 2359 2975 qua:
2382 2905 2502 2960 luce
2530 2907 2889 2979 claritateque
2922 2927 3019 2967 sua
3053 2915 3416 2983 quaestionem
3441 2915 3504 2969 de
3530 2924 3742 2982 nunquam

2235 2996 2495 3052 solvendo
2526 3000 2782 3055 connubii
2819 3018 2982 3067 nexu,
3013 3018 3178 3074 quam
3213 3005 3649 3067 obscurissimam,
3673 3003 3744 3057 im-

552 3095 702 3133 muni
738 3078 1007 3149 jejunium
1037 3098 1161 3138 esse
1192 3085 1490 3153 proﬁtetur.
1528 3083 1750 3141 Solebat
1786 3095 1966 3143 tamen
2001 3089 2129 3144 olim
2158 3107 2200 3165 ο
2234 3087 2641 3156 plicatissintam
2680 3100 2733 3144 et
2772 3091 3140 3150 difﬁcillimam
3188 3084 3331 3151 dixit
3372 3097 3669 3169 Augustinus
3695 3094 3743 3156 ",

551 3190 584 3229 ιι
634 3174 963 3231 Christianis
1024 3177 1216 3231 ultima
1273 3178 1717 3250 Quadragesima:
1786 3182 2129 3239 hebdomada

551 3267 854 3322 observari.
888 3265 998 3323 Nec
1039 3270 1236 3325 desunt
1276 3272 1368 3340 qui
1410 3271 1551 3326 hanc
1588 3274 1977 3345 xerophagiam
2010 3277 2132 3346 tege

551 3358 733 3429 aliqua
763 3360 1132 3430 praescriptam
1162 3371 1448 3429 censeant;
1484 3376 1538 3418 et
1565 3363 1619 3419 id
1643 3365 1866 3434 quidem
1896 3367 2130 3435 probare

549 3452 800 3507 nituntur
840 3467 906 3508 ex
939 3451 1276 3508 Tertulliano
1316 3454 1433 3524 qui,
1464 3453 1922 3511 Montanistaruin
1956 3458 2129 3512 luere-

548 3545 651 3599 sim
678 3547 1038 3616 amplexatus,
1057 3548 1432 3608 deCatbolieis
1454 3549 1707 3605 dicebat:
1735 3551 1980 3621 Arguunt
2009 3567 2123 3616 nos,

547 3637 687 3705 quod
721 3637 885 3691 etiam
923 3638 1271 3709 xerophagias
1316 3640 1666 3706 observemus,
1699 3652 1804 3698 etc.
1836 3642 1943 3698 Sed
1981 3644 2122 3699 idem

550 3731 667 3801 ipse
742 3728 1111 3786 Tertullianus
1177 3732 1383 3787 addidit
1432 3753 1445 3787 :
1492 3733 1727 3806 Denique
1793 3739 2120 3807 respondetis

548 3826 766 3894 (nempe
794 3822 1083 3895 Catholici)
1115 3826 1225 3879 lucc
1270 3841 1335 3880 ea:
1372 3826 1597 3881 arbitrio
1636 3830 1985 3895 observanda,
2017 3849 2121 3888 non

544 3928 613 3968 ea:
639 3913 879 3982 imperio.
909 3912 1066 3968 Nulla
1103 3915 1268 3985 igitur
1292 3917 1407 3987 lege
1428 3918 1697 3987 ejusmodi
1730 3920 1962 3991 jejunia,
1987 3932 2123 3979 teste

546 4002 903 4067 Tertulliano,
936 4006 1137 4061 indicta
1172 4017 1348 4071 erant,
1379 4009 1471 4063 sed
1499 4025 1566 4065 ex
1599 4010 1867 4082 cujusque
1892 4014 2122 4070 arbitrio

545 4097 996 4153 observabantur.
1050 4098 1391 4169 Quapropter
1437 4100 1783 4171 Epiphanius
1818 4105 2005 4162 isthazc
2053 4109 2121 4163 ad

544 4190 1028 4256 consuetudinem,
1076 4208 1181 4247 non
1231 4192 1298 4246 ad
1350 4203 1677 4264 praeeptum
1718 4196 1799 4250 sic
1841 4197 2006 4253 refert
2027 4202 2115 4254 ﬂ":

545 4282 814 4336 Prtrterea
856 4298 947 4336 sex
992 4283 1111 4337 illos
1160 4285 1272 4338 dies
1318 4286 1675 4357 xerophagiis,
1701 4288 1799 4342 hoc
1838 4299 1916 4343 est
1962 4293 2117 4346 arido

541 4373 703 4436 victu,
724 4374 952 4427 transire
980 4375 1204 4443 populus
1236 4378 1405 4429 onmis
1432 4379 1682 4442 assuevit,
1704 4381 1799 4433 hoc
1830 4390 1906 4433 est
1928 4398 2118 4450 panem

2234 3179 2514 3235 illustrare
2565 3192 2819 3251 possunt.
2867 3183 3033 3241 Docet
3077 3187 3229 3242 enim
3292 3190 3510 3245 Hermas
3550 3189 3647 3242 viro
3676 3180 3742 3254 qui

2234 3286 2460 3327 uxorem
2495 3288 2651 3326 suam
2697 3275 3001 3331 adulteram
3051 3279 3346 3350 dimiserit,
3376 3299 3436 3338 ea
3468 3284 3665 3343 vivente.
3687 3275 3744 3331 ιι·

2231 3369 2403 3417 teram
2448 3364 2647 3420 ducere
2692 3366 2746 3419 in
2794 3369 3210 3426 matrimonium
3266 3374 3347 3430 las
3399 3390 3501 3430 non
3542 3363 3740 3429 δεδεεεί

2228 3458 2597 3523 permanserit,
2625 3458 2802 3529 inquit
2835 3462 2900 3527 θ’,
2936 3462 2989 3515 in
3032 3464 3157 3516 vitio
3200 3482 3299 3520 suo
3334 3467 3531 3531 mulier,
3558 3463 3737 3518 dimittet

2229 3543 2383 3598 illam
2427 3547 2533 3613 vir,
2572 3559 2619 3602 et
2649 3565 2741 3617 per
2769 3567 2822 3603 se
2854 3564 3087 3608 maneat.
3136 3555 3295 3619 Quod
3320 3558 3367 3611 si
3395 3554 3628 3610 dimiserit
3658 3564 3739 3603 nut-

2227 3634 2404 3690 lierem
2427 3654 2601 3704 suam,
2630 3649 2678 3693 et
2710 3642 2875 3694 aliam
2898 3644 3134 3711 duxerit,
3156 3656 3205 3699 et
3233 3649 3342 3717 ipse
3370 3648 3644 3702 ntmcltatur.
3670 3640 3736 3694 llis

2227 3737 2410 3783 autem
2454 3729 2664 3786 Hermae
2702 3734 2880 3789 verbis
2924 3736 3153 3805 quidam
3194 3740 3530 3805 refelluntur,
3559 3732 3737 3792 maxime

2224 3835 2354 3875 vero
2399 3821 2762 3891 Chemnitius,
2807 3826 2900 3895 qui
2954 3830 3218 3885 audacter
3260 3822 3454 3890 asserit
3473 3832 3515 3864 ⁸³
3541 3824 3737 3900 (ιυῑυειὶοι

2225 3928 2349 3966 nem
2381 3912 2523 3967 hanc
2554 3925 2678 3984 post
2706 3916 2999 3992 Augustini
3030 3928 3277 3992 tempora
3310 3923 3565 3977 horridius
3598 3918 3734 3983 displ-

2225 4006 2351 4059 tari.
2399 4003 2589 4061 Patres
2649 4022 2778 4062 vero
2846 4012 3036 4066 eodem
3093 4013 3401 4085 Augustino
3467 4010 3735 4079 antiquiores

2223 4110 2327 4147 non
2368 4094 2533 4161 adeo,
2569 4097 2777 4168 inquit,
2815 4100 3030 4170 fuerunt
3080 4107 3277 4175 asperi,
3322 4106 3465 4170 duri,
3499 4098 3670 4156 horridi
3699 4105 3733 4147 tt

2221 4186 2497 4253 immanes,
2516 4197 2575 4242 ut
2602 4190 2821 4261 eonjugi
2853 4191 3129 4248 innocenti
3156 4197 3389 4251 alterum
3422 4189 3617 4248 iucundi
3636 4200 3732 4242 con—

2222 4280 2452 4335 nubium
2487 4283 2800 4339 facultatem
2840 4288 3197 4357 negaverint;
3235 4290 3327 4344 sed
3360 4290 3637 4349 docuerunt,
3665 4279 3732 4334 ait.

2221 4375 2434 4438 rectius,
2461 4379 2827 4444 praestantius,
2857 4389 2906 4432 et
2951 4381 3234 4450 perfectius
3273 4399 3401 4449 esse,
3425 4382 3471 4435 si
3499 4379 3634 4433 etiam
3666 4368 3730 4425 ἕπε

542 4464 809 4518 duntaxat
841 4482 960 4519 cum
983 4483 1123 4537 aqua
1158 4468 1253 4520 sub
1297 4484 1564 4537 vesperam
1603 4469 1871 4527 adhibere.
1911 4471 1969 4527 Si
2001 4473 2119 4543 lege

2229 4467 2310 4534 qui
2351 4466 2415 4520 ab
2456 4467 2703 4547 adultera
2746 4483 3023 4540 separatus
3054 4482 3155 4540 est,
3186 4475 3263 4529 vel
3299 4482 3502 4529 maneat
3530 4470 3626 4524 sine
3648 4479 3734 4517 can-

539 4558 665 4611 data
705 4558 1049 4630 xerOphagiae
1091 4559 1402 4616 constituta:
1441 4560 1690 4627 fuissent,
1722 4565 1789 4619 de
1823 4564 1889 4621 iis
1923 4566 2116 4627 eodem

2229 4557 2386 4627 legio,
2416 4559 2494 4612 vel
2529 4562 2923 4616 reconciliatam
2955 4580 3173 4618 uxorem
3205 4583 3387 4621 rursus
3418 4562 3627 4633 recipiat.
3652 4550 3728 4607 Sed

538 4663 605 4702 ac
643 4648 711 4702 de
757 4659 965 4719 quarta:
1004 4659 1059 4705 et
1100 4660 1267 4706 sexta:
1317 4651 1463 4707 feriae
1498 4654 1712 4723 jejunio
1752 4656 2110 4727 scripsisset:

539 4735 675 4794 Item
704 4753 911 4812 quarta
928 4752 979 4796 et
1010 4754 1162 4797 sexta
1192 4745 1329 4813 feria
1344 4744 1609 4814 jejunium
1637 4748 1707 4801 ad
1734 4747 1920 4827 horam
1947 4767 2111 4821 usque

537 4848 730 4886 nonum
772 4834 1096 4890 indictum...
1140 4835 1267 4890 Ideo
1306 4854 1399 4906 per
1438 4839 1562 4893 illos
1614 4840 1725 4894 dies
1756 4841 2115 4910 jejunandum

533 4941 646 4979 esse
684 4926 1020 4981 decreverant
1072 4930 1318 4998 apostoli.
1362 4930 1453 4993 At,
1483 4933 1717 5000 inquies,
1753 4935 1923 5004 legem
1969 4937 2109 4994 banc

534 5018 627 5073 ille
669 5020 797 5075 alibi
836 5036 1228 5077 commemorat
1250 5024 1295 5055 ⁸⁸
1323 5040 1337 5076 :
1366 5023 1506 5088 Quid
1550 5024 1620 5090 si,
1646 5024 1845 5092 aiebat,
1871 5043 1936 5081 ea:
1975 5045 2107 5098 apo-

531 5113 792 5166 stolorum
840 5115 1215 5168 constitutione
1270 5115 1547 5183 repetenda
1605 5117 1753 5170 nobis
1809 5121 2106 5175 auctoritas

529 5213 643 5269 est;
673 5220 770 5259 cur
812 5205 920 5258 illis
960 5218 1167 5276 quarta:
1206 5218 1468 5277 sameque
1498 5208 1646 5275 ferite
1683 5208 1953 5277 jejunium
1986 5228 2107 5280 per—

529 5307 689 5368 petua
733 5298 842 5369 lege
886 5301 1158 5363 sancitur,
1192 5309 1411 5368 excepta
1462 5298 1804 5355 Pentecoste?
1850 5301 1961 5357 Cur
2011 5319 2104 5365 sea:

531 5386 811 5443 Pascbatis
846 5390 1029 5445 diebus
1071 5390 1203 5444 nihil
1242 5392 1453 5446 omnino
1482 5391 1551 5445 ad
1581 5392 1755 5446 cibum
1788 5404 1981 5462 prazter
2006 5388 2103 5463 pa-

678 5506 1161 5586 Euseb.,_ll_i_stor.
1211 5512 1448 5586 libavu,
1481 5529 1600 5586 cap.
1638 5515 1731 5569 24.

1812 5516 2066 5571 “ltomil.
2118 5518 2173 5571 in
2206 5516 2379 5586 Epist.
2416 5514 2435 5569 ι
2466 5517 2536 5570 ad
2574 5488 2803 5571 τιηιόιιι.

2220 4664 2385 4717 quant
2416 4648 2591 4705 falsus
2630 4652 2698 4706 sit
2724 4650 3092 4723 Chemnitius,
3120 4672 3187 4711 ex
3217 4668 3404 4712 nostro
3430 4648 3730 4735 perspicimus

2218 4738 2439 4821 Ilerma,
2470 4743 2586 4812 qui,
2612 4745 2715 4799 etsi
2745 4747 3053 4817 Augustino
3082 4749 3242 4821 longe
3270 4750 3557 4819 antiquior,
3578 4738 3725 4798 eodem

2224 4820 2405 4888 tamen
2454 4850 2520 4889 ac
2564 4835 2655 4890 ille
2694 4839 2857 4893 modo
2900 4820 3474 4913 ejusmodiicoujugia
3516 4826 3728 4892 adulteria

2217 4942 2341 4982 esse
2387 4926 2647 4983 deﬁnivit.
2707 4930 2851 4986 Idem
2895 4909 3270 5005 Athenagoras
3306 4909 3359 4988 et
3398 4909 3649 4989 .Iustinus,
3684 4925 3726 4974 υι

2216 5019 2335 5075 suis
2379 5020 2517 5075 locis
2550 5022 2872 5089 videbimus,
2904 5040 3003 5080 nec
3043 5042 3153 5080 non
3183 5036 3237 5081 et
3265 5024 3507 5080 Clemens
3536 5018 3727 5073 Alexan-

2214 5112 2410 5167 drinus
2449 5114 2496 5143 ³⁸
2536 5125 2875 5172 asseverant.
2936 5115 3184 5187 Denique
3230 5117 3284 5172 id
3325 5116 3644 5172 conﬁrmatur
3671 5114 3720 5205 tl

2215 5208 2450 5280 Origene
2485 5209 2626 5280 ipso,
2654 5221 2817 5281 atque
2858 5209 3210 5283 Hieronymo,
3243 5228 3379 5283 quos
3408 5210 3459 5264 in
3496 5202 3721 5274 opinionis

2209 5318 2323 5357 sua:
2344 5303 2812 5369 conﬁrmationem
2841 5302 3187 5362 Chemnitius
3212 5305 3451 5378 protulit.

2279 5392 2479 5465 Objicit
2504 5395 2650 5449 enim
2682 5396 2797 5451 [nec
2822 5396 3069 5467 Origenis
3098 5401 3259 5454 verba
3283 5398 3327 5430 "
3348 5416 3359 5451 :
3379 5394 3491 5450 Scio
3510 5382 3717 5457 quosdam

2907 5518 2952 5551 "
2986 5518 3082 5574 lib.
3143 5536 3225 5583 ιιι,
3254 5514 3411 5571 simil.
3442 5510 3500 5573 5,
3528 5491 3714 5583 wish}

527 5573 699 5667 gini.
759 5560 1150 5667 ίιῇὲῑιειιιᾙδ.
1212 5560 1814 5667 Ἐρἷιῖῗξξξρη

2229 5560 2399 5659 ῐὲίῗξ
2419 5560 2876 5667 '2'éT___'s'5"13§é}f¢s.
2921 5560 3094 5663 757‘s
3120 5560 3225 5667 61'"
3248 5560 3525 5667 ῖὲἶῖξςεέῖ,
3544 5560 3713 5667 ἶῗτὲἓ·

527 5644 573 5678 ⁹¹
597 5646 691 5703 lib.
738 5663 759 5713 ιι
784 5648 874 5728 ,οε
910 5650 1141 5728 adulter.
1169 5644 1403 5728 coniugi,
1440 5672 1489 5711 ρ.
1524 5657 1618 5728 25.
1646 5656 1675 5727 §
1705 5658 1884 5728 32;,et
1911 5644 2002 5712 lib.
2038 5674 2072 5713 ιι
2102 5658 2132 5710 ll

2229 5644 2413 5721 aetat:
2443 5674 2493 5713 c.
2526 5658 2615 5713 57.
2693 5658 2737 5691 ”
2762 5658 2854 5713 ιιι».
2889 5644 3234 5728 1|,inaondat.
3262 5658 3311 5713 ι.
3386 5652 3431 5685 ν’
3478 5648 3526 5703 in
3552 5649 3695 5697 cano“

528 5730 625 5785 vn,
662 5718 891 5779 scssiun.
922 5720 1013 5785 ‘2‘,
1049 5736 1202 5779 conc.
1232 5718 1478 5782 Trideat.
1505 5795 1519 5803 _
1556 5727 1601 5761 "
1621 5718 1713 5784 lib.
1742 5746 1777 5784 ιι
1800 5727 2029 5803 Strom._
2076 5730 2296 5786 "tract.
2326 5729 2358 5782 7
2378 5718 2431 5782 in
2464 5728 2654 5784 Matth.
