4010 6150
254 304 371 361 851

1540 264 1857 347 mtas:
1878 253 2350 337 :mom.

259 421 363 492 qui
394 425 632 482 prosunt
681 412 957 478 Ecclesiis,
1002 415 1155 463 extra
1182 404 1519 475 Scripturam
1557 398 1859 471 permisisse
1891 401 1932 459 Α
1963 393 2225 468 phanium
2257 391 2369 445 illic
2392 388 2460 444 de
2479 386 2682 457 nuptiis
2710 394 2834 457 post
2868 382 3118 456 conjugis
3145 393 3375 439 mortem
3399 397 3499 434 (‘Illl

259 514 506 581 aliquam
532 507 743 569 nubere,
766 503 938 573 priori
959 501 1071 554 viro
1094 498 1314 552 vivente.
1348 495 1418 549 At
1454 494 1686 563 ipsemet
1715 504 1853 543 con-

260 580 450 657 festini
500 599 685 655 subdit
712 614 727 651 :
753 594 822 649 Et
866 602 1051 647 contra
1090 587 1420 659 Scripturam
1471 582 1683 653 quidem
1725 580 1871 656 feces

261 702 417 758 runt,
448 692 704 745 dicentem
726 703 745 741 :
772 718 792 739 ι
819 684 1014 740 Mulier
1048 682 1216 754 ligata
1244 689 1344 741 est.
1371 699 1389 730 ι
1423 686 1531 732 etc.
1554 673 1675 729 Non
1708 671 1852 727 ditii-

263 795 450 840 temur
499 783 719 854 quidem
776 779 901 833 illos
939 778 1126 846 aliqua
1165 790 1233 829 ex
1273 782 1427 844 parte
1472 769 1730 826 excusari
1781 766 1869 821 ab.

262 875 534 947 Origene,
581 874 675 944 qui
725 870 1017 941 subjunxit
1060 867 1401 934 continenter
1450 882 1464 917 :
1507 860 1633 916 Non
1677 871 1854 914 tamen

262 970 483 1024 omnino
511 969 624 1022 sine
658 981 823 1020 causa
860 964 971 1018 haec
1010 961 1397 1031 permiserunt;
1445 956 1674 1026 forsitan
1712 953 1852 1007 enim

263 1056 821 1127 ompter'hujusmodi
869 1052 1239 1124 inﬁmitatem
1277 1047 1717 1104 incontinentiam
1758 1045 1855 1098 ho-

260 1149 505 1208 minum,
556 1146 796 1216 pejorum
855 1142 1281 1214 comparatione,
1323 1156 1441 1211 qua:
1469 1136 1639 1199 _mala
1695 1144 1852 1201 sunt,
1908 1192 1917 1195 ,

257 1241 614 1311 permiserunt
647 1238 897 1293 adversus
926 1253 1012 1301 ea,
1042 1250 1160 1306 qua:
1190 1232 1254 1287 ab
1280 1233 1436 1287 initio
1467 1232 1681 1302 fuerunt
1710 1228 1849 1283 scri‘

256 1341 381 1396 pta.
439 1331 536 1387 Vir
588 1341 769 1386 autem
815 1330 904 1385 ille
943 1327 1300 1383 doctissimus
1329 1342 1359 1379 a
1391 1325 1553 1394 culpa
1602 1338 1731 1388 eos,
1772 1320 1851 1375 uti

255 1426 443 1492 vides,
480 1441 587 1479 nou
635 1424 849 1478 liberat.
891 1421 962 1475 At
1013 1421 1069 1474 in
1117 1433 1184 1474 eo
1220 1410 1450 1473 tantum
1502 1413 1852 1471 excusandas

256 1534 392 1575 esse
430 1527 636 1581 censet,
670 1515 817 1586 quod
852 1514 1035 1568 minus
1068 1511 1297 1575 malum,
1331 1519 1391 1565 ut
1432 1508 1611 1577 majus
1648 1506 1854 1561 devita-

258 1616 454 1675 retur,
494 1609 880 1678 permiserunt.
936 1603 1088 1660 Hanc
1142 1613 1324 1658 tamen
1378 1599 1849 1671 permissionem,

260 1701 622 1772 quantumvis
656 1700 803 1770 justa
848 1699 1135 1763 videatur,
1179 1693 1497 1752 auctoritati
1549 1692 1850 1762 Scriptura:

264 1806 444 1847 sacra:
472 1806 773 1861 repugnare
801 1790 1026 1855 asserit;
1061 1787 1397 1858 proindeque
1422 1783 1693 1854 ejusmodi
1723 1798 1852 1838 con—

264 1885 438 1939 nubia
464 1876 533 1937 ab
551 1883 738 1937 eadem
772 1882 1052 1952 Scriptura
1083 1879 1350 1951 proscribi
1376 1888 1433 1933 et"
1456 1876 1709 1931 damnari
1741 1892 1849 1931 non

266 1975 505 2031 obscure
532 1974 827 2044 significat.

344 2085 705 2157 Hieronymus
740 2102 889 2152 vero,
923 2101 1082 2157 quem
1113 2086 1280 2140 etiam
1313 2076 1661 2139 Chemnitius
1686 2082 1850 2138 nobis

267 2179 480 2249 objicil,
504 2178 607 2249 ipsi
638 2178 819 2233 adhuc
846 2179 1126 2248 midtoque
1154 2176 1370 2246 planius
1399 2192 1565 2246 quam
1588 2172 1852 2245 Origenes

270 2269 615 2334 adversatur.
652 2267 750 2325 Ubi
782 2271 981 2342 quippe
1028 2269 1092 2324 ad
1138 2266 1415 2324 Oceanum
1444 2266 1633 2323 scribit
1656 2267 1703 2298 "
1752 2264 1854 2319 Fa-

271 2363 475 2418 biolam
525 2362 669 2429 ideo,
720 2362 900 2433 priore
947 2363 1065 2416 viro
1110 2376 1213 2415 suo
1255 2360 1491 2420 vivente.
1539 2356 1695 2412 alteri
1744 2372 1853 2410 nu-

270 2456 471 2526 psisse,
503 2456 631 2527 quia
664 2462 999 2525 persuaserat
1028 2453 1149 2516 sibi,
1179 2461 1228 2505 et
1271 2449 1493 2522 putabat
1533 2451 1702 2503 virum
1733 2467 1765 2503 a
1800 2465 1855 2504 se

271 2547 392 2601 iure
422 2548 721 2612 dimissum,
766 2546 1032 2600 continuo
1063 2530 1385 2613 subiungit:
1417 2540 1530 2595 Nec
1578 2541 1854 2612 Evangelii

269 2640 498 2710 rigorem
533 2645 768 2700 noverat,
807 2637 862 2688 in
898 2650 999 2704 quo
1029 2632 1256 2687 nubendi
1298 2631 1544 2684 universa
1586 2629 1850 2693 causatio,

262 2728 561 2782 viventibus
606 2727 757 2793 viris,
796 2726 1006 2795 feminis
1051 2732 1382 2793 amputatur.
1419 2720 1617 2776 Narrat
1658 2719 1855 2775 deinde

256 2819 548 2892 quomodo
573 2817 794 2873 Fabiola
828 2816 1100 2887 publicam
1136 2813 1368 2884 hujusce
1404 2810 1629 2867 secundi
1662 2810 1854 2881 conju-

258 2913 370 2985 gii,
400 2928 510 2967 non
543 2926 704 2967 secus
733 2925 797 2964 ac
826 2908 871 2964 si
896 2908 1223 2969 adulterium
1251 2904 1643 2967 commisisset,
1674 2902 1854 2974 ponii—

262 3000 503 3056 tentiam
537 2998 732 3071 egerit.
770 2996 889 3052 Non
922 2997 1100 3053 solum
1145 3005 1325 3050 autem
1374 2993 1447 3047 ibi
1490 2992 1855 3063 Hieronymus

1960 484 2244 541 trahendis
2279 483 2592 553 disputare;
2622 482 2705 536 vel
2733 480 2868 534 nihil
2896 477 3033 534 certi
3061 472 3130 533 ex
3159 476 3329 547 ipsius
3359 482 3532 534 textu,

1954 578 2129 633 donec
2163 578 2507 643 emendetur,
2535 590 2697 645 posse
2723 572 2954 627 deliniri.

2026 670 2247 726 Certum
2276 679 2361 741 est
2386 669 2550 739 igitur
2587 670 2728 723 hanc
2758 666 2929 721 fuisse
2958 664 3181 720 Patrum
3208 663 3370 718 etiam
3407 668 3533 717 alite

1954 764 2244 835 Augustini
2282 770 2497 818 aetatem
2525 759 2873 822 sententiam,
2899 757 3215 827 conjugium
3247 754 3391 811 nullr
3428 767 3536 808 tn-

1953 876 2118 931 quam
2142 859 2211 913 de
2237 873 2404 912 causa
2432 871 2463 911 a
2488 868 2766 924 quoquam
2798 850 2935 905 solvi
2959 864 3138 919 posse.
3166 847 3221 902 Si
3250 848 3377 917 quid
3402 859 3535 903 σθω

1954 962 2142 1008 contra
2178 950 2263 1004 vel
2287 949 2551 1017 scriptum
2585 947 2669 1000 vel
2697 944 2899 999 factum
2928 941 3258 1013 proferatur,
3288 940 3418 994 illud
3449 937 3534 995 vel

1952 1045 2185 1099 minoris
2225 1041 2457 1111 alicujus
2494 1039 2644 1098 mali.
2682 1054 2793 1107 quo
2824 1035 2972 1090 aliud
3018 1033 3198 1103 majus
3246 1040 3529 1102 peccatum

1953 1140 2273 1200 evitaretur,
2306 1133 2593 1188 tolerantia
2631 1129 2754 1193 fuit,
2795 1128 2876 1182 vel
2905 1136 3051 1182 certe
3077 1127 3286 1180 abusus
3311 1123 3531 1191 aliquis,

1954 1246 1985 1285 a
2013 1229 2227 1286 caeteris
2256 1225 2514 1281 omnibus
2541 1222 2906 1291 improbatus.

2024 1342 2368 1412 Quapropter
2396 1344 2698 1409 provocant
2726 1350 2826 1389 nos
2860 1330 3160 1387 adversarii
3192 1329 3259 1383 ad
3288 1328 3533 1383 divinant

1952 1436 2191 1491 Matthzei
2237 1432 2645 1496 auctoritatem,
2668 1428 2760 1498 qui
2792 1425 3065 1497 expressis
3100 1423 3280 1478 verbis
3308 1422 3531 1477 statuit;

1957 1529 2141 1585 Omnis
2170 1527 2261 1591 qui
2301 1524 2564 1578 dimiserit
2622 1536 2839 1591 uxorem
2878 1533 3066 1581 suam,
3094 1524 3312 1583 excepta
3367 1513 3539 1583 forni-

1954 1621 2177 1676 cationis
2224 1634 2407 1682 causa,
2466 1616 2596 1687 facit
2657 1627 2773 1668 eam
2834 1611 3117 1673 mwchari;
3150 1616 3205 1662 et
3246 1625 3259 1662 :
3307 1605 3538 1661 Maelia-

1955 1725 2077 1778 tur;
2101 1721 2151 1768 et
2173 1712 2263 1783 qui
2293 1711 2574 1765 dimissam
2599 1707 2838 1768 duxerit,
2862 1702 3131 1756 adulterat
3160 1702 3228 1753 ’°.
3266 1698 3324 1753 Si
3349 1704 3534 1751 autem

1952 1806 2157 1861 dixeris
2201 1820 2302 1860 nec
2347 1801 2588 1856 Marcum
2621 1797 2712 1864 ‘°°,
2751 1811 2851 1851 nec
2904 1792 3110 1848 Lucam
3152 1792 3193 1855 ί,
3247 1805 3346 1843 nec
3393 1786 3538 1841 Pau-

1953 1886 2067 1953 lum
2096 1882 2145 1963 l’,
2178 1896 2271 1966 qui
2305 1895 2372 1949 de
2396 1894 2501 1949 hac
2522 1891 2711 1947 uxoris
2731 1888 3053 1943 dimissione
3082 1884 3404 1953 loquuntur,
3435 1879 3539 1933 hu-

1949 1995 2041 2065 jus
2077 1988 2420 2060 exceptionis
2450 1987 2604 2041 ullibi
2645 1983 2845 2039 fecisse
2885 1980 3242 2040 mentionem,
3274 1975 3538 2043 illamque

1953 2087 2094 2143 tanti
2138 2100 2261 2140 esse
2302 2080 2588 2143 momenti,
2620 2089 2681 2132 ut
2717 2077 2763 2131 si
2792 2074 3010 2145 quando
3042 2088 3072 2126 a
3109 2069 3328 2124 Christo
3360 2067 3537 2137 posita

1952 2188 2117 2243 esset,
2145 2178 2212 2232 ab
2242 2177 2309 2231 iis
2336 2186 2617 2242 nunquam
2659 2169 2855 2223 fuisset
2893 2164 3294 2235 praetermissa;
3332 2159 3466 2213 illud
3499 2157 3536 2212 ii

1954 2272 2102 2327 illico
2145 2274 2429 2337 reponent,
2472 2263 2576 2318 nisi
2621 2278 2651 2317 a
2684 2260 2906 2316 Christo
2946 2264 3095 2311 esset
3144 2252 3349 2317 addita,
3394 2264 3539 2304 nun-

1954 2376 2121 2432 quam
2166 2360 2312 2414 illam
2370 2354 2657 2410 Matthaaus
2712 2363 2821 2408 tam
2876 2361 3137 2417 expresse
3192 2343 3528 2398 tradidisset.

1955 2442 2159 2510 Verum
2218 2449 2481 2521 quidquid
2530 2448 2597 2502 de
2649 2459 2811 2501 sacro
2855 2456 3047 2497 eorum
3097 2447 3245 2493 textu
3296 2434 3535 2503 dicatur,

1954 2555 2163 2601 certum
2210 2549 2295 2598 est
2339 2539 2545 2594 nullam
2595 2535 2718 2591 illos
2763 2534 2906 2587 inter
2959 2529 3173 2585 divinos
3222 2526 3522 2595 scriptores

1953 2654 2077 2696 esse
2122 2649 2384 2708 pugnam,
2419 2630 2740 2699 nullumque
2776 2640 3008 2695 prorsus
3046 2619 3356 2675 dissidium.
3391 2617 3531 2671 Cum

1954 2746 2084 2803 ergo
2112 2744 2253 2783 unus
2285 2724 2533 2780 omnium
2567 2723 2638 2776 sit
2666 2732 2992 2781 consensus,
3017 2716 3099 2770 sic
3123 2728 3221 2769 eos
3251 2710 3537 2765 conciliari

1956 2838 2120 2894 posse
2164 2827 2441 2892 putamus,
2476 2822 2535 2868 ut
2576 2812 2692 2867 haec
2732 2806 2981 2878 exceptio
3025 2803 3287 2867 Mattlnei,
3316 2811 3534 2871 excepta

1957 2893 2327 2985 fornicationis
2367 2923 2555 2972 causa,
2595 2920 2703 2959 non
2752 2902 2819 2956 ad
2860 2898 3084 2953 verbum
3124 2894 3414 2958 dimiserit,
3442 2893 3538 2948 sed

1957 3009 2025 3063 ad
2069 3006 2233 3061 aliam
2277 3001 2513 3065 duxerit,
2544 2995 2829 3052 referenda
2878 2993 2967 3048 sit.
3026 2990 3374 3059 Quapropter
3430 2999 3544 3038 non

264 3095 376 3149 has
401 3092 621 3163 nuptias
644 3109 673 3145 a
699 3090 982 3160 Scriptura
1007 3104 1163 3143 sacra
1199 3086 1503 3156 prohibitas
1528 3099 1650 3139 esse
1675 3084 1856 3147 docet,
1888 3085 1930 3141 C
1963 3097 2105 3150 alius
2150 3093 2255 3148 ειηίι
2301 3090 2595 3145 verborum
2657 3082 2892 3138 Μειιιιικί
2947 3096 3166 3142 sensus,
3208 3093 3373 3147 quam
3422 3075 3545 3129 vim

267 3184 368 3240 sed
400 3184 453 3237 in
476 3189 594 3238 suis
619 3183 783 3236 etiam
811 3181 877 3236 ad
903 3179 1140 3235 Matthaai
1170 3176 1524 3246 Evangelium
1554 3174 1851 3233 Commen-

273 3277 435 3332 tariis
465 3277 506 3309 ⁸⁷
541 3276 596 3331 id
630 3276 807 3344 palam
840 3282 1134 3343 aperteque
1163 3269 1506 3339 pronuntiat.

306 3444 310 3449 »
347 3404 520 3473 Major
573 3418 727 3466 sane,
760 3417 829 3456 ne
864 3400 992 3470 quid
1036 3399 1476 3471 dissimulemus,
1509 3398 1685 3452 oritur
1720 3376 1858 3451 ditii-

276 3496 457 3551 cultas
493 3510 558 3549 ex
602 3494 687 3548 his
726 3490 1015 3562 Epiphanii
1063 3489 1245 3545 verbis
1272 3490 1317 3521 ’⁸
1350 3507 1363 3543 :
1393 3487 1497 3543 Sed
1534 3489 1619 3543 cui
1651 3499 1864 3542 mortua

278 3604 385 3642 una
415 3603 518 3640 non
544 3586 753 3656 sufﬁcit,
778 3600 920 3647 cum,
946 3582 1218 3637 occasione
1245 3580 1427 3651 aliqua
1453 3582 1625 3650 stupri
1654 3581 1866 3635 adulte-

280 3681 449 3750 riique
479 3688 572 3733 aut
612 3676 834 3731 alterius
877 3674 1076 3745 ﬂagitii
1106 3672 1159 3745 (ἢ
1196 3674 1372 3745 κακῆς
1403 3672 1630 3743 αἰτίας),
1656 3690 1776 3726 cum
1800 3691 1863 3728 ea

277 3773 568 3828 diuortium
605 3770 817 3840 fecerit,
856 3769 901 3821 is
925 3768 979 3821 si
1008 3765 1483 3820 alteramuxorem
1507 3764 1741 3831 duxerit,
1769 3775 1864 3819 aut

277 3864 440 3923 alteri
466 3864 577 3920 viro
604 3861 795 3917 mulier
832 3861 1094 3931 nupserit,
1124 3873 1401 3913 sacrarum
1433 3856 1737 3913 litterarum
1767 3874 1867 3911 au-

278 3957 501 4013 ctoritas
526 3956 589 4009 ab
615 3955 758 4009 omni
788 3951 944 4022 culpa
967 3951 1089 4005 illos
1115 3951 1338 4005 absolvit
1362 3967 1382 4016 ,'
1418 3967 1580 4022 neque
1599 3951 1665 4004 ab
1691 3949 1868 4004 Eccle-

279 4050 365 4105 sia
385 4058 480 4103 aut
511 4058 710 4102 «eterna
732 4047 841 4100 vita
867 4044 1061 4113 reficit,
1089 4045 1179 4098 sed
1209 4054 1421 4115 propter
1446 4043 1865 4099 imbecillitatem

283 4141 585 4196 tolerandos
620 4139 913 4193 existimat.
947 4136 1372 4193 Eruditissimus
1403 4138 1585 4206 itaque
1611 4133 1866 4191 Petavius

283 4242 436 4303 putat
461 4232 608 4285 hunc
637 4229 925 4299 Epiphanii
946 4229 1129 4283 locum
1157 4243 1280 4283 esse
1301 4229 1659 4297 depravatum
1683 4244 1698 4292 ;
1730 4226 1865 4280 fate-

284 4334 374 4379 tur
413 4333 591 4377 tamen
633 4322 883 4376 eumdem
930 4320 1294 4391 Epiphanium
1338 4320 1412 4375 ibi
1463 4319 1861 4389 subscripsisse

283 4415 528 4487 opinioni
571 4412 934 4485 quorumdam
977 4388 1228 4467 veterum
1272 4412 1624 4482 scriptorum,
1656 4388 1859 4481 quibus

1970 4397 2133 4467 hujus
2160 4393 2469 4466 argumenti
2495 4392 2548 4445 in
2571 4406 2639 4445 eo
2661 4388 2763 4443 sita
2787 4394 2873 4441 est
2901 4398 3012 4452 quo

284 4516 409 4579 post
453 4508 755 4579 legitimum
806 4505 1102 4560 divortium
1154 4505 1418 4574 permissa
1475 4502 1862 4558 innocentibus

286 4601 613 4673 coniugibus
643 4597 955 4670 hujusmodi
988 4597 1336 4652 matrimonia
1373 4595 1720 4650 videbantur.
1763 4592 1864 4650 Ve-

287 4710 408 4749 rum
437 4694 483 4748 si
508 4702 800 4762 corruptus
823 4699 908 4746 est
938 4689 1226 4761 Epiphanii
1256 4688 1432 4753 locus,
1464 4687 1597 4758 quid
1633 4686 1768 4741 certi
1793 4700 1863 4741 ex

286 4802 353 4841 eo
381 4785 574 4841 confici
597 4785 820 4856 poterit!
851 4783 1023 4838 Porro
1046 4780 1383 4851 Epiphanius
1404 4779 1473 4835 de
1504 4780 1573 4834 iis
1603 4778 1864 4835 secundis

287 4880 492 4950 nuptiis
521 4879 782 4950 disputat,
819 4892 959 4949 quas
987 4890 1095 4931 non
1129 4874 1305 4944 stupri
1355 4873 1718 4941 adulteriique
1750 4881 1865 4925 tan-

288 4986 427 5039 tum,
457 4972 552 5029 sed
592 4971 883 5041 cujuslibet
928 4968 1120 5041 flagitii
1164 4982 1334 5024 causa
1364 4966 1419 5038 (ἢ
1452 4967 1628 5037 κακῆς
1659 4965 1857 5037 αἰτίας)

287 5064 585 5136 permissas
609 5078 732 5117 esse
770 5060 1021 5116 afﬁrmat.
1054 5060 1124 5113 At
1151 5067 1299 5114 certe
1332 5057 1696 5129 Epiphanium
1724 5073 1861 5113 con-

281 5155 402 5232 jugi
420 5154 713 5221 innocenti,
731 5154 799 5209 ob
811 5153 1056 5223 cujusvis
1072 5152 1295 5206 alterius
1310 5150 1560 5220 conjugis
1573 5149 1860 5219 flagitium,

287 5259 481 5308 contra
525 5247 824 5317 Scriptura:
871 5244 1273 5309 auctoritatem,
1303 5242 1453 5297 aliud
1494 5242 1633 5296 inire
1672 5242 1865 5294 matri-

290 5342 535 5397 monium
578 5338 894 5409 permisisse
937 5337 1142 5392 nemini
1188 5351 1467 5406 unquam,
1502 5345 1559 5389 ut
1602 5334 1863 5397 arbitror,

292 5435 628 5507 probabitur.
667 5430 809 5487 Vero
839 5432 1002 5502 igitur
1039 5438 1124 5487 est
1168 5430 1402 5486 similius
1443 5427 1697 5483 eumdem
1745 5424 1865 5495 Epi-

365 5658 410 5689 ss
441 5656 597 5722 ρρεδι,
634 5653 723 5709 50.
799 5652 915 5706 “In
940 5666 1061 5722 cap.
1094 5666 1122 5704 χ
1158 5649 1349 5722 Matth.
1412 5648 1457 5680 ’⁸
1477 5646 1678 5703 Haeres.
1714 5644 1805 5711 59,
1840 5642 1943 5714 54.

296 5740 407 5792 avt,
436 5718 517 5782 l8.
597 5728 614 5758 ²
639 5724 817 5790 Paul.,
848 5723 867 5777 Ι
895 5718 1023 5779 Cor:
1058 5737 1075 5778 ι
1100 5728 1155 5777 et
1180 5722 1247 5777 ad
1270 5718 1428 5775 Rom.
1454 5735 1545 5774 vn.

1965 3187 2064 3253 illi,
2108 3184 2270 3251 cujus
2307 3194 2447 3234 uxor
2485 3186 2567 3232 est
2613 3175 2881 3235 adultera,
2914 3186 3033 3225 eam
3070 3165 3400 3228 dimittendi,
3434 3180 3543 3217 non

1964 3279 2126 3333 aliam
2174 3271 2448 3337 ducendi,
2491 3269 2673 3323 datam
2710 3281 2740 3319 a
2780 3264 3000 3318 Christo
3036 3268 3380 3331 potestatem.
3425 3253 3546 3322 Quo

1964 3368 2183 3438 quidem
2221 3366 2389 3419 sensu
2439 3360 2530 3413 ille
2577 3372 2683 3411 non
2735 3356 3008 3422 discrepat
3033 3368 3063 3405 a
3093 3348 3265 3411 Paulo
3308 3357 3362 3402 et
3398 3346 3544 3411 aliis,

1965 3461 2059 3533 qui
2097 3460 2282 3529 plures
2313 3453 2552 3508 fatentur
2579 3462 2700 3503 esse
2728 3460 2926 3501 causas
2952 3452 3172 3513 propter
3195 3454 3333 3510 quas
3358 3437 3548 3506 conju-

1967 3571 2060 3629 ges
2084 3570 2117 3609 a
2145 3568 2204 3607 se
2234 3548 2467 3604 invicem
2503 3541 2746 3613 separari
2780 3543 3031 3609 possunt.

2038 3663 2274 3723 lnstabis
2315 3669 2519 3719 tamen,
2552 3656 2599 3713 si
2628 3651 2877 3721 exceptio
2911 3649 2978 3703 ad
3015 3647 3239 3705 verbum
3281 3642 3544 3697 dimiserit

1966 3758 2259 3821 referatur,
2287 3750 2437 3806 nulla
2480 3749 2587 3803 alia
2628 3741 2925 3800 secundum
2966 3738 3278 3797 Matthaeum
3319 3736 3423 3791 erit
3462 3733 3547 3788 di-

1968 3849 2127 3906 vortii
2167 3859 2354 3907 causa,
2387 3840 2494 3899 nisi
2530 3834 2820 3893 fornicatio
2850 3848 2946 3888 seu
2979 3829 3328 3885 adulterium.
3379 3826 3546 3896 Atqui

1965 3959 2033 3998 ex
2064 3939 2256 4003 Paulo,
2282 3945 2447 4005 atque
2469 3932 2636 3987 etiam
2665 3944 2732 3983 ex
2761 3936 2950 3981 nostro
2977 3922 3197 3987 Herma,
3225 3920 3546 3988 caeterisque

1965 4028 2238 4093 Pati-ibus,
2277 4025 2404 4079 alia:
2447 4032 2502 4078 et
2548 4020 2769 4091 quidem
2813 4016 2997 4086 plures
3048 4022 3181 4068 sunt
3223 4026 3423 4075 causae,
3471 4010 3546 4064 ob

1968 4138 2105 4195 quas
2131 4120 2394 4190 conjuges
2422 4131 2453 4169 a
2492 4129 2551 4170 se
2577 4113 2810 4167 invicem
2844 4106 3058 4176 sejungi
3093 4111 3344 4174 possunt.
3380 4100 3547 4154 Exce-

1967 4188 2081 4285 ptio
2109 4188 2275 4282 igitur
2298 4188 2535 4262 δίδωιωί
2565 4219 2673 4259 non
2700 4201 2769 4257 ad
2798 4200 3025 4255 verbum
3048 4194 3345 4255 dimiserit,
3363 4190 3456 4247 sed
3477 4188 3546 4243 ad

1967 4280 2151 4357 aliam-
2176 4301 2423 4365 duxerit,
2464 4296 2626 4351 debet
2670 4289 2980 4348 necessario
3026 4285 3238 4341 referri.
3279 4280 3416 4335 Tota
3461 4280 3545 4333 vis

3018 4381 3048 4434 d
3073 4376 3356 4432 Mattlneus
3381 4372 3543 4427 unius

1968 4503 2178 4549 tantum
2205 4487 2546 4559 exceptionis
2577 4482 2912 4539 mentionem
2940 4477 3148 4532 fecerit.
3184 4473 3289 4528 Sed
3318 4485 3546 4540 respon-

1966 4588 2161 4645 demus
2212 4579 2533 4637 illum.ideo
2582 4575 2745 4632 unius
2786 4569 3163 4627 tantummodo
3208 4563 3544 4628 meminisse,

1969 4693 2079 4733 non
2124 4685 2184 4732 ut
2222 4675 2380 4739 alias,
2424 4686 2563 4742 quas
2605 4668 2807 4722 Paulus
2848 4665 3051 4731 aliique
3090 4663 3545 4721 commemorant,

1969 4746 2195 4830 omnino
2241 4766 2580 4826 excluderet,
2615 4761 2709 4816 sed
2749 4759 2877 4830 quia
2912 4757 3001 4810 illa
3033 4753 3271 4807 maxima
3299 4749 3543 4804 omnium

1969 4874 2087 4924 erat
2131 4874 2187 4918 et
2227 4859 2580 4932 gravissima.
2612 4855 2763 4909 Alias
2806 4855 2987 4922 itaque
3029 4846 3377 4916 exceptiones
3418 4860 3545 4914 pruc

1968 4956 2118 5012 denti
2149 4953 2370 5010 silentio
2400 4948 2767 5021 praetermisit,
2796 4945 2927 5016 quia
2957 4942 3192 4997 leviores
3213 4943 3391 5005 erant,
3416 4936 3543 5007 quia

1968 5048 2235 5106 brevioris
2278 5048 2542 5116 temporis
2586 5040 2988 5112 separationem
3051 5035 3370 5105 poscebant,
3412 5032 3543 5107 quia

1964 5142 2202 5212 denique
2232 5155 2388 5195 mens
2417 5137 2493 5193 illi
2523 5144 2640 5190 erat
2662 5133 2829 5189 unius
2851 5130 3246 5202 praecipuaeque
3266 5126 3545 5196 excepta»

1968 5237 2053 5291 nis
2101 5231 2625 5290 commemoratione
2673 5225 3068 5289 arctissimum,
3115 5234 3279 5292 atque
3318 5237 3347 5274 a
3391 5219 3544 5274 nullo

1970 5340 2214 5399 unquam
2243 5325 2465 5381 homine
2494 5320 2818 5377 solvendum
2861 5314 3197 5373 matrimonii
3244 5312 3545 5378 vinculum.

1970 5422 2227 5478 omnibus
2257 5417 2431 5489 magis
2464 5413 2746 5485 magisque
2771 5409 3181 5467 commendare.

2023 5644 2064 5673 ἠ’
2085 5640 2270 5698 Matth.
2302 5657 2355 5706 v,
2388 5638 2480 5703 52,
2514 5647 2569 5693 et
2606 5651 2718 5703 xix,
2753 5636 2806 5690 9.
2852 5635 2918 5667 "°
2940 5631 3106 5691 Marc.
3135 5648 3190 5702 x,
3216 5630 3303 5688 Η.
3373 5627 3543 5688 'Lna.
