  <div class='ocr_page' id='page_1' title='image "/cluster/home/n/w/nwhite01/storage/ocr_20150623/2/mdp.39015005182426/439.png"; bbox 0 0 4010 6150; ppageno 0'>
   <div class='ocr_carea' id='block_1_1' title="bbox 480 287 584 342">
    <p class='ocr_par' dir='ltr' id='par_1_1' title="bbox 480 287 584 342">
     <span class='ocr_line' id='line_1_1' title="bbox 480 287 584 342; baseline 0 0"><span class='ocrx_word' id='word_1_1' title='bbox 480 287 584 342; x_wconf 76' lang='lat'><strong>859</strong></span> 
     </span>
    </p>
   </div>
   <div class='ocr_carea' id='block_1_2' title="bbox 957 424 1561 482">
    <p class='ocr_par' dir='ltr' id='par_1_2' title="bbox 957 424 1561 482">
     <span class='ocr_line' id='line_1_2' title="bbox 957 424 1561 482; baseline 0.003 -3"><span class='ocrx_word' id='word_1_2' title='bbox 957 424 1357 482; x_wconf 80' lang='lat' dir='ltr'><strong>ARTICULUS</strong></span> <span class='ocrx_word' id='word_1_3' title='bbox 1393 425 1561 481; x_wconf 79' lang='lat' dir='ltr'><strong>XXV.</strong></span> 
     </span>
    </p>
   </div>
   <div class='ocr_carea' id='block_1_3' title="bbox 642 537 1884 614">
    <p class='ocr_par' dir='ltr' id='par_1_3' title="bbox 642 537 1884 614">
     <span class='ocr_line' id='line_1_3' title="bbox 642 537 1884 614; baseline 0.005 -22"><span class='ocrx_word' id='word_1_4' title='bbox 642 537 718 592; x_wconf 82' lang='lat' dir='ltr'><strong>De</strong></span> <span class='ocrx_word' id='word_1_5' title='bbox 745 538 882 594; x_wconf 86' lang='lat' dir='ltr'><strong>libro</strong></span> <span class='ocrx_word' id='word_1_6' title='bbox 913 541 1208 612; x_wconf 80' lang='lat' dir='ltr'><strong>apocryplio</strong></span> <span class='ocrx_word' id='word_1_7' title='bbox 1235 541 1299 595; x_wconf 82' lang='lat' dir='ltr'><strong>de</strong></span> <span class='ocrx_word' id='word_1_8' title='bbox 1333 540 1562 596; x_wconf 81' lang='lat' dir='ltr'><strong>Heldam</strong></span> <span class='ocrx_word' id='word_1_9' title='bbox 1592 551 1641 600; x_wconf 80' lang='lat' dir='ltr'><strong>et</strong></span> <span class='ocrx_word' id='word_1_10' title='bbox 1681 541 1884 614; x_wconf 68' lang='lat' dir='ltr'><strong>Modaf.</strong></span> 
     </span>
    </p>
   </div>
   <div class='ocr_carea' id='block_1_4' title="bbox 552 669 2056 748">
    <p class='ocr_par' dir='ltr' id='par_1_4' title="bbox 552 669 2056 748">
     <span class='ocr_line' id='line_1_4' title="bbox 552 669 2056 748; baseline 0.005 -22"><span class='ocrx_word' id='word_1_11' title='bbox 552 669 851 742; x_wconf 77' lang='lat' dir='ltr'><strong>Antequam</strong></span> <span class='ocrx_word' id='word_1_12' title='bbox 879 689 1098 728; x_wconf 88' lang='lat' dir='ltr'><strong>manum</strong></span> <span class='ocrx_word' id='word_1_13' title='bbox 1124 674 1190 728; x_wconf 91' lang='lat' dir='ltr'><strong>de</strong></span> <span class='ocrx_word' id='word_1_14' title='bbox 1217 675 1400 729; x_wconf 91' lang='lat' dir='ltr'><strong>tabula</strong></span> <span class='ocrx_word' id='word_1_15' title='bbox 1427 675 1689 744; x_wconf 86' lang='lat' dir='ltr'><strong>levemus,</strong></span> <span class='ocrx_word' id='word_1_16' title='bbox 1714 679 1904 748; x_wconf 83' lang='lat' dir='ltr'><strong>paucis</strong></span> <span class='ocrx_word' id='word_1_17' title='bbox 1935 694 2056 734; x_wconf 90' lang='lat' dir='ltr'><strong>mo-</strong></span> 
     </span>
    </p>
   </div>
   <div class='ocr_carea' id='block_1_5' title="bbox 481 762 2058 824">
    <p class='ocr_par' dir='ltr' id='par_1_5' title="bbox 481 762 2058 824">
     <span class='ocr_line' id='line_1_5' title="bbox 481 762 2058 824; baseline 0.006 -11"><span class='ocrx_word' id='word_1_18' title='bbox 481 762 731 818; x_wconf 86' lang='lat' dir='ltr'><strong>nebimus</strong></span> <span class='ocrx_word' id='word_1_19' title='bbox 780 763 990 817; x_wconf 88' lang='lat' dir='ltr'><strong>laudari</strong></span> <span class='ocrx_word' id='word_1_20' title='bbox 1030 765 1099 817; x_wconf 87' lang='lat' dir='ltr'><strong>ab</strong></span> <span class='ocrx_word' id='word_1_21' title='bbox 1147 763 1344 818; x_wconf 90' lang='lat' dir='ltr'><strong>Herma</strong></span> <span class='ocrx_word' id='word_1_22' title='bbox 1387 766 1586 820; x_wconf 92' lang='lat' dir='ltr'><strong>librum</strong></span> <span class='ocrx_word' id='word_1_23' title='bbox 1628 767 1696 821; x_wconf 92' lang='lat' dir='ltr'><strong>de</strong></span> <span class='ocrx_word' id='word_1_24' title='bbox 1746 767 1973 822; x_wconf 82' lang='lat' dir='ltr'><strong>Heldam</strong></span> <span class='ocrx_word' id='word_1_25' title='bbox 2001 776 2058 824; x_wconf 89' lang='lat' dir='ltr'><strong>et</strong></span> 
     </span>
    </p>
   </div>
   <div class='ocr_carea' id='block_1_6' title="bbox 481 853 2058 927">
    <p class='ocr_par' dir='ltr' id='par_1_6' title="bbox 481 853 2058 927">
     <span class='ocr_line' id='line_1_6' title="bbox 481 853 2058 927; baseline 0.006 -21"><span class='ocrx_word' id='word_1_26' title='bbox 481 853 799 924; x_wconf 66' lang='lat' dir='ltr'><strong>Hodaf,qui</strong></span> <span class='ocrx_word' id='word_1_27' title='bbox 831 853 940 908; x_wconf 93' lang='lat' dir='ltr'><strong>duo</strong></span> <span class='ocrx_word' id='word_1_28' title='bbox 971 855 1072 908; x_wconf 89' lang='lat' dir='ltr'><strong>viri</strong></span> <span class='ocrx_word' id='word_1_29' title='bbox 1107 863 1265 910; x_wconf 89' lang='lat' dir='ltr'><strong>erant</strong></span> <span class='ocrx_word' id='word_1_30' title='bbox 1294 872 1530 927; x_wconf 91' lang='lat' dir='ltr'><strong>quorum</strong></span> <span class='ocrx_word' id='word_1_31' title='bbox 1562 859 1766 915; x_wconf 91' lang='lat' dir='ltr'><strong>mentio</strong></span> <span class='ocrx_word' id='word_1_32' title='bbox 1795 860 1848 914; x_wconf 92' lang='lat' dir='ltr'><strong>in</strong></span> <span class='ocrx_word' id='word_1_33' title='bbox 1881 861 2058 916; x_wconf 85' lang='lat' dir='ltr'><strong>sacris</strong></span> 
     </span>
    </p>
   </div>
   <div class='ocr_carea' id='block_1_7' title="bbox 1883 287 2246 352">
    <p class='ocr_par' dir='ltr' id='par_1_7' title="bbox 1883 287 2246 352">
     <span class='ocr_line' id='line_1_7' title="bbox 1883 287 2246 352; baseline 0.006 -2"><span class='ocrx_word' id='word_1_34' title='bbox 1883 295 1943 350; x_wconf 90' lang='lat' dir='ltr'><strong>S.</strong></span> <span class='ocrx_word' id='word_1_35' title='bbox 1985 287 2246 352; x_wconf 66' lang='lat' dir='ltr'><strong>HERME</strong></span> 
     </span>
    </p>
   </div>
   <div class='ocr_carea' id='block_1_8' title="bbox 2081 411 3735 484">
    <p class='ocr_par' dir='ltr' id='par_1_8' title="bbox 2081 411 3735 484">
     <span class='ocr_line' id='line_1_8' title="bbox 2081 411 3735 484; baseline 0.004 -18"><span class='ocrx_word' id='word_1_36' title='bbox 2081 429 2128 484; x_wconf 72' lang='grc' dir='ltr'><strong>Α</strong></span> <span class='ocrx_word' id='word_1_37' title='bbox 2154 411 2521 470; x_wconf 84' lang='lat' dir='ltr'><strong>Numerorum</strong></span> <span class='ocrx_word' id='word_1_38' title='bbox 2569 416 2726 472; x_wconf 81' lang='lat' dir='ltr'><strong>libris</strong></span> <span class='ocrx_word' id='word_1_39' title='bbox 2758 418 3009 476; x_wconf 84' lang='lat' dir='ltr'><strong>habetur.</strong></span> <span class='ocrx_word' id='word_1_40' title='bbox 3046 419 3154 476; x_wconf 87' lang='lat' dir='ltr'><strong>Sed</strong></span> <span class='ocrx_word' id='word_1_41' title='bbox 3190 422 3336 477; x_wconf 86' lang='lat' dir='ltr'><strong>hunc</strong></span> <span class='ocrx_word' id='word_1_42' title='bbox 3372 418 3626 474; x_wconf 89' lang='lat' dir='ltr'><strong>eumdem</strong></span> <span class='ocrx_word' id='word_1_43' title='bbox 3658 419 3735 473; x_wconf 78' lang='lat' dir='ltr'><strong>li-</strong></span> 
     </span>
    </p>
   </div>
   <div class='ocr_carea' id='block_1_9' title="bbox 3621 299 3736 354">
    <p class='ocr_par' dir='ltr' id='par_1_9' title="bbox 3621 299 3736 354">
     <span class='ocr_line' id='line_1_9' title="bbox 3621 299 3736 354; baseline 0 0"><span class='ocrx_word' id='word_1_44' title='bbox 3621 299 3736 354; x_wconf 79' lang='lat'><strong>850</strong></span> 
     </span>
    </p>
   </div>
   <div class='ocr_carea' id='block_1_10' title="bbox 2152 510 3739 585">
    <p class='ocr_par' dir='ltr' id='par_1_10' title="bbox 2152 510 3739 585">
     <span class='ocr_line' id='line_1_10' title="bbox 2152 510 3739 585; baseline 0.004 -21"><span class='ocrx_word' id='word_1_45' title='bbox 2152 510 2308 564; x_wconf 91' lang='lat' dir='ltr'><strong>brum</strong></span> <span class='ocrx_word' id='word_1_46' title='bbox 2354 511 2421 565; x_wconf 85' lang='lat' dir='ltr'><strong>ad</strong></span> <span class='ocrx_word' id='word_1_47' title='bbox 2473 513 2782 583; x_wconf 83' lang='lat' dir='ltr'><strong>apocrypha</strong></span> <span class='ocrx_word' id='word_1_48' title='bbox 2820 515 3118 570; x_wconf 88' lang='lat' dir='ltr'><strong>amaudant</strong></span> <span class='ocrx_word' id='word_1_49' title='bbox 3172 513 3426 585; x_wconf 79' lang='lat' dir='ltr'><strong>Synopsis</strong></span> <span class='ocrx_word' id='word_1_50' title='bbox 3477 515 3739 571; x_wconf 80' lang='lat' dir='ltr'><strong>Athana—</strong></span> 
     </span>
    </p>
   </div>
   <div class='ocr_carea' id='block_1_11' title="bbox 2151 603 3736 680">
    <p class='ocr_par' dir='ltr' id='par_1_11' title="bbox 2151 603 3736 680">
     <span class='ocr_line' id='line_1_11' title="bbox 2151 603 3736 680; baseline 0.003 -22"><span class='ocrx_word' id='word_1_51' title='bbox 2151 603 2304 658; x_wconf 90' lang='lat' dir='ltr'><strong>siana</strong></span> <span class='ocrx_word' id='word_1_52' title='bbox 2347 612 2400 658; x_wconf 90' lang='lat' dir='ltr'><strong>et</strong></span> <span class='ocrx_word' id='word_1_53' title='bbox 2452 606 2842 680; x_wconf 81' lang='lat' dir='ltr'><strong>Stycltometria</strong></span> <span class='ocrx_word' id='word_1_54' title='bbox 2867 646 2882 673; x_wconf 90' lang='lat'><strong>,</strong></span> <span class='ocrx_word' id='word_1_55' title='bbox 2944 605 3393 677; x_wconf 73' lang='lat' dir='ltr'><strong>Chronographic</strong></span> <span class='ocrx_word' id='word_1_56' title='bbox 3427 605 3736 677; x_wconf 85' lang='lat' dir='ltr'><strong>Nicephori</strong></span> 
     </span>
    </p>
   </div>
   <div class='ocr_carea' id='block_1_12' title="bbox 2153 695 3740 770">
    <p class='ocr_par' dir='ltr' id='par_1_12' title="bbox 2153 695 3740 770">
     <span class='ocr_line' id='line_1_12' title="bbox 2153 695 3740 770; baseline 0.002 -19"><span class='ocrx_word' id='word_1_57' title='bbox 2153 695 2522 763; x_wconf 74' lang='lat' dir='ltr'><strong>superaddita.</strong></span> <span class='ocrx_word' id='word_1_58' title='bbox 2557 695 2725 750; x_wconf 87' lang='lat' dir='ltr'><strong>Porro</strong></span> <span class='ocrx_word' id='word_1_59' title='bbox 2757 697 2872 752; x_wconf 72' lang='lat' dir='ltr'><strong>haec</strong></span> <span class='ocrx_word' id='word_1_60' title='bbox 2910 697 3262 764; x_wconf 90' lang='lat' dir='ltr'><strong>aduotamus,</strong></span> <span class='ocrx_word' id='word_1_61' title='bbox 3300 708 3357 754; x_wconf 93' lang='lat' dir='ltr'><strong>ut</strong></span> <span class='ocrx_word' id='word_1_62' title='bbox 3387 699 3557 770; x_wconf 85' lang='lat' dir='ltr'><strong>hujus</strong></span> <span class='ocrx_word' id='word_1_63' title='bbox 3600 700 3740 755; x_wconf 81' lang='lat' dir='ltr'><strong>libri</strong></span> 
     </span>
    </p>
   </div>
   <div class='ocr_carea' id='block_1_13' title="bbox 2155 775 3747 864">
    <p class='ocr_par' dir='ltr' id='par_1_13' title="bbox 2155 775 3747 864">
     <span class='ocr_line' id='line_1_13' title="bbox 2155 775 3747 864; baseline 0.004 -23"><span class='ocrx_word' id='word_1_64' title='bbox 2155 787 2474 856; x_wconf 81' lang='lat' dir='ltr'><strong>antiquitas,</strong></span> <span class='ocrx_word' id='word_1_65' title='bbox 2502 803 2627 856; x_wconf 73' lang='lat' dir='ltr'><strong>qua:</strong></span> <span class='ocrx_word' id='word_1_66' title='bbox 2657 789 2898 844; x_wconf 86' lang='lat' dir='ltr'><strong>auctoris</strong></span> <span class='ocrx_word' id='word_1_67' title='bbox 2936 790 3108 845; x_wconf 91' lang='lat' dir='ltr'><strong>nostri</strong></span> <span class='ocrx_word' id='word_1_68' title='bbox 3136 775 3352 846; x_wconf 66' lang='lat' dir='ltr'><strong>aetatem</strong></span> <span class='ocrx_word' id='word_1_69' title='bbox 3381 800 3634 864; x_wconf 87' lang='lat' dir='ltr'><strong>superat,</strong></span> <span class='ocrx_word' id='word_1_70' title='bbox 3665 791 3747 847; x_wconf 75' lang='lat' dir='ltr'><strong>ab</strong></span> 
     </span>
    </p>
   </div>
   <div class='ocr_carea' id='block_1_14' title="bbox 2156 880 2783 936">
    <p class='ocr_par' dir='ltr' id='par_1_14' title="bbox 2156 880 2783 936">
     <span class='ocr_line' id='line_1_14' title="bbox 2156 880 2783 936; baseline -0.002 0"><span class='ocrx_word' id='word_1_71' title='bbox 2156 880 2412 936; x_wconf 89' lang='lat' dir='ltr'><strong>omnibus</strong></span> <span class='ocrx_word' id='word_1_72' title='bbox 2437 880 2783 936; x_wconf 75' lang='lat' dir='ltr'><strong>observetur.</strong></span> 
     </span>
    </p>
   </div>
   <div class='ocr_carea' id='block_1_15' title="bbox 1107 1127 3077 1302">
    <p class='ocr_par' dir='ltr' id='par_1_15' title="bbox 1107 1127 3077 1302">
     <span class='ocr_line' id='line_1_15' title="bbox 1107 1127 3077 1302; baseline 0.003 -8"><span class='ocrx_word' id='word_1_73' title='bbox 1107 1181 1217 1294; x_wconf 91' lang='lat' dir='ltr'><strong>J.</strong></span> <span class='ocrx_word' id='word_1_74' title='bbox 1315 1180 1440 1291; x_wconf 88' lang='lat' dir='ltr'><strong>B.</strong></span> <span class='ocrx_word' id='word_1_75' title='bbox 1531 1171 2296 1298; x_wconf 85' lang='lat' dir='ltr'><strong>COTELERII</strong></span> <span class='ocrx_word' id='word_1_76' title='bbox 2394 1127 3077 1302; x_wconf 79' lang='lat' dir='ltr'><strong>JU‘DlClUM</strong></span> 
     </span>
    </p>
   </div>
   <div class='ocr_carea' id='block_1_16' title="bbox 1353 1395 2858 1492">
    <p class='ocr_par' dir='ltr' id='par_1_16' title="bbox 1353 1395 2858 1492">
     <span class='ocr_line' id='line_1_16' title="bbox 1353 1395 2858 1492; baseline 0.005 -9"><span class='ocrx_word' id='word_1_77' title='bbox 1353 1395 1502 1484; x_wconf 89' lang='lat' dir='ltr'><strong>DE</strong></span> <span class='ocrx_word' id='word_1_78' title='bbox 1580 1395 1675 1484; x_wconf 89' lang='lat' dir='ltr'><strong>S.</strong></span> <span class='ocrx_word' id='word_1_79' title='bbox 1746 1395 2205 1485; x_wconf 67' lang='lat' dir='ltr'><strong>HERMIE</strong></span> <span class='ocrx_word' id='word_1_80' title='bbox 2277 1395 2858 1492; x_wconf 82' lang='lat' dir='ltr'><strong>PASTORE.</strong></span> 
     </span>
    </p>
   </div>
   <div class='ocr_carea' id='block_1_17' title="bbox 1256 1577 2968 1660">
    <p class='ocr_par' dir='ltr' id='par_1_17' title="bbox 1256 1577 2968 1660">
     <span class='ocr_line' id='line_1_17' title="bbox 1256 1577 2968 1660; baseline 0.006 -28"><span class='ocrx_word' id='word_1_81' title='bbox 1256 1578 1469 1650; x_wconf 85' lang='lat' dir='ltr'><strong>(Patres</strong></span> <span class='ocrx_word' id='word_1_82' title='bbox 1496 1579 1796 1650; x_wconf 55' lang='lat' dir='ltr'><strong>apostolici,</strong></span> <span class='ocrx_word' id='word_1_83' title='bbox 1823 1578 1954 1634; x_wconf 86' lang='lat' dir='ltr'><strong>edit.</strong></span> <span class='ocrx_word' id='word_1_84' title='bbox 1995 1577 2420 1644; x_wconf 63' lang='lat' dir='ltr'><strong>Amstmlodami,</strong></span> <span class='ocrx_word' id='word_1_85' title='bbox 2447 1582 2607 1652; x_wconf 71' lang='grc'><strong>1724,</strong></span> <span class='ocrx_word' id='word_1_86' title='bbox 2633 1595 2673 1641; x_wconf 90' lang='grc' dir='ltr'>ι.</span> <span class='ocrx_word' id='word_1_87' title='bbox 2699 1584 2740 1653; x_wconf 90' lang='lat' dir='ltr'><strong>l,</strong></span> <span class='ocrx_word' id='word_1_88' title='bbox 2768 1601 2822 1657; x_wconf 88' lang='lat' dir='ltr'><strong>p.</strong></span> <span class='ocrx_word' id='word_1_89' title='bbox 2853 1586 2968 1660; x_wconf 80' lang='lat'><strong>75.)</strong></span> 
     </span>
    </p>
   </div>
   <div class='ocr_carea' id='block_1_18' title="bbox 558 1729 3746 1824">
    <p class='ocr_par' dir='ltr' id='par_1_18' title="bbox 558 1729 3746 1824">
     <span class='ocr_line' id='line_1_18' title="bbox 558 1729 3746 1824; baseline 0.006 -37"><span class='ocrx_word' id='word_1_90' title='bbox 558 1729 713 1799; x_wconf 81' lang='lat' dir='ltr'><strong>Quod</strong></span> <span class='ocrx_word' id='word_1_91' title='bbox 753 1733 807 1789; x_wconf 89' lang='lat' dir='ltr'><strong>lu</strong></span> <span class='ocrx_word' id='word_1_92' title='bbox 847 1736 1128 1793; x_wconf 83' lang='lat' dir='ltr'><strong>hominum</strong></span> <span class='ocrx_word' id='word_1_93' title='bbox 1176 1740 1398 1809; x_wconf 87' lang='lat' dir='ltr'><strong>judiciis</strong></span> <span class='ocrx_word' id='word_1_94' title='bbox 1443 1741 1580 1796; x_wconf 81' lang='lat' dir='ltr'><strong>solet</strong></span> <span class='ocrx_word' id='word_1_95' title='bbox 1608 1731 1943 1813; x_wconf 69' lang='lat' dir='ltr'><strong>contingere,</strong></span> <span class='ocrx_word' id='word_1_96' title='bbox 1987 1748 2048 1796; x_wconf 93' lang='lat' dir='ltr'><strong>ut</strong></span> <span class='ocrx_word' id='word_1_97' title='bbox 2080 1741 2123 1797; x_wconf 86' lang='grc' dir='ltr'><strong>Β</strong></span> <span class='ocrx_word' id='word_1_98' title='bbox 2150 1737 2404 1798; x_wconf 74' lang='lat' dir='ltr'><strong>haeretica</strong></span> <span class='ocrx_word' id='word_1_99' title='bbox 2443 1747 2518 1800; x_wconf 83' lang='lat' dir='ltr'><strong>De</strong></span> <span class='ocrx_word' id='word_1_100' title='bbox 2547 1749 2809 1816; x_wconf 81' lang='lat' dir='ltr'><strong>pudicitia</strong></span> <span class='ocrx_word' id='word_1_101' title='bbox 2845 1751 3136 1821; x_wconf 86' lang='lat' dir='ltr'><strong>suggillat,</strong></span> <span class='ocrx_word' id='word_1_102' title='bbox 3171 1751 3452 1821; x_wconf 86' lang='lat' dir='ltr'><strong>appellans</strong></span> <span class='ocrx_word' id='word_1_103' title='bbox 3501 1765 3746 1824; x_wconf 78' lang='lat' dir='ltr'><strong>apocry-</strong></span> 
     </span>
    </p>
   </div>
   <div class='ocr_carea' id='block_1_19' title="bbox 480 1825 2050 1902">
    <p class='ocr_par' dir='ltr' id='par_1_19' title="bbox 480 1825 2050 1902">
     <span class='ocr_line' id='line_1_19' title="bbox 480 1825 2050 1902; baseline 0.008 -24"><span class='ocrx_word' id='word_1_104' title='bbox 480 1825 570 1878; x_wconf 88' lang='lat' dir='ltr'><strong>alii</strong></span> <span class='ocrx_word' id='word_1_105' title='bbox 611 1827 732 1894; x_wconf 91' lang='lat' dir='ltr'><strong>plus</strong></span> <span class='ocrx_word' id='word_1_106' title='bbox 762 1843 926 1897; x_wconf 89' lang='lat' dir='ltr'><strong>quam</strong></span> <span class='ocrx_word' id='word_1_107' title='bbox 960 1846 1056 1898; x_wconf 84' lang='lat' dir='ltr'><strong>par</strong></span> <span class='ocrx_word' id='word_1_108' title='bbox 1084 1840 1186 1897; x_wconf 85' lang='lat' dir='ltr'><strong>est,</strong></span> <span class='ocrx_word' id='word_1_109' title='bbox 1233 1835 1322 1888; x_wconf 87' lang='lat' dir='ltr'><strong>alii</strong></span> <span class='ocrx_word' id='word_1_110' title='bbox 1365 1836 1546 1891; x_wconf 92' lang='lat' dir='ltr'><strong>minus</strong></span> <span class='ocrx_word' id='word_1_111' title='bbox 1578 1835 1851 1902; x_wconf 84' lang='lat' dir='ltr'><strong>tribuant,</strong></span> <span class='ocrx_word' id='word_1_112' title='bbox 1901 1835 2050 1890; x_wconf 82' lang='lat' dir='ltr'><strong>tertii</strong></span> 
     </span>
    </p>
   </div>
   <div class='ocr_carea' id='block_1_20' title="bbox 483 1916 2052 1998">
    <p class='ocr_par' dir='ltr' id='par_1_20' title="bbox 483 1916 2052 1998">
     <span class='ocr_line' id='line_1_20' title="bbox 483 1916 2052 1998; baseline 0.011 -32"><span class='ocrx_word' id='word_1_113' title='bbox 483 1916 703 1970; x_wconf 88' lang='lat' dir='ltr'><strong>modum</strong></span> <span class='ocrx_word' id='word_1_114' title='bbox 750 1930 966 1973; x_wconf 67' lang='lat' dir='ltr'><strong>servent</strong></span> <span class='ocrx_word' id='word_1_115' title='bbox 1003 1937 1066 1976; x_wconf 90' lang='lat' dir='ltr'><strong>ac</strong></span> <span class='ocrx_word' id='word_1_116' title='bbox 1105 1924 1456 1993; x_wconf 62' lang='lat' dir='ltr'><strong>aequitatem;</strong></span> <span class='ocrx_word' id='word_1_117' title='bbox 1517 1927 1571 1980; x_wconf 89' lang='lat' dir='ltr'><strong>id</strong></span> <span class='ocrx_word' id='word_1_118' title='bbox 1615 1928 1662 1982; x_wconf 89' lang='lat' dir='ltr'><strong>si</strong></span> <span class='ocrx_word' id='word_1_119' title='bbox 1706 1943 1870 1998; x_wconf 91' lang='lat' dir='ltr'><strong>super</strong></span> <span class='ocrx_word' id='word_1_120' title='bbox 1911 1929 2052 1984; x_wconf 89' lang='lat' dir='ltr'><strong>libro</strong></span> 
     </span>
    </p>
   </div>
   <div class='ocr_carea' id='block_1_21' title="bbox 483 2004 2053 2085">
    <p class='ocr_par' dir='ltr' id='par_1_21' title="bbox 483 2004 2053 2085">
     <span class='ocr_line' id='line_1_21' title="bbox 483 2004 2053 2085; baseline 0.011 -28"><span class='ocrx_word' id='word_1_121' title='bbox 483 2004 696 2061; x_wconf 63' lang='lat' dir='ltr'><strong>Hermae</strong></span> <span class='ocrx_word' id='word_1_122' title='bbox 742 2007 942 2064; x_wconf 90' lang='lat' dir='ltr'><strong>factum</strong></span> <span class='ocrx_word' id='word_1_123' title='bbox 991 2011 1161 2068; x_wconf 85' lang='lat' dir='ltr'><strong>fuisse</strong></span> <span class='ocrx_word' id='word_1_124' title='bbox 1200 2019 1647 2085; x_wconf 88' lang='lat' dir='ltr'><strong>pronuntiavero,</strong></span> <span class='ocrx_word' id='word_1_125' title='bbox 1678 2036 1786 2074; x_wconf 87' lang='lat' dir='ltr'><strong>non</strong></span> <span class='ocrx_word' id='word_1_126' title='bbox 1822 2022 2053 2075; x_wconf 89' lang='lat' dir='ltr'><strong>verebor</strong></span> 
     </span>
    </p>
   </div>
   <div class='ocr_carea' id='block_1_22' title="bbox 483 2101 2048 2178">
    <p class='ocr_par' dir='ltr' id='par_1_22' title="bbox 483 2101 2048 2178">
     <span class='ocr_line' id='line_1_22' title="bbox 483 2101 2048 2178; baseline 0.01 -26"><span class='ocrx_word' id='word_1_127' title='bbox 483 2115 551 2153; x_wconf 91' lang='lat' dir='ltr'><strong>ne</strong></span> <span class='ocrx_word' id='word_1_128' title='bbox 587 2115 616 2154; x_wconf 91' lang='lat' dir='ltr'><strong>a</strong></span> <span class='ocrx_word' id='word_1_129' title='bbox 648 2101 891 2158; x_wconf 81' lang='lat' dir='ltr'><strong>veritatis</strong></span> <span class='ocrx_word' id='word_1_130' title='bbox 939 2107 1154 2161; x_wconf 79' lang='lat' dir='ltr'><strong>tramite</strong></span> <span class='ocrx_word' id='word_1_131' title='bbox 1195 2124 1423 2164; x_wconf 88' lang='lat' dir='ltr'><strong>censear</strong></span> <span class='ocrx_word' id='word_1_132' title='bbox 1457 2111 1761 2168; x_wconf 86' lang='lat' dir='ltr'><strong>aberrasse.</strong></span> <span class='ocrx_word' id='word_1_133' title='bbox 1808 2111 2048 2178; x_wconf 87' lang='lat' dir='ltr'><strong>Scilicet,</strong></span> 
     </span>
    </p>
   </div>
   <div class='ocr_carea' id='block_1_23' title="bbox 480 2198 2052 2273">
    <p class='ocr_par' dir='ltr' id='par_1_23' title="bbox 480 2198 2052 2273">
     <span class='ocr_line' id='line_1_23' title="bbox 480 2198 2052 2273; baseline 0.011 -29"><span class='ocrx_word' id='word_1_134' title='bbox 480 2205 834 2249; x_wconf 85' lang='lat' dir='ltr'><strong>excesserunt</strong></span> <span class='ocrx_word' id='word_1_135' title='bbox 887 2198 1019 2252; x_wconf 87' lang='lat' dir='ltr'><strong>recti</strong></span> <span class='ocrx_word' id='word_1_136' title='bbox 1065 2199 1236 2268; x_wconf 90' lang='lat' dir='ltr'><strong>ﬁnes,</strong></span> <span class='ocrx_word' id='word_1_137' title='bbox 1279 2213 1547 2273; x_wconf 87' lang='lat' dir='ltr'><strong>quotquot</strong></span> <span class='ocrx_word' id='word_1_138' title='bbox 1589 2205 1867 2260; x_wconf 78' lang='lat' dir='ltr'><strong>Pastorem</strong></span> <span class='ocrx_word' id='word_1_139' title='bbox 1905 2206 2052 2262; x_wconf 89' lang='lat' dir='ltr'><strong>inse-</strong></span> 
     </span>
    </p>
   </div>
   <div class='ocr_carea' id='block_1_24' title="bbox 481 2293 2048 2369">
    <p class='ocr_par' dir='ltr' id='par_1_24' title="bbox 481 2293 2048 2369">
     <span class='ocr_line' id='line_1_24' title="bbox 481 2293 2048 2369; baseline 0.01 -30"><span class='ocrx_word' id='word_1_140' title='bbox 481 2299 711 2345; x_wconf 85' lang='lat' dir='ltr'><strong>ruerunt</strong></span> <span class='ocrx_word' id='word_1_141' title='bbox 764 2293 1009 2364; x_wconf 73' lang='lat' dir='ltr'><strong>catalogo</strong></span> <span class='ocrx_word' id='word_1_142' title='bbox 1054 2294 1365 2352; x_wconf 89' lang='lat' dir='ltr'><strong>divinarum</strong></span> <span class='ocrx_word' id='word_1_143' title='bbox 1415 2299 1820 2369; x_wconf 90' lang='lat' dir='ltr'><strong>Scripturarum</strong></span> <span class='ocrx_word' id='word_1_144' title='bbox 1861 2320 1876 2356; x_wconf 91' lang='lat'><strong>:</strong></span> <span class='ocrx_word' id='word_1_145' title='bbox 1923 2317 2048 2355; x_wconf 93' lang='lat' dir='ltr'><strong>cum</strong></span> 
     </span>
    </p>
   </div>
   <div class='ocr_carea' id='block_1_25' title="bbox 483 2383 2046 2466">
    <p class='ocr_par' dir='ltr' id='par_1_25' title="bbox 483 2383 2046 2466">
     <span class='ocr_line' id='line_1_25' title="bbox 483 2383 2046 2466; baseline 0.01 -31"><span class='ocrx_word' id='word_1_146' title='bbox 483 2383 643 2440; x_wconf 84' lang='lat' dir='ltr'><strong>hodie</strong></span> <span class='ocrx_word' id='word_1_147' title='bbox 669 2387 740 2441; x_wconf 90' lang='lat' dir='ltr'><strong>ab</strong></span> <span class='ocrx_word' id='word_1_148' title='bbox 767 2387 1017 2444; x_wconf 87' lang='lat' dir='ltr'><strong>universa</strong></span> <span class='ocrx_word' id='word_1_149' title='bbox 1048 2388 1286 2446; x_wconf 87' lang='lat' dir='ltr'><strong>Ecclesia</strong></span> <span class='ocrx_word' id='word_1_150' title='bbox 1321 2403 1474 2448; x_wconf 80' lang='lat' dir='ltr'><strong>extra</strong></span> <span class='ocrx_word' id='word_1_151' title='bbox 1504 2394 1782 2450; x_wconf 88' lang='lat' dir='ltr'><strong>Canonem</strong></span> <span class='ocrx_word' id='word_1_152' title='bbox 1814 2395 2046 2466; x_wconf 89' lang='lat' dir='ltr'><strong>legatur.</strong></span> 
     </span>
    </p>
   </div>
   <div class='ocr_carea' id='block_1_26' title="bbox 479 2473 2048 2556">
    <p class='ocr_par' dir='ltr' id='par_1_26' title="bbox 479 2473 2048 2556">
     <span class='ocr_line' id='line_1_26' title="bbox 479 2473 2048 2556; baseline 0.007 -25"><span class='ocrx_word' id='word_1_153' title='bbox 479 2473 608 2532; x_wconf 77' lang='lat' dir='ltr'><strong>Fuit</strong></span> <span class='ocrx_word' id='word_1_154' title='bbox 639 2489 820 2534; x_wconf 79' lang='lat' dir='ltr'><strong>autem</strong></span> <span class='ocrx_word' id='word_1_155' title='bbox 855 2497 916 2536; x_wconf 91' lang='lat' dir='ltr'><strong>ea</strong></span> <span class='ocrx_word' id='word_1_156' title='bbox 949 2485 1218 2538; x_wconf 89' lang='lat' dir='ltr'><strong>sententia</strong></span> <span class='ocrx_word' id='word_1_157' title='bbox 1267 2487 1630 2556; x_wconf 86' lang='lat' dir='ltr'><strong>quarumdam</strong></span> <span class='ocrx_word' id='word_1_158' title='bbox 1679 2487 2048 2544; x_wconf 83' lang='lat' dir='ltr'><strong>Ecclesiarum</strong></span> 
     </span>
    </p>
   </div>
   <div class='ocr_carea' id='block_1_27' title="bbox 479 2571 2052 2648">
    <p class='ocr_par' dir='ltr' id='par_1_27' title="bbox 479 2571 2052 2648">
     <span class='ocr_line' id='line_1_27' title="bbox 479 2571 2052 2648; baseline 0.006 -26"><span class='ocrx_word' id='word_1_159' title='bbox 479 2585 546 2623; x_wconf 77' lang='lat' dir='ltr'><strong>ex</strong></span> <span class='ocrx_word' id='word_1_160' title='bbox 581 2571 957 2640; x_wconf 54' lang='lat' dir='ltr'><strong>illistGraeciaa,</strong></span> <span class='ocrx_word' id='word_1_161' title='bbox 986 2577 1128 2645; x_wconf 91' lang='lat' dir='ltr'><strong>apud</strong></span> <span class='ocrx_word' id='word_1_162' title='bbox 1165 2593 1324 2646; x_wconf 82' lang='lat' dir='ltr'><strong>quas.</strong></span> <span class='ocrx_word' id='word_1_163' title='bbox 1356 2588 1513 2645; x_wconf 85' lang='lat' dir='ltr'><strong>teste,</strong></span> <span class='ocrx_word' id='word_1_164' title='bbox 1542 2589 1663 2648; x_wconf 92' lang='lat' dir='ltr'><strong>post</strong></span> <span class='ocrx_word' id='word_1_165' title='bbox 1696 2578 1909 2634; x_wconf 84' lang='lat' dir='ltr'><strong>Eusebii</strong></span> <span class='ocrx_word' id='word_1_166' title='bbox 1946 2578 2052 2632; x_wconf 86' lang='lat' dir='ltr'><strong>Hi-</strong></span> 
     </span>
    </p>
   </div>
   <div class='ocr_carea' id='block_1_28' title="bbox 479 2665 2050 2741">
    <p class='ocr_par' dir='ltr' id='par_1_28' title="bbox 479 2665 2050 2741">
     <span class='ocr_line' id='line_1_28' title="bbox 479 2665 2050 2741; baseline 0.005 -24"><span class='ocrx_word' id='word_1_167' title='bbox 479 2665 724 2724; x_wconf 86' lang='lat' dir='ltr'><strong>storiam.</strong></span> <span class='ocrx_word' id='word_1_168' title='bbox 753 2667 847 2719; x_wconf 90' lang='lat' dir='ltr'><strong>lib.</strong></span> <span class='ocrx_word' id='word_1_169' title='bbox 879 2683 961 2732; x_wconf 88' lang='lat' dir='ltr'><strong>Ill,</strong></span> <span class='ocrx_word' id='word_1_170' title='bbox 1007 2684 1128 2737; x_wconf 82' lang='lat' dir='ltr'><strong>cap.</strong></span> <span class='ocrx_word' id='word_1_171' title='bbox 1156 2669 1210 2732; x_wconf 88' lang='grc'><strong>’5,</strong></span> <span class='ocrx_word' id='word_1_172' title='bbox 1247 2668 1580 2741; x_wconf 84' lang='lat' dir='ltr'><strong>Hieronymo</strong></span> <span class='ocrx_word' id='word_1_173' title='bbox 1629 2669 1682 2724; x_wconf 90' lang='lat' dir='ltr'><strong>in</strong></span> <span class='ocrx_word' id='word_1_174' title='bbox 1713 2678 1943 2724; x_wconf 90' lang='lat' dir='ltr'><strong>tractatu</strong></span> <span class='ocrx_word' id='word_1_175' title='bbox 1973 2669 2050 2725; x_wconf 88' lang='lat' dir='ltr'><strong>De</strong></span> 
     </span>
    </p>
   </div>
   <div class='ocr_carea' id='block_1_29' title="bbox 479 2756 2054 2828">
    <p class='ocr_par' dir='ltr' id='par_1_29' title="bbox 479 2756 2054 2828">
     <span class='ocr_line' id='line_1_29' title="bbox 479 2756 2054 2828; baseline 0.006 -20"><span class='ocrx_word' id='word_1_176' title='bbox 479 2756 606 2809; x_wconf 76' lang='lat' dir='ltr'><strong>viris</strong></span> <span class='ocrx_word' id='word_1_177' title='bbox 682 2758 1013 2824; x_wconf 71' lang='lat' dir='ltr'><strong>illustribus,</strong></span> <span class='ocrx_word' id='word_1_178' title='bbox 1071 2761 1285 2828; x_wconf 83' lang='lat' dir='ltr'><strong>publice</strong></span> <span class='ocrx_word' id='word_1_179' title='bbox 1361 2764 1712 2816; x_wconf 81' lang='lat' dir='ltr'><strong>recitabatur.</strong></span> <span class='ocrx_word' id='word_1_180' title='bbox 1778 2762 2054 2818; x_wconf 77' lang='lat' dir='ltr'><strong>Credibile</strong></span> 
     </span>
    </p>
   </div>
   <div class='ocr_carea' id='block_1_30' title="bbox 479 2847 2048 2924">
    <p class='ocr_par' dir='ltr' id='par_1_30' title="bbox 479 2847 2048 2924">
     <span class='ocr_line' id='line_1_30' title="bbox 479 2847 2048 2924; baseline 0.006 -26"><span class='ocrx_word' id='word_1_181' title='bbox 479 2862 716 2915; x_wconf 84' lang='lat' dir='ltr'><strong>namque</strong></span> <span class='ocrx_word' id='word_1_182' title='bbox 760 2847 818 2902; x_wconf 88' lang='lat' dir='ltr'><strong>ﬁt</strong></span> <span class='ocrx_word' id='word_1_183' title='bbox 868 2859 1074 2919; x_wconf 86' lang='lat' dir='ltr'><strong>partem</strong></span> <span class='ocrx_word' id='word_1_184' title='bbox 1126 2866 1264 2918; x_wconf 88' lang='lat' dir='ltr'><strong>opus</strong></span> <span class='ocrx_word' id='word_1_185' title='bbox 1312 2852 1570 2907; x_wconf 90' lang='lat' dir='ltr'><strong>habuisse</strong></span> <span class='ocrx_word' id='word_1_186' title='bbox 1616 2869 1714 2924; x_wconf 89' lang='lat' dir='ltr'><strong>pro</strong></span> <span class='ocrx_word' id='word_1_187' title='bbox 1761 2854 2048 2922; x_wconf 90' lang='lat' dir='ltr'><strong>canonico,</strong></span> 
     </span>
    </p>
   </div>
   <div class='ocr_carea' id='block_1_31' title="bbox 479 2939 2051 3015">
    <p class='ocr_par' dir='ltr' id='par_1_31' title="bbox 479 2939 2051 3015">
     <span class='ocr_line' id='line_1_31' title="bbox 479 2939 2051 3015; baseline 0.008 -26"><span class='ocrx_word' id='word_1_188' title='bbox 479 2948 686 3005; x_wconf 83' lang='lat' dir='ltr'><strong>partem</strong></span> <span class='ocrx_word' id='word_1_189' title='bbox 731 2954 829 3007; x_wconf 91' lang='lat' dir='ltr'><strong>pro</strong></span> <span class='ocrx_word' id='word_1_190' title='bbox 866 2939 1280 2996; x_wconf 87' lang='lat' dir='ltr'><strong>ecclesiastico:</strong></span> <span class='ocrx_word' id='word_1_191' title='bbox 1310 2959 1418 3013; x_wconf 90' lang='lat' dir='ltr'><strong>quo</strong></span> <span class='ocrx_word' id='word_1_192' title='bbox 1451 2945 1517 3000; x_wconf 87' lang='lat' dir='ltr'><strong>de</strong></span> <span class='ocrx_word' id='word_1_193' title='bbox 1568 2946 1759 3000; x_wconf 92' lang='lat' dir='ltr'><strong>u-ltimo</strong></span> <span class='ocrx_word' id='word_1_194' title='bbox 1802 2946 2051 3015; x_wconf 87' lang='lat' dir='ltr'><strong>dubitare</strong></span> 
     </span>
    </p>
   </div>
   <div class='ocr_carea' id='block_1_32' title="bbox 481 3031 2047 3107">
    <p class='ocr_par' dir='ltr' id='par_1_32' title="bbox 481 3031 2047 3107">
     <span class='ocr_line' id='line_1_32' title="bbox 481 3031 2047 3107; baseline 0.006 -25"><span class='ocrx_word' id='word_1_195' title='bbox 481 3045 582 3084; x_wconf 88' lang='lat' dir='ltr'><strong>nos</strong></span> <span class='ocrx_word' id='word_1_196' title='bbox 639 3045 749 3083; x_wconf 91' lang='lat' dir='ltr'><strong>non</strong></span> <span class='ocrx_word' id='word_1_197' title='bbox 796 3031 983 3085; x_wconf 91' lang='lat' dir='ltr'><strong>sinunt</strong></span> <span class='ocrx_word' id='word_1_198' title='bbox 1029 3032 1340 3088; x_wconf 87' lang='lat' dir='ltr'><strong>testimonia</strong></span> <span class='ocrx_word' id='word_1_199' title='bbox 1382 3035 1668 3090; x_wconf 84' lang='lat' dir='ltr'><strong>Athanasii</strong></span> <span class='ocrx_word' id='word_1_200' title='bbox 1713 3035 1766 3090; x_wconf 94' lang='lat' dir='ltr'><strong>in</strong></span> <span class='ocrx_word' id='word_1_201' title='bbox 1806 3035 2047 3107; x_wconf 89' lang='lat' dir='ltr'><strong>Epistola</strong></span> 
     </span>
    </p>
   </div>
   <div class='ocr_carea' id='block_1_33' title="bbox 478 3120 2048 3200">
    <p class='ocr_par' dir='ltr' id='par_1_33' title="bbox 478 3120 2048 3200">
     <span class='ocr_line' id='line_1_33' title="bbox 478 3120 2048 3200; baseline 0.006 -23"><span class='ocrx_word' id='word_1_202' title='bbox 478 3120 766 3186; x_wconf 88' lang='lat' dir='ltr'><strong>Paschali,</strong></span> <span class='ocrx_word' id='word_1_203' title='bbox 806 3133 860 3178; x_wconf 92' lang='lat' dir='ltr'><strong>et</strong></span> <span class='ocrx_word' id='word_1_204' title='bbox 905 3121 1086 3178; x_wconf 87' lang='lat' dir='ltr'><strong>Ruﬁni</strong></span> <span class='ocrx_word' id='word_1_205' title='bbox 1126 3127 1196 3178; x_wconf 86' lang='lat' dir='ltr'><strong>ad</strong></span> <span class='ocrx_word' id='word_1_206' title='bbox 1235 3123 1580 3197; x_wconf 79' lang='lat' dir='ltr'><strong>Symbolum;</strong></span> <span class='ocrx_word' id='word_1_207' title='bbox 1625 3129 1768 3185; x_wconf 90' lang='lat' dir='ltr'><strong>sicut</strong></span> <span class='ocrx_word' id='word_1_208' title='bbox 1814 3131 2048 3200; x_wconf 90' lang='lat' dir='ltr'><strong>primum</strong></span> 
     </span>
    </p>
   </div>
   <div class='ocr_carea' id='block_1_34' title="bbox 477 3215 2052 3295">
    <p class='ocr_par' dir='ltr' id='par_1_34' title="bbox 477 3215 2052 3295">
     <span class='ocr_line' id='line_1_34' title="bbox 477 3215 2052 3295; baseline 0.007 -26"><span class='ocrx_word' id='word_1_209' title='bbox 477 3215 837 3272; x_wconf 85' lang='lat' dir='ltr'><strong>conﬁrmatur</strong></span> <span class='ocrx_word' id='word_1_210' title='bbox 873 3228 986 3272; x_wconf 91' lang='lat' dir='ltr'><strong>tum</strong></span> <span class='ocrx_word' id='word_1_211' title='bbox 1016 3236 1110 3290; x_wconf 89' lang='lat' dir='ltr'><strong>per</strong></span> <span class='ocrx_word' id='word_1_212' title='bbox 1135 3233 1386 3278; x_wconf 90' lang='lat' dir='ltr'><strong>auctores</strong></span> <span class='ocrx_word' id='word_1_213' title='bbox 1418 3221 1510 3293; x_wconf 90' lang='lat' dir='ltr'><strong>qui</strong></span> <span class='ocrx_word' id='word_1_214' title='bbox 1547 3221 1757 3280; x_wconf 69' lang='lat' dir='ltr'><strong>Hermae</strong></span> <span class='ocrx_word' id='word_1_215' title='bbox 1789 3226 2052 3295; x_wconf 87' lang='lat' dir='ltr'><strong>scriptum</strong></span> 
     </span>
    </p>
   </div>
   <div class='ocr_carea' id='block_1_35' title="bbox 480 3307 2052 3387">
    <p class='ocr_par' dir='ltr' id='par_1_35' title="bbox 480 3307 2052 3387">
     <span class='ocr_line' id='line_1_35' title="bbox 480 3307 2052 3387; baseline 0.01 -28"><span class='ocrx_word' id='word_1_216' title='bbox 480 3307 622 3362; x_wconf 88' lang='lat' dir='ltr'><strong>inter</strong></span> <span class='ocrx_word' id='word_1_217' title='bbox 670 3309 834 3364; x_wconf 89' lang='lat' dir='ltr'><strong>dubia</strong></span> <span class='ocrx_word' id='word_1_218' title='bbox 883 3311 1195 3380; x_wconf 76' lang='lat' dir='ltr'><strong>volumina,</strong></span> <span class='ocrx_word' id='word_1_219' title='bbox 1250 3324 1304 3370; x_wconf 87' lang='lat' dir='ltr'><strong>et</strong></span> <span class='ocrx_word' id='word_1_220' title='bbox 1353 3313 1423 3369; x_wconf 90' lang='lat' dir='ltr'><strong>ab</strong></span> <span class='ocrx_word' id='word_1_221' title='bbox 1472 3316 1749 3386; x_wconf 88' lang='lat' dir='ltr'><strong>aliquibus</strong></span> <span class='ocrx_word' id='word_1_222' title='bbox 1792 3318 2052 3387; x_wconf 89' lang='lat' dir='ltr'><strong>admissa,</strong></span> 
     </span>
    </p>
   </div>
   <div class='ocr_carea' id='block_1_36' title="bbox 479 3396 2055 3480">
    <p class='ocr_par' dir='ltr' id='par_1_36' title="bbox 479 3396 2055 3480">
     <span class='ocr_line' id='line_1_36' title="bbox 479 3396 2055 3480; baseline 0.011 -31"><span class='ocrx_word' id='word_1_223' title='bbox 479 3396 679 3469; x_wconf 58' lang='lat' dir='ltr'><strong>reiecta</strong></span> <span class='ocrx_word' id='word_1_224' title='bbox 717 3401 785 3454; x_wconf 91' lang='lat' dir='ltr'><strong>ab</strong></span> <span class='ocrx_word' id='word_1_225' title='bbox 829 3402 953 3457; x_wconf 92' lang='lat' dir='ltr'><strong>aliis</strong></span> <span class='ocrx_word' id='word_1_226' title='bbox 997 3415 1314 3472; x_wconf 86' lang='lat' dir='ltr'><strong>recensent;</strong></span> <span class='ocrx_word' id='word_1_227' title='bbox 1371 3417 1484 3462; x_wconf 91' lang='lat' dir='ltr'><strong>tum</strong></span> <span class='ocrx_word' id='word_1_228' title='bbox 1537 3423 1634 3478; x_wconf 89' lang='lat' dir='ltr'><strong>per</strong></span> <span class='ocrx_word' id='word_1_229' title='bbox 1677 3410 1932 3480; x_wconf 81' lang='lat' dir='ltr'><strong>antiquos</strong></span> <span class='ocrx_word' id='word_1_230' title='bbox 1963 3411 2055 3466; x_wconf 87' lang='lat' dir='ltr'><strong>Bi-</strong></span> 
     </span>
    </p>
   </div>
   <div class='ocr_carea' id='block_1_37' title="bbox 476 3490 2052 3570">
    <p class='ocr_par' dir='ltr' id='par_1_37' title="bbox 476 3490 2052 3570">
     <span class='ocr_line' id='line_1_37' title="bbox 476 3490 2052 3570; baseline 0.009 -26"><span class='ocrx_word' id='word_1_231' title='bbox 476 3490 712 3547; x_wconf 88' lang='lat' dir='ltr'><strong>bliorum</strong></span> <span class='ocrx_word' id='word_1_232' title='bbox 750 3495 970 3552; x_wconf 83' lang='lat' dir='ltr'><strong>codices</strong></span> <span class='ocrx_word' id='word_1_233' title='bbox 1005 3513 1170 3551; x_wconf 91' lang='lat' dir='ltr'><strong>manu</strong></span> <span class='ocrx_word' id='word_1_234' title='bbox 1202 3509 1477 3566; x_wconf 78' lang='lat' dir='ltr'><strong>exaratos,</strong></span> <span class='ocrx_word' id='word_1_235' title='bbox 1520 3517 1757 3570; x_wconf 91' lang='lat' dir='ltr'><strong>quorum</strong></span> <span class='ocrx_word' id='word_1_236' title='bbox 1800 3505 2052 3560; x_wconf 89' lang='lat' dir='ltr'><strong>nonnulli</strong></span> 
     </span>
    </p>
   </div>
   <div class='ocr_carea' id='block_1_38' title="bbox 484 3582 2054 3659">
    <p class='ocr_par' dir='ltr' id='par_1_38' title="bbox 484 3582 2054 3659">
     <span class='ocr_line' id='line_1_38' title="bbox 484 3582 2054 3659; baseline 0.01 -24"><span class='ocrx_word' id='word_1_237' title='bbox 484 3582 757 3639; x_wconf 76' lang='lat' dir='ltr'><strong>Pastorem</strong></span> <span class='ocrx_word' id='word_1_238' title='bbox 781 3603 999 3657; x_wconf 86' lang='lat' dir='ltr'><strong>quoque</strong></span> <span class='ocrx_word' id='word_1_239' title='bbox 1027 3589 1483 3659; x_wconf 89' lang='lat' dir='ltr'><strong>complectuntur,</strong></span> <span class='ocrx_word' id='word_1_240' title='bbox 1504 3600 1565 3646; x_wconf 93' lang='lat' dir='ltr'><strong>nt</strong></span> <span class='ocrx_word' id='word_1_241' title='bbox 1593 3593 1679 3647; x_wconf 91' lang='lat' dir='ltr'><strong>ille</strong></span> <span class='ocrx_word' id='word_1_242' title='bbox 1707 3593 2054 3650; x_wconf 70' lang='lat' dir='ltr'><strong>bibliothecae</strong></span> 
     </span>
    </p>
   </div>
   <div class='ocr_carea' id='block_1_39' title="bbox 480 3673 2052 3755">
    <p class='ocr_par' dir='ltr' id='par_1_39' title="bbox 480 3673 2052 3755">
     <span class='ocr_line' id='line_1_39' title="bbox 480 3673 2052 3755; baseline 0.009 -27"><span class='ocrx_word' id='word_1_243' title='bbox 480 3673 672 3730; x_wconf 85' lang='lat' dir='ltr'><strong>Sancti</strong></span> <span class='ocrx_word' id='word_1_244' title='bbox 703 3676 1000 3746; x_wconf 74' lang='lat' dir='ltr'><strong>Germanif</strong></span> <span class='ocrx_word' id='word_1_245' title='bbox 1056 3688 1169 3734; x_wconf 89' lang='lat' dir='ltr'><strong>tum</strong></span> <span class='ocrx_word' id='word_1_246' title='bbox 1212 3697 1309 3750; x_wconf 91' lang='lat' dir='ltr'><strong>per</strong></span> <span class='ocrx_word' id='word_1_247' title='bbox 1352 3699 1517 3736; x_wconf 87' lang='lat' dir='ltr'><strong>manu</strong></span> <span class='ocrx_word' id='word_1_248' title='bbox 1565 3684 1800 3755; x_wconf 82' lang='lat' dir='ltr'><strong>scriptas</strong></span> <span class='ocrx_word' id='word_1_249' title='bbox 1839 3693 2052 3742; x_wconf 85' lang='lat' dir='ltr'><strong>veteres</strong></span> 
     </span>
    </p>
   </div>
   <div class='ocr_carea' id='block_1_40' title="bbox 483 3765 2049 3845">
    <p class='ocr_par' dir='ltr' id='par_1_40' title="bbox 483 3765 2049 3845">
     <span class='ocr_line' id='line_1_40' title="bbox 483 3765 2049 3845; baseline 0.008 -26"><span class='ocrx_word' id='word_1_250' title='bbox 483 3765 932 3834; x_wconf 82' lang='lat' dir='ltr'><strong>Stichometrias,</strong></span> <span class='ocrx_word' id='word_1_251' title='bbox 973 3785 1096 3839; x_wconf 70' lang='lat' dir='ltr'><strong>quae</strong></span> <span class='ocrx_word' id='word_1_252' title='bbox 1138 3771 1392 3828; x_wconf 84' lang='lat' dir='ltr'><strong>similiter</strong></span> <span class='ocrx_word' id='word_1_253' title='bbox 1429 3773 1683 3830; x_wconf 86' lang='lat' dir='ltr'><strong>Hermam</strong></span> <span class='ocrx_word' id='word_1_254' title='bbox 1739 3777 2049 3845; x_wconf 89' lang='lat' dir='ltr'><strong>continent;</strong></span> 
     </span>
    </p>
   </div>
   <div class='ocr_carea' id='block_1_41' title="bbox 477 3855 2050 3934">
    <p class='ocr_par' dir='ltr' id='par_1_41' title="bbox 477 3855 2050 3934">
     <span class='ocr_line' id='line_1_41' title="bbox 477 3855 2050 3934; baseline 0.008 -27"><span class='ocrx_word' id='word_1_255' title='bbox 477 3855 658 3924; x_wconf 79' lang='lat' dir='ltr'><strong>qualis</strong></span> <span class='ocrx_word' id='word_1_256' title='bbox 701 3867 877 3912; x_wconf 79' lang='lat' dir='ltr'><strong>exstat</strong></span> <span class='ocrx_word' id='word_1_257' title='bbox 917 3859 968 3912; x_wconf 94' lang='lat' dir='ltr'><strong>in</strong></span> <span class='ocrx_word' id='word_1_258' title='bbox 995 3861 1182 3915; x_wconf 88' lang='lat' dir='ltr'><strong>eadem</strong></span> <span class='ocrx_word' id='word_1_259' title='bbox 1223 3862 1652 3932; x_wconf 80' lang='lat' dir='ltr'><strong>locupletissima</strong></span> <span class='ocrx_word' id='word_1_260' title='bbox 1700 3865 2050 3934; x_wconf 87' lang='lat' dir='ltr'><strong>bibliotheca,</strong></span> 
     </span>
    </p>
   </div>
   <div class='ocr_carea' id='block_1_42' title="bbox 477 3947 2053 4024">
    <p class='ocr_par' dir='ltr' id='par_1_42' title="bbox 477 3947 2053 4024">
     <span class='ocr_line' id='line_1_42' title="bbox 477 3947 2053 4024; baseline 0.009 -24"><span class='ocrx_word' id='word_1_261' title='bbox 477 3955 534 4000; x_wconf 91' lang='lat' dir='ltr'><strong>et</strong></span> <span class='ocrx_word' id='word_1_262' title='bbox 581 3947 634 4001; x_wconf 91' lang='lat' dir='ltr'><strong>in</strong></span> <span class='ocrx_word' id='word_1_263' title='bbox 675 3949 938 4004; x_wconf 83' lang='lat' dir='ltr'><strong>thesauro</strong></span> <span class='ocrx_word' id='word_1_264' title='bbox 979 3953 1206 4008; x_wconf 90' lang='lat' dir='ltr'><strong>librario</strong></span> <span class='ocrx_word' id='word_1_265' title='bbox 1237 3951 1400 4024; x_wconf 80' lang='lat' dir='ltr'><strong>Regis</strong></span> <span class='ocrx_word' id='word_1_266' title='bbox 1432 3953 1911 4024; x_wconf 83' lang='lat' dir='ltr'><strong>Christianissimi,</strong></span> <span class='ocrx_word' id='word_1_267' title='bbox 1959 3975 2053 4014; x_wconf 83' lang='lat' dir='ltr'><strong>su-</strong></span> 
     </span>
    </p>
   </div>
   <div class='ocr_carea' id='block_1_43' title="bbox 476 4041 2052 4116">
    <p class='ocr_par' dir='ltr' id='par_1_43' title="bbox 476 4041 2052 4116">
     <span class='ocr_line' id='line_1_43' title="bbox 476 4041 2052 4116; baseline 0.01 -25"><span class='ocrx_word' id='word_1_268' title='bbox 476 4041 665 4109; x_wconf 91' lang='lat' dir='ltr'><strong>perius</strong></span> <span class='ocrx_word' id='word_1_269' title='bbox 693 4042 836 4096; x_wconf 86' lang='lat' dir='ltr'><strong>edita</strong></span> <span class='ocrx_word' id='word_1_270' title='bbox 884 4045 938 4098; x_wconf 91' lang='lat' dir='ltr'><strong>in</strong></span> <span class='ocrx_word' id='word_1_271' title='bbox 984 4046 1190 4116; x_wconf 83' lang='lat' dir='ltr'><strong>proleg.</strong></span> <span class='ocrx_word' id='word_1_272' title='bbox 1230 4046 1296 4101; x_wconf 89' lang='lat' dir='ltr'><strong>ad</strong></span> <span class='ocrx_word' id='word_1_273' title='bbox 1341 4045 1398 4102; x_wconf 92' lang='lat' dir='ltr'><strong>S.</strong></span> <span class='ocrx_word' id='word_1_274' title='bbox 1431 4047 1767 4116; x_wconf 88' lang='lat' dir='ltr'><strong>Barnaham;</strong></span> <span class='ocrx_word' id='word_1_275' title='bbox 1799 4059 1914 4106; x_wconf 90' lang='lat' dir='ltr'><strong>tum</strong></span> <span class='ocrx_word' id='word_1_276' title='bbox 1956 4052 2052 4106; x_wconf 85' lang='lat' dir='ltr'><strong>de-</strong></span> 
     </span>
    </p>
   </div>
   <div class='ocr_carea' id='block_1_44' title="bbox 478 4131 2053 4214">
    <p class='ocr_par' dir='ltr' id='par_1_44' title="bbox 478 4131 2053 4214">
     <span class='ocr_line' id='line_1_44' title="bbox 478 4131 2053 4214; baseline 0.009 -28"><span class='ocrx_word' id='word_1_277' title='bbox 478 4131 646 4202; x_wconf 89' lang='lat' dir='ltr'><strong>nique</strong></span> <span class='ocrx_word' id='word_1_278' title='bbox 675 4149 770 4207; x_wconf 89' lang='lat' dir='ltr'><strong>per</strong></span> <span class='ocrx_word' id='word_1_279' title='bbox 793 4133 1054 4191; x_wconf 68' lang='lat' dir='ltr'><strong>Ecclesia:</strong></span> <span class='ocrx_word' id='word_1_280' title='bbox 1102 4139 1399 4209; x_wconf 89' lang='lat' dir='ltr'><strong>magistros</strong></span> <span class='ocrx_word' id='word_1_281' title='bbox 1444 4141 1511 4195; x_wconf 92' lang='lat' dir='ltr'><strong>ad</strong></span> <span class='ocrx_word' id='word_1_282' title='bbox 1543 4143 1788 4197; x_wconf 89' lang='lat' dir='ltr'><strong>eamdem</strong></span> <span class='ocrx_word' id='word_1_283' title='bbox 1837 4146 2053 4214; x_wconf 80' lang='lat' dir='ltr'><strong>opinio-</strong></span> 
     </span>
    </p>
   </div>
   <div class='ocr_carea' id='block_1_45' title="bbox 477 4229 2076 4306">
    <p class='ocr_par' dir='ltr' id='par_1_45' title="bbox 477 4229 2076 4306">
     <span class='ocr_line' id='line_1_45' title="bbox 477 4229 2076 4306; baseline 0.009 -26"><span class='ocrx_word' id='word_1_284' title='bbox 477 4241 601 4281; x_wconf 88' lang='lat' dir='ltr'><strong>nem</strong></span> <span class='ocrx_word' id='word_1_285' title='bbox 633 4229 972 4300; x_wconf 77' lang='lat' dir='ltr'><strong>accedentes.</strong></span> <span class='ocrx_word' id='word_1_286' title='bbox 1005 4229 1140 4286; x_wconf 85' lang='lat' dir='ltr'><strong>Nam</strong></span> <span class='ocrx_word' id='word_1_287' title='bbox 1167 4232 1402 4291; x_wconf 75' lang='lat' dir='ltr'><strong>[renuens</strong></span> <span class='ocrx_word' id='word_1_288' title='bbox 1445 4245 1502 4290; x_wconf 91' lang='lat' dir='ltr'><strong>ut</strong></span> <span class='ocrx_word' id='word_1_289' title='bbox 1529 4234 1871 4306; x_wconf 90' lang='lat' dir='ltr'><strong>Scripturam</strong></span> <span class='ocrx_word' id='word_1_290' title='bbox 1900 4239 2076 4294; x_wconf 83' lang='lat' dir='ltr'><strong>vide—&#39;</strong></span> 
     </span>
    </p>
   </div>
   <div class='ocr_carea' id='block_1_46' title="bbox 478 4319 2051 4409">
    <p class='ocr_par' dir='ltr' id='par_1_46' title="bbox 478 4319 2051 4409">
     <span class='ocr_line' id='line_1_46' title="bbox 478 4319 2051 4409; baseline 0.009 -36"><span class='ocrx_word' id='word_1_291' title='bbox 478 4327 567 4373; x_wconf 91' lang='lat' dir='ltr'><strong>tur</strong></span> <span class='ocrx_word' id='word_1_292' title='bbox 607 4319 797 4376; x_wconf 84' lang='lat' dir='ltr'><strong>citare.</strong></span> <span class='ocrx_word' id='word_1_293' title='bbox 877 4322 1128 4380; x_wconf 90' lang='lat' dir='ltr'><strong>Clemens</strong></span> <span class='ocrx_word' id='word_1_294' title='bbox 1174 4325 1578 4383; x_wconf 82' lang='lat' dir='ltr'><strong>Alexandrinus</strong></span> <span class='ocrx_word' id='word_1_295' title='bbox 1634 4329 1872 4383; x_wconf 82' lang='lat' dir='ltr'><strong>divinam</strong></span> <span class='ocrx_word' id='word_1_296' title='bbox 1927 4346 2051 4409; x_wconf 75' lang='lat' dir='ltr'><strong>esse</strong></span> 
     </span>
    </p>
   </div>
   <div class='ocr_carea' id='block_1_47' title="bbox 484 4414 2126 4502">
    <p class='ocr_par' dir='ltr' id='par_1_47' title="bbox 484 4414 2126 4502">
     <span class='ocr_line' id='line_1_47' title="bbox 484 4414 2126 4502; baseline 0.005 -35"><span class='ocrx_word' id='word_1_297' title='bbox 484 4414 1093 4494; x_wconf 76' lang='lat' dir='ltr'><strong>revelationeminnuit.</strong></span> <span class='ocrx_word' id='word_1_298' title='bbox 1133 4417 1521 4487; x_wconf 89' lang='lat' dir='ltr'><strong>Tertullianus,</strong></span> <span class='ocrx_word' id='word_1_299' title='bbox 1555 4421 1650 4476; x_wconf 89' lang='lat' dir='ltr'><strong>lib.</strong></span> <span class='ocrx_word' id='word_1_300' title='bbox 1677 4415 1754 4476; x_wconf 87' lang='lat' dir='ltr'><strong>De</strong></span> <span class='ocrx_word' id='word_1_301' title='bbox 1783 4423 2044 4488; x_wconf 74' lang='lat' dir='ltr'><strong>oratione,</strong></span> <span class='ocrx_word' id='word_1_302' title='bbox 2077 4447 2126 4502; x_wconf 68' lang='grc' dir='ltr'><strong>Β</strong></span> 
     </span>
    </p>
   </div>
   <div class='ocr_carea' id='block_1_48' title="bbox 476 4507 2050 4584">
    <p class='ocr_par' dir='ltr' id='par_1_48' title="bbox 476 4507 2050 4584">
     <span class='ocr_line' id='line_1_48' title="bbox 476 4507 2050 4584; baseline 0.006 -23"><span class='ocrx_word' id='word_1_303' title='bbox 476 4521 596 4576; x_wconf 89' lang='lat' dir='ltr'><strong>cap.</strong></span> <span class='ocrx_word' id='word_1_304' title='bbox 623 4507 724 4574; x_wconf 72' lang='lat'><strong>12,</strong></span> <span class='ocrx_word' id='word_1_305' title='bbox 771 4511 1174 4565; x_wconf 87' lang='lat' dir='ltr'><strong>venerationem</strong></span> <span class='ocrx_word' id='word_1_306' title='bbox 1209 4512 1356 4569; x_wconf 87' lang='lat' dir='ltr'><strong>illius</strong></span> <span class='ocrx_word' id='word_1_307' title='bbox 1401 4529 1511 4567; x_wconf 91' lang='lat' dir='ltr'><strong>non</strong></span> <span class='ocrx_word' id='word_1_308' title='bbox 1551 4513 1858 4584; x_wconf 89' lang='lat' dir='ltr'><strong>improbat,</strong></span> <span class='ocrx_word' id='word_1_309' title='bbox 1906 4515 2050 4570; x_wconf 84' lang='lat' dir='ltr'><strong>absit</strong></span> 
     </span>
    </p>
   </div>
   <div class='ocr_carea' id='block_1_49' title="bbox 476 4599 2047 4676">
    <p class='ocr_par' dir='ltr' id='par_1_49' title="bbox 476 4599 2047 4676">
     <span class='ocr_line' id='line_1_49' title="bbox 476 4599 2047 4676; baseline 0.007 -25"><span class='ocrx_word' id='word_1_310' title='bbox 476 4599 640 4654; x_wconf 90' lang='lat' dir='ltr'><strong>tuodo</strong></span> <span class='ocrx_word' id='word_1_311' title='bbox 669 4601 1008 4670; x_wconf 85' lang='lat' dir='ltr'><strong>superstitio.</strong></span> <span class='ocrx_word' id='word_1_312' title='bbox 1055 4604 1321 4661; x_wconf 87' lang='lat' dir='ltr'><strong>Catholici</strong></span> <span class='ocrx_word' id='word_1_313' title='bbox 1351 4606 1493 4676; x_wconf 92' lang='lat' dir='ltr'><strong>apud</strong></span> <span class='ocrx_word' id='word_1_314' title='bbox 1525 4607 1780 4662; x_wconf 89' lang='lat' dir='ltr'><strong>eumdem</strong></span> <span class='ocrx_word' id='word_1_315' title='bbox 1824 4606 2047 4662; x_wconf 88' lang='lat' dir='ltr'><strong>Tertul-</strong></span> 
     </span>
    </p>
   </div>
   <div class='ocr_carea' id='block_1_50' title="bbox 474 4691 2044 4768">
    <p class='ocr_par' dir='ltr' id='par_1_50' title="bbox 474 4691 2044 4768">
     <span class='ocr_line' id='line_1_50' title="bbox 474 4691 2044 4768; baseline 0.005 -23"><span class='ocrx_word' id='word_1_316' title='bbox 474 4691 704 4754; x_wconf 90' lang='lat' dir='ltr'><strong>lianum.</strong></span> <span class='ocrx_word' id='word_1_317' title='bbox 761 4693 903 4749; x_wconf 88' lang='lat' dir='ltr'><strong>libro</strong></span> <span class='ocrx_word' id='word_1_318' title='bbox 931 4696 1004 4750; x_wconf 90' lang='lat' dir='ltr'><strong>De</strong></span> <span class='ocrx_word' id='word_1_319' title='bbox 1027 4697 1312 4766; x_wconf 81' lang='lat' dir='ltr'><strong>pudicitia,</strong></span> <span class='ocrx_word' id='word_1_320' title='bbox 1341 4697 1682 4753; x_wconf 84' lang='lat' dir='ltr'><strong>Montanistis</strong></span> <span class='ocrx_word' id='word_1_321' title='bbox 1740 4707 2044 4768; x_wconf 89' lang='lat' dir='ltr'><strong>opponunt,</strong></span> 
     </span>
    </p>
   </div>
   <div class='ocr_carea' id='block_1_51' title="bbox 475 4784 2045 4859">
    <p class='ocr_par' dir='ltr' id='par_1_51' title="bbox 475 4784 2045 4859">
     <span class='ocr_line' id='line_1_51' title="bbox 475 4784 2045 4859; baseline 0.005 -21"><span class='ocrx_word' id='word_1_322' title='bbox 475 4784 542 4839; x_wconf 80' lang='lat' dir='ltr'><strong>ad</strong></span> <span class='ocrx_word' id='word_1_323' title='bbox 584 4787 964 4842; x_wconf 85' lang='lat' dir='ltr'><strong>auctoritatem</strong></span> <span class='ocrx_word' id='word_1_324' title='bbox 1003 4788 1125 4843; x_wconf 86' lang='lat' dir='ltr'><strong>ﬁdei</strong></span> <span class='ocrx_word' id='word_1_325' title='bbox 1171 4789 1646 4844; x_wconf 87' lang='lat' dir='ltr'><strong>conﬁrmandam:</strong></span> <span class='ocrx_word' id='word_1_326' title='bbox 1689 4789 2045 4859; x_wconf 77' lang='lat' dir='ltr'><strong>quemadmo-</strong></span> 
     </span>
    </p>
   </div>
   <div class='ocr_carea' id='block_1_52' title="bbox 473 4877 2046 4951">
    <p class='ocr_par' dir='ltr' id='par_1_52' title="bbox 473 4877 2046 4951">
     <span class='ocr_line' id='line_1_52' title="bbox 473 4877 2046 4951; baseline 0.004 -21"><span class='ocrx_word' id='word_1_327' title='bbox 473 4877 624 4944; x_wconf 84' lang='lat' dir='ltr'><strong>dutn,</strong></span> <span class='ocrx_word' id='word_1_328' title='bbox 649 4880 791 4947; x_wconf 92' lang='lat' dir='ltr'><strong>apud</strong></span> <span class='ocrx_word' id='word_1_329' title='bbox 815 4880 1196 4940; x_wconf 77' lang='lat' dir='ltr'><strong>Athanasium.</strong></span> <span class='ocrx_word' id='word_1_330' title='bbox 1227 4880 1414 4934; x_wconf 79' lang='lat' dir='ltr'><strong>Ariani</strong></span> <span class='ocrx_word' id='word_1_331' title='bbox 1439 4879 1754 4935; x_wconf 86' lang='lat' dir='ltr'><strong>Catholicis.</strong></span> <span class='ocrx_word' id='word_1_332' title='bbox 1785 4882 2046 4951; x_wconf 78' lang='lat' dir='ltr'><strong>Origenes</strong></span> 
     </span>
    </p>
   </div>
   <div class='ocr_carea' id='block_1_53' title="bbox 474 4965 2046 5040">
    <p class='ocr_par' dir='ltr' id='par_1_53' title="bbox 474 4965 2046 5040">
     <span class='ocr_line' id='line_1_53' title="bbox 474 4965 2046 5040; baseline 0.003 -17"><span class='ocrx_word' id='word_1_333' title='bbox 474 4965 815 5038; x_wconf 87' lang='lat' dir='ltr'><strong>Scripturam</strong></span> <span class='ocrx_word' id='word_1_334' title='bbox 855 4971 1118 5026; x_wconf 90' lang='lat' dir='ltr'><strong>divinitus</strong></span> <span class='ocrx_word' id='word_1_335' title='bbox 1157 4971 1478 5040; x_wconf 88' lang='lat' dir='ltr'><strong>inspiratam</strong></span> <span class='ocrx_word' id='word_1_336' title='bbox 1514 4979 1687 5040; x_wconf 90' lang='lat' dir='ltr'><strong>putat,</strong></span> <span class='ocrx_word' id='word_1_337' title='bbox 1731 4971 1856 5025; x_wconf 89' lang='lat' dir='ltr'><strong>licet</strong></span> <span class='ocrx_word' id='word_1_338' title='bbox 1887 4972 2046 5027; x_wconf 89' lang='lat' dir='ltr'><strong>aliter</strong></span> 
     </span>
    </p>
   </div>
   <div class='ocr_carea' id='block_1_54' title="bbox 473 5059 2045 5131">
    <p class='ocr_par' dir='ltr' id='par_1_54' title="bbox 473 5059 2045 5131">
     <span class='ocr_line' id='line_1_54' title="bbox 473 5059 2045 5131; baseline 0.003 -17"><span class='ocrx_word' id='word_1_339' title='bbox 473 5059 838 5116; x_wconf 89' lang='lat' dir='ltr'><strong>sentientibus</strong></span> <span class='ocrx_word' id='word_1_340' title='bbox 869 5061 1006 5116; x_wconf 91' lang='lat' dir='ltr'><strong>nolit</strong></span> <span class='ocrx_word' id='word_1_341' title='bbox 1027 5061 1141 5116; x_wconf 86' lang='lat' dir='ltr'><strong>ﬁeri</strong></span> <span class='ocrx_word' id='word_1_342' title='bbox 1175 5061 1576 5131; x_wconf 59' lang='lat' dir='ltr'><strong>praeiudicium.</strong></span> <span class='ocrx_word' id='word_1_343' title='bbox 1618 5059 1916 5118; x_wconf 87' lang='lat' dir='ltr'><strong>Cassianus</strong></span> <span class='ocrx_word' id='word_1_344' title='bbox 1949 5064 2045 5118; x_wconf 87' lang='lat' dir='ltr'><strong>de-</strong></span> 
     </span>
    </p>
   </div>
   <div class='ocr_carea' id='block_1_55' title="bbox 474 5151 2044 5224">
    <p class='ocr_par' dir='ltr' id='par_1_55' title="bbox 474 5151 2044 5224">
     <span class='ocr_line' id='line_1_55' title="bbox 474 5151 2044 5224; baseline 0.004 -19"><span class='ocrx_word' id='word_1_345' title='bbox 474 5151 641 5221; x_wconf 89' lang='lat' dir='ltr'><strong>nique</strong></span> <span class='ocrx_word' id='word_1_346' title='bbox 665 5153 976 5209; x_wconf 88' lang='lat' dir='ltr'><strong>testimonia</strong></span> <span class='ocrx_word' id='word_1_347' title='bbox 1005 5153 1128 5209; x_wconf 91' lang='lat' dir='ltr'><strong>inde</strong></span> <span class='ocrx_word' id='word_1_348' title='bbox 1148 5154 1433 5224; x_wconf 78' lang='lat' dir='ltr'><strong>desumpta</strong></span> <span class='ocrx_word' id='word_1_349' title='bbox 1459 5169 1585 5210; x_wconf 88' lang='lat' dir='ltr'><strong>cum</strong></span> <span class='ocrx_word' id='word_1_350' title='bbox 1610 5154 1847 5210; x_wconf 65' lang='lat' dir='ltr'><strong>testibus</strong></span> <span class='ocrx_word' id='word_1_351' title='bbox 1871 5156 2044 5213; x_wconf 84' lang='lat' dir='ltr'><strong>sacris</strong></span> 
     </span>
    </p>
   </div>
   <div class='ocr_carea' id='block_1_56' title="bbox 473 5242 685 5298">
    <p class='ocr_par' dir='ltr' id='par_1_56' title="bbox 473 5242 685 5298">
     <span class='ocr_line' id='line_1_56' title="bbox 473 5242 685 5298; baseline 0 -1"><span class='ocrx_word' id='word_1_352' title='bbox 473 5242 685 5298; x_wconf 84' lang='lat' dir='ltr'><strong>miscet.</strong></span> 
     </span>
    </p>
   </div>
   <div class='ocr_carea' id='block_1_57' title="bbox 485 5333 2043 5402">
    <p class='ocr_par' dir='ltr' id='par_1_57' title="bbox 485 5333 2043 5402">
     <span class='ocr_line' id='line_1_57' title="bbox 485 5333 2043 5402; baseline 0.004 -16"><span class='ocrx_word' id='word_1_353' title='bbox 485 5355 490 5360; x_wconf 90' lang='grc'><strong>·</strong></span> <span class='ocrx_word' id='word_1_354' title='bbox 543 5333 612 5387; x_wconf 84' lang='lat' dir='ltr'><strong>At</strong></span> <span class='ocrx_word' id='word_1_355' title='bbox 647 5347 714 5387; x_wconf 80' lang='lat' dir='ltr'><strong>ex</strong></span> <span class='ocrx_word' id='word_1_356' title='bbox 751 5335 904 5402; x_wconf 83' lang='lat' dir='ltr'><strong>parte</strong></span> <span class='ocrx_word' id='word_1_357' title='bbox 935 5333 1165 5390; x_wconf 84' lang='lat' dir='ltr'><strong>adversa</strong></span> <span class='ocrx_word' id='word_1_358' title='bbox 1209 5333 1441 5388; x_wconf 91' lang='lat' dir='ltr'><strong>multum</strong></span> <span class='ocrx_word' id='word_1_359' title='bbox 1486 5333 1554 5388; x_wconf 92' lang='lat' dir='ltr'><strong>de</strong></span> <span class='ocrx_word' id='word_1_360' title='bbox 1581 5335 1790 5391; x_wconf 86' lang='lat' dir='ltr'><strong>honore</strong></span> <span class='ocrx_word' id='word_1_361' title='bbox 1828 5335 2043 5392; x_wconf 63' lang='lat' dir='ltr'><strong>Hermas</strong></span> 
     </span>
    </p>
   </div>
   <div class='ocr_carea' id='block_1_58' title="bbox 474 5422 2039 5501">
    <p class='ocr_par' dir='ltr' id='par_1_58' title="bbox 474 5422 2039 5501">
     <span class='ocr_line' id='line_1_58' title="bbox 474 5422 2039 5501; baseline 0.005 -24"><span class='ocrx_word' id='word_1_362' title='bbox 474 5422 691 5479; x_wconf 86' lang='lat' dir='ltr'><strong>Pastori</strong></span> <span class='ocrx_word' id='word_1_363' title='bbox 720 5425 908 5480; x_wconf 81' lang='lat' dir='ltr'><strong>debito</strong></span> <span class='ocrx_word' id='word_1_364' title='bbox 933 5426 1240 5482; x_wconf 87' lang='lat' dir='ltr'><strong>detrahitur</strong></span> <span class='ocrx_word' id='word_1_365' title='bbox 1269 5443 1299 5481; x_wconf 91' lang='lat' dir='ltr'><strong>a</strong></span> <span class='ocrx_word' id='word_1_366' title='bbox 1321 5425 1658 5482; x_wconf 82' lang='lat' dir='ltr'><strong>Tertulliano</strong></span> <span class='ocrx_word' id='word_1_367' title='bbox 1685 5443 1754 5483; x_wconf 77' lang='lat' dir='ltr'><strong>ex</strong></span> <span class='ocrx_word' id='word_1_368' title='bbox 1777 5430 2039 5501; x_wconf 88' lang='lat' dir='ltr'><strong>antiquis.</strong></span> 
     </span>
    </p>
   </div>
   <div class='ocr_carea' id='block_1_59' title="bbox 473 5516 2036 5590">
    <p class='ocr_par' dir='ltr' id='par_1_59' title="bbox 473 5516 2036 5590">
     <span class='ocr_line' id='line_1_59' title="bbox 473 5516 2036 5590; baseline 0.006 -20"><span class='ocrx_word' id='word_1_369' title='bbox 473 5516 566 5572; x_wconf 92' lang='lat' dir='ltr'><strong>Ille</strong></span> <span class='ocrx_word' id='word_1_370' title='bbox 611 5519 814 5573; x_wconf 89' lang='lat' dir='ltr'><strong>mirum</strong></span> <span class='ocrx_word' id='word_1_371' title='bbox 861 5527 1126 5590; x_wconf 89' lang='lat' dir='ltr'><strong>quantum</strong></span> <span class='ocrx_word' id='word_1_372' title='bbox 1176 5527 1419 5576; x_wconf 84' lang='lat' dir='ltr'><strong>mutatus</strong></span> <span class='ocrx_word' id='word_1_373' title='bbox 1462 5535 1559 5590; x_wconf 88' lang='lat' dir='ltr'><strong>per</strong></span> <span class='ocrx_word' id='word_1_374' title='bbox 1584 5519 2036 5580; x_wconf 82' lang='lat' dir='ltr'><strong>Moutanistarum</strong></span> 
     </span>
    </p>
   </div>
   <div class='ocr_carea' id='block_1_60' title="bbox 475 5609 2040 5680">
    <p class='ocr_par' dir='ltr' id='par_1_60' title="bbox 475 5609 2040 5680">
     <span class='ocr_line' id='line_1_60' title="bbox 475 5609 2040 5680; baseline 0.008 -20"><span class='ocrx_word' id='word_1_375' title='bbox 475 5609 777 5680; x_wconf 60' lang='lat' dir='ltr'><strong>praestigias</strong></span> <span class='ocrx_word' id='word_1_376' title='bbox 826 5626 858 5666; x_wconf 88' lang='lat' dir='ltr'><strong>a</strong></span> <span class='ocrx_word' id='word_1_377' title='bbox 895 5610 1231 5667; x_wconf 87' lang='lat' dir='ltr'><strong>Tertulliano</strong></span> <span class='ocrx_word' id='word_1_378' title='bbox 1283 5611 1395 5670; x_wconf 93' lang='lat' dir='ltr'><strong>illo.</strong></span> <span class='ocrx_word' id='word_1_379' title='bbox 1452 5611 1575 5666; x_wconf 87' lang='lat' dir='ltr'><strong>libri</strong></span> <span class='ocrx_word' id='word_1_380' title='bbox 1640 5613 1931 5671; x_wconf 81' lang='lat' dir='ltr'><strong>orthodoxi</strong></span> <span class='ocrx_word' id='word_1_381' title='bbox 1963 5616 2040 5672; x_wconf 88' lang='lat' dir='ltr'><strong>De</strong></span> 
     </span>
    </p>
   </div>
   <div class='ocr_carea' id='block_1_61' title="bbox 473 5700 2040 5780">
    <p class='ocr_par' dir='ltr' id='par_1_61' title="bbox 473 5700 2040 5780">
     <span class='ocr_line' id='line_1_61' title="bbox 473 5700 2040 5780; baseline 0.006 -26"><span class='ocrx_word' id='word_1_382' title='bbox 473 5700 710 5757; x_wconf 79' lang='lat' dir='ltr'><strong>oratione</strong></span> <span class='ocrx_word' id='word_1_383' title='bbox 742 5703 1136 5780; x_wconf 65' lang='lat' dir='ltr'><strong>conscriptam,</strong></span> <span class='ocrx_word' id='word_1_384' title='bbox 1165 5701 1405 5775; x_wconf 66' lang='lat' dir='ltr'><strong>Pastoris</strong></span> <span class='ocrx_word' id='word_1_385' title='bbox 1435 5704 1758 5776; x_wconf 84' lang='lat' dir='ltr'><strong>scripturam</strong></span> <span class='ocrx_word' id='word_1_386' title='bbox 1793 5707 1846 5763; x_wconf 90' lang='lat' dir='ltr'><strong>in</strong></span> <span class='ocrx_word' id='word_1_387' title='bbox 1879 5723 2040 5780; x_wconf 83' lang='lat' dir='ltr'><strong>Opere</strong></span> 
     </span>
    </p>
   </div>
   <div class='ocr_carea' id='block_1_62' title="bbox 2152 1833 3738 1914">
    <p class='ocr_par' dir='ltr' id='par_1_62' title="bbox 2152 1833 3738 1914">
     <span class='ocr_line' id='line_1_62' title="bbox 2152 1833 3738 1914; baseline 0.007 -27"><span class='ocrx_word' id='word_1_388' title='bbox 2152 1833 2341 1902; x_wconf 87' lang='lat' dir='ltr'><strong>pham,</strong></span> <span class='ocrx_word' id='word_1_389' title='bbox 2384 1833 2600 1905; x_wconf 78' lang='lat' dir='ltr'><strong>falsam,</strong></span> <span class='ocrx_word' id='word_1_390' title='bbox 2648 1841 2982 1911; x_wconf 87' lang='lat' dir='ltr'><strong>adulteram;</strong></span> <span class='ocrx_word' id='word_1_391' title='bbox 3045 1845 3390 1908; x_wconf 90' lang='lat' dir='ltr'><strong>amatricem,</strong></span> <span class='ocrx_word' id='word_1_392' title='bbox 3440 1855 3738 1914; x_wconf 89' lang='lat' dir='ltr'><strong>patronam</strong></span> 
     </span>
    </p>
   </div>
   <div class='ocr_carea' id='block_1_63' title="bbox 2159 1928 3748 2007">
    <p class='ocr_par' dir='ltr' id='par_1_63' title="bbox 2159 1928 3748 2007">
     <span class='ocr_line' id='line_1_63' title="bbox 2159 1928 3748 2007; baseline 0.008 -26"><span class='ocrx_word' id='word_1_393' title='bbox 2159 1935 2213 1981; x_wconf 90' lang='lat' dir='ltr'><strong>et</strong></span> <span class='ocrx_word' id='word_1_394' title='bbox 2250 1928 2456 1982; x_wconf 89' lang='lat' dir='ltr'><strong>sociam</strong></span> <span class='ocrx_word' id='word_1_395' title='bbox 2491 1932 2874 1994; x_wconf 70' lang='lat' dir='ltr'><strong>moechorum:</strong></span> <span class='ocrx_word' id='word_1_396' title='bbox 2907 1949 3290 2007; x_wconf 85' lang='lat' dir='ltr'><strong>assercnsqne,</strong></span> <span class='ocrx_word' id='word_1_397' title='bbox 3320 1937 3388 1992; x_wconf 91' lang='lat' dir='ltr'><strong>ab</strong></span> <span class='ocrx_word' id='word_1_398' title='bbox 3418 1938 3567 1992; x_wconf 91' lang='lat' dir='ltr'><strong>omni</strong></span> <span class='ocrx_word' id='word_1_399' title='bbox 3606 1953 3714 1993; x_wconf 90' lang='lat' dir='ltr'><strong>con</strong></span> <span class='ocrx_word' id='word_1_400' title='bbox 3735 1977 3748 1984; x_wconf 69' lang='lat'><strong>-</strong></span> 
     </span>
    </p>
   </div>
   <div class='ocr_carea' id='block_1_64' title="bbox 2153 2018 3736 2096">
    <p class='ocr_par' dir='ltr' id='par_1_64' title="bbox 2153 2018 3736 2096">
     <span class='ocr_line' id='line_1_64' title="bbox 2153 2018 3736 2096; baseline 0.008 -24"><span class='ocrx_word' id='word_1_401' title='bbox 2153 2018 2279 2073; x_wconf 92' lang='lat' dir='ltr'><strong>cilio</strong></span> <span class='ocrx_word' id='word_1_402' title='bbox 2307 2019 2694 2092; x_wconf 86' lang='lat' dir='ltr'><strong>Ecclesiarnm,</strong></span> <span class='ocrx_word' id='word_1_403' title='bbox 2737 2027 2901 2080; x_wconf 87' lang='lat' dir='ltr'><strong>etiam</strong></span> <span class='ocrx_word' id='word_1_404' title='bbox 2953 2038 3264 2083; x_wconf 91' lang='lat' dir='ltr'><strong>nostrarum</strong></span> <span class='ocrx_word' id='word_1_405' title='bbox 3295 2029 3736 2096; x_wconf 86' lang='lat' dir='ltr'><strong>Catholicarnm,</strong></span> 
     </span>
    </p>
   </div>
   <div class='ocr_carea' id='block_1_65' title="bbox 2151 2111 3745 2190">
    <p class='ocr_par' dir='ltr' id='par_1_65' title="bbox 2151 2111 3745 2190">
     <span class='ocr_line' id='line_1_65' title="bbox 2151 2111 3745 2190; baseline 0.009 -27"><span class='ocrx_word' id='word_1_406' title='bbox 2151 2125 2182 2165; x_wconf 91' lang='lat' dir='ltr'><strong>e</strong></span> <span class='ocrx_word' id='word_1_407' title='bbox 2233 2111 2421 2166; x_wconf 88' lang='lat' dir='ltr'><strong>divino</strong></span> <span class='ocrx_word' id='word_1_408' title='bbox 2473 2113 2843 2171; x_wconf 88' lang='lat' dir='ltr'><strong>lnstrumeuto</strong></span> <span class='ocrx_word' id='word_1_409' title='bbox 2901 2120 3116 2189; x_wconf 77' lang='lat' dir='ltr'><strong>expelli.</strong></span> <span class='ocrx_word' id='word_1_410' title='bbox 3181 2118 3289 2175; x_wconf 89' lang='lat' dir='ltr'><strong>Ubi</strong></span> <span class='ocrx_word' id='word_1_411' title='bbox 3338 2121 3608 2190; x_wconf 89' lang='lat' dir='ltr'><strong>jocularis</strong></span> <span class='ocrx_word' id='word_1_412' title='bbox 3656 2131 3745 2177; x_wconf 81' lang='lat' dir='ltr'><strong>est</strong></span> 
     </span>
    </p>
   </div>
   <div class='ocr_carea' id='block_1_66' title="bbox 2152 2205 3742 2283">
    <p class='ocr_par' dir='ltr' id='par_1_66' title="bbox 2152 2205 3742 2283">
     <span class='ocr_line' id='line_1_66' title="bbox 2152 2205 3742 2283; baseline 0.007 -26"><span class='ocrx_word' id='word_1_413' title='bbox 2152 2218 2310 2258; x_wconf 92' lang='lat' dir='ltr'><strong>error</strong></span> <span class='ocrx_word' id='word_1_414' title='bbox 2338 2205 2625 2275; x_wconf 87' lang='lat' dir='ltr'><strong>cujusdam</strong></span> <span class='ocrx_word' id='word_1_415' title='bbox 2657 2209 2723 2262; x_wconf 90' lang='lat' dir='ltr'><strong>ad</strong></span> <span class='ocrx_word' id='word_1_416' title='bbox 2750 2208 3027 2276; x_wconf 86' lang='lat' dir='ltr'><strong>Nonnnm,</strong></span> <span class='ocrx_word' id='word_1_417' title='bbox 3059 2212 3216 2282; x_wconf 91' lang='lat' dir='ltr'><strong>quasi</strong></span> <span class='ocrx_word' id='word_1_418' title='bbox 3246 2214 3417 2283; x_wconf 84' lang='lat' dir='ltr'><strong>egerit</strong></span> <span class='ocrx_word' id='word_1_419' title='bbox 3439 2212 3742 2268; x_wconf 60' lang='lat' dir='ltr'><strong>Tertulliao</strong></span> 
     </span>
    </p>
   </div>
   <div class='ocr_carea' id='block_1_67' title="bbox 2152 2293 3740 2375">
    <p class='ocr_par' dir='ltr' id='par_1_67' title="bbox 2152 2293 3740 2375">
     <span class='ocr_line' id='line_1_67' title="bbox 2152 2293 3740 2375; baseline 0.006 -29"><span class='ocrx_word' id='word_1_420' title='bbox 2152 2308 2256 2348; x_wconf 90' lang='lat' dir='ltr'><strong>nus</strong></span> <span class='ocrx_word' id='word_1_421' title='bbox 2293 2293 2360 2349; x_wconf 91' lang='lat' dir='ltr'><strong>de</strong></span> <span class='ocrx_word' id='word_1_422' title='bbox 2397 2297 2622 2352; x_wconf 87' lang='lat' dir='ltr'><strong>muliere</strong></span> <span class='ocrx_word' id='word_1_423' title='bbox 2647 2299 2890 2355; x_wconf 91' lang='lat' dir='ltr'><strong>adultera</strong></span> <span class='ocrx_word' id='word_1_424' title='bbox 2927 2317 3022 2371; x_wconf 91' lang='lat' dir='ltr'><strong>per</strong></span> <span class='ocrx_word' id='word_1_425' title='bbox 3042 2300 3305 2357; x_wconf 83' lang='lat' dir='ltr'><strong>Joannem</strong></span> <span class='ocrx_word' id='word_1_426' title='bbox 3342 2305 3740 2375; x_wconf 80' lang='lat' dir='ltr'><strong>evangelistam</strong></span> 
     </span>
    </p>
   </div>
   <div class='ocr_carea' id='block_1_68' title="bbox 2152 2385 3743 2465">
    <p class='ocr_par' dir='ltr' id='par_1_68' title="bbox 2152 2385 3743 2465">
     <span class='ocr_line' id='line_1_68' title="bbox 2152 2385 3743 2465; baseline 0.007 -25"><span class='ocrx_word' id='word_1_427' title='bbox 2152 2385 2306 2441; x_wconf 87' lang='lat' dir='ltr'><strong>initio</strong></span> <span class='ocrx_word' id='word_1_428' title='bbox 2332 2389 2526 2457; x_wconf 86' lang='lat' dir='ltr'><strong>capitis</strong></span> <span class='ocrx_word' id='word_1_429' title='bbox 2555 2405 2652 2446; x_wconf 87' lang='lat' dir='ltr'><strong>vut</strong></span> <span class='ocrx_word' id='word_1_430' title='bbox 2691 2402 3009 2446; x_wconf 89' lang='lat' dir='ltr'><strong>memorata.</strong></span> <span class='ocrx_word' id='word_1_431' title='bbox 3035 2393 3116 2446; x_wconf 84' lang='lat' dir='ltr'><strong>Ab</strong></span> <span class='ocrx_word' id='word_1_432' title='bbox 3147 2393 3252 2450; x_wconf 90' lang='lat' dir='ltr'><strong>illis</strong></span> <span class='ocrx_word' id='word_1_433' title='bbox 3282 2411 3501 2465; x_wconf 85' lang='lat' dir='ltr'><strong>quoque</strong></span> <span class='ocrx_word' id='word_1_434' title='bbox 3551 2397 3743 2452; x_wconf 78' lang='lat' dir='ltr'><strong>minus</strong></span> 
     </span>
    </p>
   </div>
   <div class='ocr_carea' id='block_1_69' title="bbox 2151 2481 3741 2557">
    <p class='ocr_par' dir='ltr' id='par_1_69' title="bbox 2151 2481 3741 2557">
     <span class='ocr_line' id='line_1_69' title="bbox 2151 2481 3741 2557; baseline 0.006 -25"><span class='ocrx_word' id='word_1_435' title='bbox 2151 2495 2314 2550; x_wconf 89' lang='lat' dir='ltr'><strong>quam</strong></span> <span class='ocrx_word' id='word_1_436' title='bbox 2344 2481 2476 2535; x_wconf 89' lang='lat' dir='ltr'><strong>satis</strong></span> <span class='ocrx_word' id='word_1_437' title='bbox 2505 2482 2608 2549; x_wconf 91' lang='lat' dir='ltr'><strong>sit,</strong></span> <span class='ocrx_word' id='word_1_438' title='bbox 2648 2484 2948 2540; x_wconf 87' lang='lat' dir='ltr'><strong>honoriﬁce</strong></span> <span class='ocrx_word' id='word_1_439' title='bbox 2979 2485 3233 2552; x_wconf 88' lang='lat' dir='ltr'><strong>sentitur,</strong></span> <span class='ocrx_word' id='word_1_440' title='bbox 3275 2487 3368 2557; x_wconf 91' lang='lat' dir='ltr'><strong>qui</strong></span> <span class='ocrx_word' id='word_1_441' title='bbox 3418 2488 3470 2541; x_wconf 92' lang='lat' dir='ltr'><strong>in</strong></span> <span class='ocrx_word' id='word_1_442' title='bbox 3498 2487 3741 2556; x_wconf 76' lang='lat' dir='ltr'><strong>Origene</strong></span> 
     </span>
    </p>
   </div>
   <div class='ocr_carea' id='block_1_70' title="bbox 2151 2571 3739 2647">
    <p class='ocr_par' dir='ltr' id='par_1_70' title="bbox 2151 2571 3739 2647">
     <span class='ocr_line' id='line_1_70' title="bbox 2151 2571 3739 2647; baseline 0.003 -21"><span class='ocrx_word' id='word_1_443' title='bbox 2151 2571 2393 2627; x_wconf 85' lang='lat' dir='ltr'><strong>Pastoris</strong></span> <span class='ocrx_word' id='word_1_444' title='bbox 2448 2574 2647 2630; x_wconf 89' lang='lat' dir='ltr'><strong>librum</strong></span> <span class='ocrx_word' id='word_1_445' title='bbox 2688 2577 3021 2647; x_wconf 90' lang='lat' dir='ltr'><strong>contemptui</strong></span> <span class='ocrx_word' id='word_1_446' title='bbox 3079 2579 3298 2632; x_wconf 90' lang='lat' dir='ltr'><strong>habent.</strong></span> <span class='ocrx_word' id='word_1_447' title='bbox 3362 2575 3568 2633; x_wconf 84' lang='lat' dir='ltr'><strong>Omitto</strong></span> <span class='ocrx_word' id='word_1_448' title='bbox 3595 2577 3739 2631; x_wconf 83' lang='lat' dir='ltr'><strong>Pro-</strong></span> 
     </span>
    </p>
   </div>
   <div class='ocr_carea' id='block_1_71' title="bbox 2149 2667 3738 2742">
    <p class='ocr_par' dir='ltr' id='par_1_71' title="bbox 2149 2667 3738 2742">
     <span class='ocr_line' id='line_1_71' title="bbox 2149 2667 3738 2742; baseline 0.003 -22"><span class='ocrx_word' id='word_1_449' title='bbox 2149 2681 2370 2736; x_wconf 88' lang='lat' dir='ltr'><strong>sperum</strong></span> <span class='ocrx_word' id='word_1_450' title='bbox 2395 2708 2410 2732; x_wconf 97' lang='lat'><strong>,</strong></span> <span class='ocrx_word' id='word_1_451' title='bbox 2444 2667 2573 2738; x_wconf 91' lang='lat' dir='ltr'><strong>quia</strong></span> <span class='ocrx_word' id='word_1_452' title='bbox 2619 2670 2818 2724; x_wconf 91' lang='lat' dir='ltr'><strong>mirum</strong></span> <span class='ocrx_word' id='word_1_453' title='bbox 2869 2686 2975 2724; x_wconf 88' lang='lat' dir='ltr'><strong>non</strong></span> <span class='ocrx_word' id='word_1_454' title='bbox 3016 2678 3099 2726; x_wconf 92' lang='lat' dir='ltr'><strong>est</strong></span> <span class='ocrx_word' id='word_1_455' title='bbox 3150 2671 3294 2742; x_wconf 91' lang='lat' dir='ltr'><strong>quod</strong></span> <span class='ocrx_word' id='word_1_456' title='bbox 3333 2671 3500 2726; x_wconf 92' lang='lat' dir='ltr'><strong>homo</strong></span> <span class='ocrx_word' id='word_1_457' title='bbox 3541 2671 3738 2725; x_wconf 83' lang='lat' dir='ltr'><strong>vivens</strong></span> 
     </span>
    </p>
   </div>
   <div class='ocr_carea' id='block_1_72' title="bbox 2151 2758 3738 2835">
    <p class='ocr_par' dir='ltr' id='par_1_72' title="bbox 2151 2758 3738 2835">
     <span class='ocr_line' id='line_1_72' title="bbox 2151 2758 3738 2835; baseline 0.004 -23"><span class='ocrx_word' id='word_1_458' title='bbox 2151 2759 2292 2816; x_wconf 90' lang='lat' dir='ltr'><strong>inter</strong></span> <span class='ocrx_word' id='word_1_459' title='bbox 2332 2758 2555 2814; x_wconf 91' lang='lat' dir='ltr'><strong>Latinos</strong></span> <span class='ocrx_word' id='word_1_460' title='bbox 2610 2775 2772 2828; x_wconf 90' lang='lat' dir='ltr'><strong>suos,</strong></span> <span class='ocrx_word' id='word_1_461' title='bbox 2831 2762 3031 2832; x_wconf 91' lang='lat' dir='ltr'><strong>quibus</strong></span> <span class='ocrx_word' id='word_1_462' title='bbox 3075 2778 3214 2835; x_wconf 84' lang='lat' dir='ltr'><strong>pene</strong></span> <span class='ocrx_word' id='word_1_463' title='bbox 3266 2764 3510 2835; x_wconf 84' lang='lat' dir='ltr'><strong>ignotum</strong></span> <span class='ocrx_word' id='word_1_464' title='bbox 3560 2763 3738 2819; x_wconf 83' lang='lat' dir='ltr'><strong>fuisse</strong></span> 
     </span>
    </p>
   </div>
   <div class='ocr_carea' id='block_1_73' title="bbox 2149 2850 3736 2927">
    <p class='ocr_par' dir='ltr' id='par_1_73' title="bbox 2149 2850 3736 2927">
     <span class='ocr_line' id='line_1_73' title="bbox 2149 2850 3736 2927; baseline 0.005 -22"><span class='ocrx_word' id='word_1_465' title='bbox 2149 2850 2428 2905; x_wconf 79' lang='lat' dir='ltr'><strong>Pastorem</strong></span> <span class='ocrx_word' id='word_1_466' title='bbox 2461 2851 2624 2908; x_wconf 90' lang='lat' dir='ltr'><strong>refert</strong></span> <span class='ocrx_word' id='word_1_467' title='bbox 2668 2853 3068 2927; x_wconf 84' lang='lat' dir='ltr'><strong>Hieronymus,</strong></span> <span class='ocrx_word' id='word_1_468' title='bbox 3103 2856 3305 2911; x_wconf 89' lang='lat' dir='ltr'><strong>nullam</strong></span> <span class='ocrx_word' id='word_1_469' title='bbox 3349 2857 3736 2913; x_wconf 87' lang='lat' dir='ltr'><strong>auctoritatem</strong></span> 
     </span>
    </p>
   </div>
   <div class='ocr_carea' id='block_1_74' title="bbox 2156 2944 3738 3024">
    <p class='ocr_par' dir='ltr' id='par_1_74' title="bbox 2156 2944 3738 3024">
     <span class='ocr_line' id='line_1_74' title="bbox 2156 2944 3738 3024; baseline 0.004 -26"><span class='ocrx_word' id='word_1_470' title='bbox 2156 2944 2306 3014; x_wconf 87' lang='lat' dir='ltr'><strong>operi</strong></span> <span class='ocrx_word' id='word_1_471' title='bbox 2338 2944 2593 3016; x_wconf 83' lang='lat' dir='ltr'><strong>ignorate</strong></span> <span class='ocrx_word' id='word_1_472' title='bbox 2613 2946 2885 3002; x_wconf 90' lang='lat' dir='ltr'><strong>tribuerit.</strong></span> <span class='ocrx_word' id='word_1_473' title='bbox 2923 2946 3219 3024; x_wconf 79' lang='lat' dir='ltr'><strong>Eusebium</strong></span> <span class='ocrx_word' id='word_1_474' title='bbox 3251 2949 3414 3004; x_wconf 88' lang='lat' dir='ltr'><strong>etiam</strong></span> <span class='ocrx_word' id='word_1_475' title='bbox 3442 2959 3738 3020; x_wconf 69' lang='lat' dir='ltr'><strong>praetereo,</strong></span> 
     </span>
    </p>
   </div>
   <div class='ocr_carea' id='block_1_75' title="bbox 2152 3035 3736 3113">
    <p class='ocr_par' dir='ltr' id='par_1_75' title="bbox 2152 3035 3736 3113">
     <span class='ocr_line' id='line_1_75' title="bbox 2152 3035 3736 3113; baseline 0.005 -23"><span class='ocrx_word' id='word_1_476' title='bbox 2152 3035 2564 3109; x_wconf 85' lang='lat' dir='ltr'><strong>Hieronymum,</strong></span> <span class='ocrx_word' id='word_1_477' title='bbox 2601 3039 2899 3105; x_wconf 87' lang='lat' dir='ltr'><strong>Gelasium,</strong></span> <span class='ocrx_word' id='word_1_478' title='bbox 2929 3040 3295 3111; x_wconf 86' lang='lat' dir='ltr'><strong>Nicephorum</strong></span> <span class='ocrx_word' id='word_1_479' title='bbox 3325 3042 3457 3108; x_wconf 89' lang='lat' dir='ltr'><strong>CP.,</strong></span> <span class='ocrx_word' id='word_1_480' title='bbox 3479 3043 3572 3113; x_wconf 88' lang='lat' dir='ltr'><strong>qui</strong></span> <span class='ocrx_word' id='word_1_481' title='bbox 3604 3059 3736 3098; x_wconf 88' lang='lat' dir='ltr'><strong>cum</strong></span> 
     </span>
    </p>
   </div>
   <div class='ocr_carea' id='block_1_76' title="bbox 2158 3129 3726 3204">
    <p class='ocr_par' dir='ltr' id='par_1_76' title="bbox 2158 3129 3726 3204">
     <span class='ocr_line' id='line_1_76' title="bbox 2158 3129 3726 3204; baseline 0.004 -22"><span class='ocrx_word' id='word_1_482' title='bbox 2158 3129 2341 3185; x_wconf 90' lang='lat' dir='ltr'><strong>notbis</strong></span> <span class='ocrx_word' id='word_1_483' title='bbox 2367 3142 2423 3185; x_wconf 86' lang='lat' dir='ltr'><strong>et</strong></span> <span class='ocrx_word' id='word_1_484' title='bbox 2459 3131 2784 3202; x_wconf 86' lang='lat' dir='ltr'><strong>apocrypbis</strong></span> <span class='ocrx_word' id='word_1_485' title='bbox 2811 3143 3124 3192; x_wconf 90' lang='lat' dir='ltr'><strong>numerant.</strong></span> <span class='ocrx_word' id='word_1_486' title='bbox 3150 3133 3270 3188; x_wconf 85' lang='lat' dir='ltr'><strong>Jam</strong></span> <span class='ocrx_word' id='word_1_487' title='bbox 3298 3134 3365 3189; x_wconf 91' lang='lat' dir='ltr'><strong>de</strong></span> <span class='ocrx_word' id='word_1_488' title='bbox 3395 3135 3462 3190; x_wconf 93' lang='lat' dir='ltr'><strong>iis</strong></span> <span class='ocrx_word' id='word_1_489' title='bbox 3489 3135 3726 3204; x_wconf 85' lang='lat' dir='ltr'><strong>appella-</strong></span> 
     </span>
    </p>
   </div>
   <div class='ocr_carea' id='block_1_77' title="bbox 2155 3219 3740 3297">
    <p class='ocr_par' dir='ltr' id='par_1_77' title="bbox 2155 3219 3740 3297">
     <span class='ocr_line' id='line_1_77' title="bbox 2155 3219 3740 3297; baseline 0.004 -23"><span class='ocrx_word' id='word_1_490' title='bbox 2155 3219 2397 3278; x_wconf 88' lang='lat' dir='ltr'><strong>tionibus</strong></span> <span class='ocrx_word' id='word_1_491' title='bbox 2430 3223 2560 3293; x_wconf 91' lang='lat' dir='ltr'><strong>quid</strong></span> <span class='ocrx_word' id='word_1_492' title='bbox 2599 3222 2926 3294; x_wconf 75' lang='lat' dir='ltr'><strong>significent,</strong></span> <span class='ocrx_word' id='word_1_493' title='bbox 2967 3226 3288 3280; x_wconf 88' lang='lat' dir='ltr'><strong>sententiam</strong></span> <span class='ocrx_word' id='word_1_494' title='bbox 3323 3241 3498 3281; x_wconf 84' lang='lat' dir='ltr'><strong>meam</strong></span> <span class='ocrx_word' id='word_1_495' title='bbox 3526 3227 3740 3297; x_wconf 84' lang='lat' dir='ltr'><strong>protuli</strong></span> 
     </span>
    </p>
   </div>
   <div class='ocr_carea' id='block_1_78' title="bbox 2156 3313 3739 3374">
    <p class='ocr_par' dir='ltr' id='par_1_78' title="bbox 2156 3313 3739 3374">
     <span class='ocr_line' id='line_1_78' title="bbox 2156 3313 3739 3374; baseline 0.003 -6"><span class='ocrx_word' id='word_1_496' title='bbox 2156 3313 2210 3368; x_wconf 91' lang='lat' dir='ltr'><strong>in</strong></span> <span class='ocrx_word' id='word_1_497' title='bbox 2252 3315 2397 3370; x_wconf 88' lang='lat' dir='ltr'><strong>notis</strong></span> <span class='ocrx_word' id='word_1_498' title='bbox 2429 3315 2495 3370; x_wconf 87' lang='lat' dir='ltr'><strong>ad</strong></span> <span class='ocrx_word' id='word_1_499' title='bbox 2528 3313 2855 3370; x_wconf 89' lang='lat' dir='ltr'><strong>Barnabam.</strong></span> <span class='ocrx_word' id='word_1_500' title='bbox 2936 3315 3073 3371; x_wconf 87' lang='lat' dir='ltr'><strong>Addi</strong></span> <span class='ocrx_word' id='word_1_501' title='bbox 3121 3325 3302 3372; x_wconf 91' lang='lat' dir='ltr'><strong>tamen</strong></span> <span class='ocrx_word' id='word_1_502' title='bbox 3367 3317 3502 3372; x_wconf 89' lang='lat' dir='ltr'><strong>inibi</strong></span> <span class='ocrx_word' id='word_1_503' title='bbox 3565 3318 3739 3374; x_wconf 84' lang='lat' dir='ltr'><strong>dictis</strong></span> 
     </span>
    </p>
   </div>
   <div class='ocr_carea' id='block_1_79' title="bbox 2154 3406 3736 3478">
    <p class='ocr_par' dir='ltr' id='par_1_79' title="bbox 2154 3406 3736 3478">
     <span class='ocr_line' id='line_1_79' title="bbox 2154 3406 3736 3478; baseline 0.003 -18"><span class='ocrx_word' id='word_1_504' title='bbox 2154 3421 2303 3461; x_wconf 87' lang='lat' dir='ltr'><strong>nunc</strong></span> <span class='ocrx_word' id='word_1_505' title='bbox 2334 3406 2520 3472; x_wconf 90' lang='lat' dir='ltr'><strong>velim,</strong></span> <span class='ocrx_word' id='word_1_506' title='bbox 2551 3406 2620 3461; x_wconf 90' lang='lat' dir='ltr'><strong>de</strong></span> <span class='ocrx_word' id='word_1_507' title='bbox 2657 3407 2748 3462; x_wconf 88' lang='lat' dir='ltr'><strong>illa</strong></span> <span class='ocrx_word' id='word_1_508' title='bbox 2781 3407 3052 3463; x_wconf 84' lang='lat' dir='ltr'><strong>divisione</strong></span> <span class='ocrx_word' id='word_1_509' title='bbox 3089 3406 3384 3478; x_wconf 72' lang='lat' dir='ltr'><strong>Scriptum</strong></span> <span class='ocrx_word' id='word_1_510' title='bbox 3415 3409 3468 3462; x_wconf 92' lang='lat' dir='ltr'><strong>in</strong></span> <span class='ocrx_word' id='word_1_511' title='bbox 3500 3410 3736 3465; x_wconf 85' lang='lat' dir='ltr'><strong>canoni-</strong></span> 
     </span>
    </p>
   </div>
   <div class='ocr_carea' id='block_1_80' title="bbox 2153 3495 3737 3571">
    <p class='ocr_par' dir='ltr' id='par_1_80' title="bbox 2153 3495 3737 3571">
     <span class='ocr_line' id='line_1_80' title="bbox 2153 3495 3737 3571; baseline 0.004 -21"><span class='ocrx_word' id='word_1_512' title='bbox 2153 3511 2307 3559; x_wconf 88' lang='lat' dir='ltr'><strong>cam,</strong></span> <span class='ocrx_word' id='word_1_513' title='bbox 2351 3495 2572 3551; x_wconf 86' lang='lat' dir='ltr'><strong>dubiam</strong></span> <span class='ocrx_word' id='word_1_514' title='bbox 2612 3506 2666 3552; x_wconf 92' lang='lat' dir='ltr'><strong>et</strong></span> <span class='ocrx_word' id='word_1_515' title='bbox 2709 3499 3114 3569; x_wconf 87' lang='lat' dir='ltr'><strong>apocrypham;</strong></span> <span class='ocrx_word' id='word_1_516' title='bbox 3172 3515 3312 3570; x_wconf 89' lang='lat' dir='ltr'><strong>opus</strong></span> <span class='ocrx_word' id='word_1_517' title='bbox 3357 3501 3578 3571; x_wconf 88' lang='lat' dir='ltr'><strong>aliquod</strong></span> <span class='ocrx_word' id='word_1_518' title='bbox 3627 3517 3737 3557; x_wconf 83' lang='lat' dir='ltr'><strong>nec</strong></span> 
     </span>
    </p>
   </div>
   <div class='ocr_carea' id='block_1_81' title="bbox 2154 3588 3736 3664">
    <p class='ocr_par' dir='ltr' id='par_1_81' title="bbox 2154 3588 3736 3664">
     <span class='ocr_line' id='line_1_81' title="bbox 2154 3588 3736 3664; baseline 0.005 -22"><span class='ocrx_word' id='word_1_519' title='bbox 2154 3588 2276 3644; x_wconf 83' lang='lat' dir='ltr'><strong>falsi</strong></span> <span class='ocrx_word' id='word_1_520' title='bbox 2312 3589 2570 3656; x_wconf 91' lang='lat' dir='ltr'><strong>nominis,</strong></span> <span class='ocrx_word' id='word_1_521' title='bbox 2603 3604 2704 3644; x_wconf 91' lang='lat' dir='ltr'><strong>nec</strong></span> <span class='ocrx_word' id='word_1_522' title='bbox 2731 3590 2996 3645; x_wconf 76' lang='lat' dir='ltr'><strong>doctrinae</strong></span> <span class='ocrx_word' id='word_1_523' title='bbox 3025 3591 3237 3656; x_wconf 64' lang='lat' dir='ltr'><strong>noxiae,</strong></span> <span class='ocrx_word' id='word_1_524' title='bbox 3268 3593 3526 3663; x_wconf 91' lang='lat' dir='ltr'><strong>appellari</strong></span> <span class='ocrx_word' id='word_1_525' title='bbox 3563 3609 3736 3664; x_wconf 69' lang='lat' dir='ltr'><strong>posse</strong></span> 
     </span>
    </p>
   </div>
   <div class='ocr_carea' id='block_1_82' title="bbox 2153 3680 3732 3751">
    <p class='ocr_par' dir='ltr' id='par_1_82' title="bbox 2153 3680 3732 3751">
     <span class='ocr_line' id='line_1_82' title="bbox 2153 3680 3732 3751; baseline 0.004 -19"><span class='ocrx_word' id='word_1_526' title='bbox 2153 3680 2549 3751; x_wconf 83' lang='lat' dir='ltr'><strong>apocryphnm,</strong></span> <span class='ocrx_word' id='word_1_527' title='bbox 2599 3680 2747 3750; x_wconf 91' lang='lat' dir='ltr'><strong>quod</strong></span> <span class='ocrx_word' id='word_1_528' title='bbox 2807 3691 2960 3735; x_wconf 76' lang='lat' dir='ltr'><strong>extra</strong></span> <span class='ocrx_word' id='word_1_529' title='bbox 3023 3681 3304 3737; x_wconf 88' lang='lat' dir='ltr'><strong>Canonem</strong></span> <span class='ocrx_word' id='word_1_530' title='bbox 3353 3683 3422 3738; x_wconf 90' lang='lat' dir='ltr'><strong>ab</strong></span> <span class='ocrx_word' id='word_1_531' title='bbox 3469 3686 3732 3740; x_wconf 89' lang='lat' dir='ltr'><strong>omnibus</strong></span> 
     </span>
    </p>
   </div>
   <div class='ocr_carea' id='block_1_83' title="bbox 2153 3769 3733 3846">
    <p class='ocr_par' dir='ltr' id='par_1_83' title="bbox 2153 3769 3733 3846">
     <span class='ocr_line' id='line_1_83' title="bbox 2153 3769 3733 3846; baseline 0.004 -23"><span class='ocrx_word' id='word_1_532' title='bbox 2153 3769 2412 3825; x_wconf 85' lang='lat' dir='ltr'><strong>Ecclesiis</strong></span> <span class='ocrx_word' id='word_1_533' title='bbox 2462 3771 2778 3826; x_wconf 88' lang='lat' dir='ltr'><strong>collocetur.</strong></span> <span class='ocrx_word' id='word_1_534' title='bbox 2828 3771 3008 3841; x_wconf 82' lang='lat' dir='ltr'><strong>Atque</strong></span> <span class='ocrx_word' id='word_1_535' title='bbox 3051 3788 3112 3826; x_wconf 89' lang='lat' dir='ltr'><strong>ea</strong></span> <span class='ocrx_word' id='word_1_536' title='bbox 3145 3773 3561 3844; x_wconf 86' lang='lat' dir='ltr'><strong>signiﬁcatione,</strong></span> <span class='ocrx_word' id='word_1_537' title='bbox 3608 3777 3733 3846; x_wconf 85' lang='lat' dir='ltr'><strong>opi-</strong></span> 
     </span>
    </p>
   </div>
   <div class='ocr_carea' id='block_1_84' title="bbox 2154 3862 3726 3940">
    <p class='ocr_par' dir='ltr' id='par_1_84' title="bbox 2154 3862 3726 3940">
     <span class='ocr_line' id='line_1_84' title="bbox 2154 3862 3726 3940; baseline 0.006 -23"><span class='ocrx_word' id='word_1_538' title='bbox 2154 3878 2274 3928; x_wconf 90' lang='lat' dir='ltr'><strong>nor,</strong></span> <span class='ocrx_word' id='word_1_539' title='bbox 2311 3863 2525 3919; x_wconf 63' lang='lat' dir='ltr'><strong>Hermae</strong></span> <span class='ocrx_word' id='word_1_540' title='bbox 2551 3863 2752 3918; x_wconf 84' lang='lat' dir='ltr'><strong>Pastor</strong></span> <span class='ocrx_word' id='word_1_541' title='bbox 2772 3862 3079 3935; x_wconf 84' lang='lat' dir='ltr'><strong>Nicephoro</strong></span> <span class='ocrx_word' id='word_1_542' title='bbox 3105 3865 3213 3921; x_wconf 70' lang='grc' dir='ltr'><strong>(ΞΡ.</strong></span> <span class='ocrx_word' id='word_1_543' title='bbox 3244 3869 3589 3940; x_wconf 77' lang='lat' dir='ltr'><strong>apocryphus</strong></span> <span class='ocrx_word' id='word_1_544' title='bbox 3619 3881 3726 3926; x_wconf 88' lang='lat' dir='ltr'><strong>est.</strong></span> 
     </span>
    </p>
   </div>
   <div class='ocr_carea' id='block_1_85' title="bbox 2160 3950 3732 4029">
    <p class='ocr_par' dir='ltr' id='par_1_85' title="bbox 2160 3950 3732 4029">
     <span class='ocr_line' id='line_1_85' title="bbox 2160 3950 3732 4029; baseline 0.008 -25"><span class='ocrx_word' id='word_1_545' title='bbox 2160 3950 2328 4008; x_wconf 84' lang='lat' dir='ltr'><strong>Venio</strong></span> <span class='ocrx_word' id='word_1_546' title='bbox 2360 3955 2426 4009; x_wconf 88' lang='lat' dir='ltr'><strong>ad</strong></span> <span class='ocrx_word' id='word_1_547' title='bbox 2471 3955 2841 4022; x_wconf 89' lang='lat' dir='ltr'><strong>recentiores;</strong></span> <span class='ocrx_word' id='word_1_548' title='bbox 2895 3956 3164 4020; x_wconf 88' lang='lat' dir='ltr'><strong>homines,</strong></span> <span class='ocrx_word' id='word_1_549' title='bbox 3193 3966 3255 4013; x_wconf 93' lang='lat' dir='ltr'><strong>ut</strong></span> <span class='ocrx_word' id='word_1_550' title='bbox 3291 3961 3542 4029; x_wconf 87' lang='lat' dir='ltr'><strong>equidem</strong></span> <span class='ocrx_word' id='word_1_551' title='bbox 3587 3964 3732 4017; x_wconf 88' lang='lat' dir='ltr'><strong>mihi</strong></span> 
     </span>
    </p>
   </div>
   <div class='ocr_carea' id='block_1_86' title="bbox 2151 4041 3730 4117">
    <p class='ocr_par' dir='ltr' id='par_1_86' title="bbox 2151 4041 3730 4117">
     <span class='ocr_line' id='line_1_86' title="bbox 2151 4041 3730 4117; baseline 0.004 -20"><span class='ocrx_word' id='word_1_552' title='bbox 2151 4041 2391 4109; x_wconf 83' lang='lat' dir='ltr'><strong>videtur,</strong></span> <span class='ocrx_word' id='word_1_553' title='bbox 2441 4042 2597 4099; x_wconf 64' lang='lat' dir='ltr'><strong>durae</strong></span> <span class='ocrx_word' id='word_1_554' title='bbox 2657 4042 2875 4100; x_wconf 90' lang='lat' dir='ltr'><strong>frontis.</strong></span> <span class='ocrx_word' id='word_1_555' title='bbox 2931 4043 3066 4111; x_wconf 87' lang='lat' dir='ltr'><strong>Quis</strong></span> <span class='ocrx_word' id='word_1_556' title='bbox 3111 4046 3290 4111; x_wconf 90' lang='lat' dir='ltr'><strong>enim,</strong></span> <span class='ocrx_word' id='word_1_557' title='bbox 3337 4062 3558 4117; x_wconf 69' lang='lat' dir='ltr'><strong>quaaso,</strong></span> <span class='ocrx_word' id='word_1_558' title='bbox 3613 4064 3730 4104; x_wconf 86' lang='lat' dir='ltr'><strong>non</strong></span> 
     </span>
    </p>
   </div>
   <div class='ocr_carea' id='block_1_87' title="bbox 2151 4135 3730 4210">
    <p class='ocr_par' dir='ltr' id='par_1_87' title="bbox 2151 4135 3730 4210">
     <span class='ocr_line' id='line_1_87' title="bbox 2151 4135 3730 4210; baseline 0.003 -20"><span class='ocrx_word' id='word_1_559' title='bbox 2151 4135 2523 4204; x_wconf 78' lang='lat' dir='ltr'><strong>Obstupescat,</strong></span> <span class='ocrx_word' id='word_1_560' title='bbox 2572 4151 2696 4190; x_wconf 86' lang='lat' dir='ltr'><strong>cum</strong></span> <span class='ocrx_word' id='word_1_561' title='bbox 2736 4137 2926 4206; x_wconf 79' lang='lat' dir='ltr'><strong>legerit</strong></span> <span class='ocrx_word' id='word_1_562' title='bbox 2969 4138 3356 4193; x_wconf 89' lang='lat' dir='ltr'><strong>nonnullorum</strong></span> <span class='ocrx_word' id='word_1_563' title='bbox 3403 4138 3611 4210; x_wconf 87' lang='lat' dir='ltr'><strong>judicia</strong></span> <span class='ocrx_word' id='word_1_564' title='bbox 3659 4141 3730 4195; x_wconf 86' lang='lat' dir='ltr'><strong>de</strong></span> 
     </span>
    </p>
   </div>
   <div class='ocr_carea' id='block_1_88' title="bbox 2150 4228 3730 4301">
    <p class='ocr_par' dir='ltr' id='par_1_88' title="bbox 2150 4228 3730 4301">
     <span class='ocr_line' id='line_1_88' title="bbox 2150 4228 3730 4301; baseline 0.004 -19"><span class='ocrx_word' id='word_1_565' title='bbox 2150 4228 2429 4284; x_wconf 86' lang='lat' dir='ltr'><strong>volumine</strong></span> <span class='ocrx_word' id='word_1_566' title='bbox 2457 4243 2489 4283; x_wconf 89' lang='lat' dir='ltr'><strong>a</strong></span> <span class='ocrx_word' id='word_1_567' title='bbox 2526 4237 2603 4283; x_wconf 89' lang='lat' dir='ltr'><strong>tot</strong></span> <span class='ocrx_word' id='word_1_568' title='bbox 2635 4229 2908 4298; x_wconf 87' lang='lat' dir='ltr'><strong>tantisque</strong></span> <span class='ocrx_word' id='word_1_569' title='bbox 2934 4229 3068 4284; x_wconf 90' lang='lat' dir='ltr'><strong>viris</strong></span> <span class='ocrx_word' id='word_1_570' title='bbox 3104 4240 3386 4301; x_wconf 90' lang='lat' dir='ltr'><strong>tantopere</strong></span> <span class='ocrx_word' id='word_1_571' title='bbox 3413 4231 3730 4288; x_wconf 80' lang='lat' dir='ltr'><strong>celebrato?</strong></span> 
     </span>
    </p>
   </div>
   <div class='ocr_carea' id='block_1_89' title="bbox 2156 4317 3727 4392">
    <p class='ocr_par' dir='ltr' id='par_1_89' title="bbox 2156 4317 3727 4392">
     <span class='ocr_line' id='line_1_89' title="bbox 2156 4317 3727 4392; baseline 0.004 -20"><span class='ocrx_word' id='word_1_572' title='bbox 2156 4317 2223 4373; x_wconf 89' lang='lat' dir='ltr'><strong>Hi</strong></span> <span class='ocrx_word' id='word_1_573' title='bbox 2264 4319 2463 4374; x_wconf 91' lang='lat' dir='ltr'><strong>librum</strong></span> <span class='ocrx_word' id='word_1_574' title='bbox 2490 4321 2757 4389; x_wconf 92' lang='lat' dir='ltr'><strong>optimum</strong></span> <span class='ocrx_word' id='word_1_575' title='bbox 2785 4320 3249 4391; x_wconf 87' lang='lat' dir='ltr'><strong>utilissimumque</strong></span> <span class='ocrx_word' id='word_1_576' title='bbox 3280 4323 3597 4392; x_wconf 71' lang='lat' dir='ltr'><strong>praedicant.</strong></span> <span class='ocrx_word' id='word_1_577' title='bbox 3644 4323 3727 4378; x_wconf 90' lang='lat' dir='ltr'><strong>llli</strong></span> 
     </span>
    </p>
   </div>
   <div class='ocr_carea' id='block_1_90' title="bbox 2152 4411 3725 4484">
    <p class='ocr_par' dir='ltr' id='par_1_90' title="bbox 2152 4411 3725 4484">
     <span class='ocr_line' id='line_1_90' title="bbox 2152 4411 3725 4484; baseline 0.003 -18"><span class='ocrx_word' id='word_1_578' title='bbox 2152 4428 2282 4468; x_wconf 81' lang='lat' dir='ltr'><strong>vero</strong></span> <span class='ocrx_word' id='word_1_579' title='bbox 2328 4411 2597 4471; x_wconf 88' lang='lat' dir='ltr'><strong>infamant</strong></span> <span class='ocrx_word' id='word_1_580' title='bbox 2645 4423 2808 4484; x_wconf 88' lang='lat' dir='ltr'><strong>atque</strong></span> <span class='ocrx_word' id='word_1_581' title='bbox 2850 4414 3158 4484; x_wconf 84' lang='lat' dir='ltr'><strong>exagitant,</strong></span> <span class='ocrx_word' id='word_1_582' title='bbox 3209 4424 3270 4470; x_wconf 91' lang='lat' dir='ltr'><strong>ut</strong></span> <span class='ocrx_word' id='word_1_583' title='bbox 3291 4414 3725 4472; x_wconf 81' lang='lat' dir='ltr'><strong>Novatianornm</strong></span> 
     </span>
    </p>
   </div>
   <div class='ocr_carea' id='block_1_91' title="bbox 2150 4503 3728 4578">
    <p class='ocr_par' dir='ltr' id='par_1_91' title="bbox 2150 4503 3728 4578">
     <span class='ocr_line' id='line_1_91' title="bbox 2150 4503 3728 4578; baseline 0.001 -19"><span class='ocrx_word' id='word_1_584' title='bbox 2150 4514 2204 4559; x_wconf 89' lang='lat' dir='ltr'><strong>et</strong></span> <span class='ocrx_word' id='word_1_585' title='bbox 2231 4503 2647 4575; x_wconf 83' lang='lat' dir='ltr'><strong>Pelagianorum</strong></span> <span class='ocrx_word' id='word_1_586' title='bbox 2686 4504 2926 4571; x_wconf 87' lang='lat' dir='ltr'><strong>fontem,</strong></span> <span class='ocrx_word' id='word_1_587' title='bbox 2971 4505 3482 4562; x_wconf 85' lang='lat' dir='ltr'><strong>Montanisticarum</strong></span> <span class='ocrx_word' id='word_1_588' title='bbox 3529 4525 3728 4578; x_wconf 87' lang='lat' dir='ltr'><strong>super-</strong></span> 
     </span>
    </p>
   </div>
   <div class='ocr_carea' id='block_1_92' title="bbox 2149 4597 3726 4669">
    <p class='ocr_par' dir='ltr' id='par_1_92' title="bbox 2149 4597 3726 4669">
     <span class='ocr_line' id='line_1_92' title="bbox 2149 4597 3726 4669; baseline 0.001 -17"><span class='ocrx_word' id='word_1_589' title='bbox 2149 4597 2430 4652; x_wconf 87' lang='lat' dir='ltr'><strong>stitionum</strong></span> <span class='ocrx_word' id='word_1_590' title='bbox 2472 4599 2733 4668; x_wconf 81' lang='lat' dir='ltr'><strong>gurgitem</strong></span> <span class='ocrx_word' id='word_1_591' title='bbox 2757 4636 2774 4662; x_wconf 93' lang='lat'><strong>,</strong></span> <span class='ocrx_word' id='word_1_592' title='bbox 2812 4598 3143 4669; x_wconf 85' lang='lat' dir='ltr'><strong>insnperque</strong></span> <span class='ocrx_word' id='word_1_593' title='bbox 3177 4598 3448 4654; x_wconf 88' lang='lat' dir='ltr'><strong>fautorem</strong></span> <span class='ocrx_word' id='word_1_594' title='bbox 3485 4600 3726 4656; x_wconf 84' lang='lat' dir='ltr'><strong>Ariano-</strong></span> 
     </span>
    </p>
   </div>
   <div class='ocr_carea' id='block_1_93' title="bbox 2149 4689 3722 4764">
    <p class='ocr_par' dir='ltr' id='par_1_93' title="bbox 2149 4689 3722 4764">
     <span class='ocr_line' id='line_1_93' title="bbox 2149 4689 3722 4764; baseline 0.003 -19"><span class='ocrx_word' id='word_1_595' title='bbox 2149 4707 2303 4758; x_wconf 91' lang='lat' dir='ltr'><strong>rum,</strong></span> <span class='ocrx_word' id='word_1_596' title='bbox 2342 4699 2402 4745; x_wconf 92' lang='lat' dir='ltr'><strong>ut</strong></span> <span class='ocrx_word' id='word_1_597' title='bbox 2451 4689 2794 4758; x_wconf 87' lang='lat' dir='ltr'><strong>fabulosum;</strong></span> <span class='ocrx_word' id='word_1_598' title='bbox 2844 4699 2905 4747; x_wconf 93' lang='grc' dir='ltr'><strong>ιιι</strong></span> <span class='ocrx_word' id='word_1_599' title='bbox 2955 4693 3116 4762; x_wconf 89' lang='lat' dir='ltr'><strong>(proh</strong></span> <span class='ocrx_word' id='word_1_600' title='bbox 3167 4707 3365 4764; x_wconf 88' lang='lat' dir='ltr'><strong>magna</strong></span> <span class='ocrx_word' id='word_1_601' title='bbox 3412 4694 3722 4764; x_wconf 88' lang='lat' dir='ltr'><strong>crimina!)</strong></span> 
     </span>
    </p>
   </div>
   <div class='ocr_carea' id='block_1_94' title="bbox 2148 4782 3724 4856">
    <p class='ocr_par' dir='ltr' id='par_1_94' title="bbox 2148 4782 3724 4856">
     <span class='ocr_line' id='line_1_94' title="bbox 2148 4782 3724 4856; baseline 0.002 -20"><span class='ocrx_word' id='word_1_602' title='bbox 2148 4782 2305 4838; x_wconf 88' lang='lat' dir='ltr'><strong>liberl</strong></span> <span class='ocrx_word' id='word_1_603' title='bbox 2335 4782 2568 4848; x_wconf 90' lang='lat' dir='ltr'><strong>arbitrii,</strong></span> <span class='ocrx_word' id='word_1_604' title='bbox 2611 4783 2926 4839; x_wconf 89' lang='lat' dir='ltr'><strong>solitudinis</strong></span> <span class='ocrx_word' id='word_1_605' title='bbox 2957 4785 3312 4849; x_wconf 68' lang='lat' dir='ltr'><strong>monasticae,</strong></span> <span class='ocrx_word' id='word_1_606' title='bbox 3347 4800 3559 4839; x_wconf 88' lang='lat' dir='ltr'><strong>necnon</strong></span> <span class='ocrx_word' id='word_1_607' title='bbox 3588 4801 3724 4856; x_wconf 81' lang='lat' dir='ltr'><strong>pur—</strong></span> 
     </span>
    </p>
   </div>
   <div class='ocr_carea' id='block_1_95' title="bbox 2147 4874 3723 4943">
    <p class='ocr_par' dir='ltr' id='par_1_95' title="bbox 2147 4874 3723 4943">
     <span class='ocr_line' id='line_1_95' title="bbox 2147 4874 3723 4943; baseline 0.002 -16"><span class='ocrx_word' id='word_1_608' title='bbox 2147 4874 2338 4941; x_wconf 86' lang='lat' dir='ltr'><strong>gatorii</strong></span> <span class='ocrx_word' id='word_1_609' title='bbox 2379 4881 2776 4943; x_wconf 72' lang='lat' dir='ltr'><strong>astructorem;</strong></span> <span class='ocrx_word' id='word_1_610' title='bbox 2817 4885 2876 4930; x_wconf 92' lang='lat' dir='ltr'><strong>nt</strong></span> <span class='ocrx_word' id='word_1_611' title='bbox 2907 4874 3142 4930; x_wconf 89' lang='lat' dir='ltr'><strong>rnditate</strong></span> <span class='ocrx_word' id='word_1_612' title='bbox 3193 4875 3600 4931; x_wconf 81' lang='lat' dir='ltr'><strong>Christianismi</strong></span> <span class='ocrx_word' id='word_1_613' title='bbox 3653 4891 3723 4930; x_wconf 85' lang='lat' dir='ltr'><strong>ae</strong></span> 
     </span>
    </p>
   </div>
   <div class='ocr_carea' id='block_1_96' title="bbox 2148 4965 3720 5038">
    <p class='ocr_par' dir='ltr' id='par_1_96' title="bbox 2148 4965 3720 5038">
     <span class='ocr_line' id='line_1_96' title="bbox 2148 4965 3720 5038; baseline 0.001 -19"><span class='ocrx_word' id='word_1_614' title='bbox 2148 4965 2395 5034; x_wconf 91' lang='lat' dir='ltr'><strong>reliquiis</strong></span> <span class='ocrx_word' id='word_1_615' title='bbox 2429 4967 2751 5035; x_wconf 84' lang='lat' dir='ltr'><strong>gentilitatis</strong></span> <span class='ocrx_word' id='word_1_616' title='bbox 2793 4965 3198 5036; x_wconf 90' lang='lat' dir='ltr'><strong>conspicuum;</strong></span> <span class='ocrx_word' id='word_1_617' title='bbox 3239 4975 3301 5022; x_wconf 89' lang='lat' dir='ltr'><strong>ut</strong></span> <span class='ocrx_word' id='word_1_618' title='bbox 3330 4966 3720 5038; x_wconf 71' lang='lat' dir='ltr'><strong>pseudo-pigra-</strong></span> 
     </span>
    </p>
   </div>
   <div class='ocr_carea' id='block_1_97' title="bbox 2145 5060 3718 5132">
    <p class='ocr_par' dir='ltr' id='par_1_97' title="bbox 2145 5060 3718 5132">
     <span class='ocr_line' id='line_1_97' title="bbox 2145 5060 3718 5132; baseline -0.002 -16"><span class='ocrx_word' id='word_1_619' title='bbox 2145 5063 2340 5132; x_wconf 87' lang='lat' dir='ltr'><strong>phum,</strong></span> <span class='ocrx_word' id='word_1_620' title='bbox 2383 5060 2827 5130; x_wconf 90' lang='lat' dir='ltr'><strong>snpposititium;</strong></span> <span class='ocrx_word' id='word_1_621' title='bbox 2880 5069 2940 5115; x_wconf 89' lang='lat' dir='ltr'><strong>ut</strong></span> <span class='ocrx_word' id='word_1_622' title='bbox 2981 5061 3147 5116; x_wconf 88' lang='lat' dir='ltr'><strong>alium</strong></span> <span class='ocrx_word' id='word_1_623' title='bbox 3177 5060 3246 5115; x_wconf 92' lang='lat' dir='ltr'><strong>ab</strong></span> <span class='ocrx_word' id='word_1_624' title='bbox 3275 5076 3340 5116; x_wconf 90' lang='lat' dir='ltr'><strong>eo</strong></span> <span class='ocrx_word' id='word_1_625' title='bbox 3369 5075 3534 5132; x_wconf 83' lang='lat' dir='ltr'><strong>quem</strong></span> <span class='ocrx_word' id='word_1_626' title='bbox 3583 5060 3718 5114; x_wconf 86' lang='lat' dir='ltr'><strong>olim</strong></span> 
     </span>
    </p>
   </div>
   <div class='ocr_carea' id='block_1_98' title="bbox 2145 5150 3722 5221">
    <p class='ocr_par' dir='ltr' id='par_1_98' title="bbox 2145 5150 3722 5221">
     <span class='ocr_line' id='line_1_98' title="bbox 2145 5150 3722 5221; baseline -0.004 -11"><span class='ocrx_word' id='word_1_627' title='bbox 2145 5155 2402 5210; x_wconf 86' lang='lat' dir='ltr'><strong>manibus</strong></span> <span class='ocrx_word' id='word_1_628' title='bbox 2445 5155 2693 5209; x_wconf 90' lang='lat' dir='ltr'><strong>terebant</strong></span> <span class='ocrx_word' id='word_1_629' title='bbox 2737 5151 2838 5207; x_wconf 90' lang='lat' dir='ltr'><strong>SS.</strong></span> <span class='ocrx_word' id='word_1_630' title='bbox 2864 5151 3087 5219; x_wconf 88' lang='lat' dir='ltr'><strong>Patres;</strong></span> <span class='ocrx_word' id='word_1_631' title='bbox 3133 5151 3368 5221; x_wconf 90' lang='lat' dir='ltr'><strong>denique</strong></span> <span class='ocrx_word' id='word_1_632' title='bbox 3413 5159 3477 5207; x_wconf 91' lang='grc' dir='ltr'><strong>ιιι</strong></span> <span class='ocrx_word' id='word_1_633' title='bbox 3516 5150 3722 5206; x_wconf 84' lang='lat' dir='ltr'><strong>barba-</strong></span> 
     </span>
    </p>
   </div>
   <div class='ocr_carea' id='block_1_99' title="bbox 2142 5241 3718 5317">
    <p class='ocr_par' dir='ltr' id='par_1_99' title="bbox 2142 5241 3718 5317">
     <span class='ocr_line' id='line_1_99' title="bbox 2142 5241 3718 5317; baseline -0.003 -15"><span class='ocrx_word' id='word_1_634' title='bbox 2142 5262 2302 5314; x_wconf 90' lang='lat' dir='ltr'><strong>rum,</strong></span> <span class='ocrx_word' id='word_1_635' title='bbox 2354 5255 2518 5317; x_wconf 90' lang='lat' dir='ltr'><strong>atque</strong></span> <span class='ocrx_word' id='word_1_636' title='bbox 2562 5261 2659 5316; x_wconf 90' lang='lat' dir='ltr'><strong>per</strong></span> <span class='ocrx_word' id='word_1_637' title='bbox 2698 5245 2984 5299; x_wconf 67' lang='lat' dir='ltr'><strong>haareticos</strong></span> <span class='ocrx_word' id='word_1_638' title='bbox 3039 5243 3445 5313; x_wconf 89' lang='lat' dir='ltr'><strong>interpolatum,</strong></span> <span class='ocrx_word' id='word_1_639' title='bbox 3495 5241 3718 5298; x_wconf 84' lang='lat' dir='ltr'><strong>insertis</strong></span> 
     </span>
    </p>
   </div>
   <div class='ocr_carea' id='block_1_100' title="bbox 2142 5334 3717 5403">
    <p class='ocr_par' dir='ltr' id='par_1_100' title="bbox 2142 5334 3717 5403">
     <span class='ocr_line' id='line_1_100' title="bbox 2142 5334 3717 5403; baseline -0.006 -7"><span class='ocrx_word' id='word_1_640' title='bbox 2142 5340 2423 5396; x_wconf 89' lang='lat' dir='ltr'><strong>erroribus</strong></span> <span class='ocrx_word' id='word_1_641' title='bbox 2467 5353 2530 5394; x_wconf 87' lang='lat' dir='ltr'><strong>ac</strong></span> <span class='ocrx_word' id='word_1_642' title='bbox 2567 5337 2800 5392; x_wconf 87' lang='lat' dir='ltr'><strong>fabellis.</strong></span> <span class='ocrx_word' id='word_1_643' title='bbox 2833 5335 2983 5403; x_wconf 86' lang='lat' dir='ltr'><strong>Quas</strong></span> <span class='ocrx_word' id='word_1_644' title='bbox 3023 5336 3404 5392; x_wconf 88' lang='lat' dir='ltr'><strong>accusationes</strong></span> <span class='ocrx_word' id='word_1_645' title='bbox 3438 5343 3497 5390; x_wconf 87' lang='lat' dir='ltr'><strong>et</strong></span> <span class='ocrx_word' id='word_1_646' title='bbox 3524 5334 3717 5390; x_wconf 85' lang='lat' dir='ltr'><strong>consi-</strong></span> 
     </span>
    </p>
   </div>
   <div class='ocr_carea' id='block_1_101' title="bbox 2143 5430 3714 5503">
    <p class='ocr_par' dir='ltr' id='par_1_101' title="bbox 2143 5430 3714 5503">
     <span class='ocr_line' id='line_1_101' title="bbox 2143 5430 3714 5503; baseline -0.006 -12"><span class='ocrx_word' id='word_1_647' title='bbox 2143 5437 2321 5503; x_wconf 90' lang='lat' dir='ltr'><strong>miles,</strong></span> <span class='ocrx_word' id='word_1_648' title='bbox 2347 5435 2540 5490; x_wconf 89' lang='lat' dir='ltr'><strong>frivolo</strong></span> <span class='ocrx_word' id='word_1_649' title='bbox 2569 5443 2658 5490; x_wconf 89' lang='lat' dir='ltr'><strong>aut</strong></span> <span class='ocrx_word' id='word_1_650' title='bbox 2683 5433 2833 5487; x_wconf 89' lang='lat' dir='ltr'><strong>nullo</strong></span> <span class='ocrx_word' id='word_1_651' title='bbox 2864 5431 3221 5486; x_wconf 89' lang='lat' dir='ltr'><strong>fundamento</strong></span> <span class='ocrx_word' id='word_1_652' title='bbox 3261 5430 3548 5491; x_wconf 77' lang='lat' dir='ltr'><strong>subnixas,</strong></span> <span class='ocrx_word' id='word_1_653' title='bbox 3583 5433 3714 5482; x_wconf 81' lang='lat' dir='ltr'><strong>cum</strong></span> 
     </span>
    </p>
   </div>
   <div class='ocr_carea' id='block_1_102' title="bbox 2143 5515 3716 5595">
    <p class='ocr_par' dir='ltr' id='par_1_102' title="bbox 2143 5515 3716 5595">
     <span class='ocr_line' id='line_1_102' title="bbox 2143 5515 3716 5595; baseline -0.007 -15"><span class='ocrx_word' id='word_1_654' title='bbox 2143 5525 2211 5580; x_wconf 91' lang='lat' dir='ltr'><strong>ad</strong></span> <span class='ocrx_word' id='word_1_655' title='bbox 2269 5526 2386 5580; x_wconf 91' lang='lat' dir='ltr'><strong>loca</strong></span> <span class='ocrx_word' id='word_1_656' title='bbox 2427 5523 2868 5595; x_wconf 89' lang='lat' dir='ltr'><strong>pervenerimus,</strong></span> <span class='ocrx_word' id='word_1_657' title='bbox 2915 5519 2963 5574; x_wconf 91' lang='lat' dir='ltr'><strong>si</strong></span> <span class='ocrx_word' id='word_1_658' title='bbox 3022 5533 3246 5574; x_wconf 87' lang='lat' dir='ltr'><strong>necesse</strong></span> <span class='ocrx_word' id='word_1_659' title='bbox 3298 5519 3472 5573; x_wconf 87' lang='lat' dir='ltr'><strong>visum</strong></span> <span class='ocrx_word' id='word_1_660' title='bbox 3525 5515 3716 5581; x_wconf 80' lang='lat' dir='ltr'><strong>fuerit,</strong></span> 
     </span>
    </p>
   </div>
   <div class='ocr_carea' id='block_1_103' title="bbox 2143 5611 3716 5684">
    <p class='ocr_par' dir='ltr' id='par_1_103' title="bbox 2143 5611 3716 5684">
     <span class='ocr_line' id='line_1_103' title="bbox 2143 5611 3716 5684; baseline -0.007 -12"><span class='ocrx_word' id='word_1_661' title='bbox 2143 5617 2254 5673; x_wconf 88' lang='lat' dir='ltr'><strong>Deo</strong></span> <span class='ocrx_word' id='word_1_662' title='bbox 2282 5616 2478 5683; x_wconf 89' lang='lat' dir='ltr'><strong>dante,</strong></span> <span class='ocrx_word' id='word_1_663' title='bbox 2518 5614 2726 5684; x_wconf 90' lang='lat' dir='ltr'><strong>absque</strong></span> <span class='ocrx_word' id='word_1_664' title='bbox 2766 5611 3142 5668; x_wconf 79' lang='lat' dir='ltr'><strong>eonfntatione</strong></span> <span class='ocrx_word' id='word_1_665' title='bbox 3181 5625 3289 5666; x_wconf 89' lang='lat' dir='ltr'><strong>non</strong></span> <span class='ocrx_word' id='word_1_666' title='bbox 3315 5611 3716 5681; x_wconf 86' lang='lat' dir='ltr'><strong>relinquemus.</strong></span> 
     </span>
    </p>
   </div>
   <div class='ocr_carea' id='block_1_104' title="bbox 2215 5702 3716 5780">
    <p class='ocr_par' dir='ltr' id='par_1_104' title="bbox 2215 5702 3716 5780">
     <span class='ocr_line' id='line_1_104' title="bbox 2215 5702 3716 5780; baseline -0.004 -15"><span class='ocrx_word' id='word_1_667' title='bbox 2215 5709 2448 5766; x_wconf 76' lang='lat' dir='ltr'><strong>Medium</strong></span> <span class='ocrx_word' id='word_1_668' title='bbox 2481 5707 2685 5780; x_wconf 87' lang='lat' dir='ltr'><strong>.itaque</strong></span> <span class='ocrx_word' id='word_1_669' title='bbox 2736 5704 2880 5779; x_wconf 77' lang='lat' dir='ltr'><strong>beati</strong></span> <span class='ocrx_word' id='word_1_670' title='bbox 2931 5714 3175 5774; x_wconf 87' lang='lat' dir='ltr'><strong>tenuere,</strong></span> <span class='ocrx_word' id='word_1_671' title='bbox 3221 5719 3348 5762; x_wconf 84' lang='lat' dir='ltr'><strong>cum</strong></span> <span class='ocrx_word' id='word_1_672' title='bbox 3393 5702 3550 5768; x_wconf 88' lang='lat' dir='ltr'><strong>olim,</strong></span> <span class='ocrx_word' id='word_1_673' title='bbox 3591 5711 3716 5759; x_wconf 78' lang='lat' dir='ltr'><strong>tum</strong></span> 
     </span>
    </p>
   </div>
  </div>
