4010 6150
256 308 355 365 8⁹ἲ1
375 306 379 310 ”

1503 307 1796 364 PASTOR.
1835 338 1905 350 —
1939 302 2304 364 PROlEMlA.

3423 304 3532 359 86‘!

260 446 456 501 nuper,
492 430 809 502 quicunque
831 427 1044 484 Hermae
1066 427 1340 482 Pastorem
1365 425 1687 497 judicavere
1715 426 1841 481 σύν-
1868 431 1916 489 Α
1941 417 2102 484 Certe
2135 427 2310 481 multo
2344 422 2496 496 plura
2538 426 2680 496 apud
2709 426 3015 484 Barnabam
3057 438 3110 486 et
3159 429 3212 484 in
3244 431 3524 487 Constitu-

256 538 445 593 ταγμα
474 537 585 576 non
612 522 831 592 quidem
866 521 1220 583 canonicum,
1247 517 1342 574 sed
1375 517 1836 583 ecclesiasticum,

259 629 325 668 ae
353 613 575 684 optimae
615 622 777 679 notae,
804 621 860 667 et
888 609 1359 682 propugnaculum
1393 609 1517 663 lldci
1557 611 1842 665 catholica!

262 707 527 761 adversus
553 704 795 760 Montani
821 704 1115 770 duritiam;
1155 703 1223 757 ad
1254 703 1370 756 haec
1405 700 1573 756 fetum
1603 701 1838 770 Hermas,

262 798 549 869 apostolici
583 797 732 852 illius
763 796 863 850 viri
893 795 1065 866 (nulla
1091 795 1294 865 quippe
1328 793 1470 847 ratio
1503 797 1838 851 contrarium

259 891 508 960 evincit),
535 905 700 958 quem
729 887 934 943 Paulus
969 888 1025 941 in
1058 887 1166 942 fine
1189 885 1445 956 Epistolas
1469 887 1537 940 ad
1563 886 1840 944 Romanos

261 983 488 1038 salutari
515 982 691 1052 jubet.
728 977 864 1035 Nam
897 981 992 1052 qui
1025 979 1334 1035 Hermetem
1379 995 1474 1034 seu
1501 979 1754 1036 Hermem
1783 981 1840 1036 in

259 1077 411 1131 illius
461 1076 642 1130 locum
695 1075 1072 1142 substituunt,
1119 1083 1215 1130 aut
1263 1087 1562 1148 utrumque
1606 1075 1842 1132 confun-

257 1164 428 1230 dunt,
465 1164 674 1235 decepti
724 1165 980 1220 videntur
1023 1181 1053 1220 a
1084 1166 1268 1223 fabula
1297 1168 1445 1224 Libri
1490 1167 1838 1240 pontificalis,

257 1255 352 1308 ubi
394 1255 462 1309 ad
499 1255 914 1310 similitudinem
948 1254 1162 1312 Hermae
1190 1259 1413 1330 tingitur
1441 1259 1665 1330 quidam
1702 1257 1840 1313 Her-

257 1359 411 1411 mes,
461 1343 545 1398 Pii
593 1360 746 1415 papa:
791 1341 964 1414 primi
1008 1345 1198 1406 frater,
1257 1348 1497 1416 scriptor
1554 1347 1680 1422 libri
1731 1362 1843 1416 quo

255 1436 648 1492 continebatur
691 1436 1004 1492 Mandatum
1039 1438 1239 1507 angeli,
1271 1439 1372 1494 visi
1409 1439 1466 1494 in
1499 1439 1690 1493 habitu
1739 1453 1842 1508 pa-

251 1529 452 1592 storis,
492 1528 560 1583 de
584 1527 852 1583 Paschate
885 1529 974 1583 die
995 1528 1279 1584 Dominica
1311 1531 1657 1585 celebrando.
1683 1528 1842 1596 Quod

246 1628 630 1677 commentum
677 1621 832 1675 multi
872 1621 1107 1692 amplexi
1149 1630 1310 1688 sunt,
1339 1623 1718 1694 praecipueque
1741 1638 1839 1677 ne-

259 1715 380 1769 scio
433 1715 560 1783 quis
607 1722 765 1783 poeta
825 1715 930 1768 sub
974 1714 1207 1770 honesto
1245 1713 1567 1771 Tertulliani
1619 1706 1842 1770 nomine

1943 518 2187 572 tionibus
2217 518 2616 587 apostolorum,
2645 519 2752 573 hoc
2781 518 3241 577 denominationis
3277 521 3347 577 iis
3380 524 3523 578 scri-

1942 610 2051 679 ptis
2085 623 2192 663 nou
2220 608 2438 663 dedere.
2474 609 2529 662 4.
2563 607 2765 678 Aperte
2794 607 2855 662 Β.
2884 607 3249 680 Hieronymus
3286 613 3342 666 in
3371 623 3525 668 cata-

1940 703 2065 771 logo
2094 701 2373 756 Iudicium
2411 701 2568 756 Petri-
2595 701 2884 771 distinguit
2919 703 2988 756 ab
3019 702 3228 760 Hermas
3261 705 3521 763 Pastore:

1941 791 2010 846 de
2054 792 2232 861 primo
2283 793 2428 846 enim
2477 791 2700 846 disserit
2756 791 2812 845 in
2858 789 3040 856 Petro,
3074 793 3141 848 de
3174 796 3415 850 secundo
3465 796 3520 850 in

1945 880 2164 937 Henna.
2189 883 2369 953 Atque
2400 883 2515 936 hazc
2549 883 2616 936 ad
2639 881 2921 938 Rnlinum.

2014 971 2094 1027 Ex
2142 973 2400 1044 Origenis
2435 981 2616 1026 autem
2648 973 2849 1036 verbis,
2903 974 3001 1030 lib.
3031 990 3086 1029 tv
3119 975 3197 1031 De
3219 979 3523 1050 principiis,

1942 1081 2063 1135 cap.
2087 1065 2143 1132 2,
2194 1065 2248 1120 in
2293 1063 2610 1118 Plcilocaliae
2669 1081 2789 1135 cap.
2846 1066 2898 1132 l,
2947 1083 3001 1136 p.
3049 1066 3162 1121 22:
3216 1069 3318 1124 Διὰ
3365 1071 3527 1126 τοῦτο

1941 1157 2101 1227 ἡμεῖς
2132 1159 2227 1210 καὶ
2255 1158 2318 1212 τὸ
2347 1159 2405 1211 ὲν
2437 1158 2516 1230 τῷ
2556 1158 2660 1212 ὑπό
2691 1175 2854 1211 τινων
2904 1161 3400 1234 καταφρονουμένῳ
3442 1163 3526 1233 βι-

1942 1246 2076 1318 ϐλίῳ
2110 1247 2190 1318 τῷ
2211 1249 2458 1318 Ποιμένι,
2508 1250 2636 1318 περὶ
2673 1248 2768 1301 τοῦ
2804 1251 3241 1320 προστάσσεσθαι
3282 1253 3372 1307 τὸν
3401 1255 3524 1326 Ἐρ-

1945 1338 2053 1408 μᾶν
2080 1337 2174 1390 δύο
2205 1338 2411 1408 γράψαι
2443 1338 2642 1408 βιϐλία,
2667 1340 2761 1393 καὶ
2797 1339 2936 1410 μετὰ
2964 1341 3135 1396 ταῦτα
3168 1345 3328 1398 αὑτὸν
3353 1347 3523 1416 ἀναγ-

1941 1429 2150 1499 γέλλειν
2184 1434 2298 1494 τοῖς
2321 1432 2710 1503 πρεσϐυτέροις
2736 1432 3177 1504 τῆςῈκκλησίι-ις
3207 1436 3243 1491 ἃ
3277 1438 3525 1510 μεμάθη-

1941 1540 2037 1578 κεν
2065 1523 2171 1576 ὑπὸ
2197 1522 2291 1576 τοῦ
2317 1523 2653 1595 Πνεύματος,
2679 1526 2821 1580 οὕτω
2867 1527 3220 1598 διηγούμεθα.
3263 1527 3377 1584 Hoc
3415 1537 3523 1594 est,

1945 1612 2072 1668 Ideo
2107 1632 2203 1668 nos
2233 1624 2284 1669 et
2319 1615 2455 1669 illud
2490 1618 2546 1670 in
2569 1615 2815 1682 Pastore,
2847 1618 2984 1673 libro
3014 1621 3104 1689 qui
3145 1638 3176 1673 a
3206 1619 3526 1690 quibusdam

1943 1707 2328 1773 contemnitur,
2373 1723 2492 1784 cum
2511 1708 2732 1777 jubetur
2759 1707 2986 1762 Hermas
3013 1711 3145 1763 duos
3187 1710 3350 1764 libros
3393 1713 3529 1765 scri-

257 1807 437 1860 ιειιειιε
469 1805 503 1860 1,
539 1821 600 1861 ιιι
646 1806 895 1860 adversus
928 1805 1276 1873 Μιιηιξοηρῃη⁹
1304 1807 1358 1862 in
1389 1808 1532 1873 ﬁne;
1570 1808 1697 1862 item
1722 1806 1841 1876 cpi-
1874 1774 1916 1828 Β
1945 1797 2083 1863 bere,
2129 1797 2338 1867 ipseque
2374 1807 2556 1868 postea
2595 1800 2917 1853 annuntiare
2951 1800 3530 1857 senioribus‘Ecclesite
3561 1848 3566 1852 ν

260 1898 524 1953 stolarum
558 1914 710 1968 papa:
741 1897 821 1952 Pii
849 1897 1164 1965 fabricator,
1198 1885 1356 1969 epist.
1393 1900 1418 1954 i
1449 1917 1464 1965 ;
1505 1897 1670 1964 Beda,
1701 1897 1840 1964 Ado,

261 1989 381 2056 alii,
410 1989 464 2043 in
497 1988 812 2053 Chronicis,
844 1990 897 2043 in
930 1989 1368 2061 Martyrologiis;
1399 2005 1498 2043 nec
1524 2004 1631 2042 non
1655 1997 1845 2044 auctor

251 2075 502 2147 Catalogi
543 2080 855 2151 pontiﬁcum
895 2097 1270 2146 romanorum,
1301 2081 1369 2135 ab
1394 2079 1615 2151 Egidio
1631 2079 1845 2136 Bucbe-

261 2171 346 2225 rio
373 2171 424 2224 in
454 2170 863 2226 Commentario
886 2171 953 2226 ad
985 2169 1501 2226 VictoriiCanonem
1517 2158 1834 2224 Paschalem

260 2262 461 2327 editus,
477 2264 566 2332 qui
586 2263 770 2320 forsan
787 2279 854 2320 ex
877 2265 1351 2335 pseudo-Damaso
1368 2263 1528 2317 debet
1541 2261 1841 2317 emendari.

263 2354 368 2410 Sed
386 2365 440 2411 et
469 2355 629 2412 facile
657 2357 759 2413 fuit
787 2357 1047 2424 librariis,
1087 2356 1342 2411 Hennam
1366 2365 1579 2410 mutare
1615 2356 1669 2409 in
1701 2354 1845 2408 Her-

259 2457 478 2512 mem,et
491 2448 737 2504 Hermem
755 2449 873 2506 vice
889 2465 1041 2504 versa
1061 2449 1114 2502 in
1135 2447 1413 2503 Hcrmam.
1433 2447 1632 2517 Sicque
1654 2445 1848 2500 fortas-

260 2540 343 2596 sis
373 2543 515 2611 apud
533 2540 853 2612 Magistrum
878 2540 1310 2605 Sententiarum,
1359 2540 1454 2594 lib.
1490 2557 1566 2603 ιν,
1591 2539 1723 2593 dist.
1752 2538 1844 2604 55,

258 2647 320 2689 n.
344 2631 400 2698 5,
437 2647 502 2687 ex
531 2630 727 2687 Herma
767 2632 944 2688 factus
981 2631 1146 2688 fuerit
1175 2630 1395 2686 Hermes
1425 2647 1442 2684 :
1484 2631 1847 2700 similiterque

257 2723 318 2779 in
374 2721 666 2778 Ruliniana
703 2723 954 2795 Origenis
1021 2724 1504 2796 interpretatione,
1553 2723 1650 2778 lib.
1694 2740 1711 2778 ι
1766 2721 1846 2802 De

251 2816 560 2886 principiis,
593 2832 714 2886 cap.
743 2817 797 2883 5,
831 2826 886 2871 et
917 2816 1012 2870 lib.
1043 2831 1119 2880 tv,
1154 2831 1275 2886 cap.
1309 2814 1364 2870 2.
1401 2813 1684 2870 Postremo
1715 2829 1848 2870 sane

253 2909 382 2964 loco
415 2917 580 2979 eaput
622 2909 860 2978 primum
906 2909 1226 2964 Philocalire
1276 2907 1533 2964 Hcrmam
1584 2907 1843 2964 ostendit.

252 2999 328 3056 Et
355 3011 548 3058 contra
583 3001 722 3058 forte
748 3003 1041 3074 praedictus
1063 3011 1221 3074 poeta
1273 3000 1494 3056 Hermes
1526 3004 1844 3072 scripserat,

253 3106 370 3146 non
392 3091 658 3159 Hermas;
689 3094 794 3149 nisi
823 3094 892 3159 si,
920 3110 1083 3164 quem
1117 3109 1362 3148 errorem
1392 3109 1606 3148 errasse
1631 3093 1845 3146 videtur
1872 3122 1916 3179 ο

259 3183 652 3255 pseudo-Pius,
689 3183 945 3239 Hermem
980 3195 1034 3238 et
1054 3183 1313 3239 Hermam
1348 3200 1446 3255 pro
1479 3199 1588 3240 uno
1617 3185 1841 3239 eodem-

256 3288 370 3342 que
404 3273 676 3327 habuerit.
721 3271 832 3328 Nec
872 3273 1164 3339 dissimili,
1206 3274 1459 3344 quamvis
1493 3274 1598 3328 alia
1643 3275 1844 3344 depra-

257 3362 484 3417 vatione
515 3363 785 3418 editiones
826 3363 883 3418 S.
915 3361 1231 3434 Hieronymi
1275 3365 1417 3419 libro
1441 3363 1518 3417 De
1546 3365 1843 3419 nominibus

266 3453 584 3518 Hebraicis,
634 3455 812 3524 capite
859 3456 924 3511 de
955 3454 1197 3526 Epistola
1237 3457 1304 3511 ad
1336 3455 1645 3522 Romanos,
1691 3457 1846 3512 exhi-

263 3543 412 3611 bent,
452 3544 668 3609 Ermon,
715 3545 1228 3600 anathematizantes
1278 3562 1585 3610 maerorem;
1632 3563 1756 3600 cum
1792 3556 1847 3602 et

264 3650 353 3688 res
384 3636 526 3706 ipsa,
561 3644 617 3690 et
653 3636 834 3706 capita
877 3636 944 3691 de
968 3633 1246 3702 Numeris,
1280 3637 1348 3690 de
1374 3636 1525 3691 Actis
1567 3637 1846 3705 apostolos

263 3744 410 3793 rum,
443 3726 637 3782 Ermen
665 3729 1036 3798 reponendum
1068 3727 1462 3798 persuadeant;
1497 3728 1710 3782 tametsi
1739 3727 1846 3781 Er-

262 3840 388 3880 mon
425 3841 645 3896 quoque
689 3826 882 3880 eodem
927 3840 1093 3880 sensu
1127 3832 1435 3893 exponatur
1475 3822 1531 3876 in
1573 3823 1846 3892 capitibus

262 3915 336 3972 de
379 3914 825 3981 Deuteronomio,
877 3915 946 3970 de
996 3913 1125 3970 Iesu
1181 3912 1329 3971 Nave
1391 3913 1507 3986 (ubi
1557 3929 1846 3986 perperam

264 4001 438 4058 Emon
467 4004 718 4075 apparet)
757 4003 900 4059 etde
922 4002 1211 4058 Psalterio.

331 4093 455 4150 Jam
482 4111 613 4151 vero
635 4111 700 4150 ex
727 4096 908 4151 Rufini
933 4094 1002 4150 ad
1025 4093 1332 4164 Symbolum
1358 4094 1538 4150 verbis
1562 4093 1848 4150 obscurio-

264 4188 417 4246 ribus
463 4189 710 4244 nascitur
746 4189 1000 4258 quaestio.
1046 4186 1179 4254 Quae
1223 4188 1270 4242 si
1311 4188 1385 4242 ita
1419 4187 1846 4258 distinguantur,

264 4278 502 4334 Libellus
543 4281 635 4351 qui
660 4281 859 4334 dicitur
886 4281 1129 4336 Pastoris
1168 4283 1278 4337 sive
1307 4279 1604 4344 Hermatis,
1628 4279 1718 4348 qui
1750 4296 1849 4350 ap-

1943 1905 2006 1944 ea
2038 1905 2156 1959 quae
2190 1906 2222 1943 a
2247 1890 2451 1959 Spiritu
2488 1891 2772 1956 didicerat,
2806 1892 2895 1945 sic.
2918 1893 3252 1961 exponimus.
3288 1891 3363 1946 Ex
3398 1893 3524 1960 hoc,

1946 1982 2197 2051 inquam,
2244 1997 2497 2036 sermone
2532 1982 2886 2050 conjecerunt
2923 1984 3025 2037 viri
3066 1983 3212 2038 docti
3248 1983 3528 2039 Pastorem

1943 2073 2358 2128 commentariis
2394 2074 2462 2127 ab
2486 2072 2719 2146 Origene
2743 2073 2913 2130 fuisse
2946 2075 3298 2131 illustratum.
3341 2076 3528 2144 Quan-

1945 2180 2111 2236 quam
2162 2165 2404 2234 loquitur
2445 2164 2716 2220 duntaxat
2752 2168 2819 2222 de
2861 2168 3115 2237 praesenti
3159 2169 3527 2238 expositione,

1947 2272 2116 2326 quam
2167 2269 2362 2326 nempe
2394 2256 2584 2311 eodem
2618 2257 2724 2312 loci
2758 2267 2883 2328 post
2908 2258 3119 2314 Hermae
3153 2259 3524 2316 testimonium

1947 2351 2128 2405 statim
2169 2349 2469 2420 subjungit.
2523 2347 2620 2404 Est
2663 2359 2717 2404 et
2754 2351 2896 2405 alius
2939 2365 3094 2404 error
3138 2353 3525 2407 nonnullorum

1953 2440 2092 2494 adeo
2118 2455 2345 2495 crassus
2366 2481 2381 2505 ,
2421 2447 2481 2493 ut
2513 2455 2614 2494 nec
2646 2439 2994 2496 refutationis
3035 2443 3183 2512 indig
3207 2451 3290 2497 at.
3331 2443 3530 2498 Dicunt

1947 2531 2014 2586 ab
2050 2530 2400 2602 Hieronymo,
2453 2532 2506 2585 in
2545 2530 2781 2603 Prologo
2829 2534 3060 2602 galeato,
3107 2550 3202 2604 per
3248 2533 3528 2589 Pastorem

1948 2639 2058 2678 non
2097 2624 2334 2694 intelligi
2383 2623 2583 2678 librum
2634 2622 2876 2690 Herum,
2925 2626 3020 2681 sed
3058 2627 3275 2680 tertium
3310 2625 3530 2682 Macha-

1946 2717 2224 2782 baeorum,
2271 2722 2522 2770 contorta
2571 2723 2626 2768 et
2669 2715 2828 2785 longe
2878 2715 3045 2784 petita
3094 2725 3310 2771 utentes
3355 2717 3529 2770 dedu-

1948 2807 2128 2862 ctione
2182 2806 2291 2859 ἀπὸ
2334 2807 2437 2876 τῆς
2479 2806 2751 2869 παστάδος
2797 2806 2912 2861 sive
2955 2807 3229 2869 παστίδος.
3277 2807 3414 2862 Cum
3458 2822 3529 2864 οι

1949 2900 2072 2956 aliis
2117 2898 2432 2972 Hieronymi
2483 2908 2921 2970 czeterorumque
2973 2899 3108 2954 locis
3162 2916 3251 2956 res
3293 2899 3528 2956 manife-

1949 2993 2190 3049 stissime
2219 3002 2420 3063 pateat.

2021 3086 2284 3156 Denique,
2315 3087 2476 3155 cujus
2501 3085 2767 3140 habemus
2803 3083 3308 3140 animadversiones
3327 3087 3530 3142 multas

1949 3179 2015 3233 ad
2045 3188 2294 3233 nostrum
2329 3188 2639 3242 auctorem,
2675 3176 2952 3241 Barthius,
2979 3192 3106 3230 cum
3147 3179 3349 3246 passim
3381 3177 3527 3233 labi-

1945 3279 2059 3336 tur,
2086 3278 2200 3323 tum
2245 3279 2439 3323 contra
2480 3269 2762 3338 antiquam
2796 3282 2914 3321 eam
2948 3269 3258 3324 versionem
3287 3278 3530 3338 quatuor

1947 3359 2260 3416 committit.
2291 3358 2477 3423 Prius,
2515 3359 2837 3428 appellando
2877 3359 3164 3424 rusticam,
3195 3359 3531 3414 semibarba-

1946 3467 2087 3518 ram,
2126 3451 2501 3506 semiveterem
2535 3451 2718 3519 :quod
2762 3451 3077 3520 neutiquam
3120 3458 3223 3504 est.
3261 3451 3526 3518 Alterum,

1947 3553 2148 3599 temere
2179 3551 2233 3599 et
2265 3545 2471 3612 absque
2507 3545 2615 3598 ulla
2657 3545 2890 3610 ratione,
2912 3546 3036 3600 imo
3082 3555 3272 3600 contra
3308 3561 3526 3600 omnem

1946 3635 2216 3691 rationem
2237 3675 2252 3700 ,
2285 3634 2624 3698 allii-mando,
2658 3636 2930 3704 epitomen
2986 3638 3160 3708 magis
3203 3653 3326 3693 esse
3359 3653 3528 3706 quam

1948 3728 2469 3798 interpretationem.
2537 3731 2607 3780 At
2646 3729 2802 3783 aliter
2843 3745 2956 3784 rem
3003 3746 3061 3786 se
3109 3731 3310 3785 habere
3363 3732 3533 3802 liquet

1947 3837 2016 3878 ex
2058 3819 2438 3875 convenientia
2491 3827 2736 3874 textuum
2777 3837 2808 3878 a
2857 3821 3129 3877 veteribus
3170 3823 3527 3892 prolatorum.

1948 3910 2213 3980 Equidem
2252 3909 2504 3964 videntur
2534 3911 2636 3965 ista
2667 3911 2824 3966 citari
2855 3927 2921 3965 ex
2948 3910 3172 3966 Pastore
3202 3928 3232 3966 a
3251 3913 3530 3969 Clemente

1951 4001 2152 4058 Strom.
2185 4018 2244 4069 II,
2272 4019 2396 4073 pag.
2445 4003 2588 4056 584:
2625 4004 2954 4073 ΙΙροηγεῖται
3005 4003 3104 4075 μὲν
3138 4005 3340 4069 πίστις,
3368 4005 3530 4076 φόϐος

1947 4097 2007 4150 δὲ
2036 4095 2326 4166 οἰκοδομεῖ,
2360 4094 2555 4148 τελειοῖ
2583 4095 2640 4148 δὲ
2688 4098 2721 4165 ἡ
2755 4079 2963 4168 ἀγάπή.
3020 4097 3280 4153 Praecedit
3315 4099 3529 4170 quidem

1950 4191 2104 4261 ﬁdes,
2145 4191 2304 4244 timor
2347 4206 2466 4244 vero
2511 4190 2771 4258 wdi/icat,
2809 4191 3014 4259 perﬁcit
3047 4201 3221 4245 autem
3255 4193 3529 4257 charitas,’

1951 4301 2073 4354 qua:
2120 4283 2191 4337 ibi
2227 4299 2334 4336 non
2378 4282 2765 4348 inveniuntur;
2805 4298 2993 4336 verum
3037 4283 3333 4339 Clementis
3375 4295 3527 4350 sunt,

262 4373 497 4442 pellatur
548 4372 681 4428 Dua:
714 4371 824 4428 Via:
882 4374 959 4429 vel
1014 4373 1292 4428 Iudicium
1338 4371 1523 4436 Petri;
1573 4388 1715 4427 unus
1753 4387 1852 4426 no-
1954 4391 2054 4432 sua
2088 4373 2393 4430 Hermaicis
2431 4373 2830 4428 interserentis.
2864 4371 3107 4428 Tertium
3144 4375 3528 4440 commissum,

263 4475 378 4517 ster
411 4462 550 4521 liber
590 4477 827 4533 quatuor
863 4473 1014 4534 geret
1060 4464 1304 4529 nomina,
1343 4461 1566 4528 Pastor,
1598 4461 1848 4531 Hermas,
1882 4463 1928 4518 D
1952 4469 2174 4541 quando
2217 4466 2469 4522 futilibus
2522 4465 2856 4534 coniecturis
2900 4467 3223 4534 hariolatur,
3266 4468 3527 4538 scriptam

264 4553 400 4616 Dua:
432 4553 575 4621 Vite,
608 4553 885 4608 Iudicium
916 4555 1088 4610 Petri.
1130 4554 1226 4608 Sin
1271 4562 1453 4608 autem
1499 4553 1591 4608 ubi
1637 4553 1846 4626 virgula

262 4647 624 4717 conspicitur,
660 4647 840 4718 major
872 4647 1152 4703 distinctio
1193 4663 1451 4717 ponatur,
1498 4647 1611 4701 duo
1639 4658 1844 4717 puncta

264 4737 349 4791 vel
377 4746 638 4808 punctum
676 4753 800 4792 cum
838 4739 1048 4810 virgula
1072 4780 1088 4805 ,
1128 4739 1239 4793 duo
1277 4739 1681 4795 constituentur
1721 4738 1844 4793 libri

263 4829 598 4896 binomines,
633 4831 769 4886 alter
799 4830 1066 4899 Pastoris,
1097 4832 1203 4887 sive
1232 4831 1524 4900 Hermatis,
1554 4833 1692 4887 alter
1715 4831 1848 4887 Dua:

274 4922 420 4988 l'ia,
468 4921 546 4976 vel
584 4920 860 4976 Iudicium
889 4922 1059 4978 Petri.
1121 4917 1383 4994 Equidem
1417 4924 1601 4980 nullus
1634 4922 1844 4990 dubito,

261 5012 399 5084 quin
437 5012 658 5069 diversa
687 5014 968 5068 volumina
1002 5015 1351 5070 exstiterint:
1389 5015 1638 5085 suspicor
1673 5014 1846 5085 magis

259 5120 292 5160 ο
317 5101 518 5160 Ruﬁno
545 5105 836 5176 scriptum,
867 5105 1105 5161 Libellus
1133 5109 1226 5178 qui
1248 5107 1450 5160 dicitur
1467 5107 1710 5161 Pastoris
1738 5107 1846 5161 sive

263 5193 578 5258 Hermatis;
609 5198 801 5268 quique
837 5198 1140 5268 appellatur
1161 5197 1294 5253 Dua:
1329 5197 1440 5254 Via:
1470 5198 1547 5252 vel
1569 5197 1845 5252 Iudicium

262 5285 438 5342 Petri.
487 5286 770 5356 Rationes,
817 5306 918 5345 cur
960 5305 1123 5360 opera
1174 5307 1286 5345 non
1336 5289 1691 5357 confundam,
1731 5291 1845 5345 lure

261 5388 424 5435 sunt:
457 5380 508 5434 l.
540 5378 615 5434 De
647 5397 756 5435 uno
777 5381 961 5437 libello
994 5383 1074 5438 sic
1109 5383 1324 5438 locutus
1359 5382 1594 5438 fuisset:
1629 5381 1734 5448 Qui
1759 5383 1845 5436 di-

261 5472 406 5525 citur
435 5469 708 5534 Pastoris,
737 5474 843 5527 sive
870 5471 1164 5543 Hermatis,
1197 5476 1304 5529 sive
1332 5474 1464 5529 Duce
1489 5473 1621 5539 γεω,
1647 5473 1725 5528 vel
1743 5473 1845 5528 Iu-

261 5562 459 5618 dicium
481 5562 651 5618 Petri.
712 5564 768 5618 2.
798 5562 856 5618 ln
886 5573 1000 5620 toto
1025 5563 1248 5620 Pastore
1275 5582 1342 5621 ne
1370 5565 1596 5621 verbum
1623 5566 1841 5636 quidem

261 5653 331 5708 de
355 5653 537 5710 Petro.
583 5656 635 5710 3.
663 5654 933 5712 Pauciora
965 5658 1033 5712 de
1066 5657 1280 5713 duabus
1305 5658 1408 5714 viis
1439 5655 1646 5729 profert
1681 5657 1838 5713 initio

263 5749 506 5806 mandati
553 5750 732 5818 sexti,
789 5766 954 5821 quam
1013 5760 1071 5808 ut
1118 5749 1243 5807 inde
1294 5766 1495 5808 nomen
1543 5751 1836 5822 acciperet.

1950 4555 2126 4612 fuisse
2175 4564 2298 4626 post
2347 4554 2667 4627 Hieronymi
2720 4565 2992 4625 tempora,
3042 4567 3095 4611 et.
3145 4558 3214 4612 ab
3239 4559 3530 4614 Anastasio

1949 4645 2392 4702 Bibliothecario.
2443 4643 2609 4708 Esto,
2660 4645 3035 4704 concedamus
3067 4647 3374 4701 barbariem
3410 4647 3532 4702 ubi-

1948 4756 2055 4810 que
2085 4739 2370 4794 redolere:
2397 4755 2526 4793 num
2559 4739 2746 4794 eadem
2777 4741 2843 4794 de
2878 4755 3046 4795 causa
3083 4739 3528 4809 antiquissimam

1951 4833 2135 4888 Irenaai
2210 4833 2715 4903 interpretationem
2782 4831 3078 4886 Anastasio
3153 4831 3532 4887 ascribemus?

1949 4921 2053 4978 Sed
2111 4921 2476 4996 Hieronymus
2536 4932 2767 4979 testatur
2813 4921 3091 4992 plerisque
3136 4922 3220 4978 sui
3263 4924 3532 4992 temporis

1949 5017 2158 5073 Latinis
2192 5015 2407 5072 Hermas
2444 5018 2700 5072 volumen
2736 5015 3014 5085 ignorari!
3063 5015 3204 5081 Quid
3248 5015 3421 5070 inde?
3463 5014 3533 5069 At

1946 5112 2120 5166 multo
2161 5120 2320 5165 antea
2361 5110 2504 5182 plebi
2555 5110 2830 5165 Africana:
2873 5109 3224 5164 notissimum
3277 5108 3527 5174 exstitit;

1951 5211 2140 5273 utpote
2171 5219 2235 5257 ex
2269 5203 2428 5272 cujus
2492 5203 2725 5257 lectione
2761 5217 2882 5256 mos
2922 5200 3226 5254 invaluerat
3254 5200 3531 5270 assignata

1945 5293 2189 5348 oratione
2239 5292 2511 5346 assidendi
2535 5333 2548 5358 ,
2585 5300 2646 5346 ut
2683 5292 2864 5346 verbis
2913 5299 3036 5343 utar
3073 5288 3418 5344 Tertulliani.
3462 5289 3531 5342 At

1946 5401 1975 5439 a
2004 5385 2210 5440 Latinis
2239 5384 2546 5446 catholicis,
2578 5396 2821 5452 tempore
2862 5381 3155 5453 Zephyrini
3189 5397 3253 5435 ac
3284 5380 3527 5449 ejusdem

1945 5473 2376 5540 Tertulliani,ad
2413 5475 2775 5546 jugulandam
2808 5472 3052 5529 Montani
3077 5472 3408 5542 impietatem
3434 5471 3532 5525 ad-

1945 5564 2255 5621 hibebatur.
2312 5566 2454 5621 Sane
2499 5573 2626 5621 ante
2667 5565 3020 5622 Anastasium
3058 5565 3126 5619 ab
3168 5563 3526 5634 Hieronymo,

1943 5653 2166 5724 Rufino,
2189 5657 2478 5724 Cassiano,
2504 5657 2743 5724 Gelasio,
2770 5657 2908 5712 Beda
2938 5665 2992 5711 et
3015 5654 3282 5711 Walfrido
3302 5653 3526 5718 Strabo,

1943 5748 2154 5807 Latinis
2202 5751 2592 5822 scriptoribus,
2639 5762 2996 5808 memoratur.
3047 5748 3128 5805 An
3175 5763 3400 5807 necesse
3443 5753 3528 5802 est
