4074 6154
460 322 565 380 863

1913 314 1970 366 S.
2011 309 2275 367 HERME

3622 302 3730 358 lilii

463 448 526 493 ut
548 449 742 492 omnes
777 434 867 490 isti
890 432 1081 492 Graec
1118 435 1376 508 legerint,
1403 444 1460 490 et
1496 449 1604 487 non
1631 447 1696 487 ex
1734 437 1927 486 nostro
1961 430 2045 484 in—
2074 438 2120 493 Α
2149 429 2350 499 quibus
2375 443 2508 483 usus
2538 426 2645 486 fui:
2678 435 2734 480 et
2771 424 2825 479 in
2868 424 3011 479 netis
3043 422 3460 493 marginalibus,
3491 436 3634 492 quas
3659 424 3729 477 ad

464 530 741 601 terprete!
775 527 1025 585 Transeo
1070 529 1281 599 reliqua
1320 526 1529 582 Barthii
1574 533 1892 589 momenta,
1926 524 2047 593 pul-

467 639 591 677 vere
624 631 895 691 ventoque
924 621 1154 688 leviora,
1185 630 1245 674 ut
1283 620 1538 673 ultimum
1586 617 1735 672 illius
1763 625 2044 686 peceatum

466 718 755 788 attingam.
778 716 833 771 lu
861 732 928 771 eo
956 724 1137 770 autem
1163 714 1436 777 consistit,
1463 712 1609 782 quod
1627 710 1822 765 Joanni
1842 707 2047 763 Tariuo

463 828 585 866 eam
609 810 815 881 afﬁngit
832 810 1165 880 opinionem,
1198 808 1264 861 de
1285 820 1393 877 qua
1419 805 1500 858 vir
1526 805 1614 858 ille
1636 800 2047 857 eruditissimus

465 906 588 959 οὐδὲ
621 909 739 959 κατ’
773 905 928 977 ὄναρ,
962 902 1119 974 quasi
1167 901 1231 956 ad
1263 898 1576 953 l’liilocalia:
1612 904 1777 967 caput
1811 895 2046 964 prinmm

470 998 670 1052 Rulino
704 997 1022 1067 ascripserit
1048 992 1289 1048 Pastoris
1313 992 1564 1046 Latinam
1611 987 2043 1043 translationem.

468 1090 580 1146 Nos
612 1101 671 1145 ut
699 1090 834 1143 nihil
867 1088 1001 1143 certi
1026 1087 1219 1141 afferre
1243 1099 1561 1155 possumus,
1599 1080 1673 1135 ita
1703 1077 2051 1147 suspicamur

468 1203 566 1259 per
599 1188 773 1256 prima
806 1184 1061 1239 Ecclesia:
1109 1190 1351 1249 tempora
1391 1176 1617 1231 Latinos
1658 1187 1766 1226 non
1803 1169 2051 1226 caruisse

468 1281 835 1336 laudatissimi
884 1278 1065 1348 operis
1106 1274 1362 1330 versione
1408 1286 1421 1321 :
1461 1284 1582 1322 eam
1635 1280 1765 1320 vero
1809 1264 1972 1318 aliam
2019 1277 2049 1316 a

471 1386 660 1432 nostra
697 1374 891 1439 fuisse,
918 1371 1051 1429 nihil
1089 1384 1190 1423 nos
1219 1361 1864 1436 cogitdicere.Ca:terum
1896 1364 2051 1409 aute-

469 1484 635 1541 quam
668 1482 890 1521 manum
924 1464 1054 1518 hinc
1087 1463 1297 1526 tollam,
1334 1459 1603 1513 monitum
1641 1462 1693 1507 te
1722 1452 1914 1516 velim,
1942 1447 2047 1501 Le-

466 1576 609 1629 ctor,
637 1572 691 1619 et
713 1562 951 1634 capitum
985 1558 1240 1613 lemmata
1270 1554 1462 1608 abesse
1502 1565 1533 1604 a
1564 1545 1846 1604 codicibus
1904 1556 2040 1596 mss.

2151 530 2358 578 textum
2401 519 2754 589 apponendas
2791 518 3001 584 curavi,
3033 519 3266 573 litteram
3315 516 3381 581 G,
3418 515 3741 585 signiﬁcare.

2151 631 2254 671 ms.
2295 614 2353 669 S.
2378 612 2659 678 Germani,
2691 612 2927 667 litteram
2956 610 3021 677 ν,
3053 627 3160 666 ms.
3191 609 3249 666 S.
3280 608 3543 674 Victoris;
3578 623 3732 663 mero

2151 716 2332 763 autem
2360 706 2645 771 asterisco,
2668 712 2795 761 ante
2825 714 2991 775 caput
3013 704 3046 758 8
3073 702 3314 758 Visionis
3339 701 3373 755 5
3409 701 3503 755 lib.
3529 716 3547 754 ι
3583 699 3729 756 indi.

2150 801 2263 856 cari
2294 810 2587 870 utrumque
2612 799 2879 865 codicem,
2915 807 3101 868 postea
3148 797 3326 853 solum
3358 794 3730 850 Victorinum.

2150 894 2388 962 Adjecta:
2433 902 2579 955 sunt,
2620 892 2674 945 in
2725 892 2825 946 hac
2870 892 3128 954 editione,
3172 890 3335 943 parite
3386 889 3639 943 lectiones
3666 903 3735 944 σε

2154 988 2373 1056 antiquo
2412 987 2590 1040 codice
2628 984 3043 1040 Carmelitarum
3088 982 3563 1047 Excalceatorum,
3606 980 3729 1035 sub.

2153 1078 2294 1132 urbii
2327 1078 2683 1140 Parisiensis;
2726 1093 2858 1146 quas
2897 1075 2966 1128 ad
3003 1074 3201 1128 calcem
3243 1074 3405 1129 totius
3447 1073 3732 1129 volumi..is

2150 1171 2319 1240 legere
2373 1169 2562 1224 licebat
2615 1169 2671 1221 in
2717 1166 2897 1222 Paris.
2944 1164 3094 1221 Edit.
3154 1166 3498 1220 Accesserant
3568 1166 3734 1218 etiam

2148 1281 2268 1335 qua:
2297 1308 2303 1321 .
2330 1264 2385 1317 in
2426 1263 2610 1330 inﬁma
2669 1260 2866 1330 pagina
2910 1258 3223 1314 Oxoniensis
3271 1255 3553 1321 editionis,
3601 1255 3734 1310 anni

2152 1354 2293 1409 1685
2326 1352 2593 1423 leguntur,
2640 1366 2707 1406 ea:
2745 1350 2901 1404 codd.
2939 1348 3250 1406 Bodleiance
3282 1358 3332 1402 et
3356 1346 3738 1404 Lambetltana

2153 1447 2608 1502 bibliothecarum.

479 1730 3716 1782 Μ

1275 1895 2047 2021 GALLANDH
2125 1874 2918 2004 PROOEMIUM

1657 2144 1800 2235 AD
1875 2143 1968 2231 S.
2044 2138 2204 2227 HE
2226 2132 2599 2225 RMAM.

893 2358 1172 2433 (Veterum
1207 2353 1433 2408 Patrum
1453 2344 1806 2406 Bibliotheca,
1844 2347 1883 2395 t.
1930 2335 1971 2403 l,
2001 2332 2267 2400 Venetiis,
2303 2329 2462 2397 1765,
2496 2327 2706 2397 in—fol.,
2737 2326 2975 2399 Proleg.,
3005 2304 3269 2399 p..xxvi.)

464 2520 598 2578 CAP.
642 2524 683 2579 l.
726 2522 859 2588 Quis
891 2524 1100 2591 cuiusve
1130 2524 1291 2591 fuerit
1327 2520 1574 2591 Hermas.
1630 2509 2042 2591 Distinguendus

2153 2501 2283 2555 dent
2309 2498 2538 2565 vestigia
2569 2496 2621 2551 in
2655 2496 2775 2567 ejus
2807 2512 2970 2568 opere
3000 2492 3207 2564 passim
3241 2488 3420 2544 obvia.
3456 2484 3592 2541 Nam
3618 2494 3731 2541 sta-

541 2576 651 2647 tum
671 2576 1332 2657 valTHermeJDnlinutim,
1357 2600 1414 2643 ut
1445 2590 1633 2657 fertur,
1657 2576 2047 2656 episcopatum

2153 2591 2250 2645 tim
2284 2591 2530 2645 abiuilio
2565 2590 2681 2644 haec
2708 2588 2959 2643 habet":
3006 2586 3110 2652 Qui
3131 2582 3452 2638 enutriverat
3481 2596 3580 2645 me,
3614 2594 3737 2632 ven-

540 2665 605 2718 ab
640 2663 884 2717 Hermete
917 2663 1163 2729 Pastore,
1191 2664 1280 2716 Pii
1319 2660 1348 2714 I
1380 2662 1564 2729 fratre.

540 2752 875 2807 Clementem
901 2751 1212 2806 Romanum
1233 2750 1438 2820 excipit
1467 2747 1718 2811 Hermas,
1744 2744 1826 2798 vir
1851 2753 1905 2797 et
1930 2742 2046 2810 ipse

468 2845 831 2914 apostolicus,
868 2859 974 2898 non
1006 2842 1170 2897 modo
1217 2841 1441 2895 Patrum
1473 2836 1863 2893 vetustissimis
1900 2835 2045 2889 cele-

470 2933 685 2996 bratus,
720 2949 908 2987 verum
935 2934 1103 2989 etiam
1136 2932 1204 2987 ab
1244 2932 1505 3001 Apostolo
1531 2931 1803 2987 salutatus
1834 2930 1899 2983 ad
1933 2927 2045 2982 Ro-

472 3039 669 3078 manos
697 3023 968 3079 scribente
996 3025 1036 3090 ³,
1063 3033 1357 3094 antequam
1385 3022 1615 3077 Romam
1656 3019 1860 3075 Paulus
1906 3021 2049 3089 ipse-

472 3124 585 3169 met
612 3116 935 3185 appulisset.
981 3114 1161 3171 Probe
1197 3126 1378 3170 autcm
1411 3114 1835 3185 distinguendus
1865 3119 2050 3165 noster

471 3202 702 3261 Hermas
734 3207 803 3261 ab
828 3205 1022 3261 Herme
1045 3224 1139 3262 seu
1176 3206 1442 3272 Hermete,
1467 3214 1633 3277 prout
1676 3220 1809 3261 sane
1839 3214 2053 3259 utrum-

469 3313 579 3367 que
600 3314 725 3353 curn
776 3296 1016 3353 neminis
1045 3299 1328 3365 varietate,
1371 3307 1487 3354 tum
1516 3308 1583 3352 re
1631 3298 1773 3367 ipsa,
1816 3294 2050 3350 Patroba

473 3389 776 3458 interjecto,
809 3390 1062 3445 distinxit
1093 3391 1235 3446 idem
1268 3391 1585 3461 Apostolus.
1615 3390 1897 3461 Siquidem
1931 3391 2052 3444 loco

470 3482 641 3537 citato
668 3500 682 3536 :
713 3480 979 3547 Salutate,
1013 3485 1214 3555 inquit,
1242 3485 1607 3555 Asyncritum,
1634 3480 1908 3547 Hermum,
1947 3479 2054 3535 Pa-

477 3576 703 3642 trobam,
728 3575 980 3643 Herniea,
1006 3588 1138 3645 etc.,
1168 3594 1406 3647 quorum
1445 3577 1554 3642 ille,
1583 3577 1627 3631 si
1653 3576 1784 3630 lides
1812 3574 2056 3630 Pseudo-

477 3667 756 3724 Dorotheo
781 3678 945 3739 atque
974 3667 1286 3741 Hippolyto,
1317 3667 1785 3738 Philippopoleos;
1815 3666 1903 3720 hic
1926 3663 2060 3719 vero

478 3759 759 3817 Dalmatiae
790 3764 1083 3833 episcopus
1109 3740 1280 3818 fuisse
1312 3764 1502 3818 fertur.
1533 3761 1753 3816 Potiore
1783 3761 1911 3815 item
1932 3740 2063 3830 jure

475 3855 849 3911 secernendus
893 3862 1124 3925 uterque
1171 3860 1240 3910 ab
1277 3853 1523 3909 Hermete
1579 3853 1843 3921 Pas-tore,
1890 3858 2055 3908 domo

476 3946 838 4017 Aquileiensi.
873 3949 1048 4002 sancti
1074 3946 1154 4001 Pii
1189 3945 1207 4000 l
1236 3946 1404 4002 fratre
1429 3987 1443 4011 ,
1489 3947 1592 4001 sub
1622 3946 1780 4016 cujus
1826 3945 2048 4016 poutili-
2084 3956 2127 4011 ι)
2176 3966 2179 3971 ι
2442 3978 2464 4012 ι
2496 4000 2507 4013 ,
2542 3997 2557 4012 ,
2593 3996 2607 4011 ,

477 4050 605 4097 catu
631 4051 849 4097 centum
874 4042 1043 4097 ferme
1063 4040 1425 4112 postPaulum
1442 4042 1599 4095 anuis
1625 4041 1822 4095 librum
1849 4039 1926 4093 De
1948 4037 2058 4092 Pa-

477 4134 661 4189 schate
697 4133 938 4203 scripsit,
972 4149 1121 4188 nunc
1144 4132 1510 4201 deperditum,
1541 4133 1622 4187 vel
1649 4132 1841 4186 saltem
1874 4132 2057 4186 hacte-

480 4243 587 4282 nus
614 4226 1035 4295 incompertum.
1074 4224 1147 4280 De
1173 4226 1256 4280 his
1286 4233 1465 4279 autem
1506 4225 1662 4294 plura
1694 4224 1899 4279 dudum
1931 4240 2060 4294 pro-

480 4321 725 4376 tulerunt
751 4319 854 4373 viri
881 4317 1262 4385 eruditissimi,
1288 4316 1556 4373 NOlll'l‘iUS
1586 4316 1628 4381 ⁸,
1648 4315 1987 4374 Fontaniuus
2010 4317 2053 4383 ⁸,

480 4413 713 4483 aliique;
743 4412 809 4467 ad
837 4428 977 4483 quos
1006 4413 1254 4482 proinde,
1294 4426 1363 4465 ne
1398 4410 1616 4481 longius
1638 4426 1804 4479 quam
1851 4426 1949 4480 par
1988 4411 2058 4464 sit

479 4513 739 4560 excurrat
769 4508 970 4571 oratio,
1003 4505 1234 4559 lectores
1263 4504 1613 4558 remittimus.
1640 4502 1861 4558 Interim
1902 4519 2054 4570 vero,

481 4609 726 4654 veterum
752 4598 1055 4670 praesertim
1086 4614 1151 4653 ac
1179 4597 1545 4652 recentiorum
1589 4598 1918 4667 scriptorum
1953 4613 2055 4651 au-

479 4693 734 4748 ctoritate
770 4692 944 4754 ducti,
971 4690 1185 4746 Henna:
1212 4706 1375 4761 quem
1416 4687 1621 4746 Paulus
1662 4692 1905 4761 proxime
1931 4702 2057 4745 ante

478 4783 774 4840 Patrobam
808 4784 1086 4847 salutavit,
1119 4798 1259 4852 opus
1287 4780 1486 4836 Pastor
1534 4783 1855 4854 inscriptum
1907 4802 2057 4840 assc-

477 4878 707 4935 rendum
740 4878 1157 4942 existimamus;
1203 4890 1269 4931 eo
1292 4874 1373 4927 vel
1408 4873 1646 4930 maxime
1689 4877 1834 4946 quod
1868 4886 2057 4931 auctor

481 4972 685 5042 ubique
717 4972 768 5025 iu
805 4972 925 5040 ipso
952 4968 1156 5032 libello,
1198 4965 1435 5034 Herm,
1471 4981 1583 5021 non
1629 4975 1810 5023 autem
1846 4966 2055 5023 Hermis

478 5072 574 5118 aut
601 5061 883 5125 Hermetis,
918 5077 1113 5115 nomen
1141 5067 1406 5115 assumat.

550 5155 770 5219 Italum,
800 5155 933 5223 quin
961 5152 1340 5208 etRomanum
1372 5151 1604 5209 fortasse
1630 5150 1802 5209 fuisse
1831 5153 2058 5223 scripto.

478 5246 714 5313 rem,vel
744 5246 936 5301 saltem
969 5246 1106 5301 inter
1129 5244 1353 5300 Latinos
1375 5246 1469 5300 diu
1494 5244 1717 5311 vixisse,
1746 5246 1900 5317 plura
1928 5264 2057 5301 sua-

552 5402 755 5460 'Rom.
790 5418 906 5467 xvr,
944 5401 1000 5457 ι.
1080 5399 1343 5463 ⁸Νοιιιτ.,
1375 5399 1575 5473 Appar.
1610 5398 1679 5451 ad
1698 5397 1825 5473 bibl.
1870 5397 2009 5473 PP"
2037 5407 2073 5452 ι(

2156 5439 2169 5452 .
2217 5400 2255 5463 l,
2285 5416 2409 5473 pag.
2438 5402 2509 5457 l9

1430 5471 1451 5501 °
1478 5469 1663 5542 Herm.
1696 5468 1851 5523 Past.
1884 5468 2177 5542 lib._i,‘vis.
2198 5488 2251 5542 Vl.
2275 5468 2391 5542 cap.
2420 5473 2471 5527 l.

478 5473 577 5546 lib.
606 5489 663 5539 ιι,
686 5492 809 5546 cap.
839 5476 927 5540 ll,
955 5489 1078 5546 pag.
1109 5473 1179 5546 64
1228 5489 1351 5546 seq.

2146 2685 2285 2737 didit
2310 2685 2595 2754 quamdam
2636 2683 2869 2752 puellam
2900 2683 3098 2736 Romoe.
3151 2677 3281 2731 Post
3322 2676 3515 2729 multos
3558 2670 3765 2726 autem‘

2148 2789 2313 2827 annos
2339 2775 2474 2827 hanc
2496 2775 2664 2827 visam
2698 2792 2790 2843 ego
2819 2773 3113 2843 recognovi,
3137 2780 3186 2825 et
3219 2772 3349 2839 ccepi
3370 2785 3487 2822 eam
3514 2766 3738 2835 diligere

2148 2873 2208 2919 ut
2240 2881 2493 2918 sororem.
2546 2863 2752 2918 Exacto
2811 2872 2989 2917 autem
3041 2872 3269 2930 tempore
3318 2858 3521 2928 aliquo,
3564 2857 3740 2910 lavari

2146 2956 2264 3009 eam
2293 2956 2347 3009 in
2380 2954 2600 3025 ﬂumine
2634 2954 2811 3008 Tiberi
2842 2955 2973 3020 ridi,
3010 2962 3116 3007 etc.
3146 2951 3343 3005 Itinera
3383 2963 3605 3020 quoque
3633 2964 3736 3002 sua

2150 3055 2207 3103 et
2232 3047 2547 3101 mansiones
2570 3046 2910 3110 describens,
2934 3045 3223 3097 (honorum
3252 3036 3499 3095 meminit
3521 3039 3541 3070 ⁷
3568 3055 3582 3105 ;
3614 3038 3742 3093 loco

2150 3138 2297 3194 enim
2335 3139 2501 3194 citato
2535 3154 2633 3209 pro
2658 3154 2775 3191 cum
2800 3138 2879 3190 his
2913 3135 3199 3205 legendum
3226 3132 3437 3197 Cumis,
3472 3130 3535 3185 cl.
3568 3128 3737 3183 Cote-

2152 3229 2322 3285 lerius
2356 3239 2504 3285 recte
2536 3229 2841 3299 conjecisse
2898 3228 3129 3282 videtur.
3185 3222 3430 3279 Meminit
3468 3223 3597 3276 item
3637 3220 3741 3275 vis

2152 3322 2443 3391 Campana
2469 3322 2515 3389 ⁸,
2562 3337 2664 3375 nec
2710 3336 2818 3374 non
2866 3318 3112 3374 Arcadia:
3149 3321 3203 3372 ἐ
3255 3316 3399 3371 unde
3438 3316 3529 3370 lux
3591 3313 3739 3369 haud

2154 3412 2368 3468 modica
2435 3412 2767 3481 conjectura:
2826 3421 3030 3465 nostra:
3080 3408 3331 3475 accedit;
3380 3408 3739 3475 eamdemque

2154 3502 2357 3573 pariter
2408 3501 2737 3555 conﬁrmare
2794 3502 3098 3571 putaverint
3146 3498 3415 3569 ejusmodi
3462 3497 3623 3551 verba
3656 3497 3739 3552 ὀε

2156 3592 2312 3657 Cum,
2346 3591 2546 3662 inquit,
2580 3589 2909 3643 ambularem
2943 3590 2999 3642 in
3024 3605 3231 3659 agrum,
3256 3598 3305 3642 et
3347 3587 3739 3641 considerarent

2156 3674 2359 3738 ulmum
2375 3693 2424 3738 et
2443 3682 2751 3738 vitem...l)e
2774 3684 2871 3736 hac
2894 3684 2995 3736 vite
3016 3692 3063 3736 et
3082 3683 3225 3735 ulmo
3242 3679 3553 3751 dispul0.Ad
3572 3694 3736 3749 quem

2158 3775 2371 3831 llerma:
2419 3777 2598 3832 locum
2657 3775 3047 3831 illustrandum
3096 3774 3343 3845 apposite
3396 3790 3426 3829 a
3463 3773 3739 3827 Cotelcrio

2159 3868 2402 3923 adhibita
2430 3867 2605 3922 Servii
2638 3868 2929 3936 explicatio
2955 3866 3230 3936 Virgiliani
3256 3864 3587 3920 hemistichii
3616 3852 3657 3895 ¹’¹
3684 3882 3698 3917 :

2638 3997 2653 4011 .
2700 3959 2958 4028 ulmisque
2986 3958 3271 4027 adjungere
3300 3958 3449 4010 vites.
3598 3946 3599 3949 H

2164 4070 2184 4104 ε
2227 4051 2543 4108 Secundum
2577 4051 2745 4106 italia:
2774 4051 2961 4117 situm,
2997 4050 3093 4114 ait,
3132 4050 3347 4103 loeutus
3376 4055 3493 4115 est;
3526 4047 3580 4101 in
3626 4064 3739 4119 qua

2156 4145 2297 4200 vites
2322 4145 2487 4201 altius
2516 4144 2819 4217 elevantur.
2854 4141 2944 4196 Sic
2976 4142 3105 4196 alibi
3136 4143 3211 4193 ηε

2234 4236 2357 4292 Νοιι
2392 4237 2573 4291 eadem
2602 4234 2879 4289 arboribus
2906 4235 3090 4304 pendet
3123 4234 3385 4287 vindemia
3418 4235 3636 4288 nostris.
3676 4250 3695 4286 ι

2157 4330 2369 4399 Quibus
2400 4330 2570 4385 addas
2625 4328 2861 4382 maxime
2885 4328 3066 4391 velim,
3109 4324 3363 4381 Hermann
3389 4324 3575 4381 Graece
3599 4329 3741 4381 scri-

2158 4424 2399 4487 bentem,
2422 4423 2489 4477 ad
2516 4421 2786 4492 jejunium
2816 4420 3201 4486 indicandum,
3236 4422 3510 4487 στάσεως,
3542 4421 3737 4474 statio-

2159 4516 2240 4568 nis
2273 4514 2598 4569 vocabulum
2629 4528 2781 4566 more
2803 4510 3125 4566 Latinorum
3155 4527 3453 4582 usurpasse
3482 4514 3559 4569 "z
3588 4516 3740 4583 quod

2158 4623 2224 4663 eo
2248 4607 2467 4677 quidem
2506 4621 2669 4660 sensu
2702 4603 2907 4659 Graecis
2939 4612 3214 4669 vocatum,
3266 4605 3519 4673 nuspiam
3566 4622 3624 4661 se
3658 4607 3738 4660 le-

2160 4701 2305 4772 gisse
2335 4699 2582 4753 meminit
2608 4697 2691 4750 vir
2722 4697 2972 4752 eruditus
3016 4696 3178 4751 modo
3231 4697 3503 4753 laudatus.
3548 4695 3739 4769 Neque

2158 4808 2291 4849 sane
2320 4793 2488 4846 ullum
2516 4791 2680 4859 hujus
2708 4790 2859 4845 vocis
2882 4790 3192 4860 exemplum
3225 4829 3241 4854 ,
3284 4790 3477 4845 eadem
3523 4792 3737 4864 signiﬁ-

2157 4886 2371 4941 catione
2407 4882 2550 4953 apud
2584 4881 2803 4939 Grrecos
2838 4892 3095 4952 acceptae,
3139 4882 3346 4952 profert
3389 4883 3632 4957 Cangius
3655 4885 3737 4953 “,

2159 4987 2337 5042 neque
2364 4972 2433 5026 ab
2458 4988 2524 5027 eo
2555 4972 2826 5027 excitatus
2853 4971 3107 5027 Petavius
3136 4974 3199 5026 ".

2229 5062 2499 5118 Caeterum
2524 5064 2746 5119 divitem
2775 5073 3033 5135 prmterea
3072 5065 3245 5120 fuisse
3273 5066 3574 5136 aliquando
3600 5066 3735 5123 Her-

2160 5172 2303 5210 mam
2339 5156 2402 5223 ",
2438 5172 2774 5227 uxoremque
2802 5157 3026 5212 duxisse
3054 5174 3120 5212 ex
3168 5174 3276 5228 qua
3308 5161 3450 5215 lilios
3478 5176 3737 5231 suscepe-

2160 5248 2228 5303 rit
2261 5249 2324 5314 ",
2360 5266 2482 5320 qua:
2514 5259 2692 5305 tamen
2727 5249 2829 5321 ipsi
2864 5251 3049 5321 futura
3071 5262 3185 5306 erat
3218 5270 3406 5320 soror;
3439 5254 3509 5309 ita
3544 5269 3742 5325 nempe

2550 5397 3069 5526 τῗῖἷθξιυεὲῈῖἶἸἻΓ
3094 5392 3291 5534 υξιξπ]
3325 5393 3514 5518 “'i‘i'd

478 5545 592 5616 vis.
613 5530 688 5610 .v’,
715 5530 837 5616 cap.
868 5530 927 5604 1.,
958 5530 993 5577 ’⁸
1018 5530 1094 5599 id.
1125 5530 1390 5616 ξιιιάηΑξῃΣ
1423 5540 1693 5616 simil._tx,
1724 5554 1842 5616 cap.
1875 5540 1927 5594 l.
1973 5530 2073 5616 “li

2156 5530 2289 5608 bid.,
2316 5530 2575 5616 simil._it.
2638 5542 2676 5616 ff
2698 5539 2845 5616 Virg.
2880 5539 3066 5616 Georg.
3110 5530 3203 5591 lib.
3238 5554 3278 5601 ι,
3310 5552 3465 5616 ιρι-ελ
3494 5535 3548 5587 2.
3594 5535 3638 5565 η
3654 5530 3740 5592 ιιι

484 5615 641 5679 ibid.,
677 5615 792 5671 lib.
816 5633 874 5677 ιι,
910 5631 1052 5671 vers.
1093 5616 1179 5671 89.

475 5685 698 5750 Στάσις.
779 5688 821 5719 ⁸³
844 5686 1029 5741 Petav.
1074 5687 1125 5741 iu
1156 5694 1269 5741 not.
1304 5683 1370 5737 ad
1414 5681 1705 5753 Epiphan.,
1737 5696 1864 5755 pag.
1906 5681 2030 5737 356.

486 5758 589 5812 vis.
622 5773 681 5823 ιι,
707 5774 827 5829 cap.
846 5758 880 5811 2
907 5766 961 5814 et
981 5757 1035 5812 3.

1287 5611 1535 5683 "Herm.
1565 5606 1720 5665 Pa'st.
1746 5606 1841 5666 lib.
1880 5610 2178 5683 libusimll.
2216 5606 2283 5677 v,
2309 5630 2429 5683 cap.
2479 5610 2527 5666 ιι

2115 5681 2353 5740 “Herm.
2379 5681 2571 5747 Ῥαδι..
2615 5682 2712 5739 lib.
2747 5698 2799 5749 ι,
2843 5682 2945 5736 vis.
2990 5697 3079 5746 ιιι,
3110 5695 3227 5749 cap.
3260 5681 3311 5734 ϋ.

2636 5612 2680 5644 ¹⁵
2707 5606 2912 5680 (laug.,
2956 5606 3196 5664 Glossar.
3237 5608 3371 5661 med.
3423 5606 3632 5668 (ima,
3680 5621 3741 5663 ν.

2639 5682 2712 5732 ib.
2747 5698 2799 5732 ι.
2843 5682 2945 5732 vis.
2990 5697 3079 5732 ιιι.
3110 5695 3227 5732 can.
3260 5681 3311 5732 li.
3396 5676 3531 5732 “Id.
3580 5676 3741 5732 ibist.
