4074 6154
354 296 460 354 με

1598 285 1895 343 PASTOR.
1939 314 2007 325 -—
2038 287 2407 346 PROCEMM.

3514 292 3619 351 836

353 432 514 475 soror
570 425 629 473 ut
649 431 680 470 a
708 415 815 471 tori
838 420 949 470 ‘uau
975 413 1293 483 dissociata,
1319 430 1430 469 non
1471 416 1709 485 amplius
1745 414 1933 469 uxoris
1960 416 2006 473 Δ
2039 416 2252 470 uaslani
2283 417 2460 487 pretio
2489 417 2560 476 cl.
2580 418 2860 474 editorem
2902 412 3094 470 audire
3120 411 3339 483 juverit'
3362 410 3430 465 ⁸³.
3458 429 3478 462 ι
3510 408 3624 466 Do-

356 526 586 569 munere
619 509 960 581 fungeretur,
998 517 1234 563 testatur
1281 508 1513 578 ipsemet
1552 516 1767 562 auctor.
1827 506 1934 562 Sed

330 604 504 674 quod
552 602 633 657 rei
675 608 841 671 caput
883 608 993 664 est,
1043 599 1303 656 Ecclesia
1346 599 1609 655 Romana
1655 602 1936 671 presbyter

354 706 476 752 erat
503 705 689 750 noster
712 692 963 756 Hermas,
993 706 1059 747 eo
1084 701 1328 761 tempore
1359 706 1473 761 quo
1502 706 1663 746 suum
1692 690 1934 745 Pastoris

354 803 497 858 opus
527 785 844 842 scribebat:
886 785 1033 853 quod
1051 783 1273 854 quidem
1297 784 1420 854 jure
1456 784 1746 851 collegisse
1787 785 1937 838 viole-

342 888 446 934 ‘tur
486 876 797 931 Dodwellus
830 875 848 909 ⁸
879 913 893 927 .
934 892 953 925 ι
981 873 1213 930 Jubetur
1243 874 1389 929 enim
1418 875 1570 944 ipse,
1614 874 1790 944 inquit
1852 874 1937 928 vir

355 970 603 1032 criticus,
641 968 751 1023 duo
775 965 1191 1023 Revelationum
1224 980 1451 1020 suarum
1476 964 1807 1034 exemplaria
1836 965 1934 1019 de;-

355 1063 600 1120 scribere
633 1060 710 1112 ":
754 1060 1022 1115 Clementi
1054 1060 1289 1115 alterum
1316 1058 1383 1113 ad
1432 1067 1652 1113 exteras
1684 1058 1935 1114 civitates

334 1153 843 1211 -transmitteudum
866 1168 882 1205 :
908 1152 1141 1206 alterum
1173 1150 1409 1221 Grapta,
1436 1151 1615 1207 viduis
1642 1150 1931 1221 legendum

358 1246 733 1316 orphanisque
787 1245 891 1299 sub
924 1245 1214 1299 viduarum
1246 1259 1377 1299 cura
1422 1242 1724 1299 institutis:
1770 1260 1932 1298 suum

358 1354 491 1395 vero
512 1338 733 1393 tertium
760 1336 1060 1405 exemplar,
1088 1334 1347 1391 Ecclesia
1389 1334 1653 1391 Romana
1703 1337 1936 1391 seniori-

360 1431 465 1487 bus
494 1444 590 1485 seu
635 1428 992 1499 presbyteris,
1020 1428 1197 1496 ipsum
1246 1428 1425 1499 legere
1461 1430 1748 1499 oportebat
1795 1428 1933 1484 Iler-

358 1536 526 1576 mam.
553 1519 711 1574 Sicut
737 1534 868 1587 ergo
895 1516 1198 1575 Clementis
1234 1518 1491 1575 Ecclesia
1522 1520 1782 1577 Romana
1820 1522 1937 1592 epi-

358 1613 512 1684 scopi
546 1628 751 1667 munus
779 1619 901 1666 erat
929 1612 997 1666 ad
1028 1612 1270 1684 reliquos
1314 1624 1626 1669 exterarum
1665 1614 1937 1671 Ecclesia-

357 1718 483 1757 rum
518 1702 809 1772 episcopos
834 1702 1082 1757 mittendi
1113 1702 1355 1757 libellum
1382 1721 1397 1769 ;
1425 1714 1481 1758 et
1502 1703 1718 1775 Grapta
1740 1705 1936 1771 vidua,

360 1794 570 1863 legendi
620 1794 845 1864 collegis
898 1792 1085 1847 viduis
1132 1803 1188 1849 et
1217 1795 1516 1865 orphanis:
1556 1797 1637 1852 sic
1663 1812 1796 1851 sane
1840 1798 1934 1867 qui

360 1884 618 1941 Ecclesia
657 1884 919 1941 Romana
968 1887 1302 1958 presbyteris
1350 1889 1768 1945 renuntiaturus
1818 1901 1938 1946 erat

361 1975 590 2033 Hermas
617 2012 634 2040 ,
688 1976 932 2046 ejusdem
971 1978 1175 2046 pariter
1229 1976 1489 2034 Ecclesia
1527 1981 1707 2049 ipsum
1768 1980 1938 2037 fuisse

363 2069 741 2139 presbyterum
793 2077 914 2123 erat
952 2079 1409 2126 consentaneum.
1445 2090 1465 2122 ι
1530 2071 1805 2129 Hactenus
1855 2074 1939 2129 vir

334 2190 339 2195 -
363 2162 455 2216 ille
475 2161 743 2217 eruditus.
762 2160 883 2215 Alia
908 2162 1132 2231 insuper
1154 2164 1418 2218 nonnulla
1435 2165 1502 2219 de
1525 2175 1712 2220 nostro
1739 2164 1939 2222 Henna

361 2255 521 2311 libuit
542 2258 803 2314 adnotare
831 2256 1140 2313 Mosbemio
1165 2259 1234 2324 ὀ,
1265 2274 1388 2331 qua
1413 2271 1597 2315 tamen
1640 2261 1784 2317 haud
1824 2277 1940 2317 ma-

361 2348 451 2417 gni
478 2348 645 2404 refert
675 2364 984 2406 recensere.

358 2482 488 2567 Cn.
529 2481 595 2567 Il.
640 2485 1042 2567 Opas/(emta,
1067 2453 1283 2547 Pss'ron
1306 2491 1639 2567 inscriptum.
1672 2491 1750 2548 De
1790 2492 1944 2551 Grc-

433 2557 511 2609 cis
542 2557 657 2626 ejus
694 2557 930 2626 laciniis,
963 2557 1127 2632 deque
1152 2572 1318 2617 vetere
1346 2557 1544 2617 Latina
1574 2567 1833 2619 versione.

434 2647 571 2703 Illud
595 2651 776 2720 potius
798 2660 988 2707 notatu
1013 2653 1236 2725 dignum
1255 2656 1517 2722 occurrit,
1543 2658 1691 2727 quod
1717 2656 1945 2716 Hermas

362 2739 421 2793 in
445 2740 561 2797 suis
594 2742 900 2799 visionibus
932 2742 1310 2799 describendis
1349 2743 1674 2800 Zachariam
1709 2748 1946 2818 propbe-
2030 2760 2033 2763 ‘

364 2845 476 2891 tam
506 2835 754 2891 imitatus
781 2836 1065 2905 videatur;
1091 2838 1223 2909 quin
1249 2846 1304 2893 et
1335 2857 1353 2890 ι
1382 2854 1523 2908 opus
1546 2855 1707 2894 suum
1735 2855 1801 2895 eo
1834 2850 1945 2897 tam

362 2925 629 2996 singulari
657 2918 916 2983 exarasse
945 2928 1087 2999 stylo
1107 2929 1476 2995 existimatur,
1509 2931 1657 3001 quod
1689 2931 1847 2988 illum
1875 2933 1946 2990 ad

366 3017 685 3074 alliciendos
714 3020 1126 3091 movendosque
1153 3022 1439 3075 hominum
1490 3023 1730 3092 animos,
1779 3034 1947 3097 atque

2036 510 2232 572 ctrina,
2260 509 2459 580 inquit,
2485 511 2555 563 ad
2580 510 2902 564 Antiochum
2933 508 3141 571 ducem,
3172 504 3335 559 otiosi
3380 502 3624 559 hominis

2036 608 2435 668 commentum,
2474 616 2542 657 eo
2594 612 2779 656 tamen
2833 599 3056 684 nomine
3099 597 3337 667 pretiosa
3374 603 3431 650 et
3469 607 3623 649 com-

2022 693 2346 748 mendanda
2400 704 2505 759 est,
2547 695 2693 765 quod
2738 708 2993 764 magnam
3035 690 3158 746 libri
3201 689 3443 743 Pastoris
3495 702 3628 758 pan-

2036 792 2170 848 tem,
2214 784 2375 854 cujus
2420 784 2608 841 Graca
2652 784 2863 855 jamdiu
2914 783 3192 847 interiere,
3237 781 3425 836 Graec
3463 779 3622 835 nobis

2035 877 2327 946 exhibeat;
2357 879 2662 949 etquidem
2693 879 2767 932 ita
2800 892 3020 947 puram,
3060 876 3135 929 ita
3168 873 3379 928 Latinis
3412 873 3626 927 Hermia

2036 968 2284 1024 Pastoris
2316 984 2639 1036 consonam,
2678 980 2741 1025 ut
2779 970 2843 1025 ad
2881 970 3106 1024 verbum
3134 983 3197 1022 ex
3237 982 3304 1021 eo
3348 975 3406 1021 ut
3449 967 3623 1036 pluri-

2020 1071 2189 1115 mum
2213 1063 2546 1132 descriptam
2583 1078 2709 1117 esse
2738 1062 3097 1132 conspicuum
3134 1059 3225 1115 sit.
3254 1056 3442 1112 Primo
3466 1072 3624 1111 nam—

2035 1168 2144 1223 que
2199 1154 2433 1223 scriptor
2495 1153 2599 1208 iste
2659 1154 2993 1208 Antiochum
3059 1151 3219 1204 nobis
3270 1156 3621 1219 reprasentat

2037 1247 2333 1301 adeuntem
2396 1246 2456 1301 S.
2511 1247 2907 1312 Athanasium,
2965 1243 3303 1299 inﬁrmitatis
3351 1255 3626 1310 corporea

2036 1352 2236 1405 causa;
2267 1346 2326 1392 ut
2372 1354 2481 1393 una
2524 1339 2783 1408 precibus
2812 1339 2930 1393 suis
2955 1337 3097 1391 levet
3133 1332 3537 1404 agritudinem,
3572 1338 3626 1384 ct

2038 1426 2265 1481 monitis
2297 1428 2441 1481 viam
2480 1437 2637 1497 paret
2672 1426 2741 1481 ad
2776 1426 3179 1497 panitentiam.
3215 1422 3353 1478 Huic
3382 1412 3628 1476 Athana—

2038 1519 2157 1574 sius
2206 1518 2427 1573 sanitati
2476 1519 2755 1584 restituto,
2806 1518 3100 1574 duodecim
3145 1516 3398 1572 Mandata
3432 1514 3631 1585 tradit,

2036 1624 2161 1681 qua
2187 1610 2324 1665 nihil
2371 1611 2519 1666 aliud
2553 1620 2685 1666 sunt
2724 1627 2890 1682 quam
2941 1610 3232 1666 duodecim
3276 1609 3367 1663 illa
3414 1606 3632 1662 Hermae

2040 1701 2285 1757 Pastoris
2320 1701 2605 1769 Mandata,
2657 1702 2859 1773 quibus
2885 1711 3104 1757 constat
3150 1700 3289 1755 liber
3325 1698 3629 1763 secundus,

2039 1793 2114 1849 ita
2145 1802 2325 1848 tamen
2364 1802 2424 1848 ut
2454 1809 2561 1850 non
2611 1794 2819 1864 integra
2862 1808 3111 1863 semper,
3154 1792 3248 1847 sed
3297 1790 3628 1861 quibusdam

2040 1886 2311 1956 ademptis
2347 1885 2557 1939 atl'erat.
2592 1883 2797 1940 Deinde
2826 1885 2997 1939 multa
3031 1885 3137 1938 alia
3169 1899 3233 1938 ex
3265 1883 3459 1938 eodem
3485 1882 3631 1937 libro

2042 1978 2172 2033 hinc
2200 1977 2326 2032 inde
2346 1989 2715 2043 consuuntur,
2740 1994 2805 2033 ac
2835 1988 3114 2048 postremo
3147 1991 3399 2046 magnam
3421 1984 3477 2030 et
3502 1990 3632 2045 pro-

2040 2070 2209 2126 lixam
2271 2080 2459 2124 narrat
2518 2069 2774 2124 Antiochi
2829 2070 3121 2133 visionem,
3172 2082 3339 2138 quam
3387 2066 3515 2122 item
3558 2081 3631 2122 ex

2042 2164 2206 2218 tertio
2235 2161 2479 2217 Pastoris
2511 2162 2651 2216 libro
2690 2171 2975 2216 mutuatus
3006 2170 3111 2215 est.
3147 2159 3263 2215 Hoc
3283 2160 3469 2230 itaque
3490 2174 3629 2229 opu-

2043 2256 2256 2311 sculum
2288 2255 2416 2310 licet
2446 2255 2620 2324 prima
2652 2252 2833 2308 fronte
2874 2253 3027 2308 ﬂocci
3059 2253 3281 2323 quidem
3316 2251 3628 2307 iaciendum

2030 2351 2318 2415 'videatur,
2352 2348 2580 2403 maximi
2607 2359 2789 2402 tamen
2812 2356 2898 2402 est
2926 2347 3226 2412 momenti;
3268 2346 3471 2416 quippe
3501 2361 3628 2399 cum

2043 2443 2170 2498 libri
2200 2442 2347 2497 illius
2379 2440 2754 2510 apostolorum
2785 2454 2901 2494 avo
2937 2438 3090 2503 editi,
3113 2449 3166 2493 et
3195 2453 3226 2493 a
3259 2446 3341 2492 tot
3375 2436 3631 2493 Patribus

2045 2550 2150 2591 nec
2200 2535 2320 2590 sine
2375 2534 2535 2588 laude
2582 2532 2892 2595 memorati,
2934 2531 3107 2586 multa
3138 2540 3192 2585 et
3220 2530 3431 2601 prolixa
3468 2531 3632 2586 nobis

2046 2626 2347 2698 fragmenta
2378 2625 2706 2696 suppeditet.
2749 2643 2770 2676 ι
2800 2622 3076 2679 Hactenus
3112 2621 3179 2677 ν.
3199 2622 3264 2678 C.

2118 2719 2386 2786 Quamvis
2412 2732 2543 2773 vero
2575 2725 2757 2772 textus
2781 2715 2995 2771 Herma
3021 2716 3247 2781 Gracus
3270 2714 3630 2778 interciderit,

2050 2809 2259 2881 integra
2301 2818 2485 2864 tamen
2534 2817 2715 2863 exstat
2771 2808 3148 2878 interpretatio
3205 2806 3422 2873 Latina,
3471 2807 3634 2877 cujus

2050 2911 2244 2957 auctor
2288 2902 2511 2972 penitus
2560 2900 2957 2971 incompertus.
2990 2898 3096 2954 Sed
3129 2898 3385 2969 quisquis
3409 2898 3633 2953 demum

2050 2994 2141 3049 ille
2182 2991 2379 3058 fuerit,
2441 2994 2561 3063 ejus
2606 3005 2791 3047 tamen
2837 2992 3148 3047 versionem
3200 2991 3633 3046 vetustissimam

366 3108 435 3163 ad
463 3110 779 3165 tradendam
812 3083 1122 3165 doctrinam
1160 3127 1315 3167 suam
1356 3083 1801 3183 aptissimnm'et
1836 3083 1950 3173 ἑω-
1975 3100 2019 3162 C
2214 3095 2450 3183 conﬁt?"
2491 3095 2704 3183 _“‘P9‘_°_
2730 3100 2851 3155 qum
2893 3083 3216 3183 “(minam
3258 3094 3417 3183 mat?
3461 3084 3636 3183 Ms”

367 3202 726 3257 cacisslmum
753 3203 1051 3273 judicaret,
1095 3222 1113 3255 i
1149 3213 1208 3258 ut
1260 3206 1485 3276 conjicit
1532 3207 1616 3261 vir
1645 3207 1845 3264 doetus
1878 3211 1947 3268 ²¹.

366 3293 540 3348 Aliter
572 3303 751 3350 tamen
779 3295 957 3350 visum
976 3296 1190 3351 erudito
1223 3294 1502 3354 Dodwello
1516 3301 1581 3354 ¹².
1614 3284 1747 3371 Ejus
1763 3312 1947 3358 autem

366 3385 506 3440 liber
542 3374 786 3457 antiquis
832 3386 1087 3444 Patribus
1142 3389 1256 3445 sive
1289 3388 1496 3447 Gracis
1552 3392 1667 3449 sive
1711 3392 1946 3461 Latinis,

367 3477 566 3533 Pastor
599 3490 694 3535 aut
721 3480 854 3534 liber
877 3479 1123 3536 Pastoris
1157 3483 1362 3551 passim
1405 3481 1755 3555 appellatur;
1798 3489 1950 3545 inde-

365 3587 473 3643 que
504 3572 742 3628 fortassc
766 3573 1009 3637 derivata
1038 3573 1413 3630 deuominatio
1436 3577 1776 3654 hujusmodi,
1799 3583 1947 3652 quod

368 3665 424 3719 in
461 3672 577 3720 toto
604 3665 775 3720 ferme
802 3682 967 3737 opere
996 3662 1191 3721 Pastor
1214 3668 1493 3723 inducitur
1528 3668 1783 3727 liermam
1808 3675 1949 3731 allo-

366 3773 543 3827 quens
576 3766 631 3812 et
677 3757 1001 3813 informans.
1032 3756 1189 3813 Nunc
1218 3774 1350 3814 vero
1377 3761 1556 3817 tribus
1591 3763 1951 3836 distinguitur

366 3851 547 3916 libris,
577 3868 815 3922 quorum
841 3854 1053 3924 primus
1098 3850 1339 3909 Visiones
1374 3871 1451 3920 iv,
1482 3859 1758 3915 secundus
1784 3859 1950 3915 Man-

336 3936 633 4013 ‘data'xn,
658 3946 850 4002 tertius
885 3944 1278 4001 Similitudines
1305 3964 1339 4002 x
1375 3950 1777 4020 complectitur.
1825 3952 1951 4010 Hac

332 4040 335 4043 ’
368 4048 550 4094 tamen
581 4040 782 4096 divisio
814 4041 1219 4111 posterioribus
1242 4042 1546 4100 editoribus
1587 4047 1946 4116 ascribcnda;

369 4131 642 4201 siquidem
681 4132 828 4186 illam
869 4146 1048 4201 neque
1098 4146 1232 4187 mss.
1273 4135 1826 4209 exemplaria,neque
1856 4155 1950 4194 ve—

368 4223 499 4277 tusti
532 4224 826 4295 scriptores
849 4232 1199 4294 agnoscunt;
1231 4225 1363 4294 quin
1389 4234 1444 4281 et
1480 4245 1510 4281 a
1547 4228 1829 4285 codicibus
1853 4230 1949 4300 qui

370 4326 631 4389 superant
652 4319 844 4374 abesse
865 4318 1107 4388 capitum
1127 4318 1406 4385 lemmata,
1424 4319 1731 4377 Cotelerius
1747 4322 1950 4393 aliique

368 4410 749 4468 observarunt.

2051 3176 2269 3231 videtur
2294 3174 2555 3233 Ecclesia
2591 3175 2864 3230 Africana
2893 3176 3217 3243 notissima;
3258 3176 3407 3245 quod
3442 3177 3636 3245 utique

2052 3278 2238 3339 aperte
2268 3268 2545 3337 colligitur
2565 3284 2633 3322 ex
2658 3269 2779 3336 ejus
2808 3268 2950 3322 libro
2984 3267 3059 3322 De
3079 3270 3341 3336 oratione,
3374 3270 3515 3323 unde
3558 3270 3634 3324 lo-

2050 3374 2177 3415 cum
2219 3358 2571 3427 desumptum
2628 3358 2771 3411 inter
2818 3365 3061 3411 veterum
3099 3358 3410 3413 testimonia
3442 3360 3634 3414 retuli-

2051 3468 2195 3509 mus.
2229 3449 2421 3505 Merito
2454 3452 2619 3521 igitur
2661 3466 2692 3505 a
2724 3450 2857 3504 viris
2898 3450 3129 3505 eruditis
3172 3453 3395 3521 explosa
3421 3451 3632 3508 Barthii

2052 3545 2344 3610 sententia,
2374 3543 2617 3597 Pastoris
2660 3541 2964 3597 versionem
2993 3544 3287 3599 Anastasio
3332 3542 3633 3599 Bibliothe-

2052 3638 2202 3692 cario
2231 3637 2555 3691 ascribentis
2579 3636 2624 3666 ³⁸
2650 3652 2665 3690 :
2699 3648 2822 3704 qua
2848 3633 3059 3688 scilicet
3092 3634 3251 3705 longe
3277 3644 3403 3690 ante
3437 3634 3631 3690 Hiero-

2052 3746 2240 3800 nymo,
2288 3728 2508 3793 Rutino,
2555 3722 2825 3783 Cassiano
2866 3726 3100 3797 aliisque
3144 3727 3442 3784 Anastasio
3487 3728 3635 3784 anti-

2051 3823 2345 3892 quioribus
2402 3821 2659 3877 Patribus
2713 3829 2999 3890 comperta
3051 3820 3223 3875 fuisse
3281 3821 3631 3891 perhibetur;

2052 3925 2269 3981 quaque
2316 3910 2541 3981 insuper
2589 3926 2722 3965 usus
2766 3911 3099 3981 comperitur
3140 3921 3392 3967 vetustus
3438 3921 3632 3968 auctor

2053 4003 2293 4058 bomilia
2350 4003 2429 4057 De
2466 4004 2796 4059 aleatoribus
2844 4006 2986 4059 inter
3021 4020 3185 4074 opera
3237 4003 3529 4075 Cypriani,
3574 4016 3632 4061 ut

2052 4096 2192 4151 alios
2236 4105 2645 4166 praetereamus.
2691 4097 2823 4164 Qua
2866 4112 2997 4151 vero
3049 4097 3233 4151 subdit
3259 4098 3402 4153 idem
3431 4114 3633 4154 censor

2051 4189 2119 4243 de
2166 4188 2269 4241 hac
2323 4188 2549 4258 antiqua
2604 4191 2857 4243 versione
2899 4189 3101 4259 quibus
3139 4189 3287 4243 illam
3325 4191 3631 4261 deprimere

2051 4289 2307 4346 conatur,
2351 4279 2571 4337 levioris
2608 4291 2738 4337 sunt
2778 4280 3041 4336 momenti
3074 4296 3238 4352 quam
3272 4292 3331 4337 ut
3359 4282 3415 4338 in
3444 4282 3514 4338 iis
3540 4300 3629 4338 re-

2054 4374 2301 4429 l'ellendis
2323 4383 2537 4445 tempus
2560 4376 2925 4430 insumamus.

442 4502 558 4561 Hoc
588 4514 769 4561 autem
801 4520 940 4576 opus
970 4504 1156 4561 Grace
1200 4506 1439 4577 primum
1489 4507 1659 4562 fuisse
1686 4508 1949 4578 scriptum
1986 4461 2030 4516 D
2054 4485 3045 4578 CA3:ill-Agraria?!,tzretigﬁryé_
3065 4487 3630 4578 Ρξιξξξξξιίῖςξξιειξξξί·

371 4612 535 4651 nemo
583 4600 761 4674 nescit
814 4616 828 4652 :
869 4598 1162 4653 dolendum
1199 4608 1382 4654 tamen
1412 4599 1560 4670 quod
1598 4608 1775 4656 textus
1810 4600 1955 4671 jam-

334 4684 339 4689 ’
370 4691 574 4745 dudum
606 4699 911 4761 temporum
940 4691 1140 4761 injuria
1174 4692 1254 4747 sic
1279 4692 1564 4758 exciderit,
1601 4700 1661 4745 ut
1692 4694 1953 4749 nonnulla

374 4792 583 4838 tantum
618 4784 736 4839 loca
792 4785 1093 4854 supersint,
1138 4787 1499 4843 vetustiorum
1546 4784 1769 4840 Patrum
1801 4785 1947 4841 Gra-

332 4868 562 4931 'corum
594 4877 852 4947 operibus
897 4878 1126 4933 intexta.
1178 4876 1394 4943 Quibus
1447 4877 1667 4947 quidem
1710 4877 1949 4944 laciniis,

370 4967 429 5023 in
468 4968 661 5038 primis
701 4984 829 5023 vero
875 4967 1196 5039 fragmentis
1234 4969 1300 5023 iis
1332 4986 1454 5038 qua
1488 4970 1624 5025 satis
1660 4970 1829 5025 multa
1854 4986 1951 5026 oc-

368 5068 604 5116 currunt
660 5060 715 5114 in
768 5060 1024 5115 Doctrina
1072 5063 1141 5114 ad
1190 5061 1509 5116 Antiochum
1551 5062 1757 5129 ducem,
1807 5064 1951 5117 inter

370 5150 662 5206 Athanasii
693 5154 1036 5222 supposititia
1084 5153 1322 5224 primum
1358 5168 1389 5206 a
1428 5151 1747 5207 doctissimo
1774 5152 1952 5209 Mem-

370 5242 630 5300 fauconio
656 5245 927 5315 evulgata,
956 5246 1169 5317 jactura
1185 5243 1501 5316 bujusmodi
1527 5252 1806 5314 utcunque
1831 5258 1950 5299 sar-

332 5324 472 5396 riri
522 5347 717 5409 potest.
771 5337 973 5393 Verum
1017 5339 1085 5392 de
1118 5337 1280 5407 hujus
1319 5334 1509 5407 operis
1534 5334 1952 5407 pseudo-Atha-

2120 4574 2234 4611 mos
2265 4559 2526 4612 habitum.
2576 4557 2740 4612 Valde
2772 4557 2917 4613 utile
2923 4560 3047 4627 jure
3071 4560 3455 4613 existimatum.
3492 4558 3634 4614 Hinc

2127 4629 2388 4698 immerito
2436 4646 2467 4680 a
2511 4629 2778 4682 nonnullis
2824 4630 3151 4698 reprobatur.
3211 4628 3502 4683 Solvuntur
3534 4632 3635 4683 ali-

2124 4697 2609 4779 quotobjectiones,
2649 4701 2714 4751 ab
2739 4697 3076 4769 antiquorum
3122 4698 3348 4753 Patrum
3396 4702 3632 4754 auctori-

2127 4778 2235 4823 tate
2257 4777 2456 4838 petita.

2123 4859 2343 4917 Patrum
2375 4860 2799 4931 antiquissimis,
2825 4861 3030 4917 Gracis
3066 4862 3117 4915 in
3151 4861 3364 4931 primis,
3395 4872 3547 4917 tanto
3574 4863 3628 4918 in

2054 4962 2231 5031 pretio
2282 4959 2384 5015 fuit
2429 4956 2640 5014 Herma
2689 4955 2905 5020 Pastor,
2956 4963 3278 5024 tantumque
3310 4954 3450 5021 apud
3481 4955 3631 5025 ipsos

2054 5054 2379 5109 auctoritate
2418 5053 2609 5119 valuit,
2644 5060 2704 5105 ut
2735 5051 2804 5105 ab
2843 5064 3033 5105 eorum
3082 5049 3380 5111 nonnullis,
3414 5060 3471 5101 nt
3501 5059 3630 5118 puta

2058 5144 2282 5214 lrenao,
2319 5146 2599 5201 Clemente
2650 5142 3021 5197 Alexandrino
3066 5150 3232 5210 atque
3277 5138 3513 5212 Origene
3558 5141 3627 5201 ⁸⁵.

2056 5240 2223 5296 fuerit
2254 5242 2395 5295 inter
2421 5237 2716 5294 canonicas
2746 5236 3061 5304 Scripturas
3086 5234 3389 5289 recensitus
3426 5250 3439 5287 :
3466 5232 3632 5287 adco-

2059 5348 2167 5403 que
2191 5332 2327 5387 nihil
2355 5331 2577 5394 mirum,
2617 5329 2664 5383 si
2700 5343 2839 5398 opus
2867 5325 2999 5380 illud
3058 5326 3113 5379 in
3159 5325 3403 5395 antiquis
3431 5324 3630 5379 biblio-

446 5477 491 5510 ¹⁸
517 5476 706 5533 Dodw.
741 5476 796 5530 in
840 5477 1011 5532 addit.
1033 5474 1099 5530 ad
1135 5474 1323 5544 Pears.
1345 5475 1502 5544 Opp:
1532 5480 1672 5543 post.
1705 5487 1828 5544 pag.
1864 5471 1988 5544 [96.
2013 5481 2071 5526 et
2095 5472 2151 5525 in
2179 5470 2410 5544 Dissert.
2443 5468 2610 5544 sing_._,_
2638 5466 2947 5544 ibia._,.pag.
2981 5464 3102 5544 1‘58.
3184 5465 3227 5495 ¹⁹
3247 5462 3435 5544 Herm.
3469 5462 3620 5544 Ifaﬁt.

371 5548 465 5604 lib.
506 5563 557 5618 ιγ,
589 5547 692 5603 vis.
732 5562 939 5618 tt._cap.
971 5550 1027 5618 Δί
1098 5547 1148 5618 _"
1169 5542 1443 5618 Hosbeni.
1472 5542 1659 5618 Instit:

372 5630 510 5673 tom.
532 5611 572 5681 l,
621 5634 744 5686 pag.
768 5615 856 5671 57.
887 5611 904 5618 ’
937 5620 982 5650 ³⁸
1000 5615 1185 5669 Dodvv.
1218 5616 1439 5670 Dissert.
1465 5631 1503 5670 ll
1532 5616 1589 5668 in
1628 5611 1795 5686 Ire},

1830 5610 1989 5683 51m,
2042 5629 2094 5682 p.
2134 5608 2363 5683 iamet;
2385 5612 2438 5663 in
2462 5609 2648 5683 addit.
2688 5608 3004 5683 aduPears.

1750 5533 1840 5597 iit.
1875 5540 2078 5596 Christ.
2117 5542 2461 5610 major..pag.
2505 5533 2634 5610 2'25.
2711 5533 3180 5610 'fNourrAppar.
3212 5535 3281 5589 ad
3304 5533 3444 5587 Bibl.
3487 5533 3626 5610 l_’P_.,

3092 5621 3181 5675 pp.
3210 5615 3376 5673 post.,
3404 5620 3457 5674 p.
3497 5604 3626 5659 197.

370 5689 419 5722 ³³
456 5675 647 5745 ﬂanti.
677 5675 882 5742 Kthau.
929 5686 1065 5756 Opp.
1117 5694 1251 5756 tom.
1300 5686 1365 5745 ll.
1427 5703 1481 5755 p.
1513 5686 1651 5749 251.
1701 5675 1925 5747 Ionii”

2044 5675 2183 5735 'lll.
2244 5675 2308 5715 ³³
2330 5679 2521 5735 Barth.
2553 5690 2648 5733 uot
2687 5680 2739 5734 in
2781 5678 2966 5735 Herm.
2992 5691 3115 5749 pag.
3147 5675 3271 5732 855.
3352 5676 3398 5708 "
3422 5675 3628 5731 videsis

318 5830 323 5835 δ
372 5757 556 5813 Veter.
588 5760 865 5813 testimon.
908 5755 1122 5811 Henna
1148 5755 1359 5821 Pastori
1387 5759 1690 5829 ptatnissa.
