4010 6150
589 268 691 326 εω

594 403 716 444 rum
771 387 1055 444 codicibus
1109 397 1274 459 atque
1339 391 1394 446 in
1449 398 1696 448 veterum
1750 391 2177 460 Stichomctriis,

593 481 729 537 Novi
773 479 1021 537 Fmderis
1073 482 1230 538 libris
1269 484 1580 554 subjectum
1639 487 1961 556 reperiatur.
2009 486 2183 541 Atha-

592 572 784 628 nasius
826 588 978 635 vero,
1039 570 1407 660 Hieronymus
1439 589 1505 628 ac
1548 571 1780 629 Ruﬁnus
1820 575 2072 629 eumdem
2109 576 2182 630 lo-

589 678 719 719 cum
773 663 876 734 ipsi
932 663 1262 730 attribuunt,
1316 679 1480 732 quem
1532 659 1828 732 Sapientia:
1870 661 2180 721 Salomonis

593 755 817 811 nomine
862 753 1158 823 inscriptae,
1192 763 1248 808 et
1301 751 1594 824 Sapientiae
1653 753 1865 820 Rirach,
1920 771 2021 811 uec
2069 771 2179 811 non

593 844 751 900 libris
784 842 1002 907 Esther,
1031 842 1245 907 Judith,
1278 841 1466 899 Tobiae
1512 850 1679 914 atque
1737 841 2176 899 Machabaeorum

591 936 894 1007 assignant.
933 932 1055 988 Uno
1089 935 1277 1000 verbo,
1331 933 1546 991 Hermae
1579 934 1780 989 Pastor
1812 935 2042 992 vetustis
2075 935 2179 992 Pa—

591 1029 767 1084 tribus
828 1027 1031 1095 passim
1095 1026 1336 1090 habitus,
1403 1043 1512 1081 non
1564 1027 1789 1098 quidem
1821 1028 1991 1084 veluti
2041 1029 2179 1085 liber

591 1121 914 1183 cauonicus,
941 1120 1034 1175 sed
1060 1120 1228 1175 veluti
1251 1120 1662 1176 ecclesiasticus
1692 1131 1747 1176 et
1767 1123 1990 1192 optimae
2012 1131 2173 1182 notae.

588 1216 724 1285 quin
757 1223 812 1270 et
851 1215 1080 1269 maxime
1109 1214 1435 1270 necessarius
1469 1229 1536 1269 ac
1569 1213 1909 1281 utilissimus,
1941 1214 2011 1270 ad
2053 1213 2176 1269 ﬁdei

588 1307 844 1377 dogmata
883 1306 1279 1377 pr0puguauda
1309 1313 1665 1374 comparatus
1690 1347 1703 1371 ,
1739 1315 1905 1375 atque
1947 1305 2016 1360 ad
2062 1306 2176 1375 ple—

587 1399 673 1453 bis
708 1399 1108 1453 institutionem
1147 1398 1557 1467 quatnmaxime
1590 1398 1839 1453 idoneus.

658 1490 884 1556 Verum,
949 1491 996 1548 si
1049 1491 1317 1560 quosdam
1374 1490 1588 1557 audias,
1642 1488 2072 1544 Novatianorum
2122 1499 2176 1545 et

585 1581 1011 1652 Pelagianorum
1064 1581 1188 1637 lous
1241 1583 1308 1648 ³⁸,
1360 1580 1879 1638 Montanisticarum
1915 1581 2177 1652 supersti-

587 1676 797 1738 tionum
825 1689 1021 1746 gurges
1052 1672 1340 1745 fautorque
1365 1675 1694 1729 Arianorum
1730 1673 2016 1754 habendus
2035 1672 2173 1728 ﬂer-

584 1784 706 1824 mas
759 1787 774 1824 :
828 1769 1081 1838 impurus
1125 1768 1350 1838 insuper
1390 1767 1770 1838 dogmatistes,
1817 1765 1911 1836 qui
1965 1767 2176 1822 scilicet

585 1863 816 1921 liberum
865 1861 1156 1916 arbitrium
1199 1862 1268 1926 ’⁷,
1318 1860 1696 1932 ptrrgatorium
1725 1869 1780 1914 et
1808 1861 2171 1916 monasticam

583 1957 932 2012 solitudinem
964 1963 1177 2011 astruat
1209 1973 1222 2010 :
1257 1955 1496 2024 denique
1527 1962 1793 2023 tanquam
1825 1952 2019 2008 larvati
2054 1967 2176 2023 pro-

583 2049 763 2118 phetae
818 2048 1056 2116 somnia,
1113 2048 1233 2118 ejus
1287 2047 1492 2117 scripta
1539 2046 1864 2116 reputauda,
1924 2045 2174 2114 adeoque

585 2141 730 2195 inter
761 2139 1112 2209 supposititia
1144 2147 1200 2192 et
1244 2139 1542 2194 haeresibus
1598 2138 1909 2207 labulisque
1954 2137 2171 2207 oppleta

585 2227 904 2298 rejicienda.
963 2227 1056 2283 Sic
1110 2228 1372 2282 nimirum
1422 2229 1753 2299 scriptorem
1801 2227 2169 2298 apostolicum

583 2335 840 2375 censores
884 2319 972 2376 isti
1004 2319 1211 2376 morosi
1247 2320 1547 2391 exagitant,
1599 2320 1830 2391 ejusque
1863 2316 2168 2386 Pastorem,

585 2417 897 2484 praestantia
947 2421 1000 2469 et
1057 2416 1295 2470 utilitate
1340 2415 1863 2480 commendandum,
1923 2421 2090 2484 atque
2138 2427 2170 2466 a

587 2508 976 2563 vetustioribus
1017 2505 1278 2562 Patribus
1327 2514 1612 2576 taut0pere
1650 2492 1989 2561 celebratum
2027 2504 2172 2560 infa-

586 2609 756 2655 mant.
818 2599 1074 2654 Attamen
1133 2615 1324 2654 eorum
1390 2599 1804 2654 criminationes
1864 2598 2171 2654 levissimas

585 2708 707 2748 esse
737 2692 1056 2760 nulliusque
1088 2690 1369 2761 ponderis,
1393 2690 1708 2760 complures
1728 2689 1834 2744 viri
1859 2691 2171 2747 doctissimi

586 2781 966 2852 prodiderunt.

654 2873 848 2944 Agesis
886 2887 1056 2937 nunc,
1082 2888 1152 2928 ne
1183 2871 1523 2942 obiectiones
1547 2870 1616 2927 ad
1649 2884 1818 2925 uuam
1848 2877 2045 2925 omnes
2086 2879 2170 2924 ta-

583 2967 682 3020 citi
711 2965 1044 3036 prazteriisse
1085 2965 1354 3030 dicamur,
1389 2978 1483 3018 eas
1516 2963 1708 3018 saltem
1733 2967 1918 3033 qute'a
1944 2962 2171 3018 Patrum

2047 272 2106 327 δ.
2145 271 2413 325 usuum.

3690 289 3760 343 868

2210 397 2254 454 Α
2281 404 2494 464 ptorum
2523 403 2755 449 veterum
2783 411 3069 466 usurpasse
3098 397 3390 453 testimonia
3423 399 3643 454 declarat.
3681 401 3760 460 llas

2281 495 2464 540 autem
2496 484 2863 558 llierouymus
2896 498 3022 557 post
3071 491 3357 555 scribebat,
3402 507 3550 560 quam
3575 509 3696 548 suum
3728 497 3761 550 in

2281 573 2538 632 Habacuc
2567 577 3037 634 Commentarium
3066 580 3356 649 edidisset;
3393 583 3541 652 hujus
3561 584 3673 638 enim
3691 602 3761 641 me.

2281 667 2444 722 minit
2483 666 2538 721 in
2589 668 2782 723 eodem
2824 668 2966 723 libro
2995 669 3061 734 ³ί,
3095 671 3186 724 ubi
3220 685 3319 725 sua
3347 671 3531 741 scripta
3552 685 3760 729 recenset:

2281 767 2342 814 ut
2374 767 2658 829 propterea
2701 758 2747 816 si
2781 758 2912 830 quid
2941 761 2995 814 in
3030 759 3284 816 Hermam
3318 762 3499 817 durius
3519 762 3674 818 litteris
3689 780 3754 817 sn-

2281 861 2366 907 tea
2390 853 2714 917 tradiderat,
2751 853 2880 908 illud
2911 868 3040 908 vero
3067 855 3302 925 ipsemet
3326 865 3504 925 postea
3530 855 3758 911 correxisse

2278 957 2344 999 ac
2369 944 2694 1002 emendasse
2725 945 2997 1020 videatur.

2347 1033 2536 1105 Neque
2566 1036 2788 1091 demum
2823 1053 2914 1094 res
2951 1048 3038 1094 est
3071 1039 3208 1094 adeo
3237 1039 3524 1108 explorata,
3555 1049 3612 1094 ut
3637 1041 3760 1096 lucina

2279 1123 2770 1199 Hieronymiauum
2796 1129 3072 1198 objectum
3105 1131 3351 1200 accipere
3374 1130 3438 1184 de
3462 1145 3604 1199 opere
3630 1127 3765 1184 Pasto-

2278 1219 2354 1272 ris
2381 1234 2679 1290 cogamur:
2713 1236 2821 1275 non
2843 1221 2990 1276 enim
3030 1219 3178 1290 Tyri,
3209 1221 3303 1276 sed
3334 1220 3521 1291 Hegrin
3546 1223 3659 1292 apud
3679 1220 3763 1275 iicr-

2278 1326 2423 1364 mam
2459 1311 2622 1366 hodie
2652 1310 3061 1383 legimus.Quse
3089 1312 3308 1382 quidem
3343 1327 3440 1366 vox
3460 1313 3569 1368 inde
3588 1313 3762 1369 fortassis

2284 1409 2468 1469 enata,
2496 1411 2560 1458 ut
2587 1403 2802 1458 erudite
2831 1405 2968 1460 satis
3000 1405 3226 1475 conjicit
3259 1405 3330 1459 cl.
3362 1404 3647 1468 Cotelerius,
3665 1405 3762 1474 quod

2277 1493 2332 1548 in
2390 1492 2604 1549 ilerma:
2651 1502 2800 1551 textu
2873 1498 3259 1568 compendiosa
3306 1497 3554 1566 scriptura
3589 1505 3759 1552 exstaret

2275 1601 2452 1656 εγρηγ
2473 1603 2488 1652 ;
2519 1587 2682 1658 cujus
2701 1597 2996 1658 postremae
3011 1589 3207 1644 littera:
3228 1589 3476 1644 inferiore
3495 1599 3624 1658 parte
3637 1602 3761 1651 exesa,

2278 1679 2488 1747 putarit
2519 1689 2677 1736 vetus
2710 1679 2983 1750 interpres
3006 1681 3292 1750 legendum
3330 1697 3519 1752 εγρην;
3565 1679 3760 1748 hujusquc

2209 1741 2249 1796 Β
2280 1741 2541 1825 lectionis
2574 1771 2684 1825 vim
2720 1741 3145 1843 haudquaquam
3189 1741 3487 1836 assecutus,
3508 1741 3672 1825 litteris

2274 1858 2405 1913 tinis
2444 1874 2634 1915 vocem
2677 1859 2924 1917 Graecam
2973 1863 3273 1917 reddiderit
3311 1861 3501 1932 Hegi-in
3525 1880 3542 1915 ε
3581 1875 3676 1916 cum
3707 1869 3760 1912 ts-

2274 1966 2398 2006 men
2462 1952 2749 2021 legendum
2814 1953 3012 2010 fuisset
3054 1954 3376 2027 ὲγρήγορος,
3425 1970 3484 2009 ac
3526 1949 3758 2006 vertendum

2289 2039 2432 2111 Vigil
2464 2057 2532 2097 ex
2585 2042 2826 2099 Danielis
2857 2061 2978 2116 cap.
3017 2061 3094 2111 tv,
3142 2045 3237 2099 ubi
3266 2045 3570 2117 ὲγρηγὸρου,
3598 2058 3672 2098 seu
3705 2039 3760 2094 ii-

2272 2135 2396 2205 gilis
2429 2136 2736 2192 ministerio
2784 2137 3083 2210 Babylonis
3113 2154 3208 2193 rex
3256 2138 3323 2194 ad
3367 2138 3553 2194 bestias
3581 2134 3761 2190 amanda-

2278 2227 2638 2298 tuslegitur:
2683 2245 2796 2300 quo
2841 2231 2979 2286 forte
3022 2230 3360 2300 apostolicus
3401 2229 3610 2299 scriptor
3644 2239 3763 2295 respe-

2274 2324 2438 2379 xerit.
2497 2322 2606 2376 Alii
2661 2339 2796 2378 vero
2820 2324 2886 2389 ³¹,
2934 2339 3000 2378 ex
3041 2323 3347 2379 Colbcrtiui
3398 2322 3586 2378 codicis
3623 2335 3698 2373 ms.
3721 2317 3762 2370 le-

2274 2415 2454 2471 ctione
2482 2431 2605 2486 quae
2639 2415 2719 2470 sic
2746 2428 2825 2470 se.
2847 2415 3005 2469 habet
3050 2432 3064 2470 :
3123 2413 3280 2468 Misit
3323 2414 3564 2468 Dominus
3597 2408 3762 2481 angeli"!

2255 2509 2428 2562 'suum
2470 2523 2628 2577 super
2667 2504 2890 2560 bestiam
2929 2505 3082 2575 cujus
3118 2521 3309 2560 nomen
3338 2515 3411 2560 est
3452 2503 3642 2575 Hegriu,
3667 2499 3761 2555 colli

2273 2607 2408 2668 guut
2441 2597 2644 2669 Hegrin
2689 2612 2798 2652 non
2835 2597 3034 2667 angeli,
3071 2597 3163 2652 sed
3221 2597 3411 2652 bestia:
3461 2611 3632 2652 nomen
3672 2603 3760 2644 esse.

2252 2681 2468 2744 Greece
2524 2689 2784 2743 nimirum
2825 2689 3108 2758 scripserit
3159 2687 3394 2744 Hermas
3439 2688 3640 2758 ἄγριος,
3680 2679 3760 2735 illud

2270 2778 2584 2838 Psalmistae
2654 2790 2912 2851 spectans
2949 2781 2994 2812 ³³
3029 2799 3043 2836 :
3112 2777 3447 2853 Ἐλυμῄνατο
3494 2777 3634 2849 αὐτὴν
3662 2769 3763 2835 icit

2271 2872 2513 2946 δρυμοῦ,
2563 2869 2656 2925 καὶ
2711 2871 2895 2942 μονιὸς
2959 2872 3151 2944 ἄγριος
3197 2873 3587 2943 κατενεμήσατο
3636 2866 3760 2934 αὐτὴν.

2274 2964 2665 3035 Exterminavit
2691 2981 2809 3018 eam
2834 2965 3095 3036 (vineam)
3124 2983 3257 3036 aper
3283 2967 3345 3020 de
3369 2964 3517 3030 silva,
3537 2971 3579 3017 et
3601 2956 3764 3030 singula-

586 3059 912 3116 auctoritate
961 3065 1305 3127 repetuntur,
1341 3056 1432 3111 hic
1475 3053 1731 3110 ducimus
1770 3055 2168 3112 discutiendas.
2196 3083 2243 3146 ρ
2275 3060 2349 3114 ris
2386 3059 2530 3129 ferus
2559 3058 2814 3129 depastus
2853 3067 2931 3112 est
2959 3074 3098 3113 eam.
3132 3057 3237 3113 Cui
3271 3059 3485 3130 quidem
3525 3055 3766 3124 conjecture

588 3149 733 3204 luter
766 3149 890 3205 illas
916 3163 1048 3203 vero
1080 3146 1354 3218 pratcipua
1387 3161 1420 3201 e
1462 3145 1522 3200 S.
1571 3143 1906 3216 Hieronymo
1948 3145 2172 3202 desum—

589 3250 680 3312 pta
703 3242 967 3308 occurrit,
993 3239 1152 3310 cujus
1185 3239 1303 3294 lucc
1341 3245 1471 3293 sunt
1500 3238 1667 3292 verba
1693 3255 1708 3291 :
1733 3236 1890 3290 Liber
1915 3237 2006 3292 ille
2038 3253 2170 3308 apo--

587 3336 838 3406 cryphus,
873 3335 1054 3405 inquit
1094 3334 1162 3400 ⁸⁸,
1205 3332 1452 3388 stultitia:
1502 3331 1931 3386 condemnandus
1975 3341 2074 3398 est,
2115 3333 2171 3386 in

587 3446 688 3501 quo
734 3430 993 3498 scriptum
1041 3437 1120 3482 est
1160 3427 1441 3498 quemdam
1492 3425 1737 3497 angelum
1786 3426 1994 3479 nomine
2046 3423 2172 3496 Tyri

587 3542 810 3596 prreesse
856 3524 1154 3594 reptilibus.
1199 3521 1321 3588 Quo
1384 3523 1505 3576 loco
1549 3519 1829 3574 nonnullis
1881 3519 2034 3574 visus
2089 3527 2174 3574 est

591 3627 818 3673 sanctus
866 3619 1056 3671 doctor
1089 3615 1302 3672 Hermas
1335 3613 1554 3668 Pastori
1587 3611 1883 3668 severioris
1925 3626 2174 3668 censurae

562 3719 776 3764 notam
827 3709 1116 3773 inussisse,
1173 3707 1304 3761 illud
1359 3721 1554 3776 nempe
1597 3705 1700 3759 viri
1749 3704 2036 3774 apostoiiei
2083 3703 2173 3758 di-

588 3812 738 3855 ctum
762 3800 1062 3870 respiciens
1091 3799 1137 3830 ¹⁹
1189 3817 1203 3853 z
1263 3798 1412 3852 Misit
1455 3797 1712 3851 Dominus
1749 3795 1992 3867 angelum
2016 3810 2172 3849 suum

588 3891 679 3960 qui
715 3899 793 3942 est
840 3905 998 3959 super
1026 3888 1240 3955 bestias,
1285 3889 1370 3941 cui
1403 3904 1590 3942 nomen
1633 3897 1712 3943 est
1744 3887 1968 3958 Hegrin,
1996 3897 2046 3940 et
2077 3888 2174 3941 ob-

591 3981 789 4034 turavit
847 3997 905 4034 os
957 3980 1072 4049 ejus
1125 3995 1188 4033 ne
1237 3988 1285 4031 te
1333 3978 1643 4034 dilaniaret.
1697 3977 1857 4044 Hinc,
1894 3979 2170 4049 inquiunt,

590 4069 805 4124 Hermae
851 4068 1134 4123 Pastorem
1197 4084 1304 4122 non
1383 4069 1562 4123 solum
1616 4070 1918 4124 contemnit
1979 4070 2173 4126 doctor

593 4161 891 4228 maximus,
934 4175 1124 4215 verum
1158 4161 1323 4215 etiam
1354 4161 1582 4216 stultum
1613 4177 1736 4217 esse
1766 4163 2028 4217 decernit.
2057 4160 2170 4230 Nae,

589 4271 624 4310 a
659 4270 788 4309 vero
834 4253 995 4325 longe
1040 4253 1296 4308 aberrare
1338 4252 1612 4321 videntur,
1667 4255 1776 4325 qui
1813 4255 1893 4310 sic
1934 4255 2174 4312 rationes

591 4357 805 4420 putant.
840 4347 951 4402 Fac
979 4347 1199 4401 demum
1237 4349 1537 4418 respexerit
1569 4351 1715 4405 hunc
1747 4348 1962 4405 Hermae
1991 4351 2172 4405 locum

591 4439 652 4497 S.
689 4438 1087 4510 llierouymus,
1153 4456 1286 4496 num
1338 4458 1468 4499 vero
1511 4450 1798 4513 eapropter
1853 4443 2170 4497 universum
2203 4435 2249 4489 Ῑ)
2277 4445 2492 4501 laudem
2524 4446 2610 4501 vel
2644 4447 2945 4517 plurimum
2989 4449 3155 4502 cedit.
3193 4447 3369 4503 Secus
3397 4448 3534 4503 enim
3560 4433 3771 4497 Tertullia-
3864 4445 3865 4448 ‘

588 4529 835 4588 Pastoris
867 4531 1067 4584 librum
1105 4531 1196 4585 ille
1229 4530 1487 4601 rejecisse
1515 4534 1812 4590 dicendus?
1844 4533 1999 4601 Quod
2022 4536 2168 4590 enim

590 4622 778 4692 aliquo
827 4624 881 4677 in
913 4638 1076 4692 opere
1123 4623 1404 4693 quidpiam
1459 4625 1643 4680 minus
1672 4637 1819 4682 recte
1848 4639 1944 4682 aut
1976 4643 2170 4698 parum

591 4727 752 4772 caute
779 4716 1041 4787 scriptum
1072 4717 1196 4786 quis
1233 4718 1449 4788 detegat
1497 4721 1904 4788 pronuntietve,
1940 4721 1994 4776 id
2042 4737 2173 4777 vero

594 4811 761 4865 totius
792 4809 976 4879 operis
1005 4810 1322 4865 auctoritati
1367 4812 1526 4881 plane
1559 4812 1793 4879 allicere,
1847 4830 2009 4868 nemo
2044 4814 2171 4885 jure

591 4901 810 4957 dixerit.
865 4901 1111 4968 Deinde,
1162 4903 1257 4972 qui
1312 4902 1426 4956 ﬁeri
1481 4913 1680 4974 potest,
1732 4913 1792 4958 ut
1825 4913 2049 4961 sanctus
2083 4905 2172 4960 ille

593 4993 786 5049 doctor
829 4993 1029 5047 acriter
1061 4994 1197 5048 adeo
1241 4993 1297 5047 iu
1355 4992 1636 5049 Pastorem
1678 4996 1924 5051 invectus
1985 4996 2171 5064 fuerit,

591 5101 754 5157 quem
810 5083 887 5138 De
911 5084 1035 5139 viris
1068 5085 1362 5139 illustribus
1397 5087 1642 5142 scribens
1671 5087 1736 5154 ⁸⁸,
1792 5105 1966 5142 revera
1989 5087 2174 5143 utilem

592 5175 788 5230 librum
821 5177 1075 5246 appellat,
1131 5193 1405 5248 quemque
1453 5178 1594 5249 apud
1642 5179 1904 5249 quasdam
1953 5179 2174 5236 Graecia

593 5268 861 5324 Ecclesias
900 5269 1106 5338 publice
1135 5268 1236 5340 legi
1267 5277 1517 5337 testatur,
1549 5269 1843 5340 multosque
1869 5271 1932 5324 de
1953 5286 2012 5324 eo
2040 5272 2177 5326 scri-

2274 3160 2570 3207 contextus
2618 3149 2804 3206 favere
2856 3151 3093 3205 videtur.
3124 3149 3413 3221 Siquidem
3450 3151 3577 3204 hanc
3602 3143 3761 3202 bestiam

2251 3235 2535 3314 pressura:
2587 3250 2976 3312 superuentura:
3025 3242 3262 3313 ﬁguram
3307 3259 3446 3309 esse,
3478 3257 3592 3296 mox
3628 3235 3763 3291 ibidem

2273 3337 2416 3408 stylo
2445 3333 2824 3406 apocalyptico
2873 3334 3117 3390 declarat
3153 3332 3399 3391 diermas
3444 3352 3458 3390 :
3514 3341 3568 3388 ut
3607 3325 3764 3402 proinde

2274 3442 2398 3482 cum
2438 3427 2604 3497 paulo
2637 3435 2764 3481 ante
2793 3426 3077 3496 scripserit
3118 3442 3149 3480 a
3175 3425 3409 3482 DOﬂlan
3441 3441 3587 3496 super
3607 3420 3762 3477 bestiam

2274 3520 2528 3590 angelum
2553 3505 2784 3574 missum
2833 3517 3027 3586 fuisse,
3070 3519 3248 3588 ipsius
3291 3518 3544 3576 sententia
3566 3517 3619 3570 de
3636 3509 3763 3582 angelo

2274 3626 2306 3666 a
2338 3611 2450 3665 Deo
2483 3611 2538 3665 in
2573 3610 2841 3664 auxilium
2871 3609 3320 3664 Christianorum
3359 3609 3593 3664 immisso
3630 3604 3682 3660 sit
3710 3613 3767 3654 ac-

2273 3701 2547 3773 cipienda,
2579 3703 2673 3773 qui
2701 3718 2797 3758 eos
2829 3704 2882 3756 in
2919 3719 3174 3772 pressura
3203 3712 3586 3774 superuentura,
3612 3711 3686 3753 seu
3707 3692 3765 3746 ito-

2273 3797 2515 3851 miuente
2548 3798 2930 3867 persecutione
2959 3797 3235 3852 solaretur
3274 3807 3437 3868 atque
3464 3796 3656 3852 foveret.

2344 3886 2655 3960 Opponitur
2683 3888 2909 3959 insuper
2941 3904 3007 3945 ex
3030 3891 3440 3961 antiquioribus
3467 3886 3765 3945 Tertullianus.

2274 3981 2370 4052 qui
2393 3976 2672 4035 Pastorem
2707 3982 2843 4036 dure
2885 3983 3264 4055 perstringens
3301 3984 3366 4053 “,
3398 3983 3685 4052 scripturam
3707 3985 3769 4023 νο·

2250 4079 2363 4130 ἐει
2411 4075 2808 4146 apocrypham,
2862 4071 3080 4144 falsam,
3122 4077 3449 4142 adulteram,
3496 4075 3696 4140 adeoque
3726 4062 3768 4115 ab

2275 4167 2532 4224 omnibus
2597 4166 2987 4223 ecclesiasticis
3055 4171 3422 4226 conventibus
3490 4164 3768 4238 reprensum.

2276 4261 2384 4317 Sed
2418 4262 2534 4316 haec
2583 4269 2711 4317 sunt
2759 4261 3108 4330 Tertulliani,
3156 4264 3486 4335 jampridem
3539 4261 3586 4315 in
3627 4253 3772 4308 Μουυ-

2275 4353 2547 4408 nistarum
2591 4353 2842 4408 haeresim
2875 4351 3118 4424 prolapsi
3152 4371 3166 4409 :
3211 4356 3360 4425 quod
3393 4370 3521 4411 sane
3545 4353 3591 4406 in
3625 4346 3771 4401 Herm:

2277 4554 2383 4592 nus
2409 4536 2751 4591 orthodoxus
2778 4535 2908 4591 alibi
2934 4537 3176 4592 sensisse
3205 4539 3424 4592 videtur
3456 4536 3517 4588 ³⁸.

2349 4628 2454 4683 Alii
2485 4630 2647 4684 etiam
2702 4618 3001 4698 scriptores
3029 4628 3266 4702 Origene
3300 4628 3605 4684 vetustiores
3638 4616 3700 4674 Vel
3723 4611 3772 4667 εἷ’

2277 4720 2400 4776 dem
2427 4737 2713 4792 suppares,
2751 4719 2994 4775 Pastoris
3028 4721 3272 4776 libellum
3303 4722 3358 4775 in
3400 4716 3770 4784 contemptionem

2279 4812 2574 4867 adduxisse
2601 4811 2984 4882 perhibentur,
3014 4829 3252 4882 quorum
3289 4814 3456 4868 tacito
3490 4807 3677 4866 nomine
3703 4808 3773 4852 ωο-

2248 4909 2250 4911 ’
2279 4903 2439 4958 minit
2478 4905 2594 4973 ipse
2626 4884 2993 4958 Adamantius
3027 4902 3092 4956 ³⁸.
3131 4903 3338 4958 Verum
3385 4919 3504 4958 cum
3538 4899 3656 4954 idem
3694 4883 3772 4942 Οτί·

2279 5011 2443 5067 genes
2471 4994 2604 5052 alibi
2633 4995 2851 5062 jscribat
2881 4995 2947 5062 ³⁷,
2987 5010 3128 5065 opus
3171 4992 3386 5050 Hei-ma:
3419 4994 3559 5050 ualde
3583 4985 3666 5044 sibi
3691 4977 3774 5034 utile

2275 5089 2479 5156 visum,
2509 5087 2799 5158 tradatque
2836 5087 2882 5120 ³⁸
2910 5087 3076 5143 simul
3111 5087 3243 5143 illud
3270 5088 3487 5159 quidem
3515 5087 3572 5140 ab
3601 5072 3773 5138 omnim

2275 5196 2368 5250 pro
2390 5180 2568 5233 divino
2609 5195 2712 5233 non
2755 5178 3016 5246 habitum,
3064 5187 3442 5234 verumtamen
3485 5180 3535 5232 in
3579 5165 3772 5228 Ecclesia

2248 5256 2252 5260 ’
2277 5271 2652 5327 circumlatum
2678 5287 2696 5327 :
2726 5271 2856 5326 hinc
2873 5271 2997 5342 jure
3020 5271 3144 5340 quis
3167 5271 3600 5344 arguat,Patrem
3627 5254 3772 5318 doctis-

665 5445 712 5524 ff
740 5443 1008 5524 Blondel.,
1033 5444 1410 5524 apulogspag.
1452 5447 1539 5504 l7.
1581 5449 1625 5524 ’ξ
1644 5447 1823 5524 Rivet.
1854 5449 1993 5505 Crit.
2015 5467 2150 5517 sac.,
2176 5452 2273 5524 lib.
2302 5467 2342 5520 ι,
2367 5469 2488 5524 cap.
2521 5454 2606 5510 12.
2684 5455 2730 5487 ’⁸
2747 5453 3005 5524 Hierom,
3026 5453 3326 5524 Comment.
3359 5473 3414 5510 in
3445 5451 3694 5524 Habae.,_1,
3715 5437 3770 5492 “-

592 5516 637 5548 ’9
656 5513 839 5595 Herm.
870 5515 1020 5595 Pas}:
1043 5513 1134 5570 lib.
1165 5513 1328 5595 t,'_vis.
1355 5513 1425 5584 tv,
1448 5519 1660 5595 (κῳλξ.Δ
1692 5519 2003 5595 '°_i_iierou.,
2037 5513 2234 5595 μιλόε
2264 5513 2363 5595 uir.
2392 5513 2619 5591 illustr.,
2644 5541 2766 5595 cap.
2802 5525 2894 5579 10.
2933 5513 3243 5591 “merum,
3265 5530 3360 5582 lib.
3388 5527 3462 5580 De
3487 5526 3575 5595 uir.
3608 5517 3774 5595 illusit,

592 5600 714 5653 cap.
739 5585 861 5658 Κῷ.
903 5583 1189 5658 ³ᾒῌφιιι-τ.,
1211 5583 1419 5657 Appar.
1440 5583 1681 5643 ad'Bibl.
1705 5588 1848 5658 PP.,
1879 5583 2010 5646 tom.
2038 5591 2081 5658 Ι,

593 5610 714 5653 cap.
739 5610 861 5639 ἰυυ.
903 5610 1189 5652 τ’,αυυΠη
1211 5610 1410 5657 ῆρρατ.
1440 5610 1508 5642 aa
1538 5610 1681 5643 DtDt.
1705 5610 1848 5658 I’l’.,
1879 5610 2010 5646 tom.
2039 5610 2081 5658 ι,
2106 5610 2171 5662 pa
2221 5633 2230 5640 -

593 5670 724 5733 φη..
757 5654 844 5733 10.
1092 5657 1187 5712 lib.
1217 5658 1747 5733 De_orat.,_cap.__12.
1825 5663 1871 5694 ³⁸
1894 5660 2138 5733 0rigen.,
2169 5610 2239 5717 ge

2262 5594 2350 5650 65.
2395 5597 2440 5627 ³³
2460 5583 2660 5651 Psalm.
2687 5583 2876 5660 ι’κιιι,
2897 5595 2986 5649 M.
3031 5596 3074 5626 “
3097 5583 3350 5661 Tertull“
3375 5598 3468 5651 lib.
3499 5594 3567 5647 De
3584 5583 3773 5661 ρεάίςίίη

2277 5666 2528 5735 princip.,
2563 5667 2658 5720 lib.
2699 5684 2773 5725 tv.
2807 5652 2927 5738 cap.
2953 5665 3023 5732 2,
3067 5665 3095 5738 θ
3129 5669 3182 5723 8,
3202 5652 3267 5738 ft
3300 5652 3378 5723 id,
3420 5667 3507 5738 lib,
3543 5652 3772 5726 x'Brplu.

593 5726 649 5780 in
677 5723 847 5796 Epist.
873 5725 943 5780 ad
976 5726 1126 5782 llam.
1151 5744 1263 5796 xvr,
1293 5729 1381 5784 14.
1459 5723 1502 5762 ³⁸
1523 5723 1599 5785 id.
1625 5731 1918 5790 Comment.
1954 5723 2022 5788 ἕνῖ
2040 5723 2256 5804 ΜαίιΙι.,
2277 5723 2408 5808 ὀιῳ.
2446 5723 2559 5807 xiv,
2589 5739 2722 5794 edit.
2744 5723 2979 5806 noviss.,
3005 5723 3143 5795 ἱοῖιι.
3175 5736 3244 5812 ll,
3273 5754 3331 5811 p.
3370 5737 3492 5793 6“.
