4074 6154
401 265 504 322 869

1641 260 1937 319 PASTOR.
1971 293 2040 308 -
2073 259 2429 318 ΡΒΟαζΜΙΛ.

3537 272 3643 328 870

400 387 602 442 simum
632 399 728 443 eos
767 385 1064 456 scriptores
1104 390 1328 460 insuper
1383 389 1677 454 habuisse;
1726 387 1971 458 adeoque
2000 391 2045 448 Α
2073 389 2246 458 psisse
2291 387 2608 458 perhibetur
2651 387 2878 444 Hermas
2927 389 3032 444 sub
3080 389 3378 446 Clementis
3424 393 3644 460 pontiti-

403 477 549 532 haud
604 478 929 534 nominatim
981 480 1254 549 laudasse,
1284 481 1432 552 quod
1471 481 1557 536 vel
1598 480 1722 536 illos
1762 480 1970 534 nullius

397 583 521 623 esse
549 569 893 624 auctoritatis
930 571 1226 636 censuerit,
1264 572 1349 627 vel
1390 572 1663 628 immerito
1710 571 1971 640 nulloque

401 661 675 715 rationum
707 661 945 730 pondere
975 663 1045 718 ab
1074 663 1265 718 iisdem
1293 662 1464 720 fuisse
1491 663 1754 734 rejectum
1793 663 1970 718 eccle-

399 753 681 808 siasticum
725 753 923 808 librum
972 755 1272 825 agnoverit.
1317 753 1434 810 Nisi
1469 755 1630 810 malis
1673 753 1966 824 conjicere,

400 845 710 915 bujusmodi
741 846 1035 916 scriptores
1070 845 1287 918 Origeni
1319 856 1651 901 memoratos
1684 857 1970 917 eapropter

400 936 677 991 Pastorem
713 935 1044 1007 contemptui
1082 937 1360 1004 habuisse,
1409 938 1555 1008 quod
1591 948 1780 994 contra
1827 955 1970 994 ιιοιι⁴

401 1032 582 1087 nullos
631 1030 1023 1100 disceptarent,
1075 1033 1168 1102 qui
1211 1048 1278 1087 ex
1331 1047 1399 1086 eo
1437 1031 1585 1085 velut
1621 1031 1675 1085 in
1704 1046 1966 1086 canonem

404 1122 807 1193 Scripturarum
834 1132 1049 1192 recepto
1075 1123 1382 1178 testimonia
1418 1123 1815 1192 depromerent,
1840 1122 1968 1195 qui-

402 1214 505 1270 bus
529 1215 660 1269 lides
691 1213 852 1268 fuerit
885 1215 1110 1268 omnino
1138 1215 1468 1269 adhibenda.

472 1306 593 1373 Quo
621 1307 783 1362 etiam
824 1323 986 1360 sensu
1026 1305 1260 1362 fortasse
1316 1305 1666 1376 accipiendos
1710 1303 1967 1377 Prosper,

401 1389 662 1453 Collatori
707 1397 920 1452 Hermae
965 1399 1345 1453 auctoritatem
1391 1400 1690 1468 obiicienti,
1719 1400 1838 1470 ejus
1888 1411 1970 1454 te-

400 1492 707 1545 stimonium
755 1489 952 1544 nullius
999 1507 1109 1545 esse
1159 1491 1497 1546 auctoritatis
1530 1492 1864 1562 respondens
1899 1491 1965 1546 ”.

403 1581 502 1639 Vel
534 1584 716 1654 potius
737 1585 1026 1639 dicendum
1051 1599 1173 1638 cum
1205 1585 1346 1651 aliis,
1368 1582 1694 1655 Prosperum
1725 1594 1972 1655 propter-

399 1691 465 1732 ea
510 1675 755 1730 Pastoris
801 1674 1178 1730 auctoritatem
1239 1676 1590 1742 detrectasse,
1625 1676 1770 1746 quod
1814 1675 1965 1730 illum

400 1768 619 1837 penitus
671 1766 936 1837 ignorarit
976 1783 990 1820 :
1035 1766 1323 1835 siquidem,
1368 1766 1698 1838 Hieronymo
1737 1775 1872 1822 teste
1898 1767 1965 1832 "°,

395 1851 538 1906 iiber
559 1851 770 1908 Hermae
806 1854 944 1922 apud
965 1851 1184 1908 Latinos
1214 1871 1341 1923 pene
1372 1856 1580 1925 ignotus
1615 1864 1753 1911 erat.
1785 1854 1968 1926 Neque

399 1956 533 1997 vero
578 1944 646 1998 ab
694 1959 753 1998 re
806 1943 1139 2013 conjeccrint
1185 1944 1278 2014 qui
1321 1945 1586 2013 putarint,
1637 1944 1972 2016 Prosperum

399 2035 745 2089 considerate
775 2035 977 2090 dixisse
1016 2035 1210 2089 nulliu’s
1257 2051 1379 2091 esse
1425 2039 1760 2093 auctoritatis
1813 2042 1966 2094 testi-

402 2126 636 2180 monium
683 2129 821 2197 quod
870 2127 1219 2198 disputationi
1254 2145 1364 2183 sua:
1393 2129 1458 2183 de
1498 2129 1676 2184 libello
1721 2130 1964 2186 Pastoris

399 2215 643 2272 Collator
671 2217 924 2284 inseruit;
957 2234 1064 2273 non
1095 2219 1240 2288 quod
1265 2217 1322 2273 S.
1355 2218 1514 2274 Pater
1535 2218 1744 2275 Hermte
1773 2221 1966 2276 librum

400 2326 626 2382 prorsus
672 2311 939 2380 rejecerit,
984 2310 1079 2367 sed
1112 2313 1257 2383 quod
1288 2314 1643 2366 testimonium
1670 2329 1737 2368 ex
1774 2315 1964 2372 eodem

401 2403 545 2458 libro
564 2419 595 2458 a
632 2401 904 2458 Collatore
924 2404 979 2458 in
1008 2405 1243 2460 medium
1267 2405 1559 2476 prolatum,
1593 2405 1725 2461 nihil
1757 2408 1824 2462 ad
1847 2408 1966 2477 ejus

398 2497 710 2568 Opinionem
739 2498 1086 2552 astruendam
1111 2496 1354 2553 conferre
1381 2500 1736 2569 perspexerit.
1775 2497 1965 2556 Virum

401 2589 781 2646 doctissimum
811 2591 1037 2646 consule
1063 2591 1129 2645 δι.
1160 2603 1164 2610 ·

471 2682 738 2738 Caeterum
782 2699 906 2740 cum
949 2683 1239 2751 Eusebius,
1290 2681 1672 2755 Hieronymus,
1715 2683 1964 2743 Gelasius
1990 2680 2004 2698 ⁹

401 2775 459 2830 in
491 2776 726 2840 Decreto,
755 2785 945 2830 auctor
973 2774 1382 2840 Stichometriae,
1405 2773 1710 2845 Nicephoro
1745 2777 1850 2832 ΟΡ.
1884 2788 1967 2832 at-

399 2867 642 2933 tributae,
673 2867 872 2936 aliique
895 2865 1149 2920 Ecclesiae
1175 2867 1489 2936 scriptores,
1515 2869 1856 2940 apocryphos
1881 2869 1967 2924 in-

399 2967 486 3014 ter
526 2969 583 3014 et
629 2957 826 3013 nothos
867 2956 1034 3012 libros
1080 2956 1354 3011 Pastorem
1396 2967 1716 3026 recensent,
1771 2975 1962 3015 eorum

2071 489 2192 534 eatu
2217 481 2298 547 ‘7;
2345 496 2530 550 quem,
2564 489 2742 535 stante
2765 482 2943 537 adhuc
2970 484 3190 553 templo,
3225 500 3379 538 suam
3427 486 3646 541 misisse

2053 573 2303 642 priorem
2341 572 2409 625 ad
2447 571 2763 626 Corinthios
2799 571 3098 641 Epistolam
3143 577 3396 644 superius
3451 587 3642 631 osten-

2069 663 2255 718 dimus
2281 661 2346 716 ⁸⁸.
2402 660 2606 718 Deinde
2657 663 3092 732 persecutionem
3140 663 3504 720 Neronianam
3558 681 3644 720 re-

2069 755 2283 826 spicere
2327 755 2541 809 videtur
2579 763 2790 817 auctor,
2816 755 2943 809 dum
2984 770 3172 809 eorum
3203 757 3451 812 meminit
3476 757 3519 788 "
3549 757 3641 826 qui

2058 847 2176 916 jam
2215 854 2513 899 meruerunt
2557 844 2748 912 Deum,
2786 854 2834 898 et
2882 845 3027 914 passi
3062 854 3181 900 sunt
3215 864 3375 900 causa
3412 848 3640 903 nominis

2067 937 2180 1007 ejus
2219 937 2358 1005 feras
2397 938 2610 1002 bestias,
2661 936 2895 1006 ﬂagella,
2937 954 3194 1004 carceres,
3240 955 3440 994 cruces.
3473 939 3639 996 Eain-

2052 1029 2302 1100 _demque
2344 1030 2778 1098 persecutionem
2821 1029 3017 1085 iterum
3073 1040 3358 1096 memorat,
3409 1032 3535 1086 dum
3580 1051 3642 1090 se

2069 1120 2216 1176 illam
2249 1121 2506 1192 eﬂugisse
2554 1121 2715 1191 paulo
2745 1131 2866 1190 post
2905 1121 3190 1191 profitetur
3220 1123 3306 1177 bis
3337 1123 3516 1178 verbis
3543 1125 3589 1156 “
3623 1164 3638 1178 .

2072 1213 2318 1270 Occurrit
2350 1212 2480 1266 mihi
2511 1213 2634 1267 talis
2664 1213 2852 1280 bestia,
2883 1230 3001 1284 qua:
3027 1214 3194 1283 possit
3231 1213 3479 1283 populum
3515 1231 3644 1268 con-

2069 1323 2303 1370 sumere;
2325 1305 2630 1372 sed,virtute
2650 1305 2747 1359 Dei
2769 1315 2817 1359 et
2841 1305 3099 1376 singulari
3125 1307 3236 1376 ejus
3254 1307 3637 1374 misericordia,

2067 1399 2209 1452 evasi
2233 1391 2415 1450 illam.'
2433 1397 2498 1452 Et
2522 1412 2716 1452 rursus
2753 1395 3066 1467 :Magnam,
3105 1397 3302 1467 inquit,
3335 1397 3642 1452 tribulatio-

2069 1503 2184 1540 nem
2210 1487 2444 1556 effugisti
2484 1498 2696 1556 propter
2739 1487 2896 1554 [idem
2937 1496 3104 1553 tuam,
3142 1496 3191 1541 et
3234 1489 3324 1558 qui
3361 1488 3520 1543 talem
3553 1489 3641 1544 be-

2068 1578 2227 1632 stiam
2262 1595 2363 1631 non
2404 1578 2684 1632 dubitasti.
2732 1575 3002 1632 Neronem
3035 1577 3242 1633 scilicet
3283 1579 3502 1633 bestiam
3538 1594 3638 1633 vo-

2071 1679 2181 1736 cat,
2212 1670 2282 1724 ab
2304 1669 2565 1740 Apostolo
2590 1669 2842 1732 edoctus,
2878 1668 2966 1723 cui
3011 1668 3090 1722 leo
3131 1669 3331 1724 dicitur
3354 1670 3506 1725 idem
3551 1680 3637 1743 ty-

2070 1758 2300 1826 rannus,
2330 1761 2420 1816 ubi
2451 1761 2527 1815 ait
2551 1761 2595 1792 ⁸¹
2631 1779 2644 1815 :
2693 1760 2949 1814 Dominus
2987 1771 3159 1836 autem
3201 1760 3329 1814 mihi
3366 1763 3557 1827 astitit,
3587 1766 3637 1815 et

2069 1854 2385 1923 confortavit
2422 1870 2501 1908 me
2544 1869 2564 1908 :

2067 1947 2256 2002 Patres
2297 1956 2352 2002 et
2386 1948 2710 2017 interpretes
2745 1948 2970 2017 passim.
2998 1946 3072 2001 De
3103 1947 3202 2001 hac
3231 1956 3411 2002 autem
3452 1963 3638 2018 perse-

2067 2037 2288 2092 cutione
2337 2037 2507 2092 fuisse
2571 2037 2816 2092 locutum
2869 2035 3125 2091 Hermam
3190 2046 3304 2090 tum
3357 2038 3466 2101 hic.
3519 2048 3634 2094 tum

2066 2130 2230 2184 etiam
2275 2129 2403 2184 alibi
2435 2130 2504 2196 ⁸⁸,
2541 2130 2630 2184 vix
2660 2145 2722 2184 ea
2749 2129 2998 2183 dubitare
3032 2128 3219 2184 sinunt
3245 2144 3364 2199 quae
3386 2132 3638 2198 superius

2068 2222 2124 2276 in
2176 2221 2420 2280 eamdem
2463 2221 2786 2277 sententiam
2833 2220 3228 2275 edisseruimus
3272 2221 3340 2275 ".
3396 2220 3638 2291 Denique

2065 2329 2325 2385 pressura:
2347 2321 2733 2382 superuentura:
2757 2310 3083 2365 mentionem
3108 2310 3280 2380 injicit
3311 2311 3396 2365 vir
3421 2321 3638 2380 aposto-

2068 2407 2207 2462 licus
2229 2405 2275 2438 ⁵⁸
2307 2423 2320 2459 :
2355 2420 2463 2474 qua
2503 2403 2691 2474 phrasi
2731 2402 2907 2471 Θλίψιν
2939 2403 3084 2456 illam
3125 2402 3362 2473 μεγάλην
3389 2411 3440 2458 et
3469 2403 3637 2474 ὀργὴν

2069 2498 2386 2571 μέλλουσαν,
2436 2497 2598 2550 toties
2655 2495 2708 2549 in
2739 2493 2894 2548 Novo
2935 2492 3283 2549 Testamento
3321 2494 3632 2564 praedictas,

2066 2590 2342 2645 excidium
2403 2588 2659 2642 nimirum
2717 2586 3262 2659 Hierosolymorum,
3312 2589 3633 2656 respexerit.

2066 2683 2185 2749 Qua
2217 2685 2282 2737 de
2312 2698 2370 2738 re
2404 2682 2654 2752 pluribus
2684 2680 2805 2735 loco
2842 2681 3006 2734 modo
3041 2680 3207 2735 citato
3245 2677 3380 2734 satis
3424 2679 3638 2734 erudite

2067 2777 2396 2833 Dodvrellus.

2065 2887 2196 2945 Cn.
2238 2886 2304 2942 ν.
2346 2887 2492 2954 Quid
2533 2904 2702 2958 opera:
2725 2888 2778 2941 in
2811 2887 2924 2956 ejus
2972 2886 3246 2941 Pastorem
3291 2903 3429 2941 nunc
3467 2887 3636 2941 denuo

2505 2959 2828 3028 evulgatum,
2857 2960 3170 3026 impensum.

399 3050 669 3107 sententia
699 3065 806 3105 non
830 3050 903 3104 ita
931 3061 1014 3104 est
1038 3050 1374 3119 accipienda,
1402 3052 1625 3121 perinde
1647 3067 1711 3107 ac
1739 3052 1786 3106 si
1817 3062 1960 3108 esset
1987 3051 2030 3111 C
2131 3048 2422 3104 Permulta:
2455 3036 2675 3119 quidem
2724 3047 3184 3104 circumferuntur
3230 3048 3473 3104 Pastoris
3521 3049 3636 3103 edi-

400 3141 579 3196 uoxia:
608 3141 870 3196 doctrina:
900 3139 982 3194 vel
1024 3138 1145 3195 falsi
1187 3141 1426 3196 nominis
1461 3155 1632 3210 opus;
1677 3142 1770 3196 sed
1813 3143 1961 3212 quod

396 3235 469 3289 ab
509 3231 751 3287 Ecclesia
783 3241 934 3286 extra
964 3231 1238 3286 Canonem
1271 3233 1510 3302 positum
1550 3242 1958 3303 agnosceretur,

399 3334 461 3380 ut
485 3325 588 3380 viri
623 3325 767 3379 docti
805 3323 1126 3394 jamdudum
1157 3337 1506 3392 monuerunt,
1547 3341 1756 3397 nosque
1802 3342 1964 3397 supe-

397 3418 512 3472 rius
542 3415 840 3487 attigimus.
871 3416 940 3470 At
975 3415 1041 3470 de
1072 3415 1158 3471 his
1189 3417 1450 3472 hactenus
1489 3433 1503 3472 :
1535 3431 1681 3472 nunc
1712 3416 1823 3472 alio
1862 3432 1962 3472 ex-

396 3519 585 3568 currat
611 3509 810 3564 oratio.

395 3626 526 3682 Cn.
566 3623 659 3680 1V.
701 3625 817 3693 Quo
871 3631 1096 3694 tempore
1133 3620 1402 3705 scripserit
1436 3618 1706 3692 Hermas,
1756 3623 1962 3695 disqui-

1100 3706 1258 3749 ﬂluf.

463 3786 584 3842 Jam
619 3801 770 3852 vero,
803 3793 864 3840 ut
901 3784 966 3838 ad
1005 3792 1220 3853 tempus
1261 3783 1643 3854 inquirendum
1682 3799 1792 3856 quo
1821 3785 1961 3841 seri-

395 3877 567 3947 pserit
590 3875 819 3930 Hermas
848 3875 1092 3928 animum
1121 3883 1529 3941 convertamus,
1568 3874 1699 3928 illud
1739 3875 1960 3946 quidem

396 3989 508 4028 non
553 3972 689 4028 adeo
736 3972 1082 4041 exploratum
1120 3968 1416 4036 habemus,
1481 3977 1542 4022 ut
1591 3978 1794 4024 certam
1841 3967 1963 4037 ejus

395 4083 579 4127 notam
624 4071 786 4140 ﬁgere
834 4069 910 4124 sit
955 4067 1007 4122 in
1041 4075 1314 4137 promptu.
1341 4063 1724 4120 Verumtamen
1757 4063 1802 4118 si
1839 4064 1963 4135 quis

394 4165 518 4236 ejus
552 4162 830 4218 Pastorem
861 4159 1088 4214 rimetur
1121 4157 1404 4222 attentius,
1433 4156 1694 4210 nonnulla
1730 4154 1964 4211 fortasse

398 4255 542 4311 baud
575 4251 875 4324 spernenda
917 4249 1115 4304 indicia
1145 4247 1527 4318 deprehendet,
1560 4247 1703 4300 unde
1729 4261 1962 4316 epuscu-

395 4348 509 4402 lum
547 4345 692 4402 istud
741 4341 935 4397 litteris
979 4340 1360 4411 consignatum
1404 4344 1530 4391 ante
1565 4334 1965 4406 Hierosolymo-

2062 3141 2259 3206 tiones,
2285 3157 2353 3196 ex
2383 3155 2492 3210 quo
2535 3142 2767 3209 primum
2799 3154 2937 3209 opus
2962 3140 3093 3194 illud
3123 3155 3269 3194 anno
3302 3141 3439 3196 1515
3477 3139 3634 3193 Pari-

2062 3234 2162 3289 siis
2198 3233 2474 3302 evolgavit
2514 3230 2752 3286 Jacobus
2784 3231 2977 3285 Faber.
3007 3231 3118 3286 Nos
3156 3247 3286 3285 vero
3310 3247 3375 3285 ex
3405 3232 3512 3287 illis
3537 3246 3636 3302 po-

2061 3325 2334 3383 tissimum
2379 3338 2502 3393 quae
2539 3323 2858 3392 prodierunt
2896 3323 2965 3376 ab
3010 3338 3155 3376 anno
3203 3322 3341 3377 1672
3391 3324 3631 3378 subsidia

2061 3413 2222 3470 nobis
2261 3413 2728 3480 eomparavimus,
2766 3412 2968 3481 quibus
2994 3413 3240 3467 exactior
3280 3413 3630 3483 nitidiorque,

2063 3515 2246 3574 utpar
2276 3511 2413 3570 erat,
2455 3516 2640 3557 nostra
2686 3503 2948 3572 prodiret.
3007 3502 3072 3556 Et
3116 3503 3354 3572 primum
3411 3504 3630 3574 quidem

2062 3597 2248 3653 Graeca
2293 3605 2715 3666 quantacunque
2758 3604 3071 3664 supersunt,
3110 3595 3164 3649 in
3207 3610 3326 3650 eam
3377 3611 3634 3666 compor-

2062 3688 2226 3742 tanda
2279 3684 2736 3750 existimavimus,
2785 3685 2911 3738 licet
2965 3700 3124 3740 secus
3175 3687 3407 3742 senserit
3452 3687 3631 3742 editor

2062 3776 2410 3833 Oxoniensis.
2440 3773 2574 3841 Quae
2606 3790 2736 3829 vero
2776 3773 2946 3829 Graeci
2990 3783 3170 3831 textus
3213 3775 3424 3830 lacinia:
3472 3775 3631 3845 longe

2062 3868 2386 3940 prolixiores
2420 3868 2486 3921 ad
2518 3867 2687 3920 libros
2718 3864 2930 3920 Hermae
2961 3881 2998 3919 ιι
3029 3874 3082 3920 et
3112 3881 3168 3920 ιιι
3204 3866 3498 3936 pertinent,
3535 3881 3630 3921 eas

2063 3959 2282 4013 demum
2308 3972 2375 4012 ex
2405 3957 2655 4010 Doctrina
2691 3957 2760 4010 ad
2788 3957 3103 4010 Antiochum
3137 3957 3322 4010 ducem
3361 3967 3628 4027 praestan-

2065 4052 2135 4105 tis
2160 4048 2656 4104 Athanasianorum
2688 4049 2944 4103 editionis
2978 4047 3471 4104 Montfauconiante
3504 4065 3628 4103 mu-

2062 4143 2200 4199 tuati
2254 4159 2479 4212 sumus,
2529 4143 2673 4197 haud
2714 4143 2818 4197 rati
2865 4158 2990 4197 cum
3037 4142 3249 4197 Clerieo
3288 4151 3342 4198 et
3377 4142 3629 4202 Husselio

2063 4237 2370 4291 Fabricium
2429 4236 2584 4306 sequi
2634 4255 2647 4290 :
2691 4251 2754 4290 ea
2802 4250 3038 4305 namque
3086 4237 3211 4291 inde
3261 4237 3470 4306 primus
3515 4241 3629 4311 ipse

2063 4327 2400 4393 describens,
2441 4327 2515 4380 ita
2561 4327 2716 4380 duxit
2759 4325 2957 4379 alicubi
3003 4325 3416 4392 conformanda,
3450 4337 3507 4381 ut
3536 4345 3628 4384 ve-

395 4455 521 4496 rum
542 4438 836 4500 excidium,
873 4432 987 4488 sive
1019 4433 1164 4487 circa
1204 4428 1406 4484 Christi
1436 4440 1640 4482 annum
1678 4426 1745 4480 70
1770 4426 1962 4480 merito
1984 4415 2038 4470 'D
2069 4420 2168 4474 teri
2217 4417 2494 4487 interpreti
2534 4420 2706 4488 magis
2737 4417 3102 4485 cohaererent;
3142 4419 3287 4488 quod
3335 4419 3450 4474 suis
3489 4420 3626 4476 locis

392 4530 691 4588 existimet.
725 4527 874 4582 Hanc
906 4536 1038 4578 sane
1077 4519 1398 4577 sententiam
1436 4525 1564 4572 sunt
1600 4515 1773 4571 secuti
1798 4531 1952 4571 com-

393 4621 580 4696 plures
596 4619 696 4674 viri
717 4614 934 4678 eruditi,
951 4609 1254 4666 Dodwcllus
1277 4609 1322 4640 “
1347 4608 1402 4661 in
1427 4607 1640 4676 primis,
1662 4604 1863 4659 Millius
1884 4604 1953 4670 “,

317 4712 320 4715 ’
392 4711 608 4770 Caveus
629 4710 696 4777 “,
743 4705 1056 4762 Baraterius
1091 4704 1162 4766 ⁸⁸,
1204 4711 1366 4770 atque
1391 4708 1448 4752 ut
1488 4699 1626 4754 alios
1669 4707 1957 4770 praeterea-

395 4817 542 4865 mus,
566 4798 632 4855 ν.
663 4797 728 4852 C.
760 4795 1099 4852 Fontaninus
1126 4793 1210 4858 “;
1238 4789 1334 4860 qui
1365 4799 1566 4852 tamen,
1607 4788 1691 4843 sui
1736 4789 1956 4854 oblitus,

393 4893 649 4961 deinceps
687 4889 940 4943 Hermann
977 4883 1404 4942 ecclesiasticum
1435 4880 1616 4934 saeculi
1651 4895 1689 4934 ιι
1727 4881 1958 4949 scripto-

394 4999 514 5039 rem
583 4982 834 5052 appellat.
887 4979 1043 5045 Quod
1103 4976 1322 5046 quidem
1366 4972 1628 5044 judicium
1681 4973 1830 5026 hisce
1871 4989 1960 5028 ra-

394 5074 610 5130 tionum
651 5072 942 5128 momentis
978 5069 1229 5125 innititur
1263 5085 1276 5121 :
1307 5065 1550 5120 Primum
1588 5079 1780 5133 nempe
1816 5064 1958 5119 seri-

2061 4503 2428 4565 adnotandum
2477 4508 2810 4564 curavimus.
2857 4506 3080 4576 Aliquot
3117 4509 3337 4579 insuper
3381 4509 3624 4566 Pastoris

2063 4602 2367 4672 fragmenta
2395 4599 2468 4652 in
2516 4598 2708 4653 eodem
2761 4600 3277 4672 pseudo-Athanasii
3323 4616 3485 4671 opere
3532 4603 3627 4657 de-

2063 4694 2318 4758 teximus,
2359 4706 2480 4761 quae
2521 4698 2637 4744 tum
2681 4691 2753 4746 cl.
2797 4692 3082 4759 editorem,
3137 4700 3249 4746 tum
3281 4693 3416 4749 alios
3460 4695 3623 4754 etiam

2062 4787 2242 4856 ipsum
2266 4795 2506 4852 secutos,
2545 4781 2822 4856 fugerunt,
2856 4793 2916 4838 ut
2945 4783 3001 4838 in
3037 4783 3183 4840 notis
3212 4784 3474 4856 subjectis
3507 4805 3627 4846 mo-

2061 4879 2304 4932 nuimus.

2133 4969 2285 5024 llaud
2327 4966 2522 5023 minori
2559 4967 2740 5023 studio
2781 4968 3058 5037 antiquam
3097 4969 3405 5026 versionem
3438 4984 3625 5026 recen-

2059 5063 2293 5126 suimus,
2317 5061 2505 5118 sedulo
2540 5059 2753 5116 collatis
2795 5060 2956 5116 variis
2985 5057 3329 5129 lectionibus,
3351 5077 3488 5133 quas
3511 5061 3622 5116 Coo

467 5255 512 5288 θ’
545 5250 762 5321 Prosp.,
795 5249 890 5321 lib.
915 5259 1086 5321 contr.
1129 5247 1492 5321 Collat.,5:_ap.
1526 5245 1646 5321 50._
1674 5245 1979 5321 ‘°Hieron.,
2001 5242 2216 5321 _li_b._D_e
2238 5245 2335 5321 oir_.
2365 5243 2589 5321 illum,
2615 5258 2734 5313 cap.
2771 5241 2857 5297 l0.
2904 5242 2944 5274 “
2966 5241 3168 5321 Farlant.
3191 5284 3207 5309 ,
3239 5241 3446 5321 Illyric.
3471 5258 3618 5321 sacr.

392 5331 507 5380 tom
554 5321 597 5388 l,
631 5313 757 5392 pag.
795 5318 919 5374 400.
974 5319 1221 5373 “Dodw.
1250 5318 1305 5371 in
1347 5313 1572 5398 Dissert.
1599 5316 1818 5386 singul..
1846 5331 1966 5384 cap.
1993 5316 2082 5381 il,
2115 5315 2142 5386 ᾗ
2174 5315 2228 5379 5,
2260 5315 2325 5370 ad
2362 5313 2548 5369 Pears.
2590 5323 2828 5384 postum.
2847 5329 2988 5435 ἕξις.

394 5396 459 5435 ..Α
498 5393 721 5435 Dicunt-
769 5390 905 5435 Iren-
926 5429 940 5435 ,
971 5405 1094 5435 nae-
1129 5389 1250 5435 I58-
1325 5386 1370 5418 ⁸³
1393 5385 1526 5435 ΜιΙΙ.
1562 5384 1860 5435 Proleaom.
1885 5387 1954 5435 ad
1981 5384 2117 5435 Nov.
2148 5383 2311 5435 Test..
2343 5402 2397 5435 n.
2428 5386 2548 5435 145.
2627 5384 2813 5435 “Cav.
2902 5393 2987 5435 tst.

392 5396 460 5449 nd
498 5383 730 5448 Dis'sert:
769 5390 905 5445 Iren.
925 5429 942 5455 ,
971 5405 1094 5460 pag.
1129 5389 1250 5442 158.
1324 5386 1370 5460 ξ’
1393 5385 1526 5460 Mill.
1562 5383 1866 5460 Prolegom.
1884 5383 1956 5460 ad
1981 5383 2311 5460 Nov.‘Te_s_t.,
2342 5402 2397 5460 ιι,
2428 5386 2548 5439 145.
2574 5383 2605 5460 ς
2627 5384 2813 5460 “Cav.

3034 5313 3170 5377 158,
3206 5322 3258 5366 et
3287 5315 3338 5365 iu
3381 5313 3617 5368 addend.

2902 5381 2987 5436 ist.
3013 5383 3201 5446 litter.,
3231 5393 3363 5435 tom.
3388 5381 3428 5452 l.
3454 5399 3508 5452 p.
3525 5382 3615 5438 3|.

395 5462 637 5534 f'ﬂarat.
664 5451 1143 5534 Qisquisa'cl'trdnq
1171 5473 1290 5526 eap.
1321 5457 1377 5522 5,
1405 5456 1510 5534 §_3,
1535 5451 1818 5534 pagLZiQ.‘
1854 5455 1902 5534 δῖ
1917 5454 2320 5534 Fontanflisht.
2357 5457 2520 5508 litter.
2552 5455 2752 5534 Aquila
2776 5455 2869 5507 lib.
2901 5469 2960 5517 ιι,
2992 5468 3111 5534 (ιριιο
3140 5454 3191 5515 1,
3231 5468 3352 5534 pag.
3376 5451 3476 5534 ‘64,
3523 5454 3615 5534 9.5.

391 5533 440 5567 ⁵³
458 5531 642 5588 Herm.
677 5522 834 5586 'Past.
867 5531 963 5584 lib.
985 5529 1156 5591 t,-vis.
1185 5522 1254 5591 ιι,
1282 5522 1484 5596 cap.'4.
1535 5522 1758 5580 'WVide
1782 5524 1991 5596 Proleg.
2033 5526 2102 5596 ad
2146 5525 2220 5596 VS.
2259 5522 2944 5596 Clementem'Romanurn
2967 5522 3248 5596 L‘Iiujusce

3337 5522 3619 5592 atrqlogia

391 5610 435 5658 ι.
467 5603 512 5658 Ι.
583 5602 628 5635 δ’
656 5601 838 5658 Herm.
887 5590 1062 5664 Past.,
1098 5597 1190 5651 lib.
1224 5590 1262 5663 ι,
1286 5590 1388 5651 vis.
1420 5612 1500 5658 ιιι,
1533 5612 1653 5664 cap.
1697 5595 1719 5649 ί
1753 5604 1806 5650 et
1833 5595 1886 5648 2.
1944 5590 2108 5648 "Hd.
2134 5595 2286 5658 ibid.,
2316 5597 2420 5664 vis.
2454 5610 2527 5656 tv,
2560 5609 2680 5664 cap.
2701 5593 2757 5648 2.
2833 5595 2876 5664 ἐι
2898 5590 2943 5664 ll
2969 5590 3108 5664 Tim.
3136 5609 3208 5658 tv,
3237 5593 3325 5647 l7.
3369 5590 3611 5664 "Herm.

393 5673 575 5744 Past.,
596 5673 693 5732 lib.
725 5689 808 5743 ιιι,
837 5669 1002 5728 simil.
1036 5662 1154 5736 vin,
1181 5662 1301 5738 cap.
1329 5667 1384 5722 ὅ.
1454 5668 1506 5704 ³³
1519 5662 1828 5738 Prolegom.
1856 5679 1965 5734 cap.

2087 5673 2220 5720 sect.
2255 5665 2307 5734 1,
2338 5663 2449 5736 59.
2528 5665 2575 5697 δι
2600 5662 2762 5720 Herm
2812 5662 2942 5718 ibid.
2971 5663 3063 5718 ιιι).
3094 5679 3132 5731 ι,
3177 5664 3255 5718 vis
3302 5677 3377 5731 iv,
3399 5678 3522 5736 cap.
3554 5662 3610 5716 2.-

2607 1862 2655 1907 et
2693 1853 2945 1907 liberatus
2979 1869 3096 1906 sum
3130 1852 3194 1906 de
3219 1868 3307 1906 ore
3344 1853 3528 1908 leonis.
3558 1853 3635 1909 lla
3707 1873 3710 1875 λ
