4074 6154
407 211 510 266 875

1640 211 1932 270 rasron.
1973 244 2037 256 —
2078 179 2439 270 enormia.

3523 221 3629 277 κη

407 330 680 398 spirantes
709 329 1053 385 adnotamns.
1101 333 1315 389 Primus
1365 331 1597 388 habetur
1647 337 1786 405 apud
1834 336 1966 390 ller—
1995 343 2040 397 Α
2067 337 2274 395 ratione
2315 335 2576 405 Spiritum
2619 344 2868 392 sanctum
2911 337 3056 393 dicat
3102 335 3338 391 Filium?
3375 337 3632 391 nimirum

405 433 552 472 mam
585 419 794 474 visione
823 437 882 482 ll,
909 437 957 474 c.
993 422 1027 475 4
1058 440 1071 476 :
1117 424 1289 476 Anum
1320 424 1469 478 illam
1507 466 1522 480 .
1565 465 1578 478 .
1630 467 1642 478 .
1683 443 1840 496 quam
1875 443 1974 495 pu—

405 521 485 564 tas
513 513 668 566 esse?
698 551 713 566 .
758 552 773 566 .
817 551 832 567 .
875 511 971 566 Est
1004 514 1244 569 Ecclesia
1277 516 1390 571 Dei.
1424 517 1626 573 Confer
1655 519 1968 590 Apocalyps.

405 616 436 656 c
494 619 591 658 xu.
624 602 765 657 Idem
805 604 1002 660 vision.
1033 621 1106 669 Iv,
1131 622 1180 660 e.
1205 607 1239 660 2
1267 626 1278 660 :
1321 607 1499 662 Bestia
1529 610 1637 664 Iuec
1679 611 1850 680 ﬁgura
1895 620 1973 665 est

406 711 667 765 pressura!
695 699 1118 764 superuenienlis.
1153 700 1342 756 Collat.
1383 701 1551 772 Apoc.
1585 719 1634 758 c.
1667 720 1764 759 xu.
1803 703 1968 764 Idem.

405 790 607 845 ibidem
634 807 649 842 :
680 789 832 854 Ecce,
861 794 1088 847 occurrit
1113 795 1242 848 mihi
1265 797 1406 863 virgo
1431 796 1670 866 quaedam
1693 808 1970 866 exornata,

407 893 658 953 tanquam
694 901 760 938 ea:
798 884 1027 939 thalamo
1064 887 1313 956 prodiens'
1338 898 1450 943 tota
1488 891 1544 944 in
1585 890 1740 945 albis.
1774 890 1968 946 Collat.

404 975 574 1045 Apoc.
617 992 666 1031 c.
704 993 818 1043 χχι,
853 994 902 1032 v.
930 979 985 1033 2.
1011 977 1153 1033 Idem
1186 981 1286 1036 vis.
1320 997 1399 1046 Ill,
1425 996 1474 1037 c.
1506 981 1540 1036 2
1567 998 1580 1033 :
1615 981 1802 1036 Nonne
1829 984 1970 1038 uides

406 1076 588 1120 contra
633 1075 681 1122 te
737 1071 928 1123 turrim
975 1087 1253 1142 magnam,
1297 1090 1414 1144 qua:
1462 1074 1760 1144 aediﬁcatur
1817 1091 1973 1145 super

406 1173 571 1228 aquas
596 1155 860 1227 lapidibus
884 1161 1159 1232 quadratis
1205 1165 1512 1234 splendidis.
1555 1166 1690 1220 Coll.
1716 1166 1882 1236 Apoc.
1917 1183 1968 1222 c.

407 1267 518 1312 nl,
545 1267 596 1305 v.
631 1251 717 1306 19.
750 1253 914 1319 Idem,
942 1255 1138 1309 ibidem
1170 1271 1183 1308 :
1216 1254 1281 1308 In
1324 1258 1583 1326 quadrato
1629 1261 1766 1312 enim
1796 1259 1968 1327 cedi/i-

407 1344 613 1396 cabitur
658 1345 850 1398 turris.
880 1344 1075 1400 Collat.
1121 1347 1290 1416 Apoc.
1323 1363 1437 1414 xxI,
1466 1364 1519 1402 v.
1560 1348 1646 1403 16.
1672 1349 1816 1403 Idem
1863 1351 1965 1405 vis.

395 1449 626 1504 ,1n,cap.
655 1436 688 1490 5
718 1453 731 1489 :
759 1435 984 1505 Lapides
1012 1438 1220 1506 quidem
1243 1437 1326 1491 illi
1349 1439 1620 1506 quadrati,
1641 1448 1690 1493 et
1717 1440 1825 1493 albi
1847 1456 1972 1493 con-

405 1529 660 1581 venientes
697 1528 752 1582 in
790 1529 1149 1582 commissuris
1199 1531 1338 1597 suis,
1385 1532 1424 1585 ii
1460 1539 1588 1584 sunt
1630 1531 1875 1599 apostoli,
1920 1540 1970 1585 et

403 1621 648 1690 episcopi,
685 1629 735 1674 et
765 1621 1022 1687 doctores,
1057 1633 1104 1678 et
1143 1624 1392 1677 ministri.
1424 1623 1625 1679 Confer
1655 1623 1824 1693 Apoc.
1855 1639 1967 1690 ιιι,

2073 428 2172 498 τῆς
2217 427 2368 490 θείας
2414 427 2654 496 φύσεως,
2684 443 2777 482 seu
2825 428 3124 484 divinitatis
3165 438 3444 499 respectu,
3487 431 3633 500 quod

2076 519 2281 573 scilicet
2309 536 2373 573 ex
2406 518 2516 573 Deo
2541 517 2698 573 Patre
2735 519 2934 588 Spiritu
2986 521 3359 581 sanctissimo,
3397 521 3632 590 Spiritus

2075 611 2190 680 ipse
2232 611 2611 666 sanctissimus
2655 611 2889 676 existat,
2931 613 3220 681 respondet
3259 611 3322 667 V.
3351 613 3413 669 C.
3448 613 3634 671 Bullus

2076 700 2209 771 (16).
2246 700 2322 755 It'o
2346 701 2614 770 siquidem
2655 715 2816 756 sensu
2849 700 3038 755 titulus
3060 701 3293 770 Spiritus
3323 705 3497 759 sancti
3527 705 3635 760 sin-

2073 793 2213 862 gulis
2242 793 2486 860 personis
2513 790 2613 846 SS.
2642 789 2924 845 Trinitatis
2947 791 3106 845 tribui
3139 802 3332 860 potest.
3364 792 3628 848 Nimirum

2072 885 2243 938 tertias
2287 882 2584 938 divinitatis
2635 881 2927 935 ὑποστάσει
2971 881 3203 950 Spiritus
3249 885 3420 939 sancti
3451 886 3633 955 appel-

2072 971 2201 1027 latio
2225 973 2479 1026 tribuitur
2516 972 2732 1042 proprie
2753 1012 2768 1038 ,
2795 987 2903 1026 non
2933 969 3144 1040 φύσεως
3173 986 3269 1027 seu
3310 985 3516 1030 natura:
3545 991 3634 1032 re-

2074 1075 2296 1135 spectu;
2331 1081 2455 1120 nam
2495 1066 2577 1120 sic
2613 1077 2668 1119 et
2713 1064 2874 1118 Pater
2919 1063 3155 1135 Spiritus
3186 1076 3406 1123 sanctus
3446 1076 3548 1136 est,
3578 1077 3634 1127 et

2071 1153 2241 1210 Filius
2271 1156 2490 1224 quoque
2515 1154 2625 1225 (17)
2651 1171 2665 1220 ;
2699 1153 2792 1208 sed
2817 1153 3026 1208 ratione
3067 1156 3354 1212 ineli‘abilis
3379 1157 3633 1227 spiratio-

2071 1249 2180 1313 nis,
2211 1264 2318 1318 qua
2362 1263 2426 1302 ex
2474 1247 2634 1300 Patre
2677 1261 2772 1316 per
2820 1245 3016 1299 Filium
3057 1248 3171 1319 ipse
3212 1250 3475 1319 procedit.
3509 1249 3635 1306 Haec
3688 1260 3693 1264 ‘

2071 1351 2250 1395 autem
2282 1342 2356 1395 ita
2395 1356 2454 1394 se
2493 1341 2715 1408 habere,
2750 1343 2930 1399 locum
2969 1342 3463 1415 inspieientil‘acile
3482 1352 3634 1413 pale-

2071 1431 2193 1485 bit:
2227 1431 2435 1486 scilicet
2481 1440 2627 1487 totus
2678 1433 2754 1487 ibi
2799 1433 3010 1490 Hermas
3053 1451 3232 1490 sermo
3267 1444 3350 1488 est
3388 1435 3455 1489 de
3495 1434 3633 1489 Filio

2072 1521 2200 1587 Dei,
2231 1522 2324 1590 qui
2353 1522 2422 1576 ob
2452 1533 2686 1576 nostram
2729 1524 2953 1578 salutem
2986 1541 3161 1579 servus
3205 1525 3377 1594 factus
3427 1534 3543 1590 est,
3582 1536 3630 1580 et

2073 1628 2280 1682 corpus,
2307 1614 2444 1684 quod
2470 1614 2729 1669 serviliter
2753 1624 3114 1670 conservatum
3153 1617 3276 1686 fuit,
3309 1619 3628 1688 assumpsit.

403 1682 456 1764 v.
488 1682 586 1764 14..
618 1682 762 1765 Idem
797 1711 895 1766 vis.
930 1682 1020 1779 tu,
1065 1728 1115 1767 c.
1148 1713 1182 1766 4
1214 1728 1228 1764 :
1269 1711 1401 1767 Cum
1445 1728 1567 1782 ergo
1611 1682 1972 1766 consummata
2003 1682 2046 1739 Β
2075 1682 2348 1761 Hactenus
2375 1705 2581 1761 Bullus.
2611 1707 2779 1763 Aliter
2802 1725 2914 1764 rem
2937 1682 3162 1779 exponit
3188 1707 3270 1763 Cl.
3301 1682 3546 1764 P.M6ssl
3575 1710 3627 1763 In

406 1798 568 1868 fuerit
623 1809 893 1854 structura
945 1802 1141 1869 turris,
1192 1818 1366 1856 omnes
1413 1801 1572 1854 simul
1623 1800 1973 1871 epulabantur

403 1898 557 1957 quta
585 1890 798 1956 turrim,
826 1899 876 1943 et
896 1889 1314 1961 honoriﬁcabunt
1337 1889 1502 1943 Deum
1537 1929 1550 1944 .
1585 1929 1600 1945 .
1648 1929 1664 1945 .
1704 1889 1803 1943 Dic
1836 1888 1968 1956 illis,

403 1979 543 2049 quod
575 1979 684 2033 haec
721 1981 900 2034 omnia
944 1982 1049 2035 sint
1082 1997 1223 2047 vera,
1251 1989 1302 2034 et
1338 1979 1475 2034 nihil
1513 1989 1664 2034 extra
1699 1980 1971 2034 veritatem

406 2081 503 2126 est.
531 2071 661 2127 Vide
701 2073 1055 2144 Apocalypsis
1083 2082 1244 2143 caput
1273 2088 1472 2136 x1x,_v.
1511 2073 1565 2128 9.
1594 2071 1738 2127 Idem
1773 2071 1971 2128 simili-

409 2165 521 2219 tu'l.
553 2179 669 2227 vm,
701 2179 749 2218 e.
775 2163 811 2217 2
841 2179 853 2216 :
887 2163 1031 2217 Tunc
1066 2165 1280 2217 nuntius
1305 2162 1516 2216 Domini
1539 2179 1756 2216 coronas
1787 2161 1969 2230 aﬂ'erri

400 2255 582 2324 jussit.
613 2255 808 2310 Allata:
847 2265 1022 2309 autem
1073 2264 1192 2309 sunt
1235 2271 1460 2320 σοι-ουτω,
1497 2254 1632 2308 velut
1672 2269 1735 2308 ea:
1776 2255 1969 2324 palmis

409 2345 588 2412 factm,
637 2353 685 2398 et
715 2347 979 2399 coronavit
1020 2361 1107 2399 eos
1149 2345 1286 2399 uiros
1325 2345 1540 2398 nuntius
1569 2383 1584 2396 .
1619 2383 1633 2397 .
1669 2385 1680 2398 .
1717 2343 1784 2398 Et
1811 2344 1969 2412 jussit

405 2454 492 2490 eos
518 2437 594 2491 ire
628 2438 680 2491 in
712 2439 920 2492 turrim.
952 2436 1144 2493 Collat.
1165 2437 1335 2507 Apoc.
1368 2451 1418 2490 c.
1441 2453 1539 2499 vn,
1563 2453 1615 2490 v.
1635 2436 1688 2492 9.
1723 2437 1864 2491 Idem
1889 2437 1968 2491 si-

409 2527 522 2581 mil.
560 2544 633 2594 tv,
665 2544 714 2582 c.
747 2528 814 2581 12
849 2547 862 2582 :
893 2527 1060 2583 Nemo
1089 2527 1309 2582 intrabit
1372 2530 1426 2580 in
1471 2543 1684 2598 regnum
1719 2527 1834 2591 Dei,
1866 2527 1968 2581 nisi

405 2619 498 2688 qui
519 2619 769 2688 acceperit
791 2635 974 2674 nomen
1013 2618 1146 2673 Filii
1177 2618 1292 2673 Dei.
1322 2617 1517 2673 Collat.
1559 2617 1725 2688 Apoc.
1754 2634 1802 2673 c.
1828 2634 1964 2682 χχιι,

409 2727 458 2764 v.
489 2711 542 2765 4.

479 2802 520 2855 Ε
542 2804 681 2858 libro
705 2804 928 2874 insuper
954 2803 1320 2860 Ecclesiastici
1363 2819 1504 2858 unus
1532 2802 1672 2872 apud
1716 2801 1964 2856 llermam

406 2896 648 2951 occurrit
671 2895 824 2952 locus
855 2895 988 2967 (15).
1021 2897 1286 2952 Caeterum
1314 2911 1416 2950 nos
1442 2911 1472 2949 e
1500 2895 1653 2950 libris
1689 2895 1966 2950 canonicis

2073 1795 2216 1850 notis
2243 1796 2307 1849 ad
2333 1797 2476 1851 hunc
2494 1796 2696 1862 locum,
2721 1807 2776 1853 et
2800 1814 2918 1853 mea
2939 1799 3154 1869 quidem
3179 1800 3434 1868 Opinione
3462 1800 3630 1854 multo

2072 1887 2272 1942 clarius
2296 1903 2360 1942 ac
2377 1887 2617 1955 felicius,
2637 1891 2763 1944 dum
2789 1891 2894 1945 ait:
2919 1911 2938 1942 ‹
2966 1890 3116 1945 Haud
3139 1891 3464 1957 mirandum,
3481 1892 3626 1962 quod

2073 1973 2308 2047 Spiritus
2333 1985 2555 2033 sanctus
2575 1993 2697 2034 eum
2736 1979 2877 2034 Filio
2907 1980 3122 2036 Domini
3153 1979 3305 2036 fundi
3349 1997 3630 2052 compare-

2073 2078 2178 2135 tur,
2210 2071 2337 2139 quia
2368 2071 2483 2140 ipsa
2523 2087 2740 2142 quoque
2780 2071 3062 2143 Scriptura
3104 2081 3211 2128 tam
3257 2071 3426 2140 Filio,
3461 2090 3626 2144 quam

2073 2159 2297 2230 Spiritui
2347 2170 2540 2218 sancto.
2585 2163 2912 2232 peculiarem
2944 2163 3201 2220 Ecclesia:
3231 2180 3417 2219 curam
3465 2173 3630 2236 atque

2071 2252 2517 2320 gubernationem
2564 2253 2805 2307 ascribit.
2857 2273 2875 2304 ι
2915 2252 3006 2308 Sic
3035 2255 3175 2323 apud
3207 2253 3516 2309 Matthzeum
3551 2256 3630 2311 Ie-

2071 2343 2247 2412 gimns
2301 2363 2313 2397 :
2372 2342 2500 2397 Ecce
2548 2360 2639 2413 ego
2693 2344 2954 2397 vobiscum
2988 2361 3104 2398 sum
3149 2346 3385 2400 omnibus
3423 2346 3627 2414 diebus,

2070 2451 2229 2505 usque
2253 2437 2320 2488 ad
2342 2436 2839 2489 consummationem
2861 2436 3042 2490 steculi
3059 2438 3188 2491 "-5".
3203 2436 3267 2490 Et
3295 2438 3436 2507 apud
3457 2437 3626 2494 Joan—

2070 2543 2191 2583 nem
2234 2546 2246 2580 :
2281 2526 2348 2580 Et
2382 2545 2472 2598 ego
2505 2528 2698 2598 rogabo
2732 2528 2964 2595 Patrem,
3005 2537 3054 2581 et
3085 2528 3252 2582 alium
3290 2529 3628 2585 Paracletum

2069 2618 2212 2671 dabit
2235 2618 2396 2679 vobis,
2429 2629 2484 2671 ut
2524 2631 2729 2674 maneat
2769 2620 3116 2675 vobiscum-in
3156 2630 3433 2688 ceternum,
3463 2619 3630 2691 Spiri-

2070 2721 2179 2764 tum
2203 2712 2436 2765 veritatis
2468 2712 2530 2764 ⁸⁸.
2559 2711 2728 2767 Vocat
2760 2714 2940 2782 itaque
2973 2711 3199 2767 Hermas
3220 2710 3481 2782 Spiritum
3504 2730 3628 2768 tan-

2068 2810 2210 2854 ctum
2237 2801 2439 2856 Filium
2466 2802 2888 2871 Patrisfamilias
2910 2846 2923 2868 ,
2950 2803 3097 2873 quod
3139 2804 3230 2857 ille
3273 2804 3629 2873 quemadmo-

2069 2893 2198 2948 dum
2231 2892 2476 2949 etFilius
2506 2893 2596 2948 Dei
2636 2893 2889 2949 Ecclesiae
2926 2909 3112 2948 curam
3148 2902 3297 2964 gerat
3325 2895 3625 2951 assiduam.

403 2999 615 3043 tantum
645 2990 772 3055 illis,
816 2990 910 3059 qui
954 2991 1251 3059 aliquando
1302 2989 1690 3045 controversiis
1734 2987 1963 3058 subjecti
1992 3010 2039 3071 α
2141 2983 2314 3051 Quam
2354 3001 2483 3040 sana
2517 2995 2569 3040 et
2597 2987 2666 3040 ab
2690 2986 2838 3040 omni
2868 2986 3069 3041 erroris
3093 2987 3407 3056 suspicione
3433 3002 3624 3049 Vacua,

406 3081 663 3146 fuerunt,
709 3083 829 3137 loca
879 3083 967 3138 hic
1023 3083 1396 3152 ascripsimus.
1445 3080 1673 3151 Reliqua
1728 3080 1963 3136 conferri

405 3181 637 3241 possunt
661 3174 804 3242 apud
857 3173 1190 3228 Lardnerum
1221 3173 1355 3243 (14).
1401 3171 1506 3227 Pro
1540 3171 1799 3227 coronide
1823 3171 1964 3226 dun-

405 3273 554 3319 taxat
578 3265 906 3321 adnotantes
949 3264 1202 3320 Hermam
1228 3273 1473 3320 nostrum
1501 3263 1622 3332 jure
1648 3262 1856 3332 optimo
1889 3262 1966 3314 in—

405 3365 492 3411 ter
516 3366 680 3412 testes
712 3357 1064 3428 gravissimos
1093 3357 1160 3410 de
1207 3356 1482 3410 authentia
1514 3353 1612 3408 SS.
1641 3353 1963 3423 Evangelia--

405 3466 526 3504 rum
577 3467 606 3504 a
646 3451 933 3516 Matthaeo,
977 3450 1158 3504 Marco
1201 3464 1266 3503 ac
1314 3449 1460 3503 Luca
1507 3445 1960 3514 conscriptorum,

405 3543 740 3612 praecipuum
773 3543 951 3596 locum
986 3540 1202 3606 mereri,
1229 3547 1414 3610 utpote
1442 3538 1535 3608 qui
1568 3538 1762 3591 borum
1794 3551 1962 3589 evan-

402 3634 718 3702 gelistarum
745 3634 1058 3697 sententias,
1085 3633 1248 3686 verba
1294 3631 1633 3701 phrasesque
1674 3627 1788 3683 suis
1814 3626 1868 3680 in
1899 3627 1965 3680 li-

407 3725 521 3780 bris
549 3740 796 3794 persaepe
829 3724 1097 3794 expressit
1137 3733 1299 3792 atque
1330 3721 1573 3776 imitatus
1598 3719 1738 3786 fuit;
1773 3734 1964 3788 quem-

403 3815 700 3870 admodum
737 3817 788 3870 id
815 3816 898 3869 vir
929 3815 1334 3870 eruditissimus
1360 3812 1640 3867 Fassinius
1669 3827 1731 3864 ex
1775 3810 1964 3866 ordine

405 3904 472 3960 D.
505 3903 768 3960 Dcmiuici
806 3921 907 3961 suo
954 3906 1009 3960 in
1040 3889 1492 3975 prazstantistsimo
1534 3917 1694 3972 opere
1732 3901 1806 3955 De
1837 3918 1965 3971 apo-

402 3996 594 4050 stolica
621 3995 1022 4066 Evangeliorum
1048 3996 1249 4066 origine
1277 3995 1706 4050 Iuculentissime
1735 3993 1961 4048 demon-

404 4088 616 4144 stravit.

691 4180 720 4253 ς
751 4179 814 4234 II.
841 4179 917 4234 De
945 4177 1047 4234 SS.
1094 4177 1371 4232 Trinitatis
1402 4176 1668 4244 mysterio.

474 4269 890 4326 Sanctissimum
918 4267 1203 4322 Trinitatis
1244 4265 1559 4336 mysterium
1587 4262 1690 4318 sub
1723 4260 1957 4331 quadam

2066 3086 2124 3132 et
2145 3092 2276 3147 pura
2313 3076 2476 3132 luerit
2504 3077 2711 3132 Hermae
2739 3079 2806 3132 de
2830 3093 3080 3146 suprema
3113 3078 3317 3133 Christi
3345 3080 3627 3134 divinitate

2066 3169 2333 3223 sententia
2353 3208 2367 3230 ,
2395 3169 2478 3222 bis
2513 3169 2596 3222 vir
2633 3169 2701 3222 cl.
2730 3168 3003 3230 Petavius.
3033 3170 3244 3224 tametsi
3292 3171 3426 3224 alias
3473 3180 3626 3226 ante.

2064 3256 2299 3313 Nicaenis
2323 3255 2574 3312 Patribus
2599 3273 2789 3326 parum
2824 3257 3026 3312 favisse
3043 3259 3312 3326 videatur,
3340 3259 3520 3314 verbis
3543 3259 3628 3324 di-

2067 3359 2207 3404 serte
2232 3350 2465 3419 explicat
2493 3349 2604 3420 (18)
2635 3369 2650 3404 :
2683 3369 2703 3401 «
2737 3351 2820 3406 Ab
2841 3351 3244 3417 vetustissimis,
3277 3351 3472 3420 inquit,
3497 3351 3626 3406 scri-

2067 3441 2312 3508 ptoribus
2336 3480 2349 3493 .
2378 3481 2393 3494 .
2423 3479 2438 3494 .
2482 3454 2582 3495 nec
2609 3440 2678 3494 ab
2712 3441 2823 3494 ullo
2856 3441 3100 3506 haeresis,
3133 3439 3362 3510 falsique
3391 3441 3626 3496 maxime

2065 3531 2131 3585 de
2155 3531 2420 3586 Trinitate
2440 3532 2707 3601 dogmatis
2737 3531 3082 3586 insimulatus
3107 3541 3220 3585 est-
3239 3550 3258 3582 ›
3285 3531 3458 3597 Quam
3483 3541 3625 3587 recte

2066 3638 2194 3676 vero
2221 3623 2287 3677 de
2302 3622 2482 3677 divina
2512 3621 2673 3675 Verbi
2706 3632 2895 3675 natura
2930 3622 3016 3674 ille
3046 3621 3298 3685 senserit,
3330 3636 3490 3674 nemo
3517 3623 3622 3677 nisi

2068 3711 2375 3766 Sucinianze
2414 3725 2477 3764 ae
2517 3709 2936 3764 dementissima:
2978 3710 3296 3764 temeritatis
3326 3708 3486 3764 homo
3525 3726 3625 3762 un—

2065 3819 2227 3872 quam
2282 3801 2574 3871 negaverit.
2617 3800 2754 3867 Quid
2805 3803 2949 3856 enim
3006 3816 3189 3870 quaeso
3237 3800 3306 3854 ad
3353 3816 3622 3855 summam

2069 3895 2227 3948 Verbi
2253 3894 2587 3948 divinitatem
2633 3895 2791 3962 plane
2834 3894 3212 3948 declarandam
3253 3893 3338 3947 bis
3381 3894 3622 3947 auctoris

2064 3984 2234 4038 nostri
2281 3983 2458 4037 verbis
2506 3982 2708 4038 clarius
2745 3991 2798 4036 et
2842 3980 3169 4035 dilucidius?
3197 3979 3372 4034 Filius
3410 3981 3622 4050 quidem

2065 4077 2160 4130 Dei
2195 4077 2336 4129 omni
2380 4085 2620 4128 creatura
2655 4074 2924 4144 antiquior
2964 4084 3072 4138 est,
3104 4075 3203 4138 ita,
3232 4081 3287 4125 ut
3317 4073 3372 4126 in
3402 4073 3620 4127 consilio

2065 4169 2218 4222 Patri
2265 4185 2358 4221 suo
2389 4169 2619 4236 adfuerit
2666 4168 2734 4220 ad
2779 4166 3101 4220 condendam
3146 4175 3440 4219 creaturam
3485 4163 3647 4234 (19)..

2064 4261 2166 4328 Qui
2198 4259 2393 4314 Fdium
2435 4259 2528 4314 Dei
2574 4260 2724 4314 omni
2765 4271 3014 4314 creatura
3059 4259 3190 4313 dicit
3231 4259 3618 4327 antiquiorem,

402 4361 756 4417 similitudine
784 4359 994 4416 Hermae
1034 4360 1090 4413 in
1120 4359 1222 4414 hoc
1263 4371 1426 4426 opere
1479 4354 1702 4423 exponit
1742 4352 1952 4406 Pastor.
1987 4347 2032 4402 Β
2061 4355 2108 4408 is
2131 4364 2274 4408 certe
2302 4369 2424 4408 eum
2467 4362 2619 4408 extra
2650 4362 3023 4407 creaturarum
3055 4351 3300 4406 omnium
3328 4365 3616 4404 numerum

403 4453 655 4505 Dominus
693 4452 880 4522 fundi,
923 4451 1102 4520 inquit
1140 4434 1287 4520 (15).,
1318 4448 1711 4501 demonstratur
1739 4461 1851 4498 esse
1873 4445 1950 4510 is,

400 4546 489 4615 qui
514 4546 705 4598 creavit
729 4553 935 4606 cuncta,
962 4552 1011 4596 et
1034 4541 1177 4595 dedit
1213 4539 1320 4594 illis
1353 4541 1616 4593 virtutem.
1653 4535 1826 4590 Filius
1855 4553 1956 4590 au-

402 4650 504 4694 tem
532 4637 762 4708 Spiritus
793 4646 1003 4690 sanctus
1038 4644 1134 4689 est.
1169 4632 1356 4688 Servus
1394 4649 1508 4686 vero
1539 4632 1627 4685 ille
1657 4629 1828 4683 Filius
1866 4628 1959 4682 Dei

398 4740 496 4784 est.
525 4729 636 4785 Cur
673 4739 854 4785 autem
884 4728 1109 4783 Hermas
1153 4727 1254 4781 hoc
1295 4726 1416 4780 loco
1447 4725 1643 4778 Filium
1689 4723 1781 4776 Dei
1817 4721 1963 4776 dicat

399 4823 654 4877 servum?
679 4837 869 4893 nempe
897 4821 1103 4874 ratione
1123 4823 1378 4872 humanae
1394 4827 1627 4882 naturae;
1652 4825 1706 4870 et
1729 4814 1831 4870 sub
1853 4828 1958 4882 qua

470 4937 587 4992 ⁵³.⁸⁹
619 4936 808 4991 Matth.
838 4951 1030 4998 xxvm,
1062 4933 1153 4987 20.
1219 4931 1264 4964 ‘°
1288 4930 1446 4986 Joan.
1475 4946 1587 4995 xw,
1622 4930 1709 4983 16.

475 5109 586 5182 (15)
613 5112 871 5177 Hermas,
920 5111 1202 5182 similitud.
1256 5127 1344 5182 Ix,
1380 5124 1431 5163 c.
1467 5107 1539 5161 25
1571 5123 1585 5160 :
1623 5105 1792 5182 Homo
1837 5121 1954 5159 uero

400 5177 519 5238 cum
547 5185 614 5236 sit
647 5183 945 5253 languidus,
963 5181 1222 5245 mortalis,
1250 5179 1577 5253 inﬁrmus,et
1602 5177 1822 5253 repletus
1843 5192 1955 5242 pec-

399 5257 556 5316 catis,
582 5246 778 5309 ltomitii
805 5246 1186 5323 perseueranter
1212 5246 1481 5305 irascitur.
1505 5246 1704 5302 Confer
1726 5262 1776 5299 c.
1822 5261 1950 5298 xvul

400 5323 786 5390 Ecclesiastici,
813 5341 954 5378 vers.
983 5324 1074 5377 ει.

473 5395 584 5463 (14)
609 5385 858 5449 Lat-duer
888 5392 954 5446 In
998 5393 1090 5445 der
1129 5386 1609 5463 Glaubieurdiglteit
1621 5385 1712 5463 der
1736 5400 1952 5453 evange-

396 5456 590 5540 lisclten
615 5463 931 5540 Qeschichte,
964 5479 1014 5532 p.
1045 5472 1267 5540 mium.
1297 5460 1339 5540 1ἶ
1367 5476 1421 5529 p.
1446 5456 1671 5540 80101.

470 5535 581 5602 (15)
612 5533 820 5588 Ilermze
845 5528 1444 5602 Pasior,_similitud.v,
1468 5545 1517 5583 c.
1548 5528 1601 5582 5.

467 5595 580 5675 ξιδ)
611 5603 852 5673 Defensio
883 5603 1005 5670 ﬁdei
1038 5600 1288 5664 Nica'me,
1320 5609 1453 5655 sect.
1485 5616 1524 5664 ι,
1557 5614 1604 5652 c.
1629 5597 1682 5666 εὶ,
1717 5612 1836 5666 pag.
1864 5595 1950 5648 18.

713 5699 985 5757 ΡΑτιιοι..
1020 5693 1135 5753 Gn.
1173 5693 1226 5752 II

2055 5310 2133 5370 et'
2157 5310 2340 5370 Sancti
2397 5315 2682 5382 appellatio
2715 5330 2746 5366 a
2774 5310 3050 5380 Scriptura
3097 5323 3337 5382 accomrn

2061 4462 2126 4500 ac
2170 4461 2332 4514 supra
2377 4445 2590 4498 illarum
2652 4445 3016 4499 conditionem
3072 4451 3127 4496 et
3183 4450 3430 4496 naturam
3497 4455 3620 4496 esse

2062 4521 2616 4607 aperte’prouuntiat.
2668 4533 2769 4600 Qui
2825 4543 3006 4588 autem
3049 4542 3199 4588 extra
3241 4541 3614 4587 creaturarum

2063 4642 2369 4689 numerum,
2417 4639 2469 4680 et
2499 4625 2664 4693 supra
2695 4627 2909 4679 illarum
2954 4634 3202 4679 naturam
3243 4623 3612 4684 constituitur,

2063 4718 2150 4772 bic
2183 4715 2369 4785 procul
2419 4715 2585 4769 dubio
2634 4716 2938 4778 increatus,
2975 4725 3230 4780 retentus,
3275 4722 3330 4768 et
3363 4725 3614 4768 summus

2060 4824 2454 4881 supremusque
2481 4807 2624 4862 Deus
2651 4809 2930 4866 asseritur.
2957 4808 3090 4873 Quis
3119 4820 3352 4876 namque
3374 4815 3614 4862 creatum

2133 5104 2335 5176 07)Τῷ
2359 5105 2533 5176 Πατρὶ
2559 5103 2654 5157 καὶ
2671 5100 2896 5176 septis};
2924 5099 3064 5176 my}
3094 5098 3154 5152 τὸ
3201 5099 3314 5176 ῐσογ
3343 5095 3611 5176 ἦ-τεῄτοῠ

2059 5165 2516 5246 Eveniunt-agni}.
2542 5176 2574 5244 ἠ
2605 5171 2697 5246 tot")
2728 5165 3320 5246 "Ayit'lufkﬁotguwapa
3346 5165 3444 5246 Ἑξῆς
3474 5165 3611 5246 Γρα-

2059 5248 2164 5317 φῆς
2179 5237 2574 5326 ὲὶραρμόζεταιξ
2597 5263 2616 5294 ‹
2643 5243 2780 5297 Patri
2797 5237 2997 5297 etFilio
3011 5237 3261 5294 similiter
3277 5237 3609 5360 etiprritns,

2059 5328 2109 5360 nl
2157 5316 2338 5360 Sancti
2397 5315 2682 5360 annellatin
2715 5330 2744 5360 τι
2774 5310 3050 5360 Scrinium
3097 5323 3337 5360 accomm
3415 5316 3556 5360 atur.
3585 5324 3604 5356 ι

2058 5345 2109 5370 υι
2157 5345 2340 5370 oaucu
2397 5345 2682 5382 ill'PCllilluIU
2715 5345 2746 5366 ιι
2774 5345 2858 5366 υυι
2878 5345 3049 5380 ιγιυια
3097 5345 3525 5364 αιυυιιιιιιυυιιιυ-
3544 5345 3556 5357 ο
3585 5345 3603 5356 ε

2058 5387 2116 5440 S.
2145 5386 2433 5456 Gregorius
2455 5383 2971 5456 Nysszenus,ouatio=
2993 5396 3033 5446 I,
3065 5389 3248 5456 contra
3270 5376 3606 5456 Eunontium.

2127 5447 2536 5524 (l8)‘Petavius,
2571 5463 2700 5507 tom.
2724 5451 2788 5517 iI,
2815 5449 3056 5521 Tlieolog.
3085 5448 3345 5519 dogmat.,
3373 5447 3610 5518 praefat"

2059 5540 2175 5586 cap.
2206 5525 2260 5587 2,
2296 5524 2323 5594 §
2350 5525 2401 5579 6.

2130 5595 2241 5664 (19)
2269 5593 2514 5657 Hermas,
2548 5593 2750 5648 similit.
2784 5609 2859 5660 ix,
2883 5591 2978 5646 lib.
3015 5606 3096 5658 ιιι,
3123 5603 3245 5658 cap.
3273 5587 3361 5644 l2.

3220 5679 3300 5741 28
