4074 6154
371 174 479 231 875

1707 203 1711 206 .
1788 147 1854 209 ὃ.
1896 143 2159 207 ΗΕΒΜιΕ

3502 146 3611 207 m

371 301 516 356 inter
532 300 591 349 et
617 270 944 351 increatum,
967 283 1107 341 inter
1134 281 1303 337 Deum
1357 284 1412 333 et
1450 283 1758 331 creaturam
1804 269 1941 325 nihil
1969 274 2018 330 Α
2045 266 2315 337 adfuerat,
2338 237 2584 337 ejusdem
2623 280 2749 323 cum
2777 265 2897 336 ipso
2927 264 3072 321 sicut
3096 275 3303 322 natura
3327 266 3405 323 ita
3430 278 3485 324 et
3509 285 3608 340 po-

373 387 601 446 omnino
636 381 874 439 medium
918 393 1039 433 esse
1084 371 1333 446 ignorat?
1390 368 1634 438 Denique
1688 363 1940 420 eumdem

375 481 471 536 Dei
512 476 711 532 Filium
766 471 834 527 ad
873 451 1213 526 condendam
1272 470 1577 518 creaturam
1629 456 1778 511 Patri
1842 469 1944 509 suo

375 581 582 625 aeterno
630 562 872 619 adfuisse
908 558 1002 629 qui
1033 556 1216 621 tradit,
1263 554 1310 607 is
1332 551 1573 623 profecto
1614 548 1764 601 illum
1795 544 1941 600 Patri

375 675 481 717 suo
509 666 841 714 coseternum
887 649 1199 706 ﬁrmissime
1228 653 1528 702 asseverat.
1562 641 1761 696 Eodem
1786 640 1946 710 plane

376 767 540 809 sensu
583 748 811 803 Hermas
857 743 1022 816 paulo
1061 738 1312 809 superius
1346 738 1561 792 dixerat
1598 751 1611 786 :
1663 732 1730 788 In
1767 730 1946 788 servili

376 843 673 898 conditione
712 855 814 892 non
847 836 1061 906 ponitur
1088 830 1265 885 Filius
1294 828 1410 894 Dei,
1438 826 1526 882 sed
1555 827 1610 880 in
1638 840 1828 894 magna
1852 840 1949 892 po—

379 943 566 989 testate
595 941 643 986 et
667 929 886 999 imperio
918 924 1052 995 (20).
1083 920 1287 976 Omnes
1319 920 1519 990 quippe
1544 925 1809 972 creaturae
1840 914 1949 970 Deo

380 1023 656 1087 serviunt;
694 1016 942 1089 quoniam
986 1012 1195 1075 omnia,
1228 1009 1308 1064 uti
1334 1008 1402 1063 de
1429 1006 1541 1062 Deo
1567 1006 1715 1059 canit
1737 1003 1948 1059 Psaltes

380 1114 564 1183 regius
591 1112 661 1178 “,
689 1110 920 1165 serviunt
944 1104 1059 1159 tibi.
1090 1102 1194 1169 Qui
1218 1115 1348 1171 ergo
1374 1100 1428 1153 in
1452 1096 1629 1152 servili
1651 1096 1950 1150 conditione

379 1222 481 1260 non
512 1204 747 1274 ponitur,
783 1199 873 1255 hic
908 1204 1158 1253 creatura
1190 1207 1291 1247 nec
1318 1206 1439 1246 esse
1463 1204 1563 1244 nee
1592 1187 1700 1243 dici
1737 1195 1947 1257 potest;

379 1297 473 1370 qui
519 1303 699 1350 autem
749 1298 999 1347 creatura
1042 1299 1162 1340 esse
1206 1293 1262 1338 et
1303 1282 1411 1336 dici
1452 1288 1659 1349 nequit,
1686 1277 1777 1333 ille
1806 1286 1951 1333 certe

380 1390 525 1446 Deus
555 1389 670 1458 ipse
697 1393 801 1442 est.

450 1485 562 1552 Age
589 1493 740 1544 vero,
772 1475 818 1532 si
850 1474 937 1531 his
958 1469 1214 1529 omnibus
1238 1477 1293 1525 et
1320 1467 1426 1522 alia
1462 1464 1708 1534 adiicias,
1738 1476 1860 1532 quae
1883 1459 1953 1515 de

380 1577 569 1632 eodem
601 1572 696 1627 Dei
717 1570 858 1626 Filio
888 1570 957 1625 ab
985 1577 1207 1623 auctore
1228 1573 1417 1620 nostro
1445 1560 1645 1629 soripta
1681 1557 1949 1627 legimus:

2042 359 2257 415 testatis
2286 374 2500 429 semper
2521 357 2705 414 fuerit.
2735 356 2872 415 Cum
2897 369 3046 415 sarta
3076 358 3262 429 igitur,
3287 366 3451 425 tecta,
3476 361 3616 417 inte-

2043 465 2248 521 graque
2271 450 2344 505 sit
2362 448 2575 505 Hermas
2595 449 2768 506 nostri
2796 449 2864 504 de
2889 463 3103 504 summa
3119 449 3322 505 Christi
3339 449 3614 513 doctrina,

2043 558 2146 597 nec
2175 541 2308 613 quid
2337 543 2566 597 omnino
2591 551 2782 597 contra
2812 542 2957 596 illam
3004 542 3110 597 nisi
3149 542 3421 598 insulsum
3451 542 3615 612 plane

2043 645 2098 690 et
2131 635 2376 706 ineptum
2402 633 2618 689 eﬂ'utire
2637 634 2920 704 potuerint
2947 634 3184 690 haeretici
3209 651 3224 701 ;
3255 649 3401 690 unus
3430 642 3620 690 tamen

2045 741 2110 781 ex
2134 727 2243 781 illis
2265 740 2441 797 pauca
2461 724 2712 794 quaedam
2739 723 2912 794 ipsius
2952 725 3118 793 verba
3147 724 3381 791 arrosit,
3413 724 3617 794 quibus

2048 815 2286 889 Spiritus
2337 817 2513 873 sancti
2557 816 2900 873 divinitatem
2936 817 3006 871 ab
3050 830 3116 871 eo
3146 827 3397 888 negatam
3446 815 3627 875 fuisse

2046 911 2277 980 probare
2298 923 2585 979 perperam
2609 916 2840 963 conatus
2860 917 2964 964 est.
2988 906 3113 962 Han:
3138 923 3301 979 porro
3325 918 3472 973 sunt,
3495 925 3624 980 qua:

2048 1003 2139 1058 ille
2166 994 2327 1056 nobis
2356 1000 2548 1072 obiicit
2576 1019 2590 1055 τ
2625 999 2807 1073 Neque
2840 1018 2959 1055 cum
3003 1001 3147 1067 vult,
3197 1002 3397 1056 homini
3442 1001 3622 1073 loqui-

2050 1104 2141 1148 tur
2185 1092 2417 1162 Spiritus
2467 1102 2721 1158 sanctus,
2766 1093 2857 1147 sed
2887 1101 3010 1148 tunc
3040 1093 3310 1166 loquitur,
3349 1111 3469 1149 cum
3506 1094 3629 1151 vult

2048 1185 2189 1240 Deus
2218 1186 2356 1258 (25).
2391 1183 2498 1240 Sed
2530 1185 2576 1241 si
2608 1186 2755 1240 hunc
2776 1181 3128 1241 Socinianum
3144 1186 3421 1242 hominem
3469 1185 3624 1243 nel‘a-

2047 1278 2165 1333 rius
2209 1278 2448 1333 errantis
2495 1286 2659 1332 secta:
2705 1293 2861 1333 amor
2891 1294 3001 1351 non
3028 1278 3243 1348 penitus
3269 1279 3630 1345 obcaeeasset,

2052 1370 2410 1433 intellexisset
2441 1371 2629 1440 utique
2679 1371 2821 1426 hanc
2859 1386 2982 1427 esse
3023 1368 3233 1425 Hermae
3259 1370 3430 1425 nostri
3471 1388 3624 1425 men-

2052 1469 2181 1527 tem,
2210 1471 2265 1516 et
2287 1477 2511 1517 sensum
2542 1461 2800 1517 omnibus
2823 1461 2983 1517 facile
3009 1460 3230 1516 obvium
3259 1458 3482 1531 :‘Neque
3503 1476 3629 1515 cum

2055 1553 2208 1606 homo
2259 1550 2369 1605 vult
2396 1585 2411 1612 ς
2452 1551 2654 1605 homini
2687 1551 2922 1623 loquitur
2957 1549 3191 1622 Spiritus
3237 1563 3451 1606 sanctus
3476 1592 3493 1618 ,
3532 1552 3628 1606 sed

1189 1664 1447 1728 potestate
1468 1661 1525 1707 et
1552 1621 1796 1720 imperio;
1824 1646 1956 1701 alibi
1982 1621 2320 1737 ycumvult
2347 1640 2510 1696 Deus.
2542 1621 2790 1737 Atquitl,
2812 1642 3162 1737 Aobsecropes
3187 1641 3272 1696 his
3299 1640 3629 1737 verbiscon-

388 1773 518 1813 vero
543 1736 620 1811 ait
648 1774 660 1809 :
694 1753 898 1810 Nomen
944 1748 1077 1804 Filii
1107 1746 1206 1801 Dei
1240 1756 1487 1815 magnum
1523 1747 1601 1793 est
1620 1777 1635 1802 ,
1664 1745 1714 1791 et
1742 1736 1963 1788 immen-

386 1865 528 1913 sum,
553 1858 603 1901 et
627 1855 769 1901 totus
799 1844 864 1897 ab
907 1858 966 1895 eo
994 1848 1326 1896 sustentatur
1357 1832 1497 1888 orbis
1521 1829 1665 1901 (22);
1696 1843 1760 1883 ac
1787 1825 1964 1883 conti-

383 1958 495 1997 nuo
520 1948 642 2011 post
672 1957 685 1994 :
725 1936 910 1993 Omnis
940 1933 1037 1988 Dei
1063 1941 1309 1986 creatura
1358 1944 1451 1998 per
1486 1924 1534 1979 F
1537 1924 1688 1978 ilium
1709 1922 1822 1992 ejus
1845 1936 1965 1976 sus-

385 2041 639 2088 tentatur.
655 2028 751 2084 llis
766 2026 948 2081 verbis
961 2037 1232 2079 summam
1253 2020 1399 2074 illius
1421 2015 1761 2071 divinitatem
1776 2018 1963 2082 aperte

390 2121 693 2180 renuntiari
740 2118 983 2181 fatearis,
1008 2114 1233 2170 omnino
1278 2123 1500 2165 necesse
1531 2114 1633 2162 est.
1664 2103 1768 2160 Cui
1791 2102 1963 2167 enim,

385 2215 582 2272 amabo
610 2223 663 2267 te
685 2254 702 2279 ,
727 2226 791 2265 ea
818 2207 1004 2265 omnia
1054 2203 1350 2261 convenire
1392 2205 1628 2272 possunt
1655 2237 1670 2261 ,
1700 2196 1805 2251 nisi
1835 2208 1965 2250 vero

390 2306 483 2361 Dei
516 2303 676 2365 Filio,
713 2300 808 2371 qui
852 2297 1095 2369 ejusdem
1119 2308 1244 2349 eum
1270 2291 1430 2345 Patre
1455 2288 1528 2345 sit
1556 2285 1960 2351 immensitatis,

385 2394 705 2454 aeternitatis
731 2432 748 2457 ,
784 2387 1071 2462 potestatis
1110 2398 1166 2441 et
1208 2392 1435 2440 naturai.
1489 2379 1610 2436 Non
1657 2377 1964 2434 audiendus

388 2492 572 2559 itaque
596 2485 797 2557 impius
844 2481 1030 2538 nescio
1079 2478 1204 2550 quis
1249 2475 1618 2538 Socinianus,
1665 2470 1758 2541 qui
1803 2469 1963 2525 nobis

388 2595 670 2655 perperam
707 2575 898 2647 objicit
925 2572 1124 2628 Filium
1150 2569 1244 2623 Dei
1285 2566 1483 2622 ibidem
1516 2565 1585 2618 ah
1619 2561 1815 2616 Herma
1846 2577 1962 2655 ser-

385 2650 514 2730 vum
542 2667 822 2743 appellari,
849 2666 944 2737 qui
967 2671 1091 2735 post
1120 2676 1276 2716 suam
1307 2667 1513 2713 tantum
1539 2663 1769 2710 mortem
1799 2669 1830 2708 a
1858 2650 1963 2706 Pa-

388 2780 471 2825 tre
499 2781 663 2837 super
692 2761 954 2834 populum
1005 2771 1165 2813 suum
1199 2758 1524 2823 potestatem
1552 2762 1768 2802 omnem
1797 2760 1961 2805 acce-

389 2859 548 2930 perit.
598 2852 855 2923 Nunquid
890 2849 1035 2905 enim
1089 2844 1338 2905 Hermas,
1362 2856 1487 2897 cum
1540 2837 1761 2930 ibidem,
1815 2837 1959 2930 sicut

2062 1744 2147 1790 tra
2180 1734 2420 1805 Spiritus
2451 1734 2625 1790 sancti
2655 1734 3041 1790 divinitatem?
3087 1734 3198 1789 imo
3245 1748 3375 1790 vero
3402 1733 3530 1805 quid
3558 1747 3627 1788 es

2062 1827 2193 1891 illis,
2227 1827 2332 1882 nisi
2357 1842 2456 1896 pro
2485 1819 2781 1882 asserenda
2796 1825 2978 1880 divina
3000 1825 3147 1881 illius
3168 1834 3386 1892 natura,
3403 1824 3629 1881 conclu-

2062 1919 2118 1975 di
2148 1919 2365 1990 potest?
2386 1918 2462 1973 lbi
2486 1919 2631 1973 enim
2664 1917 2892 1975 Hermas
2921 1933 3084 1975 veros
3113 1919 3413 1988 prophetas
3438 1918 3628 1974 divino

2064 2011 2292 2081 Spiritu,
2317 2012 2540 2082 quando
2564 2012 2792 2083 ipsemet
2823 2012 3014 2079 voluit,
3043 2012 3251 2068 alliatos
3282 2011 3451 2069 fuisse
3477 2028 3631 2069 asse-

2061 2114 2237 2186 verat.
2270 2110 2340 2159 At
2360 2104 2487 2175 quis
2511 2105 2742 2172 nesciat,
2769 2114 3025 2161 strenuos
3040 2102 3273 2160 Nicamae
3295 2104 3421 2160 ﬁdei
3441 2102 3630 2159 defen-

2062 2214 2216 2255 sores
2260 2199 2365 2256 hoc
2415 2199 2485 2255 ad
2540 2199 2894 2255 debellandos
2946 2198 3184 2255 Arianos
3209 2241 3225 2266 ,
3279 2208 3335 2254 et
3392 2199 3630 2269 Spiritus

2062 2296 2239 2351 sancti
2285 2294 2626 2351 divinitatem
2672 2295 2948 2352 adversus
2973 2293 3402 2351 Macedonianos
3428 2293 3633 2350 invicte

2061 2386 2510 2457 propugnandam
2543 2385 2945 2452 eliicaeissimo,
2992 2393 3054 2441 ut
3093 2385 3253 2455 plane
3282 2400 3393 2439 non
3439 2385 3633 2440 imme-

2061 2478 2169 2533 rito
2200 2479 2487 2548 putabant,
2520 2493 2650 2534 usos
2682 2493 2807 2534 esse
2837 2487 3183 2549 argumento.

2131 2567 2345 2624 Hermae
2390 2568 2588 2625 Pastor
2627 2569 2767 2625 duas
2812 2569 3037 2638 insuper
3067 2568 3121 2622 in
3154 2567 3381 2623 Christo
3402 2575 3635 2624 natura!

2061 2660 2408 2729 apertissime
2459 2659 2780 2730 distinguit:
2822 2660 3063 2715 divinam
3096 2674 3285 2725 unam,
3329 2657 3634 2713 secundum

2060 2766 2223 2820 quam
2248 2750 2340 2805 Dei
2364 2750 2533 2806 Filius
2557 2762 2683 2806 ante
2699 2766 2918 2806 omnem
2945 2759 3252 2806 creaturam
3281 2752 3517 2817 exsistit,
3550 2752 3635 2805 ita

2059 2855 2118 2898 ut
2147 2844 2206 2897 in
2230 2843 2452 2898 consilio
2481 2841 2636 2919 Patri
2657 2860 2753 2897 suo
2781 2843 3016 2913 adfuerit
3042 2844 3114 2897 ad
3136 2843 3459 2898 condendam
3484 2860 3636 2897 crea-

389 2924 647 3010 vidimus,
674 2942 811 2998 dixit
837 2959 852 2997 :
880 2938 948 2994 In
977 2936 1154 2992 servili
1169 2933 1466 2989 conditione
1486 2946 1587 2984 non
1617 2929 1832 2999 ponitur
1862 2924 1958 2979 Fi-
1983 2959 2026 3017 α
2062 2943 2259 2988 mrum,
2297 2932 2375 2987 En
2407 2934 2676 3004 imegmm
2720 2942 2925 2989 mnum
2950 2933 3014 2990 Β,
3046 2933 3258 2989 Hermae
3305 2948 3404 3004 pm
3447 2934 3637 2990 divin.

388 3042 494 3095 tius
522 3037 643 3101 Dei,
669 3035 775 3090 sibi
806 3032 906 3103 ipsi
920 3028 1202 3093 absurde,
1239 3025 1533 3097 putideque
1563 3017 1960 3078 contradixisse

390 3130 787 3191 existimandus
808 3125 939 3181 est?
967 3121 1103 3189 Quis
1133 3136 1282 3177 sana:
1312 3116 1511 3172 mentis
1537 3115 1703 3170 homo
1750 3112 1802 3168 id
1859 3128 1961 3167 un-

392 3236 556 3288 quam
600 3231 844 3273 asserere
870 3256 886 3280 ,
924 3214 1035 3268 imo
1063 3209 1393 3281 cogitatione
1427 3206 1718 3276 animoque
1759 3204 1962 3272 lingere

390 3311 629 3369 audeat?
655 3307 788 3376 Quis
815 3319 965 3372 vero,
1020 3303 1063 3359 si
1105 3297 1537 3365 hunclauctoris
1581 3294 1751 3351 nostri
1780 3295 1961 3349 locum

398 3398 573 3469 aequis
621 3410 863 3465 unquam
927 3392 1120 3463 legerit
1163 3388 1383 3455 oculis,
1438 3386 1512 3442 ibi
1542 3386 1805 3447 continuo
1852 3399 1960 3439 non

393 3489 833 3553 animadvertat,
865 3492 1158 3554 utrumque
1180 3482 1256 3536 ab
1289 3481 1382 3535 illo
1411 3480 1479 3535 de
1507 3478 1709 3548 duplici
1755 3475 1961 3532 Christi

392 3592 610 3645 natura,
641 3594 766 3635 cum
790 3578 1053 3642 humana,
1089 3583 1202 3629 tum
1231 3572 1418 3627 divina
1447 3582 1594 3627 recte
1625 3570 1883 3627 traditum
1909 3578 1964 3625 et

391 3671 826 3744 pronuntiatum.
890 3664 1364 3735 Quemadmodum
1411 3664 1557 3719 enim
1611 3663 1864 3718 Christus
1894 3662 1963 3717 ab

394 3765 514 3834 ipso
534 3762 841 3818 secundum
862 3760 1102 3815 divinam
1125 3773 1279 3813 suam
1303 3767 1553 3813 naturam
1585 3757 1727 3810 omni
1755 3764 1964 3810 creatu-

395 3873 458 3909 ra
489 3853 760 3924 antiquior
784 3891 801 3916 ,
832 3852 888 3904 in
912 3849 1101 3904 servili
1152 3849 1452 3903 conditione
1480 3864 1583 3902 non
1609 3849 1824 3916 ponitur
1846 3862 1866 3911 ;
1888 3845 1963 3900 ita

397 3946 698 4003 secundum
720 3944 1018 3998 humanam
1049 3958 1228 3995 servus
1275 3940 1374 3995 Dei
1411 3940 1709 4011 appellatus
1750 3946 1852 3995 est.
1897 3938 1964 3992 Et

396 4039 452 4093 id
474 4036 694 4108 quidem
719 4034 963 4098 clarius,
998 4048 1163 4103 quam
1213 4032 1500 4102 ipsiusmet
1529 4030 1740 4086 Hermas
1784 4031 1964 4088 verbis

396 4127 659 4199 explicari
691 4140 800 4181 non
828 4133 1007 4195 potest
1035 4143 1050 4177 :
1080 4122 1196 4177 Hoc
1218 4138 1362 4194 ergo.
1398 4123 1595 4193 inquit,
1621 4122 1821 4178 Christi
1845 4139 1966 4177 cor-

396 4239 517 4293 pus,
550 4222 607 4275 in
641 4220 781 4292 quod
806 4219 1054 4274 inductus
1082 4228 1159 4272 est
1179 4217 1420 4288 Spiritus
1461 4227 1710 4284 sanctus,
1751 4219 1962 4274 servivit

2064 3033 2259 3080 natura
2283 3042 2298 3077 :
2319 3023 2563 3078 Primum
2583 3024 2836 3089 omnium,
2865 3023 3092 3090 domine,
3117 3024 3364 3094 inquam,
3387 3024 3484 3078 hoc
3504 3023 3640 3080 mihi

2062 3123 2385 3171 demonstra.
2429 3115 2593 3170 Petra
2624 3117 2734 3171 lucc
2772 3125 2821 3169 et
2867 3127 3024 3185 porta
3068 3116 3194 3186 quid
3247 3118 3413 3172 sunt?
3456 3116 3634 3182 Audi,

2063 3210 2242 3280 inquit
2267 3250 2283 3277 ,
2314 3218 2464 3280 petra
2488 3210 2599 3263 haec
2640 3218 2689 3264 et
2722 3219 2878 3278 porta
2904 3207 3083 3263 Filius
3119 3209 3218 3264 Dei
3245 3218 3343 3264 est.
3393 3206 3636 3274 Quonam

2063 3310 2240 3371 pacto,
2269 3302 2516 3372 inquam,
2547 3302 2778 3365 domine,
2807 3309 2954 3372 petra
2980 3309 3125 3356 vetus
3147 3310 3245 3365 est,
3274 3311 3431 3370 porta
3459 3310 3638 3355 autem

2065 3393 2237 3447 nova?
2259 3391 2421 3457 Audi,
2448 3392 2649 3463 inquit,
2677 3392 2927 3463 insipiens
2949 3402 2998 3446 et
3024 3392 3259 3462 intelligo
3274 3407 3292 3444 :
3316 3390 3494 3446 Filius
3517 3393 3638 3463 qui-

2062 3486 2182 3539 dem
2215 3484 2313 3539 Dei
2334 3486 2476 3541 ontni
2502 3494 2747 3540 creatura
2778 3486 3056 3554 antiquior
3082 3492 3182 3553 est,
3217 3485 3318 3549 ita,
3341 3493 3399 3538 ut
3429 3485 3484 3538 in
3512 3500 3639 3539 con-

2063 3577 2186 3632 silio
2227 3575 2388 3632 Patri
2437 3593 2532 3632 suo
2571 3578 2806 3647 adfuerit
2839 3578 2909 3632 ad
2936 3578 3260 3632 condendam
3292 3587 3635 3642 creaturam;

2063 3680 2218 3739 porta
2239 3678 2417 3725 autem
2456 3685 2733 3739 propterea
2761 3686 2896 3723 nova
2918 3678 3017 3735 est,
3054 3671 3183 3740 quia
3221 3669 3278 3722 in
3305 3683 3641 3727 consumma-

2064 3764 2205 3817 tione
2231 3762 2285 3815 in
2312 3761 2607 3816 novissimis
2646 3759 2829 3814 diebus
2872 3760 3144 3830 apparebit
3170 3799 3189 3824 ,
3218 3769 3275 3812 ut
3304 3760 3396 3830 qui
3420 3774 3639 3814 assecu-

2067 3854 2175 3907 turi
2191 3862 2315 3907 sunt
2329 3852 2579 3918 salutem,
2598 3868 2691 3922 per
2708 3868 2826 3905 eam
2849 3852 3047 3906 intrent
3068 3852 3126 3904 in
3143 3866 3358 3921 regnum
3382 3849 3481 3904 Dei
3495 3849 3640 3921 (εδ).

2000 4000 2005 4005 ,
2065 3944 2182 4001 Hoc
2231 3946 2416 4016 itaque
2461 3945 2515 4000 in
2564 3945 2686 4000 loco
2726 3943 2918 3999 Pastor
2958 3943 3239 3999 Christum
3281 3943 3501 3999 exhibet
3534 3942 3643 3998 sub

2065 4036 2304 4109 imagine
2330 4045 2443 4092 tum
2469 4045 2637 4107 petra:
2663 4037 2862 4091 veteris
2882 4076 2898 4103 ,
2930 4045 3203 4106 quatenus
3241 4033 3335 4091 Dei
3362 4034 3537 4090 Filius
3554 4044 3642 4089 est

2076 4138 2203 4184 ante
2232 4143 2449 4183 omnem
2479 4137 2785 4184 creaturam
2811 4142 2920 4182 una
2947 4142 3072 4182 cum
3104 4125 3268 4181 Patre
3328 4124 3642 4191 exsistens;

2065 4231 2182 4278 tum
2212 4229 2382 4292 portae
2426 4236 2618 4288 novre,
2653 4228 2926 4291 quatenus
2967 4219 3111 4274 idem
3161 4218 3327 4274 homo
3377 4217 3554 4273 factus
3582 4216 3643 4271 in

398 4315 485 4369 illi
516 4311 781 4383 Spiritui,
830 4322 966 4365 recte
1014 4311 1069 4363 in
1099 4310 1356 4364 modestia
1404 4308 1680 4364 ambulans
1715 4319 1766 4365 et
1806 4319 1969 4374 caste,
2004 4297 2050 4353 Ι)
2077 4312 2396 4369 novissimis
2431 4311 2625 4367 diebus
2659 4310 2931 4382 apparuit.
2961 4308 3087 4365 Haec
3138 4319 3319 4364 autem
3350 4325 3474 4364 cum
3505 4307 3644 4364 Her-

399 4420 561 4476 neque
581 4403 791 4458 omnino
822 4401 1105 4456 maculavit
1134 4398 1393 4469 Spiritum
1415 4398 1659 4453 illum....
1684 4399 1971 4454 Advocavit

400 4514 524 4569 ergo
565 4494 769 4555 Filium
822 4503 872 4549 et
923 4494 1136 4548 nuntios
1183 4490 1341 4546 bonos
1367 4531 1385 4559 ,
1433 4500 1492 4544 ut
1517 4500 1566 4545 et
1602 4490 1725 4545 huic
1770 4490 1971 4546 scilicet

401 4590 652 4660 corpori,
680 4587 819 4659 quod
853 4585 1061 4640 servivit
1109 4582 1336 4654 Spiritui
1376 4592 1559 4637 sancto
1587 4584 1701 4638 sine
1741 4584 1974 4654 querela,

402 4686 555 4739 locus
579 4683 775 4753 aliquis
803 4680 1124 4736 consistendi
1153 4681 1372 4734 daretur
1397 4720 1414 4745 ,
1446 4696 1508 4734 ne
1538 4679 1801 4734 videretur
1835 4696 1976 4735 mer-

402 4778 581 4833 cedem
636 4774 907 4829 servitutis
953 4789 1065 4828 suae
1113 4772 1425 4843 perdidisse.
1459 4773 1673 4842 Accepit
1712 4781 1887 4826 autem
1923 4779 1975 4825 et

399 4878 519 4944 post
539 4877 761 4923 mortem
800 4882 954 4920 suam
993 4866 1134 4920 idem
1160 4864 1359 4921 Christi
1387 4880 1604 4934 corpus,
1644 4864 1975 4931 humanaque

403 4959 640 5028 eiusdem
686 4967 884 5011 natura
929 4971 1136 5010 omnem
1167 4970 1324 5024 super
1350 4953 1597 5023 populant
1624 4959 1972 5023 potestatem;

406 5050 626 5127 tametsi
655 5051 887 5122 ipsemet
911 5048 1165 5104 Christus
1192 5087 1208 5113 ,
1255 5046 1349 5116 qui
1399 5046 1697 5102 secundum
1733 5044 1974 5101 divinam

407 5165 567 5206 suam
617 5146 981 5204 substantiam
1019 5143 1165 5199 Patri
1199 5143 1265 5199 ad
1294 5141 1631 5223 condendam
1663 5148 1971 5197 creaturam

479 5263 525 5295 “
552 5259 698 5317 Psal.
724 5275 914 5327 cxvm,
946 5258 1038 5315 9L

480 5416 595 5484 (20)
634 5414 887 5477 Hermas.
918 5413 1083 5470 simil.
1117 5429 1172 5477 v,
1198 5427 1322 5484 cap.
1352 5412 1408 5466 6.

479 5481 593 5557 (21)
635 5485 804 5557 idem,
833 5486 936 5557 lib.
968 5501 1025 5539 ιιι
1052 5527 1067 5552 ,
1101 5481 1388 5557 similitud.
1422 5499 1473 5549 v,
1505 5497 1623 5552 cap.
1652 5482 1761 5557 _5_et
1788 5481 1843 5536 6.

359 5570 365 5577 '
482 5554 597 5627 (22)
637 5555 802 5624 Idem,
832 5555 925 5609 lib.
953 5571 1045 5621 ιιι,
1074 5554 1355 5609 similitttd.
1392 5570 1467 5621 Ix,
1494 5568 1611 5625 cap.
1657 5555 1739 5608 l4.

2079 4419 2199 4460 mas
2227 4403 2469 4458 nondum
2496 4385 2848 4471 intelligeret,
2897 4415 3076 4471 neque
3126 4414 3320 4471 capere
3350 4399 3644 4469 potuisset,

2077 4513 2186 4568 qua
2218 4496 2427 4551 ratione
2452 4537 2468 4562 ,
2505 4495 2599 4565 qui
2622 4493 2794 4550 Filius
2822 4492 2919 4548 Dei
2946 4503 3048 4560 est,
3074 4493 3217 4549 idem
3247 4501 3302 4548 et
3330 4492 3424 4548 Dei
3450 4506 3646 4547 servus

2077 4590 2168 4656 sit,
2199 4588 2477 4643 Pastorem
2509 4590 2668 4642 suum
2703 4585 3029 4657 interrogat;
3066 4600 3237 4656 quare
3262 4584 3432 4641 Filius
3460 4584 3556 4641 Dei
3584 4585 3645 4639 in

2078 4679 2437 4738 similitudine
2465 4679 2569 4733 hac
2592 4720 2608 4745 ,
2641 4678 2827 4734 servili
2879 4680 3000 4734 loco
3043 4679 3298 4749 ponitur?
3326 4676 3465 4734 Huic
3493 4692 3647 4749 quae-

2058 4758 2241 4828 stioni
2296 4769 2589 4843 respondet
2623 4770 2842 4841 quidem
2886 4770 3118 4827 Pastor:
3152 4768 3221 4824 In
3252 4770 3433 4826 servili
3455 4771 3646 4824 condi-

2077 4868 2216 4921 tione
2229 4881 2330 4919 non
2351 4866 2564 4936 ponitur
2580 4863 2755 4919 Filius
2772 4863 2891 4930 Dei,
2913 4864 3006 4920 sed
3030 4864 3086 4919 iu
3103 4879 3301 4935 magna
3314 4871 3580 4935 potestate
3594 4872 3644 4917 et

2075 4959 2317 5029 imperio.
2349 4957 2456 5013 Sed
2486 4956 2602 5015 haec
2640 4958 2804 5013 verba
2838 4958 3107 5027 integrum
3136 4954 3379 5012 Pastoris
3415 4969 3646 5026 respon-

2078 5066 2200 5108 sum
2259 5065 2369 5107 uon
2409 5049 2735 5117 absolvunt;
2782 5048 3051 5118 siquidem
3098 5056 3154 5104 et
3194 5049 3301 5104 alia
3327 5049 3396 5105 ab
3422 5062 3490 5104 eo
3515 5062 3644 5102 mox

2077 5142 2478 5216 subjiciuntur,
2510 5156 2632 5213 qua:
2665 5140 2959 5211 propositae
3001 5140 3320 5210 quastionis
3344 5140 3645 5211 pleniorem

2152 5412 2265 5482 (25)
2302 5410 2469 5482 idem,
2501 5404 2740 5482 mandat.
2774 5420 2870 5465 stt,
2901 5419 3021 5482 cap.
3056 5404 3143 5460 12.

2160 5475 2266 5553 124)
2305 5475 2473 5547 idem,
2504 5475 2669 5532 simil:
2698 5490 2774 5540 is,
2804 5490 2927 5545 cap.
2960 5475 3045 5530 l2.
