4074 6154
392 269 494 326 87⁸1

1627 258 1924 316 PASTOR.
1961 291 2029 301 —
2058 259 2351 320 1⁵80αὲ511
2359 261 2422 315 .-\.

3524 259 3628 314 878

390 397 442 443 et
469 385 644 452 magis
669 385 980 440 distinctam
1008 384 1336 440 solutionem
1361 382 1662 436 continent.
1687 379 1957 434 Nimirum
1991 389 2033 442 Α
2064 390 2282 450 peccata
2342 381 2611 450 expianda
2656 383 2896 451 pertulit.
2937 379 3058 450 Ipse
3104 379 3249 434 enim
3293 378 3431 431 viam
3486 379 3628 442 vitae,

389 476 680 545 distinguit
701 491 894 531 rursus
911 475 1108 531 Pastor
1136 477 1278 530 inter
1301 473 1562 544 Spiritum
1588 483 1838 527 sanctum
1865 487 1962 526 seu

389 569 488 640 τὴν
517 567 668 620 θείαν
697 567 751 620 in
789 565 1012 620 Christo
1057 567 1217 635 φύσιν
1240 608 1255 632 ,
1286 575 1340 620 et
1365 565 1567 618 Christi
1620 577 1821 632 corpus
1867 577 1963 616 seu

392 668 647 716 naturam
704 659 1039 725 humanam;
1091 674 1154 714 ac
1184 659 1438 713 servilem
1467 655 1837 711 conditionem
1862 696 1875 715 .
1907 656 1964 708 in

391 768 501 823 qua
525 751 722 804 Filium
749 749 843 805 Dei
865 750 919 804 in
943 751 1298 805 similitudine
1321 759 1598 820 posuerat,
1626 749 1690 802 ad
1720 763 1963 814 carnem,

393 859 488 898 seu
523 851 777 896 naturain
815 842 978 895 istam
1005 842 1301 896 humanam
1329 842 1598 918 duntaxat
1627 838 1964 894 referendam

392 949 536 997 esse,
568 934 786 987 disertis
817 934 994 987 verbis
1024 933 1200 987 docet.
1233 931 1526 1001 Postquam
1555 932 1702 986 enim
1745 931 1811 986 de
1840 929 1965 1002 Spi-

394 1029 502 1080 ritu
535 1027 642 1080 isto
674 1026 892 1080 locutus
921 1025 1117 1091 fuerat,
1145 1027 1235 1095 qui
1264 1026 1472 1095 infusus
1494 1035 1572 1078 est
1600 1026 1832 1078 omnium
1854 1025 1965 1094 pri-

395 1132 511 1169 mus
547 1115 601 1168 in
633 1131 879 1184 corpore,
911 1117 967 1168 in
1015 1132 1117 1185 quo
1149 1115 1466 1168 inhabitaret
1499 1113 1663 1181 Deus,
1697 1129 1822 1168 mox
1850 1114 1966 1168 haec

396 1206 677 1276 subjung'it
705 1224 718 1259 :
751 1204 865 1258 Hoc
894 1222 1016 1275 ergo
1039 1221 1224 1275 corpus
1251 1207 1307 1258 in
1333 1220 1433 1272 quo
1457 1204 1705 1257 inductus
1735 1212 1811 1257 est
1841 1201 1966 1273 Spi-

396 1297 531 1350 ritus
558 1306 793 1357 sanctus,
827 1296 1034 1349 servivit
1073 1295 1156 1348 illi
1195 1293 1443 1364 Spiritui,
1470 1303 1604 1347 recte
1633 1295 1688 1346 in
1713 1293 1968 1346 modestia

395 1387 674 1441 ambulans
711 1396 761 1440 et
781 1397 945 1451 caste,
975 1403 1136 1456 neque
1158 1389 1371 1440 omnino
1392 1385 1679 1439 maculavit
1707 1386 1968 1454 Spiritum

396 1477 568 1530 illum.
589 1477 721 1532 Cum
742 1477 907 1547 igitur
927 1493 1114 1546 corpus
1133 1475 1267 1529 illud
1284 1477 1543 1544 paruisset
1574 1477 1716 1529 omni
1745 1485 1970 1545 tempore

399 1569 626 1638 Spiritui
649 1580 829 1622 sancto
847 1578 982 1622 recte
1005 1579 1163 1638 atque
1184 1579 1348 1632 caste,
1364 1585 1427 1622 ac
1451 1568 1739 1621 laborasset
1754 1584 1870 1620 cum
1885 1585 1966 1634 eo,

398 1677 490 1716 nec
512 1661 867 1716 succubuisset
905 1662 963 1714 in
1001 1663 1145 1715 omni
1172 1672 1400 1731 tempore
1419 1701 1434 1726 ,
1464 1661 1750 1730 fatigatum
1778 1675 1965 1728 corpus

2065 470 2191 524 data
2219 471 2347 542 lege,
2371 489 2529 542 quam
2562 489 2593 525 a
2623 472 2787 526 Patre
2826 480 3117 536 acceperat,
3163 469 3313 523 nobis
3363 468 3628 533 ostendit;

2065 573 2219 632 atque
2241 563 2356 615 ideo
2400 563 2454 615 in
2500 561 2789 631 redemptos
2833 580 3007 616 omnes
3045 571 3248 633 regnat,
3294 560 3629 630 potestatein

2064 667 2149 704 eos
2179 669 2211 704 a
2236 650 2398 705 Patre
2433 653 2535 705 sibi
2565 668 2831 705 concessa.

2138 740 2382 797 Validius
2412 743 2548 797 nihil
2587 743 2728 798 tradi
2759 752 2939 813 potest
2967 742 3056 806 iis,
3083 758 3204 811 quae
3229 741 3422 799 Pastor
3454 741 3509 796 in
3538 757 3626 796 eo-

2066 833 2187 888 dem
2235 834 2660 890 Similitudinum
2708 836 2848 890 libro
2901 834 3060 890 docet
3103 837 3282 906 quoad
3323 836 3632 891 absolutam

2068 929 2471 992 necessitatem,
2506 928 2561 981 in
2614 943 2722 998 qua
2751 942 3055 993 versamur,
3106 926 3451 982 mediationis
3504 924 3636 980 Jesu

2066 1019 2269 1075 Christi
2300 1020 2364 1074 ad
2387 1029 2644 1074 aeternam
2671 1020 2902 1074 salutem
2929 1019 3391 1087 consequendam.
3416 1017 3638 1088 Perspi-

2069 1127 2170 1166 cue
2225 1112 2484 1177 declarat,
2551 1111 2825 1165 neminem
2875 1111 3078 1164 intrare
3108 1123 3266 1179 posse
3297 1109 3352 1163 in
3410 1123 3635 1178 regnum

2070 1201 2185 1269 Dei,
2218 1203 2324 1257 nisi
2373 1202 2646 1271 acceperit
2697 1216 2898 1256 nomen
2925 1200 3046 1256 Filii
3095 1200 3190 1256 Dei
3222 1199 3356 1270 (26).
3393 1198 3638 1269 Explicat

2070 1293 2449 1364 gravissimam
2479 1292 2624 1346 hanc
2653 1292 2937 1345 veritatem
2973 1291 3200 1360 paiitale
3226 1289 3459 1360 alicujus
3484 1289 3638 1343 urbis

2070 1400 2230 1441 muro
2259 1386 2471 1450 cinctae,
2503 1399 2624 1454 quae
2654 1384 2814 1438 unica
2853 1383 3090 1438 donatur
3116 1391 3294 1454 porta,
3338 1397 3433 1452 per
3473 1396 3640 1452 quam

2071 1478 2385 1537 necessario
2414 1477 2502 1531 ille
2533 1485 2777 1530 transeat
2829 1484 3062 1545 Oportet,
3119 1475 3212 1545 qui
3261 1475 3392 1528 velit
3446 1475 3638 1529 urbem

2072 1571 2303 1642 ingredi.
2342 1568 2510 1623 Porta
2547 1585 2687 1635 vero,
2717 1567 2866 1622 addit
2911 1565 3107 1621 Pastor
3128 1575 3251 1637 post
3275 1576 3512 1637 quatuor
3556 1567 3642 1621 vel

2072 1666 2314 1736 quinque
2339 1665 2530 1728 lineas,
2566 1662 2741 1718 Filius
2769 1662 2862 1716 Dei
2898 1672 2996 1729 est,
3021 1664 3109 1732 qui
3135 1663 3278 1716 solus
3299 1673 3374 1716 est
3402 1679 3640 1717 accessus

400 1753 534 1806 illud
560 1753 822 1807 serviliter
852 1764 1214 1807 conversatnm
1243 1763 1342 1818 est,
1369 1753 1457 1806 sed
1481 1754 1690 1821 fortiter
1711 1769 1827 1806 cum
1853 1750 1972 1821 Spi-
2004 1752 2048 1811 Β
2077 1759 2146 1812 ad
2168 1758 2358 1811 Deum.
2385 1757 2555 1810 Aliter
2581 1772 2703 1826 ergo
2735 1772 2883 1810 nemo
2915 1755 3134 1810 intrabit
3179 1755 3248 1810 ad
3304 1755 3492 1821 Deum,
3538 1756 3644 1809 nisi

399 1845 507 1898 ritu
530 1853 719 1897 sancto
737 1843 1154 1912 comprobatum,
1185 1843 1294 1896 Deo
1321 1852 1581 1913 receptum
1601 1853 1678 1896 est
1704 1843 1966 1912 (alludere

399 1937 610 1991 videtur
626 1937 692 1991 ad
708 1937 870 1991 verba
886 1935 1328 1990 PaulilTimoth.
1371 1952 1489 2005 cap.
1511 1952 1571 1989 ιιι
1593 1975 1608 2000 ,
1634 1952 1687 1989 v.
1725 1935 1791 1990 16
1810 1977 1825 2001 ,
1863 1935 1969 1988 est.

398 2032 606 2101 καιώθη
622 2033 680 2083 ὲν
704 2028 988 2099 πνεύματι,
1011 2029 1105 2080 καὶ
1125 2027 1395 2100 ἀνελήφθη
1411 2027 1605 2100 ὲνδόξῃ
1631 2028 1674 2100 ),
1694 2029 1748 2082 in
1770 2028 1969 2098 quibus

402 2126 581 2181 verbis
625 2123 833 2192 liquido
888 2131 1130 2192 apparet,
1161 2119 1446 2174 Pastorem
1479 2120 1627 2188 l0qni
1653 2121 1720 2174 de
1744 2135 1970 2197 corpore

404 2233 500 2273 seu
524 2227 715 2272 natura
738 2215 942 2270 Christi
959 2217 1215 2280 humana,
1237 2214 1411 2284 deque
1431 2229 1495 2268 eo
1520 2224 1727 2270 tantum
1745 2231 1971 2285 corpore

400 2310 691 2374 afﬁrmare,
716 2308 852 2378 quod
875 2306 1138 2361 serviliter
1165 2315 1526 2360 conuersatam
1570 2308 1762 2375 fuerit;
1798 2308 1972 2377 quod-

398 2417 507 2471 que
533 2409 693 2471 post,
729 2414 793 2454 ac
837 2408 1059 2469 propter
1082 2407 1356 2468 peractam
1387 2399 1441 2452 in
1465 2399 1628 2453 terris
1655 2399 1969 2453 servitutem

400 2495 562 2547 istam
594 2506 719 2546 cmn
773 2490 978 2560 Spiritu
1033 2500 1224 2545 sancto
1271 2505 1364 2544 seu
1403 2489 1482 2559 τῷ
1517 2491 1705 2561 Λόγῳ,
1757 2491 1812 2546 in
1860 2508 1972 2561 quo

403 2582 724 2637 subsisteret
743 2624 760 2646 ,
787 2582 1183 2653 comprobatum
1215 2581 1322 2635 Deo
1341 2623 1358 2648 ,
1387 2584 1544 2651 fuerit
1573 2595 1854 2652 receptum,
1873 2583 1974 2637 hoc

401 2684 509 2741 est,
527 2675 595 2729 ad
625 2675 869 2729 dextram
901 2675 1097 2729 divinae
1122 2674 1422 2744 majestatis
1447 2685 1692 2731 evectum
1723 2679 1778 2730 in
1803 2679 1974 2731 excel-

401 2767 652 2822 sissimis.
683 2766 820 2821 Hinc
849 2766 1042 2822 Pastor
1071 2766 1276 2822 Christi
1309 2767 1549 2823 hominis
1587 2770 1972 2824 exaltationem

403 2859 826 2914 adumbraverat
874 2858 929 2912 in
979 2858 1335 2914 similitudine
1372 2875 1468 2929 per
1504 2876 1757 2926 servum,
1809 2877 1972 2931 quem

402 2950 669 3006 Dominus
694 2950 882 3015 fundi,
914 2951 1018 3005 hoc
1062 2961 1144 3005 est
1189 2949 1332 3006 Deus
1375 2950 1556 3018 Pater,
1591 2962 1806 3024 propter
1836 2967 1974 3022 opus

403 3045 613 3099 bonum
657 3043 802 3114 quod
829 3043 1171 3112 praestiterat,
1202 3042 1339 3097 Filio
1382 3059 1481 3098 suo
1514 3043 1850 3098 cohaeredem
1880 3059 1976 3097 vo-

2071 1868 2164 1922 per
2190 1849 2394 1904 Filium
2417 1849 2551 1918 ejus.
2586 1847 2809 1902 Alterna
2835 1849 2998 1918 igitur
3025 1849 3172 1903 salus
3197 1848 3428 1904 obtineri
3455 1851 3643 1919 nequit

2073 1949 2278 2018 absque
2311 1947 2414 2001 ﬁde
2440 1947 2494 1999 in
2518 1943 2704 2000 Jesum
2727 1943 3028 1999 Christum.

2077 2036 2210 2110 §lll.
2242 2037 2318 2090 De
2335 2036 2616 2104 baptismo,
2640 2034 2960 2099 panitentia,
2980 2033 3162 2087 ordine
3202 2049 3264 2086 ac
3280 2033 3638 2089 matrimonio.

2145 2127 2221 2181 Ex
2259 2127 2508 2181 absoluta
2557 2123 2884 2179 necessitate
2951 2123 3299 2179 mediationis
3343 2121 3645 2177 Salvator-is

2074 2221 2138 2275 ad
2163 2227 2420 2274 aeternam
2444 2216 2672 2271 salutem
2698 2215 3168 2285 consequendam,
3196 2215 3359 2270 aliam
3397 2215 3518 2268 fidei
3546 2230 3640 2268 ve-

2074 2308 2289 2362 ritatem
2308 2306 2529 2362 deducit
2551 2305 2768 2371 Pastor,
2793 2320 2915 2375 qua:
2936 2305 3005 2360 ab
3036 2306 3126 2359 illa
3154 2305 3476 2359 naturaliter
3497 2303 3641 2367 fluit,

2076 2399 2283 2454 scilicet
2309 2399 2687 2454 necessitatem
2731 2397 3008 2469 baptismi,
3045 2397 3275 2467 ejusque
3306 2398 3500 2452 miram
3529 2396 3644 2452 em-

2075 2489 2380 2545 cacitatem.
2439 2489 2732 2559 Antequam
2773 2490 2934 2554 enim,
2969 2489 3047 2542 ait
3113 2489 3202 2542 ille
3234 2488 3370 2560 (27),
3415 2489 3644 2556 accipiat

2077 2582 2229 2636 homo
2267 2597 2451 2635 nomen
2491 2581 2590 2649 ﬁlii
2617 2581 2746 2645 Dei,
2794 2581 2954 2633 morti
2987 2580 3284 2635 destinatus
3329 2591 3446 2636 est:
3469 2590 3524 2634 at
3553 2580 3644 2634 ubi

2078 2675 2275 2743 accepit
2308 2673 2441 2726 illud
2467 2672 2730 2743 sigillum,
2762 2671 3020 2726 liberatur
3049 2690 3080 2725 a
3122 2682 3307 2739 morte,
3339 2683 3386 2727 ct
3411 2673 3649 2727 traditur

2076 2767 2218 2820 vitro.
2246 2763 2391 2818 Illud
2420 2772 2596 2816 autem
2620 2762 2857 2833 sigillum
2885 2779 3023 2834 aqua
3044 2773 3144 2831 est,
3176 2766 3233 2817 in
3253 2781 3410 2835 quam
3432 2763 3646 2820 descen-

2076 2859 2208 2912 dunt
2245 2857 2478 2911 homines
2506 2857 2664 2909 morti
2693 2855 2936 2926 obligati,
2965 2858 3250 2920 ascendunt
3270 2874 3388 2911 vero
3414 2859 3534 2911 vitta
3557 2875 3646 2912 as-

2076 2949 2272 3020 signati
2334 2948 2468 3019 (28).
2521 2947 2809 3002 Pulchrior
2863 2947 3094 3003 fortasse
3139 2963 3247 3002 non
3301 2949 3646 3004 adinvenitur

2079 3052 2260 3097 textus
2282 3043 2348 3096 ad
2377 3042 2756 3096 necessitatem
2785 3041 3064 3110 baptismi,
3083 3043 3310 3112 ejusque
3335 3044 3530 3098 miram
3563 3045 3647 3098 ef-

401 3136 506 3193 luit
533 3137 733 3191 facere.
760 3135 962 3204 Nempe
992 3151 1088 3204 per
1119 3150 1336 3188 servum
1363 3134 1616 3202 intelligit
1637 3149 1856 3203 corpus,
1878 3149 1972 3188 seu
2001 3118 2044 3174 (δ
2080 3134 2322 3188 licaciam
2365 3134 2854 3202 comprobandum.
2892 3133 3086 3187 Pastor
3136 3142 3246 3188 tam
3298 3135 3648 3190 vehementer

402 3228 700 3280 humanam
746 3224 951 3278 Christi
999 3233 1289 3288 naturam;
1327 3239 1422 3292 per
1465 3222 1663 3277 Filium
1717 3238 1846 3277 vero
1878 3222 1976 3294 τὴν

401 3316 555 3371 θείαν
595 3317 648 3370 in
672 3315 893 3369 Christo
925 3313 1086 3381 φύσιν
1115 3313 1355 3367 divinam
1385 3325 1636 3368 naturam
1663 3354 1678 3378 ,
1710 3323 1770 3368 ut
1812 3315 1979 3369 lecto-

401 3421 521 3460 rem
543 3405 655 3473 jam
688 3403 811 3472 plus
839 3402 1010 3456 semel
1041 3403 1375 3456 monuimus.
1407 3401 1562 3456 Tunc
1600 3401 1766 3472 igitur
1788 3417 1979 3458 servus

402 3497 547 3552 Filio
578 3495 818 3550 cobaares
843 3493 1020 3547 factus
1042 3501 1145 3553 est.
1183 3507 1306 3546 cum
1341 3507 1542 3561 corpus
1593 3508 1689 3546 seu
1741 3493 1977 3547 humana

405 3596 606 3642 natura
652 3583 780 3638 Jesu
839 3583 1045 3638 Christi
1080 3591 1204 3653 post
1261 3583 1718 3638 resurrectionem
1752 3584 1816 3637 ad
1848 3585 1981 3641 dex-

405 3687 554 3730 tram
587 3673 680 3730 Dei
721 3674 1022 3739 collocata,
1049 3674 1290 3743 ejusdem
1317 3673 1501 3744 gloriae
1541 3682 1704 3743 atque
1732 3675 1978 3741 honoris,

403 3783 510 3839 pro
537 3777 697 3836 captu
722 3782 824 3821 suo
846 3767 994 3821 socia
1020 3765 1202 3831 fuerit,
1231 3765 1605 3836 particepsque
1630 3766 1792 3832 facta,
1819 3782 1979 3836 quem

406 3861 674 3914 honorem
718 3857 888 3912 Filius
923 3857 1014 3912 Dei
1043 3873 1138 3913 seu
1167 3860 1195 3911 ὀ
1225 3857 1396 3925 Λόγος
1419 3895 1434 3919 ,
1468 3857 1628 3911 etiam
1665 3869 1789 3911 ante
1839 3857 1981 3910 hunc

404 3947 676 4001 mundum
728 3946 1054 4012 conditum,
1114 3947 1256 4015 apud
1312 3945 1529 4001 Patrem
1582 3962 1744 4002 suum
1803 3947 1982 4018 possi-

404 4039 580 4094 deret.

482 4126 787 4182 Cenuinam
816 4127 903 4181 hic
927 4144 1014 4182 me
1031 4127 1273 4183 Pastoris
1295 4131 1621 4184 sententiam
1641 4129 1978 4194 exhibuisse,

408 4219 574 4274 facile
594 4219 902 4288 perspiciet,
927 4220 1180 4289 quisquis
1208 4220 1621 4275 similitudinem
1649 4221 1794 4274 illam
1821 4223 1982 4292 quin-

408 4323 521 4367 tam
561 4309 770 4365 llermae
801 4326 923 4365 cum
958 4328 1088 4366 cura
1132 4311 1316 4382 aliqua
1358 4312 1567 4382 legerit.
1609 4311 1687 4366 Ex
1727 4313 1813 4368 his
1855 4329 1981 4367 vero

407 4399 669 4454 omnibus
693 4399 906 4453 tandem
937 4399 1444 4455 manifestissimum
1467 4409 1572 4462 est,
1601 4401 1858 4456 docuisse
1880 4399 1982 4454 Pa.

407 4500 617 4545 storem
651 4487 850 4543 Filium
876 4489 994 4555 Dei,
1011 4505 1120 4559 qua
1149 4489 1244 4545 Dei
1272 4489 1444 4545 Filius
1465 4499 1517 4544 et
1547 4488 1689 4544 Deus
1711 4500 1814 4556 est,
1837 4491 1978 4544 servi

408 4581 683 4637 rationem
709 4581 874 4635 etiam
906 4591 1154 4650 respectu
1189 4581 1281 4636 Dei
1313 4581 1492 4636 Patris
1523 4583 1839 4652 neutiquam
1877 4583 1978 4636 ha»

409 4673 562 4737 bere,
580 4687 752 4741 neque
777 4671 1034 4726 habuisse
1058 4689 1332 4742 unquam;
1367 4689 1542 4742 neque
1566 4674 1722 4728 aliter
1762 4688 1976 4728 servum

410 4764 510 4818 Dei
542 4762 836 4832 aliquando
862 4761 1034 4816 fuisse
1056 4803 1071 4826 ,
1116 4777 1280 4832 quam
1330 4773 1551 4832 propter
1587 4763 1983 4818 incarnationis

407 4855 872 4926 dispensationem
898 4895 912 4919 ,
945 4871 1108 4925 quam
1153 4856 1298 4909 ultro
1322 4857 1580 4924 suscepit.
1606 4855 1879 4911 Hactenus
1915 4857 1983 4909 de

406 4947 542 5003 Jesu
571 4947 774 5001 Christi
817 4957 1012 5002 natura
1039 4947 1242 5001 divina.
1291 4945 1395 5000 Sed
1423 4947 1717 5002 humanam
1760 4949 1983 5016 insuper
2018 4935 2020 4950 ’

407 5040 614 5095 Pastor
671 5039 724 5091 in
773 5039 992 5094 Christo
1051 5039 1274 5093 tradidit
1322 5048 1617 5103 naturam,
1681 5041 1981 5095 secundum

409 5145 583 5202 quam
615 5147 757 5183 servo
787 5141 1124 5200 comparatus
1150 5125 1262 5200 (25)
1286 5130 1457 5185 Filius
1489 5129 1583 5184 Dei
1630 5140 1685 5186 et
1724 5132 1985 5186 {erumnis

409 5220 608 5279 multis
637 5221 904 5276 obnoxius
931 5222 1051 5287 fuit,
1080 5223 1331 5293 malaque
1349 5221 1582 5291 plurima
1611 5222 1677 5275 ad
1699 5223 1982 5277 hominum

486 5407 603 5478 (25)
643 5405 892 5478 Hermas.
929 5407 1022 5460 lib.
1052 5423 1134 5472 ιιι,
1167 5407 1332 5462 simil.
1367 5423 1418 5470 v,
1459 5423 1507 5460 c.
1542 5407 1573 5459 5
1596 5415 1650 5460 et
1680 5407 1732 5458 6.

509 5477 604 5548 26)
643 5477 811 5548 idem,
836 5479 1024 5548 eodem
1058 5478 1214 5541 libro,
1248 5477 1531 5533 similitud.
1564 5493 1638 5542 Is,
1672 5493 1789 5546 cap.
1825 5477 1907 5532 i2.

511 5546 604 5616 27)
647 5547 816 5612 Idem,
849 5546 1008 5611 ibid.,
1034 5563 1152 5616 cap.
1199 5549 1282 5602 16.

485 5601 602 5742 ς283
641 5601 904 5689 Agnoscit
929 5601 1210 5672 simul-hic
1253 5601 1448 5674 Pastor
1485 5628 1765 5687 peccatum
1816 5617 1982 5686 origi~

512 5703 564 5742 e.
596 5687 865 5742 Nonnulla
903 5702 1083 5742 tamen
1113 5686 1347 5742 dillicilia
1387 5698 1440 5742 et
1471 5690 1706 5742 obscura
1741 5696 1854 5742 tum
1891 5688 1978 5742 hic

413 5686 564 5744 nale.
586 5686 865 5745 Nonnulla
903 5702 1083 5743 tamen
1113 5686 1347 5744 dillicilia
1387 5698 1440 5744 et
1471 5686 1706 5745 obscura
1741 5696 1854 5742 tum
1891 5688 1978 5743 hic

2079 3241 2192 3280 sure
2225 3224 2506 3278 sententia:
2550 3224 2772 3288 insistit,
2823 3232 2879 3276 ut
2911 3226 3203 3279 contendat
3250 3225 3430 3295 justos
3481 3228 3644 3281 etiam

2079 3314 2171 3385 qui
2207 3322 2332 3367 ante
2370 3312 2798 3366 incarnationem
2842 3312 3216 3379 decesserunt,
3247 3329 3356 3368 non
3401 3317 3649 3385 potuisse

2080 3405 2136 3458 in
2168 3419 2391 3473 regnum
2423 3402 2514 3457 Dei
2543 3403 2766 3469 intra-re,
2798 3403 2902 3458 nisi
2929 3403 3115 3458 divino
3157 3405 3261 3458 hoc
3302 3418 3648 3462 sacramento

2080 3495 2276 3566 signati
2313 3503 2516 3549 essent.
2566 3493 2786 3547 Necesse
2824 3503 2924 3560 est,
2951 3495 3028 3548 ait
3049 3493 3158 3560 ille,
3185 3493 3416 3564 loquens
3443 3497 3511 3550 de
3547 3512 3644 3566 pa-

2081 3583 2366 3645 triarchis,
2388 3583 2668 3653 prophetis
2689 3597 2754 3636 ac
2765 3583 2930 3653 justis
2953 3593 3078 3639 ante
3120 3582 3421 3640 Salvatoris
3443 3586 3649 3641 adven-

2087 3685 2203 3730 tum
2233 3674 2559 3741 viventibus,
2585 3683 2641 3727 ut
2679 3691 2772 3744 per
2803 3690 2996 3745 aquam
3021 3675 3247 3730 habeant
3267 3676 3565 3743 ascendere,
3591 3691 3648 3730 ut

2081 3769 2407 3840 requiescant
2444 3785 2462 3827 :
2497 3784 2601 3822 non
2645 3778 2888 3838 poterant
2937 3769 3076 3823 enim
3126 3770 3285 3823 aliter
3339 3777 3395 3822 in
3433 3786 3648 3840 regnum

2084 3860 2180 3914 Dei
2202 3860 2424 3925 introre,
2447 3876 2604 3930 quam
2639 3869 2696 3914 ut
2722 3860 3032 3930 deponerent
3060 3860 3435 3915 mortalitatem
3455 3864 3650 3930 prioris

2082 3952 2220 4004 vitae.
2253 3948 2419 4004 Addit
2448 3949 2692 4019 insuper,
2741 3959 2952 4005 veteres
2996 3950 3133 4006 istos
3186 3950 3365 4021 sigillo
3403 3949 3521 4004 Filii
3557 3950 3650 4006 Dei

2083 4043 2325 4112 signatos
2357 4039 2546 4107 fuisse,
2569 4050 2624 4096 et
2663 4042 2738 4095 ita
2759 4041 2996 4096 intrasse
3025 4057 3256 4112 regnum
3282 4041 3406 4097 Dei:
3437 4041 3520 4096 illi
3551 4044 3652 4112 igi-

2084 4143 2172 4186 tur
2205 4133 2440 4202 defuncti
2461 4131 2638 4202 sigillo
2668 4131 2800 4185 Filii
2820 4133 2916 4187 Dei
2944 4134 3142 4204 signati
3171 4144 3314 4198 sunt,
3343 4145 3392 4186 et
3422 4137 3653 4188 intrave-

2083 4235 2205 4278 runt
2234 4227 2287 4277 in
2320 4242 2535 4293 regnum
2562 4212 2698 4289 Det;
2740 4223 2955 4292 deinde,
3005 4225 3280 4294 apostolos
3313 4233 3368 4280 et
3402 4227 3654 4280 doctores

2083 4314 2359 4376 Ecclesize,
2386 4324 2507 4383 post
2528 4329 2715 4368 eorum
2747 4325 2978 4369 mortem
3006 4313 3092 4368 his
3126 4315 3453 4384 praedicasse
3477 4314 3655 4366 Evan—

2085 4406 2280 4476 gelium
2308 4405 2435 4459 Jesu
2469 4403 2696 4468 Christi,
2731 4413 2786 4460 et
2827 4405 3042 4460 dedisse
3070 4406 3151 4460 eis
3178 4406 3532 4474 baptismum,
3557 4405 3655 4473 qui

2086 4496 2235 4550 solus
2260 4496 2484 4559 deerat,
2518 4504 2578 4549 ut
2606 4505 2790 4550 essent
2833 4495 3004 4550 beati:
3041 4495 3300 4559 Quoniam
3344 4495 3398 4548 hi
3428 4495 3654 4563 apostoli

2175 4629 2187 4641 .
2216 4627 2231 4641 .
2274 4604 2391 4642 cum
2437 4587 2674 4656 defuncti
2729 4599 2920 4652 essent,
2972 4587 3392 4655 prazdicaverunt
3439 4586 3521 4639 his
3563 4589 3654 4656 qui

2085 4689 2203 4732 ante
2242 4679 2501 4744 obierant,
2527 4689 2575 4731 et
2609 4679 2710 4747 ipsi
2739 4678 2992 4732 dederunt
3010 4677 3085 4731 eis
3108 4678 3317 4748 signum
3343 4676 3476 4731 illud
3500 4718 3516 4731 .
3552 4717 3566 4730 .
3595 4717 3608 4730 .
3636 4717 3651 4731 .

2085 4768 2449 4823 tantummodo
2497 4767 2595 4821 hoc
2641 4769 2877 4837 sigillum
2919 4770 3162 4833 defuerat
3193 4770 3290 4822 eis.
3347 4767 3654 4840 Singularis

2085 4873 2218 4912 sane
2251 4858 2367 4913 haec
2396 4868 2542 4913 esset
2572 4859 2780 4927 opinio,
2819 4859 2862 4914 si
2896 4857 3092 4913 Pastor
3121 4860 3279 4913 vellet
3308 4860 3393 4914 hic
3425 4859 3653 4932 intelligi

2083 4951 2152 5005 de
2172 4950 2443 5020 baptismo
2474 4966 2660 5021 aquae,
2689 4961 2823 5021 puto
2856 4960 3036 5005 autem
3069 4967 3168 5022 ego
3208 4967 3333 5006 cum
3359 4950 3441 5007 Cl.
3491 4950 3654 5007 Fteu-A

2081 5045 2167 5098 rio
2198 5043 2334 5113 (29),
2365 5059 2674 5099 sermonem
2725 5045 2815 5098 hic
2847 5045 2964 5098 fieri
3018 5044 3086 5098 de
3137 5043 3310 5114 gratia
3363 5043 3649 5109 baptismi,

2083 5135 2194 5189 imo
2219 5136 2404 5204 potius
2435 5136 2595 5190 sicuti
2619 5137 2824 5206 optime
2846 5135 3079 5190 advertit
3099 5133 3180 5190 Cl.
3215 5135 3515 5190 Cotelerius
3539 5133 3652 5202 (50)

2083 5227 2151 5282 de
2177 5227 2446 5296 baptismo
2478 5228 2875 5298 metaphorico,
2908 5236 2963 5282 et
2983 5227 3207 5281 omnino
3238 5225 3489 5296 spiritali,
3523 5240 3650 5295 pro-

2086 5420 2202 5464 tum
2232 5411 2358 5466 alibi
2381 5411 2666 5482 inspergit,
2691 5427 2814 5481 quae
2842 5411 3128 5479 benignam
3147 5408 3650 5480 interpretationem

2090 5483 2388 5550 postulant,
2427 5493 2486 5535 ut
2511 5486 2580 5536 ab
2607 5498 2792 5538 errore
2818 5483 3181 5537 vindicentur.

2157 5551 2271 5622 (29)
2310 5551 2454 5607 Hist.
2485 5554 2693 5618 eccles.,
2725 5561 2857 5607 tom.
2882 5554 2929 5622 fl,
2960 5552 3053 5622 lib.
3083 5552 3198 5622 ως
3227 5551 3316 5605 46.

2155 5609 2270 5694 (50)
2307 5621 2462 5679 Tom.
2490 5622 2508 5676 l
2555 5609 2794 5694 Operum
2827 5609 2928 5679 SS;
2955 5621 3061 5678 PP.
3090 5609 3348 5694 aptistol"
3377 5635 3431 5697 ρ.
3468 5617 3592 5678 H7.
3665 5609 3669 5612 ’
