4074 6154
420 236 531 300 8'9

1845 234 1902 289 S.
1943 232 2207 290 ιιΕιιιιΛῖ

424 354 499 408 ιιιὶ
539 348 889 408 conveniebat
941 349 1231 417 animabus
1284 363 1316 409 a
1372 347 1609 419 propriis
1660 345 1986 417 corporibus
2015 348 2062 404 A
2090 345 2349 414 peccatis,
2377 352 2431 397 et
2466 341 2908 397 conb-ssionibus
2940 340 3044 396 sibi
3076 339 3309 396 invicem
3356 339 3657 395 succeden-

422 444 710 515 separatis.
735 442 1005 498 Castorum
1032 458 1140 496 non
1165 442 1316 497 solus
1348 439 1574 497 Hermas
1598 440 1741 494 hanc
1767 436 1985 508 opinio-

426 550 549 588 nem
583 533 867 603 amplexus
894 540 1006 597 est;
1039 546 1136 601 pro
1177 546 1241 585 ea
1274 529 1332 584 S.
1366 530 1617 585 Clemens
1660 524 1981 582 Alexandri-

422 641 527 681 nus
580 625 694 697 (51)
733 639 953 695 quoque
983 624 1262 694 pugnavit,
1315 622 1408 692 qui
1464 619 1684 675 adducit
1725 621 1779 673 in
1820 616 1987 688 hujus

420 734 598 775 rausm
631 717 991 789 patrocinium
1036 726 1216 787 textps
1247 714 1412 784 paulo
1451 727 1616 782 supra
1662 709 1982 766 recensitos.

419 809 577 877 Quod
600 824 730 865 vero
758 807 947 864 scribit
981 805 1173 861 Pastor
1203 805 1268 860 de
1294 802 1677 874 prmdieatione
1710 800 1988 870 apostolo-

419 914 543 955 rum
574 898 717 953 facta
741 896 1030 951 animabus
1047 895 1350 964 justorum,
1376 892 1469 963 qui
1493 900 1619 947 ante
1646 888 1988 945 lncarnatio-

418 1004 541 1047 nem
580 994 969 1058 decesserunt,
1012 988 1363 1045 vehementer
1405 985 1617 1042 obtinet
1643 983 1788 1054 apud
1841 990 1989 1037 vete-

417 1100 506 1140 res
530 1079 665 1153 (32).

487 1174 658 1232 Valde
684 1175 930 1231 terribile
957 1183 1064 1239 est,
1091 1174 1238 1245 quod
1261 1172 1427 1229 tradit
1460 1170 1656 1243 Pastor
1693 1171 1839 1227 circa
1871 1186 1982 1241 pm-

419 1268 706 1323 nitcntiam
742 1267 880 1337 (53).
906 1265 1149 1332 Domine,
1191 1265 1326 1323 dicit
1366 1265 1414 1319 ei
1461 1262 1708 1327 Hermas,
1731 1263 1913 1316 audivi
1954 1279 1986 1316 a

414 1358 730 1430 quibusdam
760 1358 1064 1412 doctoribus
1098 1356 1238 1427 quod
1274 1355 1388 1410 alia
1433 1354 1739 1427 paenitentia
1762 1370 1863 1408 non
1885 1361 1985 1417 est,

415 1451 523 1505 uisi
549 1450 669 1516 illa,
702 1466 823 1503 cum
868 1450 923 1504 in
965 1464 1157 1518 aquam
1198 1447 1583 1513 descendimus,
1613 1456 1662 1501 et
1702 1447 1988 1517 accipimus

417 1543 777 1597 remissionem
799 1532 1131 1610 peccatorum
1156 1548 1493 1604 nostrorum;
1518 1539 1622 1602 ito,
1662 1549 1718 1592 ut
1761 1556 1853 1593 nos
1886 1556 1989 1593 non

416 1636 693 1691 debeamus
721 1632 946 1688 ulterius
992 1649 1207 1703 peccare
1233 1634 1379 1703 (post
1406 1632 1773 1701 receptionem
1826 1631 1990 1700 hujus

2095 436 2260 491 tibus.
2289 432 2348 488 Si
2370 443 2485 504 post
2507 433 2886 503 paenitentiam,
2920 432 3097 501 inquit
3126 429 3216 485 ille
3239 470 3256 495 ,
3291 428 3511 483 subinde
3538 445 3660 498 pec-

2090 538 2191 592 cet,
2222 538 2274 582 et
2302 528 2655 595 penitentiam
2684 537 2828 596 agat,
2881 542 2987 580 non
3029 525 3261 595 proderit
3284 524 3482 578 homini
3532 523 3661 576 talia

2089 622 2302 691 agenti;
2329 619 2537 690 ili/ficile
2583 620 2722 673 enim
2757 620 2884 672 vivet
2907 618 3037 672 Deo.
3066 616 3375 672 Notandum
3417 616 3506 672 hic
3555 624 3658 680 est,

2089 711 2371 771 Pastorem
2392 712 2642 767 absolute
2664 727 2770 767 non
2791 725 3055 775 asserere,
3078 709 3355 765 hominem
3375 724 3484 763 non
3503 723 3662 778 posse

2089 805 2337 877 quolibet
2387 804 2511 858 vita:
2562 818 2676 857 suae
2738 810 2982 871 tempore
3028 814 3212 853 veram
3280 797 3658 867 paenitentiam

2090 912 2271 968 agere,
2298 896 2430 950 etin
2460 892 2825 948 amaritudine
2859 890 3042 947 cordis
3085 890 3194 954 sui,
3246 898 3300 942 et
3324 889 3487 943 corde
3527 888 3659 942 cnn-

2091 992 2224 1046 trito
2261 998 2315 1044 et
2369 989 2656 1043 ltumiliato
2691 987 2758 1041 ad
2794 986 2961 1040 Deum
3006 999 3127 1040 sese
3162 991 3506 1049 convertere;
3566 982 3662 1039 sed

2089 1082 2270 1138 solum
2304 1080 2601 1135 maximam
2632 1077 2893 1148 praedicat
2916 1074 3285 1130 difﬁcultatem
3335 1072 3503 1142 hujus
3524 1088 3660 1128 con-

2088 1172 2359 1230 vcrsionis
2374 1173 2428 1227 in
2451 1170 2852 1242 peccatoribus,
2877 1167 2945 1223 de
2972 1166 3175 1238 quibus
3205 1173 3290 1220 est
3318 1174 3532 1232 sermo;
3552 1163 3663 1233 dif-

2087 1268 2230 1337 ficile
2276 1269 2404 1323 viret
2433 1267 2561 1333 Deo,
2594 1264 2739 1335 quod
2788 1263 3077 1319 indubinm
3126 1269 3233 1317 est.
3282 1257 3518 1313 Phrases
3575 1256 3663 1315 his

2090 1360 2422 1424 simillimas,
2467 1358 2579 1411 imo
2630 1356 2938 1425 asperiores
2986 1353 3151 1407 etiam
3186 1350 3568 1407 adinvenimus
3604 1349 3660 1404 iu

2089 1453 2363 1524 aliquibus
2386 1450 2507 1506 aliis
2538 1448 2798 1504 Ecclesia:
2817 1447 3095 1512 Patribus,
3127 1452 3258 1516 puto
3283 1442 3426 1513 apud
3460 1439 3662 1497 S.Cle-

2090 1553 2329 1599 utentem
2358 1539 2815 1603 Alexandrinum,
2850 1537 2913 1592 Ι).
2937 1537 3295 1608 Cyprianum,
3337 1542 3390 1589 et.
3431 1533 3488 1588 S.
3528 1532 3662 1586 Am-

2095 1636 2339 1693 brosium
2394 1635 2530 1705 (55),
2580 1634 2728 1705 quod
2760 1648 2892 1689 sane
2950 1640 3193 1687 veterum
3226 1631 3512 1685 horrorem
3558 1646 3660 1700 pro

417 1726 791 1796 sacramenti).
817 1724 933 1779 Hoc
954 1741 1132 1779 verum
1164 1725 1344 1795 utique
1368 1733 1468 1788 est.
1493 1723 1786 1792 respondet
1812 1723 1862 1778 ei
1885 1721 1983 1777 Pa-
2021 1704 2063 1760 Β
2092 1728 2362 1799 frequenti
2417 1704 2633 1797 relapso
2683 1723 2943 1782 ostendit.
3005 1721 3221 1779 Utinam
3277 1722 3479 1778 nostris
3508 1722 3662 1778 hiscc

420 1827 537 1875 810!”
556 1835 573 1873 ι
592 1827 727 1873 recte
743 1817 978 1882 audisti;
1007 1816 1098 1872 8εά
1126 1826 1312 1887 Postea
1342 1816 1391 1870 εί
1419 1815 1775 1879 demonstrat.
1807 1815 1989 1886 bapli-
2091 1819 2450 1889 temporibus,
2481 1818 2577 1888 qui
2604 1816 2672 1872 ad
2696 1816 2747 1871 id
2781 1824 3058 1881 tenentur,
3080 1823 3351 1870 sanctum'
3370 1813 3663 1868 hunchor-

418 1925 598 1965 smum
625 1924 734 1964 non
757 1923 881 1964 esse
904 1906 1123 1978 proprie
1150 1906 1549 1977 pcenitcntiam,
1583 1906 1676 1960 sed
1705 1906 1989 1962 remissio-
2091 1927 2270 1966 rorem
2294 1901 2622 1966 Christianis
2642 1909 2981 1978 ingererent!
3018 1905 3227 1960 utinam
3257 1904 3662 1960 inconsiderata

416 2017 565 2067 nem,
595 2011 649 2057 et
685 2001 1059 2072 paenitentiam
1102 2016 1210 2055 non
1261 2015 1400 2067 esse,
1453 2002 1554 2057 nisi
1611 2016 1713 2071 pro
1747 1999 1837 2065 iis,
1892 2000 1987 2069 qui

416 2101 708 2164 postquam
735 2093 914 2149 vocati
960 2100 1109 2155 sunt,
1147 2101 1202 2146 ct
1232 2092 1373 2147 inter
1405 2093 1591 2148 lideles
1639 2090 1902 2161 cooptati,
1954 2106 1986 2146 a

414 2186 635 2242 diabolo
667 2185 859 2256 lt’Jllali
892 2194 1272 2255 peccaverunt.
1308 2177 1392 2237 'Et
1429 2185 1547 2240 ideo
1571 2184 1690 2239 dico
1715 2184 1831 2251 tibi,
1856 2199 1985 2254 pro-

415 2277 663 2350 sequitur
706 2276 898 2334 Pastor
930 2277 1068 2348 (55),
1109 2282 1246 2348 quod
1297 2286 1413 2348 post
1461 2278 1784 2332 vocationem
1833 2277 1985 2332 illam

414 2385 680 2440 magnam,
731 2378 781 2423 et
806 2379 1067 2431 sanctam,
1113 2369 1159 2422 si
1184 2370 1300 2439 quis
1349 2378 1580 2424 tentatus
1613 2370 1772 2439 fuerit
1806 2386 1838 2423 a
1864 2370 1986 2424 dia-

413 2461 555 2526 bolo,
579 2471 630 2515 et
650 2460 963 2531 peccauerit,
1010 2477 1173 2515 unam
1200 2461 1562 2532 pmnitentiam
1595 2459 1784 2523 habet;
1807 2461 1854 2514 si
1883 2478 1985 2516 au—

414 2562 517 2607 tem
558 2551 777 2606 subinde
831 2561 1000 2619 peccet
1044 2560 1095 2604 et
1131 2550 1493 2621 paenitentiam
1534 2559 1682 2621 agat,
1711 2566 1813 2603 non
1862 2566 1987 2619 pro-

410 2642 549 2697 derit
593 2641 794 2696 homini
835 2639 967 2693 talia
993 2642 1198 2710 agenti:
1233 2639 1442 2709 difﬁcile
1472 2640 1613 2694 enim
1660 2640 1789 2695 vivet
1836 2639 1984 2704 Deo;

408 2749 526 2788 una
559 2733 728 2797 enim,
762 2732 840 2787 ait
863 2732 940 2785 illi
971 2731 1268 2802 aliquando
1292 2731 1567 2801 superius,
1605 2732 1835 2786 habetur
1860 2739 1982 2786 tan-

411 2826 698 2880 tummodo
748 2823 1068 2895 paenitentia
1110 2841 1211 2895 pro
1245 2827 1419 2881 servis
1452 2825 1579 2881 Dei:
1629 2825 1804 2881 Servis
1844 2828 1984 2882 enim

417 2915 509 2970 Dei
534 2916 844 2985 pestilentia
874 2931 980 2969 una
1006 2926 1104 2971 est.
1144 2896 1360 2970 Nullam
1389 2916 1759 2973 dillicultatem
1800 2918 1983 2988 quoad

412 3007 610 3077 dogma
634 3007 690 3062 in
714 3007 800 3063 bis
825 3007 1066 3063 textibus
1089 3008 1412 3074 adinvenio;
1443 3017 1502 3064 at
1537 3008 1752 3064 timeris
1788 3019 1842 3065 et
1871 3020 1979 3065 tre»
2009 3044 2051 3103 Ο

409 3097 715 3167 pidationis
739 3106 1124 3169 argumentum
1159 3098 1283 3154 inde
1311 3109 1533 3156 sumant
1553 3109 1767 3171 oportet
1798 3101 1834 3155 ii
1861 3117 1984 3157 om-

413 3205 531 3257 nes,
560 3188 654 3260 qui
677 3190 748 3245 ob
782 3189 1098 3259 frequentes
1129 3192 1378 3262 relapsus
1408 3192 1565 3247 valde
1606 3192 1829 3247 dubiam
1861 3193 1985 3248 red-

406 3279 550 3333 dunt
582 3279 981 3349 paenitentiam.
1017 3279 1138 3335 Dixi
1171 3281 1350 3351 primo
1375 3280 1517 3347 loco,
1571 3282 1777 3336 nullam
1806 3282 1862 3338 in
1896 3282 1984 3341 his

412 3369 649 3426 textibus
682 3370 869 3427 haberi
900 3365 1269 3428 diliicultatem
1299 3373 1480 3444 quoad
1508 3373 1741 3444 dogma;
1769 3375 1895 3444 quia
1927 3375 1982 3429 in

413 3471 689 3532 postremo
709 3479 899 3519 eorum
935 3479 1118 3520 sermo
1150 3472 1236 3521 est
1278 3464 1346 3520 de
1384 3464 1705 3535 paenitentia
1740 3465 1980 3534 publica,

416 3564 470 3610 ut
502 3555 650 3609 nullo
691 3557 908 3626 negotio
929 3558 1142 3611 crnitur
1173 3571 1241 3611 ex
1272 3570 1458 3620 causa,
1492 3558 1563 3611 ob
1588 3572 1755 3627 quam
1792 3555 1985 3613 Pastor

413 3649 560 3702 illam
593 3649 816 3718 phrasin
848 3649 1107 3715 adhibet;
1146 3650 1389 3718 loquitur
1426 3649 1571 3704 enim
1612 3650 1684 3704 ibi
1722 3650 1790 3706 de
1824 3649 1983 3704 adul-

414 3740 533 3794 terii
563 3740 816 3807 crimine,
841 3756 952 3810 quo
976 3742 1176 3811 aliquis
1199 3757 1341 3811 saepe
1365 3741 1773 3811 inquinaretur;
1800 3750 1850 3796 at
1879 3740 1983 3796 Ec-

410 3831 576 3886 clesia
614 3830 915 3886 mulctabat
952 3831 1084 3886 olim
1118 3832 1325 3886 critnen
1361 3831 1464 3887 hoc
1511 3832 1829 3902 pmnitcntia
1878 3847 1982 3901 pu-

412 3923 585 3986 blica,
624 3938 746 3992 quae
785 3937 973 3978 revera
1015 3938 1121 3977 una
1154 3932 1366 3978 tantum
1401 3925 1519 3978 vice
1557 3923 1979 3980 concedebatur.

412 4015 602 4079 Quoad
624 4015 789 4069 alium
822 4030 950 4069 vero
983 4024 1210 4081 textum,
1243 4016 1392 4071 nulla
1428 4031 1528 4071 nec
1566 4016 1621 4069 in
1688 4016 1808 4086 ipso
1845 4016 1983 4072 dilIi-

413 4105 590 4161 cultas
630 4105 997 4169 adinvcnitur,
1036 4105 1251 4161 etiamsi
1278 4120 1467 4160 verum
1495 4115 1669 4173 esset,
1699 4104 1981 4163 Pastorem

415 4199 487 4252 ibi
519 4199 668 4268 loqui
712 4198 781 4253 de
807 4198 1128 4268 pmnitentia
1170 4197 1525 4267 particulari;
1571 4215 1698 4254 nam
1724 4201 1769 4255 si
1798 4215 1885 4255 res
1915 4200 1982 4255 ad

412 4297 641 4344 examen
692 4288 937 4359 rigorose
986 4296 1295 4354 revocetur,
1333 4296 1527 4343 auctor
1571 4288 1627 4344 id
1663 4289 1840 4344 solum
1872 4298 1984 4344 tra-

2090 2003 2327 2060 facilitas
2376 2002 2789 2059 absolutionum
2847 2000 3191 2056 occasionem
3245 2015 3353 2055 non
3395 1998 3667 2070 praeberet

2088 2096 2465 2167 peccatoribus
2496 2094 2709 2150 facilius
2739 2092 3060 2164 prolabendi
3091 2092 3145 2146 in
3177 2093 3426 2163 peccata!
3454 2090 3662 2146 Obscro

2088 2198 2178 2245 vat
2206 2198 2468 2260 praaterea
2500 2186 2565 2243 ν.
2590 2187 2653 2242 C.
2686 2186 2991 2244 Cotclcrius
3018 2184 3149 2261 (56),
3180 2184 3326 2255 quod
3351 2183 3512 2254 primi
3554 2181 3665 2238 Pa-

2089 2293 2201 2339 tres
2227 2283 2358 2340 dum
2393 2296 2558 2337 unam
2586 2281 2913 2351 promittunt
2941 2279 3209 2334 duntaxat
3256 2276 3661 2347 penitentiam,

2090 2376 2141 2431 id
2174 2375 2495 2432 mconomite
2522 2388 2687 2431 causa
2724 2370 3077 2442 scripserint;
3102 2379 3160 2423 ut
3189 2368 3448 2422 nimirum
3472 2366 3666 2422 fideles

2087 2482 2154 2524 eo
2181 2468 2358 2539 magis
2405 2465 2678 2522 edicerent
2712 2474 2903 2520 cautos
2926 2502 2943 2530 ,
2992 2460 3278 2527 sollicitos,
3335 2458 3667 2514 innocentiae

2089 2558 2435 2628 baptismatis
2475 2556 2759 2613 servandae
2783 2556 3062 2610 studiosos
3094 2574 3109 2609 :
3150 2553 3242 2608 ubi
3274 2562 3455 2607 autem
3494 2567 3667 2607 casus

2087 2647 2394 2712 emerserit,
2425 2645 2705 2715 expressis
2738 2645 2921 2699 verbis
2968 2643 3216 2698 iteratam
3271 2642 3436 2697 etiam
3476 2642 3669 2712 poeni-

2087 2740 2311 2794 tentiam
2346 2738 2820 2793 commendarunt.
2856 2734 3021 2791 Forte
3048 2735 3212 2789 etiam
3244 2742 3302 2788 ut
3327 2734 3559 2788 advertit
3592 2731 3666 2787 γ.

2084 2829 2147 2886 C.
2177 2830 2481 2887 Scholliner
2498 2828 2636 2899 ('57),
2661 2827 2978 2896 poenitentia
2999 2825 3280 2891 solemnis,
3305 2833 3467 2895 atque
3491 2840 3673 2881 cano-

2086 2921 2231 2986 nica,
2261 2935 2327 2974 ex
2348 2918 2604 2974 Ecclesia:
2641 2917 2841 2972 veteris
2865 2915 3175 2985 disciplina,
3218 2914 3385 2970 semel
3440 2922 3671 2970 tantum

2085 3010 2517 3077 concedebatur;
2568 3009 2778 3079 privata
2820 3016 3000 3062 autem
3031 3015 3085 3060 et
3123 3004 3538 3061 sacramentalis
3569 3015 3674 3060 ιου-

2086 3105 2188 3159 ties
2235 3104 2454 3174 quoties
2493 3110 2749 3173 peccator
2808 3100 2955 3155 serio
2994 3098 3280 3154 videbatur
3329 3097 3671 3168 dispositus.

2083 3197 2351 3252 Caeterum
2370 3194 2598 3251 Hermas
2619 3192 2998 3249 remissionem
3027 3198 3376 3260 peccatorum
3403 3190 3672 3246 omnium

2083 3303 2180 3359 per
2211 3302 2395 3342 veram
2448 3285 2825 3355 ptenitentiam
2877 3291 2992 3338 toto
3037 3281 3151 3338 fere
3197 3296 3361 3351 opere
3390 3296 3493 3337 suo
3543 3290 3669 3337 tam

2084 3378 2251 3445 clare,
2269 3390 2323 3433 et
2343 3394 2410 3433 ex
2447 3379 2700 3432 instituto
2731 3375 2985 3430 docuisse
3019 3374 3238 3429 videtur
3268 3373 3383 3445 (58)
3415 3381 3476 3428 ut
3523 3388 3670 3429 eum

2084 3470 2453 3526 Tertullianus
2476 3477 2760 3539 propterea
2786 3466 3061 3522 Pastorem
3090 3466 3408 3521 moechorum
3438 3482 3539 3538 per
3568 3484 3673 3523 ca-

2083 3562 2350 3616 lttmniam
2374 3560 2745 3631 appellaverit.

2136 3655 2342 3712 .Multis
2389 3671 2611 3726 quoque
2660 3655 2714 3709 in
2767 3654 2905 3710 locis
2952 3653 3111 3709 docet
3157 3651 3375 3721 Pastor,
3417 3654 3671 3711 dimissa

2084 3748 2243 3818 culpa
2274 3764 2619 3818 nequaquam
2643 3762 2709 3801 eo
2733 3746 2852 3816 ipso
2875 3746 3076 3801 dimitti
3103 3761 3133 3801 a
3163 3746 3271 3801 Deo
3292 3762 3512 3801 omnem
3541 3763 3675 3817 βαε-
3712 3782 3719 3787 -

2084 3855 2211 3894 nam
2246 3858 2259 3893 ε
2299 3841 2378 3894 sic
2409 3838 2554 3893 enim
2599 3837 2666 3892 de
2696 3837 2986 3892 laboriosis
3016 3836 3376 3907 paenitentiae,
3425 3851 3527 3892 seu
3567 3854 3674 3893 sa-

2084 3929 2410 3986 tisfactionis
2442 3929 2719 3999 operibus,
2753 3938 2805 3983 et
2849 3928 3028 3999 pinnis
3072 3927 3462 3997 temporalibus
3515 3929 3675 3985 scri-

2084 4019 2164 4075 bit
2191 4017 2416 4075 Hermas
2447 4039 2460 4075 :
2496 4020 2722 4073 Bursam
2748 4019 3010 4089 progressi
3050 4034 3233 4073 sumus
3266 4018 3579 4089 paululum,
3613 4031 3674 4076 et

2083 4112 2311 4166 ostendit
2346 4112 2475 4165 mihi
2518 4121 2780 4181 pastorem
2825 4127 3094 4181 magnum,
3131 4120 3181 4166 et
3212 4111 3347 4166 velut
3389 4123 3674 4183 agrestem

2082 4202 2309 4274 ﬁguram
2336 4202 2628 4270 habentem,
2660 4203 2908 4256 amictunt
2940 4200 3072 4272 pelle
3115 4202 3238 4256 alba
3274 4204 3523 4272 caprina,
3570 4220 3676 4275 pe-
3728 4184 3737 4195 ’

2083 4312 2199 4350 ram
2224 4305 2513 4366 gestantem
2543 4296 2597 4348 in
2620 4298 2855 4360 humero,
2880 4304 2930 4349 et
2964 4312 3122 4350 manu
3144 4296 3345 4366 virgam
3391 4297 3674 4352 nodosam

413 4368 542 4435 dere
566 4380 817 4446 intendit,
849 4377 1162 4449 frequentes
1185 4378 1395 4434 scilicet
1416 4379 1663 4451 relapsus
1689 4395 1811 4437 esse
1834 4382 1977 4438 haud
2007 4396 2056 4455 ι)
2079 4398 2129 4444 et
2161 4388 2313 4443 valde
2341 4388 2620 4453 duram,et
2646 4388 2917 4457 ﬂagellum
2950 4389 3005 4443 in
3041 4404 3233 4451 amna;
3256 4398 3534 4460 aspectum
3560 4406 3677 4445 au-

412 4473 574 4529 dubia
603 4472 801 4527 indicia
817 4473 1081 4527 adversus
1101 4470 1293 4528 falsam
1317 4473 1730 4529 conversionem
1758 4473 1974 4530 illorum
2084 4488 2188 4534 tem
2214 4490 2433 4545 trucem,
2462 4493 2512 4533 et
2536 4495 2731 4532 meum
2759 4478 3003 4544 habebat,
3034 4491 3090 4535 ut
3125 4488 3299 4549 posset
3329 4489 3535 4536 terrere
3563 4480 3679 4537 ali-

413 4573 782 4639 peccatorum,
827 4578 1065 4635 quorum
1125 4572 1236 4620 tota
1281 4565 1390 4620 vita
1445 4564 1722 4623 continuis
1776 4566 1978 4623 texitur
2080 4584 2247 4639 quos;
2278 4568 2403 4624 talis
2428 4579 2543 4623 erat
2569 4579 2807 4639 aspectus
2831 4568 2964 4633 eius.
2995 4569 3097 4625 Hic
3119 4586 3240 4642 ergo
3261 4571 3568 4642 accipiebat
3598 4573 3674 4627 ab

483 4763 597 4834 (5|)
637 4762 757 4834 Lib.
787 4779 826 4818 ιι
886 4762 1168 4828 Stromat.,
1196 4771 1255 4834 e_t_
1274 4754 1366 4834 lib.
1401 4779 1478 4834 γι.

483 4831 596 4905 (⁸52)
638 4832 771 4887 Vide
810 4833 911 4905 hac
940 4849 1104 4904 super
1127 4848 1185 4888 re
1213 4831 1280 4888 ν.
1309 4832 1370 4889 C.
1404 4832 1737 4889 Gotelerium
1768 4834 1825 4889 in
1857 4834 1977 4890 suis

413 4904 556 4961 notis
586 4904 638 4957 in
673 4905 816 4958 hunc
840 4904 1041 4959 locum.

485 4973 598 5046 (35)
638 4971 850 5046 Hermia
881 4972 1069 5046 Pasti.
1097 4971 1337 5027 mandat.
1374 4988 1446 5039 tv,
1481 4988 1531 5027 c.
1553 4973 1609 5041 '5,
1654 4972 1798 5045 apud
1844 4970 1974 5030 Gal-

412 5042 583 5101 laud..
618 5051 750 5112 tom.
791 5042 831 5107 l,
855 5058 979 5112 pag.
1015 5043 1098 5097 7l.

479 5114 594 5188 (ξιξ)
630 5110 1096 5188 ζρὶάειηίοιῐρεῌι,
1119 5111 1271 5188 apud
1293 5112 1564 5188 Galland.,
1581 5121 1628 5188 _t.
1652 5112 1701 5188 _l,
1725 5130 1848 5188 pag.
1871 5115 1959 5170 70.

438 5242 443 5247 _
480 5184 594 5251 (55)
634 5182 957 5256 Cyprianus,
988 5183 1081 5237 lib.
1111 5182 1184 5256 ne
1216 5183 1449 5256 άὶιιεὶρι.⁸
1479 5193 1528 5237 et
1571 5182 1760 5256 habitu
1799 5182 1968 5256 uirgi-

410 5271 556 5318 num,
579 5250 1056 5325 pag;_162;AClem.
1088 5255 1266 5319 Alex.,
1289 5254 1318 5325 l.
1351 5250 1387 5307 ll
1411 5252 1643 5307 Strom.:
1678 5255 1816 5325 idem
1835 5250 1965 5325 legi-

2089 4765 2667 4842 sed_lttec_deli_ctorum
2691 4769 2980 4842 leviorum,
3001 4770 3091 4842 illa
3131 4772 3468 4842 graviorum.

2154 4838 2269 4907 (56)
2305 4837 2611 4907 Cotelerius
2638 4839 2691 4892 in
2716 4840 2862 4895 notis
2891 4842 2957 4895 ad
2981 4837 3332 4896 citatflocum
3373 4841 3631 4902 Herma.

2176 4909 2269 4982 ζιῃ
2306 4906 2367 4982 [ιι
2392 4906 2782 4982 His_t.theolog.
2820 4912 3221 4982 seculittpag.
3259 4911 3349 4977 96,
3380 4928 3435 4967 ιι.
3482 4915 3590 4971 33.

2178 4978 2269 5053 38)
2295 4977 2679 5053 Cllivisionem
2723 4977 2807 5044 tu,
2836 4994 2956 5053 _cap.
2997 4980 3047 5035 7.
3075 4977 3251 5053 Fuere
3285 4983 3385 5036 viri
3413 4984 3672 5053 quidam

2079 5047 2246 5121 docti,
2270 5049 2363 5119 qui
2392 5052 2533 5121 hunc
2566 5050 2744 5121 locum
2783 5047 3251 5121 ad.purgatorium
3283 5047 3671 5113 astruendutn

2070 5117 2463 5189 produxerunt.
2486 5117 2615 5185 Sed,
2633 5121 2775 5189 quod
2802 5117 2930 5189 pace
2949 5117 3141 5175 horum
3166 5123 3408 5176 virorum
3431 5121 3671 5183 dictum

2074 5190 2166 5255 sit,
2197 5190 2580 5262 multumsane
2608 5190 2889 5262 falluntur.
2921 5189 3144 5245 Certum
3171 5191 3437 5262 siquidem
3467 5194 3677 5255 habeo

696 5258 1056 5337 ςιίξῖςισᾴιειιι.
1088 5258 1266 5337 Alcm,
1351 5270 1387 5307 ιι
1411 5258 1643 5337 Str-om..-
1678 5258 1965 5337 indneinlegi-
2069 5258 2290 5337 cuinV.
2323 5260 2386 5314 C.
2412 5259 2721 5337 Cotelerio,
2769 5261 3009 5337 hic_non
3040 5261 3126 5331 agi
3170 5258 3256 5337 de:
3279 5266 3624 5337 purgatorio

409 5313 740 5415 Ξῖῐεῖέὲἓέξὲε
760 5313 1664 5415 ΑἘἕιὲξὲξιξιὶτ,[·.ξ,·ζ¹ἐιῖςεξὶξ;ο,.ίξ;
1682 5324 1775 5415 ‘03
1810 5313 1960 5415 tile-
2067 5329 2255 5415 2?".."0
2276 5313 2720 5415 ρωιιίιεηίίείνηάέ
2739 5313 3369 5415 ροεῦίειλιιτέἳὶτῖςῖυἶιέέ
3386 5313 3541 5389 ἓῖθέ
3561 5313 3675 5394 ἐἶτε

410 5396 536 5482 rita
568 5394 1425 5482 usus:creterrarumari
1462 5394 1668 5482 serius
1697 5397 1961 5482 ναεηίιεεη-
2065 5394 2419 5482 motionibus:
2449 5416 2585 5470 ειυειε
2608 5394 2757 5456 θειιέ
2789 5394 3269 5482 censet-borum.
3295 5394 3394 5456 ειη
3422 5416 3671 5482 pecca-

413 5465 540 5545 tiant
566 5462 830 5545 agendam
861 5473 1053 5532 putant
1083 5502 1143 5545 ..ι
1181 5503 1196 5516 .
1223 5503 1247 5545 ,⁸
1280 5466 1403 5534 quia
1457 5466 1599 5519 sicut
1653 5462 1840 5545 unum
1864 5464 1964 5545 ba-
2064 5471 2272 5545 toribus
2308 5462 2637 5545 in‘i'ps'orum
2683 5471 3120 5529 emendationem
3168 5473 3223 5528 in
3255 5473 3358 5528 bac
3388 5462 3507 5531 vita
3551 5462 3681 5535 im-

413 5537 630 5605 ptisma,
686 5537 758 5587 ita
824 5548 931 5585 una
972 5537 1307 5601 ptenitentia,
1357 5550 1479 5604 quae
1531 5546 1709 5588 tamen
1753 5537 1968 5605 publice
2066 5542 2281 5596 mittere
2309 5537 2468 5597 solet.

415 5603 610 5670 agitur,
634 5616 757 5656 nam
785 5604 1084 5672 quotidiani
1121 5620 1222 5660 nos
1244 5603 1401 5658 «lubet
1428 5605 1688 5664 umidiora
1720 5603 1962 5673 neccati;
