4010 6150
1617 374 1700 428 PA
1711 375 1976 429 STOR.—
2023 373 2383 434 Ριιοοεδιιλ.

3511 385 3620 441 881

388 487 484 540 illo
516 486 707 556 juvene
746 499 956 557 pastore
1002 505 1062 542 ea
1090 503 1296 555 pecora,
1328 504 1446 554 qua
1482 489 1702 542 delicias
1742 489 1954 560 quidem
1980 491 2028 548 Α
2056 508 2156 560 que
2200 504 2290 547 tuo
2317 494 2431 548 loco
2463 499 2755 552 restitueris
2793 514 2810 551 :
2842 503 3205 554 tantummodo
3239 501 3290 554 in
3318 503 3623 560 humilitate.

389 580 635 650 agebant,
685 596 774 634 sea
807 596 908 632 non
955 580 1327 644 exsultabant;
1357 589 1406 634 et
1437 580 1779 650 compellebat
1809 598 1870 633 ea
1897 581 1955 634 in

387 672 708 741 praecipitem
738 671 910 725 locum
935 673 1214 742 quemdam
1239 688 1303 725 ac
1325 673 1616 741 spinosum,
1644 671 1954 742 tribulisque

388 765 701 834 confertum,
735 780 896 833 usque
941 764 1093 829 adeo,
1148 773 1207 816 ut
1236 765 1300 818 de
1330 765 1518 833 spinis,
1551 774 1600 818 et
1651 763 1862 817 tribulis
1899 781 1954 817 se

389 871 489 908 non
513 864 720 924 possent
743 856 1034 923 explicare;
1064 855 1154 908 sed
1193 855 1454 925 implicita
1484 855 1557 908 ibi
1603 853 1954 924 pascebantur

386 946 576 1013 spinis,
603 955 652 998 et
684 945 894 998 tribulis
919 961 938 998 :
965 956 1015 999 et
1048 961 1228 1015 graves
1257 945 1525 998 cruciatus
1552 943 1956 1011 experiebantur

385 1052 450 1090 ea:
474 1035 640 1088 verbis
664 1036 816 1105 ejus;
847 1036 1032 1107 agebat
1057 1037 1194 1088 enim
1223 1053 1306 1102 ea,
1333 1046 1382 1090 et
1415 1053 1505 1089 nec
1535 1034 1855 1089 consistendi
1877 1033 1951 1085 eis

386 1128 555 1182 locum
578 1139 918 1200 antetempus
940 1129 1345 1198 permittebat...
1373 1127 1496 1194 Hic,
1528 1129 1720 1198 inquit,
1746 1139 1949 1197 pastor,

383 1236 478 1288 pro
496 1221 660 1288 justis
687 1220 896 1290 quidem
921 1220 1136 1272 nuntius
1163 1229 1261 1284 est,
1294 1219 1383 1272 sed
1410 1219 1722 1288 prtepositus
1746 1235 1909 1287 ptente
1931 1235 1949 1272 :

392 1309 527 1364 Huic
573 1329 692 1380 ergo
727 1313 1031 1374 traduntur,
1079 1313 1169 1381 qui
1217 1328 1249 1363 a
1285 1311 1390 1364 Deo
1421 1315 1816 1375 aberraverunt,
1859 1310 1949 1363 sed

385 1405 672 1457 servierunt
721 1402 999 1457 desideriis
1032 1419 1094 1456 ac
1141 1403 1497 1472 voluptatibus
1540 1403 1723 1457 surculi
1770 1403 1948 1472 hujus.

385 1491 548 1547 Punit
578 1511 699 1560 erqo
721 1511 828 1559 eos,
856 1497 992 1548 sicut
1026 1495 1213 1549 meruit
1245 1496 1600 1564 unusquisque
1629 1511 1832 1560 eorum,
1853 1511 1946 1549 ste-

384 1586 460 1639 vis
509 1587 770 1656 variisque
797 1589 1030 1656 panis...
1082 1589 1245 1643 varia:
1279 1604 1442 1656 paena:
1478 1597 1636 1657 atque
1690 1597 1951 1642 tormenta

383 1679 494 1732 hazc
523 1691 664 1744 sunt,
697 1696 814 1750 qua:
858 1681 1090 1733 homines
1121 1680 1354 1750 quotidie
1385 1680 1440 1732 in
1468 1695 1566 1732 sua
1614 1680 1722 1732 vita
1749 1679 1954 1748 patien-

386 1780 514 1832 tur;
554 1770 649 1824 alii
690 1772 825 1824 enim
857 1772 1169 1824 detrimenta
1215 1772 1513 1839 patiuntur,
1553 1769 1648 1824 alii
1693 1771 1946 1839 inopiam,

2054 588 2219 640 animi
2240 605 2508 658 persevera
2534 591 2672 662 (Η).

2131 679 2342 736 Utinam
2371 683 2484 739 haec
2512 685 2846 754 perpendant
2875 701 2981 740 non
3011 697 3372 756 protestantes
3414 689 3630 757 solum,

2053 775 2146 842 qui
2177 789 2339 843 opera
2369 775 2735 831 satisfactoria
2766 776 3083 847 exploduut,
3108 777 3200 833 sed
3224 789 3278 833 et
3303 779 3617 835 clementis-

2054 865 2177 921 simi
2214 865 2287 918 illi
2321 866 2666 928 coul’essarii,
2698 868 2791 938 qui
2841 884 2939 937 pro
2982 869 3218 939 peccatis
3276 869 3618 940 gravissimis

2053 959 2215 1021 atque
2256 954 2552 1020 diuturnis,
2599 956 2907 1011 levissimas
2947 958 3204 1028 nullaque
3249 961 3459 1015 ratione
3486 975 3617 1030 pro-

2052 1043 2388 1111 portionatas
2427 1047 2718 1118 injungunt
2744 1050 3110 1118 pmoitentias,
3140 1060 3192 1104 et
3224 1051 3325 1106 hac
3350 1067 3448 1106 sua
3490 1051 3619 1105 leni-

2054 1143 2164 1188 tate
2194 1134 2558 1192 crudelissimi
2606 1148 2764 1206 sunt;
2799 1157 2921 1195 cum
2957 1151 3108 1196 tanto
3138 1143 3418 1198 acerbiora
3447 1144 3500 1198 in
3533 1143 3615 1198 al-

2056 1235 2167 1281 tera
2196 1227 2303 1281 vita
2333 1229 2452 1283 istis
2477 1231 2714 1286 molliter
2740 1233 3129 1301 ptenitcntibus
3154 1232 3470 1302 perferenda
3509 1234 3620 1289 sint

2053 1320 2339 1388 supplicia,
2373 1337 2493 1390 quae
2521 1322 2680 1393 longe
2728 1324 2973 1380 faciliore
3007 1326 3421 1396 (comparative)
3453 1325 3616 1380 satis-

2055 1411 2288 1466 factione
2319 1413 2404 1466 hic
2433 1414 2699 1470 redimere
2728 1417 3066 1485 potuissent;
3097 1417 3140 1471 si
3169 1418 3314 1472 enim
3347 1431 3446 1472 nos
3471 1419 3619 1487 ipsos

2054 1503 2142 1559 hic
2168 1504 2564 1572 jttdiearemus,
2595 1522 2702 1560 non
2730 1507 2916 1576 utique
2941 1507 3318 1577 judicaremur
3349 1507 3445 1562 ibi.

2121 1591 2548 1650 Praeeminentize
2571 1597 2952 1666 episcoporum
2996 1613 3103 1651 non
3137 1599 3431 1653 obscurum
3465 1599 3619 1654 testi-

2052 1685 2294 1740 monium
2338 1689 2577 1742 occurrit
2630 1690 2683 1743 iu
2733 1688 2943 1745 Hermae
2999 1695 3234 1751 Pastore.
3298 1691 3372 1745 De
3414 1692 3618 1745 decimo

2052 1793 2169 1830 vero
2196 1789 2387 1845 monte,
2414 1780 2589 1850 inquit
2620 1781 2655 1834 l.
2683 1797 2762 1844 Ill,
2790 1781 2950 1837 simil.
2973 1798 3049 1844 Ix,
3073 1797 3196 1851 cap.
3222 1782 3312 1846 ‘27,
3338 1783 3387 1837 in
3408 1799 3508 1853 quo
3531 1799 3619 1835 ar-

384 1865 481 1919 alii
506 1865 742 1918 diversas
765 1865 1119 1928 acrimonias;
1147 1862 1245 1916 alii
1268 1862 1497 1931 injurias
1518 1861 1582 1915 ab
1606 1862 1837 1931 indignis
1860 1877 1945 1930 pa-

2054 1869 2198 1923 bores
2224 1881 2371 1924 erant
2403 1882 2624 1942 tegentes
2646 1889 2854 1942 pecora,
2884 1873 3012 1927 tales
3034 1889 3154 1928 sunt
3173 1876 3260 1944 qui
3285 1875 3618 1928 crediderunt

386 1956 570 2009 tientes
590 1997 604 2021 ,
643 1955 910 2025 multaque
937 1955 1048 2008 alia
1072 1955 1322 2009 exercitia
1347 1965 1396 2008 et
1427 1953 1779 2008 incommoda.
1816 1952 1950 2005 Plu-

385 2046 507 2100 rimi
553 2047 691 2100 enim
719 2048 1039 2100 inconstanti
1068 2047 1288 2099 consilio
1330 2045 1497 2098 multa
1541 2053 1819 2106 conantur,
1857 2060 1948 2096 nec

380 2138 666 2208 quidquam
697 2139 939 2192 conducit
963 2139 1058 2201 eis,
1087 2138 1357 2201 etdicuut,
1379 2138 1434 2190 in
1460 2135 1664 2189 actibus
1692 2136 1802 2189 suis
1828 2152 1950 2188 suc-

381 2245 580 2284 cessum
605 2247 658 2283 se
683 2247 786 2283 non
817 2230 1035 2293 habere;
1063 2238 1380 2283 succurrunt
1410 2229 1485 2282 eis
1512 2244 1593 2292 ea,
1624 2243 1742 2297 qua:
1770 2227 1948 2296 nequi-

379 2333 460 2377 ter
487 2322 738 2391 [εδει-ηιμ,
768 2332 817 2375 et
849 2321 1121 2374 dominum
1147 2330 1456 2374 causantur.
1486 2318 1620 2372 Cum
1647 2319 1812 2388 igitur
1831 2335 1950 2386 per-

377 2414 514 2482 pessi
552 2412 746 2481 fuerint
786 2429 989 2467 omnem
1018 2411 1366 2472 vexationem.
1393 2420 1442 2464 et
1471 2426 1621 2464 omne
1660 2411 1948 2463 incommo-

378 2505 543 2569 dum;
581 2515 706 2558 tunc
736 2507 1022 2558 traduntur
1045 2505 1178 2558 mihi
1201 2504 1270 2558 ad
1293 2504 1485 2556 bonam
1511 2503 1944 2564 admonitionem,

376 2607 426 2650 et
456 2598 741 2666 ﬁrmantur
764 2598 816 2650 in
844 2597 950 2666 ﬁde
982 2595 1218 2662 Domini,
1248 2604 1299 2648 et
1322 2611 1416 2664 per
1450 2595 1676 2663 reliquos
1703 2593 1815 2646 dies
1844 2608 1949 2646 ser-

379 2689 524 2742 viunt
567 2688 792 2742 Domino
822 2695 990 2740 mente
1025 2703 1182 2757 pura,
1220 2694 1268 2740 et
1299 2703 1417 2738 cum
1446 2685 1693 2755 coeperint
1720 2683 1946 2737 delicto-

378 2797 496 2834 rum
528 2799 678 2851 agere
703 2780 1080 2850 paentientiam,
1107 2789 1230 2832 tunc
1259 2777 1551 2831 ascendunt
1578 2777 1632 2830 in
1649 2776 1945 2846 prtecordia

375 2890 554 2928 eorum
582 2891 737 2942 opera
768 2890 889 2938 sua,
919 2873 974 2925 in
1005 2872 1191 2942 quibus
1222 2887 1277 2924 se
1303 2871 1538 2940 nequiter
1577 2877 1942 2933 exercuerunt,

375 2975 426 3019 et
451 2975 576 3018 tunc
613 2966 745 3018 dant
785 2966 892 3018 Deo
919 2965 1187 3030 honorem,
1223 2964 1453 3016 dicentes
1485 2962 1693 3032 justum
1709 2961 1943 3030 judicem

329 3071 332 3076 ‘
373 3073 484 3111 esse
526 3074 664 3123 eum,
722 3059 1005 3127 meritoque
1036 3073 1090 3111 se
1121 3071 1411 3126 perpessos,
1462 3054 1748 3108 secundum
1799 3052 1945 3121 facta

374 3166 496 3212 sua,
527 3159 633 3205 etc.
667 3150 803 3220 (59).

445 3244 521 3300 De
571 3245 952 3300 aillictiouibus
998 3253 1177 3298 autem
1231 3258 1354 3296 cum
1408 3249 1602 3310 sponte
1649 3239 1939 3308 susceptis.

375 3347 490 3391 ιιι-ιι
522 3353 551 3390 a
585 3338 873 3406 praeposito
917 3334 1254 3405 paenitentiae
1299 3334 1591 3404 impositis,
1632 3333 1706 3386 ita
1746 3331 1943 3385 scribit

377 3430 522 3484 idem
570 3428 798 3482 Hermas
835 3428 989 3498 (40):
1039 3426 1182 3492 Scio,
1217 3426 1415 3494 inquit,
1463 3426 1591 3478 tutis
1636 3423 1944 3494 praecordiis

375 3535 463 3574 eos
504 3535 654 3589 agere
681 3520 1064 3587 paenitentiam.
1099 3517 1353 3588 Nunquid
1393 3533 1538 3587 ergo,
1577 3517 1671 3583 ait,
1702 3517 1943 3586 protinus

376 3621 532 3682 putas
553 3611 752 3664 aboleri
777 3611 969 3664 delicta
1001 3627 1202 3672 eorum,
1231 3612 1321 3681 qui
1352 3619 1514 3680 agunt
1541 3611 1902 3679 paenitentiam
1921 3611 1947 3665 ?

380 3698 502 3754 Non
529 3701 744 3770 proinde
768 3702 1014 3754 continuo
1034 3716 1052 3753 :
1077 3701 1167 3754 sed
1193 3709 1396 3769 oportet
1427 3716 1546 3753 eum
1575 3701 1668 3770 qui
1697 3701 1804 3769 agit
1831 3716 1942 3771 pte-

377 3796 674 3861 nitentiam,
701 3795 924 3865 afﬂigere
951 3795 1182 3848 animant
1213 3810 1386 3858 suam,
1413 3803 1462 3848 et
1490 3793 1739 3848 humilem
1767 3798 1945 3850 animo

376 3907 431 3945 se
451 3897 704 3960 prtcstare
730 3889 783 3941 in
806 3888 948 3940 omni
977 3888 1202 3958 negotio,
1231 3897 1278 3939 et
1304 3887 1602 3942 vexationes
1632 3888 1831 3942 multas
1856 3905 1946 3942 va-

377 3985 586 4054 riasque
635 3982 882 4052 perferre.
940 3980 1173 4052 Cumque
1219 3997 1490 4051 perpessus
1528 3982 1690 4052 fuerit
1743 3984 1943 4051 omnia,

376 4094 494 4148 qua:
539 4075 622 4130 illi
669 4075 913 4130 instituta
963 4074 1196 4143 fuerunt,
1246 4083 1368 4129 tunc
1415 4076 1664 4146 forsitan,
1706 4077 1795 4146 qui
1827 4093 1943 4130 eum

377 4168 594 4234 creavit,
621 4176 671 4221 et
699 4167 788 4237 qui
818 4165 1065 4235 formavit
1091 4165 1357 4228 universa,
1389 4165 1801 4219 commovebitur
1820 4183 1946 4236 erga

374 4275 495 4314 eum
523 4258 800 4312 clementia
826 4274 942 4324 sua,
977 4266 1026 4311 et
1053 4256 1270 4328 aliquod
1313 4257 1600 4311 remedium
1629 4256 1816 4322 dabit;
1854 4258 1946 4311 id-

375 4368 474 4423 que
497 4351 597 4414 ita,
627 4351 672 4404 si
699 4349 887 4403 viderit
934 4349 1044 4419 ejus
1072 4350 1162 4419 qui
1197 4349 1558 4419 paenitentiam
1582 4350 1692 4420 agit
1731 4367 1822 4404 cor
1842 4367 1944 4420 pu-

377 4460 495 4498 rum
516 4459 628 4498 esse
658 4441 722 4497 ab
751 4443 892 4497 omni
919 4459 1071 4512 opere
1098 4443 1484 4513 nequissimo...
1509 4451 1558 4496 et
1587 4441 1782 4514 rogabo
1810 4459 1946 4496 nun-

379 4539 509 4591 tium
535 4536 712 4602 illum,
737 4536 828 4606 qui
856 4537 1171 4606 praepositus
1198 4545 1275 4590 est
1299 4552 1488 4604 paenae,
1514 4547 1570 4589 ut
1596 4536 1758 4590 levius
1792 4545 1838 4588 te
1859 4537 1945 4606 af-

379 4627 531 4698 ﬁigat
553 4642 575 4693 ;
605 4626 695 4683 sed
723 4627 910 4696 exiguo
943 4633 1171 4696 tempore
1213 4627 1432 4695 patieris
1460 4627 1702 4693 adversa,
1731 4627 1946 4680 iterum-

472 4967 565 5038 59)
597 4967 748 5038 Post.
781 4965 989 5033 Herm.,
1019 4966 1055 5022 l.
1084 4983 1168 5030 tu,
1199 4966 1324 5023 sim.
1348 4983 1422 5034 vr,
1445 4982 1564 5038 cap.
1587 4967 1623 5021 Ξ
1645 4977 1698 5024 et
1723 4969 1775 5025 5.

473 5037 564 5107 40)
594 5037 725 5093 Loe.
754 5038 872 5103 cit.,
908 5037 1036 5092 sim.
1067 5053 1165 5093 vn.

454 5110 568 5176 (41)
599 5107 732 5179 Vide
753 5108 1042 5174 ,similitud.
1073 5123 1150 5174 ιι,
1181 5125 1302 5179 cap.
1334 5109 1388 5164 6.

475 5179 566 5250 42)
595 5178 762 5250 Idem,
791 5180 1031 5234 mandat.
1063 5194 1136 5232 tv.
1169 5178 1290 5250 cap.
1324 5181 1375 5234 l.

477 5247 567 5319 45)
601 5251 674 5302 En
721 5249 988 5318 integrum
1039 5247 1254 5304 textum'
1276 5251 1448 5319 ipsius
1489 5248 1731 5306 Pastoris
1771 5266 1787 5304 :
1831 5247 1940 5302 Do-

382 5321 541 5384 mine,
569 5320 615 5371 si
640 5319 755 5388 quis
787 5319 1026 5372 habuerit
1057 5335 1272 5376 uxorem
1302 5320 1506 5389 ﬁdelem
1537 5323 1590 5373 in
1616 5320 1862 5382 Domino,
1889 5327 1939 5372 et

384 5392 518 5444 hanc
549 5391 797 5442 invenerit
832 5390 886 5461 in
929 5389 1215 5461 adulterio,
1265 5391 1500 5461 nunquid
1541 5399 1718 5460 peccat
1749 5391 1860 5454 vir,
1891 5389 1939 5461 si

381 5463 617 5515 convivat
661 5475 780 5512 cum
809 5458 944 5512 illa?
988 5458 1055 5511 Et
1085 5459 1221 5514 dixit
1273 5458 1400 5514 mihi
1429 5477 1448 5518 :
1496 5458 1746 5526 Q'uandiu
1775 5459 1940 5512 nescit

381 5540 650 5601 peccatum
679 5528 826 5601 ejus,
849 5529 962 5601 sine
998 5531 1216 5584 crimine
1244 5541 1318 5583 est
1350 5531 1430 5584 vir
1461 5533 1630 5586 vivens
1664 5528 1937 5601 camilla.

383 5598 443 5657 Si
511 5610 682 5653 autem
751 5599 926 5652 scierit
989 5601 1066 5652 vir
1130 5616 1345 5654 uxorem
1402 5617 1555 5654 suam
1607 5598 1935 5668 deliquisse,

380 5683 429 5725 et
489 5687 590 5724 non
638 5670 801 5739 egerit
852 5671 1212 5740 paenitentiam
1284 5670 1503 5735 mulier,
1567 5682 1616 5725 et
1670 5676 1938 5738 permanet

382 5744 436 5794 in
471 5741 812 5798 fornicatione
848 5757 966 5804 sua,
1017 5751 1065 5794 et
1111 5739 1331 5794 convicit
1369 5757 1487 5794 cum
1532 5741 1630 5795 illa
1666 5741 1780 5803 vir,
1820 5753 1938 5790 reus

380 5813 482 5865 erit
537 5812 732 5880 peccati
779 5810 924 5882 ejus,
979 5820 1027 5865 et
1073 5810 1334 5880 particeps
1387 5811 1744 5866 mtechationis
1797 5807 1933 5878 ejus.

1975 4507 2022 4563 D

2049 1963 2266 2032 quidam
2322 1964 2568 2034 episcopi,
2606 1965 2660 2016 id
2709 1973 2784 2018 est
2828 1965 3078 2034 prtcsides
3126 1964 3504 2020 Ecclesiarum.
3554 1964 3620 2021 Et

2050 2054 2174 2106 alibi
2204 2053 2316 2122 jam
2349 2056 2640 2123 scripserat
2671 2056 2742 2127 (Ι.
2779 2073 2862 2123 ιιι,
2895 2057 3058 2112 simil.
3095 2075 3182 2118 rx.
3217 2074 3263 2112 c.
3293 2059 3347 2122 9,
3380 2059 3530 2122 vide,
3565 2069 3619 2112 et

2051 2145 2316 2199 visionem
2344 2163 2402 2200 ιιι
2443 2144 2696 2217 Hermae).
2745 2147 2902 2201 Nunc
2952 2149 3130 2218 itaque
3176 2149 3316 2203 vobis
3341 2149 3481 2212 dico,
3528 2151 3619 2219 qui

2048 2239 2284 2307 prazestis
2337 2237 2588 2293 Ecclesia:
2635 2249 2682 2292 et
2735 2240 2929 2292 amatis
2976 2240 3171 2307 primos
3199 2255 3488 2293 consessus.
3541 2240 3619 2294 Ex

2049 2328 2249 2398 quibus
2280 2328 2511 2393 eruitur,
2550 2328 2720 2383 fuisse
2749 2337 2880 2395 tunc
2916 2329 3122 2398 primas
3148 2330 3462 2395 cathedras,
3496 2329 3619 2398 qui-

2047 2419 2151 2473 bus
2183 2419 2474 2489 singularis
2508 2419 2703 2484 honor,
2737 2428 3089 2488 potestasque
3115 2419 3406 2489 conjuncta
3439 2430 3611 2485 esset,

2048 2525 2295 2580 quasque
2331 2511 2548 2579 superbi
2574 2519 2628 2564 et
2655 2511 2934 2564 ambitiosi
2984 2511 3231 2566 homines
3265 2513 3619 2582 concupisce-

2049 2609 2190 2656 rent.

2120 2689 2279 2746 Circa
2315 2691 2724 2745 matrimonium
2755 2691 2913 2746 docet
2943 2691 3122 2760 primo
3147 2691 3398 2759 Hermas,
3424 2694 3617 2748 matri-

2051 2782 2219 2836 monii
2288 2782 2565 2836 vinculum
2618 2796 2842 2855 promer
2896 2784 3224 2839 adulterium
3301 2786 3619 2842 alterutrius

2048 2876 2337 2947 conjugum
2369 2876 2510 2930 haud
2541 2875 2785 2931 dissolvi.
2821 2877 2972 2943 Quod
2995 2879 3042 2932 si
3067 2879 3327 2933 dimiserit
3353 2878 3477 2949 (vir)
3504 2895 3620 2932 mu-

2047 2969 2227 3022 lierem
2284 2984 2436 3022 suam
2477 2977 2526 3022 et
2563 2969 2725 3023 aliam
2767 2970 3000 3040 duxerit,
3037 2981 3086 3026 et
3117 2974 3224 3042 ipa
3261 2972 3613 3027 moechatur...

2047 3079 2170 3131 ergo
2203 3078 2305 3114 non
2327 3061 2472 3114 debet
2496 3061 2717 3115 dimissa
2743 3063 2960 3134 conjuge
2991 3081 3088 3118 sua
3118 3065 3198 3118 vir
3218 3065 3382 3118 aliam
3406 3065 3615 3122 ducere.

1972 3163 2014 3220 ο
2054 3151 2155 3205 llic
2187 3163 2335 3204 actus
2375 3152 2564 3205 similis
2585 3163 2659 3206 est
2685 3155 2811 3207 etin
2843 3156 2951 3209 viro
2974 3164 3022 3208 et
3051 3156 3104 3208 in
3129 3156 3365 3224 muliere,
3406 3157 3482 3211 ait
3506 3155 3611 3210 Pa-

2050 3255 2165 3299 stor
2201 3246 2334 3313 (42).

2118 3335 2249 3389 Dein
2279 3337 2522 3405 exponit,
2560 3338 2834 3406 quomodo
2864 3353 2923 3392 se
2947 3353 3137 3408 gerere
3161 3341 3358 3396 debeat
3384 3343 3615 3401 maritus

2048 3443 2174 3499 erga
2219 3443 2444 3482 uxorem
2490 3427 2816 3482 adulteram.
2848 3427 3102 3499 Praecipit
3148 3432 3346 3486 marito
3389 3448 3614 3503 separa-

2049 3524 2250 3576 tionem
2284 3521 2353 3574 ab
2381 3537 2551 3576 uxore
2592 3536 2692 3576 sua
2723 3522 2968 3578 adultera
3013 3524 3216 3593 (quoad
3304 3534 3477 3582 torum
3516 3545 3614 3584 seu

2049 3611 2554 3681 cohabitationem),
2575 3627 2736 3667 secus
2753 3627 2882 3668 reus
2905 3613 2995 3668 ille
3015 3615 3225 3684 peccati
3250 3615 3390 3686 ejus,
3414 3625 3468 3671 et
3487 3633 3614 3686 par-

2047 3711 2218 3777 ticeps
2268 3705 2652 3764 mmehationis
2701 3707 2842 3778 ejus.
2876 3707 2934 3762 Si
2982 3723 3110 3763 vero
3153 3709 3351 3764 mulier
3382 3709 3612 3766 dimissa

2049 3803 2422 3874 pmnitentiam
2454 3801 2642 3873 egerit,
2677 3809 2731 3856 et
2752 3800 2986 3856 voluerit
3013 3801 3078 3856 ad
3111 3801 3287 3856 virum
3333 3817 3496 3858 suum
3526 3819 3613 3858 re-

2046 3895 2205 3962 verti,
2247 3893 2442 3949 Pastor
2477 3893 2700 3949 mandat
2729 3893 2948 3959 marito,
2982 3903 3042 3948 ut
3070 3909 3191 3949 eam
3233 3895 3494 3965 recipiat;
3521 3909 3611 3950 se--

2047 4002 2145 4042 cus
2190 3995 2474 4057 peccatum
2517 3999 2776 4056 magnum
2822 3985 3076 4040 admittit.
3125 3985 3284 4051 Quod
3332 3986 3379 4042 si
3418 3985 3613 4040 mulier

2046 4087 2170 4150 post
2198 4077 2573 4148 paenitentiam
2605 4077 2660 4132 in
2691 4078 2878 4132 eadem
2921 4087 3142 4147 peccata
3186 4078 3530 4148 prolabatur,
3558 4077 3614 4132 in

2048 4172 2223 4239 iisque
2253 4177 2669 4240 perseveret,‘et
2701 4170 3073 4239 paenitentiam
3107 4185 3214 4225 non
3258 4179 3412 4240 agat,
3455 4168 3616 4224 debet

2047 4257 2294 4312 absolute
2323 4257 2577 4313 recedere
2602 4257 2836 4313 maritus
2866 4259 2934 4312 ab
2969 4259 3084 4326 illa,
3137 4275 3206 4314 ne
3235 4260 3506 4329 particeps
3543 4259 3618 4314 sit

2045 4349 2165 4420 ejus
2196 4349 2424 4420 peccati.
2469 4349 2568 4406 Hic
2589 4366 2771 4418 casus,
2804 4352 2962 4421 juxta
3004 4351 3248 4407 Pastoris
3282 4352 3611 4418 doctrinam.

2049 4443 2274 4512 respicit
2323 4443 2500 4498 virum
2556 4443 2864 4499 adulterum
2948 4452 3002 4498 et
3058 4445 3342 4499 mulierem
3406 4444 3616 4500 adulte-

2055 4550 2168 4588 ram
2203 4535 2336 4605 (4⁸5).
2369 4533 2542 4588 Hasce
2571 4535 2787 4605 regulas
2815 4549 3027 4605 semper
3052 4536 3420 4590 observandas
3447 4536 3617 4593 edixit

2052 4625 2320 4692 Ecclesia,
2369 4635 2554 4696 utpote
2591 4625 2693 4681 SS.
2737 4625 3144 4698 Scripturarum
3199 4643 3266 4683 ac
3307 4627 3615 4706 traditionis

2056 4966 2125 5022 Et
2152 4967 2268 5022 dixi
2299 4966 2382 5038 illi
2411 4983 2428 5020 :
2462 4967 2603 5032 Quid
2631 4965 2840 5038 ergosi
2870 4964 3217 5038 permanserit
3257 4965 3314 5018 in
3354 4965 3482 5038 vitio
3518 4981 3613 5020 suo

2053 5039 2285 5092 mulier?
2315 5036 2382 5090 Et
2407 5038 2544 5091 dixit
2583 5053 2601 5090 :
2633 5034 2881 5090 Dimittat
2915 5034 3063 5088 illam
3093 5036 3208 5100 vir;
3237 5045 3284 5088 et
3328 5036 3410 5088 vir
3436 5051 3528 5105 per
3559 5052 3614 5090 se

2052 5119 2284 5162 manent.
2336 5108 2490 5172 Quod
2515 5109 2561 5160 si
2590 5107 2848 5160 dimiserit
2879 5105 3147 5158 mulierem
3175 5121 3330 5158 suam
3355 5117 3404 5158 et
3447 5105 3614 5160 aliam

2051 5178 2285 5243 duxerit,
2311 5189 2359 5232 et
2381 5179 2489 5247 ipse
2518 5177 2822 5230 moechatur.
2854 5173 2920 5228 Et
2951 5175 3065 5228 dixi
3088 5174 3173 5247 illi
3198 5191 3216 5228 :
3247 5173 3462 5247 Quidsi
3483 5191 3618 5247 Amu-

2049 5249 2148 5303 lier
2171 5245 2791 5327 dimissalptenitentiam
2803 5247 2986 5327 egerit,
3015 5254 3064 5298 et
3090 5245 3428 5327 voluerit‘ad
3445 5245 3616 5327 virum

2049 5335 2204 5372 suum
2234 5313 2456 5383 reverti;
2490 5334 2657 5372 nonne
2689 5313 2968 5384 recipietur
2990 5332 3022 5368 a
3054 5315 3164 5368 viro
3190 5315 3326 5369 suo?
3360 5313 3430 5368 Et
3472 5315 3612 5368 dixit

2046 5390 2176 5442 mihi
2200 5403 2217 5440 :
2251 5388 2389 5452 lmo,
2421 5390 2466 5442 si
2498 5405 2602 5442 non
2627 5387 2872 5455 receperit
2903 5401 3018 5439 eam
3047 5387 3128 5438 vir
3157 5401 3306 5449 suus,
3336 5394 3537 5454 peccat,
3563 5393 3613 5437 et

2047 5475 2295 5527 magnum
2333 5468 2605 5527 peccatum
2635 5456 2736 5510 sibi
2767 5455 3048 5527 admittit;
3082 5455 3171 5508 sed
3210 5456 3355 5527 debet
3387 5456 3612 5524 recipere

2045 5526 2408 5597 peccatricem,
2439 5545 2557 5599 qua:
2581 5526 2941 5597 paenitentiam
2967 5526 3109 5599 egit,
3147 5526 3236 5599 sed
3267 5542 3372 5599 non
3404 5541 3609 5599 stepe...

2046 5595 2258 5667 propter
2279 5595 2638 5668 paenitentiam
2667 5613 2799 5668 ergo?
2815 5612 2917 5649 non
2942 5595 3115 5668 debet,
3137 5596 3368 5668 dimissa
3393 5597 3616 5668 conjuge

2047 5665 2166 5731 sua,
2191 5665 2462 5722 vir'aliam
2489 5668 2700 5721 ducere.
2728 5665 2830 5720 Hic
2857 5674 3008 5718 actus
3025 5665 3216 5720 similis
3238 5675 3315 5718 est
3335 5675 3383 5719 et
3405 5668 3458 5720 in
3475 5666 3610 5729 viro,

2043 5748 2093 5792 et
2124 5739 2176 5792 in
2210 5738 2443 5794 muliere.
2477 5737 2690 5794 Horme
2723 5735 2935 5804 Pastor,
2960 5737 3204 5798 mandat.
3235 5751 3310 5807 tv,
3332 5753 3381 5794 c.
3419 5737 3468 5792 1.
