4074 6154
389 366 393 371 “
414 388 521 446 ass

1841 380 1900 437 S.
1927 376 2189 436 ΠΕΠΜῶ

3549 372 3652 432 88ι

417 500 744 567 auctoritate
792 498 1033 554 Innixas.
1078 497 1425 553 Adulterium
1479 511 1696 566 semper
1738 495 1985 551 habitum
2017 498 2061 553 Α
2090 490 2298 546 nemini
2329 491 2384 546 in
2415 499 2653 545 mentem
2682 489 2903 552 venisse
2920 490 3349 561 disputationem
3374 490 3657 548 instituere

418 606 502 649 ost
530 601 590 647 ut
611 591 853 664 legitima
887 589 1103 644 divortii
1137 604 1339 655 causa;
1366 600 1643 656 nunquam
1672 592 1852 638 autem
1875 582 1989 638 dis-

416 684 581 741 solvit
609 681 886 737 vinculum
913 679 1251 735 matrimonii
1285 679 1524 749 legitime
1548 674 1844 731 contracti.

491 774 741 830 Declarat
769 772 986 827 tandem
1019 769 1384 842 polygamiam
1409 768 1776 825 successivam
1804 778 1986 821 revera

419 868 624 923 licitam
650 881 792 933 esse,
822 863 1071 919 cmlihem
1104 870 1287 917 tamen
1335 860 1430 932 qui
1463 859 1630 914 vitam
1661 856 1834 922 ducit,
1873 868 1988 908 rem

416 958 531 1015 Deo
554 956 923 1028 gratissimam
952 953 1135 1009 facere
1164 953 1303 1022 (44).

482 1045 633 1117 ﬁ-lV.
665 1045 738 1100 De
768 1044 1144 1099 mandatorum
1169 1042 1267 1096 Dei
1293 1041 1626 1097 obsermntia
1657 1049 1705 1093 et
1737 1038 1932 1108 gratia.

494 1138 568 1193 De
608 1136 808 1192 divinis
853 1136 1131 1206 praeceptis
1173 1149 1482 1189 sermonem
1562 1132 1888 1196 instituens,
1928 1144 1992 1183 ea

421 1227 590 1284 Deum
608 1228 810 1284 amanti
822 1234 1038 1283 servatu
1058 1225 1311 1281 facillima
1327 1265 1343 1291 ,
1376 1224 1553 1294 neque
1566 1222 1863 1293 quidquam
1884 1222 1995 1274 illis

417 1322 664 1377 sanctius
693 1329 787 1375 aut
817 1320 1031 1375 dulcius
1070 1335 1192 1373 esse
1220 1317 1296 1372 ait
1334 1317 1470 1389 (45).
1524 1315 1660 1371 Cum
1690 1330 1822 1369 vero
1856 1311 1993 1367 Her-

421 1430 541 1469 mas
567 1412 781 1469 Pastori
816 1411 1112 1481 objicerct:
1142 1409 1314 1467 Homo
1339 1409 1483 1474 cupit
1508 1406 1717 1478 quidem
1739 1403 1996 1458 mandata

422 1503 518 1560 Dei
550 1503 836 1569 custodire,
865 1512 913 1556 et
941 1518 1089 1555 nemo
1121 1510 1226 1566 est,
1254 1500 1343 1569 qui
1372 1515 1475 1553 non
1503 1507 1646 1568 petat
1678 1514 1710 1550 a
1745 1495 1994 1560 Domino,

421 1605 481 1651 ut
521 1596 685 1667 possit
718 1595 973 1651 mandata
999 1594 1114 1663 ejus
1155 1606 1396 1655 servare;
1444 1591 1533 1645 sed
1556 1588 1802 1643 diabolus
1829 1588 1995 1642 durus

420 1693 519 1751 est,
550 1693 599 1739 et
647 1685 883 1754 potentia
925 1701 1025 1740 sua
1054 1684 1361 1743 dominatur
1401 1681 1455 1735 in
1502 1680 1599 1736 Dei
1627 1697 1801 1736 seruos
1843 1679 1980 1754 (46).

423 1775 623 1831 Pastor
653 1776 799 1832 illico
822 1776 870 1830 ei
902 1775 1214 1845 respondet,
1260 1789 1368 1829 non
1400 1789 1561 1844 posse
1591 1773 1867 1828 diabolum
1893 1773 1996 1827 do~

426 1867 623 1923 minari
652 1868 707 1922 in
730 1866 824 1923 Dei
854 1883 1062 1932 servos,
1088 1865 1182 1936 qui
1208 1880 1272 1921 es
1308 1866 1437 1921 totis
1456 1864 1775 1936 praecordiis
1806 1864 1859 1918 in
1892 1864 1998 1918 Do—

425 1959 635 2015 minum
682 1960 932 2017 credunt.
966 1958 1148 2015 Potest
1177 1968 1375 2025 autem,
1407 1959 1558 2015 addit
1588 1958 1833 2027 insuper.
1878 1956 2001 2010 dia-

424 2048 575 2103 bolus
599 2048 816 2115 luctari,
846 2050 937 2103 sed
964 2050 1163 2104 vincere
1191 2067 1295 2104 non
1328 2059 1495 2121 potest
1521 2066 1544 2115 ,'
1566 2050 1614 2102 si
1641 2049 1780 2103 enim
1800 2048 2002 2101 resisti-

429 2145 498 2195 tis
559 2141 670 2208 illi,
698 2141 861 2211 fugiet
905 2158 938 2195 a
966 2141 1107 2196 vobis
1137 2142 1407 2212 confusus.
1450 2141 1546 2197 His
1579 2140 1762 2195 verbis
1796 2141 2000 2195 contir-

430 2232 567 2286 mari
614 2241 843 2301 possunt
874 2231 1076 2286 animat
1104 2232 1352 2302 quaedam
1401 2232 1758 2299 meticulosaa,
1802 2230 2004 2301 quibus

429 2332 697 2378 terrorem
727 2323 1004 2379 incutiunt
1029 2323 1359 2381 Christiana:
1393 2325 1646 2392 virtutes,
1672 2338 1877 2391 easque
1900 2338 2003 2393 pu-

428 2420 549 2467 tant
580 2411 634 2469 in
673 2412 826 2481 praxi
857 2427 979 2468 esse
1010 2412 1175 2467 nimis
1211 2412 1493 2479 molestas,
1526 2410 1779 2481 quinimo
1819 2417 1873 2464 et
1902 2410 2008 2462 im-

432 2502 722 2571 possibiles
751 2518 945 2558 eorum
976 2511 1208 2559 naturae.
1244 2502 1422 2561 Velint
1466 2504 1621 2572 ipsae,
1649 2501 1914 2571 diligant,
1951 2508 2007 2555 et

353 2594 360 2603 '
432 2592 569 2648 nihil
596 2595 704 2649 erit
728 2594 973 2665 dillicile;
1005 2596 1097 2665 qui
1127 2595 1325 2664 diligit,
1348 2595 1532 2649 omnia
1565 2601 1762 2662 potest.
1792 2590 1904 2646 Hac
1923 2591 2007 2646 di-

432 2683 668 2742 lectione
716 2685 783 2739 de
833 2684 1035 2741 Satana
1059 2685 1347 2741 victoriam
1377 2684 1750 2753 reportabant,
1779 2691 1834 2736 et
1856 2696 2008 2737 eom-

434 2791 628 2845 tnupes
655 2774 820 2845 hujus
849 2775 1015 2832 sortis
1038 2776 1216 2830 minas
1239 2781 1621 2839 contemnant;
1645 2788 1768 2841 qum
1786 2772 2008 2842 quidem

426 2832 621 2941 gnithe,
646 2832 824 2936 inq'uit
849 2865 1064 2931 Pastor,
1097 2866 1217 2921 sine
1249 2866 1450 2919 virtute
1480 2872 1630 2929 sunt,
1661 2832 2009 2918 sicut.homi-

438 2957 522 3013 nis
552 2957 749 3011 mortui
783 2957 954 3011 nervi.
990 2956 1167 3011 Minas
1199 2966 1378 3010 autem
1407 2954 1555 3011 illius
1579 2955 1635 3010 in
1661 2963 1825 3008 totum
1848 2953 2009 3008 nolite

436 3049 649 3113 timere;
673 3048 785 3106 sine
810 3046 1001 3106 uirtute
1028 3049 1168 3101 enim
1204 3054 1346 3112 sunt,
1382 3046 1519 3102 sicut
1548 3044 1775 3098 hominis
1811 3045 2009 3099 mortui

2088 595 2254 650 supra
2284 579 2604 651 mysterium
2636 580 2852 649 gratiae,
2896 581 3059 651 eique
3099 580 3329 652 gloriam
3368 581 3658 651 praeripere

2088 670 2496 735 conversionis,
2544 685 2610 724 ac
2642 669 3056 738 justiﬁcationis
3100 671 3450 740 peccatoris;
3497 681 3659 739 atque

2091 766 2194 817 hac
2213 762 2282 817 de
2306 777 2475 817 causa
2517 760 2742 816 Hermas
2784 777 2946 817 suum
2978 760 3264 817 Pastorem
3297 762 3546 830 perhibet
3572 763 3656 816 Ιο-

2089 863 2347 924 quentem
2397 854 2465 909 de
2516 853 2689 924 gratia
2739 853 2874 909 satis
2903 853 3262 910 conﬁdenter.
3306 854 3584 918 Secundo,
3612 856 3661 909 si

2091 954 2240 1001 recte
2267 945 2339 1001 ad
2378 960 2608 1000 examen
2657 952 2946 1000 revocetur
2977 944 3065 1000 hic
3096 954 3295 1013 textus,
3328 946 3465 1000 nihil
3500 946 3553 1000 in
3595 961 3664 1001 eo

2092 1028 2459 1101 adinvenitur,
2518 1036 2665 1107 quod
2706 1035 2941 1089 multum
2989 1036 3232 1091 detinere
3274 1052 3376 1092 nos
3425 1037 3661 1102 debeat;

2092 1145 2258 1185 omne
2288 1130 2343 1185 id
2372 1129 2541 1192 enim,
2584 1127 2730 1199 quod
2767 1128 2841 1184 ibi
2890 1129 3138 1195 docetur,
3189 1129 3256 1184 ad
3286 1129 3403 1184 haec
3449 1129 3667 1184 reduci-

2093 1232 2182 1276 tur
2210 1240 2224 1276 :
2261 1221 2434 1277 Deum
2457 1221 2707 1276 videlicet
2735 1220 3036 1276 concedere
3077 1220 3306 1291 gratiam
3333 1221 3667 1291 pmnitentiae

2094 1313 2336 1368 hominis
2364 1311 2688 1380 sinceritati,
2731 1312 2961 1383 ejusque
3003 1312 3164 1367 bonis
3190 1312 3664 1382 dispositionibus.

2097 1405 2220 1462 Haec
2249 1406 2465 1477 phrasis
2496 1415 2675 1460 autem
2707 1421 2808 1460 nec
2831 1413 2917 1460 est
2944 1404 3256 1474 Pelagiana,
3287 1419 3392 1459 nec
3424 1402 3669 1474 Semipe-

2096 1498 2334 1569 lagiana,
2366 1497 2472 1552 nisi
2502 1498 2556 1551 in
2583 1512 2748 1552 sensu
2775 1511 2991 1561 eorum,
3026 1497 3118 1567 qui
3145 1503 3353 1562 tenent,
3385 1496 3529 1551 hanc
3551 1496 3669 1550 sin-

2095 1593 2399 1656 ceritatem,
2430 1590 2640 1659 hasque
2675 1590 2849 1645 bonas
2881 1589 3270 1659 dispositiones
3299 1588 3460 1643 unice
3500 1603 3568 1643 ex
3598 1588 3668 1641 li-

2097 1684 2230 1738 bero
2254 1681 2480 1737 arbitrio
2505 1680 2822 1751 procedere.
2846 1689 2902 1735 et
2927 1696 2995 1735 ex
3024 1680 3233 1735 viribus
3256 1688 3497 1746 naturae;
3521 1679 3670 1749 quod

2099 1775 2315 1845 quidem
2344 1789 2444 1829 nec
2473 1773 2560 1828 hic
2581 1772 2740 1827 docet
2754 1772 2969 1840 Pastor,
2993 1787 3093 1827 nec
3120 1772 3272 1839 alibi,
3297 1771 3443 1843 quod
3470 1772 3666 1836 sciam,

2102 1866 2155 1919 in
2189 1874 2303 1919 toto
2343 1878 2509 1934 opere
2540 1878 2663 1917 suo.
2698 1861 2961 1927 Quinimo
2991 1861 3098 1917 dici
3129 1862 3294 1916 etiam
3341 1869 3518 1930 potest
3561 1875 3670 1915 non

2101 1956 2308 2026 absque
2343 1953 2556 2008 ratione
2586 1951 2867 2007 Pastorem
2902 1951 3012 2006 illis
3042 1951 3269 2007 vocibus
3304 1967 3465 2007 usum
3510 1966 3668 2017 esse;

2101 2050 2303 2120 quippe
2337 2045 2656 2118 pmnitentia
2688 2053 2772 2099 est
2798 2059 2903 2098 uua
2933 2058 3000 2098 ex
3029 2043 3098 2099 iis
3125 2044 3336 2115 gratiis,
3364 2058 3503 2114 quas
3524 2042 3670 2097 Deus

2103 2157 2211 2196 non
2242 2140 2491 2197 concedit
2526 2137 2804 2193 ordinario
2846 2136 3144 2206 loquendo,
3181 2136 3287 2191 nisi
3327 2146 3451 2205 post
3473 2136 3674 2190 multas

2105 2234 2264 2300 alias,
2297 2234 2376 2288 uti
2412 2232 2559 2292 lidei.
2597 2230 2736 2302 spei,
2778 2245 2901 2300 quae
2928 2237 3059 2285 sunt
3082 2229 3249 2284 veluti
3284 2228 3674 2299 dispositiones

2105 2330 2171 2384 ad
2198 2329 2357 2383 istam
2383 2324 2520 2396 (48).

2636 2414 2761 2489 εγ.
2802 2414 2876 2469 De
2918 2412 3142 2486 angelis.

2176 2513 2363 2584 Neque
2394 2509 2914 2582 praetermittendum
2940 2525 2970 2563 a
2992 2508 3153 2564 nobis
3175 2504 3525 2571 arbitramur,
3555 2516 3679 2572 quae

2107 2607 2175 2662 de
2200 2606 2406 2676 angelis
2430 2604 2548 2660 suis
2577 2604 2630 2657 in
2664 2602 2820 2658 libris
2861 2600 3092 2656 Hermas
3131 2598 3313 2654 tradit.
3346 2596 3529 2651 Primo
3555 2594 3679 2665 qui~

2107 2697 2229 2753 dem
2260 2696 2416 2751 docet
2445 2709 2566 2749 esse
2608 2693 2897 2763 quamdam
2928 2691 3077 2761 ipsos
3113 2689 3255 2743 inter
3288 2689 3511 2760 angelos
3542 2687 3678 2743 sub-

2109 2784 2529 2851 ordinationem,
2564 2784 2639 2837 ita
2680 2782 2935 2847 nimium,
2967 2788 3026 2833 ut
3055 2777 3149 2832 alii
3187 2778 3297 2833 sint
3333 2778 3456 2833 aliis
3496 2774 3681 2831 excel-

2110 2878 2366 2933 lentiores
2390 2874 2524 2942 (49).
2554 2873 2803 2928 Secundo
2830 2873 3056 2942 exponit
3078 2870 3294 2941 qualem
3315 2870 3461 2925 circa
3484 2883 3681 2923 omnes

2111 2968 2275 3039 hujus
2328 2966 2517 3021 mundi
2562 2980 2652 3020 res
2698 2962 3118 3018 sollicitudinem
3173 2961 3425 3016 habeant.
3477 2958 3684 3015 Statuit

2111 3071 2290 3116 autem
2321 3058 2588 3128 imprimis
2615 3056 2674 3110 S.
2707 3054 3021 3110 Michaelem
3068 3052 3454 3122 archangelum
3479 3051 3683 3105 habere

438 3141 602 3200 nervi.
630 3139 856 3199 Phrasis
884 3140 999 3197 haec
1028 3138 1311 3212 originalis
1346 3147 1451 3202 est,
1480 3136 1887 3207 perfectamque
1910 3138 2010 3191 ba-
2035 3158 2084 3218 ο
2115 3160 2432 3223 potestatem
2466 3164 2630 3219 super
2663 3147 2923 3217 populum
2963 3145 3360 3209 Christianum,
3389 3152 3443 3198 ει
3485 3143 3684 3213 gub“-

442 3233 532 3289 bet
575 3232 1073 3303 pulchritudinem;
1123 3246 1188 3287 ac
1239 3230 1513 3300 pathetice
1562 3229 1808 3299 exponit,
1861 3230 2007 3301 quod

441 3342 659 3387 siunmo
694 3334 1008 3400 contemptu
1051 3324 1349 3379 debeamus
1403 3322 1605 3378 habere
1643 3322 1946 3378 daemonem
1992 3341 2005 3375 :

438 3420 586 3479 absit
612 3435 738 3477 vero
774 3419 919 3490 quod
947 3418 1052 3474 hoc
1089 3417 1271 3477 minus
1294 3431 1395 3472 nos
1424 3416 1689 3473 sollicitos
1715 3415 1924 3481 reddat,
1947 3431 2013 3472 ac

443 3513 733 3583 vigilantes
761 3512 1025 3567 adversus
1052 3510 1174 3581 ejus
1201 3509 1425 3569 fraudes
1455 3524 1521 3564 ac
1548 3508 1794 3565 insidias.

517 3603 748 3670 Quidam
800 3605 953 3660 locus
986 3602 1228 3659 occurrit
1275 3602 1332 3658 in
1385 3602 1634 3668 Pastore,
1682 3601 1778 3672 qui
1829 3608 2016 3670 posset

447 3695 652 3751 morari
677 3694 960 3758 lectorem,
988 3708 1180 3763 parum
1205 3692 1273 3747 de
1300 3690 1475 3762 gratia
1495 3689 1846 3749 instructum.
1877 3690 2016 3755 Quo-

446 3802 588 3851 rum,
621 3785 698 3843 ait
727 3783 938 3850 Pastor,
969 3784 1169 3843 uiderat
1209 3784 1466 3839 Dominus
1500 3798 1663 3854 puras
1705 3792 1902 3838 utentes
1927 3782 2016 3852 fu-

448 3888 687 3944 turas,et
718 3880 1005 3936 serviturus
1034 3879 1083 3932 ei
1108 3894 1171 3933 ea:
1199 3878 1324 3937 totis
1348 3876 1803 3947 prwcordiis,illis
1833 3874 2016 3929 tribuit

440 3971 849 4043 paenitentiam:
878 3980 929 4024 et
959 3986 1179 4041 quorum
1211 3970 1436 4040 respexit
1465 3968 1645 4023 dolum
1666 3978 1714 4023 et
1736 3968 2018 4039 nequitias,

445 4073 501 4118 et
530 4064 910 4122 animaduertit
941 4064 1010 4118 ad
1054 4080 1112 4121 se
1149 4062 1423 4133 fallaciter
1453 4078 1749 4117 reuersurus
1771 4102 1786 4127 ,
1815 4061 2021 4130 negavit

451 4156 523 4211 iis
565 4154 635 4209 ad
665 4156 1023 4229 ptcnitentiam
1069 4172 1381 4226 regressum,
1423 4172 1484 4209 ne
1508 4171 1689 4209 rursus
1716 4154 1879 4225 legem
1906 4154 2020 4224 ejus

452 4243 699 4315 nefandis
729 4245 1094 4301 maledicerent
1131 4244 1296 4300 verbis
1335 4245 1472 4315 (47).
1503 4244 1713 4310 Videri,
1761 4244 2012 4315 inquam,

450 4345 638 4410 posset
668 4335 757 4391 hic
786 4334 979 4393 Pastor
1008 4336 1282 4405 aliquibus
1307 4335 1771 4406 Pelagianismum
1798 4351 2015 4406 sapere,

449 4429 537 4485 vel
589 4428 656 4483 ad
716 4428 898 4485 minus
955 4426 1629 4498 scmi-Pelagianismum,
1679 4427 1734 4482 in
1792 4426 2019 4483 materia

2115 3257 2246 3297 nare
2291 3241 2465 3295 illum.
2529 3238 2766 3293 Nuntius
2802 3245 2976 3290 autem
3017 3235 3174 3290 ille...
3209 3234 3394 3303 (verba
3430 3242 3556 3288 sunt
3577 3230 3684 3286 Pa-

2112 3333 2297 3403 storis)
2328 3330 2558 3386 Michael
2591 3338 2689 3394 est,
2727 3329 2817 3400 qui
2851 3326 3032 3398 populi
3059 3326 3215 3395 hujus
3262 3325 3414 3379 habet
3452 3332 3682 3393 potesta-

2114 3436 2237 3491 tem,
2265 3434 2314 3479 et
2343 3424 2597 3495 gubernat
2630 3421 2765 3492 (50).
2800 3417 2938 3473 Hinc
2983 3417 3273 3489 peculiaris
3316 3416 3533 3471 devotio
3578 3413 3682 3470 Ec-

2113 3518 2293 3573 clesiae
2340 3517 2623 3571 catholica:
2669 3528 2797 3585 erga
2843 3510 2905 3567 S.
2953 3509 3269 3566 Michaelem
3318 3508 3578 3564 tundatur
3624 3506 3681 3565 in

2112 3611 2360 3668 doctrina
2387 3609 2656 3680 primaevae
2689 3607 3057 3678 antiquitatis.

2188 3702 2332 3757 Idem
2363 3700 2558 3756 Pastor
2587 3707 2773 3769 aperte
2815 3714 3034 3769 quoque
3071 3697 3314 3753 declarat
3347 3695 3543 3751 Filium
3586 3693 3682 3775 Dei

2118 3796 2477 3868 praeposuisse
2511 3793 2734 3864 angelos
2764 3791 2818 3847 in
2849 3791 3154 3848 custodiam
3193 3805 3382 3846 eorum
3414 3803 3553 3860 quos
3579 3785 3685 3841 Pa-

2119 3898 2238 3945 stor
2262 3886 2498 3944 cmlestis
2525 3885 2629 3956 ipsi
2666 3883 2886 3940 tradidit
2914 3903 2930 3938 :
2960 3883 3053 3938 Eis
3082 3900 3210 3955 quos
3262 3881 3406 3936 Filio
3437 3878 3682 3943 tradidit,

2124 3978 2300 4034 Filius
2320 3978 2395 4033 eis
2421 3976 2631 4030 nuntios
2664 3975 2950 4045 praeposuit
2993 3973 3065 4028 ad
3093 3971 3472 4029 conservandos
3504 3971 3688 4040 singu-

2121 4071 2200 4125 los
2244 4069 2379 4138 (5i).
2431 4066 2546 4122 Etsi
2590 4074 2786 4137 agatur
2828 4065 2919 4119 hic
2965 4064 3032 4119 de
3076 4064 3208 4120 solis
3255 4058 3686 4136 praedestinatis,

2123 4170 2332 4216 certum
2363 4165 2447 4213 est
2478 4156 2834 4211 nihilominus
2880 4152 3024 4224 quod
3057 4152 3250 4209 Pastor
3294 4151 3437 4208 idem
3472 4148 3690 4220 privile-

2124 4246 2273 4324 gium
2304 4249 2570 4306 concedat
2602 4246 2815 4304 steteris
2846 4245 3179 4301 hominibus.

2193 4341 2378 4397 Primo
2405 4340 2549 4395 enim
2589 4338 2718 4394 illud
2753 4337 3001 4393 concedit
3040 4335 3327 4407 neophytis
3367 4333 3521 4405 ipsis,
3556 4332 3690 4389 dum

2126 4430 2257 4485 dicit
2301 4429 2444 4501 quod
2475 4427 2552 4483 illi
2582 4426 2650 4480 ab
2683 4425 2891 4495 angelis
2930 4434 3348 4480 commonentur
3372 4424 3437 4479 ad
3469 4422 3693 4482 benefa-

449 4520 662 4591 gratim,
692 4536 857 4594 quam
884 4519 1063 4589 primo
1093 4528 1316 4589 aspectu
1343 4519 1559 4574 videtur
1586 4519 1884 4574 concedere
1910 4534 2023 4574 me-
2054 4498 2100 4553 D
2129 4498 2381 4577 ciendum
2401 4518 2540 4589 (52).
2569 4516 2771 4572 Deinde
2799 4515 3039 4571 declarat
3066 4518 3120 4571 in
3146 4530 3359 4586 genere,
3402 4515 3548 4585 quod
3579 4513 3692 4569 duo

452 4610 597 4675 ritis,
647 4619 703 4665 et
749 4610 909 4667 bonis
958 4609 1413 4680 dispositionibus
1456 4611 1762 4675 hominum,
1795 4609 2023 4670 minime
2127 4613 2270 4686 genii
2296 4613 2411 4671 sive
2434 4610 2543 4669 duo
2574 4609 2749 4677 angeli
2776 4616 3052 4675 suntcum
3084 4610 3325 4676 homine,
3352 4624 3495 4664 unus
3516 4607 3695 4676 requi-

454 4701 895 4773 recognoscendo
946 4700 1192 4755 illam'es
1250 4710 1399 4770 parte
1449 4699 1542 4755 Dei
1592 4701 1905 4771 gratuitam.
1951 4701 2022 4755 At
2130 4705 2279 4770 tatis,
2327 4710 2382 4757 et
2429 4716 2570 4755 unus
2610 4698 2915 4769 iniquitatis
2946 4700 3081 4771 (53).
3113 4699 3270 4754 Prior
3305 4700 3371 4755 ad
3411 4699 3691 4763 virtutem,

454 4791 999 4848 animadvertendum
1028 4801 1113 4847 cst
1139 4792 1339 4863 primo,
1376 4792 1653 4862 primazvis
1683 4792 2025 4863 temporibus
2130 4794 2267 4848 alter
2296 4791 2363 4845 ad
2402 4790 2532 4843 vitia
2557 4789 2780 4844 excitat.
2834 4787 3004 4844 Malus
3051 4788 3166 4860 ipse
3210 4790 3403 4860 genius
3442 4788 3697 4843 diabolus

529 4997 645 5065 (ιι)
676 4995 746 5050 Et
780 4998 969 5051 iterum
999 4996 1113 5051 dixi
1142 4997 1224 5051 illi
1248 5013 1266 5050 :
1293 4997 1351 5053 Si
1374 4998 1455 5053 vir
1482 4995 1560 5051 uel
1576 4994 1764 5049 mulier
1787 4995 2018 5064 alicujus

453 5068 759 5138 decesserit,
791 5078 838 5121 et
873 5068 1105 5129 nupserit
1133 5068 1324 5138 aliquis
1351 5069 1564 5123 illorum
1582 5082 1609 5138 ί
1639 5066 1873 5138 nunquid
1898 5082 2022 5132 pec-

456 5140 583 5193 cat?
612 5136 715 5201 Qui
733 5138 883 5191 nubit
902 5180 916 5202 ,
942 5154 1042 5191 non
1068 5136 1266 5205 peccat,
1290 5138 1485 5208 inquit.
1521 5136 1611 5189 sed
1632 5136 1679 5187 si
1699 5151 2025 5208 persequutu-

457 5209 901 5278 scrit,__magnum
926 5207 1025 5261 sibi
1058 5209 1198 5277 apud
1241 5206 1525 5261 Dominum
1566 5206 1823 5275 conquirit
1856 5206 2021 5258 Itono-

460 5275 834 5359 rem_.ui_le£litaa
869 5275 1419 5359 Past_o.r.,_mand.'tv,
1446 5292 1495 5331 c.
1523 5278 1577 5330 4.

534 5348 650 5472 145)
690 5345 876 5429 Ponite
924 5348 1063 5430 nobis
1097 5346 1279 5413 Deum,
1317 5347 1482 5430 Deum
1511 5356 1739 5429 uestrum
1777 5348 1836 5430 in
1864 5344 2019 5400 corde

459 5418 531 5499 Ira
552 5434 672 5499 Aere,
696 5428 745 5471 et
768 5416 1071 5499 intelligetis
1096 5417 1234 5488 quod
1275 5418 1408 5470 nihil
1435 5416 1645 5499 facilius
1669 5418 1738 5471 sit
1764 5418 1845 5471 Ius
1870 5432 2020 5469 man-

465 5488 633 5552 datis,
662 5503 824 5558 usque
852 5487 1082 5552 dulcius,
1112 5487 1288 5558 neque
1329 5488 1676 5558 mansuetius,
1707 5504 1871 5558 usque
1896 5503 2019 5541 sau-

461 5558 619 5611 ctius.
664 5556 747 5609 ί..
780 5573 817 5611 ιι
840 5595 855 5619 ,
890 5559 1077 5611 mand.
1112 5556 1211 5620 sit,
1241 5574 1289 5613 c.
1329 5557 1364 5610 3
1395 5568 1450 5613 et
1478 5558 1529 5612 d.

562 5627 652 5692 ιϐ)
686 5625 850 5692 Idem,
885 5626 1039 5691 ibid.,
1069 5642 1118 5681 c.
1150 5627 1203 5681 5.

560 5695 652 5766 η)
677 5695 843 5766 Idem,
880 5695 1056 5766 Past.,
1087 5697 1371 5752 similitud.
1399 5713 1517 5760 vm,
1548 5714 1666 5766 cap.
1701 5699 1747 5749 ii.

539 5765 654 5837 (48)
682 5764 941 5833 Quinitno
976 5765 1141 5821 Deum
1176 5766 1432 5823 anteriori
1477 5764 1709 5839 quadam
1738 5772 1909 5839 gratia
1941 5782 2033 5824 eos

2126 4993 2194 5048 ad
2219 4991 2591 5084 paenitentiam
2619 5006 2975 5084 praeparasse,
3018 4989 3145 5045 inde
3158 4998 3316 5084 lpatet
3337 4989 3508 5084 milia
3534 4988 3696 5084 paulq

2127 5058 2379 5134 superius
2423 5058 2650 5132 angelus
2703 5058 2769 5116 a'd
2833 5059 3086 5115 Hermam
3140 5058 3318 5114 dixit:
3363 5058 3514 5112 Vides
3555 5058 3696 5129 quod

2128 5134 2283 5204 multi
2312 5142 2525 5204 egerunt
2552 5132 2930 5204 ptenitentiam,
2961 5140 3011 5204 et
3033 5131 3277 5204 assecuti,
3295 5140 3416 5183 sunt
3448 5131 3693 5204 salutem.

2139 5198 2531 5272 Videofinquit
2553 5198 2805 5272 Hermas,
2842 5200 3069 5272 domine.
3092 5198 3174 5272 _Ut
3209 5203 3370 5272 scius,
3416 5199 3491 5253 ait
3534 5214 3701 5267 auge-

2128 5273 2237 5339 lus,
2274 5269 2558 5327 bonitatem
2604 5281 2656 5325 et
2705 5271 3034 5324 clementiam
3085 5269 3293 5323 Domini
3340 5284 3606 5339 magnam,
3646 5277 3698 5339 et

2126 5337 2489 5398 honorandum
2524 5358 2655 5406 esse,
2688 5343 2783 5409 qui
2823 5340 2965 5394 dedit
3007 5341 3254 5409 spiritum
3301 5341 3376 5394 eis
3418 5339 3510 5408 qui
3548 5337 3701 5409 digni

2125 5424 2275 5470 erant
2302 5412 2660 5481 pmnitentiam
2686 5426 2855 5481 agere.

2200 5480 2310 5552 (49)
2340 5482 2550 5536 Hermae
2580 5480 2755 5552 Past.,
2789 5480 2999 5535 visione
3026 5495 3110 5545 nl,
3137 5494 3258 5551 cap.
3290 5480 3346 5536 4.

2200 5554 2313 5623 (50)
2345 5552 2511 5623 idem,
2544 5551 2759 5623 similit.
2786 5566 2906 5617 vm,
2935 5552 3070 5623 c.45.
3260 5582 3265 5589 ο

2206 5620 2510 5692 (517)1dem,
2538 5620 2746 5692 similit.
2776 5635 2857 5687 In,
2894 5636 2943 5675 ε.
2976 5621 3031 5692 6.

2208 5693 2321 5761 (52)
2348 5692 2513 5755 Idem,
2540 5691 2576 5743 Ι.
2603 5707 2641 5748 ι.
2674 5691 2776 5745 vis.
2802 5707 2882 5755 Ill,
2912 5705 2961 5744 c.
2988 5691 3043 5745 5.

2206 5763 2319 5832 (33)
2348 5761 2515 5830 Idem,
2549 5761 2583 5814 l.
2623 5777 2683 5828 ιι,
2721 5762 2903 5818 manci.
2942 5777 3014 5829 vr,
3043 5777 3091 5816 c.
3123 5761 3178 5819 2.
