4010 6150
314 307 426 368 889

1494 307 1580 362 PA
1589 307 1769 365 STOR
1780 349 1793 362 .
1834 339 1904 358 .-—-
1944 308 2313 370 PROGIIIIA.

3475 314 3576 370 890

312 434 429 484 utor
460 422 598 496 (7i),
621 422 761 476 sicut
803 421 1034 476 homines
1082 435 1333 476 memores
1396 421 1758 491 injuriarum;
1803 423 1894 478 sed
1926 430 1969 487 Α
1997 424 2272 500 constricti
2316 429 2440 477 sunt
2485 423 2630 478 circa
2665 422 2875 495 negotia
2915 441 3016 481 sua
3043 467 3058 490 ,
3095 436 3146 482 et
3190 443 3290 482 non
3343 430 3572 484 serviunt

312 530 390 574 est
414 520 690 572 immemor
722 516 1041 584 injuriarum
1067 556 1082 579 ,
1124 524 1174 568 et
1206 517 1483 569 miseretur
1509 516 1745 586 ﬁgmenti
1784 519 1890 574 sui.

313 608 635 665 Peccatores
673 621 818 671 vero,
859 614 1150 675 antequam
1194 607 1261 659 ad
1296 605 1463 661 Deum
1495 607 1760 662 accedant
1797 623 1891 676 per

310 699 634 760 orationem,
660 711 754 751 cor
778 695 1081 751 subducere
1107 694 1307 750 debent
1339 697 1410 750 ab
1435 697 1694 752 omnibus
1720 697 1888 763 vitiis,

308 807 433 862 quae
469 791 524 845 in
569 789 763 859 seipsis
811 787 1172 843 adinveniunt
1196 829 1211 855 ,
1261 796 1315 843 et
1352 788 1567 844 sincero
1599 777 1786 844 animo
1821 789 1888 844 ad

310 882 480 938 Deum
529 880 759 948 reverti;
827 895 986 936 secus
1045 889 1188 935 esset
1241 880 1593 951 praesumptio
1645 882 1888 951 qualibet

307 976 463 1030 venia
496 973 715 1042 indigna
744 1013 758 1040 ,
788 981 1103 1042 exspectare
1145 988 1174 1025 a
1211 972 1322 1027 Deo
1367 973 1617 1028 eli‘ectum
1669 975 1884 1030 illarum

307 1081 550 1136 precum,
581 1080 721 1134 quas
749 1064 834 1120 his
865 1079 971 1118 non
997 1065 1293 1134 praemissis
1315 1065 1770 1134 dispositionibus
1799 1066 1881 1122 fu-

305 1160 534 1213 dissent.
568 1156 710 1229 Ergo
740 1159 964 1228 puri/ica
1005 1174 1092 1211 cor
1122 1167 1338 1212 tuum...
1374 1167 1422 1213 et
1452 1159 1674 1229 accipies
1705 1161 1885 1214 omnia

303 1250 441 1303 bona
467 1292 482 1316 ,
513 1267 629 1320 qua:
657 1252 858 1319 petis...
891 1251 981 1321 qui
1010 1267 1131 1320 ergo
1165 1250 1295 1305 tales
1327 1267 1429 1303 non
1459 1262 1582 1305 sunt
1609 1293 1624 1317 ,
1670 1253 1883 1306 omnino

302 1341 436 1394 nihil
466 1344 744 1412 impetrant
772 1358 953 1395 eorum
978 1383 993 1407 ,
1025 1359 1142 1413 qua:
1173 1352 1378 1412 petunt.
1404 1342 1460 1397 Si
1494 1343 1774 1414 contingat
1801 1344 1883 1398 ni-

302 1436 600 1491 hilominus
616 1437 783 1506 quod,
802 1436 1016 1506 praeviis
1037 1436 1198 1490 etiam
1221 1436 1380 1492 bonis
1403 1436 1881 1507 dispositionibus,

300 1545 411 1584 non
447 1531 780 1599 accipiamus
811 1530 1126 1600 petitionem
1162 1539 1404 1585 nostram
1433 1571 1449 1597 ,
1485 1530 1739 1586 dubitare
1767 1546 1877 1584 non

298 1619 562 1674 debemus
586 1661 601 1686 ,
640 1619 736 1674 sed
770 1620 942 1689 magis
974 1609 1255 1690 magisque
1285 1636 1444 1676 orare
1468 1663 1484 1688 ,
1517 1631 1570 1676 et
1605 1622 1784 1676 nullas
1811 1622 1878 1676 de

301 1709 411 1765 Deo
435 1711 768 1782 ingeminare
797 1712 1068 1783 querelas,
1099 1713 1194 1768 sed
1215 1714 1393 1768 solum
1426 1713 1493 1768 de
1514 1713 1672 1770 nobis
1705 1714 1870 1787 ipsis;

1997 514 2104 570 Deo
2137 515 2269 588 (75).

2067 605 2111 662 Ο
2143 607 2270 663 felix
2303 607 2588 663 hominum
2613 623 2644 662 a
2676 607 2882 663 mundo
2911 621 3320 681 segregatorum
3356 613 3494 668 vita!
3527 613 3572 668 0

1961 695 2167 752 beata:
2217 698 2541 754 solitudines
2607 699 2663 753 in
2720 699 2922 768 quibus
2967 701 3134 755 homo
3177 703 3416 772 perfecta
3478 705 3571 760 illa

1991 791 2294 862 perfruitur
2320 793 2522 862 quiete,
2550 808 2657 864 qua
2689 792 2743 847 in
2765 791 2861 846 Dei
2890 791 3152 849 famulatu
3177 811 3234 850 se
3260 807 3495 866 exercet,
3517 807 3573 854 et

1991 882 2232 937 maximo
2287 892 2502 938 aeternae
2553 882 2746 938 salutis
2798 882 3016 954 negotio
3065 884 3210 939 serio
3269 886 3567 942 incumbit!

1987 985 2237 1029 sanctum
2273 975 2378 1030 hoc
2424 975 2620 1039 otium,
2651 973 2915 1045 quidquid
2967 975 3237 1031 blaterent
3289 988 3564 1035 amatores

1988 1068 2196 1130 saeculi,
2228 1068 2282 1120 in
2310 1069 2640 1122 immensum
2675 1076 2898 1136 superat
2925 1067 3194 1124 vanitates
3229 1077 3282 1124 et
3311 1070 3546 1140 ineptias

1985 1157 2188 1227 quibus
2212 1158 2543 1211 detinentur.
3062 1203 3064 1208 .

2053 1248 2297 1302 Alterum
2319 1249 2606 1311 motivum,
2625 1247 2770 1316 quod
2799 1246 2952 1302 aﬂ‘ert
2977 1245 3190 1314 Pastor,
3218 1263 3316 1303 cur
3339 1249 3568 1304 terrenis

1980 1337 2148 1393 rebus
2205 1337 2432 1392 minime
2490 1338 2650 1392 nobis
2711 1347 2854 1392 esset
2910 1338 3311 1403 inhaerendum,
3364 1339 3567 1394 rationi

1981 1436 2158 1483 status
2206 1427 2383 1481 nostri
2438 1427 2711 1481 innititur.
2741 1425 3002 1497 Principii
3051 1428 3172 1482 loco
3213 1430 3358 1483 enim
3389 1431 3563 1499 ponit,

1979 1534 2081 1573 nos
2137 1520 2411 1574 civitatem
2457 1529 2866 1588 permanentem
2915 1521 3004 1575 hic
3050 1537 3157 1575 non
3209 1522 3433 1586 habere,
3468 1523 3563 1578 sed

1976 1611 2151 1665 aliam‘
2176 1610 2436 1682 (futuram
2476 1611 2703 1685 scilicet)
2745 1613 2901 1667 nobis
2934 1628 3056 1668 esse
3128 1612 3509 1684 inquirendam
3543 1631 3560 1668 :

1979 1701 2142 1757 Scitis
2185 1720 2273 1758 vos
2327 1704 2539 1758 Domini
2570 1721 2767 1768 servos,
2801 1704 3000 1774 inquit,
3036 1705 3092 1758 in
3135 1705 3558 1774 peregrinatione

301 1803 440 1859 Deus
489 1805 631 1858 enim
684 1821 896 1876 semper
946 1814 1167 1876 paratus
1215 1815 1297 1863 εει
1342 1807 1409 1862 ad
1458 1809 1869 1878 impertienda...
1905 1803 1948 1857 Β
1974 1797 2216 1850 morari?
2247 1795 2447 1851 Civitas
2477 1797 2613 1850 enim
2639 1806 2809 1850 vestra
2826 1795 2976 1867 longe
3003 1805 3080 1850 est
3107 1796 3170 1848 ab
3202 1797 3300 1849 hac
3325 1794 3557 1852 civitate.

302 1896 726 1951 misericordiam
750 1917 764 1951 :
794 1897 889 1952 .De
917 1908 964 1952 te
995 1900 1235 1968 queraris
1261 1941 1277 1966 ,
1321 1916 1428 1954 non
1455 1900 1519 1954 de
1547 1900 1656 1954 Deo
1682 1942 1698 1966 ,
1728 1902 1865 1973 quod

296 2003 404 2049 non
428 1987 626 2042 dederit
656 1990 771 2044 tibi.
800 1989 879 2044 Ex
910 1990 1058 2046 hisce
1082 1991 1378 2048 ediscimus
1403 1993 1513 2048 duo
1540 1994 1680 2049 inter
1703 2005 1866 2050 caete-

296 2093 380 2144 ra,
405 2095 525 2148 quae
552 2095 704 2150 mque
735 2083 1040 2137 necessaria
1070 2093 1229 2138 sunt:
1262 2084 1498 2154 primum
1527 2094 1632 2153 est,
1664 2102 1766 2144 nos
1795 2088 1867 2144 ob

294 2172 695 2226 tnultitudinen'i
725 2215 740 2240 ,
792 2185 844 2228 et
900 2176 1279 2232 enormitatem
1333 2177 1496 2232 etiam
1550 2189 1865 2237 nostrorum

295 2272 642 2332 peccatorum
711 2265 993 2320 deﬂectere
1058 2284 1164 2321 non
1223 2269 1422 2323 debere
1483 2271 1552 2324 ab
1602 2271 1866 2327 orationis

293 2357 523 2422 semita;
556 2358 877 2420 secundum,
912 2369 1181 2428 oportere,
1218 2362 1533 2430 priusquam
1564 2363 1862 2434 quidquam

294 2461 324 2499 a
357 2445 464 2499 Deo
488 2456 759 2516 petamus.
788 2450 1062 2506 dimittere
1110 2453 1301 2506 saltem
1355 2453 1605 2508 affectum
1640 2456 1705 2508 ad
1739 2471 1864 2526 pec-

293 2547 498 2602 catum,
535 2548 589 2593 et
626 2541 690 2594 ad
727 2556 908 2595 veram
957 2543 1330 2612 paenitentiam
1374 2547 1741 2616 nosmetipsos
1771 2548 1866 2602 de—

291 2629 620 2684 terminare:
646 2631 691 2685 si
721 2631 834 2686 haec
865 2632 1223 2702 negligantur,
1260 2650 1450 2689 onmes
1487 2645 1713 2701 nostras
1743 2653 1866 2705 pre-

288 2733 384 2774 ces
416 2735 600 2785 vanas,
633 2738 698 2776 ac
725 2721 844 2777 sine
874 2721 1052 2777 fructu
1083 2724 1447 2793 experiemur,
1476 2741 1542 2779 ne
1568 2725 1699 2796 quid
1728 2726 1866 2780 ulte-

290 2810 404 2865 rius
430 2811 629 2868 dicam.

289 2937 322 3011 ἦ
360 2938 426 2995 II.
475 2941 546 3017 De
576 2944 761 3017 timore
802 2943 1049 3008 Domini,
1091 2947 1312 3016 negotiis
1354 2948 1700 3004 sazcularibus
1723 2989 1737 3014 ,
1767 2965 1863 3017 pa-

448 3015 656 3080 tientia,
687 3016 989 3080 iracundia,
1023 3015 1268 3084 tristitia,
1300 3030 1348 3072 et
1380 3020 1706 3088 impuritate.

357 3125 415 3181 In
446 3129 638 3197 primis
688 3133 954 3184 sententia
983 3141 1066 3184 est
1092 3131 1370 3188 Pastoris:
1425 3131 1633 3186 Timens

284 3235 414 3272 num
441 3221 621 3273 omnia
649 3219 783 3272 bona
811 3221 1109 3288 operaberis
1142 3221 1277 3290 (72).
1315 3221 1454 3292 Ergo
1482 3239 1576 3292 per
1605 3224 1857 3279 timorem

285 3307 503 3362 Domini
551 3309 735 3362 omnia
783 3324 1078 3378 possumus
1125 3326 1287 3380 opera
1316 3311 1543 3380 justitia:
1577 3327 1856 3383 peragere.

287 3398 472 3454 Tradit
500 3401 724 3470 insuper
748 3441 763 3465 ,
790 3400 1040 3455 timorem
1068 3402 1211 3457 hunc
1240 3405 1608 3460 necessarium
1640 3421 1762 3462 esse
1789 3406 1858 3460 ad

287 3493 542 3559 salutem,
578 3509 674 3563 per
709 3494 859 3548 illum
894 3510 995 3550 nos
1028 3505 1303 3565 reportare
1335 3499 1615 3552 victoriam
1644 3499 1710 3554 de
1739 3499 1859 3554 dia-

286 3586 414 3641 bolo
439 3597 493 3642 et
519 3587 823 3640 dominium
851 3602 1014 3656 super
1038 3589 1189 3642 illum
1217 3605 1490 3650 exercere.
1524 3593 1650 3661 quia
1679 3592 1856 3659 reipsa

286 3695 449 3748 super
495 3695 682 3734 servos
735 3678 829 3733 Dei
882 3680 1029 3733 nulla
1079 3681 1253 3737 virtus
1301 3683 1375 3736 illi
1425 3685 1604 3739 inest:
1647 3685 1855 3739 Timens

283 3773 422 3825 enim
455 3773 738 3826 Dominum
769 3766 1126 3827 dominaberis
1155 3773 1304 3828 illius
1325 3817 1340 3842 ,
1375 3776 1582 3831 scilicet
1610 3776 1808 3832 diaboli
1839 3817 1854 3842 ,

284 3866 409 3934 quia
456 3866 621 3919 virtus
666 3867 721 3919 in
750 3866 844 3920 illo
875 3867 1023 3922 nulla
1046 3877 1144 3922 est.
1173 3866 1274 3922 Per
1311 3869 1455 3924 hunc
1489 3871 1740 3925 timorem
1773 3871 1856 3940 (ut

287 3970 396 4007 uno
429 3955 592 4008 verbo
621 3956 803 4010 omnia
833 3957 1184 4026 complectar)
1213 3973 1243 4011 a
1276 3969 1496 4026 peccato
1523 3960 1852 4024 recedimus,

283 4043 546 4113 justitiam
593 4062 947 4115 exercemus,
994 4058 1047 4104 et
1096 4050 1182 4118 pie
1225 4049 1478 4106 vivimus.
1513 4051 1658 4106 Time
1688 4053 1855 4123 igitur

283 4137 475 4203 Deum,
498 4140 772 4196 concludit
794 4141 1007 4207 Pastor,
1033 4153 1082 4198 et
1111 4147 1264 4213 vires,
1294 4144 1456 4200 Extra
1480 4161 1696 4201 omnem
1723 4161 1855 4200 con-

284 4230 607 4288 troversiam
653 4242 776 4300 est,
829 4251 1137 4292 sermonem
1189 4237 1278 4292 hic
1309 4238 1497 4305 haberi
1544 4238 1612 4293 de
1659 4239 1854 4294 timore

283 4327 704 4393 supernaturali,
731 4326 796 4380 de
827 4327 918 4380 illo
949 4329 1155 4384 scilicet
1185 4331 1376 4384 timore
1401 4371 1416 4396 ,
1443 4346 1604 4400 quem
1639 4346 1853 4400 semper

282 4415 480 4485 aliquis
522 4434 679 4472 amor
706 4421 996 4474 comitatur
1022 4439 1036 4487 ;
1085 4422 1283 4491 quippe
1306 4423 1486 4493 agitur
1513 4423 1579 4477 de
1611 4423 1806 4478 timore
1831 4463 1846 4490 ,

281 4521 383 4574 ope
405 4509 564 4578 cujus
588 4511 843 4566 mandata
873 4511 967 4566 Dei
991 4514 1367 4582 observamus,
1392 4525 1447 4570 et
1465 4515 1692 4584 justitize
1722 4531 1854 4587 0pc-
1882 4511 1928 4567 D

278 4597 433 4652 ribus
461 4600 804 4655 inhaeremus.

349 4711 559 4782 Duplici
605 4729 669 4767 ex
721 4714 897 4784 capite
944 4727 1126 4771 monet
1163 4715 1392 4784 Pastor,
1429 4733 1458 4773 a
1504 4718 1842 4788 negotiorum

279 4805 660 4872 temporalium
701 4807 1049 4862 multitudine
1081 4824 1203 4864 esse
1238 4810 1620 4866 abstinendum
1644 4852 1659 4877 ,
1695 4812 1845 4866 inor-

277 4895 628 4967 dinatamque
674 4901 988 4954 eorumdem
1045 4901 1468 4958 sollicitudinem
1503 4918 1624 4959 esse
1659 4903 1847 4959 mode-

274 4990 528 5056 randam,
553 4990 679 5060 quia
701 4992 868 5046 multa
891 4994 1106 5065 negotia
1131 5002 1375 5063 agentes,
1401 4996 1568 5048 multa
1595 5004 1842 5065 peccant,

272 5091 440 5148 atque
470 5096 611 5149 aegre
647 5081 754 5135 Deo
785 5084 988 5137 servire
1023 5092 1275 5153 possunt.
1313 5084 1528 5139 Abstine
1561 5096 1628 5153 te,
1669 5088 1745 5142 ait
1776 5086 1843 5142 ad

272 5171 450 5238 illum,
477 5191 509 5226 a
535 5173 712 5228 multis
739 5177 978 5244 negotiis,
1009 5189 1057 5231 et
1081 5177 1215 5231 nihil
1235 5179 1501 5248 delinques
1516 5195 1536 5243 ;
1553 5181 1844 5250 quicunque

265 5266 410 5321 enim
446 5265 611 5321 multa
642 5271 848 5338 negotia
885 5282 1081 5340 agunt,
1121 5271 1289 5326 multa
1324 5273 1676 5345 delinquunt;
1716 5275 1842 5346 quia

345 5496 457 5632 (7|;
499 5497 682 5551 Herm.
714 5495 886 5560 Past.,
918 5497 956 5551 l.
987 5513 1049 5563 ιι,
1077 5497 1318 5554 mandat.
1354 5516 1429 5554 Ix.

345 5569 434 5632 (γε
498 5567 662 5632 Idem,
693 5566 728 5620 l.
761 5583 820 5630 ll,
855 5568 1036 5621 mand.
1069 5584 1163 5622 vn.

345 5566 456 5632 (γε)
498 5567 662 5634 Idem,
693 5566 728 5620 l.
761 5583 820 5630 ll,
855 5568 1036 5621 mand.
1069 5584 1163 5622 vn.

370 5637 458 5707 75)
495 5637 659 5703 Idem,
694 5637 728 5690 Ι.
767 5653 846 5700 ιιι,
881 5637 1046 5691 simil.
1081 5653 1150 5692 iv.

371 5709 458 5770 74)
497 5709 661 5771 Idem,
699 5709 734 5763 Ι-
771 5724 852 5773 ιιι,
887 5707 1170 5762 similitud.
1197 5725 1234 5764 ι.

370 5777 456 5846 75)
490 5777 595 5833 Pro
641 5781 782 5849 agris
820 5795 962 5849 ergo,
994 5795 1122 5849 quos
1159 5795 1322 5833 emere
1379 5780 1666 5850 rolueritis,
1701 5781 1838 5836 redi-

1970 1887 2031 1943 Si
2085 1905 2207 1959 ergo
2261 1889 2410 1943 scitis
2465 1890 2735 1944 civitatem
2787 1903 3013 1944 vestram
3046 1890 3105 1942 in
3129 1906 3233 1960 qua
3263 1889 3560 1944 habilaturi

1968 1981 2127 2047 estis,
2159 1967 2286 2048 quid
2325 1981 2408 2034 hic
2433 1982 2628 2035 notatis
2664 1998 2819 2051 agros
2859 1990 2910 2035 et
2940 1983 3216 2051 apparatis
3241 1982 3484 2035 lautitias
3509 1992 3559 2037 et

1968 2075 2197 2142 cedi/icio
2249 2083 2300 2127 et
2360 2073 2710 2127 habitationes
2761 2072 3154 2144 supervacuas?
3205 2072 3336 2129 Htec
3397 2075 3558 2140 enim,

1969 2166 2122 2221 addit
2157 2166 2402 2236 insuper,
2431 2167 2522 2236 qui
2549 2174 2822 2236 comparat
2854 2167 2910 2219 in
2949 2166 3048 2220 hac
3075 2167 3308 2231 civitate,
3335 2183 3438 2220 non
3469 2183 3562 2220 co-

1967 2259 2102 2328 gitat
2150 2258 2204 2311 in
2257 2274 2410 2311 suam
2471 2259 2737 2312 civitatem
2781 2258 2953 2312 redire
2979 2257 3115 2329 (74).
3153 2257 3412 2313 Doctrina
3441 2260 3561 2313 hate

1969 2350 2056 2419 pia
2107 2364 2171 2404 ac
2228 2349 2482 2418 religiosa
2538 2357 2653 2416 est;
2702 2363 2894 2418 parum
2949 2358 3128 2403 autem
3172 2349 3377 2402 nostris
3407 2349 3561 2403 hisce

1969 2443 2161 2497 diebus
2191 2442 2475 2510 probatur.
2519 2441 2780 2496 Pluribus
2822 2449 3007 2512 posset
3045 2441 3268 2510 insuper
3297 2440 3411 2495 haec
3460 2441 3559 2493 do—

1960 2514 2142 2589 Ictrina
2195 2533 2401 2586 larvam
2434 2532 2744 2599 detrahere,
2775 2532 2870 2603 qui
2905 2533 3147 2587 maximo
3183 2542 3471 2587 versantur
3501 2532 3554 2584 in

1966 2641 2172 2692 errore,
2197 2626 2324 2678 dum
2355 2624 2711 2693 sibimetipsis
2743 2625 3071 2694 persuadere
3100 2633 3389 2688 conantur,
3417 2639 3550 2678 con-

1966 2716 2227 2772 ditionem
2276 2716 2517 2772 hominis
2565 2716 2813 2782 viatoris,
2863 2716 3096 2786 hospitis
3150 2725 3204 2770 et
3245 2715 3553 2780 exsulis,in

1965 2823 2072 2877 qua
2100 2807 2318 2876 proprie
2346 2808 2458 2860 veri
2505 2806 2803 2862 Christiani
2848 2806 2966 2861 idea
3014 2822 3079 2861 ac
3117 2806 3398 2860 character
3417 2821 3554 2862 con--

1966 2898 2130 2962 sistit,
2161 2913 2284 2952 cum
2319 2897 2634 2953 conditione
2664 2897 3036 2968 hominis,qui
3070 2898 3306 2968 negotiis
3341 2899 3556 2953 incum-

1968 2990 2073 3057 bit,
2103 2991 2475 3062 voluptatibus
2531 2990 2796 3062 indulget,
2826 3007 2892 3046 ac
2942 2991 3094 3045 ducit
3145 2991 3197 3044 in
3243 2991 3403 3045 bonis
3436 2989 3555 3046 dies

1967 3098 2119 3148 suos,
2146 3083 2309 3136 simul
2338 3098 2497 3152 posse
2527 3083 2808 3154 conjungi.

1679 3132 1934 3219 Do'm'C
2034 3168 2281 3224 Pastoris
2325 3132 2676 3223 rratioclnati'o
2729 3132 2920 3223 gontra
2962 3168 3123 3221 talem
3159 3165 3376 3220 vivendi
3429 3181 3552 3220 mo-

1969 3261 2101 3316 dum
2130 3261 2319 3329 utique
2359 3259 2537 3313 dill‘ert
2563 3269 2679 3314 toto
2714 3260 2854 3315 caelo
2889 3276 2919 3313 a
2952 3259 3306 3328 plurimorum
3346 3267 3549 3311 nostrae

1963 3351 2138 3406 aetatis
2167 3350 2606 3406 Christianorum
2654 3365 2841 3416 sensu,
2867 3365 3119 3405 sermone
3161 3359 3214 3404 et
3255 3351 3428 3419 praxi,
3452 3349 3549 3404 sed

1964 3459 2075 3498 non
2101 3442 2225 3498 ideo
2261 3443 2446 3498 mirus
2477 3449 2646 3509 recta,
2681 3443 2866 3497 minus
2885 3442 3085 3509 valida,
3120 3442 3302 3497 minus
3325 3442 3549 3498 Conclu-

1959 3533 2118 3588 dens.

2032 3625 2160 3680 Vult
2188 3626 2352 3696 igitur
2383 3625 2610 3695 angelus
2634 3623 2736 3678 iste
2767 3624 2910 3693 quod
2939 3622 3235 3678 Christiani
3256 3639 3353 3693 pro
3374 3621 3544 3695 agris,
3593 3609 3612 3628 ⁸

1959 3733 2097 3788 quos
2135 3733 2317 3773 emere
2348 3717 2560 3780 volunt,
2598 3731 2698 3786 pro
2725 3716 2940 3785 palatiis
2989 3716 3374 3784 domibusque,
3407 3733 3548 3785 mtas

1957 3810 2150 3864 volunt
2201 3809 2496 3874 aediﬁcare,
2529 3823 2660 3863 suas
2699 3822 2830 3877 opes
2859 3808 3137 3862 insumant
3169 3808 3222 3861 in
3253 3810 3544 3878 erogandis

1957 3899 2339 3970 elcemosynis,
2369 3908 2422 3954 et
2461 3900 2514 3954 in
2564 3899 2742 3954 viduis
2781 3914 2844 3954 ac
2875 3900 3139 3970 orphanis
3189 3900 3544 3955 sublevandis

1957 3994 2012 4047 in
2031 3993 2135 4048 hos
2157 3992 2475 4062 usus,juxta
2493 3992 2772 4046 Pastorem
2796 3991 2910 4062 {75)
2934 4007 2999 4046 ac
3021 3990 3315 4048 Veritatem
3341 3993 3543 4062 ipsam,

1961 4083 2282 4154 temporalia
2313 4084 2455 4138 bona
2487 4083 2723 4152 impendi
2755 4083 2974 4138 debent.

2026 4174 2222 4229 Pastor
2268 4189 2433 4244 super
2481 4174 2822 4245 patientiam,
2869 4183 2924 4229 et
2976 4175 3173 4230 vitium
3227 4175 3542 4246 oppositum

1954 4283 2049 4324 eas
2099 4268 2258 4323 nobis
2317 4269 2693 4323 communicat
2744 4267 3142 4334 institutiones,
3170 4273 3309 4338 'quae
3342 4269 3538 4340 negligi

1954 4359 2374 4429 haudquaquam
2429 4369 2678 4430 possunt.
2721 4357 2796 4414 De
2830 4360 3091 4429 patientia
3146 4362 3331 4425 tradit,
3389 4361 3538 4430 quod

1955 4451 2120 4506 homo
2146 4467 2240 4521 per
2269 4452 2586 4521 patientiam
2624 4453 2871 4506 omnium
2896 4467 3122 4522 operum
3155 4451 3538 4522 nequissimo-

1951 4559 2073 4598 rum
2104 4544 2266 4598 etiam
2295 4543 2638 4610 dominatur,
2667 4543 2940 4608 videlicet,
2971 4545 3116 4614 quod
3149 4545 3218 4598 ab
3249 4544 3399 4599 hisce
3441 4559 3538 4614 pa-

1952 4635 2142 4690 tientia
2179 4634 2455 4688 hominem
2493 4634 2709 4699 avertit,
2741 4635 2886 4704 quod
2942 4635 3210 4703 patientes
3241 4646 3538 4704 operantur

1950 4741 2166 4782 omnem
2189 4724 2480 4794 justitiam,
2503 4723 2739 4794 Spiritus
2763 4735 2986 4778 sanctus
3017 4725 3069 4778 in
3097 4725 3228 4793 ipsis
3251 4725 3456 4778 habitat
3478 4725 3533 4780 in

1951 4833 2085 4888 pace
2107 4833 2334 4888 magna;
2366 4817 2511 4886 quod
2540 4817 2713 4870 virtus
2735 4816 2854 4873 haec
2877 4825 2960 4870 est
2985 4817 3184 4881 valida,
3213 4826 3267 4871 et
3289 4816 3449 4872 fortis
3479 4829 3535 4874 et

1954 4908 2118 4963 habet
2149 4909 2405 4962 virtutem
2453 4922 2733 4978 magnam,
2767 4916 2822 4960 et
2867 4907 3195 4962 bonorilicat
3238 4907 3534 4962 Dominum

1956 5002 2012 5056 in
2063 5001 2214 5056 omni
2271 5012 2546 5070 tempore;
2582 5017 2693 5056 uno
2723 5001 2923 5065 verbo,
2956 5002 3101 5072 quod
3136 5002 3229 5072 qui
3267 5017 3394 5057 vere
3437 5018 3536 5072 pa~

1951 5092 2147 5146 tientes
2176 5100 2329 5155 sunt,
2366 5090 2525 5146 facile
2559 5091 2855 5146 observant
2883 5093 3064 5145 omnia
3103 5093 3380 5149 mandata.

2020 5185 2132 5256 ('76)
2153 5185 2343 5252 Quoad
2374 5185 2713 5240 iracundiam
2739 5202 2866 5240 vero
2890 5185 3070 5252 docet,
3089 5187 3236 5256 quod
3263 5187 3378 5256 ipsa
3406 5185 3532 5256 Spi-

1948 5278 2114 5332 ritum
2141 5288 2392 5335 sanctum
2417 5277 2760 5344 constristat,
2787 5287 2842 5334 et
2863 5277 3027 5334 corde
3054 5278 3298 5350 expellit,
3324 5279 3528 5335 malum

1950 5500 2075 5553 m'ite
2113 5500 2318 5552 animus
2363 5499 2427 5552 de
2455 5496 2873 5564 necessitatibus,
2903 5506 3057 5566 prout
3079 5497 3296 5568 quisque
3323 5507 3525 5566 potest;

1947 5580 1997 5623 et
2032 5569 2218 5623 viduas
2250 5569 2526 5630 absolvite,
2576 5569 2834 5638 orphanis
2877 5568 3156 5638 judicate;
3186 5579 3250 5623 et'
3286 5585 3427 5636 opes,
3463 5585 3528 5625 ac

1946 5639 2159 5708 divitias
2219 5652 2419 5692 vestras
2471 5639 2524 5691 in
2565 5637 2885 5708 ltujusmodi
2932 5641 3176 5707 operibus
3211 5641 3527 5698 consumite.

1945 5706 2111 5772 Idem,
2151 5709 2270 5761 loco
2304 5710 2396 5762 cit.

2020 5779 2132 5851 (76)
2173 5779 2338 5847 Idem,
2367 5779 2456 5835 lib.
2501 5795 2558 5843 ιι,
2585 5780 2770 5836 mand.
2807 5796 2858 5845 ι’,
2891 5782 3033 5852 rapit
3085 5780 3104 5835 I
3143 5791 3194 5836 ct
3220 5781 3273 5836 ‘3.
