4074 6154
479 313 588 374 895
1902 319 1962 375 S.
2003 318 2265 374 llERMxE
3303 351 3306 354 ~
3612 324 3713 380 896

480 447 606 502 qua:
637 438 761 486 ante
783 439 931 502 gesta
953 438 1083 487 sunt
1106 431 1247 487 mala
1272 431 1325 487 iu
1358 432 1523 488 domo
1547 441 1637 488 tua
1664 432 1799 503 (11).
1830 430 2059 502 Propter
2085 433 2303 487 illorum
2333 430 2478 486 enim
2506 439 2725 500 peccata
2748 438 2804 485 et
2841 429 3180 502 iniquitates,
3207 438 3711 507 consumptus~(t2)

478 536 542 577 es
567 537 598 577 a
632 521 988 580 saecularibus
1023 528 1277 597 negotiis.
1306 528 1426 584 iam
1457 530 1603 585 enim
1639 528 2015 585 misericordia
2051 528 2143 582 Dei
2179 528 2401 582 miserta
2434 536 2520 582 est
2558 527 2635 580 tui
2662 537 2715 581 et
2740 527 2937 582 domus
2971 537 3099 592 tuae,
3135 539 3189 584 et
3221 532 3571 587 conservavit
3592 534 3708 604 (IS)

479 623 536 669 te
570 615 622 668 in
658 615 850 684 gloria.
887 614 968 671 Tu
1005 627 1213 673 tantum
1255 621 1367 675 noli
1395 623 1622 690 vagari;
1657 622 1751 677 sed
1786 622 2126 692 anitnazquus
2159 629 2298 684 esto,
2334 628 2388 674 et
2421 617 2672 674 conl‘orta
2704 619 2928 674 domum
2965 627 3134 673 tuam.
3164 617 3447 690 Tanquam
3482 623 3713 682 mrarius

479 708 792 778 producens
816 725 955 780 opus
989 727 1172 780 suum,
1209 717 1433 785 exponit
1472 716 1586 786 (li)
1619 717 1669 771 ei
1707 716 1793 772 cui
1839 717 1958 770 vult
1979 715 2062 770 “z
2112 715 2193 770 sic
2219 723 2276 768 et
2321 721 2379 768 tu
2409 714 2636 769 verbum
2664 714 3041 784 quotidianum
3068 719 3277 788 justum
3309 721 3420 788 (15)
3467 723 3669 779 docens
3691 765 3709 790 ,

478 799 771 855 abscindes
822 803 1024 872 grande
1058 817 1362 873 peccatum.
1399 805 1476 861 Ne
1519 808 1631 876 (16)
1678 809 1896 863 desinas
1932 821 2065 877 ergo
2109 821 2463 862 commonere
2517 815 2674 860 natos
2717 814 2884 872 tuos;
2920 809 3024 864 scit
3070 811 3215 865 enim
3267 812 3530 871 Dominus
3565 818 3711 886 quod

479 889 860 955 paenitentiam
903 902 1066 961 agent
1098 909 1163 947 ex
1201 903 1316 950 toto
1349 897 1514 951 corde
1554 913 1690 963 suo;
1719 909 1772 952 et
1811 898 2014 953 scribet
2045 905 2100 952 te
2127 896 2239 967 (17)
2275 896 2330 951 in
2363 896 2505 950 libro
2539 896 2683 951 vitae.
2719 895 2970 966 Cumque
3012 898 3222 956 ﬁnisset
3264 904 3429 958 verba
3467 906 3600 972 haec,
3636 909 3714 963 ait

483 977 616 1031 mihi
646 997 659 1032 :
691 978 788 1034 Vis
825 982 1014 1036 audire
1047 999 1132 1038 me
1162 984 1469 1056 legentem?
1504 986 1633 1042 Dico
1661 988 1709 1042 ei
1743 987 1894 1058 (l8):
1930 987 2181 1053 Domina,
2209 988 2354 1041 volo.
2387 985 2518 1041 Esto
2552 1001 2682 1056 ergo
2713 986 2951 1042 auditor.
2988 985 3054 1042 Et
3087 991 3338 1047 revoluto
3369 994 3536 1062 libro,
3569 998 3716 1067 lege-

482 1069 575 1123 bat
601 1070 861 1140 gloriose,
893 1074 1180 1143 magnilice
1228 1084 1283 1128 et
1314 1075 1562 1140 mirilice,
1589 1091 1711 1145 qua:
1738 1075 1851 1143 (19)
1886 1091 1993 1130 non
2023 1084 2264 1146 poteram
2294 1075 2347 1129 in
2382 1076 2645 1130 memoria
2683 1076 2937 1130 retinere.
2965 1073 3135 1134 Erant
3167 1083 3312 1137 enim
3354 1085 3516 1140 verba
3547 1088 3712 1142 terri-

483 1160 607 1227 lica,
633 1175 757 1230 quae
804 1176 910 1214 non
937 1173 1149 1231 poterat
1174 1164 1335 1218 homo
1370 1165 1662 1218 sustinere.
1693 1163 1999 1218 Novissima
2026 1175 2205 1220 tamen
2234 1166 2398 1220 verba
2425 1166 2705 1220 memoriae
2747 1167 3000 1222 mandavi
3026 1185 3042 1233 ;
3069 1178 3226 1225 erant
3257 1173 3400 1227 enim
3452 1190 3624 1244 pauca
3659 1187 3716 1230 et

481 1255 638 1308 utilia
675 1255 852 1309 nobis.
888 1252 1027 1308 Ecce
1064 1254 1202 1311 Deus
1234 1257 1520 1322 virtutum,
1546 1258 1636 1327 qui
1672 1257 1932 1310 invisibili
1962 1257 2181 1321 virtute,
2213 1266 2267 1311 et
2291 1273 2486 1327 magno
2517 1272 2680 1311 sensu
2715 1272 2818 1312 suo
2846 1259 3089 1315 condidit
3123 1263 3408 1330 mundum,
3440 1274 3495 1320 et
3537 1266 3714 1320 hono-

483 1346 638 1400 rilico
664 1346 890 1401 consilio
916 1345 1272 1402 circumdedit
1295 1349 1542 1402 decorem
1576 1357 1839 1403 creaturae
1872 1364 2003 1412 suae,
2033 1356 2087 1401 et
2114 1345 2411 1403 fortissimo
2438 1347 2549 1417 (20)
2578 1361 2678 1401 suo
2703 1348 2870 1402 verbo
2890 1349 3112 1404 conlisit
3138 1352 3362 1418 coelum,
3387 1363 3440 1408 et
3464 1353 3713 1410 fundavit

485 1450 684 1495 terram
723 1457 884 1510 super
917 1459 1090 1513 aquas
1112 1443 1179 1507 °‘,
1208 1452 1262 1498 et
1288 1445 1485 1498 virtute
1517 1460 1615 1499 sua
1667 1443 1871 1513 potenti
1919 1443 2162 1499 condidit
2207 1452 2450 1498 sanctam
2479 1441 2776 1498 Ecclesiam
2805 1459 2983 1510 suam,
3022 1463 3186 1518 quam
3233 1449 3536 1517 benedixit;
3586 1467 3715 1509 ecce

487 1538 774 1593 transferet
803 1541 972 1596 caelos
1005 1558 1068 1595 ar.
1096 1551 1324 1608 montes,
1356 1543 1521 1598 colles
1556 1559 1620 1596 ac
1644 1541 1814 1596 maria
1841 1560 1854 1608 ;
1891 1549 1941 1596 et
1964 1539 2147 1595 omnia
2174 1540 2330 1610 plana
2359 1539 2470 1608 (21)
2499 1538 2628 1592 lient
2675 1539 2864 1595 electis
2896 1539 3038 1609 ejus,
3074 1549 3136 1594 ut
3162 1539 3353 1596 reddat
3387 1542 3492 1597 illis
3522 1558 3714 1612 repro-

484 1629 801 1683 missionem
825 1647 988 1700 quam
1018 1633 1323 1701 repromisit
1343 1647 1465 1686 cum
1496 1633 1663 1686 mimo
1692 1633 1897 1687 honore
1917 1640 1970 1686 et
1991 1629 2209 1699 gaudio,
2240 1630 2284 1684 si
2316 1629 2651 1685 servaverint
2673 1628 2784 1701 (22)
2802 1630 3040 1701 legitima
3079 1629 3195 1700 Dei,
3234 1647 3356 1701 qua:
3387 1641 3714 1703 acceperunt

486 1722 539 1775 in
579 1739 773 1794 magna
811 1726 933 1780 fide.

1920 1819 2150 1876 CAPUT
2188 1817 2279 1874 1v.
3399 1889 3402 1893 .

560 1912 810 1984 Cumque
862 1924 1300 1970 consummasset
1343 1915 1590 1984 legendo,
1627 1914 1938 1970 exsurrexit
1974 1913 2041 1969 de
2078 1913 2374 1969 cathedra:
2421 1921 2475 1968 et
2507 1922 2772 1969 venerunt
2801 1926 3038 1984 quatuor
3083 1917 3335 1987 juvenes,
3384 1930 3439 1974 et
3475 1920 3712 1975 tulemnt

483 2007 800 2062 cathedram
839 2009 904 2063 ad
954 2010 1239 2066 orientem.
1279 2009 1344 2064 Et
1379 2011 1590 2081 vocavit
1637 2024 1723 2064 me
1771 2009 1837 2064 ad
1869 2025 1946 2075 se,
1978 2019 2031 2064 et
2065 2009 2234 2079 tetigit
2266 2022 2452 2079 pectus
2486 2023 2667 2062 meum
2701 2007 2885 2078 aitque
2919 2008 3053 2064 mihi
3103 2027 3116 2064 :
3151 2009 3363 2066 Placuit
3412 2013 3505 2066 tibi
3551 2013 3712 2068 lectio

491 2105 656 2157 mea?
686 2103 816 2160 Dico
843 2106 891 2160 ei
923 2125 936 2159 :
971 2105 1221 2172 Domina,
1254 2108 1369 2161 haec
1409 2107 1538 2160 mihi
1571 2105 1865 2161 novissima
1895 2106 2106 2176 placent
2136 2123 2150 2172 ;
2181 2105 2360 2175 priora
2390 2113 2570 2160 autem
2613 2106 2754 2160 séva
2785 2116 2839 2160 et
2861 2105 2996 2160 dura
3023 2117 3169 2163 sunt.
3204 2110 3271 2163 At
3295 2109 3384 2164 illa
3415 2111 3494 2164 ait
3537 2111 3708 2166 mihi:

489 2197 612 2255 lla:c
645 2202 941 2256 novissima
965 2202 1131 2272 justis
1156 2201 1304 2274 (25);
1336 2202 1515 2272 priora
1553 2211 1732 2256 autem
1769 2200 1973 2270 refugis
2003 2210 2058 2256 et
2084 2199 2338 2254 ethnicis.
2367 2199 2432 2254 Et
2461 2215 2584 2254 cum
2609 2199 2923 2274 loqueretur
2957 2215 3194 2264 mecum,
3226 2201 3336 2257 duo
3359 2204 3578 2272 quidam
3608 2203 3710 2257 viri

485 2307 886 2363 apparuerunt;
926 2305 980 2348 ct
1031 2292 1369 2349 sustulerunt
1427 2289 1572 2342 illam
1621 2287 1865 2342 humeris
1911 2286 2023 2357 (24)
2048 2329 2062 2352 ,
2095 2296 2148 2341 et
2178 2287 2450 2353 abierunt,
2485 2287 2576 2341 ubi
2613 2296 2668 2342 et
2720 2273 2976 2344 cathedra
3007 2301 3158 2358 erat,
3199 2293 3266 2348 ad
3298 2293 3586 2350 orientem.
3619 2291 3713 2346 Hi-

483 2389 617 2445 laris
649 2399 828 2446 autem
855 2390 1126 2446 discessit.
1163 2387 1228 2441 Et
1261 2402 1384 2441 cum
1413 2385 1609 2450 abiret,
1639 2383 1714 2438 ait
1742 2383 1875 2437 mibi
1903 2402 1916 2437 :
1950 2381 2300 2449 Conlortare,
2331 2381 2549 2437 Herma.

1947 2532 2163 2592 VISIO
2213 2532 2292 2591 11.

491 2605 758 2694 Rursum
806 2635 879 2696 de
935 2636 1274 2716 negligenti
1324 2637 1552 2697 uxoris
1614 2633 1896 2714 loquacis
1963 2643 2017 2694 et
2072 2633 2351 2774 fiéiorum
2427 2631 2910 2696 libidinosorum
2979 2631 3407 2710 castigatione,
3464 2636 3516 2688 et
3579 2626 3709 2703 ejus

1943 2731 2102 2772 mori
2149 2732 2245 2773 us.

1943 2731 2245 2773 mortuus.

1825 2835 2053 2891 CAPUT
2093 2835 2384 2892 PRIMUM.

555 2925 692 2979 Cum
717 2941 844 2980 vero
870 2928 1242 2996 proﬁciscerer
1265 2945 1387 2984 cum
1413 2929 1496 2983 his
1522 2928 1632 2999 (25)
1657 2929 1798 2984 circa
1824 2930 1954 2984 illud
1983 2939 2195 3000 tempus
2224 2945 2334 2999 quo
2355 2939 2409 2985 et
2438 2945 2582 2984 anno
2605 2930 2804 3000 priore,
2823 2927 3108 2982 ambulans
3127 2924 3240 2994 (26)
3255 2928 3716 2978 commemoratus

481 3033 607 3072 sum
639 3019 766 3072 anni
800 3020 996 3088 prioris
1028 3021 1314 3075 visionem.
1346 3020 1691 3090 Rursumque
1736 3038 1824 3077 me
1851 3022 2077 3077 abstulit
2122 3023 2378 3092 spiritus,
2408 3033 2464 3079 et
2501 3024 2655 3079 duxit
2679 3023 2788 3088 (2'7)
2830 3037 2913 3076 me
2950 3021 3003 3075 in
3051 3017 3302 3074 eumdem
3349 3013 3563 3076 locum,
3607 3026 3717 3080 quo

487 3130 633 3170 anno
657 3115 852 3200 primo.
877 3115 1124 3186 Cumque
1149 3119 1421 3172 venissem
1448 3118 1512 3171 ad
1543 3118 1693 3172 illum
1726 3118 1929 3184 locum,
1957 3118 2152 3188 positis
2178 3119 2411 3190 genibus
2445 3119 2583 3189 cmpi
2609 3131 2770 3172 orare
2795 3114 3108 3181 Dominum,
3134 3123 3186 3168 et
3209 3109 3577 3166 lionorillcare
3602 3106 3715 3176 (28)

487 3198 684 3260 nomen
713 3207 854 3276 ejus,
889 3209 1032 3277 quod
1069 3208 1289 3278 dignum
1321 3225 1407 3263 me
1432 3210 1729 3264 arbitratus
1763 3210 1856 3278 sit,
1882 3220 1934 3264 et
1962 3209 2394 3265 manifestaverit
2418 3211 2549 3264 mihi
2575 3218 2793 3279 peccata
2831 3206 3076 3276 pristina.
3109 3204 3322 3258 Etcum
3351 3198 3715 3256 surrexissent

491 3300 558 3353 ab
589 3301 854 3366 oratione,
887 3300 1043 3355 video
1067 3301 1177 3370 (29)
1213 3308 1400 3355 contra
1439 3315 1524 3353 me
1551 3315 1712 3352 anum
1748 3299 1894 3352 illam
1920 3315 2083 3368 quam
2110 3308 2163 3354 et
2187 3315 2330 3355 anno
2357 3300 2639 3369 superiore
2667 3300 2931 3361 videram,
2969 3297 3335 3351 ambulantem
3369 3299 3423 3346 et
3446 3291 3715 3360 legentem

489 3394 729 3449 libellum
771 3397 1030 3465 aliquem.
1061 3395 1124 3449 Et
1153 3395 1230 3450 ait
1267 3395 1396 3449 mihi
1428 3413 1440 3448 :
1474 3393 1633 3449 Potes
1663 3395 1776 3449 hmc
1821 3396 2010 3450 electis
2043 3394 2136 3450 Dei
2189 3397 2550 3450 renuntiare?
2598 3395 2731 3451 Dico
2758 3396 2807 3450 ei
2839 3415 2852 3448 :
2887 3392 3144 3452 Domina,
3178 3395 3326 3441 tanta
3362 3385 3415 3438 in
3452 3380 3719 3436 memoria

488 3493 723 3546 retinere
752 3508 858 3547 non
904 3508 1125 3562 possum
1153 3510 1166 3558 ;
1198 3491 1264 3545 da
1297 3500 1478 3544 autem
1522 3490 1655 3544 mihi
1693 3490 1934 3544 libellum
1961 3532 1976 3553 ,
2007 3500 2060 3545 et
2093 3489 2426 3546 describam.
2459 3492 2696 3560 Accipe,
2734 3490 2946 3559 inquit,
2978 3495 3032 3540 et
3064 3482 3323 3538 restituas
3369 3477 3501 3533 mihi
3537 3475 3715 3530 illum.

490 3580 564 3635 Ut
591 3591 771 3635 autem
799 3579 913 3651 ('50)
941 3579 1148 3647 accepi,
1182 3579 1235 3633 in
1266 3579 1560 3648 quemdam
1588 3579 1768 3633 locum
1800 3580 1915 3648 agri
1964 3579 2222 3635 secedens
2248 3581 2381 3648 (51),
2429 3581 2691 3651 descripsi
2738 3579 2923 3634 omnia
2970 3577 3034 3631 ad
3080 3576 3353 3634 litteram;
3402 3583 3507 3623 non
3560 3566 3717 3620 inve-

489 3674 706 3729 niebam
735 3673 878 3727 enim
905 3673 1141 3742 syllabas
1174 3669 1310 3740 (32).
1351 3670 1600 3740 Cumque
1637 3685 2105 3726 consummassem
2139 3671 2469 3741 scripturam
2498 3671 2700 3736 libelli,
2736 3670 2919 3726 subito
2949 3669 3016 3724 de
3045 3683 3209 3722 manu
3259 3678 3378 3720 mea
3415 3669 3603 3732 raptus
3632 3667 3720 3713 est

490 3765 737 3826 libellus;
761 3781 790 3818 a
818 3780 928 3832 quo
956 3775 1136 3818 autem
1191 3780 1299 3818 non
1331 3765 1461 3818 vidi.

565 3889 610 3920 ⁸³
625 3888 808 3943 Matth.
844 3904 959 3953 xm,
997 3888 1092 3953 52;
1124 3902 1246 3950 xxv,
1278 3886 1376 3952 27;
1404 3885 1534 3941 Luc.
1567 3903 1679 3951 xIx,
1708 3887 1794 3940 13.
1873 3886 1976 3940 “ll
2001 3885 2145 3941 Petr.
2175 3902 2258 3952 tu,
2300 3887 2354 3942 5.

1564 4003 1797 4058 VARle
1839 4003 2219 4059 LECTIONES
2257 4005 2345 4059 ET
2386 4001 2622 4058 ΝΟΤᾸΞ.

567 4088 676 4158 (lt)
715 4090 804 4145 Sic
835 4107 964 4144 mss.
999 4090 1056 4144 S.
1084 4090 1266 4146 Germ.
1303 4101 1356 4146 et
1392 4091 1578 4145 Carm.
1625 4101 1816 4160 praeter
1852 4091 2043 4147 Lamb.

492 4164 655 4220 Editi.
687 4165 739 4216 in
765 4172 830 4215 te.
861 4160 1038 4214 Fcllus
1057 4170 1234 4215 tamen
1261 4163 1340 4217 sic
1366 4177 1509 4231 :quw
1537 4172 1655 4215 ante
1687 4171 1898 4229 patrata
1922 4173 2044 4216 sunt

492 4234 632 4291 mala
663 4250 692 4284 a
721 4236 872 4286 domo
905 4241 1014 4284 tua.

565 4304 676 4370 (l2)
708 4301 780 4356 lta
827 4317 956 4356 mss.
991 4300 1150 4369 Angl.
1191 4301 1332 4371 apud
1377 4299 1582 4356 Fcllum
1612 4320 1624 4355 :
1658 4303 1816 4372 cujus
1865 4309 2046 4356 tamen

488 4375 659 4430 editio
691 4372 928 4435 exhibet,
955 4373 1228 4427 contritus.

565 4445 676 4506 (15)
701 4442 828 4496 Mss.
860 4441 916 4494 S.
949 4441 1129 4495 Germ.
1154 4451 1206 4496 et
1233 4439 1421 4495 Lamb.
1455 4441 1788 4510 confortavit.

565 4515 675 4585 (16)
707 4513 836 4567 Mss.
873 4512 1010 4567 Vict.
1057 4524 1110 4566 et
1159 4511 1340 4566 Germ.
1383 4511 1626 4583 obtingit.
1657 4511 1836 4568 Fcllus
1864 4521 2046 4568 autem

489 4585 711 4644 omittit.
740 4585 806 4638 ei.

565 4655 675 4722 (15)
706 4653 893 4707 Lamb.
917 4653 1079 4721 justo.
1113 4653 1296 4722 Carm.
1325 4653 1598 4722 optimum.

565 4720 675 4790 (l6)
710 4725 800 4777 Sic
827 4720 1018 4778 Lamb.
1045 4723 1124 4776 sic
1147 4732 1200 4774 et
1223 4720 1422 4778 Fellus.
1451 4722 1513 4776 Α)
1570 4733 1711 4776 λνοη.

563 4797 675 4863 (17)
707 4797 786 4848 Au
812 4794 1104 4847 scribentur
1135 4793 1227 4847 in?
1747 4803 1752 4810 '

559 4866 669 4930 (18)
699 4864 881 4918 Carm.
913 4879 1015 4916 ms.
1041 4873 1090 4916 et
1115 4879 1222 4932 ego,
1620 4931 1624 4932 ν
1700 4931 1703 4932 ν
2035 4906 2040 4910 .

562 4937 672 4998 (19)
704 4933 892 4988 Lamb.
936 4931 1177 5002 qtorins..
1235 4947 1399 5000 quas,
1441 4946 1537 5000 pro
1574 4931 1865 5002 gloriose...
1911 4948 2047 5002 qum.

490 5005 670 5060 Frllus
695 5013 873 5057 autem
901 5000 1101 5058 omittit
1130 5011 1179 5055 et
1207 5003 1446 5071 miriﬁce,
1485 5001 1626 5070 quod
1651 5002 1800 5055 varia
1833 5000 1931 5070 ipsi
1969 5003 2049 5055 vi-

490 5077 681 5129 deatur
713 5074 891 5127 lectio.

563 5148 674 5211 (20)
699 5144 948 5211 Quinque
973 5143 1084 5196 hanc
1106 5141 1284 5204 verba,
1305 5139 1713 5194 circumdedit...
1733 5141 2045 5209 fortissimo,

489 5217 686 5269 desunt
724 5216 774 5266 in
808 5213 995 5267 Lamb.

565 5287 675 5353 (et)
712 5284 785 5338 Ita
826 5301 954 5337 mss.
983 5281 1369 5344 Vict.,Carm.,
1402 5279 1553 5334 Bodl.
1575 5291 1626 5335 et
1660 5279 1852 5335 Lamb.
1887 5280 1962 5334 Ita
1997 5291 2050 5336 ct

493 5355 674 5412 Fellus
699 5354 863 5416 Editi,
901 5354 1071 5421 plena.

567 5426 677 5494 (22)
707 5423 835 5479 Mss.
869 5418 1024 5477 codd.
1063 5423 1223 5486 Vict,
1247 5421 1429 5475 Carm.
1453 5418 1748 5494 Lambaet
1786 5433 1918 5483 vet.,
1944 5420 2050 5494 im-

534 5489 698 5560 ressi,
729 5494 1093 5564 repromisit...
1125 5494 1170 5546 si
1209 5492 1542 5564 servaverint.
1597 5489 1801 5564 [ῖς-ΙΙμῃι
1852 5492 2045 5553 secuti,

534 5512 698 5560 I‘PSSI,
729 5512 1093 5564 repromtstt...
1125 5512 1169 5546 δι
1209 5512 1542 5546 servaverim.
1597 5512 1801 5544 l‘i'lllllll
1852 5512 2044 5553 δυριιιι,

493 5512 636 5617 iianc
662 5565 984 5620 retinuimus
1027 5564 1330 5618 lectionem.
1375 5561 1462 5614 Al.
1495 5562 1814 5629 repromisit,
1859 5578 2044 5614 cmu...

491 5635 688 5706 gaudio
713 5635 1044 5706 senqverint.

569 5703 678 5772 ('23)
711 5705 799 5758 Sic
829 5703 997 5758 Lamb
1049 5701 1138 5759 Sic
1171 5712 1222 5757 ct
1249 5701 1445 5755 Velius.
1478 5698 1639 5765 Etlili,
1665 5701 1780 5755 istis

2223 4093 2334 4160 (24)
2368 4089 2562 4146 Lamb.
2599 4091 2654 4160 in
2677 4089 2970 4160 humerum.

2225 4155 2335 4230 (25)
2367 4161 2563 4225 Quidni
2612 4159 2747 4214 forte
2797 4159 3077 4230 legendum
3129 4172 3284 4230 cum_
3302 4155 3712 4230 cl._Cote_lcrio,

2153 4226 2333 4285 Cu‘mis
2358 4234 2382 4283 ?
2423 4231 2567 4286 Infra
2590 4230 2733 4285 enim
2763 4226 2868 4284 vis.
2911 4244 2984 4296 tv,
3011 4244 3132 4298 cap.
3169 4228 3221 4283 1.
3247 4226 3635 4296 Proﬁciscebar
3659 4226 3719 4280 in

2154 4300 2251 4354 illa
2275 4304 2357 4356 via
2381 4302 2673 4368 Campana.

2227 4373 2338 4440 (26)
2370 4372 2470 4427 Ms.
2502 4367 2560 4426 S.
2592 4370 2778 4426 Germ.
2811 4367 3364 4440 videramiambulans.

2231 4438 2342 4508 (27)
2379 4441 2566 4496 Lamb.
2597 4438 2927 4508 eduxitaSic
2949 4449 3004 4494 et
3033 4439 3231 4493 Fellus.

2223 4513 2336 4582 (28)
2369 4512 2493 4565 Ητρα
2524 4510 2707 4566 omnia
2729 4549 2744 4570 .
2792 4507 3024 4582 Cumque
3055 4510 3377 4582 venissem...
3409 4516 3458 4582 et
3495 4507 3718 4582 [tortori-

2149 4575 2328 4652 ﬁcnre'
2358 4581 2696 4636 restituimus
2721 4595 2789 4652 ex
2831 4575 3162 4652 ms.'_Carm.
3200 4579 3291 4633 Sic
3314 4587 3369 4631 et
3418 4575 3622 4652 Fellus.
3653 4575 3719 4652 Et

2152 4645 2296 4706 recte
2325 4652 2566 4720 quidem,
2593 4659 2654 4704 ut
2683 4650 2916 4703 videtur.
2951 4648 3070 4703 Mox
3119 4664 3353 4716 namque
3387 4647 3611 4720 subdit:
3649 4645 3718 4700 Et

2151 4739 2269 4776 cum
2297 4718 2641 4774 surreatissem
2665 4720 2728 4773 ab
2759 4720 3014 4774 oratione.
3048 4721 3133 4774 Al.
3160 4733 3310 4785 vero,
3339 4733 3478 4772 attito
3506 4718 3716 4787 primo;

2149 4802 2199 4846 et
2230 4792 2590 4859 Itonoriﬁcavi.

2225 4862 2337 4929 (29)
2370 4858 2498 4915 Mss.
2525 4861 2709 4915 Carm.
2740 4868 2795 4913 et
2827 4858 3016 4914 Lamb.
3049 4860 3255 4917 audivi.

2225 4932 2337 5001 (30)
2379 4931 2566 5001 Lamb.
2605 4929 2669 5001 Ut
2697 4946 2814 4983 eum
2849 4940 3043 5001 autem.

2225 5000 2338 5065 (5|)
2373 5002 2501 5057 Mss.
2539 5000 2595 5054 S.
2628 5000 2836 5062 Germ.,
2862 5000 3068 5064 Carm.,
3101 5011 3156 5055 et
3184 5000 3376 5055 Lamb.
3409 5000 3614 5055 sedens.

2225 5073 2335 5134 (52)
2362 5073 2610 5126 Clemens
2639 5071 2789 5123 Alex.
2825 5073 3045 5140 Στρωμ.
3090 5073 3182 5125 lib.
3217 5088 3292 5130 vr.
3325 5087 3447 5140 cap.
3481 5071 3568 5132 l5,
3593 5085 3715 5139 pag.

2151 5140 2290 5198 806.
2326 5145 2430 5195 huc
2474 5141 2800 5211 respiciens,
2849 5139 3152 5211 llaechahet
3189 5161 3201 5195 :
3236 5139 3406 5194 Τοῦτό
3452 5141 3508 5193 δὲ
3559 5158 3718 5211 μετε-

2150 5213 2394 5283 γράψατο
2415 5211 2548 5281 πρὸς
2568 5210 2799 5283 γρόςμμα
2817 5248 2830 5271 ,
2868 5210 3019 5283 φῃσὶ,
3059 5213 3132 5282 μὴ
3167 5211 3431 5283 εὑρίσκων
3452 5212 3550 5275 τὰς
3565 5210 3568 5211 ⁷
3585 5210 3717 5264 συλ-

2151 5277 2316 5344 lanii;
2347 5277 2589 5335 τελέσαιέ
2612 5277 2692 5332 id,
2721 5277 2804 5333 est
2832 5296 2844 5332 :
2899 5277 3029 5331 Eum
3061 5277 3246 5334 mm;
3275 5284 3444 5349 inquit
3477 5299 3532 5335 se
3568 5291 3716 5335 tran-

2151 5356 2418 5415 scripsisse
2459 5354 2526 5404 ad
2557 5351 2822 5409 litteram,
2854 5364 2968 5399 cum
3015 5367 3115 5402 non
3159 5353 3406 5404 inrcuiret
3457 5352 3718 5416 quomodo

2150 5423 2378 5490 syliabas
2407 5422 2690 5488 perﬁceret.
2713 5416 2816 5472 Ubi
2847 5427 2998 5471 notat
3025 5418 3105 5474 Cl.
3134 5420 3405 5479 Potterus.
3427 5423 3529 5476 hoc
3555 5422 3718 5474 modo

2151 5506 2272 5544 eum
2303 5506 2571 5545 marmora
2615 5499 2668 5542 et
2707 5504 2994 5551 nummos,
3020 5499 3132 5544 tum
3165 5492 3327 5546 etiam
3360 5493 3529 5547 libros
3561 5497 3683 5551 vctu
3705 5519 3720 5531 ο

2151 5563 2422 5615 stissimos
2451 5561 2682 5629 scriptos
2713 5550 2989 5626 conspici.
3025 5571 3281 5629 perpetua
3323 5563 3530 5617 scilicet
3569 5550 3719 5614 litte-

2151 5648 2332 5701 rarum
2361 5630 2520 5694 serie,
2543 5628 2690 5701 nulla
2718 5643 2916 5701 vocum
2933 5628 3278 5701 distinctione
3303 5633 3462 5688 facta.
3486 5629 3721 5701 Jamque

2155 5700 2292 5756 idem
2329 5707 2614 5754 monuerat
2643 5695 2822 5752 Fellus
2853 5697 2918 5753 ad
2952 5699 3095 5756 hunc
3123 5702 3321 5758 locum.
