  <div class='ocr_page' id='page_1' title='image "/cluster/home/n/w/nwhite01/storage/ocr_20150623/2/mdp.39015005182426/458.png"; bbox 0 0 4010 6150; ppageno 0'>
   <div class='ocr_carea' id='block_1_1' title="bbox 1379 231 2359 296">
    <p class='ocr_par' dir='ltr' id='par_1_1' title="bbox 1379 231 2359 296">
     <span class='ocr_line' id='line_1_1' title="bbox 1379 231 2359 296; baseline 0.008 -9"><span class='ocrx_word' id='word_1_1' title='bbox 1379 232 1676 290; x_wconf 78' lang='lat' dir='ltr'><strong>PASTOR.</strong></span> <span class='ocrx_word' id='word_1_2' title='bbox 1717 260 1784 273; x_wconf 89' lang='lat'><strong>-</strong></span> <span class='ocrx_word' id='word_1_3' title='bbox 1817 232 1945 287; x_wconf 86' lang='lat' dir='ltr'><strong>LIB.</strong></span> <span class='ocrx_word' id='word_1_4' title='bbox 1988 231 2030 296; x_wconf 87' lang='lat' dir='ltr'><strong>I,</strong></span> <span class='ocrx_word' id='word_1_5' title='bbox 2074 231 2254 290; x_wconf 73' lang='lat' dir='ltr'><strong>VISIO</strong></span> <span class='ocrx_word' id='word_1_6' title='bbox 2294 233 2359 295; x_wconf 77' lang='lat' dir='ltr'><strong>II.</strong></span> 
     </span>
    </p>
   </div>
   <div class='ocr_carea' id='block_1_2' title="bbox 1701 349 2036 407">
    <p class='ocr_par' dir='ltr' id='par_1_2' title="bbox 1701 349 2036 407">
     <span class='ocr_line' id='line_1_2' title="bbox 1701 349 2036 407; baseline -0.003 0"><span class='ocrx_word' id='word_1_7' title='bbox 1701 349 1931 407; x_wconf 83' lang='lat' dir='ltr'><strong>CAPUT</strong></span> <span class='ocrx_word' id='word_1_8' title='bbox 1972 352 2036 406; x_wconf 90' lang='lat' dir='ltr'><strong>II.</strong></span> 
     </span>
    </p>
   </div>
   <div class='ocr_carea' id='block_1_3' title="bbox 312 446 3505 521">
    <p class='ocr_par' dir='ltr' id='par_1_3' title="bbox 312 446 3505 521">
     <span class='ocr_line' id='line_1_3' title="bbox 312 446 3505 521; baseline -0.002 -17"><span class='ocrx_word' id='word_1_9' title='bbox 312 449 440 505; x_wconf 90' lang='lat' dir='ltr'><strong>Post</strong></span> <span class='ocrx_word' id='word_1_10' title='bbox 491 448 803 519; x_wconf 85' lang='lat' dir='ltr'><strong>quindecim</strong></span> <span class='ocrx_word' id='word_1_11' title='bbox 847 455 1031 502; x_wconf 89' lang='lat' dir='ltr'><strong>autem</strong></span> <span class='ocrx_word' id='word_1_12' title='bbox 1080 446 1199 501; x_wconf 90' lang='lat' dir='ltr'><strong>dies</strong></span> <span class='ocrx_word' id='word_1_13' title='bbox 1241 462 1364 502; x_wconf 87' lang='lat' dir='ltr'><strong>cum</strong></span> <span class='ocrx_word' id='word_1_14' title='bbox 1413 447 1789 518; x_wconf 77' lang='lat' dir='ltr'><strong>jejunassem,</strong></span> <span class='ocrx_word' id='word_1_15' title='bbox 1831 450 2176 518; x_wconf 85' lang='lat' dir='ltr'><strong>multumque</strong></span> <span class='ocrx_word' id='word_1_16' title='bbox 2219 464 2499 520; x_wconf 79' lang='lat' dir='ltr'><strong>rOgassem</strong></span> <span class='ocrx_word' id='word_1_17' title='bbox 2556 447 2845 501; x_wconf 84' lang='lat' dir='ltr'><strong>Dominum</strong></span> <span class='ocrx_word' id='word_1_18' title='bbox 2873 486 2889 513; x_wconf 92' lang='lat'><strong>,</strong></span> <span class='ocrx_word' id='word_1_19' title='bbox 2939 447 3173 501; x_wconf 74' lang='lat' dir='ltr'><strong>revelata</strong></span> <span class='ocrx_word' id='word_1_20' title='bbox 3221 455 3306 501; x_wconf 89' lang='lat' dir='ltr'><strong>est</strong></span> <span class='ocrx_word' id='word_1_21' title='bbox 3356 446 3505 521; x_wconf 33' lang='lat' dir='ltr'><strong>mihi.</strong></span> 
     </span>
    </p>
   </div>
   <div class='ocr_carea' id='block_1_4' title="bbox 243 536 3491 614">
    <p class='ocr_par' dir='ltr' id='par_1_4' title="bbox 243 536 3491 614">
     <span class='ocr_line' id='line_1_4' title="bbox 243 536 3491 614; baseline -0.001 -17"><span class='ocrx_word' id='word_1_22' title='bbox 243 541 472 597; x_wconf 87' lang='lat' dir='ltr'><strong>scientia</strong></span> <span class='ocrx_word' id='word_1_23' title='bbox 504 540 809 610; x_wconf 69' lang='lat' dir='ltr'><strong>scripturae.</strong></span> <span class='ocrx_word' id='word_1_24' title='bbox 844 539 976 595; x_wconf 81' lang='lat' dir='ltr'><strong>Erat</strong></span> <span class='ocrx_word' id='word_1_25' title='bbox 999 548 1182 595; x_wconf 88' lang='lat' dir='ltr'><strong>autem</strong></span> <span class='ocrx_word' id='word_1_26' title='bbox 1219 542 1495 611; x_wconf 86' lang='lat' dir='ltr'><strong>scriptura</strong></span> <span class='ocrx_word' id='word_1_27' title='bbox 1524 543 1638 596; x_wconf 62' lang='lat' dir='ltr'><strong>haec</strong></span> <span class='ocrx_word' id='word_1_28' title='bbox 1669 560 1681 596; x_wconf 90' lang='lat'>:</span> <span class='ocrx_word' id='word_1_29' title='bbox 1720 542 1916 596; x_wconf 86' lang='lat' dir='ltr'><strong>Semen</strong></span> <span class='ocrx_word' id='word_1_30' title='bbox 1947 552 2136 607; x_wconf 89' lang='lat' dir='ltr'><strong>tuum,</strong></span> <span class='ocrx_word' id='word_1_31' title='bbox 2169 542 2364 598; x_wconf 88' lang='lat' dir='ltr'><strong>Herma</strong></span> <span class='ocrx_word' id='word_1_32' title='bbox 2386 584 2402 610; x_wconf 92' lang='lat'><strong>,</strong></span> <span class='ocrx_word' id='word_1_33' title='bbox 2433 536 2659 613; x_wconf 81' lang='lat' dir='ltr'><strong>deliquit</strong></span> <span class='ocrx_word' id='word_1_34' title='bbox 2696 542 2751 596; x_wconf 91' lang='lat' dir='ltr'><strong>in</strong></span> <span class='ocrx_word' id='word_1_35' title='bbox 2783 540 3072 596; x_wconf 89' lang='lat' dir='ltr'><strong>Dominum</strong></span> <span class='ocrx_word' id='word_1_36' title='bbox 3095 583 3110 609; x_wconf 89' lang='lat'><strong>,</strong></span> <span class='ocrx_word' id='word_1_37' title='bbox 3136 553 3189 597; x_wconf 92' lang='lat' dir='ltr'><strong>et</strong></span> <span class='ocrx_word' id='word_1_38' title='bbox 3233 542 3491 614; x_wconf 83' lang='lat' dir='ltr'><strong>prodide-</strong></span> 
     </span>
    </p>
   </div>
   <div class='ocr_carea' id='block_1_5' title="bbox 245 631 3487 705">
    <p class='ocr_par' dir='ltr' id='par_1_5' title="bbox 245 631 3487 705">
     <span class='ocr_line' id='line_1_5' title="bbox 245 631 3487 705; baseline -0.001 -17"><span class='ocrx_word' id='word_1_39' title='bbox 245 642 374 688; x_wconf 88' lang='lat' dir='ltr'><strong>runt</strong></span> <span class='ocrx_word' id='word_1_40' title='bbox 402 641 655 702; x_wconf 89' lang='lat' dir='ltr'><strong>parentes</strong></span> <span class='ocrx_word' id='word_1_41' title='bbox 682 646 814 686; x_wconf 89' lang='lat' dir='ltr'><strong>suos</strong></span> <span class='ocrx_word' id='word_1_42' title='bbox 839 632 892 685; x_wconf 92' lang='lat' dir='ltr'><strong>in</strong></span> <span class='ocrx_word' id='word_1_43' title='bbox 926 631 1169 701; x_wconf 72' lang='lat' dir='ltr'><strong>nequitia</strong></span> <span class='ocrx_word' id='word_1_44' title='bbox 1200 648 1418 703; x_wconf 86' lang='lat' dir='ltr'><strong>magna.</strong></span> <span class='ocrx_word' id='word_1_45' title='bbox 1444 631 1509 686; x_wconf 88' lang='lat' dir='ltr'><strong>Et</strong></span> <span class='ocrx_word' id='word_1_46' title='bbox 1536 634 1830 688; x_wconf 91' lang='lat' dir='ltr'><strong>audierunt</strong></span> <span class='ocrx_word' id='word_1_47' title='bbox 1858 634 2162 704; x_wconf 84' lang='lat' dir='ltr'><strong>proditores</strong></span> <span class='ocrx_word' id='word_1_48' title='bbox 2200 645 2483 705; x_wconf 90' lang='lat' dir='ltr'><strong>parentum</strong></span> <span class='ocrx_word' id='word_1_49' title='bbox 2508 677 2522 699; x_wconf 93' lang='lat'><strong>,</strong></span> <span class='ocrx_word' id='word_1_50' title='bbox 2555 644 2609 689; x_wconf 90' lang='lat' dir='ltr'><strong>et</strong></span> <span class='ocrx_word' id='word_1_51' title='bbox 2652 634 2946 704; x_wconf 83' lang='lat' dir='ltr'><strong>prudentes</strong></span> <span class='ocrx_word' id='word_1_52' title='bbox 2980 635 3093 703; x_wconf 84' lang='lat'><strong>(55)</strong></span> <span class='ocrx_word' id='word_1_53' title='bbox 3120 632 3487 703; x_wconf 80' lang='lat' dir='ltr'><strong>profecerunt.</strong></span> 
     </span>
    </p>
   </div>
   <div class='ocr_carea' id='block_1_6' title="bbox 247 723 3493 796">
    <p class='ocr_par' dir='ltr' id='par_1_6' title="bbox 247 723 3493 796">
     <span class='ocr_line' id='line_1_6' title="bbox 247 723 3493 796; baseline -0.001 -16"><span class='ocrx_word' id='word_1_54' title='bbox 247 727 352 780; x_wconf 88' lang='lat' dir='ltr'><strong>Sed</strong></span> <span class='ocrx_word' id='word_1_55' title='bbox 375 728 538 779; x_wconf 88' lang='lat' dir='ltr'><strong>etiam</strong></span> <span class='ocrx_word' id='word_1_56' title='bbox 568 740 713 778; x_wconf 89' lang='lat' dir='ltr'><strong>nunc</strong></span> <span class='ocrx_word' id='word_1_57' title='bbox 742 723 1058 793; x_wconf 90' lang='lat' dir='ltr'><strong>adjecerunt</strong></span> <span class='ocrx_word' id='word_1_58' title='bbox 1084 726 1323 794; x_wconf 88' lang='lat' dir='ltr'><strong>peccatis</strong></span> <span class='ocrx_word' id='word_1_59' title='bbox 1349 724 1464 795; x_wconf 86' lang='grc'><strong>(54)</strong></span> <span class='ocrx_word' id='word_1_60' title='bbox 1486 724 1603 780; x_wconf 83' lang='lat' dir='ltr'><strong>suis</strong></span> <span class='ocrx_word' id='word_1_61' title='bbox 1628 725 1884 780; x_wconf 88' lang='lat' dir='ltr'><strong>libidines</strong></span> <span class='ocrx_word' id='word_1_62' title='bbox 1906 764 1921 790; x_wconf 91' lang='lat'><strong>,</strong></span> <span class='ocrx_word' id='word_1_63' title='bbox 1953 735 2007 780; x_wconf 92' lang='lat' dir='ltr'><strong>et</strong></span> <span class='ocrx_word' id='word_1_64' title='bbox 2038 726 2565 781; x_wconf 89' lang='lat' dir='ltr'><strong>commaculationes</strong></span> <span class='ocrx_word' id='word_1_65' title='bbox 2606 726 2897 794; x_wconf 71' lang='lat' dir='ltr'><strong>nequitiae,</strong></span> <span class='ocrx_word' id='word_1_66' title='bbox 2928 734 2983 780; x_wconf 91' lang='lat' dir='ltr'><strong>et</strong></span> <span class='ocrx_word' id='word_1_67' title='bbox 3013 727 3090 780; x_wconf 87' lang='lat' dir='ltr'><strong>sic</strong></span> <span class='ocrx_word' id='word_1_68' title='bbox 3131 727 3493 796; x_wconf 85' lang='lat' dir='ltr'><strong>impleverunt</strong></span> 
     </span>
    </p>
   </div>
   <div class='ocr_carea' id='block_1_7' title="bbox 245 818 3487 893">
    <p class='ocr_par' dir='ltr' id='par_1_7' title="bbox 245 818 3487 893">
     <span class='ocr_line' id='line_1_7' title="bbox 245 818 3487 893; baseline 0 -20"><span class='ocrx_word' id='word_1_69' title='bbox 245 820 561 889; x_wconf 85' lang='lat' dir='ltr'><strong>iniquitates</strong></span> <span class='ocrx_word' id='word_1_70' title='bbox 588 834 739 873; x_wconf 84' lang='lat' dir='ltr'><strong>suas.</strong></span> <span class='ocrx_word' id='word_1_71' title='bbox 767 818 872 874; x_wconf 88' lang='lat' dir='ltr'><strong>Sed</strong></span> <span class='ocrx_word' id='word_1_72' title='bbox 904 819 1214 889; x_wconf 84' lang='lat' dir='ltr'><strong>imprOpera</strong></span> <span class='ocrx_word' id='word_1_73' title='bbox 1240 820 1404 875; x_wconf 87' lang='lat' dir='ltr'><strong>verba</strong></span> <span class='ocrx_word' id='word_1_74' title='bbox 1433 822 1550 876; x_wconf 73' lang='lat' dir='ltr'><strong>haec</strong></span> <span class='ocrx_word' id='word_1_75' title='bbox 1575 821 1702 876; x_wconf 91' lang='lat' dir='ltr'><strong>liliis</strong></span> <span class='ocrx_word' id='word_1_76' title='bbox 1724 822 1835 877; x_wconf 90' lang='lat' dir='ltr'><strong>tuis</strong></span> <span class='ocrx_word' id='word_1_77' title='bbox 1857 821 2132 890; x_wconf 87' lang='lat' dir='ltr'><strong>omnibus,</strong></span> <span class='ocrx_word' id='word_1_78' title='bbox 2147 831 2201 877; x_wconf 90' lang='lat' dir='ltr'><strong>et</strong></span> <span class='ocrx_word' id='word_1_79' title='bbox 2223 823 2440 893; x_wconf 86' lang='lat' dir='ltr'><strong>eonjugi</strong></span> <span class='ocrx_word' id='word_1_80' title='bbox 2469 832 2573 876; x_wconf 70' lang='lat' dir='ltr'><strong>tua:</strong></span> <span class='ocrx_word' id='word_1_81' title='bbox 2599 837 2718 891; x_wconf 66' lang='lat' dir='ltr'><strong>quae</strong></span> <span class='ocrx_word' id='word_1_82' title='bbox 2742 820 2923 876; x_wconf 78' lang='lat' dir='ltr'><strong>futura</strong></span> <span class='ocrx_word' id='word_1_83' title='bbox 2951 829 3033 875; x_wconf 84' lang='lat' dir='ltr'><strong>est</strong></span> <span class='ocrx_word' id='word_1_84' title='bbox 3054 837 3210 876; x_wconf 90' lang='lat' dir='ltr'><strong>soror</strong></span> <span class='ocrx_word' id='word_1_85' title='bbox 3231 831 3323 876; x_wconf 83' lang='lat' dir='ltr'><strong>tua</strong></span> <span class='ocrx_word' id='word_1_86' title='bbox 3352 821 3487 891; x_wconf 81' lang='lat'><strong>(55).</strong></span> 
     </span>
    </p>
   </div>
   <div class='ocr_carea' id='block_1_8' title="bbox 244 911 3489 989">
    <p class='ocr_par' dir='ltr' id='par_1_8' title="bbox 244 911 3489 989">
     <span class='ocr_line' id='line_1_8' title="bbox 244 911 3489 989; baseline 0.002 -26"><span class='ocrx_word' id='word_1_87' title='bbox 244 911 307 965; x_wconf 86' lang='lat' dir='ltr'><strong>Et</strong></span> <span class='ocrx_word' id='word_1_88' title='bbox 342 914 456 982; x_wconf 88' lang='lat' dir='ltr'><strong>ipsa</strong></span> <span class='ocrx_word' id='word_1_89' title='bbox 490 912 633 966; x_wconf 86' lang='lat' dir='ltr'><strong>enim</strong></span> <span class='ocrx_word' id='word_1_90' title='bbox 673 912 787 982; x_wconf 83' lang='lat'><strong>(56)</strong></span> <span class='ocrx_word' id='word_1_91' title='bbox 819 926 1131 984; x_wconf 83' lang='lat' dir='ltr'><strong>compescat</strong></span> <span class='ocrx_word' id='word_1_92' title='bbox 1151 918 1393 988; x_wconf 85' lang='lat' dir='ltr'><strong>linguam</strong></span> <span class='ocrx_word' id='word_1_93' title='bbox 1425 932 1580 973; x_wconf 90' lang='lat' dir='ltr'><strong>suam</strong></span> <span class='ocrx_word' id='word_1_94' title='bbox 1609 959 1623 983; x_wconf 95' lang='lat'><strong>,</strong></span> <span class='ocrx_word' id='word_1_95' title='bbox 1648 917 1702 972; x_wconf 90' lang='lat' dir='ltr'><strong>in</strong></span> <span class='ocrx_word' id='word_1_96' title='bbox 1735 933 1845 989; x_wconf 90' lang='lat' dir='ltr'><strong>qua</strong></span> <span class='ocrx_word' id='word_1_97' title='bbox 1869 918 2202 989; x_wconf 84' lang='lat' dir='ltr'><strong>malignatur</strong></span> <span class='ocrx_word' id='word_1_98' title='bbox 2227 937 2241 973; x_wconf 92' lang='lat'><strong>:</strong></span> <span class='ocrx_word' id='word_1_99' title='bbox 2268 927 2322 972; x_wconf 91' lang='lat' dir='ltr'><strong>et</strong></span> <span class='ocrx_word' id='word_1_100' title='bbox 2349 916 2462 988; x_wconf 83' lang='lat'><strong>(57)</strong></span> <span class='ocrx_word' id='word_1_101' title='bbox 2488 917 2691 972; x_wconf 86' lang='lat' dir='ltr'><strong>auditis</strong></span> <span class='ocrx_word' id='word_1_102' title='bbox 2721 916 2904 970; x_wconf 82' lang='lat' dir='ltr'><strong>verbis</strong></span> <span class='ocrx_word' id='word_1_103' title='bbox 2934 916 3019 971; x_wconf 89' lang='lat' dir='ltr'><strong>his</strong></span> <span class='ocrx_word' id='word_1_104' title='bbox 3040 955 3055 980; x_wconf 90' lang='lat'><strong>,</strong></span> <span class='ocrx_word' id='word_1_105' title='bbox 3086 915 3385 971; x_wconf 83' lang='lat' dir='ltr'><strong>continebit</strong></span> <span class='ocrx_word' id='word_1_106' title='bbox 3409 931 3489 983; x_wconf 88' lang='lat' dir='ltr'><strong>se,</strong></span> 
     </span>
    </p>
   </div>
   <div class='ocr_carea' id='block_1_9' title="bbox 240 1006 3499 1082">
    <p class='ocr_par' dir='ltr' id='par_1_9' title="bbox 240 1006 3499 1082">
     <span class='ocr_line' id='line_1_9' title="bbox 240 1006 3499 1082; baseline 0.002 -24"><span class='ocrx_word' id='word_1_107' title='bbox 240 1015 293 1060; x_wconf 85' lang='lat' dir='ltr'><strong>et</strong></span> <span class='ocrx_word' id='word_1_108' title='bbox 337 1013 700 1074; x_wconf 85' lang='lat' dir='ltr'><strong>consequetur</strong></span> <span class='ocrx_word' id='word_1_109' title='bbox 732 1006 846 1074; x_wconf 88' lang='lat'><strong>(58)</strong></span> <span class='ocrx_word' id='word_1_110' title='bbox 874 1008 1328 1065; x_wconf 88' lang='lat' dir='ltr'><strong>misericordiam.</strong></span> <span class='ocrx_word' id='word_1_111' title='bbox 1371 1009 1667 1066; x_wconf 87' lang='lat' dir='ltr'><strong>Erudietur</strong></span> <span class='ocrx_word' id='word_1_112' title='bbox 1702 1010 1847 1066; x_wconf 91' lang='lat' dir='ltr'><strong>enim</strong></span> <span class='ocrx_word' id='word_1_113' title='bbox 1868 1051 1886 1078; x_wconf 89' lang='lat'><strong>,</strong></span> <span class='ocrx_word' id='word_1_114' title='bbox 1921 1019 2213 1082; x_wconf 85' lang='lat' dir='ltr'><strong>postquam</strong></span> <span class='ocrx_word' id='word_1_115' title='bbox 2258 1010 2713 1081; x_wconf 88' lang='lat' dir='ltr'><strong>improperaveris</strong></span> <span class='ocrx_word' id='word_1_116' title='bbox 2762 1009 2840 1063; x_wconf 87' lang='lat' dir='ltr'><strong>illi</strong></span> <span class='ocrx_word' id='word_1_117' title='bbox 2867 1009 2979 1079; x_wconf 86' lang='lat'><strong>(59)</strong></span> <span class='ocrx_word' id='word_1_118' title='bbox 3013 1008 3127 1064; x_wconf 72' lang='lat' dir='ltr'><strong>ham</strong></span> <span class='ocrx_word' id='word_1_119' title='bbox 3148 1009 3339 1075; x_wconf 89' lang='lat' dir='ltr'><strong>verba,</strong></span> <span class='ocrx_word' id='word_1_120' title='bbox 3370 1023 3499 1077; x_wconf 67' lang='lat' dir='ltr'><strong>quae</strong></span> 
     </span>
    </p>
   </div>
   <div class='ocr_carea' id='block_1_10' title="bbox 240 1096 3492 1173">
    <p class='ocr_par' dir='ltr' id='par_1_10' title="bbox 240 1096 3492 1173">
     <span class='ocr_line' id='line_1_10' title="bbox 240 1096 3492 1173; baseline 0.002 -24"><span class='ocrx_word' id='word_1_121' title='bbox 240 1097 516 1151; x_wconf 74' lang='lat' dir='ltr'><strong>mandavit</strong></span> <span class='ocrx_word' id='word_1_122' title='bbox 547 1096 636 1151; x_wconf 89' lang='lat' dir='ltr'><strong>ille</strong></span> <span class='ocrx_word' id='word_1_123' title='bbox 665 1096 778 1168; x_wconf 96' lang='grc'><strong>(40)</strong></span> <span class='ocrx_word' id='word_1_124' title='bbox 809 1097 1151 1168; x_wconf 90' lang='lat' dir='ltr'><strong>Dominator,</strong></span> <span class='ocrx_word' id='word_1_125' title='bbox 1182 1112 1240 1157; x_wconf 92' lang='lat' dir='ltr'><strong>ut</strong></span> <span class='ocrx_word' id='word_1_126' title='bbox 1268 1103 1365 1159; x_wconf 89' lang='lat' dir='ltr'><strong>tibi</strong></span> <span class='ocrx_word' id='word_1_127' title='bbox 1390 1103 1723 1158; x_wconf 88' lang='lat' dir='ltr'><strong>reveleutur.</strong></span> <span class='ocrx_word' id='word_1_128' title='bbox 1756 1101 1912 1159; x_wconf 93' lang='lat' dir='ltr'><strong>Tunc</strong></span> <span class='ocrx_word' id='word_1_129' title='bbox 1943 1104 2293 1159; x_wconf 88' lang='lat' dir='ltr'><strong>remittentur</strong></span> <span class='ocrx_word' id='word_1_130' title='bbox 2322 1103 2433 1158; x_wconf 87' lang='lat' dir='ltr'><strong>illis</strong></span> <span class='ocrx_word' id='word_1_131' title='bbox 2464 1111 2685 1173; x_wconf 90' lang='lat' dir='ltr'><strong>peccata</strong></span> <span class='ocrx_word' id='word_1_132' title='bbox 2708 1116 2831 1172; x_wconf 82' lang='lat' dir='ltr'><strong>quae</strong></span> <span class='ocrx_word' id='word_1_133' title='bbox 2865 1100 2976 1171; x_wconf 87' lang='grc'><strong>(41)</strong></span> <span class='ocrx_word' id='word_1_134' title='bbox 3009 1100 3336 1171; x_wconf 89' lang='lat' dir='ltr'><strong>jampridem</strong></span> <span class='ocrx_word' id='word_1_135' title='bbox 3362 1116 3492 1170; x_wconf 88' lang='lat' dir='ltr'><strong>pec--</strong></span> 
     </span>
    </p>
   </div>
   <div class='ocr_carea' id='block_1_11' title="bbox 237 1195 3495 1270">
    <p class='ocr_par' dir='ltr' id='par_1_11' title="bbox 237 1195 3495 1270">
     <span class='ocr_line' id='line_1_11' title="bbox 237 1195 3495 1270; baseline 0.002 -23"><span class='ocrx_word' id='word_1_136' title='bbox 237 1199 532 1258; x_wconf 90' lang='lat' dir='ltr'><strong>caverunt,</strong></span> <span class='ocrx_word' id='word_1_137' title='bbox 563 1201 618 1247; x_wconf 93' lang='lat' dir='ltr'><strong>et</strong></span> <span class='ocrx_word' id='word_1_138' title='bbox 648 1195 906 1250; x_wconf 90' lang='lat' dir='ltr'><strong>omnibus</strong></span> <span class='ocrx_word' id='word_1_139' title='bbox 949 1198 1157 1254; x_wconf 86' lang='lat' dir='ltr'><strong>sanctis</strong></span> <span class='ocrx_word' id='word_1_140' title='bbox 1179 1198 1273 1269; x_wconf 94' lang='lat' dir='ltr'><strong>qui</strong></span> <span class='ocrx_word' id='word_1_141' title='bbox 1304 1206 1667 1269; x_wconf 83' lang='lat' dir='ltr'><strong>peccaverunt</strong></span> <span class='ocrx_word' id='word_1_142' title='bbox 1700 1213 1876 1268; x_wconf 91' lang='lat' dir='ltr'><strong>usque</strong></span> <span class='ocrx_word' id='word_1_143' title='bbox 1919 1197 1973 1252; x_wconf 91' lang='lat' dir='ltr'><strong>in</strong></span> <span class='ocrx_word' id='word_1_144' title='bbox 2015 1197 2341 1253; x_wconf 90' lang='lat' dir='ltr'><strong>hodiernum</strong></span> <span class='ocrx_word' id='word_1_145' title='bbox 2384 1198 2526 1252; x_wconf 83' lang='lat' dir='ltr'><strong>diem</strong></span> <span class='ocrx_word' id='word_1_146' title='bbox 2551 1239 2566 1261; x_wconf 95' lang='lat'><strong>,</strong></span> <span class='ocrx_word' id='word_1_147' title='bbox 2596 1196 2640 1253; x_wconf 88' lang='lat' dir='ltr'><strong>si</strong></span> <span class='ocrx_word' id='word_1_148' title='bbox 2679 1212 2746 1249; x_wconf 82' lang='lat' dir='ltr'><strong>ex</strong></span> <span class='ocrx_word' id='word_1_149' title='bbox 2782 1198 2902 1252; x_wconf 81' lang='lat' dir='ltr'><strong>toto</strong></span> <span class='ocrx_word' id='word_1_150' title='bbox 2943 1202 3107 1254; x_wconf 89' lang='lat' dir='ltr'><strong>corde</strong></span> <span class='ocrx_word' id='word_1_151' title='bbox 3141 1214 3242 1253; x_wconf 93' lang='lat' dir='ltr'><strong>suo</strong></span> <span class='ocrx_word' id='word_1_152' title='bbox 3282 1200 3495 1270; x_wconf 76' lang='lat' dir='ltr'><strong>egerint</strong></span> 
     </span>
    </p>
   </div>
   <div class='ocr_carea' id='block_1_12' title="bbox 235 1288 3492 1366">
    <p class='ocr_par' dir='ltr' id='par_1_12' title="bbox 235 1288 3492 1366">
     <span class='ocr_line' id='line_1_12' title="bbox 235 1288 3492 1366; baseline 0.001 -22"><span class='ocrx_word' id='word_1_153' title='bbox 235 1288 645 1358; x_wconf 68' lang='lat' dir='ltr'><strong>paenitentiam,</strong></span> <span class='ocrx_word' id='word_1_154' title='bbox 677 1300 733 1345; x_wconf 89' lang='lat' dir='ltr'><strong>et</strong></span> <span class='ocrx_word' id='word_1_155' title='bbox 770 1291 1097 1348; x_wconf 85' lang='lat' dir='ltr'><strong>abstulerint</strong></span> <span class='ocrx_word' id='word_1_156' title='bbox 1129 1309 1158 1349; x_wconf 89' lang='lat' dir='ltr'><strong>a</strong></span> <span class='ocrx_word' id='word_1_157' title='bbox 1193 1295 1451 1351; x_wconf 89' lang='lat' dir='ltr'><strong>cordibus</strong></span> <span class='ocrx_word' id='word_1_158' title='bbox 1477 1294 1592 1350; x_wconf 92' lang='lat' dir='ltr'><strong>suis</strong></span> <span class='ocrx_word' id='word_1_159' title='bbox 1622 1294 2015 1351; x_wconf 76' lang='lat' dir='ltr'><strong>dubitationes.</strong></span> <span class='ocrx_word' id='word_1_160' title='bbox 2049 1294 2261 1349; x_wconf 85' lang='lat' dir='ltr'><strong>Juravit</strong></span> <span class='ocrx_word' id='word_1_161' title='bbox 2295 1296 2441 1350; x_wconf 89' lang='lat' dir='ltr'><strong>enim</strong></span> <span class='ocrx_word' id='word_1_162' title='bbox 2480 1294 2801 1349; x_wconf 86' lang='lat' dir='ltr'><strong>Dominator</strong></span> <span class='ocrx_word' id='word_1_163' title='bbox 2832 1294 2922 1348; x_wconf 88' lang='lat' dir='ltr'><strong>ille</strong></span> <span class='ocrx_word' id='word_1_164' title='bbox 2957 1312 3053 1365; x_wconf 89' lang='lat' dir='ltr'><strong>per</strong></span> <span class='ocrx_word' id='word_1_165' title='bbox 3083 1296 3311 1366; x_wconf 85' lang='lat' dir='ltr'><strong>gloriam</strong></span> <span class='ocrx_word' id='word_1_166' title='bbox 3336 1310 3492 1349; x_wconf 90' lang='lat' dir='ltr'><strong>suam</strong></span> 
     </span>
    </p>
   </div>
   <div class='ocr_carea' id='block_1_13' title="bbox 236 1388 3493 1463">
    <p class='ocr_par' dir='ltr' id='par_1_13' title="bbox 236 1388 3493 1463">
     <span class='ocr_line' id='line_1_13' title="bbox 236 1388 3493 1463; baseline 0.001 -22"><span class='ocrx_word' id='word_1_167' title='bbox 236 1401 404 1456; x_wconf 91' lang='lat' dir='ltr'><strong>super</strong></span> <span class='ocrx_word' id='word_1_168' title='bbox 426 1388 631 1443; x_wconf 89' lang='lat' dir='ltr'><strong>electos</strong></span> <span class='ocrx_word' id='word_1_169' title='bbox 672 1402 836 1455; x_wconf 88' lang='lat' dir='ltr'><strong>suos,</strong></span> <span class='ocrx_word' id='word_1_170' title='bbox 866 1391 1132 1459; x_wconf 66' lang='lat' dir='ltr'><strong>praalinita</strong></span> <span class='ocrx_word' id='word_1_171' title='bbox 1160 1393 1265 1449; x_wconf 89' lang='lat' dir='ltr'><strong>ista</strong></span> <span class='ocrx_word' id='word_1_172' title='bbox 1288 1393 1376 1449; x_wconf 91' lang='lat' dir='ltr'><strong>die</strong></span> <span class='ocrx_word' id='word_1_173' title='bbox 1399 1433 1415 1459; x_wconf 93' lang='lat'><strong>,</strong></span> <span class='ocrx_word' id='word_1_174' title='bbox 1448 1394 1613 1449; x_wconf 89' lang='lat' dir='ltr'><strong>etiam</strong></span> <span class='ocrx_word' id='word_1_175' title='bbox 1642 1408 1791 1449; x_wconf 90' lang='lat' dir='ltr'><strong>nunc</strong></span> <span class='ocrx_word' id='word_1_176' title='bbox 1824 1393 1870 1447; x_wconf 90' lang='lat' dir='ltr'><strong>si</strong></span> <span class='ocrx_word' id='word_1_177' title='bbox 1904 1396 2213 1463; x_wconf 81' lang='lat' dir='ltr'><strong>peccaverit</strong></span> <span class='ocrx_word' id='word_1_178' title='bbox 2245 1393 2477 1463; x_wconf 88' lang='lat' dir='ltr'><strong>aliquis,</strong></span> <span class='ocrx_word' id='word_1_179' title='bbox 2510 1408 2617 1446; x_wconf 91' lang='lat' dir='ltr'><strong>non</strong></span> <span class='ocrx_word' id='word_1_180' title='bbox 2661 1390 2973 1446; x_wconf 89' lang='lat' dir='ltr'><strong>habiturum</strong></span> <span class='ocrx_word' id='word_1_181' title='bbox 3014 1393 3166 1446; x_wconf 89' lang='lat' dir='ltr'><strong>illum</strong></span> <span class='ocrx_word' id='word_1_182' title='bbox 3199 1392 3311 1461; x_wconf 73' lang='grc'><strong>(42)</strong></span> <span class='ocrx_word' id='word_1_183' title='bbox 3342 1392 3493 1445; x_wconf 81' lang='lat' dir='ltr'><strong>salu-</strong></span> 
     </span>
    </p>
   </div>
   <div class='ocr_carea' id='block_1_14' title="bbox 238 1477 3502 1554">
    <p class='ocr_par' dir='ltr' id='par_1_14' title="bbox 238 1477 3502 1554">
     <span class='ocr_line' id='line_1_14' title="bbox 238 1477 3502 1554; baseline -0.001 -13"><span class='ocrx_word' id='word_1_184' title='bbox 238 1488 369 1533; x_wconf 79' lang='lat' dir='ltr'><strong>lem-</strong></span> <span class='ocrx_word' id='word_1_185' title='bbox 402 1477 744 1533; x_wconf 66' lang='lat' dir='ltr'><strong>Pmnilellliil.’</strong></span> <span class='ocrx_word' id='word_1_186' title='bbox 780 1479 926 1534; x_wconf 83' lang='lat' dir='ltr'><strong>enim</strong></span> <span class='ocrx_word' id='word_1_187' title='bbox 958 1484 1232 1554; x_wconf 89' lang='lat' dir='ltr'><strong>justorum</strong></span> <span class='ocrx_word' id='word_1_188' title='bbox 1274 1485 1477 1541; x_wconf 86' lang='lat' dir='ltr'><strong>habent</strong></span> <span class='ocrx_word' id='word_1_189' title='bbox 1523 1484 1679 1541; x_wconf 88' lang='lat' dir='ltr'><strong>lines.</strong></span> <span class='ocrx_word' id='word_1_190' title='bbox 1714 1484 1922 1554; x_wconf 92' lang='lat' dir='ltr'><strong>Impleti</strong></span> <span class='ocrx_word' id='word_1_191' title='bbox 1969 1493 2098 1539; x_wconf 91' lang='lat' dir='ltr'><strong>sunt</strong></span> <span class='ocrx_word' id='word_1_192' title='bbox 2139 1484 2254 1539; x_wconf 90' lang='lat' dir='ltr'><strong>dies</strong></span> <span class='ocrx_word' id='word_1_193' title='bbox 2284 1484 2616 1553; x_wconf 65' lang='lat' dir='ltr'><strong>paenitentia:</strong></span> <span class='ocrx_word' id='word_1_194' title='bbox 2660 1485 2917 1539; x_wconf 91' lang='lat' dir='ltr'><strong>omnibus</strong></span> <span class='ocrx_word' id='word_1_195' title='bbox 2963 1484 3166 1538; x_wconf 91' lang='lat' dir='ltr'><strong>sanctis</strong></span> <span class='ocrx_word' id='word_1_196' title='bbox 3196 1500 3211 1538; x_wconf 93' lang='lat'><strong>:</strong></span> <span class='ocrx_word' id='word_1_197' title='bbox 3245 1482 3502 1552; x_wconf 74' lang='lat' dir='ltr'><strong>gentibus</strong></span> 
     </span>
    </p>
   </div>
   <div class='ocr_carea' id='block_1_15' title="bbox 237 1573 3492 1645">
    <p class='ocr_par' dir='ltr' id='par_1_15' title="bbox 237 1573 3492 1645">
     <span class='ocr_line' id='line_1_15' title="bbox 237 1573 3492 1645; baseline 0 -22"><span class='ocrx_word' id='word_1_198' title='bbox 237 1579 423 1625; x_wconf 88' lang='lat' dir='ltr'><strong>autem</strong></span> <span class='ocrx_word' id='word_1_199' title='bbox 455 1573 772 1641; x_wconf 64' lang='lat' dir='ltr'><strong>paenitentia</strong></span> <span class='ocrx_word' id='word_1_200' title='bbox 825 1590 997 1645; x_wconf 90' lang='lat' dir='ltr'><strong>usque</strong></span> <span class='ocrx_word' id='word_1_201' title='bbox 1022 1575 1076 1629; x_wconf 90' lang='lat' dir='ltr'><strong>in</strong></span> <span class='ocrx_word' id='word_1_202' title='bbox 1103 1575 1406 1631; x_wconf 88' lang='lat' dir='ltr'><strong>novissimo</strong></span> <span class='ocrx_word' id='word_1_203' title='bbox 1438 1575 1547 1629; x_wconf 90' lang='lat' dir='ltr'><strong>die.</strong></span> <span class='ocrx_word' id='word_1_204' title='bbox 1588 1573 1746 1630; x_wconf 89' lang='lat' dir='ltr'><strong>Dices</strong></span> <span class='ocrx_word' id='word_1_205' title='bbox 1775 1590 1905 1645; x_wconf 90' lang='lat' dir='ltr'><strong>ergo</strong></span> <span class='ocrx_word' id='word_1_206' title='bbox 1933 1574 2014 1629; x_wconf 91' lang='lat' dir='ltr'><strong>eis</strong></span> <span class='ocrx_word' id='word_1_207' title='bbox 2035 1573 2128 1643; x_wconf 87' lang='lat' dir='ltr'><strong>qui</strong></span> <span class='ocrx_word' id='word_1_208' title='bbox 2154 1582 2396 1643; x_wconf 73' lang='lat' dir='ltr'><strong>praesunt</strong></span> <span class='ocrx_word' id='word_1_209' title='bbox 2423 1573 2706 1639; x_wconf 60' lang='lat' dir='ltr'><strong>Ecclesiae,</strong></span> <span class='ocrx_word' id='word_1_210' title='bbox 2741 1585 2799 1629; x_wconf 91' lang='lat' dir='ltr'><strong>ut</strong></span> <span class='ocrx_word' id='word_1_211' title='bbox 2825 1575 3063 1645; x_wconf 84' lang='lat' dir='ltr'><strong>dirigant</strong></span> <span class='ocrx_word' id='word_1_212' title='bbox 3108 1574 3225 1628; x_wconf 89' lang='lat' dir='ltr'><strong>vias</strong></span> <span class='ocrx_word' id='word_1_213' title='bbox 3265 1588 3395 1627; x_wconf 90' lang='lat' dir='ltr'><strong>suas</strong></span> <span class='ocrx_word' id='word_1_214' title='bbox 3438 1574 3492 1625; x_wconf 94' lang='lat' dir='ltr'><strong>in</strong></span> 
     </span>
    </p>
   </div>
   <div class='ocr_carea' id='block_1_16' title="bbox 236 1664 3494 1742">
    <p class='ocr_par' dir='ltr' id='par_1_16' title="bbox 236 1664 3494 1742">
     <span class='ocr_line' id='line_1_16' title="bbox 236 1664 3494 1742; baseline 0.001 -23"><span class='ocrx_word' id='word_1_215' title='bbox 236 1664 487 1735; x_wconf 89' lang='lat' dir='ltr'><strong>justitia;</strong></span> <span class='ocrx_word' id='word_1_216' title='bbox 514 1677 572 1720; x_wconf 92' lang='lat' dir='ltr'><strong>ut</strong></span> <span class='ocrx_word' id='word_1_217' title='bbox 594 1669 858 1739; x_wconf 89' lang='lat' dir='ltr'><strong>recipiant</strong></span> <span class='ocrx_word' id='word_1_218' title='bbox 888 1669 942 1723; x_wconf 92' lang='lat' dir='ltr'><strong>in</strong></span> <span class='ocrx_word' id='word_1_219' title='bbox 974 1670 1130 1739; x_wconf 90' lang='lat' dir='ltr'><strong>pleno</strong></span> <span class='ocrx_word' id='word_1_220' title='bbox 1158 1671 1639 1740; x_wconf 89' lang='lat' dir='ltr'><strong>repromissionem</strong></span> <span class='ocrx_word' id='word_1_221' title='bbox 1664 1685 1789 1725; x_wconf 93' lang='lat' dir='ltr'><strong>cum</strong></span> <span class='ocrx_word' id='word_1_222' title='bbox 1819 1670 1989 1724; x_wconf 88' lang='lat' dir='ltr'><strong>multa</strong></span> <span class='ocrx_word' id='word_1_223' title='bbox 2008 1670 2201 1739; x_wconf 88' lang='lat' dir='ltr'><strong>gloria.</strong></span> <span class='ocrx_word' id='word_1_224' title='bbox 2229 1668 2549 1724; x_wconf 90' lang='lat' dir='ltr'><strong>Permanete</strong></span> <span class='ocrx_word' id='word_1_225' title='bbox 2574 1685 2705 1741; x_wconf 84' lang='lat' dir='ltr'><strong>ergo</strong></span> <span class='ocrx_word' id='word_1_226' title='bbox 2734 1672 2826 1742; x_wconf 87' lang='lat' dir='ltr'><strong>qui</strong></span> <span class='ocrx_word' id='word_1_227' title='bbox 2860 1672 3161 1741; x_wconf 77' lang='lat' dir='ltr'><strong>operamini</strong></span> <span class='ocrx_word' id='word_1_228' title='bbox 3192 1671 3455 1740; x_wconf 89' lang='lat' dir='ltr'><strong>justitiam</strong></span> <span class='ocrx_word' id='word_1_229' title='bbox 3474 1707 3494 1736; x_wconf 92' lang='lat'><strong>,</strong></span> 
     </span>
    </p>
   </div>
   <div class='ocr_carea' id='block_1_17' title="bbox 239 1760 3495 1835">
    <p class='ocr_par' dir='ltr' id='par_1_17' title="bbox 239 1760 3495 1835">
     <span class='ocr_line' id='line_1_17' title="bbox 239 1760 3495 1835; baseline 0 -20"><span class='ocrx_word' id='word_1_230' title='bbox 239 1769 296 1815; x_wconf 85' lang='lat' dir='ltr'><strong>et</strong></span> <span class='ocrx_word' id='word_1_231' title='bbox 326 1762 405 1817; x_wconf 90' lang='lat' dir='ltr'><strong>sic</strong></span> <span class='ocrx_word' id='word_1_232' title='bbox 432 1760 621 1829; x_wconf 83' lang='lat' dir='ltr'><strong>facite,</strong></span> <span class='ocrx_word' id='word_1_233' title='bbox 654 1772 712 1817; x_wconf 92' lang='lat' dir='ltr'><strong>ut</strong></span> <span class='ocrx_word' id='word_1_234' title='bbox 742 1764 813 1819; x_wconf 88' lang='lat' dir='ltr'><strong>sit</strong></span> <span class='ocrx_word' id='word_1_235' title='bbox 849 1765 962 1835; x_wconf 86' lang='grc'><strong>(45)</strong></span> <span class='ocrx_word' id='word_1_236' title='bbox 1002 1763 1268 1819; x_wconf 88' lang='lat' dir='ltr'><strong>transitus</strong></span> <span class='ocrx_word' id='word_1_237' title='bbox 1302 1772 1481 1818; x_wconf 82' lang='lat' dir='ltr'><strong>vester</strong></span> <span class='ocrx_word' id='word_1_238' title='bbox 1507 1779 1635 1819; x_wconf 88' lang='lat' dir='ltr'><strong>cum</strong></span> <span class='ocrx_word' id='word_1_239' title='bbox 1668 1763 1873 1818; x_wconf 89' lang='lat' dir='ltr'><strong>sanctis</strong></span> <span class='ocrx_word' id='word_1_240' title='bbox 1900 1763 2131 1833; x_wconf 79' lang='lat' dir='ltr'><strong>angelis.</strong></span> <span class='ocrx_word' id='word_1_241' title='bbox 2167 1760 2379 1817; x_wconf 85' lang='lat' dir='ltr'><strong>Felices</strong></span> <span class='ocrx_word' id='word_1_242' title='bbox 2409 1777 2542 1827; x_wconf 87' lang='lat' dir='ltr'><strong>vos,</strong></span> <span class='ocrx_word' id='word_1_243' title='bbox 2585 1763 2901 1834; x_wconf 88' lang='lat' dir='ltr'><strong>quicunque</strong></span> <span class='ocrx_word' id='word_1_244' title='bbox 2942 1764 3226 1819; x_wconf 88' lang='lat' dir='ltr'><strong>sustinetis</strong></span> <span class='ocrx_word' id='word_1_245' title='bbox 3268 1777 3495 1833; x_wconf 84' lang='lat' dir='ltr'><strong>pressu-</strong></span> 
     </span>
    </p>
   </div>
   <div class='ocr_carea' id='block_1_18' title="bbox 242 1857 3499 1932">
    <p class='ocr_par' dir='ltr' id='par_1_18' title="bbox 242 1857 3499 1932">
     <span class='ocr_line' id='line_1_18' title="bbox 242 1857 3499 1932; baseline 0 -21"><span class='ocrx_word' id='word_1_246' title='bbox 242 1873 361 1912; x_wconf 89' lang='lat' dir='ltr'><strong>ram</strong></span> <span class='ocrx_word' id='word_1_247' title='bbox 386 1859 856 1928; x_wconf 86' lang='lat' dir='ltr'><strong>supervenientem</strong></span> <span class='ocrx_word' id='word_1_248' title='bbox 890 1876 1175 1932; x_wconf 84' lang='lat' dir='ltr'><strong>magnam,</strong></span> <span class='ocrx_word' id='word_1_249' title='bbox 1207 1869 1263 1915; x_wconf 90' lang='lat' dir='ltr'><strong>et</strong></span> <span class='ocrx_word' id='word_1_250' title='bbox 1287 1862 1603 1930; x_wconf 90' lang='lat' dir='ltr'><strong>quicunque</strong></span> <span class='ocrx_word' id='word_1_251' title='bbox 1627 1875 1735 1914; x_wconf 92' lang='lat' dir='ltr'><strong>non</strong></span> <span class='ocrx_word' id='word_1_252' title='bbox 1760 1860 2039 1932; x_wconf 87' lang='lat' dir='ltr'><strong>negaverit</strong></span> <span class='ocrx_word' id='word_1_253' title='bbox 2068 1860 2233 1913; x_wconf 85' lang='lat' dir='ltr'><strong>vitam</strong></span> <span class='ocrx_word' id='word_1_254' title='bbox 2266 1874 2443 1915; x_wconf 90' lang='lat' dir='ltr'><strong>suam.</strong></span> <span class='ocrx_word' id='word_1_255' title='bbox 2470 1858 2682 1914; x_wconf 85' lang='lat' dir='ltr'><strong>Juravit</strong></span> <span class='ocrx_word' id='word_1_256' title='bbox 2711 1860 2856 1915; x_wconf 88' lang='lat' dir='ltr'><strong>enim</strong></span> <span class='ocrx_word' id='word_1_257' title='bbox 2890 1860 3156 1914; x_wconf 91' lang='lat' dir='ltr'><strong>Dominus</strong></span> <span class='ocrx_word' id='word_1_258' title='bbox 3177 1875 3272 1929; x_wconf 90' lang='lat' dir='ltr'><strong>per</strong></span> <span class='ocrx_word' id='word_1_259' title='bbox 3296 1857 3499 1913; x_wconf 85' lang='lat' dir='ltr'><strong>Filium</strong></span> 
     </span>
    </p>
   </div>
   <div class='ocr_carea' id='block_1_19' title="bbox 242 1950 3497 2027">
    <p class='ocr_par' dir='ltr' id='par_1_19' title="bbox 242 1950 3497 2027">
     <span class='ocr_line' id='line_1_19' title="bbox 242 1950 3497 2027; baseline 0.001 -20"><span class='ocrx_word' id='word_1_260' title='bbox 242 1968 403 2007; x_wconf 89' lang='lat' dir='ltr'><strong>suum</strong></span> <span class='ocrx_word' id='word_1_261' title='bbox 432 1975 443 2008; x_wconf 90' lang='lat'><strong>:</strong></span> <span class='ocrx_word' id='word_1_262' title='bbox 475 1953 578 2019; x_wconf 85' lang='lat' dir='ltr'><strong>Qui</strong></span> <span class='ocrx_word' id='word_1_263' title='bbox 602 1956 948 2026; x_wconf 84' lang='lat' dir='ltr'><strong>denegaverit</strong></span> <span class='ocrx_word' id='word_1_264' title='bbox 982 1950 1182 2011; x_wconf 87' lang='lat' dir='ltr'><strong>Filium</strong></span> <span class='ocrx_word' id='word_1_265' title='bbox 1213 1967 1266 2011; x_wconf 90' lang='lat' dir='ltr'><strong>et</strong></span> <span class='ocrx_word' id='word_1_266' title='bbox 1295 1972 1391 2019; x_wconf 84' lang='lat' dir='ltr'><strong>se,</strong></span> <span class='ocrx_word' id='word_1_267' title='bbox 1435 1955 1769 2026; x_wconf 87' lang='lat' dir='ltr'><strong>spondentes</strong></span> <span class='ocrx_word' id='word_1_268' title='bbox 1799 1972 1860 2012; x_wconf 90' lang='lat' dir='ltr'><strong>se</strong></span> <span class='ocrx_word' id='word_1_269' title='bbox 1903 1957 2067 2010; x_wconf 89' lang='lat' dir='ltr'><strong>vitam</strong></span> <span class='ocrx_word' id='word_1_270' title='bbox 2107 1956 2286 2019; x_wconf 89' lang='lat' dir='ltr'><strong>illius,</strong></span> <span class='ocrx_word' id='word_1_271' title='bbox 2322 1964 2378 2010; x_wconf 90' lang='lat' dir='ltr'><strong>et</strong></span> <span class='ocrx_word' id='word_1_272' title='bbox 2416 1956 2523 2026; x_wconf 90' lang='lat' dir='ltr'><strong>ipsi</strong></span> <span class='ocrx_word' id='word_1_273' title='bbox 2566 1956 2887 2027; x_wconf 89' lang='lat' dir='ltr'><strong>denegaturi</strong></span> <span class='ocrx_word' id='word_1_274' title='bbox 2930 1965 3058 2012; x_wconf 90' lang='lat' dir='ltr'><strong>sunt</strong></span> <span class='ocrx_word' id='word_1_275' title='bbox 3098 1956 3249 2011; x_wconf 83' lang='lat' dir='ltr'><strong>illum</strong></span> <span class='ocrx_word' id='word_1_276' title='bbox 3284 1956 3397 2024; x_wconf 82' lang='grc'><strong>(44)</strong></span> <span class='ocrx_word' id='word_1_277' title='bbox 3438 1955 3497 2009; x_wconf 88' lang='lat' dir='ltr'><strong>in</strong></span> 
     </span>
    </p>
   </div>
   <div class='ocr_carea' id='block_1_20' title="bbox 243 2045 3503 2121">
    <p class='ocr_par' dir='ltr' id='par_1_20' title="bbox 243 2045 3503 2121">
     <span class='ocr_line' id='line_1_20' title="bbox 243 2045 3503 2121; baseline 0.001 -24"><span class='ocrx_word' id='word_1_278' title='bbox 243 2045 657 2103; x_wconf 88' lang='lat' dir='ltr'><strong>advenientibus</strong></span> <span class='ocrx_word' id='word_1_279' title='bbox 690 2046 885 2103; x_wconf 84' lang='lat' dir='ltr'><strong>diebus</strong></span> <span class='ocrx_word' id='word_1_280' title='bbox 909 2048 977 2105; x_wconf 83' lang='grc'><strong>⁸⁸.</strong></span> <span class='ocrx_word' id='word_1_281' title='bbox 1022 2047 1063 2103; x_wconf 82' lang='grc'><strong>11</strong></span> <span class='ocrx_word' id='word_1_282' title='bbox 1093 2056 1276 2105; x_wconf 90' lang='lat' dir='ltr'><strong>autem</strong></span> <span class='ocrx_word' id='word_1_283' title='bbox 1297 2089 1312 2115; x_wconf 92' lang='lat'><strong>,</strong></span> <span class='ocrx_word' id='word_1_284' title='bbox 1346 2049 1441 2119; x_wconf 92' lang='lat' dir='ltr'><strong>qui</strong></span> <span class='ocrx_word' id='word_1_285' title='bbox 1468 2064 1750 2119; x_wconf 90' lang='lat' dir='ltr'><strong>nunquam</strong></span> <span class='ocrx_word' id='word_1_286' title='bbox 1777 2049 2195 2119; x_wconf 68' lang='lat' dir='ltr'><strong>denegaret-int,</strong></span> <span class='ocrx_word' id='word_1_287' title='bbox 2233 2049 2305 2103; x_wconf 91' lang='lat' dir='ltr'><strong>ob</strong></span> <span class='ocrx_word' id='word_1_288' title='bbox 2335 2048 2562 2103; x_wconf 89' lang='lat' dir='ltr'><strong>nimiam</strong></span> <span class='ocrx_word' id='word_1_289' title='bbox 2598 2049 2711 2121; x_wconf 85' lang='grc'><strong>(45)</strong></span> <span class='ocrx_word' id='word_1_290' title='bbox 2750 2048 3184 2104; x_wconf 85' lang='lat' dir='ltr'><strong>misericordiam</strong></span> <span class='ocrx_word' id='word_1_291' title='bbox 3227 2046 3503 2117; x_wconf 78' lang='lat' dir='ltr'><strong>propitius</strong></span> 
     </span>
    </p>
   </div>
   <div class='ocr_carea' id='block_1_21' title="bbox 245 2133 689 2191">
    <p class='ocr_par' dir='ltr' id='par_1_21' title="bbox 245 2133 689 2191">
     <span class='ocr_line' id='line_1_21' title="bbox 245 2133 689 2191; baseline 0.011 -5"><span class='ocrx_word' id='word_1_292' title='bbox 245 2133 422 2190; x_wconf 80' lang='lat' dir='ltr'><strong>factus</strong></span> <span class='ocrx_word' id='word_1_293' title='bbox 450 2145 533 2190; x_wconf 90' lang='lat' dir='ltr'><strong>est</strong></span> <span class='ocrx_word' id='word_1_294' title='bbox 559 2135 689 2191; x_wconf 89' lang='lat' dir='ltr'><strong>illis.</strong></span> 
     </span>
    </p>
   </div>
   <div class='ocr_carea' id='block_1_22' title="bbox 249 232 3493 300">
    <p class='ocr_par' dir='ltr' id='par_1_22' title="bbox 249 232 3493 300">
     <span class='ocr_line' id='line_1_22' title="bbox 249 232 3493 300; baseline 0 -13"><span class='ocrx_word' id='word_1_295' title='bbox 249 241 351 300; x_wconf 74' lang='lat'><strong>397</strong></span> <span class='ocrx_word' id='word_1_296' title='bbox 1379 232 1676 290; x_wconf 77' lang='lat' dir='ltr'><strong>PASTOR.</strong></span> <span class='ocrx_word' id='word_1_297' title='bbox 1717 260 1784 273; x_wconf 87' lang='lat'><strong>--</strong></span> <span class='ocrx_word' id='word_1_298' title='bbox 1817 232 1945 287; x_wconf 88' lang='lat' dir='ltr'><strong>LIB.</strong></span> <span class='ocrx_word' id='word_1_299' title='bbox 1988 232 2030 296; x_wconf 88' lang='lat' dir='ltr'><strong>I,</strong></span> <span class='ocrx_word' id='word_1_300' title='bbox 2074 232 2254 290; x_wconf 72' lang='lat' dir='ltr'><strong>VISIO</strong></span> <span class='ocrx_word' id='word_1_301' title='bbox 2294 233 2359 295; x_wconf 88' lang='lat' dir='ltr'><strong>II.</strong></span> <span class='ocrx_word' id='word_1_302' title='bbox 3390 232 3493 287; x_wconf 80' lang='lat'><strong>898</strong></span> 
     </span>
    </p>
   </div>
   <div class='ocr_carea' id='block_1_23' title="bbox 1690 2224 2047 2284">
    <p class='ocr_par' dir='ltr' id='par_1_23' title="bbox 1690 2224 2047 2284">
     <span class='ocr_line' id='line_1_23' title="bbox 1690 2224 2047 2284; baseline 0.006 -3"><span class='ocrx_word' id='word_1_303' title='bbox 1690 2224 1920 2281; x_wconf 81' lang='lat' dir='ltr'><strong>CAPUT</strong></span> <span class='ocrx_word' id='word_1_304' title='bbox 1958 2225 2047 2284; x_wconf 91' lang='lat' dir='ltr'><strong>III.</strong></span> 
     </span>
    </p>
   </div>
   <div class='ocr_carea' id='block_1_24' title="bbox 318 2321 3501 2401">
    <p class='ocr_par' dir='ltr' id='par_1_24' title="bbox 318 2321 3501 2401">
     <span class='ocr_line' id='line_1_24' title="bbox 318 2321 3501 2401; baseline 0.002 -24"><span class='ocrx_word' id='word_1_305' title='bbox 318 2322 396 2378; x_wconf 92' lang='lat' dir='ltr'><strong>Tu</strong></span> <span class='ocrx_word' id='word_1_306' title='bbox 444 2331 659 2390; x_wconf 88' lang='lat' dir='ltr'><strong>autem,</strong></span> <span class='ocrx_word' id='word_1_307' title='bbox 696 2321 927 2390; x_wconf 83' lang='lat' dir='ltr'><strong>Herma,</strong></span> <span class='ocrx_word' id='word_1_308' title='bbox 980 2323 1094 2379; x_wconf 89' lang='lat' dir='ltr'><strong>noli</strong></span> <span class='ocrx_word' id='word_1_309' title='bbox 1137 2323 1455 2380; x_wconf 91' lang='lat' dir='ltr'><strong>meminisse</strong></span> <span class='ocrx_word' id='word_1_310' title='bbox 1500 2322 1827 2393; x_wconf 90' lang='lat' dir='ltr'><strong>injuriarum</strong></span> <span class='ocrx_word' id='word_1_311' title='bbox 1868 2323 1979 2394; x_wconf 84' lang='grc'><strong>(46)</strong></span> <span class='ocrx_word' id='word_1_312' title='bbox 2014 2324 2249 2379; x_wconf 89' lang='lat' dir='ltr'><strong>liliorum</strong></span> <span class='ocrx_word' id='word_1_313' title='bbox 2289 2333 2543 2392; x_wconf 87' lang='lat' dir='ltr'><strong>tuorum,</strong></span> <span class='ocrx_word' id='word_1_314' title='bbox 2576 2326 2671 2382; x_wconf 87' lang='lat' dir='ltr'><strong>sed</strong></span> <span class='ocrx_word' id='word_1_315' title='bbox 2712 2343 2811 2385; x_wconf 91' lang='lat' dir='ltr'><strong>nec</strong></span> <span class='ocrx_word' id='word_1_316' title='bbox 2842 2344 3087 2386; x_wconf 88' lang='lat' dir='ltr'><strong>sororem</strong></span> <span class='ocrx_word' id='word_1_317' title='bbox 3129 2337 3278 2385; x_wconf 86' lang='lat' dir='ltr'><strong>tuam</strong></span> <span class='ocrx_word' id='word_1_318' title='bbox 3325 2330 3501 2401; x_wconf 82' lang='lat' dir='ltr'><strong>negli-</strong></span> 
     </span>
    </p>
   </div>
   <div class='ocr_carea' id='block_1_25' title="bbox 246 2419 3501 2491">
    <p class='ocr_par' dir='ltr' id='par_1_25' title="bbox 246 2419 3501 2491">
     <span class='ocr_line' id='line_1_25' title="bbox 246 2419 3501 2491; baseline 0.001 -18"><span class='ocrx_word' id='word_1_319' title='bbox 246 2435 346 2491; x_wconf 87' lang='lat' dir='ltr'><strong>gas</strong></span> <span class='ocrx_word' id='word_1_320' title='bbox 375 2420 523 2491; x_wconf 70' lang='lat'><strong>(47);</strong></span> <span class='ocrx_word' id='word_1_321' title='bbox 558 2420 652 2476; x_wconf 88' lang='lat' dir='ltr'><strong>sed</strong></span> <span class='ocrx_word' id='word_1_322' title='bbox 680 2434 812 2476; x_wconf 90' lang='lat' dir='ltr'><strong>cura</strong></span> <span class='ocrx_word' id='word_1_323' title='bbox 842 2428 902 2474; x_wconf 93' lang='lat' dir='ltr'><strong>ut</strong></span> <span class='ocrx_word' id='word_1_324' title='bbox 931 2420 1290 2476; x_wconf 90' lang='lat' dir='ltr'><strong>emendentur</strong></span> <span class='ocrx_word' id='word_1_325' title='bbox 1328 2436 1359 2475; x_wconf 92' lang='lat' dir='ltr'><strong>a</strong></span> <span class='ocrx_word' id='word_1_326' title='bbox 1408 2420 1653 2490; x_wconf 83' lang='lat' dir='ltr'><strong>pristinis</strong></span> <span class='ocrx_word' id='word_1_327' title='bbox 1689 2419 1946 2489; x_wconf 87' lang='lat' dir='ltr'><strong>peccatis.</strong></span> <span class='ocrx_word' id='word_1_328' title='bbox 1995 2420 2325 2475; x_wconf 83' lang='lat' dir='ltr'><strong>Erudientur</strong></span> <span class='ocrx_word' id='word_1_329' title='bbox 2352 2424 2497 2476; x_wconf 90' lang='lat' dir='ltr'><strong>enim</strong></span> <span class='ocrx_word' id='word_1_330' title='bbox 2545 2422 2794 2477; x_wconf 89' lang='lat' dir='ltr'><strong>doctrina</strong></span> <span class='ocrx_word' id='word_1_331' title='bbox 2843 2423 2977 2488; x_wconf 88' lang='lat' dir='ltr'><strong>ista,</strong></span> <span class='ocrx_word' id='word_1_332' title='bbox 3028 2423 3073 2477; x_wconf 93' lang='lat' dir='ltr'><strong>si</strong></span> <span class='ocrx_word' id='word_1_333' title='bbox 3122 2429 3180 2476; x_wconf 91' lang='lat' dir='ltr'><strong>tu</strong></span> <span class='ocrx_word' id='word_1_334' title='bbox 3226 2420 3338 2490; x_wconf 89' lang='lat' dir='ltr'><strong>jam</strong></span> <span class='ocrx_word' id='word_1_335' title='bbox 3386 2438 3501 2477; x_wconf 86' lang='lat' dir='ltr'><strong>non</strong></span> 
     </span>
    </p>
   </div>
   <div class='ocr_carea' id='block_1_26' title="bbox 246 2510 3501 2584">
    <p class='ocr_par' dir='ltr' id='par_1_26' title="bbox 246 2510 3501 2584">
     <span class='ocr_line' id='line_1_26' title="bbox 246 2510 3501 2584; baseline 0.001 -16"><span class='ocrx_word' id='word_1_336' title='bbox 246 2514 417 2570; x_wconf 78' lang='lat' dir='ltr'><strong>fueris</strong></span> <span class='ocrx_word' id='word_1_337' title='bbox 446 2530 656 2570; x_wconf 90' lang='lat' dir='ltr'><strong>memor</strong></span> <span class='ocrx_word' id='word_1_338' title='bbox 678 2514 894 2584; x_wconf 74' lang='lat' dir='ltr'><strong>injuriae</strong></span> <span class='ocrx_word' id='word_1_339' title='bbox 918 2511 1031 2583; x_wconf 88' lang='grc'><strong>(48)</strong></span> <span class='ocrx_word' id='word_1_340' title='bbox 1062 2513 1303 2567; x_wconf 90' lang='lat' dir='ltr'><strong>illorum.</strong></span> <span class='ocrx_word' id='word_1_341' title='bbox 1341 2510 1601 2567; x_wconf 85' lang='lat' dir='ltr'><strong>Memoria</strong></span> <span class='ocrx_word' id='word_1_342' title='bbox 1630 2512 1776 2566; x_wconf 88' lang='lat' dir='ltr'><strong>enim</strong></span> <span class='ocrx_word' id='word_1_343' title='bbox 1804 2510 2129 2580; x_wconf 87' lang='lat' dir='ltr'><strong>injuriarum</strong></span> <span class='ocrx_word' id='word_1_344' title='bbox 2175 2512 2287 2583; x_wconf 77' lang='grc'><strong>(49)</strong></span> <span class='ocrx_word' id='word_1_345' title='bbox 2316 2522 2544 2568; x_wconf 82' lang='lat' dir='ltr'><strong>mortem</strong></span> <span class='ocrx_word' id='word_1_346' title='bbox 2584 2524 2875 2584; x_wconf 85' lang='lat' dir='ltr'><strong>cperatur;</strong></span> <span class='ocrx_word' id='word_1_347' title='bbox 2907 2515 3112 2570; x_wconf 88' lang='lat' dir='ltr'><strong>oblivio</strong></span> <span class='ocrx_word' id='word_1_348' title='bbox 3151 2530 3278 2569; x_wconf 87' lang='lat' dir='ltr'><strong>vero</strong></span> <span class='ocrx_word' id='word_1_349' title='bbox 3307 2530 3501 2570; x_wconf 84' lang='lat' dir='ltr'><strong>earum</strong></span> 
     </span>
    </p>
   </div>
   <div class='ocr_carea' id='block_1_27' title="bbox 246 2605 3500 2682">
    <p class='ocr_par' dir='ltr' id='par_1_27' title="bbox 246 2605 3500 2682">
     <span class='ocr_line' id='line_1_27' title="bbox 246 2605 3500 2682; baseline 0.001 -19"><span class='ocrx_word' id='word_1_350' title='bbox 246 2608 361 2679; x_wconf 84' lang='lat'><strong>(50)</strong></span> <span class='ocrx_word' id='word_1_351' title='bbox 393 2609 555 2663; x_wconf 88' lang='lat' dir='ltr'><strong>vitam</strong></span> <span class='ocrx_word' id='word_1_352' title='bbox 584 2617 867 2663; x_wconf 70' lang='lat' dir='ltr'><strong>:etcrnam.</strong></span> <span class='ocrx_word' id='word_1_353' title='bbox 901 2605 983 2661; x_wconf 92' lang='lat' dir='ltr'><strong>Tu</strong></span> <span class='ocrx_word' id='word_1_354' title='bbox 1017 2618 1197 2662; x_wconf 86' lang='lat' dir='ltr'><strong>autem</strong></span> <span class='ocrx_word' id='word_1_355' title='bbox 1217 2649 1233 2671; x_wconf 90' lang='lat'><strong>,</strong></span> <span class='ocrx_word' id='word_1_356' title='bbox 1262 2606 1494 2673; x_wconf 86' lang='lat' dir='ltr'><strong>Herma,</strong></span> <span class='ocrx_word' id='word_1_357' title='bbox 1529 2622 1755 2677; x_wconf 88' lang='lat' dir='ltr'><strong>magnas</strong></span> <span class='ocrx_word' id='word_1_358' title='bbox 1790 2606 2169 2662; x_wconf 89' lang='lat' dir='ltr'><strong>tribulationes</strong></span> <span class='ocrx_word' id='word_1_359' title='bbox 2201 2610 2492 2665; x_wconf 78' lang='lat' dir='ltr'><strong>saeculares</strong></span> <span class='ocrx_word' id='word_1_360' title='bbox 2521 2608 2867 2677; x_wconf 88' lang='lat' dir='ltr'><strong>sustinuisti,</strong></span> <span class='ocrx_word' id='word_1_361' title='bbox 2908 2622 3128 2681; x_wconf 88' lang='lat' dir='ltr'><strong>propter</strong></span> <span class='ocrx_word' id='word_1_362' title='bbox 3176 2611 3500 2682; x_wconf 69' lang='lat' dir='ltr'><strong>pracvarica—</strong></span> 
     </span>
    </p>
   </div>
   <div class='ocr_carea' id='block_1_28' title="bbox 244 2700 3505 2775">
    <p class='ocr_par' dir='ltr' id='par_1_28' title="bbox 244 2700 3505 2775">
     <span class='ocr_line' id='line_1_28' title="bbox 244 2700 3505 2775; baseline 0.001 -16"><span class='ocrx_word' id='word_1_363' title='bbox 244 2705 427 2761; x_wconf 88' lang='lat' dir='ltr'><strong>tiones</strong></span> <span class='ocrx_word' id='word_1_364' title='bbox 450 2706 647 2760; x_wconf 90' lang='lat' dir='ltr'><strong>domus</strong></span> <span class='ocrx_word' id='word_1_365' title='bbox 670 2716 811 2771; x_wconf 68' lang='lat' dir='ltr'><strong>tuae;</strong></span> <span class='ocrx_word' id='word_1_366' title='bbox 839 2703 1099 2774; x_wconf 91' lang='lat' dir='ltr'><strong>quoniam</strong></span> <span class='ocrx_word' id='word_1_367' title='bbox 1127 2702 1245 2756; x_wconf 91' lang='lat' dir='ltr'><strong>illas</strong></span> <span class='ocrx_word' id='word_1_368' title='bbox 1273 2709 1333 2755; x_wconf 92' lang='lat' dir='ltr'><strong>ut</strong></span> <span class='ocrx_word' id='word_1_369' title='bbox 1358 2701 1425 2755; x_wconf 91' lang='lat' dir='ltr'><strong>ad</strong></span> <span class='ocrx_word' id='word_1_370' title='bbox 1453 2711 1503 2753; x_wconf 91' lang='lat' dir='ltr'><strong>te</strong></span> <span class='ocrx_word' id='word_1_371' title='bbox 1526 2700 1665 2763; x_wconf 12' lang='lat' dir='ltr'><strong>nihil,</strong></span> <span class='ocrx_word' id='word_1_372' title='bbox 1688 2701 2022 2771; x_wconf 77' lang='lat' dir='ltr'><strong>pertinentes</strong></span> <span class='ocrx_word' id='word_1_373' title='bbox 2041 2743 2056 2767; x_wconf 92' lang='lat'><strong>,</strong></span> <span class='ocrx_word' id='word_1_374' title='bbox 2095 2702 2412 2773; x_wconf 78' lang='lat' dir='ltr'><strong>neglexisti;</strong></span> <span class='ocrx_word' id='word_1_375' title='bbox 2445 2712 2499 2758; x_wconf 92' lang='lat' dir='ltr'><strong>et</strong></span> <span class='ocrx_word' id='word_1_376' title='bbox 2524 2705 2577 2758; x_wconf 92' lang='lat' dir='ltr'><strong>in</strong></span> <span class='ocrx_word' id='word_1_377' title='bbox 2611 2707 3073 2775; x_wconf 90' lang='lat' dir='ltr'><strong>negotiationibus</strong></span> <span class='ocrx_word' id='word_1_378' title='bbox 3100 2707 3210 2761; x_wconf 89' lang='lat' dir='ltr'><strong>tuis</strong></span> <span class='ocrx_word' id='word_1_379' title='bbox 3245 2707 3505 2774; x_wconf 81' lang='lat' dir='ltr'><strong>malignis</strong></span> 
     </span>
    </p>
   </div>
   <div class='ocr_carea' id='block_1_29' title="bbox 246 2792 3502 2868">
    <p class='ocr_par' dir='ltr' id='par_1_29' title="bbox 246 2792 3502 2868">
     <span class='ocr_line' id='line_1_29' title="bbox 246 2792 3502 2868; baseline 0 -17"><span class='ocrx_word' id='word_1_380' title='bbox 246 2797 362 2868; x_wconf 90' lang='grc'><strong>(51)</strong></span> <span class='ocrx_word' id='word_1_381' title='bbox 389 2797 688 2867; x_wconf 91' lang='lat' dir='ltr'><strong>implicitus</strong></span> <span class='ocrx_word' id='word_1_382' title='bbox 728 2812 809 2852; x_wconf 92' lang='lat' dir='ltr'><strong>es.</strong></span> <span class='ocrx_word' id='word_1_383' title='bbox 850 2795 955 2850; x_wconf 88' lang='lat' dir='ltr'><strong>Sed</strong></span> <span class='ocrx_word' id='word_1_384' title='bbox 985 2794 1118 2848; x_wconf 90' lang='lat' dir='ltr'><strong>illud</strong></span> <span class='ocrx_word' id='word_1_385' title='bbox 1153 2802 1203 2848; x_wconf 87' lang='lat' dir='ltr'><strong>te</strong></span> <span class='ocrx_word' id='word_1_386' title='bbox 1229 2793 1441 2849; x_wconf 87' lang='lat' dir='ltr'><strong>salvum</strong></span> <span class='ocrx_word' id='word_1_387' title='bbox 1477 2792 1669 2859; x_wconf 82' lang='lat' dir='ltr'><strong>faciet,</strong></span> <span class='ocrx_word' id='word_1_388' title='bbox 1702 2792 1850 2862; x_wconf 91' lang='lat' dir='ltr'><strong>quod</strong></span> <span class='ocrx_word' id='word_1_389' title='bbox 1883 2808 1993 2848; x_wconf 92' lang='lat' dir='ltr'><strong>non</strong></span> <span class='ocrx_word' id='word_1_390' title='bbox 2035 2794 2358 2850; x_wconf 87' lang='lat' dir='ltr'><strong>discesseris</strong></span> <span class='ocrx_word' id='word_1_391' title='bbox 2405 2812 2437 2851; x_wconf 93' lang='lat' dir='ltr'><strong>a</strong></span> <span class='ocrx_word' id='word_1_392' title='bbox 2480 2794 2589 2852; x_wconf 90' lang='lat' dir='ltr'><strong>Deo</strong></span> <span class='ocrx_word' id='word_1_393' title='bbox 2634 2799 2788 2862; x_wconf 81' lang='lat' dir='ltr'><strong>vivo;</strong></span> <span class='ocrx_word' id='word_1_394' title='bbox 2818 2805 2870 2852; x_wconf 88' lang='lat' dir='ltr'><strong>et</strong></span> <span class='ocrx_word' id='word_1_395' title='bbox 2917 2798 3241 2867; x_wconf 86' lang='lat' dir='ltr'><strong>simplicitas</strong></span> <span class='ocrx_word' id='word_1_396' title='bbox 3282 2806 3406 2861; x_wconf 89' lang='lat' dir='ltr'><strong>tua,</strong></span> <span class='ocrx_word' id='word_1_397' title='bbox 3446 2807 3502 2852; x_wconf 86' lang='lat' dir='ltr'><strong>et</strong></span> 
     </span>
    </p>
   </div>
   <div class='ocr_carea' id='block_1_30' title="bbox 243 2888 3508 2964">
    <p class='ocr_par' dir='ltr' id='par_1_30' title="bbox 243 2888 3508 2964">
     <span class='ocr_line' id='line_1_30' title="bbox 243 2888 3508 2964; baseline 0 -17"><span class='ocrx_word' id='word_1_398' title='bbox 243 2894 542 2962; x_wconf 85' lang='lat' dir='ltr'><strong>singularis</strong></span> <span class='ocrx_word' id='word_1_399' title='bbox 568 2893 682 2964; x_wconf 74' lang='grc'><strong>(52)</strong></span> <span class='ocrx_word' id='word_1_400' title='bbox 712 2890 1049 2947; x_wconf 90' lang='lat' dir='ltr'><strong>continentia</strong></span> <span class='ocrx_word' id='word_1_401' title='bbox 1072 2889 1282 2943; x_wconf 86' lang='lat' dir='ltr'><strong>salvum</strong></span> <span class='ocrx_word' id='word_1_402' title='bbox 1314 2888 1515 2943; x_wconf 81' lang='lat' dir='ltr'><strong>facient</strong></span> <span class='ocrx_word' id='word_1_403' title='bbox 1542 2898 1625 2952; x_wconf 86' lang='lat' dir='ltr'><strong>te,</strong></span> <span class='ocrx_word' id='word_1_404' title='bbox 1658 2889 1705 2943; x_wconf 91' lang='lat' dir='ltr'><strong>si</strong></span> <span class='ocrx_word' id='word_1_405' title='bbox 1740 2890 2130 2958; x_wconf 85' lang='lat' dir='ltr'><strong>permanseris.</strong></span> <span class='ocrx_word' id='word_1_406' title='bbox 2166 2888 2233 2945; x_wconf 88' lang='lat' dir='ltr'><strong>Et</strong></span> <span class='ocrx_word' id='word_1_407' title='bbox 2273 2906 2467 2947; x_wconf 88' lang='lat' dir='ltr'><strong>omnes</strong></span> <span class='ocrx_word' id='word_1_408' title='bbox 2493 2893 2675 2949; x_wconf 84' lang='lat' dir='ltr'><strong>salvos</strong></span> <span class='ocrx_word' id='word_1_409' title='bbox 2701 2892 2930 2960; x_wconf 77' lang='lat' dir='ltr'><strong>facient,</strong></span> <span class='ocrx_word' id='word_1_410' title='bbox 2957 2894 3271 2964; x_wconf 89' lang='lat' dir='ltr'><strong>quicunque</strong></span> <span class='ocrx_word' id='word_1_411' title='bbox 3309 2893 3508 2963; x_wconf 84' lang='lat' dir='ltr'><strong>hujus-</strong></span> 
     </span>
    </p>
   </div>
   <div class='ocr_carea' id='block_1_31' title="bbox 243 2983 3509 3060">
    <p class='ocr_par' dir='ltr' id='par_1_31' title="bbox 243 2983 3509 3060">
     <span class='ocr_line' id='line_1_31' title="bbox 243 2983 3509 3060; baseline -0.002 -16"><span class='ocrx_word' id='word_1_412' title='bbox 243 2990 461 3045; x_wconf 90' lang='lat' dir='ltr'><strong>cemodi</strong></span> <span class='ocrx_word' id='word_1_413' title='bbox 502 2997 821 3060; x_wconf 83' lang='lat' dir='ltr'><strong>cperantur,</strong></span> <span class='ocrx_word' id='word_1_414' title='bbox 861 2994 917 3041; x_wconf 91' lang='lat' dir='ltr'><strong>et</strong></span> <span class='ocrx_word' id='word_1_415' title='bbox 960 2985 1345 3056; x_wconf 88' lang='lat' dir='ltr'><strong>ingrediuntur</strong></span> <span class='ocrx_word' id='word_1_416' title='bbox 1387 2984 1443 3037; x_wconf 92' lang='lat' dir='ltr'><strong>in</strong></span> <span class='ocrx_word' id='word_1_417' title='bbox 1491 2983 1804 3037; x_wconf 87' lang='lat' dir='ltr'><strong>innocentia</strong></span> <span class='ocrx_word' id='word_1_418' title='bbox 1840 2992 1897 3039; x_wconf 90' lang='lat' dir='ltr'><strong>et</strong></span> <span class='ocrx_word' id='word_1_419' title='bbox 1945 2983 2316 3053; x_wconf 85' lang='lat' dir='ltr'><strong>simplicitate.</strong></span> <span class='ocrx_word' id='word_1_420' title='bbox 2353 2985 2417 3040; x_wconf 88' lang='lat' dir='ltr'><strong>Hi</strong></span> <span class='ocrx_word' id='word_1_421' title='bbox 2463 2986 2555 3056; x_wconf 89' lang='lat' dir='ltr'><strong>qui</strong></span> <span class='ocrx_word' id='word_1_422' title='bbox 2602 2985 2918 3055; x_wconf 89' lang='lat' dir='ltr'><strong>bujusmodi</strong></span> <span class='ocrx_word' id='word_1_423' title='bbox 2966 2995 3123 3052; x_wconf 88' lang='lat' dir='ltr'><strong>sunt,</strong></span> <span class='ocrx_word' id='word_1_424' title='bbox 3171 2986 3509 3041; x_wconf 78' lang='lat' dir='ltr'><strong>invalescent</strong></span> 
     </span>
    </p>
   </div>
   <div class='ocr_carea' id='block_1_32' title="bbox 243 3078 3500 3154">
    <p class='ocr_par' dir='ltr' id='par_1_32' title="bbox 243 3078 3500 3154">
     <span class='ocr_line' id='line_1_32' title="bbox 243 3078 3500 3154; baseline -0.003 -12"><span class='ocrx_word' id='word_1_425' title='bbox 243 3090 513 3144; x_wconf 82' lang='lat' dir='ltr'><strong>adversus</strong></span> <span class='ocrx_word' id='word_1_426' title='bbox 557 3102 749 3142; x_wconf 91' lang='lat' dir='ltr'><strong>omnes</strong></span> <span class='ocrx_word' id='word_1_427' title='bbox 794 3081 1094 3154; x_wconf 87' lang='lat' dir='ltr'><strong>nequitias,</strong></span> <span class='ocrx_word' id='word_1_428' title='bbox 1121 3089 1175 3135; x_wconf 89' lang='lat' dir='ltr'><strong>et</strong></span> <span class='ocrx_word' id='word_1_429' title='bbox 1213 3078 1612 3150; x_wconf 90' lang='lat' dir='ltr'><strong>permanebunt</strong></span> <span class='ocrx_word' id='word_1_430' title='bbox 1642 3079 1695 3131; x_wconf 91' lang='lat' dir='ltr'><strong>in</strong></span> <span class='ocrx_word' id='word_1_431' title='bbox 1728 3078 1894 3133; x_wconf 79' lang='lat' dir='ltr'><strong>vitam</strong></span> <span class='ocrx_word' id='word_1_432' title='bbox 1939 3088 2222 3134; x_wconf 83' lang='lat' dir='ltr'><strong>aeternam.</strong></span> <span class='ocrx_word' id='word_1_433' title='bbox 2254 3078 2464 3136; x_wconf 85' lang='lat' dir='ltr'><strong>Felices</strong></span> <span class='ocrx_word' id='word_1_434' title='bbox 2499 3095 2691 3137; x_wconf 88' lang='lat' dir='ltr'><strong>omnes</strong></span> <span class='ocrx_word' id='word_1_435' title='bbox 2733 3082 2825 3151; x_wconf 90' lang='lat' dir='ltr'><strong>qui</strong></span> <span class='ocrx_word' id='word_1_436' title='bbox 2857 3090 3154 3151; x_wconf 86' lang='lat' dir='ltr'><strong>operantur</strong></span> <span class='ocrx_word' id='word_1_437' title='bbox 3183 3080 3453 3149; x_wconf 85' lang='lat' dir='ltr'><strong>justitiam</strong></span> <span class='ocrx_word' id='word_1_438' title='bbox 3483 3099 3500 3133; x_wconf 85' lang='lat'><strong>:</strong></span> 
     </span>
    </p>
   </div>
   <div class='ocr_carea' id='block_1_33' title="bbox 243 3173 3494 3246">
    <p class='ocr_par' dir='ltr' id='par_1_33' title="bbox 243 3173 3494 3246">
     <span class='ocr_line' id='line_1_33' title="bbox 243 3173 3494 3246; baseline -0.003 -8"><span class='ocrx_word' id='word_1_439' title='bbox 243 3199 357 3239; x_wconf 90' lang='lat' dir='ltr'><strong>non</strong></span> <span class='ocrx_word' id='word_1_440' title='bbox 382 3182 739 3235; x_wconf 82' lang='lat' dir='ltr'><strong>absumentur</strong></span> <span class='ocrx_word' id='word_1_441' title='bbox 761 3192 935 3246; x_wconf 88' lang='lat' dir='ltr'><strong>usque</strong></span> <span class='ocrx_word' id='word_1_442' title='bbox 975 3180 1028 3231; x_wconf 91' lang='lat' dir='ltr'><strong>in</strong></span> <span class='ocrx_word' id='word_1_443' title='bbox 1054 3178 1218 3232; x_wconf 91' lang='lat' dir='ltr'><strong>vitam</strong></span> <span class='ocrx_word' id='word_1_444' title='bbox 1264 3191 1522 3231; x_wconf 63' lang='lat' dir='ltr'><strong>aeternam</strong></span> <span class='ocrx_word' id='word_1_445' title='bbox 1550 3174 1687 3245; x_wconf 85' lang='grc'><strong>(55).</strong></span> <span class='ocrx_word' id='word_1_446' title='bbox 1719 3173 1878 3230; x_wconf 89' lang='lat' dir='ltr'><strong>Dices</strong></span> <span class='ocrx_word' id='word_1_447' title='bbox 1903 3184 2084 3229; x_wconf 90' lang='lat' dir='ltr'><strong>autem</strong></span> <span class='ocrx_word' id='word_1_448' title='bbox 2118 3193 2128 3227; x_wconf 93' lang='lat'><strong>:</strong></span> <span class='ocrx_word' id='word_1_449' title='bbox 2160 3174 2296 3229; x_wconf 86' lang='lat' dir='ltr'><strong>Ecce</strong></span> <span class='ocrx_word' id='word_1_450' title='bbox 2328 3191 2523 3245; x_wconf 90' lang='lat' dir='ltr'><strong>magna</strong></span> <span class='ocrx_word' id='word_1_451' title='bbox 2549 3177 2826 3232; x_wconf 88' lang='lat' dir='ltr'><strong>tribulatio</strong></span> <span class='ocrx_word' id='word_1_452' title='bbox 2851 3178 3016 3231; x_wconf 88' lang='lat' dir='ltr'><strong>venit.</strong></span> <span class='ocrx_word' id='word_1_453' title='bbox 3049 3174 3106 3230; x_wconf 92' lang='lat' dir='ltr'><strong>Si</strong></span> <span class='ocrx_word' id='word_1_454' title='bbox 3133 3176 3228 3230; x_wconf 90' lang='lat' dir='ltr'><strong>tibi</strong></span> <span class='ocrx_word' id='word_1_455' title='bbox 3256 3176 3494 3240; x_wconf 88' lang='lat' dir='ltr'><strong>videtur,</strong></span> 
     </span>
    </p>
   </div>
   <div class='ocr_carea' id='block_1_34' title="bbox 245 3267 3503 3345">
    <p class='ocr_par' dir='ltr' id='par_1_34' title="bbox 245 3267 3503 3345">
     <span class='ocr_line' id='line_1_34' title="bbox 245 3267 3503 3345; baseline -0.003 -14"><span class='ocrx_word' id='word_1_456' title='bbox 245 3281 447 3331; x_wconf 89' lang='lat' dir='ltr'><strong>iterum</strong></span> <span class='ocrx_word' id='word_1_457' title='bbox 480 3289 636 3345; x_wconf 88' lang='lat' dir='ltr'><strong>nega.</strong></span> <span class='ocrx_word' id='word_1_458' title='bbox 668 3270 845 3342; x_wconf 86' lang='lat' dir='ltr'><strong>Prope</strong></span> <span class='ocrx_word' id='word_1_459' title='bbox 869 3280 955 3326; x_wconf 91' lang='lat' dir='ltr'><strong>est</strong></span> <span class='ocrx_word' id='word_1_460' title='bbox 986 3270 1254 3325; x_wconf 88' lang='lat' dir='ltr'><strong>Dominus</strong></span> <span class='ocrx_word' id='word_1_461' title='bbox 1276 3268 1722 3326; x_wconf 80' lang='lat' dir='ltr'><strong>eonvertentibus</strong></span> <span class='ocrx_word' id='word_1_462' title='bbox 1746 3309 1761 3335; x_wconf 88' lang='lat'><strong>,</strong></span> <span class='ocrx_word' id='word_1_463' title='bbox 1800 3269 1943 3324; x_wconf 91' lang='lat' dir='ltr'><strong>sicut</strong></span> <span class='ocrx_word' id='word_1_464' title='bbox 1968 3268 2235 3339; x_wconf 90' lang='lat' dir='ltr'><strong>scriptum</strong></span> <span class='ocrx_word' id='word_1_465' title='bbox 2262 3278 2347 3325; x_wconf 91' lang='lat' dir='ltr'><strong>est</strong></span> <span class='ocrx_word' id='word_1_466' title='bbox 2376 3270 2428 3324; x_wconf 92' lang='lat' dir='ltr'><strong>in</strong></span> <span class='ocrx_word' id='word_1_467' title='bbox 2454 3268 2680 3326; x_wconf 85' lang='lat' dir='ltr'><strong>lleldam</strong></span> <span class='ocrx_word' id='word_1_468' title='bbox 2706 3282 2759 3327; x_wconf 92' lang='lat' dir='ltr'><strong>et</strong></span> <span class='ocrx_word' id='word_1_469' title='bbox 2797 3269 2976 3323; x_wconf 80' lang='lat' dir='ltr'><strong>Modal</strong></span> <span class='ocrx_word' id='word_1_470' title='bbox 3008 3269 3143 3339; x_wconf 88' lang='grc'><strong>(54),</strong></span> <span class='ocrx_word' id='word_1_471' title='bbox 3180 3269 3274 3337; x_wconf 89' lang='lat' dir='ltr'><strong>qui</strong></span> <span class='ocrx_word' id='word_1_472' title='bbox 3308 3267 3503 3323; x_wconf 85' lang='lat' dir='ltr'><strong>vatici-</strong></span> 
     </span>
    </p>
   </div>
   <div class='ocr_carea' id='block_1_35' title="bbox 249 3365 1242 3438">
    <p class='ocr_par' dir='ltr' id='par_1_35' title="bbox 249 3365 1242 3438">
     <span class='ocr_line' id='line_1_35' title="bbox 249 3365 1242 3438; baseline -0.007 -10"><span class='ocrx_word' id='word_1_473' title='bbox 249 3374 367 3428; x_wconf 87' lang='lat' dir='ltr'><strong>nati</strong></span> <span class='ocrx_word' id='word_1_474' title='bbox 395 3372 599 3428; x_wconf 90' lang='lat' dir='ltr'><strong>suntin</strong></span> <span class='ocrx_word' id='word_1_475' title='bbox 624 3368 921 3424; x_wconf 87' lang='lat' dir='ltr'><strong>solitudine</strong></span> <span class='ocrx_word' id='word_1_476' title='bbox 951 3367 1151 3438; x_wconf 85' lang='lat' dir='ltr'><strong>pepulo</strong></span> <span class='ocrx_word' id='word_1_477' title='bbox 1173 3365 1242 3421; x_wconf 81' lang='lat'><strong>“.</strong></span> 
     </span>
    </p>
   </div>
   <div class='ocr_carea' id='block_1_36' title="bbox 1694 3459 2061 3518">
    <p class='ocr_par' dir='ltr' id='par_1_36' title="bbox 1694 3459 2061 3518">
     <span class='ocr_line' id='line_1_36' title="bbox 1694 3459 2061 3518; baseline 0.008 -3"><span class='ocrx_word' id='word_1_478' title='bbox 1694 3459 1928 3516; x_wconf 84' lang='lat' dir='ltr'><strong>CAPUT</strong></span> <span class='ocrx_word' id='word_1_479' title='bbox 1968 3461 2061 3518; x_wconf 85' lang='lat' dir='ltr'><strong>IV.</strong></span> 
     </span>
    </p>
   </div>
   <div class='ocr_carea' id='block_1_37' title="bbox 328 3556 3518 3631">
    <p class='ocr_par' dir='ltr' id='par_1_37' title="bbox 328 3556 3518 3631">
     <span class='ocr_line' id='line_1_37' title="bbox 328 3556 3518 3631; baseline -0.002 -14"><span class='ocrx_word' id='word_1_480' title='bbox 328 3562 646 3619; x_wconf 80' lang='lat' dir='ltr'><strong>Revelatum</strong></span> <span class='ocrx_word' id='word_1_481' title='bbox 672 3571 855 3615; x_wconf 90' lang='lat' dir='ltr'><strong>autem</strong></span> <span class='ocrx_word' id='word_1_482' title='bbox 880 3570 965 3616; x_wconf 92' lang='lat' dir='ltr'><strong>est</strong></span> <span class='ocrx_word' id='word_1_483' title='bbox 991 3560 1163 3627; x_wconf 89' lang='lat' dir='ltr'><strong>mihi,</strong></span> <span class='ocrx_word' id='word_1_484' title='bbox 1195 3559 1393 3616; x_wconf 81' lang='lat' dir='ltr'><strong>fratres</strong></span> <span class='ocrx_word' id='word_1_485' title='bbox 1413 3601 1428 3625; x_wconf 93' lang='lat'><strong>,</strong></span> <span class='ocrx_word' id='word_1_486' title='bbox 1458 3559 1751 3615; x_wconf 89' lang='lat' dir='ltr'><strong>dormienti</strong></span> <span class='ocrx_word' id='word_1_487' title='bbox 1790 3576 1819 3614; x_wconf 90' lang='lat' dir='ltr'><strong>a</strong></span> <span class='ocrx_word' id='word_1_488' title='bbox 1847 3560 2046 3630; x_wconf 91' lang='lat' dir='ltr'><strong>juvene</strong></span> <span class='ocrx_word' id='word_1_489' title='bbox 2094 3560 2378 3631; x_wconf 90' lang='lat' dir='ltr'><strong>specioso,</strong></span> <span class='ocrx_word' id='word_1_490' title='bbox 2409 3570 2463 3616; x_wconf 91' lang='lat' dir='ltr'><strong>et</strong></span> <span class='ocrx_word' id='word_1_491' title='bbox 2493 3562 2709 3618; x_wconf 88' lang='lat' dir='ltr'><strong>dicente</strong></span> <span class='ocrx_word' id='word_1_492' title='bbox 2746 3559 2880 3615; x_wconf 91' lang='lat' dir='ltr'><strong>mihi</strong></span> <span class='ocrx_word' id='word_1_493' title='bbox 2908 3577 2921 3613; x_wconf 76' lang='grc' dir='ltr'>ε</span> <span class='ocrx_word' id='word_1_494' title='bbox 2957 3558 3134 3612; x_wconf 81' lang='lat' dir='ltr'><strong>Anum</strong></span> <span class='ocrx_word' id='word_1_495' title='bbox 3167 3556 3312 3611; x_wconf 89' lang='lat' dir='ltr'><strong>illam</strong></span> <span class='ocrx_word' id='word_1_496' title='bbox 3340 3572 3369 3610; x_wconf 91' lang='lat' dir='ltr'><strong>a</strong></span> <span class='ocrx_word' id='word_1_497' title='bbox 3393 3570 3518 3626; x_wconf 39' lang='lat' dir='ltr'><strong>qua.</strong></span> 
     </span>
    </p>
   </div>
   <div class='ocr_carea' id='block_1_38' title="bbox 256 3650 3507 3734">
    <p class='ocr_par' dir='ltr' id='par_1_38' title="bbox 256 3650 3507 3734">
     <span class='ocr_line' id='line_1_38' title="bbox 256 3650 3507 3734; baseline -0.006 -16"><span class='ocrx_word' id='word_1_498' title='bbox 256 3660 517 3734; x_wconf 81' lang='lat' dir='ltr'><strong>accepisti</strong></span> <span class='ocrx_word' id='word_1_499' title='bbox 562 3659 805 3718; x_wconf 88' lang='lat' dir='ltr'><strong>libellum</strong></span> <span class='ocrx_word' id='word_1_500' title='bbox 824 3700 840 3727; x_wconf 94' lang='lat'><strong>,</strong></span> <span class='ocrx_word' id='word_1_501' title='bbox 867 3672 1029 3731; x_wconf 89' lang='lat' dir='ltr'><strong>quam</strong></span> <span class='ocrx_word' id='word_1_502' title='bbox 1066 3665 1226 3727; x_wconf 89' lang='lat' dir='ltr'><strong>putas</strong></span> <span class='ocrx_word' id='word_1_503' title='bbox 1256 3656 1413 3712; x_wconf 90' lang='lat' dir='ltr'><strong>esse?</strong></span> <span class='ocrx_word' id='word_1_504' title='bbox 1436 3653 1503 3710; x_wconf 86' lang='lat' dir='ltr'><strong>Et</strong></span> <span class='ocrx_word' id='word_1_505' title='bbox 1529 3668 1632 3725; x_wconf 85' lang='lat' dir='ltr'><strong>ego</strong></span> <span class='ocrx_word' id='word_1_506' title='bbox 1655 3653 1768 3709; x_wconf 81' lang='lat' dir='ltr'><strong>dixi</strong></span> <span class='ocrx_word' id='word_1_507' title='bbox 1798 3672 1811 3708; x_wconf 89' lang='lat'><strong>:</strong></span> <span class='ocrx_word' id='word_1_508' title='bbox 1845 3652 2107 3726; x_wconf 82' lang='lat' dir='ltr'><strong>Sibyllam</strong></span> <span class='ocrx_word' id='word_1_509' title='bbox 2137 3656 2274 3728; x_wconf 84' lang='grc'><strong>(55).</strong></span> <span class='ocrx_word' id='word_1_510' title='bbox 2300 3654 2468 3713; x_wconf 88' lang='lat' dir='ltr'><strong>Erras</strong></span> <span class='ocrx_word' id='word_1_511' title='bbox 2494 3696 2510 3725; x_wconf 89' lang='lat'><strong>,</strong></span> <span class='ocrx_word' id='word_1_512' title='bbox 2556 3656 2761 3726; x_wconf 89' lang='lat' dir='ltr'><strong>inquit,</strong></span> <span class='ocrx_word' id='word_1_513' title='bbox 2792 3670 2901 3710; x_wconf 91' lang='lat' dir='ltr'><strong>non</strong></span> <span class='ocrx_word' id='word_1_514' title='bbox 2933 3660 3035 3708; x_wconf 83' lang='lat' dir='ltr'><strong>est.</strong></span> <span class='ocrx_word' id='word_1_515' title='bbox 3063 3650 3196 3718; x_wconf 64' lang='lat' dir='ltr'><strong>Qua:</strong></span> <span class='ocrx_word' id='word_1_516' title='bbox 3227 3658 3311 3706; x_wconf 89' lang='lat' dir='ltr'><strong>est</strong></span> <span class='ocrx_word' id='word_1_517' title='bbox 3340 3665 3507 3720; x_wconf 74' lang='lat' dir='ltr'><strong>ergo,</strong></span> 
     </span>
    </p>
   </div>
   <div class='ocr_carea' id='block_1_39' title="bbox 329 3770 1465 3839">
    <p class='ocr_par' dir='ltr' id='par_1_39' title="bbox 329 3770 1465 3839">
     <span class='ocr_line' id='line_1_39' title="bbox 329 3770 1465 3839; baseline -0.005 -9"><span class='ocrx_word' id='word_1_518' title='bbox 329 3776 373 3809; x_wconf 79' lang='lat'><strong>“</strong></span> <span class='ocrx_word' id='word_1_519' title='bbox 390 3775 581 3831; x_wconf 83' lang='lat' dir='ltr'><strong>Matth.</strong></span> <span class='ocrx_word' id='word_1_520' title='bbox 609 3790 666 3839; x_wconf 75' lang='grc' dir='ltr'>ι,</span> <span class='ocrx_word' id='word_1_521' title='bbox 697 3773 787 3828; x_wconf 83' lang='grc'><strong>55.</strong></span> <span class='ocrx_word' id='word_1_522' title='bbox 860 3772 906 3803; x_wconf 79' lang='grc'>⁸⁸</span> <span class='ocrx_word' id='word_1_523' title='bbox 931 3770 1096 3827; x_wconf 83' lang='lat' dir='ltr'><strong>Num.</strong></span> <span class='ocrx_word' id='word_1_524' title='bbox 1130 3788 1208 3839; x_wconf 74' lang='grc' dir='ltr'><strong>χι,</strong></span> <span class='ocrx_word' id='word_1_525' title='bbox 1240 3771 1332 3839; x_wconf 76' lang='grc'><strong>26,</strong></span> <span class='ocrx_word' id='word_1_526' title='bbox 1374 3770 1465 3824; x_wconf 75' lang='lat'><strong>27.</strong></span> 
     </span>
    </p>
   </div>
   <div class='ocr_carea' id='block_1_40' title="bbox 1286 3881 2393 3945">
    <p class='ocr_par' dir='ltr' id='par_1_40' title="bbox 1286 3881 2393 3945">
     <span class='ocr_line' id='line_1_40' title="bbox 1286 3881 2393 3945; baseline -0.009 0"><span class='ocrx_word' id='word_1_527' title='bbox 1286 3940 1289 3945; x_wconf 42' lang='grc' dir='ltr'><strong><em>λ</em></strong></span> <span class='ocrx_word' id='word_1_528' title='bbox 1350 3885 1584 3943; x_wconf 69' lang='lat' dir='ltr'><strong>VARI/13</strong></span> <span class='ocrx_word' id='word_1_529' title='bbox 1620 3884 2002 3941; x_wconf 87' lang='lat' dir='ltr'><strong>LECTIONES</strong></span> <span class='ocrx_word' id='word_1_530' title='bbox 2032 3884 2122 3941; x_wconf 88' lang='lat' dir='ltr'><strong>ET</strong></span> <span class='ocrx_word' id='word_1_531' title='bbox 2162 3881 2393 3939; x_wconf 66' lang='lat' dir='ltr'><strong>NOTAE.</strong></span> 
     </span>
    </p>
   </div>
   <div class='ocr_carea' id='block_1_41' title="bbox 331 3977 3500 4058">
    <p class='ocr_par' dir='ltr' id='par_1_41' title="bbox 331 3977 3500 4058">
     <span class='ocr_line' id='line_1_41' title="bbox 331 3977 3500 4058; baseline -0.007 -15"><span class='ocrx_word' id='word_1_532' title='bbox 331 3988 443 4058; x_wconf 83' lang='lat'><strong>(55)</strong></span> <span class='ocrx_word' id='word_1_533' title='bbox 476 3985 567 4058; x_wconf 70' lang='lat' dir='ltr'><strong>Sic</strong></span> <span class='ocrx_word' id='word_1_534' title='bbox 589 3985 769 4040; x_wconf 87' lang='lat' dir='ltr'><strong>Fellus</strong></span> <span class='ocrx_word' id='word_1_535' title='bbox 791 4000 866 4058; x_wconf 83' lang='lat' dir='ltr'><strong>ex</strong></span> <span class='ocrx_word' id='word_1_536' title='bbox 891 4000 1025 4041; x_wconf 89' lang='lat' dir='ltr'><strong>mss.</strong></span> <span class='ocrx_word' id='word_1_537' title='bbox 1052 3983 1244 4042; x_wconf 89' lang='lat' dir='ltr'><strong>Lamb.</strong></span> <span class='ocrx_word' id='word_1_538' title='bbox 1274 3991 1329 4040; x_wconf 91' lang='lat' dir='ltr'><strong>et</strong></span> <span class='ocrx_word' id='word_1_539' title='bbox 1364 3981 1420 4037; x_wconf 92' lang='lat' dir='ltr'><strong>S.</strong></span> <span class='ocrx_word' id='word_1_540' title='bbox 1448 3982 1630 4037; x_wconf 88' lang='lat' dir='ltr'><strong>Germ.</strong></span> <span class='ocrx_word' id='word_1_541' title='bbox 1668 3980 1760 4035; x_wconf 90' lang='lat' dir='ltr'><strong>Sic</strong></span> <span class='ocrx_word' id='word_1_542' title='bbox 1784 3991 1837 4036; x_wconf 86' lang='lat' dir='ltr'><strong>et</strong></span> <span class='ocrx_word' id='word_1_543' title='bbox 1938 3980 2068 4034; x_wconf 81' lang='lat' dir='ltr'><strong>Noli</strong></span> <span class='ocrx_word' id='word_1_544' title='bbox 2104 3982 2283 4032; x_wconf 83' lang='lat' dir='ltr'><strong>timere</strong></span> <span class='ocrx_word' id='word_1_545' title='bbox 2304 4019 2319 4043; x_wconf 90' lang='lat'><strong>,</strong></span> <span class='ocrx_word' id='word_1_546' title='bbox 2346 3977 2616 4058; x_wconf 66' lang='lat' dir='ltr'><strong>Abraham</strong></span> <span class='ocrx_word' id='word_1_547' title='bbox 2642 3990 2662 4029; x_wconf 89' lang='lat'><strong><em>:</em></strong></span> <span class='ocrx_word' id='word_1_548' title='bbox 2688 3992 2781 4058; x_wconf 70' lang='lat' dir='ltr'><strong>ego</strong></span> <span class='ocrx_word' id='word_1_549' title='bbox 2812 3978 3500 4058; x_wconf 3' lang='lat' dir='ltr'><strong>protector(tutissimae!</strong></span> 
     </span>
    </p>
   </div>
   <div class='ocr_carea' id='block_1_42' title="bbox 255 4037 3504 4124">
    <p class='ocr_par' dir='ltr' id='par_1_42' title="bbox 255 4037 3504 4124">
     <span class='ocr_line' id='line_1_42' title="bbox 255 4037 3504 4124; baseline -0.006 -12"><span class='ocrx_word' id='word_1_550' title='bbox 255 4037 442 4114; x_wconf 57' lang='lat' dir='ltr'><strong>eui-iii</strong></span> <span class='ocrx_word' id='word_1_551' title='bbox 476 4037 1024 4124; x_wconf 62' lang='grc' dir='ltr'><strong>Εδ’ίιῖ,’ῥῖιὶάέιέιέξῖ”</strong></span> <span class='ocrx_word' id='word_1_552' title='bbox 1057 4037 1060 4038; x_wconf 13' lang='grc' dir='ltr'><em>ν</em></span> <span class='ocrx_word' id='word_1_553' title='bbox 1284 4037 1323 4040; x_wconf 35' lang='grc' dir='ltr'><strong>Γ</strong></span> <span class='ocrx_word' id='word_1_554' title='bbox 1834 4111 1838 4115; x_wconf 94' lang='lat'>_</span> <span class='ocrx_word' id='word_1_555' title='bbox 1933 4066 2126 4124; x_wconf 59' lang='lat' dir='ltr'><strong>merces</strong></span> <span class='ocrx_word' id='word_1_556' title='bbox 2154 4060 2244 4124; x_wconf 4' lang='lat' dir='ltr'><strong>{qua</strong></span> <span class='ocrx_word' id='word_1_557' title='bbox 2274 4037 2463 4124; x_wconf 70' lang='lat' dir='ltr'><strong>magna</strong></span> <span class='ocrx_word' id='word_1_558' title='bbox 2489 4048 2679 4124; x_wconf 55' lang='lat' dir='ltr'><strong>nimis;</strong></span> <span class='ocrx_word' id='word_1_559' title='bbox 2706 4037 2821 4124; x_wconf 49' lang='lat' dir='ltr'><strong>t&#39;urn&#39;</strong></span> <span class='ocrx_word' id='word_1_560' title='bbox 2842 4043 2972 4097; x_wconf 90' lang='lat' dir='ltr'><strong>illud</strong></span> <span class='ocrx_word' id='word_1_561' title='bbox 3004 4043 3054 4094; x_wconf 89' lang='lat' dir='ltr'><strong>in</strong></span> <span class='ocrx_word' id='word_1_562' title='bbox 3087 4039 3275 4109; x_wconf 84' lang='lat' dir='ltr'><strong>primis</strong></span> <span class='ocrx_word' id='word_1_563' title='bbox 3303 4037 3504 4124; x_wconf 56' lang='lat' dir='ltr'><strong>Ephes.</strong></span> 
     </span>
    </p>
   </div>
   <div class='ocr_carea' id='block_1_43' title="bbox 330 4110 3504 4197">
    <p class='ocr_par' dir='ltr' id='par_1_43' title="bbox 330 4110 3504 4197">
     <span class='ocr_line' id='line_1_43' title="bbox 330 4110 3504 4197; baseline -0.007 -15"><span class='ocrx_word' id='word_1_564' title='bbox 474 4110 675 4182; x_wconf 12' lang='lat' dir='ltr'><strong>Ms.VS,.&#39;</strong></span> <span class='ocrx_word' id='word_1_565' title='bbox 696 4126 878 4197; x_wconf 82' lang='lat' dir='ltr'><strong>Germ.</strong></span> <span class='ocrx_word' id='word_1_566' title='bbox 908 4138 1117 4193; x_wconf 67' lang='lat' dir='ltr'><strong>peccata</strong></span> <span class='ocrx_word' id='word_1_567' title='bbox 1140 4125 1386 4197; x_wconf 60' lang='lat' dir='ltr'><strong>peccatis.</strong></span> <span class='ocrx_word' id='word_1_568' title='bbox 1604 4194 1612 4197; x_wconf 23' lang='grc' dir='ltr'><strong>Α</strong></span> <span class='ocrx_word' id='word_1_569' title='bbox 1834 4111 1838 4115; x_wconf 52' lang='grc'><em>’</em></span> <span class='ocrx_word' id='word_1_570' title='bbox 1934 4136 1994 4184; x_wconf 85' lang='lat' dir='ltr'><strong>II,</strong></span> <span class='ocrx_word' id='word_1_571' title='bbox 2025 4120 2123 4197; x_wconf 28' lang='grc' dir='ltr'><strong>λίπει</strong></span> <span class='ocrx_word' id='word_1_572' title='bbox 2142 4110 2601 4197; x_wconf 28' lang='lat' dir='ltr'><strong>Propter&#39;nimiam</strong></span> <span class='ocrx_word' id='word_1_573' title='bbox 2626 4116 2940 4169; x_wconf 81' lang='lat' dir='ltr'><strong>charitalem</strong></span> <span class='ocrx_word' id='word_1_574' title='bbox 2969 4128 3121 4165; x_wconf 61' lang='lat' dir='ltr'><strong>etiam</strong></span> <span class='ocrx_word' id='word_1_575' title='bbox 3140 4148 3155 4174; x_wconf 94' lang='lat'><strong>,</strong></span> <span class='ocrx_word' id='word_1_576' title='bbox 3184 4126 3288 4180; x_wconf 88' lang='lat' dir='ltr'><strong>qua</strong></span> <span class='ocrx_word' id='word_1_577' title='bbox 3318 4110 3504 4162; x_wconf 72' lang='lat' dir='ltr'><strong>dilexit</strong></span> 
     </span>
    </p>
   </div>
   <div class='ocr_carea' id='block_1_44' title="bbox 332 4188 1833 4265">
    <p class='ocr_par' dir='ltr' id='par_1_44' title="bbox 332 4188 1822 4265">
     <span class='ocr_line' id='line_1_44' title="bbox 332 4188 1822 4265; baseline -0.005 -12"><span class='ocrx_word' id='word_1_578' title='bbox 332 4188 445 4265; x_wconf 80' lang='grc'><strong>(55)</strong></span> <span class='ocrx_word' id='word_1_579' title='bbox 490 4198 697 4254; x_wconf 86' lang='lat' dir='ltr'><strong>Videsis</strong></span> <span class='ocrx_word' id='word_1_580' title='bbox 720 4197 773 4251; x_wconf 96' lang='lat' dir='ltr'><strong>h.</strong></span> <span class='ocrx_word' id='word_1_581' title='bbox 801 4188 1286 4251; x_wconf 67' lang='lat' dir='ltr'><strong>I.cl.CoteIerium.</strong></span> <span class='ocrx_word' id='word_1_582' title='bbox 1312 4195 1444 4249; x_wconf 91' lang='lat' dir='ltr'><strong>llinc</strong></span> <span class='ocrx_word' id='word_1_583' title='bbox 1469 4194 1822 4248; x_wconf 77' lang='grc' dir='ltr'><strong>συνείσακτοι.</strong></span> 
     </span>
    </p>
   </div>
   <div class='ocr_carea' id='block_1_45' title="bbox 1940 4188 2273 4265">
    <p class='ocr_par' dir='ltr' id='par_1_45' title="bbox 1940 4188 2273 4265">
     <span class='ocr_line' id='line_1_45' title="bbox 1940 4188 2273 4265; baseline -0.006 -22"><span class='ocrx_word' id='word_1_584' title='bbox 1940 4207 2025 4243; x_wconf 77' lang='lat' dir='ltr'><strong>nos</strong></span> <span class='ocrx_word' id='word_1_585' title='bbox 2041 4188 2273 4265; x_wconf 82' lang='lat' dir='ltr'><strong>_(_l_)e_u_s).</strong></span> 
     </span>
    </p>
   </div>
   <div class='ocr_carea' id='block_1_46' title="bbox 259 4248 3505 4337">
    <p class='ocr_par' dir='ltr' id='par_1_46' title="bbox 259 4248 3505 4337">
     <span class='ocr_line' id='line_1_46' title="bbox 259 4248 3505 4337; baseline -0.007 -15"><span class='ocrx_word' id='word_1_586' title='bbox 259 4248 779 4325; x_wconf 57' lang='lat' dir='ltr'><strong>nié&#39;c&#39;énsdia&#39;ihdi</strong></span> <span class='ocrx_word' id='word_1_587' title='bbox 810 4248 1243 4337; x_wconf 15' lang='lat' dir='ltr'><strong>inifravreperies,</strong></span> <span class='ocrx_word' id='word_1_588' title='bbox 1259 4248 1379 4337; x_wconf 81' lang='lat' dir='ltr'><strong>cap.</strong></span> <span class='ocrx_word' id='word_1_589' title='bbox 1400 4248 1520 4335; x_wconf 80' lang='lat' dir='ltr'><strong>seq.</strong></span> <span class='ocrx_word' id='word_1_590' title='bbox 1546 4275 1597 4320; x_wconf 89' lang='lat' dir='ltr'><strong>et</strong></span> <span class='ocrx_word' id='word_1_591' title='bbox 1623 4265 1715 4319; x_wconf 89' lang='lat' dir='ltr'><strong>lib.</strong></span> <span class='ocrx_word' id='word_1_592' title='bbox 1744 4280 1826 4327; x_wconf 90' lang='grc' dir='ltr'>ιιι,</span> <span class='ocrx_word' id='word_1_593' title='bbox 1959 4329 1971 4337; x_wconf 92' lang='lat'>_</span> <span class='ocrx_word' id='word_1_594' title='bbox 2008 4248 2119 4327; x_wconf 69' lang='grc'><strong>(40)</strong></span> <span class='ocrx_word' id='word_1_595' title='bbox 2161 4248 2260 4314; x_wconf 75' lang='lat' dir='ltr'><strong>ills.</strong></span> <span class='ocrx_word' id='word_1_596' title='bbox 2291 4258 2474 4337; x_wconf 62' lang='grc' dir='ltr'>(ξω-ιιι.</span> <span class='ocrx_word' id='word_1_597' title='bbox 2505 4253 2991 4337; x_wconf 36' lang='lat' dir='ltr'><strong>malm-umLSicet</strong></span> <span class='ocrx_word' id='word_1_598' title='bbox 3023 4248 3467 4337; x_wconf 31' lang='lat' dir='ltr'><strong>Fellusllnneam</strong></span> <span class='ocrx_word' id='word_1_599' title='bbox 3487 4274 3505 4287; x_wconf 78' lang='grc' dir='ltr'><strong><em>ο</em></strong></span> 
     </span>
    </p>
   </div>
   <div class='ocr_carea' id='block_1_47' title="bbox 262 4317 3509 4408">
    <p class='ocr_par' dir='ltr' id='par_1_47' title="bbox 262 4317 3509 4408">
     <span class='ocr_line' id='line_1_47' title="bbox 262 4317 3509 4408; baseline -0.007 -13"><span class='ocrx_word' id='word_1_600' title='bbox 262 4317 790 4408; x_wconf 59' lang='grc' dir='ltr'><strong>ὲῖἰῦιῑῖἷῇξέεἶρῖῖῐ.</strong></span> <span class='ocrx_word' id='word_1_601' title='bbox 982 4317 1236 4337; x_wconf 41' lang='lat' dir='ltr'><strong>&quot;rw&quot;,</strong></span> <span class='ocrx_word' id='word_1_602' title='bbox 1267 4317 1377 4337; x_wconf 45' lang='grc' dir='ltr'><strong>’Τ</strong></span> <span class='ocrx_word' id='word_1_603' title='bbox 1405 4317 1518 4335; x_wconf 29' lang='grc' dir='ltr'><strong>’-Τ</strong></span> <span class='ocrx_word' id='word_1_604' title='bbox 1554 4317 1594 4320; x_wconf 30' lang='lat' dir='ltr'>ﬁ</span> <span class='ocrx_word' id='word_1_605' title='bbox 1627 4317 1633 4318; x_wconf 18' lang='grc' dir='ltr'>ί</span> <span class='ocrx_word' id='word_1_606' title='bbox 1668 4317 1711 4319; x_wconf 14' lang='grc' dir='ltr'>ἡ</span> <span class='ocrx_word' id='word_1_607' title='bbox 1813 4317 1825 4327; x_wconf 79' lang='grc'><strong>’</strong></span> <span class='ocrx_word' id='word_1_608' title='bbox 1940 4317 2061 4383; x_wconf 86' lang='lat' dir='ltr'><strong>dein</strong></span> <span class='ocrx_word' id='word_1_609' title='bbox 2091 4317 2453 4408; x_wconf 56' lang='lat' dir='ltr'><strong>_:&#39;scntentiam,</strong></span> <span class='ocrx_word' id='word_1_610' title='bbox 2484 4337 2737 4408; x_wconf 59' lang='lat' dir='ltr'><strong>monente</strong></span> <span class='ocrx_word' id='word_1_611' title='bbox 2778 4324 3291 4408; x_wconf 43' lang='lat' dir='ltr'><strong>Fabriciol,auctor</strong></span> <span class='ocrx_word' id='word_1_612' title='bbox 3322 4317 3509 4408; x_wconf 51' lang='lat' dir='ltr'><strong>Teate.-</strong></span> 
     </span>
    </p>
   </div>
   <div class='ocr_carea' id='block_1_48' title="bbox 334 4391 3505 4477">
    <p class='ocr_par' dir='ltr' id='par_1_48' title="bbox 334 4391 3505 4477">
     <span class='ocr_line' id='line_1_48' title="bbox 334 4391 3505 4477; baseline -0.008 -15"><span class='ocrx_word' id='word_1_613' title='bbox 698 4391 871 4462; x_wconf 76' lang='lat' dir='ltr'><strong>eliam.</strong></span> <span class='ocrx_word' id='word_1_614' title='bbox 1032 4476 1041 4477; x_wconf 16' lang='grc' dir='ltr'>ί</span> <span class='ocrx_word' id='word_1_615' title='bbox 1943 4404 2224 4477; x_wconf 41' lang='grc' dir='ltr'>ιιιειιιιλκιι</span> <span class='ocrx_word' id='word_1_616' title='bbox 2273 4400 2577 4477; x_wconf 44' lang='lat' dir='ltr'><strong>gemere/i1</strong></span> <span class='ocrx_word' id='word_1_617' title='bbox 2603 4396 2668 4477; x_wconf 55' lang='lat' dir='ltr'><strong>iur</strong></span> <span class='ocrx_word' id='word_1_618' title='bbox 2687 4396 2911 4477; x_wconf 51' lang='lat' dir='ltr'><strong>Testem.</strong></span> <span class='ocrx_word' id='word_1_619' title='bbox 2953 4391 3211 4477; x_wconf 49' lang='lat' dir='ltr'><strong>Zab‘ulon,</strong></span> <span class='ocrx_word' id='word_1_620' title='bbox 3239 4399 3371 4477; x_wconf 69' lang='lat' dir='ltr'><strong>sect.</strong></span> <span class='ocrx_word' id='word_1_621' title='bbox 3403 4403 3505 4466; x_wconf 60' lang='lat' dir='ltr'><strong>\‘ll!</strong></span> 
     </span>
    </p>
   </div>
   <div class='ocr_carea' id='block_1_49' title="bbox 331 4459 1833 4549">
    <p class='ocr_par' dir='ltr' id='par_1_49' title="bbox 331 4459 1344 4549">
     <span class='ocr_line' id='line_1_49' title="bbox 331 4459 1344 4549; baseline 0 -17"><span class='ocrx_word' id='word_1_622' title='bbox 331 4459 446 4549; x_wconf 64' lang='lat' dir='ltr'><strong>(5i)</strong></span> <span class='ocrx_word' id='word_1_623' title='bbox 474 4459 910 4549; x_wconf 62' lang='lat' dir='ltr'><strong>Mss.Germ.</strong></span> <span class='ocrx_word' id='word_1_624' title='bbox 936 4487 989 4532; x_wconf 90' lang='lat' dir='ltr'><strong>et</strong></span> <span class='ocrx_word' id='word_1_625' title='bbox 1013 4476 1196 4533; x_wconf 85' lang='lat' dir='ltr'><strong>Carm.</strong></span> <span class='ocrx_word' id='word_1_626' title='bbox 1235 4477 1344 4532; x_wconf 73' lang='lat' dir='ltr'><strong>sed.</strong></span> 
     </span>
    </p>
   </div>
   <div class='ocr_carea' id='block_1_50' title="bbox 1940 4459 3505 4549">
    <p class='ocr_par' dir='ltr' id='par_1_50' title="bbox 1940 4459 3505 4549">
     <span class='ocr_line' id='line_1_50' title="bbox 1940 4459 3505 4549; baseline -0.011 -24"><span class='ocrx_word' id='word_1_627' title='bbox 1940 4484 2054 4549; x_wconf 57' lang='lat' dir='ltr'><strong>gap:</strong></span> <span class='ocrx_word' id='word_1_628' title='bbox 2105 4468 2159 4547; x_wconf 78' lang='lat'><strong>8_</strong></span> <span class='ocrx_word' id='word_1_629' title='bbox 2202 4459 2363 4549; x_wconf 58' lang='lat' dir='ltr'><strong>:_M&#39;h</strong></span> <span class='ocrx_word' id='word_1_630' title='bbox 2422 4465 2729 4549; x_wconf 49' lang='grc' dir='ltr'><strong>λογίζεσθε.</strong></span> <span class='ocrx_word' id='word_1_631' title='bbox 2756 4464 2981 4546; x_wconf 47' lang='lat' dir='ltr'><strong>Ismaro;</strong></span> <span class='ocrx_word' id='word_1_632' title='bbox 3024 4462 3120 4533; x_wconf 77' lang='grc' dir='ltr'><strong>τὴν</strong></span> <span class='ocrx_word' id='word_1_633' title='bbox 3167 4459 3360 4539; x_wconf 60' lang='grc' dir='ltr'>ιξακίαν</span> <span class='ocrx_word' id='word_1_634' title='bbox 3408 4459 3505 4549; x_wconf 44' lang='lat'><strong>710:6</strong></span> 
     </span>
    </p>
   </div>
   <div class='ocr_carea' id='block_1_51' title="bbox 335 4527 1833 4617">
    <p class='ocr_par' dir='ltr' id='par_1_51' title="bbox 335 4527 1783 4617">
     <span class='ocr_line' id='line_1_51' title="bbox 335 4527 1783 4617; baseline -0.012 -12"><span class='ocrx_word' id='word_1_635' title='bbox 335 4527 448 4617; x_wconf 63' lang='grc' dir='ltr'><strong>(ἓ)ὲᾶ</strong></span> <span class='ocrx_word' id='word_1_636' title='bbox 474 4527 928 4602; x_wconf 62' lang='grc' dir='ltr'><strong>’[εἶῖιὶιῖἰιῖιόὲόὲί.</strong></span> <span class='ocrx_word' id='word_1_637' title='bbox 943 4527 988 4532; x_wconf 58' lang='grc'><strong>⁷⁷</strong></span> <span class='ocrx_word' id='word_1_638' title='bbox 1023 4527 1107 4532; x_wconf 42' lang='grc' dir='ltr'>Μ</span> <span class='ocrx_word' id='word_1_639' title='bbox 1764 4570 1783 4585; x_wconf 81' lang='grc'><strong>.</strong></span> 
     </span>
    </p>
   </div>
   <div class='ocr_carea' id='block_1_52' title="bbox 1940 4527 3509 4617">
    <p class='ocr_par' dir='ltr' id='par_1_52' title="bbox 1940 4527 3509 4607">
     <span class='ocr_line' id='line_1_52' title="bbox 1940 4527 3509 4607; baseline -0.006 -18"><span class='ocrx_word' id='word_1_640' title='bbox 1940 4527 2161 4607; x_wconf 52' lang='lat' dir='ltr'><strong>animos</strong></span> <span class='ocrx_word' id='word_1_641' title='bbox 2195 4527 2363 4607; x_wconf 58' lang='lat' dir='ltr'><strong>aia-.03</strong></span> <span class='ocrx_word' id='word_1_642' title='bbox 2409 4527 2943 4589; x_wconf 49' lang='lat' dir='ltr'><strong>Ne&#39;imi&#39;mmlieruuis</strong></span> <span class='ocrx_word' id='word_1_643' title='bbox 2977 4527 3328 4599; x_wconf 65' lang='lat' dir='ltr'><strong>muisquisqne</strong></span> <span class='ocrx_word' id='word_1_644' title='bbox 3350 4527 3509 4580; x_wconf 68' lang='lat' dir='ltr'><strong>mali-r</strong></span> 
     </span>
    </p>
   </div>
   <div class='ocr_carea' id='block_1_53' title="bbox 337 4618 1443 4688">
    <p class='ocr_par' dir='ltr' id='par_1_53' title="bbox 337 4618 1443 4688">
     <span class='ocr_line' id='line_1_53' title="bbox 337 4618 1443 4688; baseline 0.002 -16"><span class='ocrx_word' id='word_1_645' title='bbox 337 4620 449 4688; x_wconf 84' lang='grc'><strong>(59)</strong></span> <span class='ocrx_word' id='word_1_646' title='bbox 479 4619 582 4675; x_wconf 84' lang='lat' dir='ltr'><strong>Ms.</strong></span> <span class='ocrx_word' id='word_1_647' title='bbox 618 4618 675 4674; x_wconf 88' lang='lat' dir='ltr'><strong>S.</strong></span> <span class='ocrx_word' id='word_1_648' title='bbox 709 4618 842 4673; x_wconf 82' lang='lat' dir='ltr'><strong>Vict.</strong></span> <span class='ocrx_word' id='word_1_649' title='bbox 873 4618 1282 4672; x_wconf 82' lang='lat' dir='ltr'><strong>Enulieulur....</strong></span> <span class='ocrx_word' id='word_1_650' title='bbox 1316 4619 1443 4674; x_wconf 74' lang='lat' dir='ltr'><strong>illis.</strong></span> 
     </span>
    </p>
   </div>
   <div class='ocr_carea' id='block_1_54' title="bbox 338 4688 1829 4759">
    <p class='ocr_par' dir='ltr' id='par_1_54' title="bbox 338 4688 1829 4759">
     <span class='ocr_line' id='line_1_54' title="bbox 338 4688 1829 4759; baseline -0.001 -16"><span class='ocrx_word' id='word_1_651' title='bbox 338 4690 452 4753; x_wconf 85' lang='grc'><strong>(40)</strong></span> <span class='ocrx_word' id='word_1_652' title='bbox 487 4689 577 4743; x_wconf 91' lang='lat' dir='ltr'><strong>Sic</strong></span> <span class='ocrx_word' id='word_1_653' title='bbox 620 4706 752 4744; x_wconf 92' lang='lat' dir='ltr'><strong>mss.</strong></span> <span class='ocrx_word' id='word_1_654' title='bbox 779 4690 937 4759; x_wconf 82' lang='lat' dir='ltr'><strong>Angl.</strong></span> <span class='ocrx_word' id='word_1_655' title='bbox 971 4688 1118 4743; x_wconf 82' lang='lat' dir='ltr'><strong>Fello</strong></span> <span class='ocrx_word' id='word_1_656' title='bbox 1156 4698 1337 4742; x_wconf 89' lang='lat' dir='ltr'><strong>tamen</strong></span> <span class='ocrx_word' id='word_1_657' title='bbox 1380 4689 1553 4755; x_wconf 81' lang='lat' dir='ltr'><strong>magis</strong></span> <span class='ocrx_word' id='word_1_658' title='bbox 1590 4688 1829 4755; x_wconf 77' lang='lat' dir='ltr'><strong>placuit,</strong></span> 
     </span>
    </p>
   </div>
   <div class='ocr_carea' id='block_1_55' title="bbox 267 4759 1757 4829">
    <p class='ocr_par' dir='ltr' id='par_1_55' title="bbox 267 4759 1757 4829">
     <span class='ocr_line' id='line_1_55' title="bbox 267 4759 1757 4829; baseline 0.001 -16"><span class='ocrx_word' id='word_1_659' title='bbox 267 4761 365 4814; x_wconf 76' lang='lat' dir='ltr'><strong>illi.</strong></span> <span class='ocrx_word' id='word_1_660' title='bbox 406 4760 527 4813; x_wconf 83' lang='lat' dir='ltr'><strong>Mox</strong></span> <span class='ocrx_word' id='word_1_661' title='bbox 561 4775 661 4815; x_wconf 90' lang='lat' dir='ltr'><strong>ms.</strong></span> <span class='ocrx_word' id='word_1_662' title='bbox 696 4760 752 4814; x_wconf 89' lang='lat' dir='ltr'><strong>S.</strong></span> <span class='ocrx_word' id='word_1_663' title='bbox 786 4759 967 4814; x_wconf 88' lang='lat' dir='ltr'><strong>Germ.</strong></span> <span class='ocrx_word' id='word_1_664' title='bbox 994 4770 1049 4813; x_wconf 87' lang='lat' dir='ltr'><strong>ut</strong></span> <span class='ocrx_word' id='word_1_665' title='bbox 1087 4759 1390 4825; x_wconf 80' lang='lat' dir='ltr'><strong>reveleiuur,</strong></span> <span class='ocrx_word' id='word_1_666' title='bbox 1422 4761 1624 4829; x_wconf 85' lang='lat' dir='ltr'><strong>absque</strong></span> <span class='ocrx_word' id='word_1_667' title='bbox 1646 4763 1757 4814; x_wconf 77' lang='lat' dir='ltr'><strong>tibi.</strong></span> 
     </span>
    </p>
   </div>
   <div class='ocr_carea' id='block_1_56' title="bbox 339 4831 805 4901">
    <p class='ocr_par' dir='ltr' id='par_1_56' title="bbox 339 4831 805 4901">
     <span class='ocr_line' id='line_1_56' title="bbox 339 4831 805 4901; baseline -0.002 -17"><span class='ocrx_word' id='word_1_668' title='bbox 339 4832 450 4901; x_wconf 79' lang='grc'><strong>(41)</strong></span> <span class='ocrx_word' id='word_1_669' title='bbox 479 4831 666 4901; x_wconf 77' lang='lat' dir='ltr'><strong>Lamb.</strong></span> <span class='ocrx_word' id='word_1_670' title='bbox 697 4833 805 4901; x_wconf 74' lang='lat' dir='ltr'><strong>qui.</strong></span> 
     </span>
    </p>
   </div>
   <div class='ocr_carea' id='block_1_57' title="bbox 339 4899 1047 4970">
    <p class='ocr_par' dir='ltr' id='par_1_57' title="bbox 339 4899 1047 4970">
     <span class='ocr_line' id='line_1_57' title="bbox 339 4899 1047 4970; baseline 0.001 -16"><span class='ocrx_word' id='word_1_671' title='bbox 339 4899 452 4970; x_wconf 77' lang='grc'><strong>(42)</strong></span> <span class='ocrx_word' id='word_1_672' title='bbox 483 4900 586 4956; x_wconf 86' lang='lat' dir='ltr'><strong>Ms.</strong></span> <span class='ocrx_word' id='word_1_673' title='bbox 614 4899 681 4970; x_wconf 83' lang='lat' dir='ltr'><strong>S.</strong></span> <span class='ocrx_word' id='word_1_674' title='bbox 708 4899 848 4954; x_wconf 86' lang='lat' dir='ltr'><strong>Vict.</strong></span> <span class='ocrx_word' id='word_1_675' title='bbox 878 4899 1047 4970; x_wconf 59' lang='lat' dir='ltr'><strong>illam.</strong></span> 
     </span>
    </p>
   </div>
   <div class='ocr_carea' id='block_1_58' title="bbox 340 4969 1249 5040">
    <p class='ocr_par' dir='ltr' id='par_1_58' title="bbox 340 4969 1249 5040">
     <span class='ocr_line' id='line_1_58' title="bbox 340 4969 1249 5040; baseline 0 -15"><span class='ocrx_word' id='word_1_676' title='bbox 340 4969 452 5040; x_wconf 91' lang='grc'><strong>(45)</strong></span> <span class='ocrx_word' id='word_1_677' title='bbox 482 4970 611 5026; x_wconf 88' lang='lat' dir='ltr'><strong>Mss.</strong></span> <span class='ocrx_word' id='word_1_678' title='bbox 648 4969 783 5025; x_wconf 83' lang='lat' dir='ltr'><strong>Vict.</strong></span> <span class='ocrx_word' id='word_1_679' title='bbox 806 4980 867 5040; x_wconf 74' lang='lat' dir='ltr'><strong>et</strong></span> <span class='ocrx_word' id='word_1_680' title='bbox 887 4969 1071 5024; x_wconf 88' lang='lat' dir='ltr'><strong>Germ.</strong></span> <span class='ocrx_word' id='word_1_681' title='bbox 1098 4970 1216 5040; x_wconf 75' lang='lat' dir='ltr'><strong>ﬁat.</strong></span> <span class='ocrx_word' id='word_1_682' title='bbox 1244 4983 1249 4988; x_wconf 85' lang='lat'>&#39;</span> 
     </span>
    </p>
   </div>
   <div class='ocr_carea' id='block_1_59' title="bbox 342 5036 1837 5111">
    <p class='ocr_par' dir='ltr' id='par_1_59' title="bbox 342 5036 1837 5111">
     <span class='ocr_line' id='line_1_59' title="bbox 342 5036 1837 5111; baseline -0.001 -16"><span class='ocrx_word' id='word_1_683' title='bbox 342 5036 453 5111; x_wconf 86' lang='grc'><strong>(44)</strong></span> <span class='ocrx_word' id='word_1_684' title='bbox 489 5040 666 5095; x_wconf 82' lang='lat' dir='ltr'><strong>Fellus</strong></span> <span class='ocrx_word' id='word_1_685' title='bbox 696 5057 757 5095; x_wconf 83' lang='lat' dir='ltr'><strong>ex</strong></span> <span class='ocrx_word' id='word_1_686' title='bbox 804 5038 953 5094; x_wconf 88' lang='lat' dir='ltr'><strong>Bodl.</strong></span> <span class='ocrx_word' id='word_1_687' title='bbox 1004 5050 1077 5111; x_wconf 84' lang='lat' dir='ltr'><strong>et_</strong></span> <span class='ocrx_word' id='word_1_688' title='bbox 1098 5036 1293 5094; x_wconf 88' lang='lat' dir='ltr'><strong>Lamb.</strong></span> <span class='ocrx_word' id='word_1_689' title='bbox 1342 5038 1421 5093; x_wconf 88' lang='lat' dir='ltr'><strong>sic</strong></span> <span class='ocrx_word' id='word_1_690' title='bbox 1466 5038 1541 5111; x_wconf 5' lang='lat' dir='ltr'><strong>in,</strong></span> <span class='ocrx_word' id='word_1_691' title='bbox 1568 5054 1665 5093; x_wconf 89' lang='lat' dir='ltr'><strong>sua</strong></span> <span class='ocrx_word' id='word_1_692' title='bbox 1701 5036 1837 5111; x_wconf 54' lang='lat' dir='ltr'><strong>edit.“</strong></span> 
     </span>
    </p>
   </div>
   <div class='ocr_carea' id='block_1_60' title="bbox 268 5108 1833 5178">
    <p class='ocr_par' dir='ltr' id='par_1_60' title="bbox 268 5108 1833 5178">
     <span class='ocr_line' id='line_1_60' title="bbox 268 5108 1833 5178; baseline -0.003 -12"><span class='ocrx_word' id='word_1_693' title='bbox 268 5108 448 5166; x_wconf 74' lang='lat' dir='ltr'><strong>Oxnn.</strong></span> <span class='ocrx_word' id='word_1_694' title='bbox 500 5111 602 5176; x_wconf 81' lang='lat' dir='ltr'><strong>Qui</strong></span> <span class='ocrx_word' id='word_1_695' title='bbox 645 5113 968 5178; x_wconf 82' lang='lat' dir='ltr'><strong>denegaverit</strong></span> <span class='ocrx_word' id='word_1_696' title='bbox 1032 5108 1230 5163; x_wconf 82' lang='lat' dir='ltr'><strong>Filium</strong></span> <span class='ocrx_word' id='word_1_697' title='bbox 1280 5118 1328 5162; x_wconf 88' lang='lat' dir='ltr'><strong>et</strong></span> <span class='ocrx_word' id='word_1_698' title='bbox 1375 5122 1465 5171; x_wconf 76' lang='lat' dir='ltr'><strong>se,</strong></span> <span class='ocrx_word' id='word_1_699' title='bbox 1511 5109 1833 5178; x_wconf 74' lang='lat' dir='ltr'><strong>despondeus</strong></span> 
     </span>
    </p>
   </div>
   <div class='ocr_carea' id='block_1_61' title="bbox 269 5177 1836 5249">
    <p class='ocr_par' dir='ltr' id='par_1_61' title="bbox 269 5177 1836 5249">
     <span class='ocr_line' id='line_1_61' title="bbox 269 5177 1836 5249; baseline -0.003 -12"><span class='ocrx_word' id='word_1_700' title='bbox 269 5187 428 5237; x_wconf 73' lang='lat' dir='ltr'><strong>vitam</strong></span> <span class='ocrx_word' id='word_1_701' title='bbox 466 5182 646 5244; x_wconf 78' lang='lat' dir='ltr'><strong>illius,</strong></span> <span class='ocrx_word' id='word_1_702' title='bbox 699 5191 747 5233; x_wconf 85' lang='lat' dir='ltr'><strong>et</strong></span> <span class='ocrx_word' id='word_1_703' title='bbox 777 5177 911 5245; x_wconf 59' lang='lat' dir='ltr'><strong>ipse</strong></span> <span class='ocrx_word' id='word_1_704' title='bbox 960 5182 1313 5249; x_wconf 76' lang='lat' dir='ltr'><strong>denegaturus</strong></span> <span class='ocrx_word' id='word_1_705' title='bbox 1361 5192 1435 5232; x_wconf 75' lang='lat' dir='ltr'><strong>est</strong></span> <span class='ocrx_word' id='word_1_706' title='bbox 1486 5178 1673 5249; x_wconf 55' lang='lat' dir='ltr'><strong>illum.</strong></span> <span class='ocrx_word' id='word_1_707' title='bbox 1705 5177 1836 5244; x_wconf 70' lang='lat' dir='ltr'><strong>Quae</strong></span> 
     </span>
    </p>
   </div>
   <div class='ocr_carea' id='block_1_62' title="bbox 270 5245 1835 5307">
    <p class='ocr_par' dir='ltr' id='par_1_62' title="bbox 270 5245 1835 5307">
     <span class='ocr_line' id='line_1_62' title="bbox 270 5245 1835 5307; baseline -0.004 0"><span class='ocrx_word' id='word_1_708' title='bbox 270 5254 434 5307; x_wconf 82' lang='lat' dir='ltr'><strong>lectio</strong></span> <span class='ocrx_word' id='word_1_709' title='bbox 465 5255 604 5305; x_wconf 87' lang='lat' dir='ltr'><strong>male</strong></span> <span class='ocrx_word' id='word_1_710' title='bbox 643 5251 884 5304; x_wconf 90' lang='lat' dir='ltr'><strong>redditur</strong></span> <span class='ocrx_word' id='word_1_711' title='bbox 920 5251 972 5304; x_wconf 94' lang='lat' dir='ltr'><strong>in</strong></span> <span class='ocrx_word' id='word_1_712' title='bbox 1002 5245 1152 5304; x_wconf 76' lang='lat' dir='ltr'><strong>editt.</strong></span> <span class='ocrx_word' id='word_1_713' title='bbox 1179 5249 1375 5303; x_wconf 87' lang='lat' dir='ltr'><strong>Clerici</strong></span> <span class='ocrx_word' id='word_1_714' title='bbox 1404 5257 1457 5302; x_wconf 88' lang='lat' dir='ltr'><strong>et</strong></span> <span class='ocrx_word' id='word_1_715' title='bbox 1486 5245 1742 5302; x_wconf 81' lang='lat' dir='ltr'><strong>Russelii.</strong></span> <span class='ocrx_word' id='word_1_716' title='bbox 1769 5250 1835 5300; x_wconf 83' lang='lat' dir='ltr'><strong>At</strong></span> 
     </span>
    </p>
   </div>
   <div class='ocr_carea' id='block_1_63' title="bbox 270 5318 1830 5389">
    <p class='ocr_par' dir='ltr' id='par_1_63' title="bbox 270 5318 1830 5389">
     <span class='ocr_line' id='line_1_63' title="bbox 270 5318 1830 5389; baseline -0.006 -11"><span class='ocrx_word' id='word_1_717' title='bbox 270 5338 377 5379; x_wconf 86' lang='lat' dir='ltr'><strong>ms.</strong></span> <span class='ocrx_word' id='word_1_718' title='bbox 396 5321 697 5386; x_wconf 57' lang='lat' dir='ltr'><strong>Caranui</strong></span> <span class='ocrx_word' id='word_1_719' title='bbox 728 5322 1082 5389; x_wconf 66' lang='lat' dir='ltr'><strong>denegaret-im</strong></span> <span class='ocrx_word' id='word_1_720' title='bbox 1110 5318 1309 5373; x_wconf 71' lang='lat' dir='ltr'><strong>Filium</strong></span> <span class='ocrx_word' id='word_1_721' title='bbox 1335 5335 1489 5388; x_wconf 78' lang='lat' dir='ltr'><strong>seque</strong></span> <span class='ocrx_word' id='word_1_722' title='bbox 1506 5318 1830 5389; x_wconf 77' lang='lat' dir='ltr'><strong>desponden-</strong></span> 
     </span>
    </p>
   </div>
   <div class='ocr_carea' id='block_1_64' title="bbox 274 5388 1834 5460">
    <p class='ocr_par' dir='ltr' id='par_1_64' title="bbox 274 5388 1834 5460">
     <span class='ocr_line' id='line_1_64' title="bbox 274 5388 1834 5460; baseline -0.003 -14"><span class='ocrx_word' id='word_1_723' title='bbox 274 5404 350 5446; x_wconf 80' lang='lat' dir='ltr'><strong>tes</strong></span> <span class='ocrx_word' id='word_1_724' title='bbox 391 5398 548 5445; x_wconf 78' lang='lat' dir='ltr'><strong>vitam</strong></span> <span class='ocrx_word' id='word_1_725' title='bbox 579 5408 761 5448; x_wconf 73' lang='lat' dir='ltr'><strong>suum.</strong></span> <span class='ocrx_word' id='word_1_726' title='bbox 807 5391 896 5460; x_wconf 83' lang='lat' dir='ltr'><strong>qui</strong></span> <span class='ocrx_word' id='word_1_727' title='bbox 941 5407 1077 5442; x_wconf 84' lang='lat' dir='ltr'><strong>nunc</strong></span> <span class='ocrx_word' id='word_1_728' title='bbox 1113 5391 1422 5457; x_wconf 81' lang='lat' dir='ltr'><strong>denegaturi</strong></span> <span class='ocrx_word' id='word_1_729' title='bbox 1470 5388 1690 5460; x_wconf 77' lang='lat' dir='ltr'><strong>suntin,</strong></span> <span class='ocrx_word' id='word_1_730' title='bbox 1729 5396 1834 5441; x_wconf 84' lang='lat' dir='ltr'><strong>etc.</strong></span> 
     </span>
    </p>
   </div>
   <div class='ocr_carea' id='block_1_65' title="bbox 272 5459 1836 5530">
    <p class='ocr_par' dir='ltr' id='par_1_65' title="bbox 272 5459 1836 5530">
     <span class='ocr_line' id='line_1_65' title="bbox 272 5459 1836 5530; baseline -0.004 -14"><span class='ocrx_word' id='word_1_731' title='bbox 272 5462 412 5518; x_wconf 72' lang='lat' dir='ltr'><strong>Ilule</strong></span> <span class='ocrx_word' id='word_1_732' title='bbox 454 5464 572 5515; x_wconf 83' lang='lat' dir='ltr'><strong>loco</strong></span> <span class='ocrx_word' id='word_1_733' title='bbox 614 5469 915 5529; x_wconf 85' lang='lat' dir='ltr'><strong>congruunt</strong></span> <span class='ocrx_word' id='word_1_734' title='bbox 955 5476 1076 5530; x_wconf 75' lang='lat' dir='ltr'><strong>qua:</strong></span> <span class='ocrx_word' id='word_1_735' title='bbox 1129 5460 1267 5512; x_wconf 82' lang='lat' dir='ltr'><strong>inl&#39;ra</strong></span> <span class='ocrx_word' id='word_1_736' title='bbox 1314 5460 1600 5521; x_wconf 86' lang='lat' dir='ltr'><strong>habentur,</strong></span> <span class='ocrx_word' id='word_1_737' title='bbox 1632 5459 1722 5511; x_wconf 91' lang='lat' dir='ltr'><strong>lib.</strong></span> <span class='ocrx_word' id='word_1_738' title='bbox 1755 5473 1836 5524; x_wconf 88' lang='grc' dir='ltr'>ιιι,</span> 
     </span>
    </p>
   </div>
   <div class='ocr_carea' id='block_1_66' title="bbox 274 5532 824 5599">
    <p class='ocr_par' dir='ltr' id='par_1_66' title="bbox 274 5532 824 5599">
     <span class='ocr_line' id='line_1_66' title="bbox 274 5532 824 5599; baseline -0.009 -11"><span class='ocrx_word' id='word_1_739' title='bbox 274 5535 439 5588; x_wconf 62' lang='lat' dir='ltr'><strong>simil.</strong></span> <span class='ocrx_word' id='word_1_740' title='bbox 474 5550 521 5586; x_wconf 74' lang='lat' dir='ltr'><strong>Ix</strong></span> <span class='ocrx_word' id='word_1_741' title='bbox 544 5575 557 5596; x_wconf 87' lang='lat'><strong>,</strong></span> <span class='ocrx_word' id='word_1_742' title='bbox 589 5549 707 5599; x_wconf 77' lang='lat' dir='ltr'><strong>cap.</strong></span> <span class='ocrx_word' id='word_1_743' title='bbox 738 5532 824 5584; x_wconf 62' lang='lat'><strong>28.</strong></span> 
     </span>
    </p>
   </div>
   <div class='ocr_carea' id='block_1_67' title="bbox 349 5596 1837 5674">
    <p class='ocr_par' dir='ltr' id='par_1_67' title="bbox 349 5596 1837 5674">
     <span class='ocr_line' id='line_1_67' title="bbox 349 5596 1837 5674; baseline -0.005 -17"><span class='ocrx_word' id='word_1_744' title='bbox 349 5606 458 5674; x_wconf 79' lang='grc'><strong>(45)</strong></span> <span class='ocrx_word' id='word_1_745' title='bbox 498 5602 553 5658; x_wconf 90' lang='lat' dir='ltr'><strong>Si</strong></span> <span class='ocrx_word' id='word_1_746' title='bbox 587 5596 792 5674; x_wconf 58' lang='lat' dir='ltr'><strong>[ellum</strong></span> <span class='ocrx_word' id='word_1_747' title='bbox 823 5600 1042 5663; x_wconf 74' lang='lat' dir='ltr'><strong>audias,</strong></span> <span class='ocrx_word' id='word_1_748' title='bbox 1074 5600 1288 5653; x_wconf 79' lang='lat' dir='ltr'><strong>nimiam</strong></span> <span class='ocrx_word' id='word_1_749' title='bbox 1330 5600 1467 5674; x_wconf 74' lang='lat' dir='ltr'><strong>idem</strong></span> <span class='ocrx_word' id='word_1_750' title='bbox 1493 5598 1654 5674; x_wconf 82' lang='lat' dir='ltr'><strong>_valet</strong></span> <span class='ocrx_word' id='word_1_751' title='bbox 1692 5596 1837 5674; x_wconf 76' lang='lat' dir='ltr'><strong>quod</strong></span> 
     </span>
    </p>
   </div>
   <div class='ocr_carea' id='block_1_68' title="bbox 277 5667 1833 5741">
    <p class='ocr_par' dir='ltr' id='par_1_68' title="bbox 277 5667 1833 5741">
     <span class='ocr_line' id='line_1_68' title="bbox 277 5667 1833 5741; baseline -0.006 -14"><span class='ocrx_word' id='word_1_752' title='bbox 277 5667 551 5741; x_wconf 49' lang='lat' dir='ltr'><strong>mmm&#39;ant,</strong></span> <span class='ocrx_word' id='word_1_753' title='bbox 580 5672 716 5726; x_wconf 79' lang='lat' dir='ltr'><strong>Huic</strong></span> <span class='ocrx_word' id='word_1_754' title='bbox 759 5673 874 5726; x_wconf 74' lang='lat' dir='ltr'><strong>loco</strong></span> <span class='ocrx_word' id='word_1_755' title='bbox 901 5678 1165 5725; x_wconf 81' lang='lat' dir='ltr'><strong>consonat</strong></span> <span class='ocrx_word' id='word_1_756' title='bbox 1191 5686 1311 5723; x_wconf 84' lang='lat' dir='ltr'><strong>cum</strong></span> <span class='ocrx_word' id='word_1_757' title='bbox 1355 5672 1457 5723; x_wconf 90' lang='lat' dir='ltr'><strong>hoc</strong></span> <span class='ocrx_word' id='word_1_758' title='bbox 1485 5667 1618 5724; x_wconf 78' lang='lat' dir='ltr'><strong>Gen.</strong></span> <span class='ocrx_word' id='word_1_759' title='bbox 1656 5684 1741 5731; x_wconf 75' lang='lat' dir='ltr'><strong>xv,</strong></span> <span class='ocrx_word' id='word_1_760' title='bbox 1784 5667 1833 5718; x_wconf 80' lang='grc'><strong>1.</strong></span> 
     </span>
    </p>
   </div>
   <div class='ocr_carea' id='block_1_69' title="bbox 1935 4608 2408 4676">
    <p class='ocr_par' dir='ltr' id='par_1_69' title="bbox 1935 4608 2408 4676">
     <span class='ocr_line' id='line_1_69' title="bbox 1935 4608 2408 4676; baseline 0.002 -17"><span class='ocrx_word' id='word_1_761' title='bbox 1935 4620 2061 4660; x_wconf 78' lang='lat' dir='ltr'><strong>(iam</strong></span> <span class='ocrx_word' id='word_1_762' title='bbox 2094 4610 2275 4676; x_wconf 73' lang='lat' dir='ltr'><strong>fratris</strong></span> <span class='ocrx_word' id='word_1_763' title='bbox 2303 4608 2408 4660; x_wconf 80' lang='lat' dir='ltr'><strong>sui.</strong></span> 
     </span>
    </p>
   </div>
   <div class='ocr_carea' id='block_1_70' title="bbox 2005 4677 2506 4746">
    <p class='ocr_par' dir='ltr' id='par_1_70' title="bbox 2005 4677 2506 4746">
     <span class='ocr_line' id='line_1_70' title="bbox 2005 4677 2506 4746; baseline -0.004 -15"><span class='ocrx_word' id='word_1_764' title='bbox 2005 4677 2118 4746; x_wconf 74' lang='grc'><strong>(47)</strong></span> <span class='ocrx_word' id='word_1_765' title='bbox 2152 4677 2338 4729; x_wconf 83' lang='lat' dir='ltr'><strong>Lamb.</strong></span> <span class='ocrx_word' id='word_1_766' title='bbox 2364 4678 2506 4746; x_wconf 74' lang='lat' dir='ltr'><strong>sinus</strong></span> 
     </span>
    </p>
   </div>
   <div class='ocr_carea' id='block_1_71' title="bbox 2006 4740 3506 4871">
    <p class='ocr_par' dir='ltr' id='par_1_71' title="bbox 2006 4740 3506 4871">
     <span class='ocr_line' id='line_1_71' title="bbox 2006 4740 3506 4871; baseline -0.005 -70"><span class='ocrx_word' id='word_1_767' title='bbox 2158 4747 2287 4801; x_wconf 86' lang='lat' dir='ltr'><strong>Mss.</strong></span> <span class='ocrx_word' id='word_1_768' title='bbox 2323 4746 2380 4800; x_wconf 90' lang='lat' dir='ltr'><strong>S.</strong></span> <span class='ocrx_word' id='word_1_769' title='bbox 2410 4740 2808 4815; x_wconf 86' lang='lat' dir='ltr'><strong>Germ.,Carm.</strong></span> <span class='ocrx_word' id='word_1_770' title='bbox 2836 4752 2888 4797; x_wconf 87' lang='lat' dir='ltr'><strong>et</strong></span> <span class='ocrx_word' id='word_1_771' title='bbox 2917 4740 3109 4795; x_wconf 89' lang='lat' dir='ltr'><strong>Lamb.</strong></span> <span class='ocrx_word' id='word_1_772' title='bbox 3142 4740 3379 4794; x_wconf 60' lang='lat' dir='ltr'><strong>malitia.</strong></span> <span class='ocrx_word' id='word_1_773' title='bbox 3413 4741 3506 4794; x_wconf 78' lang='lat' dir='ltr'><strong>Sic</strong></span> 
     </span>
     <span class='ocr_line' id='line_1_72' title="bbox 2056 4834 2214 4871; baseline 0 0"><span class='ocrx_word' id='word_1_774' title='bbox 2056 4836 2083 4871; x_wconf 88' lang='lat' dir='ltr'><strong>e</strong></span> <span class='ocrx_word' id='word_1_775' title='bbox 2132 4834 2214 4871; x_wconf 91' lang='lat' dir='ltr'><strong>us.</strong></span> 
     </span>
    </p>
   </div>
   <div class='ocr_carea' id='block_1_72' title="bbox 1934 4820 2214 4873">
    <p class='ocr_par' dir='ltr' id='par_1_72' title="bbox 1934 4820 2214 4873">
     <span class='ocr_line' id='line_1_73' title="bbox 1934 4820 2214 4873; baseline -0.004 0"><span class='ocrx_word' id='word_1_776' title='bbox 1934 4824 1988 4873; x_wconf 90' lang='lat' dir='ltr'><strong>et</strong></span> <span class='ocrx_word' id='word_1_777' title='bbox 2013 4820 2214 4872; x_wconf 84' lang='lat' dir='ltr'><strong>Fellus.</strong></span> 
     </span>
    </p>
   </div>
   <div class='ocr_carea' id='block_1_73' title="bbox 2008 4884 2976 4956">
    <p class='ocr_par' dir='ltr' id='par_1_73' title="bbox 2008 4884 2976 4956">
     <span class='ocr_line' id='line_1_74' title="bbox 2008 4884 2976 4956; baseline -0.004 -15"><span class='ocrx_word' id='word_1_778' title='bbox 2008 4890 2120 4956; x_wconf 85' lang='grc'><strong>(49)</strong></span> <span class='ocrx_word' id='word_1_779' title='bbox 2150 4888 2312 4942; x_wconf 87' lang='lat' dir='ltr'><strong>Iidem</strong></span> <span class='ocrx_word' id='word_1_780' title='bbox 2339 4902 2461 4939; x_wconf 89' lang='lat' dir='ltr'><strong>cum</strong></span> <span class='ocrx_word' id='word_1_781' title='bbox 2490 4884 2636 4940; x_wconf 75' lang='lat' dir='ltr'><strong>Fullo</strong></span> <span class='ocrx_word' id='word_1_782' title='bbox 2656 4928 2670 4948; x_wconf 91' lang='lat'><strong>,</strong></span> <span class='ocrx_word' id='word_1_783' title='bbox 2697 4884 2976 4956; x_wconf 68' lang='lat' dir='ltr'><strong>malorum.</strong></span> 
     </span>
    </p>
   </div>
   <div class='ocr_carea' id='block_1_74' title="bbox 2009 4954 3133 5029">
    <p class='ocr_par' dir='ltr' id='par_1_74' title="bbox 2009 4954 3133 5029">
     <span class='ocr_line' id='line_1_75' title="bbox 2009 4954 3133 5029; baseline -0.01 -17"><span class='ocrx_word' id='word_1_784' title='bbox 2009 4954 2121 5029; x_wconf 80' lang='grc'><strong>(50)</strong></span> <span class='ocrx_word' id='word_1_785' title='bbox 2155 4958 2316 5029; x_wconf 63' lang='lat' dir='ltr'><strong>Iidem</strong></span> <span class='ocrx_word' id='word_1_786' title='bbox 2340 4999 2353 5021; x_wconf 89' lang='lat'><strong>,</strong></span> <span class='ocrx_word' id='word_1_787' title='bbox 2385 4958 2662 5029; x_wconf 69' lang='lat' dir='ltr'><strong>malorum.</strong></span> <span class='ocrx_word' id='word_1_788' title='bbox 2691 4954 2872 5010; x_wconf 84' lang='lat' dir='ltr'><strong>Fellus</strong></span> <span class='ocrx_word' id='word_1_789' title='bbox 2893 4994 2908 5018; x_wconf 93' lang='lat'><strong>,</strong></span> <span class='ocrx_word' id='word_1_790' title='bbox 2932 4969 3133 5006; x_wconf 79' lang='lat' dir='ltr'><strong>eorum.</strong></span> 
     </span>
    </p>
   </div>
   <div class='ocr_carea' id='block_1_75' title="bbox 2009 5026 2810 5098">
    <p class='ocr_par' dir='ltr' id='par_1_75' title="bbox 2009 5026 2810 5098">
     <span class='ocr_line' id='line_1_76' title="bbox 2009 5026 2810 5098; baseline -0.006 -15"><span class='ocrx_word' id='word_1_791' title='bbox 2009 5026 2120 5098; x_wconf 85' lang='lat'><strong>(5|)</strong></span> <span class='ocrx_word' id='word_1_792' title='bbox 2155 5027 2257 5083; x_wconf 85' lang='lat' dir='ltr'><strong>Ms.</strong></span> <span class='ocrx_word' id='word_1_793' title='bbox 2289 5030 2346 5080; x_wconf 81' lang='lat' dir='ltr'><strong>S.</strong></span> <span class='ocrx_word' id='word_1_794' title='bbox 2374 5026 2555 5081; x_wconf 86' lang='lat' dir='ltr'><strong>Germ.</strong></span> <span class='ocrx_word' id='word_1_795' title='bbox 2590 5030 2810 5098; x_wconf 76' lang='lat' dir='ltr'><strong>magnis.</strong></span> 
     </span>
    </p>
   </div>
   <div class='ocr_carea' id='block_1_76' title="bbox 2008 5092 3270 5169">
    <p class='ocr_par' dir='ltr' id='par_1_76' title="bbox 2008 5092 3270 5169">
     <span class='ocr_line' id='line_1_77' title="bbox 2008 5092 3270 5169; baseline -0.006 -17"><span class='ocrx_word' id='word_1_796' title='bbox 2008 5092 2121 5169; x_wconf 73' lang='grc'><strong>(52)</strong></span> <span class='ocrx_word' id='word_1_797' title='bbox 2158 5098 2348 5151; x_wconf 87' lang='lat' dir='ltr'><strong>Lamb.</strong></span> <span class='ocrx_word' id='word_1_798' title='bbox 2381 5112 2541 5169; x_wconf 78' lang='lat' dir='ltr'><strong>quem</strong></span> <span class='ocrx_word' id='word_1_799' title='bbox 2578 5092 2825 5165; x_wconf 66' lang='lat' dir='ltr'><strong>Sequitur</strong></span> <span class='ocrx_word' id='word_1_800' title='bbox 2861 5093 3065 5169; x_wconf 57' lang='lat' dir='ltr'><strong>Fellns,</strong></span> <span class='ocrx_word' id='word_1_801' title='bbox 3089 5092 3270 5169; x_wconf 67' lang='lat' dir='ltr'><strong>nimia.</strong></span> 
     </span>
    </p>
   </div>
   <div class='ocr_carea' id='block_1_77' title="bbox 2009 5160 3507 5240">
    <p class='ocr_par' dir='ltr' id='par_1_77' title="bbox 2009 5160 3507 5240">
     <span class='ocr_line' id='line_1_78' title="bbox 2009 5160 3507 5240; baseline -0.008 -17"><span class='ocrx_word' id='word_1_802' title='bbox 2009 5160 2121 5240; x_wconf 81' lang='grc'><strong>(55)</strong></span> <span class='ocrx_word' id='word_1_803' title='bbox 2150 5169 2251 5222; x_wconf 81' lang='lat' dir='ltr'><strong>Ms.</strong></span> <span class='ocrx_word' id='word_1_804' title='bbox 2282 5169 2339 5221; x_wconf 73' lang='grc' dir='ltr'><strong>ὃ.</strong></span> <span class='ocrx_word' id='word_1_805' title='bbox 2370 5160 2553 5221; x_wconf 76' lang='lat' dir='ltr'><strong>Germ.</strong></span> <span class='ocrx_word' id='word_1_806' title='bbox 2591 5160 2944 5219; x_wconf 59' lang='lat' dir='ltr'><strong>iuhueruum.</strong></span> <span class='ocrx_word' id='word_1_807' title='bbox 2971 5162 3112 5218; x_wconf 85' lang='lat' dir='ltr'><strong>Edit.</strong></span> <span class='ocrx_word' id='word_1_808' title='bbox 3145 5163 3321 5215; x_wconf 73' lang='lat' dir='ltr'><strong>Oxon.</strong></span> <span class='ocrx_word' id='word_1_809' title='bbox 3349 5160 3507 5213; x_wconf 78' lang='lat' dir='ltr'><strong>absu-</strong></span> 
     </span>
    </p>
   </div>
   <div class='ocr_carea' id='block_1_78' title="bbox 1938 5253 2529 5295">
    <p class='ocr_par' dir='ltr' id='par_1_78' title="bbox 1938 5253 2529 5295">
     <span class='ocr_line' id='line_1_79' title="bbox 1938 5253 2529 5295; baseline -0.012 1"><span class='ocrx_word' id='word_1_810' title='bbox 1938 5257 2062 5295; x_wconf 85' lang='lat' dir='ltr'><strong>mun</strong></span> <span class='ocrx_word' id='word_1_811' title='bbox 2088 5257 2151 5293; x_wconf 85' lang='lat' dir='ltr'><strong>ur</strong></span> <span class='ocrx_word' id='word_1_812' title='bbox 2176 5257 2227 5292; x_wconf 84' lang='grc' dir='ltr'>ιη</span> <span class='ocrx_word' id='word_1_813' title='bbox 2257 5253 2529 5291; x_wconf 65' lang='lat' dir='ltr'><strong>aeternum.</strong></span> 
     </span>
    </p>
   </div>
   <div class='ocr_carea' id='block_1_79' title="bbox 2012 5300 3506 5378">
    <p class='ocr_par' dir='ltr' id='par_1_79' title="bbox 2012 5300 3506 5378">
     <span class='ocr_line' id='line_1_80' title="bbox 2012 5300 3506 5378; baseline -0.007 -14"><span class='ocrx_word' id='word_1_814' title='bbox 2012 5311 2123 5378; x_wconf 79' lang='grc'><strong>(54)</strong></span> <span class='ocrx_word' id='word_1_815' title='bbox 2163 5310 2348 5362; x_wconf 65' lang='lat' dir='ltr'><strong>Lami».</strong></span> <span class='ocrx_word' id='word_1_816' title='bbox 2388 5307 2561 5358; x_wconf 79' lang='lat' dir='ltr'><strong>Holda</strong></span> <span class='ocrx_word' id='word_1_817' title='bbox 2608 5316 2654 5378; x_wconf 85' lang='lat' dir='ltr'><strong>et</strong></span> <span class='ocrx_word' id='word_1_818' title='bbox 2693 5306 2867 5378; x_wconf 70' lang='lat' dir='ltr'><strong>Meda.</strong></span> <span class='ocrx_word' id='word_1_819' title='bbox 2900 5303 3228 5378; x_wconf 27' lang='lat' dir='ltr'><strong>Sive‘potius</strong></span> <span class='ocrx_word' id='word_1_820' title='bbox 3257 5300 3433 5378; x_wconf 65' lang='lat' dir='ltr'><strong>Eldad</strong></span> <span class='ocrx_word' id='word_1_821' title='bbox 3459 5310 3506 5378; x_wconf 70' lang='lat' dir='ltr'><strong>et</strong></span> 
     </span>
    </p>
   </div>
   <div class='ocr_carea' id='block_1_80' title="bbox 1942 5371 3506 5443">
    <p class='ocr_par' dir='ltr' id='par_1_80' title="bbox 1942 5371 3506 5443">
     <span class='ocr_line' id='line_1_81' title="bbox 1942 5371 3506 5443; baseline -0.007 -9"><span class='ocrx_word' id='word_1_822' title='bbox 1942 5371 2163 5443; x_wconf 54' lang='lat' dir='ltr'><strong>Moda&#39;d,</strong></span> <span class='ocrx_word' id='word_1_823' title='bbox 2192 5391 2247 5432; x_wconf 84' lang='lat' dir='ltr'><strong>ut</strong></span> <span class='ocrx_word' id='word_1_824' title='bbox 2275 5378 2493 5431; x_wconf 78' lang='lat' dir='ltr'><strong>exhibet</strong></span> <span class='ocrx_word' id='word_1_825' title='bbox 2525 5377 2694 5431; x_wconf 80' lang='lat' dir='ltr'><strong>codex</strong></span> <span class='ocrx_word' id='word_1_826' title='bbox 2726 5376 2972 5430; x_wconf 90' lang='lat' dir='ltr'><strong>hiblioth.</strong></span> <span class='ocrx_word' id='word_1_827' title='bbox 3009 5371 3237 5429; x_wconf 75' lang='lat' dir='ltr'><strong>Cbislin.</strong></span> <span class='ocrx_word' id='word_1_828' title='bbox 3271 5371 3413 5441; x_wconf 86' lang='lat' dir='ltr'><strong>apud</strong></span> <span class='ocrx_word' id='word_1_829' title='bbox 3436 5371 3506 5424; x_wconf 89' lang='lat' dir='ltr'><strong>cl.</strong></span> 
     </span>
    </p>
   </div>
   <div class='ocr_carea' id='block_1_81' title="bbox 1940 5446 3510 5515">
    <p class='ocr_par' dir='ltr' id='par_1_81' title="bbox 1940 5446 3510 5515">
     <span class='ocr_line' id='line_1_82' title="bbox 1940 5446 3510 5515; baseline -0.008 -10"><span class='ocrx_word' id='word_1_830' title='bbox 1940 5450 2402 5506; x_wconf 76' lang='lat' dir='ltr'><strong>Montl&#39;auconium</strong></span> <span class='ocrx_word' id='word_1_831' title='bbox 2433 5463 2551 5515; x_wconf 85' lang='lat' dir='ltr'><strong>pag.</strong></span> <span class='ocrx_word' id='word_1_832' title='bbox 2586 5448 2704 5508; x_wconf 68' lang='grc'><strong>194,</strong></span> <span class='ocrx_word' id='word_1_833' title='bbox 2739 5447 2827 5499; x_wconf 88' lang='lat' dir='ltr'><strong>ubi</strong></span> <span class='ocrx_word' id='word_1_834' title='bbox 2856 5447 2909 5499; x_wconf 92' lang='lat' dir='ltr'><strong>in</strong></span> <span class='ocrx_word' id='word_1_835' title='bbox 2942 5446 3262 5515; x_wconf 80' lang='lat' dir='ltr'><strong>recensione</strong></span> <span class='ocrx_word' id='word_1_836' title='bbox 3287 5456 3510 5515; x_wconf 52' lang='lat' dir='ltr'><strong>apocry-</strong></span> 
     </span>
    </p>
   </div>
   <div class='ocr_carea' id='block_1_82' title="bbox 1938 5511 3507 5643">
    <p class='ocr_par' dir='ltr' id='par_1_82' title="bbox 1938 5511 3507 5643">
     <span class='ocr_line' id='line_1_83' title="bbox 1938 5511 3507 5643; baseline -0.008 -67"><span class='ocrx_word' id='word_1_837' title='bbox 1938 5526 2174 5643; x_wconf 51' lang='grc' dir='ltr'><strong>ἶῖιριὲἐηι</strong></span> <span class='ocrx_word' id='word_1_838' title='bbox 2200 5521 2315 5574; x_wconf 78' lang='lat' dir='ltr'><strong>Vel.</strong></span> <span class='ocrx_word' id='word_1_839' title='bbox 2354 5511 2797 5571; x_wconf 42' lang='lat' dir='ltr'><strong>Teatflibrorum</strong></span> <span class='ocrx_word' id='word_1_840' title='bbox 2829 5516 3067 5571; x_wconf 85' lang='lat' dir='ltr'><strong>occurrit</strong></span> <span class='ocrx_word' id='word_1_841' title='bbox 3085 5521 3157 5579; x_wconf 82' lang='grc' dir='ltr'><strong>ς’,</strong></span> <span class='ocrx_word' id='word_1_842' title='bbox 3193 5511 3376 5566; x_wconf 76' lang='grc' dir='ltr'>Ἐλδὰδ</span> <span class='ocrx_word' id='word_1_843' title='bbox 3408 5512 3507 5565; x_wconf 74' lang='grc' dir='ltr'><strong>καὶ</strong></span> 
     </span>
     <span class='ocr_line' id='line_1_84' title="bbox 1998 5606 2054 5643; baseline 0 0"><span class='ocrx_word' id='word_1_844' title='bbox 1998 5606 2054 5643; x_wconf 83' lang='lat' dir='ltr'><strong>oo</strong></span> 
     </span>
    </p>
   </div>
   <div class='ocr_carea' id='block_1_83' title="bbox 1942 5592 2054 5647">
    <p class='ocr_par' dir='ltr' id='par_1_83' title="bbox 1942 5592 2054 5647">
     <span class='ocr_line' id='line_1_85' title="bbox 1942 5592 2054 5647; baseline -0.018 -1"><span class='ocrx_word' id='word_1_845' title='bbox 1942 5592 2054 5647; x_wconf 82' lang='grc' dir='ltr'><strong>Μοδ</strong></span> 
     </span>
    </p>
   </div>
   <div class='ocr_carea' id='block_1_84' title="bbox 2017 5653 3513 5733">
    <p class='ocr_par' dir='ltr' id='par_1_84' title="bbox 2017 5653 3513 5733">
     <span class='ocr_line' id='line_1_86' title="bbox 2017 5653 3513 5733; baseline -0.005 -18"><span class='ocrx_word' id='word_1_846' title='bbox 2017 5662 2131 5733; x_wconf 79' lang='grc'><strong>(55)</strong></span> <span class='ocrx_word' id='word_1_847' title='bbox 2180 5660 2339 5713; x_wconf 84' lang='lat' dir='ltr'><strong>Putat</strong></span> <span class='ocrx_word' id='word_1_848' title='bbox 2391 5660 2459 5713; x_wconf 88' lang='lat' dir='ltr'><strong>cl.</strong></span> <span class='ocrx_word' id='word_1_849' title='bbox 2506 5658 2839 5715; x_wconf 88' lang='lat' dir='ltr'><strong>Cotelcrius.</strong></span> <span class='ocrx_word' id='word_1_850' title='bbox 2890 5657 2944 5710; x_wconf 91' lang='lat' dir='ltr'><strong>in</strong></span> <span class='ocrx_word' id='word_1_851' title='bbox 2997 5655 3189 5712; x_wconf 66' lang='lat' dir='ltr'><strong>Grreco</strong></span> <span class='ocrx_word' id='word_1_852' title='bbox 3240 5653 3513 5711; x_wconf 68' lang='lat' dir='ltr'><strong>exstitisse</strong></span> 
     </span>
    </p>
   </div>
  </div>
