4074 6154
481 222 586 278 899
1931 218 1988 273 S.
2033 217 2090 273 Β]

2123 217 2296 274 “ME
3627 224 3732 280 9w

481 344 741 398 domine?
770 341 836 396 Et
864 343 997 397 dixit
1026 341 1157 396 mihi
1187 361 1199 396 :
1229 340 1471 399 Ecclesia
1504 339 1597 398 Dei
1621 351 1724 398 est.
1755 336 1815 396 Et
1841 342 1952 397 dixi
1987 343 2053 396 ad
2097 343 2251 396 illum
2281 361 2294 396 :
2324 341 2505 409 Quare
2537 359 2669 414 ergo
2698 358 2842 399 anus
2869 344 2992 398 est?
3027 339 3301 410 Quoniam
3327 379 3344 406 ,
3377 337 3586 410 inquit,
3614 355 3735 395 om-

478 432 630 489 nium
660 435 834 504 prima
874 442 1057 489 creata
1088 441 1192 498 est,
1219 435 1340 489 ideo
1368 449 1508 490 anus
1529 452 1548 501 ;
1569 443 1624 489 et
1668 443 1888 503 propter
1917 435 2064 488 il!am
2097 434 2335 488 mundus
2363 434 2540 491 laetus
2567 445 2674 492 est.-
2700 435 2833 492 Post
2860 437 2979 492 haec
3005 445 3190 492 autem
3220 435 3490 490 visionem
3521 433 3634 488 \idi
3676 437 3734 492 in

449 519 454 522 ’
488 533 656 588 domo
687 547 838 598 mea;
872 541 927 586 et
954 531 1101 586 venit
1127 531 1216 584 illa
1249 542 1411 593 anus,
1441 534 1490 580 et
1524 525 1875 594 interrogavit
1898 540 2004 590 me,
2033 524 2080 579 si
2100 525 2214 594 jam
2245 525 2490 580 libellum
2523 525 2638 595 (56)
2663 525 2937 581 dedissem
2959 525 3309 581 senioribus?
3333 521 3402 576 Et
3432 525 3689 594 respondi
3715 543 3732 581 :

476 625 675 682 Adhuc
705 643 835 682 non.
869 626 940 680 At
965 626 1057 680 illa
1086 624 1227 680 dixit
1259 642 1271 676 :
1300 620 1443 677 Bene
1478 620 1689 686 fecisti;
1729 620 1905 674 habeo
1935 621 2080 675 enim
2117 621 2369 690 quaedam
2401 621 2570 676 verba
2599 622 2814 676 edicere
2838 623 2956 677 tibi.
2989 622 3127 677 Cum
3155 631 3338 677 autem
3379 636 3735 676 consumma-

475 731 609 772 vero
653 718 836 772 omnia
863 718 1027 771 verba
1051 758 1065 782 ,
1094 722 1278 786 aperte
1306 714 1552 769 scientur
1589 712 1658 766 ab
1685 712 1876 766 electis
1903 711 2039 782 (57).
2070 710 2290 767 Scribes
2319 727 2450 781 ergo
2483 712 2624 768 duos
2656 713 2898 777 libellos,
2939 723 2994 767 et
3026 717 3208 768 mittes
3237 729 3406 767 unum
3437 711 3731 780 Clementi,

474 819 529 864 et
558 825 728 864 unum
759 809 978 879 Graptte
1009 807 1148 877 (58).
1182 805 1359 859 Mittet
1387 812 1568 858 autem
1593 802 1848 857 Clemens
1878 803 1931 857 in
1959 811 2175 857 exteras
2205 803 2493 870 civitates;
2527 803 2605 858 illi
2629 805 2775 858 enim
2800 805 3127 873 permissum
3157 813 3277 859 est:
3304 803 3505 874 Grapte
3547 815 3730 860 autem

474 905 842 959 conunonebit
871 903 1062 959 viduas
1082 912 1138 958 et
1161 901 1458 971 orplianos.
1488 898 1567 952 Tu
1594 908 1778 953 autem
1817 899 1963 968 leges
1988 899 2043 954 in
2075 899 2182 954 hac
2201 900 2424 956 civitate
2451 916 2577 956 eum
2602 901 2914 956 senioribus
2937 901 3030 970 qui
3059 911 3304 970 praesunt
3330 903 3616 958 Ecclesiae.

547 1015 663 1069 Ista
690 1017 767 1070 sic
792 1016 1040 1086 leguntur
1061 1019 1202 1087 apud
1228 1017 1541 1090 Origenem,
1564 1014 1874 1070 Philocaliae
1903 1031 2022 1083 cap.
2050 1016 2104 1081 l,
2135 1031 2201 1070 ea:
2227 1015 2322 1071 lib.
2350 1033 2426 1085 ιν,
2453 1035 2572 1088 cap.
2602 1017 2670 1084 2,
2704 1017 2778 1072 De
2803 1017 3104 1088 principiis,
3132 1021 3413 1090 interprete
3434 1019 3656 1075 Ruﬁno.

547 1136 612 1190 Et
646 1141 839 1193 scribes
868 1140 999 1194 ducs
1027 1138 1226 1194 libellos
1246 1178 1263 1206 ,
1285 1151 1332 1194 et
1376 1139 1524 1194 dabis
1555 1155 1714 1192 unum
1754 1136 2042 1204 Clementi,

2215 1139 2451 1210 Γράψεις
2481 1140 2574 1193 δύο
2613 1139 2790 1210 βιϐλία
2810 1180 2826 1204 ,
2860 1139 2953 1193 καὶ
2979 1137 3169 1201 δώσεις
3193 1136 3250 1190 ἓν
3286 1137 3561 1209 Κλήμεντι
3587 1178 3602 1202 ,
3633 1133 3728 1191 καὶ

471 1239 518 1282 et
543 1245 704 1285 unum
729 1231 959 1300 Graptaz.
1003 1231 1068 1285 Et
1112 1231 1304 1302 Grupte
1343 1233 1550 1298 quidem
1591 1239 1914 1284 commoueat
1965 1231 2045 1283 vi-

2145 1231 2202 1284 ἒν
2243 1234 2633 1304 ΓραπτῇνΚαὶ
2666 1234 2889 1305 Γραπτὴ
2924 1231 3021 1303 μὲν
3062 1220 3371 1303 νουθετῆσει
3408 1230 3507 1294 τὰς
3551 1233 3726 1303 χήρας

471 1325 604 1378 duas
652 1335 698 1378 et
751 1330 1032 1392 orphanos.
1081 1323 1318 1378 Clemens
1357 1341 1475 1396 vero
1512 1324 1684 1376 mittat
1729 1339 1820 1389 per
1869 1339 2042 1377 omnes

2145 1324 2392 1388 καὶτοὺς
2433 1325 2716 1396 ὀρφανούς.
2754 1325 2984 1396 Κλήμης
3025 1325 3080 1377 δὲ
3127 1324 3329 1394 πέμψει
3368 1325 3447 1386 εἰς
3490 1323 3589 1387 τὰς
3620 1323 3729 1388 ἔξω

470 1417 702 1470 civitates
726 1433 842 1484 qua’
868 1417 998 1485 foris
1039 1426 1182 1470 sunt.
1211 1414 1288 1468 Tu
1312 1432 1429 1470 vero
1463 1394 1804 1468 intuuutiabis
1831 1415 2042 1484 presby-

2144 1416 2343 1480 πόλεις.
2527 1417 2584 1470 δὲ
2638 1394 2954 1484 ἀναγγελὲίς
3000 1419 3113 1480 τοῖς
3179 1416 3566 1488 πρεςῆυτέροις
3624 1417 3725 1487 τῆς

469 1512 596 1563 teris
623 1507 891 1564 Ecclesiw.
1870 1527 1882 1540 ‘

888 1552 891 1562 .
1870 1527 1882 1540 ·
2156 1507 2353 1579 Ἐκκλη
2362 1505 2497 1570 σίας.

1903 1629 2117 1691 VISIO
2157 1631 2271 1691 Ill.

707 1749 794 1810 De
819 1751 1273 1830 triumphantis
1302 1752 1596 1817 Ecclesire
1639 1763 1983 1820 structura,
2021 1760 2076 1812 et
2109 1752 2308 1812 variis
2335 1752 2653 1813 hominum
2680 1754 3093 1832 reproborum
3122 1753 3481 1818 ordinibus.

1936 1880 2164 1936 CAPUT
2203 1881 2245 1937 Ι.

535 1973 689 2028 Visio
715 1991 878 2046 quam
905 1977 1051 2044 vidi,
1079 1976 1309 2042 fratres,
1342 1979 1483 2034 visio
1506 1978 1628 2034 talis
1655 1987 1790 2033 erat.
1825 1977 1960 2031 Cum
1992 1977 2322 2048 jejunassem
2357 1977 2688 2048 frequenter,
2721 1988 2774 2032 et
2805 1989 3056 2048 precatus
3086 1991 3262 2033 essem
3299 1975 3586 2031 Dominum
3608 2018 3624 2042 ,
3659 1983 3719 2030 ut

463 2067 597 2121 mihi
629 2069 941 2122 ostenderet
979 2069 1363 2123 revelationem
1383 2110 1398 2135 ,
1423 2084 1588 2139 quam
1621 2068 1892 2137 pollicitus
1921 2078 2007 2121 est
2033 2067 2320 2122 ostendere
2347 2084 2442 2138 per
2471 2084 2636 2122 anum
2675 2069 2856 2134 illam;
2880 2069 3069 2124 eadem
3100 2079 3260 2124 nocte
3289 2069 3542 2138 apparuit
3579 2068 3717 2122 mihi

463 2179 604 2217 anus
632 2162 720 2216 illa
745 2202 760 2227 ,
805 2171 858 2216 et
887 2162 1023 2216 dixit
1064 2163 1194 2216 mihi
1225 2181 1238 2216 :
1265 2163 1537 2228 Quoniam
1562 2164 1642 2218 sic
1683 2164 1908 2233 langues
1935 2162 2070 2233 (59),
2105 2174 2158 2217 et
2189 2163 2453 2218 sollicitus
2479 2179 2539 2219 es
2575 2163 2642 2218 ad
2678 2163 2959 2219 sciendum
2988 2166 3203 2231 omnia;
3225 2165 3359 2220 ¹ιιι.ιηί
3395 2166 3448 2218 in
3485 2180 3715 2234 agrum,

462 2257 556 2310 ubi
585 2257 696 2321 vis;
727 2265 780 2309 et
806 2255 948 2310 circa
982 2257 1172 2310 horam
1199 2268 1408 2311 sextam
1434 2256 1795 2311 manifestabo
1825 2272 1910 2310 me
1935 2257 2053 2323 tibi,
2078 2266 2130 2311 et
2153 2259 2433 2313 ostendam
2465 2259 2561 2313 tibi
2591 2275 2713 2331 qua:
2738 2268 2984 2329 oporteat
3009 2269 3059 2314 te
3083 2257 3288 2311 videre.
3314 2255 3516 2326 Rogavi
3540 2255 3714 2319 illam,

459 2349 647 2405 dicens
686 2369 698 2404 :
733 2349 961 2403 Domina
983 2390 997 2416 ,
1028 2349 1080 2402 in
1113 2363 1275 2418 quem
1302 2349 1476 2402 locum
1501 2348 1657 2420 agri?
1685 2346 1824 2411 Ubi,
1858 2347 2066 2416 inquit,
2092 2348 2174 2402 vis
2197 2390 2212 2414 ,
2235 2349 2369 2418 elige
2407 2350 2582 2404 locum
2617 2351 2816 2404 bonum
2837 2391 2852 2417 ,
2883 2362 3171 2406 secretum.
3199 2352 3498 2422 Antequam
3529 2357 3714 2404 autem

460 2444 609 2515 loqui
639 2443 751 2514 (60)
780 2445 1099 2514 coepissem,
1135 2452 1188 2500 et
1218 2442 1399 2498 dicere
1430 2444 1480 2498 ei
1513 2443 1693 2498 locum
1715 2483 1731 2508 ,
1765 2443 1840 2496 ait
1873 2442 2006 2496 mihi
2037 2463 2047 2496 :
2082 2441 2306 2496 Veniam
2334 2444 2423 2498 ubi
2455 2445 2556 2499 vis.
2585 2443 2683 2498 Fui
2707 2460 2870 2515 ergo,
2901 2445 3127 2509 fratres,
3169 2445 3223 2498 in
3259 2459 3423 2516 agro,
3445 2451 3497 2497 et
3527 2442 3715 2496 obser-

459 2540 582 2594 vavi
615 2540 728 2608 (6l)
763 2539 961 2606 horas;
991 2548 1046 2594 et
1083 2543 1204 2594 veni
1234 2539 1288 2594 in
1323 2541 1499 2594 locum
1529 2540 1621 2594 ubi
1649 2539 2039 2594 constitueram
2081 2539 2129 2593 ci
2162 2542 2366 2596 venire.
2403 2540 2465 2596 Et
2508 2541 2666 2595 video
2693 2542 3011 2596 subsellium
3038 2527 3298 2612 positum.
3325 2540 3454 2595 Erat
3475 2542 3712 2596 Cervical

459 2635 660 2690 lincum
692 2634 839 2705 (6‘2);
872 2643 926 2688 et
956 2649 1118 2704 super
1150 2635 1372 2689 linteum
1403 2651 1703 2704 expansum
1741 2633 2113 2689 carbasinum.
2143 2633 2346 2692 V’idcus
2378 2637 2490 2691 haec
2522 2637 2696 2706 posita
2716 2678 2732 2704 ,
2763 2646 2817 2692 et
2850 2639 3121 2692 neminem
3151 2653 3273 2693 esse
3317 2637 3372 2690 in
3413 2637 3566 2703 loco;
3596 2643 3713 2690 stus

462 2748 591 2802 pere
622 2733 783 2802 coepi,
815 2743 868 2787 et
895 2733 1075 2803 capilli
1117 2733 1221 2788 mei
1245 2742 1672 2787 exsurrexerunt
1694 2731 1828 2802 (65),
1855 2741 1910 2785 et
1937 2733 2092 2801 quasi
2127 2731 2323 2787 horror
2351 2734 2463 2802 (64)
2497 2750 2582 2787 me
2612 2734 3050 2804 comprehcndit,
3074 2751 3197 2790 cum
3231 2750 3406 2788 essem
3434 2733 3604 2788 solus.
3628 2731 3709 2784 Ad

460 2837 549 2876 me
575 2821 687 2893 (65)
721 2833 901 2876 autem
934 2837 1207 2887 reversus,
1231 2832 1285 2875 et
1306 2831 1640 2878 memoratus
1665 2822 1888 2893 gloriam
1915 2822 2026 2894 (66)
2055 2822 2172 2887 Dci,
2205 2832 2259 2878 et
2285 2833 2500 2893 accopla
2527 2825 2775 2889 audacia,
2798 2825 2988 2894 positis
3012 2825 3259 2893 genibus,
3285 2821 3578 2876 conﬁtebar
3603 2818 3712 2874 Deo

459 2911 654 2968 iterum
683 2923 901 2982 peccata
945 2929 1064 2983 qua:
1109 2914 1278 2984 prius.
1312 2913 1448 2969 Ecce
1488 2915 1632 2968 venit
1663 2914 1791 2969 illuc
1829 2930 1951 2969 cum
1979 2914 2272 2982 juvenibus
2319 2929 2448 2980 sex,
2481 2929 2622 2984 quos
2660 2923 2714 2968 et
2745 2925 2870 2970 ante
2904 2914 3183 2982 videram;
3212 2925 3263 2968 et
3287 2915 3436 2968 stetit
3465 2923 3589 2983 post
3623 2928 3711 2968 me

439 3019 710 3067 orantem,
743 3014 798 3060 et
825 3007 1081 3061 audiebat
1108 3020 1194 3059 mc
1227 3012 1473 3059 orantem
1515 3012 1568 3058 et
1594 3002 1940 3058 conﬁtentem
1972 3002 2202 3059 Domino
2231 3014 2454 3074 peccata
2498 3020 2636 3058 mea.
2670 3002 2736 3058 Et
2769 3014 2997 3075 tangens
3023 3017 3133 3070 me,
3165 3005 3300 3060 dixit
3330 3023 3343 3058 :
3379 3004 3575 3058 Desine
3604 3005 3714 3073 jam

440 3116 540 3171 pro
564 3100 799 3172 peccatis
825 3099 933 3154 tuis
962 3108 1170 3154 tantum
1199 3112 1378 3152 orare.
1410 3095 1518 3151 Ora
1541 3107 1596 3151 et
1625 3111 1724 3166 pro
1747 3096 1980 3166 justitia,
2013 3105 2072 3150 ut
2102 3096 2339 3166 accipias
2372 3106 2578 3168 partem
2607 3112 2673 3152 ex
2701 3112 2764 3152 ea
2789 3096 2857 3151 'in
2891 3097 3052 3152 domo
3085 3108 3198 3152 tua.
3229 3096 3295 3152 Et
3318 3098 3494 3152 erexit
3530 3113 3617 3152 me
3649 3097 3718 3150 de

441 3196 582 3263 loco,
617 3203 671 3250 et
701 3191 1053 3266 apprehendit
1075 3205 1295 3246 manum
1327 3204 1528 3253 meam,
1555 3200 1608 3244 et
1631 3188 1855 3245 adduxit
1885 3189 1997 3260 (67)
2032 3204 2118 3244 me
2145 3189 2212 3243 ad
2243 3189 2586 3256 subsellium,
2615 3201 2669 3244 et
2703 3191 2780 3244 ait
2812 3190 2917 3245 illis
2937 3189 3233 3269 juvenibus
3265 3209 3278 3245 :
3323 3191 3418 3255 Ite,
3455 3199 3511 3244 et
3542 3187 3714 3247 aedili-

439 3297 579 3344 cate.
609 3285 905 3352 Postquam
934 3293 1112 3338 autem
1141 3282 1510 3337 discesserunt
1534 3280 1784 3351 juvenes,
1809 3290 1864 3336 et
1893 3296 1994 3336 nos
2031 3279 2133 3335 soli
2163 3279 2365 3335 luimus
2392 3281 2526 3352 (68),
2553 3281 2627 3336 ait
2651 3281 2784 3336 mihi
2815 3301 2828 3336 :
2860 3280 2999 3338 Sede
3034 3283 3142 3338 hic.
3173 3283 3305 3339 Dico
3330 3285 3378 3340 ei
3405 3303 3418 3340 :
3457 3285 3713 3342 Domina.

440 3385 559 3442 sine
587 3384 830 3441 seniores
870 3391 997 3436 ante
1041 3360 1248 3435 sedere.
1273 3377 1428 3446 Quod
1459 3378 1554 3432 tibi
1598 3376 1742 3443 dico,
1776 3378 1972 3448 inquit,
2003 3379 2150 3434 sede.
2187 3379 2437 3450 Cumque
2477 3379 2666 3433 vellem
2711 3379 2901 3433 sedere
2929 3379 2996 3434 ad
3032 3380 3312 3434 dexteram
3345 3391 3572 3451 partem,
3601 3397 3712 3435 non

441 3487 526 3532 est
561 3491 757 3546 passa;
787 3473 881 3530 sed
915 3472 1189 3528 annuebat
1219 3471 1354 3526 mibi
1388 3486 1575 3538 manu,
1611 3478 1670 3525 ut
1693 3470 1759 3525 ad
1787 3470 2064 3527 sinistram
2089 3482 2300 3543 partem
2336 3472 2601 3528 sederem.
2626 3471 2910 3544 Cogitante
2943 3471 3052 3541 (69)
3084 3481 3264 3527 autem
3299 3489 3405 3536 me,
3439 3483 3491 3528 et
3516 3483 3714 3528 maesto

442 3569 756 3633 exsisto-ntc,
785 3568 931 3638 quod
962 3583 1066 3624 non
1096 3566 1224 3622 sivit
1246 3580 1334 3621 me
1362 3566 1430 3621 ad
1453 3564 1732 3622 dexteram
1758 3575 1966 3636 partem
1996 3568 2204 3633 sedere,
2243 3567 2320 3622 ait
2356 3567 2489 3622 mihi
2521 3585 2533 3621 :
2567 3566 2707 3633 Quid
2738 3575 2968 3622 maestus
2997 3581 3057 3621 es
3079 3605 3097 3632 ,
3137 3565 3373 3651 Herma?
3404 3565 3582 3622 Locus
3615 3568 3710 3635 qui

441 3673 526 3719 est
571 3664 636 3718 ad
683 3664 997 3728 dexteram,
1045 3662 1262 3716 illorum
1297 3669 1383 3715 est
1425 3660 1519 3731 qui
1559 3661 1672 3732 jam
1721 3672 2036 3717 meruerunt
2075 3661 2281 3728 Deum,
2329 3673 2384 3718 et
2415 3663 2563 3734 passi
2608 3673 2737 3719 sunt
2779 3678 2944 3719 causa
2992 3663 3236 3720 nominis
3265 3665 3387 3733 ejus
3421 3663 3555 3734 (70).
3590 3661 3713 3719 Tibi

440 3765 623 3810 autem
652 3763 900 3825 superest
932 3751 1268 3817 multum,ut
1297 3766 1422 3806 cum
1464 3752 1572 3808 illis
1611 3752 1825 3808 sedeas.
1872 3751 2026 3810 Sicut
2067 3769 2287 3823 manes,
2325 3755 2379 3810 in
2428 3755 2776 3827 simplicitate
2819 3765 2909 3810 tua
2944 3770 3223 3825 permane,
3258 3765 3312 3810 et
3339 3757 3551 3812 sedcbis
3585 3771 3712 3813 cum

444 3849 575 3918 illis,
603 3859 659 3906 et
686 3851 996 3922 quicunque
1019 3847 1225 3904 fuerint
1253 3849 1462 3918 operati
1497 3849 1714 3904 illorum
1749 3863 1936 3919 opera,
1967 3858 2020 3904 et
2045 3849 2410 3906 sustinuerint
2440 3866 2564 3921 qua:
2616 3849 2693 3906 illi
2724 3849 3120 3905 sustinuerunt.

1910 3936 2139 3997 CAPUT
2177 3937 2241 3995 ll.

528 4041 660 4097 Dico
709 4043 758 4096 ei
796 4066 808 4097 ;
841 4041 1103 4106 Domina,
1139 4038 1330 4093 vellem
1375 4037 1517 4091 scire
1561 4051 1684 4105 quae
1732 4027 2137 4090 sustinuerunt.
2185 4033 2365 4098 Audi,
2407 4031 2583 4102 inquit
2615 4050 2629 4086 :
2661 4029 2829 4085 Feras
2860 4024 3062 4083 bestias
3088 4065 3104 4092 ,
3145 4020 3381 4087 ﬂagella,
3411 4024 3695 4091 carceres,

455 4149 648 4188 cruces
667 4175 683 4200 ,
723 4147 889 4188 causa
915 4131 1153 4186 nominis
1182 4131 1302 4200 ejus
1335 4129 1471 4196 (7|).
1501 4128 1727 4198 Propter
1754 4128 1859 4183 hoc
1879 4169 1894 4194 ,
1929 4129 2143 4183 illorum
2176 4137 2303 4183 sunt
2331 4127 2537 4181 dextra:
2567 4135 2748 4197 partes
2781 4122 3088 4178 sanctitatis
3110 4161 3125 4187 ,
3157 4127 3210 4173 et
3240 4113 3490 4186 quisquis
3516 4109 3694 4200 Paliaf

456 4237 547 4282 tur
576 4198 688 4296 (72)
717 4233 936 4294 propter
963 4237 1161 4276 nomen
1194 4198 1287 4276 Dei
1321 4220 1473 4292 (75);
1509 4220 1843 4290 reliquorum
1872 4229 2052 4275 autem
2083 4220 2324 4274 sinistra!
2349 4228 2533 4289 partes
2561 4227 2708 4272 sunt.
2737 4216 2842 4271 Sed
2876 4215 3124 4282 utrisque
3149 4209 3228 4264 eis
3261 4207 3398 4278 (74),
3423 4212 3476 4258 ει
3505 4199 3598 4271 qui
3630 4198 3700 4252 ad

453 4322 757 4386 dexteram,
795 4329 846 4374 et
876 4318 969 4388 qui
997 4317 1064 4371 ad
1093 4317 1371 4372 sinistram
1401 4316 1610 4381 sedent,
1640 4325 1770 4370 sunt
1789 4315 1931 4370 dona
1957 4323 2012 4370 et
2033 4315 2428 4386 promissiones
2449 4333 2462 4381 ;
2486 4322 2696 4368 tantum
2721 4311 2867 4383 quod
2898 4313 2966 4364 ad
3008 4309 3283 4363 dexteram
3311 4302 3560 4358 sedentes
3596 4297 3702 4384 ba-V

455 4416 585 4471 bent
621 4412 845 4484 gloriam
869 4411 1181 4482 quamdam.
1209 4406 1290 4460 Tu
1318 4416 1495 4461 autem
1524 4406 1753 4476 cupidus
1781 4424 1840 4461 es
1868 4408 2056 4462 sedere
2082 4406 2149 4460 ad
2173 4407 2418 4460 dextram
2447 4421 2571 4460 cum
2601 4405 2714 4470 eis;
2746 4403 2839 4459 sed
2868 4401 3192 4471 exiguitates
3219 4407 3324 4450 true
3345 4391 3525 4447 multae
3547 4401 3697 4484 sunt.

455 4482 853 4560 Emundaberis
878 4511 1058 4557 autem
1087 4503 1157 4556 ab
1179 4499 1564 4569 exiguitatibus
1586 4498 1715 4553 tuis.
1744 4497 1846 4552 Sed
1868 4507 1923 4552 et
1944 4512 2134 4552 omnes
2168 4498 2262 4580 qui
2285 4497 2435 4551 dubii
2465 4511 2572 4549 non
2616 4495 2846 4560 fuerint,
2877 4491 3321 4548 emundabuntur
3348 4485 3416 4539 ab
3441 4482 3701 4537 omnibus

1509 4633 1746 4702 VARIA‘J
1784 4631 2167 4688 LECTIONES
2203 4633 2292 4688 ET
2322 4629 2554 4686 ΝΟΤᾸΞ.

454 4758 746 4841 Emam,
767 4771 930 4841 quam
961 4753 1477 4841 Latinusinterpres
1501 4750 2018 4841 verteritsibgltum_.
2334 4749 2561 4841 (indiget
2578 4747 2776 4841 Lamb.
2811 4744 2960 4816 Apud
2996 4759 3094 4796 me.

459 4819 899 4911 Sicut'inlra'lib.
933 4844 1011 4893 ιι,
1056 4826 1239 4914 mund:
1270 4841 1322 4878 vr
1344 4819 1370 4888 ,’
1393 4823 1653 4892 ἀγγέλους
1684 4832 1738 4876 ct
1773 4819 2020 4890 ἄγγελον,

1161 4826 1239 4914 :21.-
1270 4841 1322 4878 νι
1344 4819 1370 4888 ί
1393 4823 1653 4892 ἀγγέλους
1684 4832 1738 4876 οι
1773 4819 2020 4890 ἀγγελονὶ
2198 4821 2311 4914 ἐξίει
2346 4819 2535 4914 ελῖξξξξξξ·
2571 4821 2770 4914 9597313:-

455 4901 630 4969 genios
663 4915 727 4953 ac
758 4900 964 4968 genium
998 4889 1249 4952 reddidit.
1443 4889 1451 4892 “
1479 4889 1488 4892 ’
1825 4889 1829 4890 ⁷
2199 4889 2312 4961 (67)
2348 4889 2535 4942 Lamb.
2568 4889 2766 4942 edita-il.
3003 4953 3014 4965 O

530 4969 642 5038 (56)
673 4968 864 5039 Lamb.
893 4968 1121 5039 libellum
1148 4979 1322 5039 suum.
1362 5035 1374 5039 _
1505 5034 1516 5039 _
1660 5033 1670 5039 _
1758 5034 1770 5039 _
2341 4959 2531 5039 Lami).
2556 4975 2678 5039 cum
2711 4956 2856 5039 Fello
2886 4955 3014 5039 fac-tt
3040 4967 3338 5039 eumut“:

528 5020 642 5107 (ΞΠ)
913 5020 1104 5109 Curru.
1137 5045 1190 5089 et
1227 5034 1415 5109 Lamb.
1444 5034 1603 5109 scient
1623 5033 1792 5086 elei-ti.
2342 5020 3485 5109 Laud).“liceriqu(intendit-lluthCogitante
3515 5030 3660 5083 ergo.

675 5091 865 5161 Lamb.
885 5091 1196 5174 Crappatw.
1228 5105 1319 5176 Sic
1347 5120 1468 5159 mox
1493 5144 1509 5168 ,
1539 5103 1816 5176 Gruppate.
1850 5173 1858 5176 _

1850 5173 1858 5176 _
2345 5100 2499 5176 liudl.
2539 5091 2764 5150 Domini.
2793 5095 2860 5176 ᾼι
2901 5091 3443 5176 Χιωῳτλόθιιβιβζιέζτζ

675 5154 1260 5250 ilus:
1273 5154 1526 5243 ﬂagitii,
1549 5154 1563 5156 —
1582 5154 1741 5226 habet
1781 5154 2020 5242 jejunus.
2343 5169 2575 5250 liursus,
2606 5177 2664 5248 ut
2686 5167 2868 5230 modo,
2901 5165 3052 5218 Bodl.
3522 5155 3696 5250 (If-(fil-

532 5225 641 5250 (νη
681 5225 779 5232 -----
815 5225 870 5231 τ-
1140 5225 1227 5243 τη
1584 5225 1611 5226 η
1656 5225 1675 5226 η
1781 5225 1850 5242 ,ι
2010 5225 2013 5226 ν
2201 5225 2213 5240 κ
2294 5225 2306 5241 ,
2565 5225 2574 5234 ι
2651 5240 2660 5248 ,
2857 5225 2865 5230 -
3264 5230 3274 5240 .
3629 5226 3638 5234 .

460 5249 614 5304 Bodl.
643 5266 792 5316 egens
816 5265 887 5302 es.
921 5245 1110 5301 Lamb.
1142 5262 1332 5316 egenus
1354 5261 1429 5316 es.
1796 5315 1803 5316 ί
2197 5241 2308 5316 (7;)
2341 5240 2533 5316 Lamb.
2572 5252 2863 5307 quicunque
2911 5250 3094 5303 passus
3137 5232 3315 5300 fuerit.
3357 5225 3510 5280 Bodl.
3550 5241 3700 5293 quis-

531 5323 640 5390 (60)
672 5312 866 5373 Lamb.
897 5321 942 5372 ei
973 5318 1134 5387 loqui.
1174 5315 1386 5379 Fellus,
1413 5314 1554 5384 loqui
1591 5316 1729 5369 ei....
1772 5315 2018 5368 dicerem.
2123 5315 2239 5380 quis
2269 5329 2320 5376 ρ.
2359 5312 2400 5378 f.
2620 5378 2628 5386 _
2658 5378 2669 5389 .

531 5392 644 5451 (6|)
684 5389 875 5444 Lamb.
907 5391 1180 5442 a'stimuri.
2197 5380 2308 5451 (73)
2347 5381 2504 5434 Deest
2535 5378 2628 5451 De:
2657 5394 2710 5430 ιιι
2741 5375 2927 5451 Lamb.

531 5399 644 5459 (61)
686 5399 875 5444 Lamb.
907 5402 1180 5442 a'smmm.
2197 5399 2308 5451 (In)
2347 5399 2504 5434 UCCSI
2535 5399 2628 5431 uel
2657 5399 2710 5430 ιιι
2741 5399 2927 5430 unum.
3306 5441 3316 5451 .
3637 5437 3648 5447 θ

531 5462 642 5530 (62)
678 5461 865 5514 Lamb.
899 5459 1136 5512 timeam.
1178 5458 1269 5511 Sic
1289 5453 1576 5530 gli’cllus.
2129 5520 2146 5530 _
2202 5452 2312 5530 (7b)
2349 5451 2474 5530 Mss.
2521 5449 2707 5503 Carm.
2763 5457 2816 5529 et
2872 5444 2929 5528 S.
2980 5444 3554 5530 (ἔαρι-ιιι.,ιιιιι-ξᾳιιξμςε⁸
3596 5452 3698 5530 εικᾶ

1287 5497 1486 5591 [:‘cllus,
1515 5497 1665 5578 erecti
1698 5541 1722 5577 ε
1747 5535 1837 5578 :nt.
2129 5497 2319 5597 Lainbl.
2363 5522 2596 5597 utrisque
2643 5534 2705 5572 ex
2734 5519 2807 5572 eis
2837 5517 2924 5587 qui
2975 5519 3041 5567 ad
3079 5517 3342 5568 dexteram
3373 5510 3591 5572 sedent,
3627 5497 3702 5560 ad

529 5593 640 5673 (6i)
672 5603 848 5668 Bo.ll.,
879 5598 1066 5654 Lamb.
1094 5607 1144 5652 et
1173 5598 1354 5652 Carm.
1388 5597 1731 5665 horripilatio.
2123 5593 2387 5647 siui:.tram
2417 5593 2612 5644 sedent.
