4010 6150
229 236 328 293 9"}!
1354 225 1647 282 PASTOR.
1691 253 1758 264 ——
1799 222 1812 278 Ι

1918 263 1927 276 .
1969 221 2012 288 l,
2053 218 2235 277 VISIO
2274 218 2360 276 Ill.
3390 221 3501 280 ξ)θὲν

229 353 471 426 peccatis
501 352 556 407 in
583 352 733 408 hunc
762 349 928 408 diem.
961 343 1030 404 Et
1068 361 1192 404 cum
1238 343 1356 401 haec
1385 345 1652 407 dixisset,
1684 343 1903 398 volebat
1927 341 2098 396 abire.
2125 340 2191 394 Et
2212 339 2504 411 procidens
2546 338 2621 394 illi
2666 337 2734 394 ad
2766 338 2966 409 pedes,
2997 337 3184 410 rogavi
3214 337 3362 394 illam
3397 354 3496 408 per

235 446 553 512 Dominum,
594 455 653 498 ut
679 445 811 498 mihi
839 443 1239 498 demonstraret
1265 441 1408 510 quod
1440 439 1831 509 repromiscrat
1857 437 2054 492 visum.
2089 437 2156 490 At
2201 436 2291 490 illa
2319 450 2517 490 rursus
2543 435 2901 505 apprehendit
2931 451 3154 490 manum
3186 450 3362 490 meam
3385 476 3400 497 ,
3440 445 3498 491 et

232 536 410 595 erexit
434 551 543 602 me,
573 544 629 591 et
659 535 786 589 fecit
810 535 997 589 sedere
1021 547 1188 601 super
1217 530 1542 586 subsellium
1566 529 1635 583 ad
1669 528 1988 593 sinistram;
2020 537 2075 582 et
2111 525 2319 580 elevata
2363 525 2513 595 virga
2539 525 2775 594 quadam
2810 527 3116 596 splendida,
3140 529 3279 582 dixit
3309 527 3442 582 mihi
3476 543 3492 579 :

234 635 402 692 Vides
429 651 544 691 rem
573 632 866 704 magnam?
894 632 1024 686 Dico
1053 633 1103 686 ei
1130 649 1144 686 :
1179 630 1408 686 Domina
1432 672 1447 694 ,
1475 629 1611 683 nihil
1644 629 1825 682 video.
1859 625 1999 682 Ecce
2031 626 2149 697 (75)
2179 641 2286 680 non
2321 624 2476 680 vides
2501 633 2689 678 contra
2721 631 2772 677 te
2797 625 2990 678 turrim
3035 641 3285 696 magnam
3311 667 3327 690 ,
3373 641 3497 695 quae
3611 629 3624 641 ‘

233 725 537 780 aediﬁcatur
564 739 728 792 super
750 738 952 792 aquas,
975 720 1251 792 lapidibus
1289 721 1517 792 quadris
1546 719 1660 790 (76)
1697 717 2044 789 splendidis?
2098 719 2156 772 In
2187 717 2458 787 quadrato
2485 716 2630 771 enim
2673 711 3047 770 aediﬁcabatur
3076 715 3244 768 turris
3281 713 3352 768 ab
3387 713 3496 766 illis

235 831 329 872 sex
356 816 670 886 juvenibus,
697 813 789 883 qui
821 821 1082 868 venerant
1103 828 1231 868 cum
1258 811 1370 866 illa.
1398 809 1516 864 Alia
1541 821 1725 865 autem
1750 809 1921 864 multa
1947 807 2118 862 millia
2145 809 2389 862 virorum
2416 801 3031 886 apportabantlapides.
3056 800 3289 867 Quidam
3313 810 3494 854 autem

235 911 306 966 de
332 911 601 982 profundo
635 911 925 965 trahebant
954 909 1188 980 lapides;
1217 909 1309 964 alii
1345 909 1413 964 de
1445 919 1588 963 terra
1635 906 2078 972 transferebant,
2133 913 2183 960 et
2222 903 2574 974 porrigebant
2615 901 2722 956 illis
2752 914 2847 954 sex
2872 895 3187 966 juvenibus.
3220 892 3393 949 Porro
3418 892 3497 947 illi

233 1003 598 1079 accipiebant,
632 1016 687 1062 et
709 1006 1073 1062 .‘edilicabant.
1103 1001 1212 1056 Eos
1236 1011 1418 1057 autem
1447 1002 1542 1072 qui
1579 1001 1648 1056 de
1681 999 1953 1072 profundo
1978 999 2407 1055 extrahebantur
2431 997 2659 1068 lapides,
2692 1009 2884 1050 omnes
2909 992 2988 1047 sic
3008 990 3352 1060 ponebantur
3381 987 3496 1058 (77)

238 1101 294 1156 in
336 1109 666 1157 structuram
695 1118 709 1154 :
733 1098 886 1169 politi
908 1095 1056 1150 enim
1081 1104 1257 1159 erant,
1285 1101 1338 1146 et
1367 1091 1758 1146 convenientes
1783 1091 2168 1146 commissurae
2193 1103 2320 1143 cum
2355 1087 2464 1141 illis
2488 1085 2602 1158 (78)
2634 1085 2908 1155 lapidibus
2932 1101 2946 1150 ;
2980 1083 3170 1153 sicque
3195 1080 3497 1149 conjunge-

238 1195 439 1250 bantur
467 1195 608 1250 alius
637 1197 704 1248 ad
747 1193 937 1257 alium,
980 1190 1055 1245 ita
1089 1201 1148 1244 ut
1172 1188 1550 1244 commissurae
1577 1203 1768 1244 eorum
1800 1203 1908 1242 non
1954 1193 2202 1257 paterent
2240 1184 2376 1254 (79).
2419 1182 2487 1237 Et
2520 1182 2576 1236 in
2616 1183 2764 1235 hunc
2792 1181 3014 1236 modum
3059 1175 3354 1248 apparebat
3385 1173 3499 1244 (80)

243 1295 518 1340 structura
551 1285 740 1350 turris,
769 1293 1030 1354 tanquam
1059 1295 1124 1335 ex
1153 1294 1265 1334 uno
1290 1279 1470 1349 lapide
1494 1277 1783 1333 aediﬁcata.
1817 1278 2056 1334 Caeteros
2075 1286 2259 1333 autem
2289 1276 2497 1347 lapides
2527 1274 2622 1346 qui
2663 1273 3030 1329 all‘erebantur
3052 1269 3119 1324 de
3145 1277 3307 1330 terra,
3333 1281 3501 1337 quos-

242 1377 366 1431 dam
401 1377 623 1448 quidem
657 1377 1004 1446 rejiciebant,
1036 1379 1300 1448 quosdam
1343 1395 1473 1433 vero
1502 1379 1835 1447 adaptabant
1857 1378 1972 1448 (81)
2003 1379 2058 1432 in
2091 1386 2441 1434 structuram.
2469 1373 2624 1429 Alios
2661 1370 3019 1446 excidebant,
3041 1377 3093 1422 et
3137 1363 3503 1436 projiciebant

243 1470 405 1541 longe
431 1486 461 1524 a
487 1470 643 1524 turri.
667 1469 774 1524 Alii
805 1479 986 1526 autem
1017 1469 1224 1539 lapides
1245 1469 1403 1524 multi
1428 1470 1574 1524 circa
1601 1471 1800 1524 turrim
1824 1470 1986 1540 positi
2013 1478 2170 1524 erant
2199 1467 2312 1538 (82)
2339 1485 2354 1533 ;
2383 1475 2435 1521 et
2460 1481 2566 1520 non
2594 1464 2890 1519 utebantur
2912 1462 3019 1516 illis
3049 1461 3117 1515 ad
3143 1467 3498 1514 structuram.

245 1559 416 1616 Erant
467 1562 612 1616 enim
649 1563 867 1632 quidam
915 1579 981 1618 ex
1011 1563 1119 1620 illis
1154 1564 1422 1631 scabrosi,
1473 1564 1565 1618 alii
1598 1574 1780 1620 autem
1815 1565 2084 1621 scissuras
2109 1563 2419 1630 habebant,
2463 1562 2556 1616 alii
2585 1575 2715 1616 vero
2750 1558 2967 1615 candidi
3009 1569 3062 1612 et
3105 1555 3358 1620 rotundi,
3391 1569 3507 1607 non

246 1656 629 1712 convenientes
670 1659 722 1712 in
765 1667 1094 1714 structuram
1139 1661 1329 1737 turris.
1366 1659 1628 1716 Videbam
1675 1659 1856 1716 autem
1904 1662 2042 1717 alios
2083 1661 2293 1730 lapides
2340 1659 2532 1730 projici
2574 1659 2732 1728 longe
2763 1673 2792 1712 a
2828 1653 3004 1716 turri,
3037 1659 3090 1705 et
3121 1648 3421 1704 incidentes
3446 1646 3505 1699 in

249 1749 390 1803 viam
419 1749 553 1819 (85),
580 1758 633 1804 et
661 1766 768 1804 non
801 1761 1082 1808 manentes
1104 1751 1158 1805 in
1185 1752 1305 1825 via,
1337 1752 1429 1830 sed
1459 1752 1602 1806 volvi
1633 1752 1700 1808 de
1725 1753 1810 1807 via
1847 1753 1902 1807 in
1932 1754 2112 1808 locum
2143 1752 2420 1807 desertum
2449 1769 2464 1817 ;
2496 1751 2633 1805 alios
2664 1758 2845 1804 autem
2875 1747 2928 1800 in
2961 1745 3140 1815 ignem
3173 1739 3506 1830 incidentem

248 1850 303 1894 ct
326 1841 576 1896 ardentes
600 1859 614 1907 ;
640 1843 778 1897 alios
800 1843 1056 1898 cadentes
1082 1859 1244 1900 secus
1272 1829 1504 1918 aquam,
1538 1863 1639 1904 nec
1685 1863 1850 1918 posse
1903 1849 2047 1904 volvi
2087 1849 2142 1903 in
2190 1863 2388 1920 aquam
2414 1887 2430 1914 ,
2469 1844 2777 1901 volentibus
2814 1838 3033 1910 quidem
3075 1835 3161 1890 eis
3195 1834 3400 1888 intrare
3447 1829 3511 1884 in

249 1950 468 2006 aquam.

322 2117 388 2174 Et
419 2135 541 2175 cum
573 2121 689 2177 haec
717 2123 851 2178 mihi
903 2124 1350 2190 demonstrasset,
1395 2127 1608 2181 volebat
1649 2035 1920 2185 rigati:
1925 2038 2066 2196 (8141)]:
2094 2127 2226 2183 Dico
2268 2127 2318 2182 ei
2348 2145 2363 2181 :
2393 2125 2643 2189 Domina,
2676 2120 2808 2193 quid
2840 2116 2976 2173 mihi
3014 2114 3237 2186 prodest
3281 2115 3395 2167 haec
3423 2111 3510 2165 vi-

249 2208 416 2274 disse.
442 2221 495 2266 et
524 2229 628 2293 non
657 2215 798 2270 scire
819 2234 941 2288 qua:
965 2223 1075 2278 sint
1095 2223 1179 2279 hae
1204 2225 1332 2281 res?
1364 2225 1717 2297 Respondeas
1745 2230 1884 2284 dixit
1910 2229 2044 2284 mihi
2077 2247 2090 2282 τ
2118 2228 2392 2283 Versutus
2422 2241 2483 2281 es
2514 2225 2702 2284 homo,
2735 2213 2925 2270 volens
2952 2209 3093 2266 scire
3113 2222 3178 2261 ea
3209 2220 3330 2275 (ιιικ
3357 2203 3506 2258 εἶναι

251 2301 444 2356 turrim
471 2312 617 2358 sunt.
649 2304 747 2371 Ita,
779 2307 1023 2379 inquam,
1051 2315 1296 2384 domina,
1330 2329 1386 2372 ut
1415 2318 1680 2375 fratribus
1710 2321 2052 2385 annuntiem,
2094 2329 2148 2375 et
2178 2320 2468 2374 hilariores
2510 2316 2670 2381 liant;
2705 2311 2897 2366 etlnec
2923 2306 3206 2362 audientes
3241 2302 3508 2357 honorill-

253 2405 377 2450 cent
404 2395 692 2454 Dominum
723 2415 847 2456 cum
877 2405 1044 2460 multa
1077 2407 1273 2476 gloria.
1303 2408 1370 2462 Et
1418 2410 1506 2465 illa
1547 2411 1661 2466 ait:
1696 2413 1933 2467 Audient
1964 2412 2184 2483 quidem
2223 2411 2380 2466 multi
2407 2429 2422 2478 ;
2447 2418 2502 2465 et
2531 2423 2655 2464 cum
2695 2401 2974 2460 audierint
2997 2439 3012 2465 ,
3055 2398 3280 2468 quidam
3313 2410 3377 2449 ex
3423 2394 3515 2448 eis-

252 2487 598 2558 gaudebunt,
629 2491 852 2560 quidam
879 2506 1060 2552 autem
1092 2498 1317 2556 ﬂebunt.
1353 2499 1458 2557 Sed
1486 2511 1541 2557 et
1567 2503 1658 2558 isti
1699 2503 1813 2576 (85)
1842 2504 2150 2571 audientes,
2177 2504 2222 2560 si
2253 2502 2630 2574 paenitentiam
2674 2501 2908 2570 egerint,
2939 2505 2993 2552 et
3034 2496 3135 2564 ipsi
3165 2492 3511 2564 gaudebunt.

251 2577 392 2634 Audi
425 2596 569 2636 nunc
592 2582 659 2637 de
679 2584 1037 2642 similitudine
1063 2591 1228 2645 turris
1257 2593 1440 2647 omnia
1472 2592 1608 2660 haec,
1638 2601 1693 2648 et
1732 2594 1998 2649 hactenus
2025 2594 2158 2649 mihi
2183 2594 2250 2649 de
2283 2593 2616 2648 revelatione
2648 2589 2934 2644 molestior
2957 2601 3080 2640 esse
3106 2584 3238 2637 noli.
3273 2581 3509 2635 Revela-

251 2670 430 2727 tiones
449 2674 594 2728 enim
620 2675 738 2730 ista:
765 2677 925 2732 linem
951 2681 1184 2736 habent:
1215 2683 1453 2752 impletae
1479 2694 1609 2739 sunt
1635 2685 1804 2739 enim.
1841 2684 1944 2740 Sed
1975 2695 2028 2741 tu
2063 2701 2172 2740 non
2214 2685 2422 2740 desinis
2457 2685 2510 2738 in
2544 2684 2775 2755 petendo
2807 2681 3190 2743 revelationes,
3221 2678 3517 2747 improbus

255 2764 369 2833 (86)
395 2765 540 2820 enim
570 2783 646 2823 es.
679 2767 872 2825 Turris
904 2772 1122 2841 quidem
1162 2792 1328 2846 quam
1356 2776 1508 2832 vides
1535 2777 1818 2840 aediﬁcari,
1851 2793 1954 2849 ego
1984 2793 2106 2833 sum
2136 2777 2405 2842 Ecclesia,
2433 2793 2555 2848 qua:
2591 2777 2688 2832 tibi
2719 2776 2945 2847 apparui
2971 2782 3026 2828 et
3057 2770 3222 2826 modo
3247 2779 3302 2825 et
3327 2769 3510 2840 prius.

253 2853 811 2932 Quodcunqueigitur
835 2863 1091 2931 volueris,
1122 2866 1395 2940 interroga
1415 2869 1482 2924 de
1505 2869 1674 2936 turri;
1700 2877 1754 2924 et
1779 2869 2030 2924 revelabo
2053 2869 2175 2934 tibi,
2206 2879 2266 2924 ut
2292 2869 2532 2940 gaudeas
2559 2884 2683 2924 cum
2718 2869 2944 2940 sanctis.
2981 2866 3116 2920 Dico
3131 2863 3181 2919 ei
3209 2884 3221 2918 :
3251 2861 3513 2928 Domina,

251 2947 509 3016 quoniam
542 2965 626 3004 me
656 2953 820 3006 semel
843 2953 1063 3026 dignum
1095 2959 1357 3016 arbitrata
1380 2976 1438 3016 es
1470 2969 1530 3016 ut
1556 2961 1744 3016 omnia
1778 2961 1911 3016 mihi
1948 2961 2176 3027 reveles,
2210 2965 2411 3018 revela.
2451 2963 2542 3016 Ait
2574 2962 2708 3017 mihi
2746 2981 2759 3016 :
2793 2939 3170 3028 Quodcunque
3206 2956 3514 3026 oportuerit

255 3039 354 3092 tibi
381 3041 630 3104 revelari,
663 3043 1031 3115 revelabitur;
1069 3059 1276 3106 tantum
1315 3060 1374 3106 ut
1396 3067 1488 3107 cor
1514 3061 1666 3106 tuum
1701 3054 1842 3123 apud
1872 3053 2164 3108 Dominum
2197 3054 2286 3118 sit,
2318 3063 2372 3109 et
2401 3070 2470 3109 ne
2502 3054 2739 3116 dubites,
2766 3057 3133 3124 quodcunque
3163 3052 3390 3105 videris.
3417 3052 3488 3105 In»
3517 3084 3522 3088 -

255 3138 520 3209 terrogavi
551 3139 663 3209 (87)
688 3142 836 3196 illam
871 3161 882 3195 :
916 3141 1096 3209 Quare
1123 3143 1292 3198 turris
1314 3142 1577 3198 aedificata
1608 3152 1692 3197 est
1723 3160 1888 3214 super
1911 3161 2105 3215 aquas,
2141 3146 2404 3200 domina?
2447 3145 2747 3217 Respondit
2777 3169 2790 3204 :
2835 3145 3088 3202 Dixeram
3118 3146 3212 3200 tibi
3240 3155 3293 3200 et
3331 3146 3506 3216 prius.

253 3241 537 3286 versutum
571 3240 623 3286 te
648 3247 767 3287 esse
793 3232 936 3287 circa
967 3242 1276 3288 structuras
1307 3233 1598 3303 diligenter
1623 3233 2019 3304 inquirentem;
2051 3235 2218 3306 igitur
2243 3235 2486 3290 invenies
2510 3239 2812 3294 veritatem.
2834 3240 3015 3306 Quare
3046 3254 3177 3309 ergo
3206 3252 3370 3306 super
3394 3235 3508 3306 (88)

258 3336 428 3391 aquas
448 3322 746 3377 aedificatur
771 3322 959 3388 turris,
986 3321 1111 3376 audi
1140 3341 1153 3376 :
1186 3322 1458 3388 Quoniam
1492 3323 1603 3376 vita
1649 3335 1829 3379 vestra
1881 3341 1978 3396 per
2021 3341 2221 3396 aquam
2273 3328 2423 3382 salva
2475 3327 2614 3383 facta
2656 3339 2757 3394 est,
2805 3339 2858 3384 et
2907 3331 2997 3384 ﬁet
3023 3331 3089 3382 ⁸⁷.
3134 3329 3385 3384 Fundata
3425 3338 3510 3383 est

258 3415 405 3468 enim
434 3415 602 3469 verbo
624 3413 1014 3484 omnipotentis
1040 3419 1095 3468 et
1123 3414 1412 3470 honoriﬁci
1441 3417 1681 3472 nominis
1709 3434 1722 3470 :
1750 3420 2062 3472 continetur
2092 3427 2274 3474 autem
2301 3419 2412 3491 (89)
2437 3421 2506 3476 ab
2531 3422 2795 3479 invisibili
2837 3428 3040 3482 virtute
3071 3425 3189 3481 Dei.

1697 3525 1927 3581 CAPUT
1965 3527 2053 3583 IV.

331 3602 686 3702 Respondeas
717 3609 840 3662 dico
862 3608 910 3662 ei
941 3626 956 3663 :
980 3609 1262 3682 Magniﬁce
1291 3613 1495 3670 habent
1516 3631 1574 3672 se
1599 3633 1686 3672 res
1717 3618 1820 3671 hae.
1849 3617 1925 3673 Illi
1953 3629 2134 3675 autem
2158 3620 2387 3690 juvenes
2406 3641 2501 3680 sex
2526 3627 2620 3696 qui
2647 3629 2938 3694 aediﬁcant,
2961 3632 3056 3702 qui
3078 3641 3228 3698 sunt,
3261 3632 3512 3700 domina?

258 3693 326 3750 lli
357 3697 469 3768 (90)
505 3709 632 3753 sunt
659 3701 834 3769 angeli
883 3701 994 3771 (9|)
1030 3701 1121 3756 Dei
1159 3706 1254 3776 qui
1301 3707 1479 3776 primo
1529 3709 1810 3764 constituti
1857 3721 2005 3778 sunt,
2039 3715 2240 3783 quibus
2283 3719 2506 3774 tradidit
2539 3693 2804 3779 Dominus
2845 3693 3158 3782 universam
3197 3693 3506 3782 creaturam

259 3805 438 3855 suam,
476 3793 718 3846 struendi
755 3793 889 3862 (92),
921 3795 1225 3852 aediﬁcandi
1258 3808 1312 3852 et
1334 3800 1649 3854 dominandi
1676 3811 1942 3858 creaturae
1971 3805 2137 3860 illius.
2169 3805 2273 3861 Per
2305 3809 2406 3865 hos
2432 3811 2578 3865 enim
2621 3813 2734 3881 (93)
2762 3819 3236 3874 consummabitur
3268 3829 3509 3876 structu-

259 3903 320 3943 ra
351 3889 538 3943 turris.
586 3889 776 3944 Ceteri
816 3898 998 3944 autem
1049 3890 1142 3960 qui
1172 3899 1460 3960 apportant
1489 3891 1601 3961 (94)
1633 3893 1840 3963 lapides
1881 3895 1975 3964 qui
2026 3899 2190 3952 sunt?
2217 3897 2282 3955 Et
2313 3901 2416 3970 ipsi
2450 3904 2626 3958 sancti
2653 3905 2765 3974 (95)
2809 3910 2987 3981 angeli
3018 3910 3233 3966 Domini
3261 3931 3275 3971 :
3304 3913 3397 3968 sed
3429 3911 3506 3966 illi

333 4009 415 4061 ⁸⁷1
455 4007 598 4063 Petr.
638 4024 720 4075 ut,
743 4007 836 4075 20,
868 4008 958 4064 21.

1317 4126 1553 4182 VABUE
1585 4127 1970 4185 LECTIONES
2008 4128 2099 4182 ET
2136 4127 2370 4184 ΝΟΤιΕ.

356 4241 444 4304 75)
480 4239 630 4294 Bodl.
657 4239 781 4294 add.
815 4237 900 4293 Ait
931 4238 1058 4292 mihi
1081 4255 1098 4292 :
1129 4237 1289 4301 Ecce.
1318 4251 1422 4294 etc.
2009 4239 2120 4305 (84)
2155 4237 2255 4294 Ms.
2282 4239 2340 4292 S.
2367 4238 2576 4306 Germ.,
2602 4241 2784 4296 Carm.
2813 4252 2866 4298 et
2889 4240 3080 4296 Lamb.
3105 4257 3388 4297 recurrere.

355 4309 443 4381 76)
479 4309 608 4382 Mss.
664 4309 722 4364 S.
769 4309 979 4377 Germ.,
1001 4311 1182 4364 Carm.
1212 4319 1266 4365 et
1303 4307 1493 4365 Lamb.
1533 4310 1827 4382 quadratis.
2007 4310 2120 4382 (δεῇ)
2162 4310 2235 4382 [ta
2256 4309 2864 4382 mss.S.Gei-tn..Carm.
2896 4324 2950 4367 et
2971 4309 3162 4367 Lamb.
3189 4312 3362 4380 Editi,
3399 4314 3504 4371 illi.

263 4376 355 4438 Sic
383 4376 437 4435 et
465 4381 662 4452 Fellus.
935 4376 970 4452 _'
1074 4451 1084 4452 ί
1182 4422 1212 4452 ί.
1545 4376 1581 4452 ’Δ
1672 4451 1677 4452 ί
2008 4376 2119 4452 (ὃρ)
2156 4378 2246 4452 _S_ic
2269 4378 2425 4452 Bodl.
2453 4390 2506 4434 et
2524 4380 2721 4452 Lamb.
2755 4383 2894 4437 Editi
2926 4385 3279 4452 importunus.

332 4452 444 4521 (77)
477 4451 606 4507 Mss.
634 4451 816 4506 Carm.
843 4458 897 4505 et
935 4448 1127 4506 Lamb.
1173 4451 1523 4518 imponebant.
1551 4449 1704 4507 Bodl.
1740 4467 1833 4520 po-
1970 4450 2123 4524 Δ(87)
2153 4449 2254 4524 Ms.
2277 4448 2700 4524 Lanib.:_R_euela
2718 4448 3199 4524 mihiquodcunque
3218 4455 3508 4522 oportuerit

264 4520 469 4578 nabant.
1939 4521 2038 4574 tibi
2066 4520 2312 4575 rein-lare.
2352 4521 2686 4575 Revelabitur
2723 4541 2755 4576 a
2793 4520 3198 4583 te.'tantum'ut
3223 4520 3314 4576 cor
3355 4536 3506 4578 tuum

333 4592 444 4660 (78)
479 4591 554 4663 ita
605 4601 837 4661 quatuor
883 4608 1016 4649 mss.
1067 4590 1126 4648 S.
1159 4591 1368 4659 Germ.,
1403 4591 1568 4660 Vict.,
1595 4591 1747 4648 Bodl.
1782 4600 1834 4646 et
1937 4591 2079 4663 apud
2114 4589 2396 4663 Dominum
2422 4593 2515 4663 sit,
2545 4603 2593 4645 et
2631 4609 2693 4646 ne
2715 4595 2923 4647 dubites
2956 4593 3110 4663 quod
3133 4609 3251 4644 eum
3289 4596 3504 4651 videris.

263 4658 453 4716 Lamb.
480 4658 642 4728 Editi,
688 4664 828 4717 aliis.
1356 4658 1360 4659 ⁷
1554 4658 1560 4660 ⁷
1939 4658 2291 4730 Interrogavi,
2321 4674 2425 4717 etc.
2454 4659 2665 4718 Laudat
2695 4666 2840 4718 hunc
2870 4658 3049 4718 locum
3077 4662 3330 4718 Clemens
3350 4667 3506 4721 Alex.

337 4734 450 4804 (79)
490 4731 706 4797 Lamb.,
733 4734 915 4790 Carm.
946 4743 1000 4788 et
1030 4732 1088 4788 S.
1125 4731 1308 4789 Germ.
1353 4743 1619 4800 parerent.
1662 4730 1754 4804 Sic
1781 4742 1833 4786 et

1375 4743 1619 4789 tat-arent.
1662 4730 1754 4804 Sic
1781 4742 1833 4786 et
1934 4731 2294 4804 Erptajt.__lib.
2327 4749 2384 4804 tt_,
2412 4748 2531 4800 cap.
2562 4733 2612 4796 l,
2643 4750 2762 4804 pag.
2794 4733 2920 4788 450.
2956 4768 2958 4770 -

264 4802 467 4869 Fellus,
486 4804 578 4872 qui
596 4811 788 4875 tamen
806 4804 1108 4875 legendum
1122 4799 1367 4875 conjicit,
1393 4814 1651 4874 paterent.
1679 4800 1834 4858 Hunc
2008 4801 2120 4871 (88)
2139 4799 2328 4875 (Bodl,
2352 4799 2543 4875 Lamb.
2577 4816 2630 4858 et
2644 4799 2835 4875 Carm.
2861 4806 3005 4858 circa
3031 4804 3342 4873 scripturas.
3371 4807 3502 4864 Dili-

265 4875 442 4945 lncum
475 4871 734 4945 describit
753 4871 1037 4945 Origenes,
1077 4871 1402 4930 Philocaliai
1445 4891 1566 4945 cap.
1600 4890 1722 4945 vin.
1935 4884 2117 4945 genter
2130 4873 2399 4945 inquirens
2431 4874 2617 4943 igitur.
2646 4873 2738 4928 Sic
2767 4874 2967 4930 Fellus.
2991 4871 3153 4928 Addit
3177 4875 3422 4934 Clericus
3452 4882 3506 4935 in

337 4943 450 5014 (80)
479 4942 633 4998 Bodl.
665 4954 716 4998 et
748 4939 941 5021 Lamb.
968 4943 1042 5021 _Et
1073 4946 1150 4997 sic
1170 4945 1408 5021 parebat.
1442 4939 1527 5000 lta'
1547 4955 1603 5000 ct
1627 4944 1829 5021 Fellus,
1934 4939 2038 4998 ins.
2068 4939 2265 5021 Lamb.
2291 4944 2362 4997 ita
2391 4939 2490 5021 legi
2520 4959 2535 4996 :
2572 4948 2888 5016 scripturas,
2913 4958 2962 4999 et
2991 4945 3361 5015 inquirentem.
3397 4949 3509 5021 lgi—

263 5013 446 5102 anuO
489 5025 670 5069 tamen
709 5030 813 5070 tus.
860 5016 1149 5071 lectionem
1191 5016 1373 5070 minus
1422 5025 1566 5071 recte
1602 5013 1834 5071 reddunt
1937 5015 2324 5102 turninve‘niens
2354 5013 2814 5102 ve‘ritateinﬂ'ttare
2835 5033 3009 5098 super,
3038 5013 3144 5070 etc.

261 5084 416 5141 editi.
2006 5084 2119 5154 (89)
2163 5084 2253 5140 Sic
2279 5101 2382 5140 ms.
2406 5085 2590 5139 Carm.
2629 5084 2794 5152 Editi,
2822 5084 2990 5147 enim.

335 5156 449 5225 (81)
477 5154 669 5226 Lamb.
699 5155 975 5226 ponebant.
1190 5225 1221 5226 η
2004 5156 2118 5226 (90)
2153 5155 2305 5209 Bodl.
2335 5157 2460 5210 add.
2486 5157 2575 5210 Ait
2607 5159 2734 5211 mihi
2760 5172 2779 5210 :
2811 5156 2905 5218 Ili,
2936 5168 3040 5211 etc.
3072 5155 3164 5212 Sic
3191 5169 3244 5213 et
3266 5159 3467 5216 Fellus.

337 5224 450 5296 (82)
498 5225 589 5281 Sic
614 5224 766 5282 Bodl.
797 5241 852 5280 et
873 5224 1064 5282 Lamb.
1093 5243 1158 5281 ex
1185 5225 1355 5282 Fello.
1392 5226 1533 5283 Editi
1553 5228 1825 5296 jacebant.
2004 5224 2116 5296 (9|)
2139 5226 2303 5281 Addit
2327 5226 2505 5282 Fellus
2529 5243 2593 5282 ex
2626 5227 2812 5282 Lamb.
2846 5230 3043 5283 sancti.

278 5297 421 5364 \pud
452 5296 760 5352 Russelium
808 5296 1093 5367 invertitur
1123 5298 1301 5353 lectio.
1334 5296 1514 5352 Monet
1553 5299 1598 5353 cl
1663 5298 1828 5353 Cote-
1996 5298 2116 5367 (92)
2157 5297 2256 5351 Ms.
2286 5298 2342 5351 8.
2374 5297 2581 5360 Germ.,
2603 5299 2785 5353 Carm.
2816 5309 2871 5352 et
2895 5298 3085 5352 Lamb.
3119 5301 3353 5355 creandi.
3379 5301 3506 5357 Fel-

267 5366 1247 5439 leriushuc‘respexisseﬂDidymum
1298 5369 1350 5422 in
1383 5369 1583 5423 Catena
1620 5369 1689 5421 ad
1725 5367 1827 5422 Job
1929 5366 2018 5423 lus
2060 5380 2238 5422 autem
2275 5386 2288 5423 :
2319 5381 2372 5423 ut
2416 5379 2700 5437 struerem,
2738 5370 3064 5438 aediﬁcarent
3094 5379 3143 5423 et
3173 5373 3506 5429 dominaren-

264 5454 384 5504 vtn,
415 5438 502 5505 l7,
544 5437 628 5504 l8,
676 5435 727 5507 p'.
758 5435 884 5492 202.
918 5435 1255 5506 l‘Jjus'verba
1295 5440 1434 5494 inter
1466 5439 1716 5494 Veterum
1749 5451 1829 5494 te—
1932 5451 2038 5493 tur.

266 5510 518 5581 stimonia
538 5509 790 5578 superius
817 5510 1004 5581 relata.
1029 5507 1126 5561 His
1147 5510 1322 5581 allinia
1354 5527 1479 5566 mox
1497 5511 1635 5564 infra
1667 5526 1822 5581 capp.
2000 5511 2113 5581 (95)
2143 5509 2297 5581 Bodl.
2328 5521 2381 5568 et
2403 5509 2592 5565 Lamb.
2616 5528 2760 5581 ergo.
2901 5569 2911 5579 ,

267 5581 300 5632 6
329 5589 380 5652 et
399 5579 547 5652 *7,_et
571 5581 663 5652 lib.
695 5595 776 5643 ιιι,
804 5579 968 5652 simil.
995 5595 1072 5641 is,
1098 5594 1259 5652 capp.
1284 5580 1342 5647 ti,
1370 5585 1422 5647 7,
1453 5585 1540 5637 5|.
1733 5579 1747 5581 7
1768 5579 1782 5580 ί
1999 5580 2110 5652 (94)
2142 5579 2292 5652 Bodl.
2321 5579 2692 5652 apportabunt.
2734 5582 2934 5648 Fellus,
2959 5583 3256 5651 deportant.

338 5650 450 5716 (83)
479 5648 667 5707 Lamb.
700 5651 950 5705 venientes
976 5651 1028 5703 in
1061 5650 1164 5703 ria.
1210 5648 1224 5650 ἡ
1998 5648 2112 5723 (95)
2151 5651 2248 5706 lis.
2281 5652 2336 5706 8.
2355 5648 2546 5708 Cerm.
2581 5667 2635 5709 et
2665 5654 2803 5709 Vict.
2831 5668 2876 5710 ct
2918 5648 3032 5728 ipsi
3053 5665 3173 5710 sunt
3204 5656 3395 5711 sancti.
