4010 6150
514 254 622 315 90-5
1959 244 2019 299 S.
2052 243 2095 299 Η

2220 241 2312 299 LE
3696 239 3803 294 θυι

512 382 644 431 sunt
672 371 757 427 his
779 366 1193 426 exeellentiorcs
1217 363 1353 439 (96).
1378 364 1516 427 Cum
1544 378 1675 436 ergo
1701 371 2084 419 consummata
2111 361 2277 417 fuerit
2298 369 2574 417 Structura
2602 362 2790 425 turris,
2823 372 3016 414 omnes
3038 354 3205 410 simul
3235 353 3611 423 epulabantur
3637 352 3802 421 juxta

513 469 730 531 turrim,
757 474 812 522 et
839 464 1277 520 honoriﬂcabnnt
1299 457 1627 520 Dominum;
1650 455 1910 528 quoniam
1937 458 2320 511 consummata
2362 455 2466 509 erit
2494 462 2769 510 structura
2810 452 2999 507 turris.
3032 445 3360 518 Interrogavi
3384 460 3511 501 eam
3548 446 3753 501 dicens
3776 466 3793 501 :

515 556 724 613 Vellent
753 556 895 611 seire
923 554 1129 609 exitum
1160 550 1427 619 lapidum,
1454 558 1508 603 et
1534 548 1642 601 vim
1671 561 1865 603 eorum
1889 547 2069 616 qualis
2099 547 2191 601 sit.
2226 544 2582 616 Respondens
2617 554 2831 607 autem,
2862 544 2999 598 dixit
3041 543 3174 598 mihi
3209 559 3222 595 :
3265 541 3529 612 Nunquid
3577 549 3638 596 tu
3688 558 3798 612 pr:

514 648 772 704 omnibus
804 645 996 700 melior
1021 657 1099 707 es,
1129 650 1190 696 ut
1218 641 1316 696 tibi
1350 641 1401 695 id
1439 639 1746 695 reveletur?
1775 639 1883 695 Alii
1924 640 2073 695 enim
2104 639 2316 711 priores
2354 647 2405 694 te
2434 646 2558 694 sunt
2593 650 2647 694 et
2676 640 2932 694 meliores
2961 647 3034 702 te,
3074 638 3276 710 quibus
3301 636 3604 708 oportebat
3631 652 3799 693 reve-

514 741 615 796 lari
645 738 886 794 visiones
911 737 1043 801 has;
1074 734 1166 788 sed
1199 742 1261 787 ut
1285 731 1682 787 honoriﬁcetur
1711 746 1911 787 nomen
1939 730 2056 797 Dei,
2098 732 2194 786 tibi
2225 732 2523 787 revelatum
2552 740 2638 786 est
2661 730 2777 801 (97)
2805 746 2821 796 ;
2866 737 2921 784 et
2946 727 3275 784 revelabitur
3299 737 3528 798 propter
3563 727 3801 792 dubios,

513 833 607 905 qui
638 832 885 898 cogitant
913 829 967 882 in
991 826 1252 882 cordibus
1282 828 1420 890 suis,
1452 837 1713 883 utrumne
1738 827 1848 882 sint
1869 827 2006 891 haec,
2031 841 2101 881 an
2126 842 2236 881 non
2281 826 2396 898 (98)
2423 827 2553 882 sint.
2581 824 2678 882 Dic
2707 826 2835 891 illis,
2865 823 3013 896 quod
3044 823 3162 880 haec
3183 824 3367 879 omnia
3396 831 3535 880 sunt
3558 839 3729 885 vera.
3750 833 3805 880 et

514 926 652 982 nihil
683 908 837 979 extra
869 920 1153 976 veritatem
1184 928 1300 987 est;
1326 919 1422 975 sed
1454 919 1643 975 omnia
1674 920 1851 983 lii-ina,
1884 928 2143 988 certeque
2166 918 2281 988 (99)
2306 917 2537 973 fundata
2566 928 2717 975 sunt.
2964 934 2965 937 η

1972 1025 2204 1086 CAPUT
2257 1025 2323 1082 V.

585 1130 730 1186 Audi
756 1145 903 1185 nunc
925 1135 979 1184 et
1007 1125 1075 1183 dc
1102 1125 1376 1197 lapidibus
1401 1124 1494 1196 qui
1525 1134 1654 1181 sunt
1697 1123 1749 1178 in
1777 1130 2075 1177 structura.
2117 1119 2351 1192 Lapides
2375 1120 2597 1194 quidem
2625 1121 2701 1176 illi
2733 1118 2991 1192 quadrati
3036 1127 3093 1174 et
3121 1117 3253 1185 albi,
3303 1119 3715 1176 convenientes
3744 1122 3800 1177 in

515 1225 896 1284 commissuris
922 1224 1060 1289 suis,
1095 1222 1133 1277 ii
1156 1228 1285 1277 sunt
1311 1216 1458 1289 (100)
1491 1215 1744 1285 apostoli,
1780 1224 1836 1269 et
1863 1212 2130 1283 episcopi,
2156 1221 2211 1268 et
2237 1213 2512 1277 doctores,
2541 1220 2595 1267 et
2638 1209 2896 1276 ministri,
2921 1208 3015 1282 qui
3043 1198 3275 1280 ingressi
3306 1216 3435 1264 sunt
3458 1207 3541 1279 (l)
3568 1209 3631 1263 in
3669 1210 3788 1265 cle—

517 1319 722 1374 mentia
749 1316 862 1382 Dei,
890 1324 944 1370 et
964 1315 1335 1386 episcopatum
1367 1316 1677 1381 gesserunt,
1705 1315 1760 1361 ct
1785 1305 2112 1367 docuerunt,
2136 1313 2191 1358 ct
2218 1303 2672 1359 ministraverunt
2712 1311 2902 1357 sancte
2930 1312 2987 1358 et
3011 1305 3260 1360 modeste
3286 1304 3477 1361 electis
3510 1303 3655 1373 Dei,
3700 1305 3800 1377 qui

516 1408 876 1469 dormierunt,
901 1406 1105 1475 quique
1130 1404 1310 1459 adhuc
1341 1408 1500 1466 sunt;
1531 1408 1587 1454 et
1622 1413 1838 1469 semper
1863 1412 1989 1452 cum
2016 1396 2124 1452 illis
2166 1404 2560 1466 convenerunt,
2592 1405 2646 1450 et
2689 1395 2744 1449 in
2779 1410 2838 1452 se
2877 1412 3066 1466 pacem
3110 1397 3441 1463 habuerunt,
3468 1407 3526 1453 et
3558 1416 3627 1456 se
3656 1401 3799 1455 invi-

518 1517 637 1557 cem
667 1499 745 1571 (2)
776 1499 1086 1553 audierunt.
1121 1494 1348 1564 Propter
1374 1493 1479 1548 hoc
1502 1493 1629 1547 etin
1654 1500 1986 1546 structuram
2017 1490 2184 1544 turris
2213 1490 2552 1544 conveniunt
2580 1489 2965 1546 commissurae
2986 1506 3202 1563 eorum.
3234 1493 3339 1560 Qui
3373 1509 3510 1549 vero
3540 1496 3619 1549 de
3650 1512 3787 1566 pro-

520 1589 690 1645 fundo
722 1586 1034 1641 tralmntur.
1061 1593 1115 1638 et
1137 1583 1495 1654 imponuntur
1524 1584 1577 1637 in
1603 1592 1878 1638 structura
1912 1581 2011 1652 (3),
2037 1589 2093 1636 et
2119 1581 2456 1636 conveniunt
2480 1581 2866 1638 commissura:
2891 1598 3083 1639 eorum
3113 1602 3239 1643 cum
3263 1586 3480 1642 caeteris
3504 1588 3796 1657 lapidibus

515 1681 609 1750 qui
637 1679 750 1749 jam
779 1676 1030 1731 aediﬁcati
1054 1684 1215 1741 sunt;
1244 1676 1277 1731 ii
1308 1686 1435 1732 sunt
1465 1676 1558 1747 qui
1583 1677 1697 1745 jam
1726 1675 2092 1741 dormierunt,
2115 1681 2170 1729 et
2196 1674 2342 1744 passi
2369 1684 2496 1729 sunt
2521 1689 2686 1730 causa
2716 1675 2955 1731 nominis
2995 1674 3237 1732 Domini.
3262 1678 3455 1734 Caneri
3483 1690 3681 1737 autem
3711 1685 3795 1738 la-

519 1772 673 1844 pides
707 1769 802 1840 Qui
831 1768 1263 1841 apportabantur
1299 1772 1377 1839 (4)
1408 1785 1439 1824 a
1473 1778 1639 1832 terra,
1674 1767 1799 1821 volo
1830 1767 1976 1823 seire
2003 1766 2082 1837 (5)
2106 1765 2202 1836 qui
2245 1765 2375 1831 sint,
2407 1767 2663 1824 domina.
2685 1766 2773 1821 Ait
2800 1783 2814 1819 :
2851 1765 2960 1824 Eos
2986 1768 3210 1839 quidem
3239 1771 3332 1840 qui
3364 1771 3418 1826 in
3443 1783 3663 1828 terrain
3700 1791 3789 1830 va-

518 1868 676 1932 dunt,
707 1874 761 1919 et
791 1880 898 1920 non
931 1873 1060 1918 sunt
1085 1863 1258 1932 politi,
1289 1861 1411 1916 illos
1442 1859 1586 1915 Deus
1620 1857 1887 1929 probavit,
1920 1857 2185 1925 quoniam
2228 1855 2306 1927 (6)
2336 1857 2569 1929 ingressi
2607 1869 2739 1914 sunt
2767 1859 2821 1913 in
2851 1860 3162 1930 aequitatem
3203 1859 3443 1926 Domini,
3482 1872 3542 1920 et
3569 1866 3795 1923 direxe-

520 1966 650 2013 rant
676 1959 792 2011 vias
824 1957 879 2012 in
912 1956 1184 2011 mandatis
1202 1954 1342 2025 ejus.
1374 1950 1478 2018 Qui
1501 1958 1685 2005 autem
1709 1948 2012 2004 all‘cruntur
2035 1957 2092 2002 ct
2114 1956 2395 2017 ponuntur
2423 1949 2475 2003 in
2505 1957 2784 2005 structura
2820 1950 3008 2017 turris,
3038 1951 3075 2006 ii
3108 1960 3238 2008 sunt
3259 1953 3337 2024 (7)
3357 1955 3566 2010 novelli
3596 1955 3657 2011 in
3690 1959 3795 2013 ﬁde

517 2057 575 2103 et
601 2047 809 2102 ﬁdeles.
834 2045 1267 2100 Commonentur
1296 2049 1479 2097 autem
1511 2040 1581 2094 ab
1603 2037 1811 2109 angelis
1844 2034 1912 2090 ad
1937 2034 2409 2104 benefaciendum,
2437 2048 2721 2108 pr0ptcrca
2761 2040 2909 2110 quod
2942 2055 3048 2094 non
3078 2051 3164 2098 est
3192 2043 3416 2099 inventa
3444 2047 3713 2117 nequitia
3741 2051 3795 2104 in

520 2139 647 2196 illis.
679 2137 829 2204 Quos
852 2145 1033 2191 autem
1061 2133 1379 2201 rejiciebant
1401 2140 1455 2186 et
1484 2128 1763 2199 ponebant
1785 2125 1861 2195 (8)
1881 2125 2037 2196 juxta
2065 2125 2283 2191 turrim,
2314 2127 2408 2194 qui
2436 2136 2566 2183 sunt
2600 2129 2675 2183 illi
2703 2130 2930 2201 (9)?Ait
2967 2132 3099 2186 mihi
3130 2150 3144 2186 :
3179 2130 3243 2187 lii
3268 2143 3399 2190 sunt
3450 2138 3555 2206 qui
3587 2155 3795 2210 pecca-

519 2239 735 2293 verunt,
765 2236 819 2281 rt
841 2227 1133 2283 volnt-runt
1154 2223 1528 2296 paenitentiam
1554 2233 1751 2291 agerc;
1776 2224 1998 2288 propter
2027 2217 2131 2272 hoc
2153 2232 2260 2272 non
2290 2226 2419 2273 sunt
2443 2218 2602 2289 longe
2628 2221 2852 2290 projecti
2883 2237 2911 2275 a
2945 2224 3101 2291 turri,
3134 2227 3395 2297 quoniam
3423 2230 3596 2287 utiles
3629 2245 3796 2287 erunt

521 2323 577 2377 in
600 2330 875 2377 structura
906 2317 1041 2389 (10),
1067 2316 1113 2372 si
1142 2313 1519 2386 pmnitentiam
1550 2310 1777 2380 egerint.
1809 2307 1914 2376 Qui
1943 2324 2075 2379 ergo
2113 2311 2490 2380 pmnitentiam
2528 2316 2701 2369 acturi
2735 2325 2884 2380 sunt,
2917 2316 2961 2372 si
2999 2320 3208 2389 egerint
3234 2321 3653 2390 posuitentiam,
3679 2326 3796 2380 for-

519 2421 604 2467 tes
628 2422 789 2466 erunt
816 2411 868 2465 in
896 2409 1035 2473 ﬁde;
1063 2406 1107 2461 si
1133 2422 1278 2460 nunc
1301 2403 1677 2475 pmnitentiam
1710 2400 1942 2472 egerint,
1966 2400 2096 2455 dum
2120 2402 2418 2459 aediﬁcatur
2438 2405 2626 2459 turris.
2649 2403 2784 2459 Nam
2808 2407 2852 2461 si
2876 2420 3255 2463 consummata
3284 2410 3454 2465 fuerit
3474 2421 3794 2490 structura,

516 2502 631 2571 jam
656 2502 781 2571 quis
812 2516 920 2554 non
957 2499 1117 2552 habet
1152 2496 1334 2551 locum
1368 2494 1461 2549 ubi
1502 2499 1757 2564 ponatur,
1789 2491 1884 2547 scd
1907 2491 2013 2546 erit
2041 2492 2337 2562 reprobus;
2396 2493 2739 2580 solummodo
2766 2508 2947 2553 autem
2982 2499 3085 2553 hoc
3131 2498 3368 2583 habebit,
3400 2501 3500 2572 qui
3526 2502 3653 2573 jam
3679 2505 3797 2574 (11)

522 2598 591 2652 ad
616 2597 811 2652 turrim
837 2594 1048 2665 positus
1081 2599 1185 2647 est.

1962 2674 2194 2732 CAPUT
2240 2676 2327 2732 Vl.

593 2778 697 2846 Qui
729 2789 910 2832 autem
933 2773 1333 2836 recidebantur,
1359 2779 1415 2826 et
1442 2770 1604 2841 longe
1629 2767 2062 2840 projiciebantur
2084 2784 2113 2823 a
2140 2779 2309 2833 turre,
2339 2770 2422 2826 vis
2450 2771 2594 2827 scire
2622 2772 2718 2842 qui
2742 2775 2911 2830 sunt?
2931 2774 3088 2846 Volo,
3115 2780 3361 2850 inquam,
3386 2783 3622 2839 domina
3652 2787 3790 2855 (l2).

521 2874 565 2928 Ii
598 2882 728 2929 sunt
751 2871 843 2926 lilii
879 2868 1205 2957 iniquitatis,
1228 2880 1281 2922 et
1307 2868 1399 2935 qui
1433 2864 1782 2920 crediderunt
1807 2861 1859 2916 in
1892 2860 2266 2925 simulatione,
2307 2869 2364 2917 et
2405 2863 2588 2919 omnis
2616 2867 2859 2935 nequitia
2889 2883 2997 2924 non
3046 2872 3298 2929 discessit
3357 2876 3473 2945 (l3)
3529 2877 3611 2931 ab
3657 2879 3743 2933 eis
3773 2896 3795 2933 :

524 2973 745 3037 propter
770 2965 874 3019 hoc
906 2977 1014 3016 non
1047 2952 1249 3016 habent
1277 2958 1507 3015 salutem
1534 2973 1548 3021 ;
1584 2954 1844 3026 quoniam
1880 2969 1985 3009 non
2012 2961 2141 3008 sunt
2162 2952 2325 3010 utiles
2347 2955 2402 3009 in
2435 2964 2709 3013 structura
2744 2960 2880 3032 (14),
2912 2973 3133 3035 propter
3150 2970 3424 3037 nequitias
3446 2986 3612 3026 suas.
3641 2970 3791 3039 Qua-

522 3066 745 3129 propter
773 3054 941 3110 excisi
970 3060 1100 3108 sunt
1121 3059 1176 3106 et
1202 3049 1359 3121 longe
1387 3048 1613 3119 projecti
1640 3057 1860 3117 propter
1899 3046 2038 3100 iram
2073 3044 2321 3113 Domini;
2357 3048 2487 3119 quia
2514 3051 2979 3111 exacerbaverunt
3019 3076 3169 3123 eum.
3200 3062 3446 3121 Crateros
3479 3078 3677 3125 autem
3707 3072 3790 3124 la-

523 3149 677 3220 pides
702 3162 841 3218 quos
868 3141 1051 3199 vidisti
1082 3140 1394 3211 complures
1442 3139 1682 3211 positos,
1717 3154 1825 3193 non
1858 3145 2054 3194 euntes
2104 3137 2158 3192 in
2209 3147 2545 3229 structuram
2574 3161 2588 3209 ;
2629 3142 2663 3196 ii
2705 3145 2924 3213 quidem
2956 3153 3050 3218 qui
3080 3155 3320 3211 scabrosi
3367 3167 3525 3212 erant
3561 3159 3710 3229 (15),
3734 3160 3795 3215 hi

521 3249 653 3295 sunt
684 3238 776 3309 qui
809 3240 1186 3308 cognoverunt
1211 3229 1519 3292 veritatem,
1545 3234 1601 3282 et
1633 3242 1732 3283 nec
1763 3234 2187 3317 permanserunt
2210 3226 2262 3317 in
2290 3242 2376 3317 ea,
2410 3243 2510 3284 nec
2539 3230 2817 3301 conjuncti
2864 3249 2991 3294 sunt
3021 3244 3263 3310 sanctis;
3293 3255 3518 3317 propter
3550 3226 3673 3305 bon
3705 3253 3793 3305 in-

522 3332 686 3387 utiles
711 3336 859 3387 sunt.
891 3327 1199 3394 Qui‘atttem
1231 3323 1504 3378 scissuras
1537 3318 1833 3380 habebant,
1860 3316 1916 3370 hi
1939 3325 2069 3371 sunt
2097 3315 2188 3386 qui
2220 3315 2332 3387 (l6)
2360 3318 2501 3374 alius
2534 3322 2796 3380 adversus
2837 3326 3004 3384 anum
3052 3333 3105 3386 εη
3138 3315 3408 3391 mrdibus'
3429 3334 3793 3394 discordiam

524 3428 746 3493 habent,
775 3433 831 3480 et
861 3440 969 3478 non
1001 3422 1203 3477 habent
1233 3415 1343 3487 (17)
1380 3427 1567 3483 pacem
1596 3411 1737 3464 inter
1787 3424 1846 3464 se
1878 3424 1892 3460 :
1923 3407 1976 3462 in
2009 3409 2296 3478 praesentia
2320 3409 2433 3478 (18)
2453 3412 2679 3480 quidem
2711 3410 2900 3485 pacem
2932 3420 3228 3494 habentes,
3269 3442 3393 3483 cum
3418 3440 3614 3485 autem
3643 3449 3793 3488 unus

523 3520 595 3575 ab
622 3519 730 3574 alio
755 3514 1091 3578 discesserit,
1118 3508 1357 3581 nequitia
1392 3518 1582 3561 eorum
1619 3502 1673 3555 in
1709 3499 1969 3555 cordibus
2011 3510 2313 3569 permanet.
2361 3499 2455 3557 Hae
2487 3513 2617 3559 sunt
2656 3521 2786 3576 ergo
2816 3511 3095 3583 scissurze,
3127 3532 3265 3586 quas
3296 3518 3499 3575 habent
3541 3519 3787 3590 lapides.

523 3609 629 3678 Qui
659 3623 786 3663 vero
823 3606 962 3661 curti
988 3611 1137 3668 sunt,
1170 3600 1207 3654 ii
1243 3609 1372 3654 sunt
1398 3595 1491 3667 qui
1518 3592 1868 3649 crediderunt
1893 3590 2138 3661 quidem,
2169 3590 2460 3662 plurimam
2494 3605 2708 3664 partem
2734 3599 3000 3660 habentes
3035 3603 3337 3675 iniquitatis
3369 3607 3525 3677 (i9);
3555 3621 3793 3680 propter

525 3704 631 3760 hoc
656 3702 820 3763 curti,
847 3710 901 3755 et
932 3715 1037 3752 non
1077 3691 1271 3767 integri
1315 3696 1464 3745 sunt.
1496 3682 1723 3741 Candidi
1770 3691 1950 3736 autem
1980 3691 2037 3736 et
2079 3683 2320 3749 rotundi,
2346 3692 2403 3737 et
2430 3701 2537 3740 non
2562 3689 2947 3749 convenientes
2979 3694 3030 3748 in
3074 3704 3404 3752 structuram
3438 3702 3619 3757 turris
3647 3742 3665 3763 .
3692 3704 3788 3772 qui

525 3804 677 3859 sunt,
711 3791 970 3847 domina?
998 3785 1359 3858 Respondeas
1384 3777 1515 3834 mihi
1536 3818 1554 3844 ,
1594 3774 1732 3830 dixit
1765 3792 1779 3828 :
1821 3772 2121 3843 Usquequo
2152 3776 2354 3831 stultus
2380 3791 2440 3832 es
2467 3786 2522 3833 et
2553 3779 2867 3842 insensatus
2894 3805 2910 3854 ;
2949 3796 3005 3842 et
3027 3789 3213 3842 omnia
3245 3788 3575 3862 interrogas,
3613 3805 3674 3849 et
3703 3797 3787 3849 ni-

523 3884 602 3942 hil
636 3884 926 3955 intelligis?
966 3879 1028 3934 Hi
1063 3885 1195 3960 sunt
1223 3873 1486 3928 habentes
1525 3863 1745 3938 quidem
1778 3862 1962 3928 Iidem,
1995 3863 2258 3918 habentes
2281 3873 2463 3919 autem
2489 3875 2544 3921 ct
2564 3868 2783 3927 divitias
2815 3873 2980 3946 hujus
3011 3884 3222 3939 seculi.
3243 3885 3379 3940 Cum
3406 3902 3543 3960 ergo
3563 3892 3787 3947 τω,αῄ

1619 3984 1856 4042 VARIzE
1891 3983 2276 4042 LECTIONES
2309 3989 2398 4044 ET
2436 3987 2665 4045 ΝΟΤᾹΞ.

599 4109 711 4180 (96)
749 4108 850 4165 Ms.
897 4108 955 4164 S.
987 4109 1168 4164 Germ.
1209 4118 1263 4180 et
1286 4108 1471 4180 Carm.
1498 4103 1554 4157 lii
1582 4111 1756 4155 autem
1790 4099 2092 4168 prterellen-
2376 4101 2528 4180 Lindi.
2561 4106 2716 4180 scire,
2747 4107 2986 4176 inquam.

527 4171 770 4234 tes'illos.
798 4180 986 4234 Lamb.
1015 4179 1364 4249 prwcellentes
1392 4176 1554 4249 illis.__
1850 4239 1915 4249 M
2376 4172 2528 4249 βηαι.
2554 4177 2664 4249 qni,
2689 4192 2786 4244 pro
2806 4171 3074 4247 quoniam.

601 4251 712 4324 (97)
743 4251 995 4324 Clemens
1015 4239 1178 4324 'Alex.
1223 4249 1477 4324 Stptdﬂ.,_
1502 4242 1822 4324 "ben-cap.
1847 4239 1939 4324 ἓξ),
1964 4255 2081 4324 pag.

2364 4239 2575 4324 ‘Lamb.
2592 4246 2651 4324 in
2688 4239 3010 4324 iuncturam
3036 4252 3223 4324 trinis,
3247 4253 3338 4322 qui
3356 4266 3479 4309 sunt
3504 4258 3535 4310 .’
3553 4260 3598 4313 ii
3624 4273 3779 4318 sunt.

526 4320 654 4385 «120,
682 4310 826 4375 hunc
861 4323 1039 4376 locum
1072 4322 1219 4375 hisce
1241 4310 1422 4371 verbis
1446 4310 1707 4369 describit
1733 4329 1747 4366 :
1778 4310 1951 4372 θείως
1963 4311 2088 4391 φτοί-
2264 4312 2342 4433 (:3)
2363 4312 2491 4369 Mss.
2513 4314 2987 4382 S.Gcrm.,Carm.
3005 4310 3270 4378 etLam'b:
3282 4310 3783 4395 projicieboniigic

526 4408 619 4433 νην
644 4391 675 4433 ἢ
701 4389 1069 4433 δύναιιιεῆτῶ
1096 4390 1270 4433 'Enua
1298 4386 1441 4433 κατὰ
1463 4382 1799 4433 ἀποκάλυψιν
1831 4378 2081 4433 λαλουσαο
2191 4389 2247 4433 et
2312 4384 2470 4433 ellus.

523 4408 619 4445 νυν
701 4391 927 4463 δύναμις
943 4389 1069 4477 ήτῴ
1096 4390 1271 4513 Ἐρζιᾷ
1298 4386 1441 4440 κατὰ
1463 4382 1799 4467 ἀποξεάλυψιν
1831 4382 2081 4467 λαλοῦσει·

629 4462 904 4539 Δὁράματα2
938 4477 1089 4539 φῃσιι,
1125 4477 1218 4539 καὴ
1250 4458 1317 4539 7&-
1351 4453 1810 4539 ἁποπςαλυμματα,
1830 4449 1934 4539 sttit
1954 4465 2088 4539 Ῠτοξις

2561 4457 2652 4539 qui
2683 4468 2802 4511 sunt
2829 4461 2854 4512 .7
2896 4458 2967 4515 Ii.
3002 4461 3194 4517 Lamb.
3226 4468 3435 4521 tantum
3467 4471 3566 4539 qui
3594 4484 3732 4527 sunt
3754 4474 3782 4528 .’

521 4521 796 4604 διζψύὴουξ,
828 4521 961 4604 “coite
978 4521 1441 4604 o'taievtgogévou;
1458 4528 1532 4604 _év
1561 4521 1697 4604 adii
1716 4521 2088 4604 mediumad-

1357 4544 1441 4604 an;
1458 4528 1532 4604 _év
1561 4521 1697 4604 adii
1716 4521 2088 4604 nepotatg‘gtfa-
2406 4521 2940 4604 Rodunt-ucturum.

520 4592 725 4665 τῶνίέἱ
753 4592 861 4674 ἄρα
887 4592 1005 4654 tciri
1031 4592 1221 4664 ταῦὲά,
1253 4592 1425 4723 1ἓωοὺκ
1457 4596 1621 4650 ἔστιν.
1666 4592 1925 4661 Sequitur
1966 4592 2090 4647 Cle-

524 4689 709 4723 mens:
745 4673 970 4723 Ὁμοίως
1132 4672 1207 4723 ὡς
1229 4688 1257 4723 ν
1333 4686 1361 4720 ν
1388 4667 1582 4723 captive;
1597 4663 1930 4723 ἠερέθονται.
1956 4662 2089 4723 Qu:e

2195 4662 2208 4716 Ι
2254 4594 2313 4690 (1
2329 4595 2377 4716 I)
2407 4593 2538 4651 Mss.
2560 4595 2616 4652 S.
2631 4597 2842 4680 perun,
2861 4599 3319 4661 Carm.etLamb.
3346 4610 3629 4677 quoniam.
3650 4612 3778 4669 Fel-

2213 4679 2276 4718 us
2305 4681 2320 4718 :
2363 4664 2522 4723 tabet.
2550 4685 2661 4723 aut.
3339 4714 3357 4723 -

524 4662 709 4728 utens:
745 4662 970 4743 ’ὁμοίως
1132 4662 1367 4743 (bavium
1388 4663 1930 4743 cppévsgﬁspéeowat.
1956 4662 2089 4743 Quae

1773 4679 1930 4743 ρνταξ.
1956 4662 2089 4743 Qute
2190 4662 2279 4743 lus
2292 4662 2682 4743 _:A{ta£et,_qui._
3056 4742 3087 4743 η
3339 4714 3356 4723 .

522 4733 984 4817 ρυεινεςιιιειδεὼὲι
1015 4758 1141 4817 cn_i_n
1172 4733 1283 4795 sint
1308 4733 1680 4817 dleit'atidrini,
1709 4734 1876 4817 miror
1904 4733 2088 4787 hacte-
2261 4734 2374 4817 (i2)
2402 4733 2833 4817 Latiti'omittnnt
2862 4743 2963 4817 ista
2992 4761 3006 4797 :
3052 4742 3198 4817 Yolo,
3227 4746 3467 4817 inquam,
3495 4752 3734 4807 domina
3755 4770 3774 4808 :

523 4791 1483 4883 illi;litigiitliﬁiiuéiiériiiésinisse
1514 4805 1603 4883 hic
1623 4791 1678 4859 in
1694 4803 1932 4883 medium
1954 4817 2086 4883 pro-
2188 4791 2511 4883 quiefellus
2535 4824 2602 4883 ex
2633 4791 2963 4866 nissaliodl.“
2979 4791 3034 4869 et

524 4885 652 4952 lata,
681 4893 938 4952 tanquam
970 4884 1040 4937 ab
1065 4880 1435 4952 Alexandrino
1463 4892 1528 4931 ex
1561 4873 1759 4952 Hymn
1791 4873 2083 4952 descripta.
2207 4873 2223 4874 ί
2262 4876 2375 4952 (l3)
2403 4876 2596 4952 Lamb.
2630 4884 2899 4937 abscessu,

519 4943 750 5023 Jamque
785 4943 835 5007 id
867 4956 1035 5023 probe
1060 4953 1277 5023 novisse
1304 4949 1563 5023 lidentur
1590 4943 1930 5023 Ρ-ριιεηιξρᾴ
2403 4946 2553 5023 βοαί.
2579 4960 2923 5023 structuram.

519 5036 568 5076 «ιι
604 5012 896 5078 Wottouus
928 5024 980 5077 in
1022 5024 1166 5077 notis
1193 5022 1260 5075 ad
1293 5017 1589 5073 Clementis
1620 5013 1778 5067 lloiii.
1827 5012 1996 5082 Epist.
2039 5014 2084 5080 l,
2258 5012 2372 5089 (15)
2403 5017 2478 5073 Ita
2498 5035 2634 5074 mss.
2661 5021 3149 5089 S.Germ.,Carm.
3173 5039 3228 5084 et
3243 5027 3433 5084 Lamb.
3454 5030 3532 5087 lta
3559 5016 3772 5088 etl‘elli

519 5110 639 5143 (full.
666 5095 755 5143 '25.
2185 5087 2369 5142 editio.
2394 5088 2478 5143 ΛΙ.
2510 5094 2768 5143 omittunt
2797 5094 2905 5143 (mi.

519 5110 639 5147 (ain.
666 5095 755 5147 '25.

2185 5089 2369 5142 editio.
2394 5089 2478 5143 AI.
2510 5094 2768 5147 omittunt
2797 5094 2904 5147 (mi.

590 5110 639 5163 Ι).
666 5110 755 5147 2ο.
2185 5110 2369 5142 (3111110.
2394 5110 2478 5143 Al.
2510 5110 2768 5147 «ιιιιιιιυιη
2797 5110 2905 5164 ητα.

588 5164 699 5232 (98)
736 5162 835 5217 Ms.
869 5161 926 5236 S.
958 5161 1141 5216 Genu.
1168 5172 1221 5217 et
1250 5159 1439 5214 Lamb.
1483 5166 1575 5211 aut
1604 5171 1728 5209 non.
1768 5152 1860 5209 Sic
1886 5166 1938 5209 et
1965 5153 2085 5207 Clc—
2186 5224 2206 5236 _
2256 5159 2366 5236 (10)
2400 5161 2491 5214 Sic
2520 5158 2698 5236 Fellus
2728 5180 2805 5236 es
2835 5162 2990 5222 Bodl.
3028 5168 3113 5223 Al.
3160 5169 3454 5236 omittunt,
3506 5172 3565 5227 hi
3618 5185 3770 5228 ειηι,

518 5224 845 5307 tnens'Ali-x.
871 5235 905 5307 l.
938 5250 1016 5307 c._
1282 5301 1311 5307 _
1662 5305 1667 5307 Α
2181 5224 2379 5307 Lamb.
2407 5234 2629 5307 pingui
2657 5234 2874 5307 exhibet
2893 5237 3038 5307 quia.

589 5305 700 5366 (99)
732 5305 948 5367 Lami»,
977 5303 1159 5356 Carm.
1192 5311 1243 5356 et
1272 5301 1456 5356 Germ.
1484 5308 1533 5352 et
1561 5305 1704 5351 certa
1727 5311 1864 5366 quia.
2255 5301 2369 5372 (17)
2400 5301 2554 5372 Bodl.
2586 5304 2852 5358 habentes.

587 5376 736 5444 (100)
766 5374 916 5428 Bodl.
945 5378 997 5426 in
1033 5375 1397 5435 commissura,
1421 5372 1473 5423 lii
1502 5376 1646 5423 sunt.

588 5448 666 5495 (ll
699 5444 889 5495 Lamb-
916 5445 1303 5495 iuarediuntur.

2187 5369 2368 5495 reﬂui)
2397 5369 2526 5427 Mss.
2548 5373 2605 5427 ὃ.
2638 5373 2846 5438 Germ.,
2871 5376 3007 5433 Vict.
3027 5390 3081 5436 et
3104 5379 3294 5436 Lamb.
3312 5398 3558 5453 persona.
3593 5384 3691 5440 Sic
3712 5394 3770 5439 ct

588 5439 666 5516 (1)
699 5444 889 5500 Lamb.
916 5445 1303 5513 ingrediuntur.
2182 5439 2381 5516 l'ellus.

696 5516 884 5596 kat-ub.
916 5511 1252 5590 alterutrum.
2255 5513 2367 5596 (111)
2400 5511 2553 5596 ιξοᾳι.
2592 5515 2660 5596 Δ1ιρ
2693 5516 3029 5596 crediderunt
3067 5523 3310 5593 quidem,
3340 5524 3432 5579 sed
3457 5524 3767 5596 plurim

587 5583 664 5653 (3)
696 5584 850 5639 Bodl.
872 5583 1216 5639 structuram.
1704 5652 1711 5653 ί
2180 5592 2383 5653 partem
2411 5583 2600 5638 habent
2631 5586 2952 5653 iniquitatis.

584 5650 665 5725 (4)
702 5654 892 5709 Lamb.
916 5663 1284 5724 opponantur.
1311 5650 1511 5721 Fclltts,
1537 5652 1906 5722 portabantur.
