4074 6154
359 269 471 326 905
1507 267 1802 326 PASTOR.
1830 299 1900 312 -—
1938 269 2067 325 LIB.
2109 270 2153 336 l,
2195 271 2375 329 VISIO
2412 274 2502 330 Ill.
3505 282 3614 339 906

362 378 673 443 tribulatio,
706 384 930 449 propter
952 379 1174 438 divitias
1201 399 1332 440 suas
1362 391 1419 440 et
1440 384 1838 456 negotiationes
1877 385 2152 458 abnegant
2187 387 2480 444 Dominum
2514 388 2649 460 (20).
2683 389 3060 463 Respondens,
3092 395 3218 452 dico
3233 397 3283 454 ei
3312 413 3326 451 :
3357 397 3612 468 Domina,

357 471 580 543 quando
610 485 741 541 ergo
775 473 935 527 utiles
970 487 1132 529 erunt
1171 473 1440 556 Domino?
1477 475 1613 535 Cum
1646 477 1986 532 circumcisae
2007 519 2025 544 ,
2065 479 2262 549 inquit,
2290 479 2498 534 fuerint
2518 481 2730 536 divitiae
2757 499 2982 551 eorum,
3015 501 3137 556 quae
3175 503 3271 546 eos
3303 489 3615 560 delectant;

359 577 490 624 tunc
519 567 859 622 eruntutiles
888 567 1140 633 Domino,
1169 568 1234 623 ad
1267 568 1581 623 aediﬁcium.
1617 567 1772 623 Sicut
1801 570 1948 623 enim
1979 571 2117 640 lapis
2141 570 2428 646 rotundus,
2464 572 2570 628 nisi
2599 572 2820 630 decisus
2851 574 3034 639 fuerit,
3062 588 3116 633 et
3153 579 3414 649 abjecerit
3451 583 3520 638 ab
3554 599 3618 640 se

356 659 590 728 aliquid,
624 674 734 716 non
760 669 938 729 potest
970 660 1272 729 quadratus
1303 660 1418 715 fieri
1450 681 1462 715 :
1500 660 1583 716 sic
1615 671 1670 715 et
1691 660 1787 730 qui
1814 660 2012 716 divites
2044 671 2174 716 sunt
2199 663 2254 715 in
2296 661 2402 717 hoc
2429 664 2650 729 sazoulo,
2679 664 2785 719 nisi
2811 665 3154 725 circumcisae
3185 672 3390 730 fuerint
3411 674 3618 731 divitias

356 765 569 814 eorum,
603 764 710 803 non
738 757 967 819 possunt
989 749 1221 804 Domino
1250 751 1409 807 utiles
1433 766 1571 806 esse.
1609 749 1655 804 A
1684 763 1736 805 te
1761 750 1874 822 (21)
1900 751 2140 820 primum
2173 753 2311 806 scito
2341 770 2354 807 :
2385 752 2617 820 Quando
2643 754 2796 812 dives
2825 754 3012 826 fuisti,
3045 761 3253 820 inutilis
3275 780 3430 836 eras;
3467 783 3618 825 nunc

357 857 488 897 vero
514 840 663 895 utilis
684 855 764 904 es,
789 848 843 894 et
871 849 1032 910 aptus
1053 841 1179 896 vitae
1203 850 1341 910 tuae;
1373 857 1500 896 nam
1530 851 1586 897 et
1614 851 1672 897 tu
1713 843 1830 913 ipse
1855 857 1922 895 ex
1945 841 2026 896 eis
2056 842 2332 912 lapidibus
2361 843 2536 900 fuisti.

1792 954 2022 1017 CAPUT
2064 957 2183 1012 VII.

427 1041 664 1102 C1eteros
689 1052 871 1096 autem
899 1041 1106 1112 lapides
1131 1060 1269 1115 quos
1301 1046 1485 1102 vidisti
1515 1045 1678 1118 longe
1718 1048 1992 1116 projectos
2016 1064 2046 1103 a
2078 1048 2236 1116 turri,
2266 1057 2320 1104 et
2359 1058 2646 1104 currentes
2684 1048 2741 1103 in
2771 1049 2881 1116 via,
2913 1059 2967 1105 et
3004 1050 3147 1106 volvi
3185 1053 3252 1107 de
3279 1053 3365 1108 via
3406 1053 3461 1109 in
3494 1054 3616 1112 loca

354 1139 598 1206 deserta;
633 1139 670 1193 ii
703 1147 831 1193 sunt
854 1139 948 1207 qui
981 1137 1334 1192 crediderunt
1362 1140 1607 1207 quidem,
1637 1139 1983 1193 dubitatione
2017 1148 2200 1193 autem
2235 1155 2334 1194 sua
2377 1139 2719 1209 reliquerunt
2744 1138 2857 1211 (22)
2900 1140 3040 1194 viam
3085 1156 3240 1195 suam
3274 1157 3480 1207 veram,
3513 1161 3616 1212 pu-

354 1236 534 1283 tantes
558 1243 618 1282 se
648 1227 930 1281 meliorem
961 1225 1108 1280 viam
1146 1241 1310 1296 posse
1345 1227 1612 1282 invenire.
1637 1227 1838 1283 Errant
1869 1238 2054 1284 autem
2093 1241 2146 1284 et
2172 1229 2360 1284 miseri
2392 1239 2541 1294 sunt,
2572 1229 2941 1300 ingredientes
2978 1229 3032 1283 in
3066 1229 3313 1286 desertas
3343 1231 3482 1287 vias.
3509 1231 3615 1299 Qui

352 1334 536 1381 autem
557 1325 826 1380 cadebant
848 1325 904 1379 in
939 1325 1140 1396 ignem,
1175 1329 1229 1374 et
1260 1321 1555 1386 ardebant,
1595 1320 1632 1374 ii
1665 1329 1793 1375 sunt
1835 1321 1928 1390 qui
1963 1321 2018 1375 in
2051 1329 2374 1391 perpetuum
2422 1321 2808 1375 abscesserunt
2843 1319 2954 1391 (25)
2991 1335 3022 1374 a
3051 1318 3163 1374 Deo
3192 1320 3338 1386 vivo,
3371 1337 3472 1376 nec
3498 1339 3617 1378 am-

348 1416 494 1486 plius
527 1415 638 1470 illis
671 1415 919 1469 ascendit
955 1415 1008 1468 in
1055 1413 1220 1468 corda
1256 1411 1633 1481 paenitentiam
1681 1426 1874 1480 agere,
1910 1421 2135 1482 propter
2180 1410 2452 1466 desideria
2488 1411 2776 1466 libidinum
2813 1426 3036 1466 suarum
3079 1420 3132 1466 et
3182 1412 3447 1467 scelerum
3494 1431 3617 1486 quae

350 1514 666 1576 operantur.
703 1503 896 1564 Caetcri
929 1519 1059 1558 vero
1093 1503 1188 1573 qui
1221 1503 1489 1558 cadebant
1515 1501 1669 1571 juxta
1704 1517 1899 1572 aquas,
1924 1511 1978 1557 et
2007 1518 2118 1557 non
2158 1512 2416 1573 poterant
2451 1502 2592 1558 volvi
2632 1503 2686 1557 in
2729 1518 2922 1573 aquas,
2963 1503 3056 1574 qui
3093 1505 3258 1558 sunt?
3281 1504 3323 1558 1i
3358 1517 3486 1561 sunt
3519 1508 3615 1578 qui

348 1599 578 1654 verbum
601 1597 914 1664 audierunt,
950 1597 1196 1652 volentes
1228 1597 1491 1667 baptizari
1527 1595 1582 1650 in
1613 1597 1836 1651 nomine
1862 1595 2114 1664 Domini;
2142 1597 2345 1668 quibus
2378 1613 2503 1651 cum
2540 1599 2688 1652 venit
2733 1598 2789 1652 in
2823 1595 3144 1652 memoriam
3177 1597 3438 1652 sanctitas
3471 1599 3617 1653 veri-

347 1693 501 1755 tatis,
526 1691 811 1745 retrahunt
844 1704 922 1754 se,
961 1688 1352 1760 ambulantque
1386 1705 1580 1745 rursus
1623 1695 1749 1759 post
1787 1689 2060 1744 desideria
2098 1704 2197 1743 sua
2244 1689 2499 1744 scelesta.
2535 1688 2953 1745 Consummavit
3001 1686 3168 1757 igitur
3207 1689 3613 1746 enarrationem

349 1782 536 1837 turris.
574 1779 688 1866 Ego
719 1796 870 1845 vero,
907 1795 1032 1835 cum
1067 1778 1244 1833 adhuc
1275 1794 1452 1834 essem
1489 1780 1773 1848 improbus
1807 1778 1945 1849 (24),
1981 1779 2316 1849 interrogavi
2352 1780 2501 1834 illam
2530 1799 2542 1834 :
2571 1780 2654 1834 An
2691 1780 2758 1835 iis
2786 1779 3040 1836 omnibus
3074 1777 3349 1849 lapidibus
3380 1781 3492 1852 (25)
3518 1784 3614 1854 qui

346 1875 576 1945 projecti
612 1883 764 1938 sunt,
800 1888 902 1927 nec
933 1872 1331 1927 conveniebant
1364 1874 1419 1927 in
1445 1881 1779 1927 structuram
1804 1872 1995 1938 turris,
2019 1886 2088 1925 an
2117 1880 2202 1926 est
2229 1872 2583 1942 poenitentia;
2608 1880 2662 1926 et
2695 1871 2979 1926 habebunt
3012 1870 3126 1942 (26)
3153 1873 3333 1928 locum
3371 1875 3425 1929 in
3461 1883 3612 1932 turre

348 1968 491 2023 hac?
525 1967 756 2030 Habent,
791 1965 990 2036 inquit,
1026 1960 1406 2034 paenitentiam
1429 2001 1443 2025 ,
1477 1959 1572 2015 sed
1608 1960 1662 2013 in
1699 1959 1804 2015 hac
1842 1968 1996 2014 turre
2030 1974 2139 2013 non
2178 1968 2411 2028 possunt
2443 1960 2742 2016 convenire
2776 1980 2790 2029 ;
2828 1961 2936 2015 alio
2960 1971 3141 2016 autem
3182 1963 3303 2019 loco
3337 1977 3613 2035 ponentur

346 2058 522 2113 multo
555 2055 852 2122 inferiore;
888 2064 941 2111 et
972 2056 1077 2109 hoc
1103 2053 1238 2125 (27),
1275 2067 1398 2107 cum
1429 2051 1659 2109 cruciati
1688 2049 1914 2117 fuerint,
1947 2059 2002 2106 et
2024 2050 2368 2120 impleverim
2389 2051 2505 2106 dies
2529 2063 2877 2121 peccatorum
2901 2072 3150 2113 suorum.
3172 2059 3240 2115 Et
3267 2073 3483 2132 propter
3503 2064 3611 2120 hoc

287 2145 298 2155 ’
345 2153 765 2220 transferentur,
800 2152 1059 2222 quoniam
1101 2157 1463 2222 perceperunt
1493 2147 1718 2202 verbum
1754 2146 1964 2217 justum
2001 2146 2136 2217 (28).
2174 2145 2240 2200 Et
2277 2154 2409 2200 tunc
2440 2145 2547 2200 illis
2581 2147 2862 2219 continget
2898 2151 3180 2207 transferri
3213 2153 3280 2207 de
3320 2155 3532 2224 pomis,
3559 2156 3609 2212 si

347 2250 698 2307 ascenderint
725 2250 780 2305 in
807 2249 973 2304 corda
1003 2247 1274 2316 ipsorum,
1311 2253 1478 2310 opera
1506 2253 1630 2308 quae
1663 2238 1875 2308 operati
1920 2245 2050 2294 sunt
2084 2237 2337 2292 scelesta.
2381 2234 2538 2302 Quod
2573 2236 2621 2291 si
2654 2253 2765 2292 non
2802 2242 3151 2296 ascenderint
3184 2243 3238 2296 in
3274 2245 3436 2299 corda
3461 2245 3608 2317 ipso-

344 2357 492 2408 rum,
525 2358 634 2397 non
662 2348 825 2397 erunt
859 2338 994 2395 salvi
1025 2343 1244 2406 prepter
1272 2329 1533 2386 duritiam
1567 2327 1750 2382 cordis
1783 2327 1891 2382 sui.

1773 2443 2007 2502 CAPUT
2046 2443 2202 2502 ΝΙῙῙ.

416 2553 554 2613 Cum
583 2567 714 2624 ergo
738 2550 920 2607 destiti
947 2551 1285 2614 interrogare
1309 2543 1423 2613 (29)
1454 2542 1601 2596 illam
1633 2540 1701 2595 de
1731 2537 1992 2596 omnibus
2027 2537 2169 2603 istis,
2197 2536 2274 2590 ait
2305 2536 2439 2590 mihi
2485 2555 2500 2590 :
2535 2534 2632 2590 Vis
2665 2533 2815 2589 aliud
2849 2533 3071 2589 videre?
3097 2534 3345 2605 Cumque
3376 2537 3609 2608 cupidus

345 2661 522 2702 essem
561 2643 627 2700 ad
656 2623 977 2708 videndum,
1013 2637 1206 2694 hilaris
1230 2635 1408 2691 factus
1443 2648 1565 2690 sum
1601 2631 1774 2686 vultu.
1812 2629 2138 2699 Respiciens
2171 2641 2260 2682 me
2283 2627 2540 2692 subrisit,
2577 2635 2631 2680 et
2661 2627 2739 2680 ait
2775 2623 2909 2678 mihi
2937 2641 2953 2678 :
2986 2623 3151 2680 Vides
3184 2637 3388 2697 septem
3414 2629 3608 2685 mulie-

343 2753 436 2793 res
470 2739 614 2793 circa
642 2734 868 2790 turrim?
893 2732 1083 2799 Video,
1118 2730 1364 2798 inquam,
1394 2723 1638 2780 domina.
1675 2720 1867 2776 Turris
1907 2719 2043 2783 haec,
2077 2718 2276 2788 inquit,
2315 2718 2384 2772 ab
2417 2717 2486 2772 iis
2511 2716 2622 2789 ('50)
2657 2724 3012 2786 supportatur
3045 2719 3348 2773 secundum
3397 2736 3608 2791 praece-

343 2843 498 2904 ptum
531 2831 764 2887 Domini.
793 2829 933 2884 Audi
969 2840 1116 2881 nunc
1146 2823 1371 2879 effectus
1394 2832 1585 2874 earum
1612 2834 1626 2873 :
1659 2813 1843 2869 Prima
1878 2812 2098 2883 quidem
2127 2825 2318 2866 earum
2343 2825 2466 2881 qua:
2499 2809 2744 2864 continet
2769 2825 2937 2866 manu
2973 2810 3107 2881 (51),
3137 2811 3299 2869 Fides
3334 2825 3604 2886 vocatur;

343 2900 442 2996 per
456 2925 594 2979 hanc
610 2923 740 2980 salvi
767 2924 897 2977 fient
914 2920 1071 2975 electi
1097 2916 1211 2971 Dei.
1236 2913 1354 2968 Alia
1383 2925 1511 2966 vero
1531 2922 1652 2979 quae
1674 2907 1953 2963 succincta
1977 2911 2079 2969 est,
2100 2911 2154 2957 et
2178 2901 2408 2956 viriliter
2435 2901 2564 2972 agit,
2595 2900 2935 2957 Abstinentia
2959 2901 3073 2976 (52)
3105 2916 3359 2974 vocatur;
3387 2907 3502 2964 haec
3536 2909 3607 2966 ﬁ-

345 2995 420 3073 lia
444 3027 526 3074 est
545 3016 715 3072 Fidei.
753 3014 1016 3082 Quisquis
1037 3024 1166 3080 ergo
1189 3014 1412 3062 secutus
1436 3002 1601 3057 fuerit
1634 3001 1805 3059 illam,
1839 2996 1969 3052 felix
2001 2996 2091 3050 tiet
2118 2995 2174 3050 in
2199 2995 2308 3049 vita
2343 3009 2474 3060 sua,
2508 2995 2770 3064 quoniam
2805 2995 2874 3049 ab
2912 2998 3170 3053 omnibus
3196 3003 3453 3070 operibus
3486 3021 3606 3062 ma-

344 3109 417 3164 lis
443 3105 892 3177 abstinebit(35);
923 3101 1152 3158 credens
1177 3097 1343 3167 quod,
1366 3094 1412 3149 si
1447 3108 1505 3148 se
1535 3089 1864 3147 continuerit
1893 3097 1966 3143 an
1989 3088 2139 3141 omni
2161 3085 2625 3154 concupiscentia,
2652 3085 2826 3140 haeres
2849 3087 2952 3141 erit
2973 3089 3096 3143 vita:
3117 3099 3354 3147 {eterna
3385 3095 3606 3153 amem

345 3209 550 3266 autem,
582 3172 1099 3268 inquam,domina,
1128 3190 1371 3258 quinque
1404 3199 1527 3253 qua:
1557 3181 1724 3237 sunt?
1744 3178 1898 3233 Filias
1920 3218 1936 3244 ,
1981 3176 2181 3247 inquit,
2239 3175 2472 3229 invicem
2503 3183 2651 3228 sunt.
2687 3172 2924 3237 Vocatur
2950 3196 3132 3241 autem
3159 3191 3408 3259 quaedam
3453 3192 3602 3249 Sitn-

345 3301 583 3374 plicitas,
613 3298 719 3354 alia
752 3291 1086 3355 Innocentia,
1114 3287 1220 3341 alia
1245 3281 1532 3347 Modestia,
1558 3280 1663 3334 alia
1698 3277 2034 3347 Disciplina,
2068 3275 2176 3374 alia
2204 3282 2387 3328 autem
2426 3271 2701 3328 Charitas.
2739 3273 2875 3330 Cum
2919 3294 3048 3351 ergo
3095 3289 3397 3343 servaveris
3436 3305 3601 3361 opera

344 3366 537 3446 matris
563 3366 774 3451 earum,
805 3381 988 3436 omnia
1017 3379 1219 3450 poteris
1243 3375 1538 3432 custodire.
1565 3371 1828 3427 Volebam
1843 3366 2262 3435 scire,domina,
2287 3379 2452 3434 quam
2473 3379 2702 3434 quaeque
2723 3381 2911 3422 earum
2932 3370 3131 3430 habeat
3159 3379 3274 3451 (54)
3300 3381 3556 3438 virtutem
3576 3386 3603 3441 2

343 3484 504 3546 Audi,
555 3478 731 3548 inquit
766 3491 781 3529 :
811 3474 1050 3529 Virtutes
1082 3470 1317 3541 aequales
1363 3467 1602 3532 habent;
1638 3475 1898 3520 connexa:
1943 3466 2124 3514 autem
2156 3459 2224 3513 ad
2260 3457 2492 3512 invicem
2531 3463 2664 3519 sunt
2691 3457 2922 3517 virtutes
2959 3477 3173 3532 earum,
3202 3477 3258 3523 et
3293 3484 3602 3540 sequuntur

345 3596 407 3636 se
433 3576 662 3632 invicem
685 3573 826 3627 sicut
847 3579 987 3625 natae
1015 3574 1162 3626 sunt.
1188 3565 1266 3619 Ex
1287 3562 1420 3618 Fide
1445 3561 1689 3616 nascitur
1714 3556 2079 3623 Abstinentia,
2109 3561 2178 3611 de
2203 3555 2546 3611 Abstinentia
2571 3553 2904 3626 Simplicitas
2920 3598 2935 3622 ,
2961 3554 3027 3610 de
3044 3557 3400 3628 Simplicitate
3432 3561 3608 3620 Inno-~

344 3665 550 3731 centia,
585 3663 652 3718 de
668 3659 980 3716 lnnocentia
1008 3647 1293 3726 Modestia,
1318 3659 1386 3714 de
1407 3655 1668 3712 Modestia
1697 3652 1989 3723 Disciplina
2010 3661 2063 3707 et
2089 3650 2339 3706 Charitas
2357 3648 2493 3722 (55).
2512 3649 2716 3705 Harum
2741 3665 2874 3722 ergo
2895 3667 3060 3722 opera
3085 3664 3294 3720 sancta,
3310 3665 3364 3712 et
3379 3659 3596 3729 pudica,

343 3769 401 3816 et
421 3766 568 3814 recta
590 3765 736 3811 sunt.
755 3752 1079 3822 Quicunque
1092 3768 1222 3825 ergo
1244 3749 1496 3808 servierit
1510 3747 1615 3813 his,
1632 3756 1688 3802 et
1710 3742 2126 3814 invaluerit(56)
2147 3751 2330 3798 tenere
2345 3757 2508 3812 Opera
2528 3758 2735 3809 earum,
2749 3743 2806 3798 in
2831 3740 2967 3799 turri
2985 3741 3204 3797 habebit
3226 3742 3598 3804 habitaculum

343 3868 471 3910 cum
503 3849 707 3906 sanctis
729 3846 844 3903 Dei.
872 3845 1201 3916 Interrogavi
1233 3843 1380 3898 illam
1404 3840 1472 3897 de
1498 3839 1857 3910 temporibus,
1884 3837 1929 3893 si
1946 3835 2060 3907 jam
2087 3835 2490 3891 consummatio
2511 3843 2596 3890 est
2613 3835 2725 3901 (57)
2743 3835 2767 3888 1
2787 3835 2880 3890 llla
2906 3843 3089 3889 autem
3111 3834 3437 3894 exclamavit
3463 3854 3598 3898 voce

347 3963 569 4018 magna,
587 3946 808 4001 dicens:
837 3942 1118 3997 lnsensate
1139 3940 1336 3994 homo!
1362 3951 1542 3993 nonne
1568 3935 1720 3991 vides
1743 3932 1933 3988 turrim
1957 3946 2171 4001 semper
2193 3928 2447 3985 aedificari
2465 3927 2604 4002 (58)!
2628 3923 2858 3996 Quando
2883 3946 3011 4004 ergo
3033 3947 3413 3992 consummata
3431 3936 3597 3995 fuerit

345 4040 518 4096 turris
537 4049 589 4094 et
613 4036 898 4099 aediﬁcata,
917 4033 1080 4088 habet
1107 4031 1293 4097 finem;
1314 4029 1408 4086 sed
1433 4038 1488 4084 et
1509 4027 1620 4083 cito
1642 4022 2136 4082 consummabitur.
2156 4020 2280 4076 Noli
2302 4036 2389 4075 me
2407 4020 2644 4090 amplius
2665 4021 3001 4094 interrogare
3015 4027 3331 4098 quidquam.
3355 4028 3598 4087 Sulliciat

346 4135 447 4191 tibi
475 4143 529 4189 et
558 4132 819 4188 omnibus
845 4127 1053 4185 sanctis
1074 4123 1529 4182 commemoratio
1557 4122 1683 4187 ista,
1713 4127 1768 4175 et
1788 4119 2076 4174 renovatio
2106 4117 2401 4188 spirituum
2431 4127 2756 4174 vestrorum.
2789 4117 2896 4175 Sed
2921 4134 3028 4174 non
3055 4119 3151 4176 tibi
3178 4121 3294 4177 haec
3315 4122 3416 4178 soli
3436 4139 3594 4180 reve-

1425 4241 1665 4301 VARUE
1701 4239 2089 4296 LECTIONES
2127 4239 2216 4295 ET
2257 4237 2496 4294 ΝΟΤΔΕ.

421 4345 534 4419 (20)
567 4345 722 4419 Bodl.
749 4345 874 4419 add.
899 4362 1070 4399 suum.
2023 4355 2030 4389 ι

2023 4352 2178 4390 mens
2231 4335 2405 4419 Alei}.-
2436 4334 2534 4419 qui
2575 4336 2796 4419 ξτρωιξ.
2821 4333 2930 4419 Αιίι).
2963 4349 3050 4419 πει.
3069 4349 3187 4419 cap.
3228 4334 3312 4400 12,
3345 4334 3426 4419 sic
3458 4327 3591 4390 Her-

422 4404 535 4485 iat’)
568 4416 760 4485 Lamb.
786 4415 868 4469 Ad
907 4425 976 4471 te.
1203 4483 1214 4485 4
1353 4483 1378 4485 _,
2024 4424 2031 4460 ι

2024 4408 2412 4485 maln__supplet_
2440 4404 2492 4460 et
2521 4404 2944 4475 interpretatur:
2985 4404 3050 4458 Ἦ
3081 4405 3260 4458 τοίνυν
3293 4405 3589 4476 συνέχουσα

421 4476 534 4558 (22)
572 4484 754 4558 Ms.S.
778 4485 975 4558 Germ.
992 4495 1045 4541 et
1060 4483 1257 4558 Lamb.
1287 4483 1596 4558 relinquent.
2017 4495 2030 4523 ε

888 4502 975 4558 ιη.
992 4495 1045 4541 et
1060 4483 1257 4558 Lamb.
1287 4483 1596 4558 relinquent.
2017 4476 2497 4558 οιεὴγ-ἓςκξιληξίφινΙξ

437 4542 531 4625 25)
562 4557 716 4610 Bodl.
750 4566 802 4611 et
830 4554 1019 4610 Lamb.
1050 4557 1105 4609 in
1128 4555 1231 4624 ﬁne
1253 4542 1632 4625 abscesserunt.
1700 4618 1740 4625 _
1779 4619 1810 4625 __
2074 4542 2204 4625 ’(52)
2241 4542 2434 4625 Lamb.
2462 4545 2819 4603 Continentia.
2865 4545 2957 4603 Sic
2991 4555 3046 4602 et
3070 4544 3321 4601 Clemens
3353 4542 3506 4601 Alex.
3546 4545 3588 4602 Ι.

441 4616 532 4697 24)
571 4627 760 4682 Lamb.
786 4643 878 4697 ego
907 4629 1020 4697 qui,
1045 4616 1164 4680 cunt
1191 4623 1458 4694 improbus
1486 4639 1670 4678 essem.
1700 4618 1910 4675 Fellus:
2017 4631 2049 4673 c

791 4643 878 4697 ego
907 4629 1020 4697 qui,
1045 4616 1164 4680 cunt
1191 4623 1458 4694 improbus
1486 4639 1670 4678 essem.
1700 4618 1910 4675 Fellus:
2017 4631 2068 4673 c.
2087 4616 2400 4697 ξχὶιράίεεια.

346 4683 462 4770 Εάο
484 4683 627 4770 ίυένρ,
653 4683 930 4770 ᾳᾼιιὶειζγηί
962 4765 978 4770 Α
1006 4683 1018 4692 ’
1080 4765 1090 4770 _
1180 4765 1214 4770 η
1267 4683 1277 4694 ’
1453 4762 1465 4770 .
1543 4761 1590 4770 __
1793 4761 1804 4770 _
2095 4683 2208 4755 (55)
2245 4686 2455 4770 Lamb.
2486 4686 2612 4742 add.
2661 4704 2717 4742 se
2743 4703 2763 4743 :
2801 4698 2858 4746 et
2885 4687 3049 4760 paulo
3090 4693 3235 4756 post,
3266 4683 3586 4740 abstinuerit

421 4758 532 4837 (25)
563 4758 716 4821 Bodl.
745 4777 798 4822 et
827 4765 1018 4837 Lamb.
1055 4765 1214 4837 Anii
1241 4780 1416 4837 omnes
1445 4761 1714 4832 lapides...
1757 4761 1804 4837 si
1836 4770 1913 4815 est
2016 4758 2478 4837 pro_c_ont_inue_rit,

343 4823 479 4894 illis.
519 4823 683 4892 Edilt.
725 4837 856 4892 Fell.
885 4845 939 4891 et
967 4835 1182 4891 Russel.
1211 4836 1470 4889 omittunt
1497 4823 1566 4886 an
1589 4833 1909 4894 secundum,
2016 4823 2032 4828 ’
2087 4829 2201 4899 (54)
2241 4826 2431 4900 Lamb.
2472 4828 2688 4900 Volo...
2713 4844 2930 4900 quinque
2951 4843 3112 4900 quant
3135 4823 3588 4900 v_im_lgal7eatilla-

345 4892 494 4981 quod
535 4909 606 4981 al.
647 4907 926 4962 exhibent.
953 4905 1026 4981 _Et
1067 4906 1286 4976 quidem
1334 4904 1636 4959 redundare
1679 4892 1909 4965 videtur,
2015 4892 2207 4981 ruins}
2240 4892 3037 4981 uirtutem.Fellus'addit‘:Et
3058 4897 3215 4981 dixit
3251 4892 3400 4981 Volo.

345 4965 455 5035 nisi
478 4978 635 5046 malis
665 4995 679 5029 :
710 4993 778 5030 an
815 4986 912 5040 est,
945 4965 1183 5046 inquam.
1242 5044 1259 5046 _
1487 5042 1499 5046 _
1567 5042 1580 5046 _
1676 5041 1687 5046 _
2045 5038 2056 5046 .
2086 4966 2475 5046 (55)__Sensum
2499 4970 2662 5046 huius
2683 4969 2788 5046 loci
2811 4976 2963 5046 put_a_t
2979 4967 3062 5022 Cl.
3089 4965 3584 5046 Potterusexprc-s-

417 5047 533 5119 (26)
563 5034 1099 5119 Lamb._liabel{uninr
1120 5047 1196 5100 in.
1228 5044 1361 5113 Quae
1388 5042 1536 5098 varia
1567 5041 1728 5097 lectio
1759 5058 1912 5096 mcn-
2010 5034 2516 5119 sisse_’-Clemer_item
2542 5034 2704 5119 silex.
2730 5039 2768 5093 l.
2801 5034 2851 5094 ὁ.
2899 5039 3048 5119 hisee
3068 5034 3302 5119 ‘verbis:
3333 5035 3443 5119 κει).
3473 5036 3580 5089 πά-

341 5104 479 5176 dose
515 5104 655 5186 apud
687 5114 894 5186 Eabﬁric.
930 5116 1178 5171 habetur.
1238 5104 1274 5113 ”

2009 5108 2143 5186 ξιινο-
2157 5110 2488 5186 ῌρρη-γεζται
2519 5110 2617 5186 μὲν
2644 5109 2854 5186 πίστιες·
2881 5107 3043 5176 φόϐος
3143 5104 3441 5186 οἰκρδρμεῖο
3489 5122 3579 5186 cs-

417 5187 533 5260 (2?)
551 5175 662 5260 bis.
778 5185 960 5260 Germ.
994 5186 1088 5239 hoc
1116 5186 1252 5243 loco.

2009 5178 2143 5260 ζειοῖ
2166 5175 2269 5260 δέ
2291 5175 2574 5260 ἆίγᾲῖτηλρ
2602 5189 2724 5260 est:
2762 5178 2826 5260 fit
2855 5175 3038 5232 rursus
3074 5175 3276 5260 (inquit
3299 5175 3572 5260 ilerma'sﬁ

558 5255 752 5331 Lamb.
790 5255 978 5331 istud.
1283 5327 1294 5331 _
1375 5324 1412 5331 _
1472 5325 1504 5331 __
1837 5323 1848 5331 .
2009 5246 2272 5331 Praecedit.
2301 5246 2511 5331 quidem
2537 5249 2690 5319 ﬁdes,
2737 5250 2896 5304 timor
2923 5264 3040 5302 vero
3078 5246 3332 5316 aediﬁcat,
3369 5247 3576 5314 perﬁcit

416 5320 531 5400 (29)
553 5325 744 5381 Lamb.
773 5325 937 5378 desivi
959 5326 1350 5396 interrogando.
1375 5324 1528 5382 Bodl.
1558 5336 1794 5395 quoque,
1813 5323 1905 5376 de-
2009 5328 2186 5400 autent
2217 5320 2478 5400 gnarilas.

342 5382 462 5456 mi.
513 5382 526 5397 ’
1159 5382 1182 5396 ⁷
1574 5382 1592 5395 ³
1687 5382 1703 5394 ³
1781 5382 1792 5390 ’
2078 5389 2191 5458 (56)
2216 5390 2308 5446 Sic
2337 5405 2470 5445 mss.
2497 5389 2554 5446 S.
2583 5387 3108 5458 Vict.,Carm.,Bodl.
3135 5395 3188 5442 et
3213 5383 3406 5439 Lamb.
3432 5382 3575 5440 Editi

419 5467 533 5536 (50)
569 5467 669 5522 Ms.
707 5464 766 5520 S.
811 5463 946 5520 Vict.
978 5465 1058 5519 his
1095 5467 1254 5521 albis.
1826 5532 1836 5536 _
2007 5458 2250 5536 voluerit.
2366 5531 2379 5536 _
3525 5487 3530 5491 -

419 5468 512 5536 (50
569 5468 669 5522 Ms.
707 5468 766 5520 S.
811 5468 946 5520 Vict.
978 5468 1058 5519 his
1095 5468 1254 5521 albis.
2007 5468 2250 5513 voluerit.

416 5468 533 5610 (51)
565 5537 757 5592 Manus
784 5544 1083 5602 contracta,
1123 5537 1419 5610 inquitnhic
1455 5536 1666 5610 Fellus,
1708 5532 1903 5588 rectis-
2231 5529 2418 5610 Lamb.
2450 5540 2603 5610 esset.

343 5595 483 5682 sime
511 5595 676 5682 iidem
712 5595 1098 5682 repraesentat,
1130 5595 1239 5682 qua
1279 5609 1459 5662 divina
1496 5595 1762 5682 promissa
1784 5619 1902 5682 ,ρυ-
2043 5595 2188 5682 .(58)
2231 5599 2420 5682 Lamb.
2437 5601 2717 5682 insensate
2743 5611 2917 5658 autem
2947 5597 3133 5655 homo!
3150 5612 3272 5651 num
3290 5595 3430 5652 vides
3461 5605 3574 5651 tur-

343 5678 752 5738 nrcbendimus.
773 5671 951 5746 Magis
975 5671 1163 5730 tamen
1178 5678 1244 5733 ad
1273 5693 1408 5746 rem,
1432 5671 1751 5742 ut'videtur,
1777 5671 1896 5730 Cle-
2008 5672 2109 5730 rim
2138 5687 2292 5740 super
2316 5671 2596 5740 aediﬁcari.

618 5779 892 5837 Ρηιιοι.
937 5772 1056 5834 Gn.
1107 5773 1186 5833 ll.

3251 5761 3333 5822 99
