4010 6150
478 311 585 380 set
795 349 798 353 -
1921 300 2061 356 S.ll

2167 295 2281 351 WE
3633 275 3741 333 908

480 444 590 495 lata
624 443 778 501 sunt;
810 432 902 488 sed
932 438 990 485 ut
1022 426 1279 484 omnibus
1303 426 1647 480 demonstres
1672 435 1757 475 ea.
1803 419 1934 474 Post
1977 418 2217 472 triduum
2261 411 2404 466 enim
2449 406 2754 475 intelligere
2793 413 2845 456 te
2886 405 3117 470 Oportet,
3138 393 3374 501 nllcrma,
3403 387 3577 442 verba
3612 387 3744 501 lues

481 481 590 495 ......
624 481 778 501 -....-,
810 481 902 488 η,
1178 481 1183 482 ,
3283 487 3293 498 7

481 546 606 602 quae
629 529 724 583 tibi
755 525 955 594 incipio
988 523 1190 583 dicere,
1212 530 1270 574 ut
1292 519 1538 589 loquaris
1565 533 1628 570 ea
1660 517 1711 569 in
1737 515 1964 568 auribus
1987 511 2099 581 (59)
2128 518 2466 566 sanctorum,
2487 517 2544 558 ut
2568 502 2850 586 audientes
2877 512 2938 551 ea
2967 507 3090 549 cum
3136 488 3359 543 fecerint
3379 526 3396 552 ,
3427 481 3745 538 emunden-

484 581 574 682 tjur
596 642 626 680 a
655 623 914 693 nequitiis
945 619 1090 683 suis;
1123 616 1216 671 sed
1240 619 1373 665 ettu
1411 623 1534 662 cum
1570 607 1696 659 illis.

1903 711 2130 770 CAPUT
2185 710 2278 768 IX.

555 833 754 888 Audite
785 843 870 884 me
898 842 1052 896 ergo,
1079 825 1172 879 lilii
1208 838 1221 874 :
1253 819 1364 890 Ego
1385 832 1484 872 vos
1507 813 1743 871 enutrivi
1771 813 1823 866 in
1849 811 2018 866 multa
2050 807 2418 877 simplicitate,
2451 813 2504 858 et
2533 800 2864 865 innocentia,
2905 803 2959 850 ct
2989 791 3277 855 modestia,
3300 795 3534 894 propter
3567 783 3750 889 mise-

483 925 776 983 ricordiam
807 921 898 976 Dei
926 881 1052 988 quae,
1084 932 1245 987 super
1263 881 1360 970 vos
1389 913 1612 968 stillavit
1632 911 1687 964 in
1717 909 1930 979 justitia
1957 926 1971 973 ;
2008 916 2068 960 ut
2091 901 2510 960 sanctiﬁcemini
2542 908 2596 952 et
2618 892 3000 968 justiﬁcemini
3039 889 3152 961 (40)
3183 888 3251 942 ab
3274 885 3430 944 omni
3461 881 3727 988 nequi-tia

484 1029 538 1074 et
565 1017 714 1072 omni
739 977 1035 1083 pravitate;
1065 977 1169 1063 vos
1194 1015 1372 1061 autem
1399 1020 1506 1059 non
1529 1001 1691 1056 vultis
1718 998 2059 1068 requiescere
2082 1010 2113 1050 a
2133 993 2394 1063 nequitiis
2421 991 2633 1045 vestris.
2661 986 2817 1040 Nunc
2834 1000 2962 1054 ergo
2989 987 3172 1041 audite
3197 999 3304 1047 me,
3329 989 3381 1036 et
3411 993 3614 1048 pacem
3643 977 3754 1083 lla-7

485 1063 609 1164 bete
642 1063 782 1160 aliurs
805 1119 929 1158 cum
961 1063 1067 1156 alio
1101 1099 1238 1170 (41),
1270 1105 1322 1151 et
1342 1096 1557 1151 visitate
1579 1106 1676 1146 vos
1701 1063 2044 1152 alterutrum,
2078 1093 2132 1140 et
2157 1083 2416 1153 suscipite
2447 1096 2546 1134 vos
2576 1079 2808 1132 invicem
2837 1116 2853 1143 ,
2887 1085 2941 1129 et
2991 1076 3157 1130 nolite
3193 1074 3294 1128 soli
3325 1077 3625 1125 creaturas
3651 1063 3755 1168 [lci

483 1218 763 1275 perelpere
791 1202 870 1267 ‘3;
901 1197 1268 1254 abundantius
1300 1194 1462 1249 etiam
1512 1189 1783 1260 impertite
1804 1187 2107 1258 egentibus.
2130 1182 2362 1249 Quidam
2404 1180 2548 1235 enim
2581 1175 2956 1246 compluribus
2985 1171 3122 1226 cibis
3151 1159 3756 1275 inﬁrmitatem-carnis

487 1251 603 1355 suae
637 1251 1008 1361 lcontrahunt,
1056 1303 1109 1348 et
1135 1292 1341 1348 violant
1373 1303 1594 1343 carnem
1646 1301 1804 1341 suam
1837 1282 1973 1352 (42).
2017 1280 2267 1333 Aliorum
2302 1285 2487 1331 autem
2534 1274 2627 1343 qui
2661 1288 2765 1326 non
2801 1269 3005 1323 habent
3053 1275 3236 1361 escas,
3285 1251 3588 1361 marcescit
3611 1260 3756 1302 caro

487 1395 756 1464 ipsorum,
787 1397 1007 1460 propter
1044 1389 1096 1444 id
1131 1389 1401 1457 quodnon
1435 1386 1634 1440 habent
1657 1381 2012 1438 sullicientem
2041 1375 2221 1431 cibum
2248 1392 2262 1440 ;
2295 1381 2348 1428 et
2367 1371 2710 1464 consumitur
2741 1379 2944 1464 corpqs
2965 1349 3755 1464 eorum.7ﬂiﬁc7igimi-':‘:f:‘

487 1441 960 1554 prerantia,riroci‘\'a
996 1487 1083 1533 est
1109 1441 1285 1541 vbbis,
1320 1474 1650 1530 habentibus
1675 1481 1728 1525 et
1756 1485 1862 1523 non
1897 1461 2437 1523 communicantibus
2466 1459 2533 1513 iis
2562 1456 2656 1527 qui
2679 1461 2858 1524 egent.
2882 1449 3157 1504 Attendite
3179 1441 3750 1554 judiciumﬂsnpcrve—

489 1530 666 1631 trtiens.
695 1572 799 1640 Qui
828 1569 1220 1626 eminentiores
1249 1567 1403 1632 estis,
1438 1565 1698 1634 inquirite
1728 1561 2054 1625 esurientes,
2095 1558 2224 1610 dum
2264 1555 2445 1607 adhuc
2477 1549 2645 1605 turris
2690 1562 2799 1601 non
2850 1552 2935 1598 est
2978 1543 3379 1596 consummata.
3430 1530 3751 1640 Postquam

487 1671 635 1725 enim
663 1673 1046 1722 consummata
1078 1660 1244 1715 fuerit
1267 1661 1438 1715 turris
1459 1699 1472 1722 ,
1509 1658 1710 1712 voletis
1734 1657 2072 1722 benefacere,
2107 1661 2160 1706 et
2190 1667 2297 1705 non
2324 1647 2592 1704 habebitis
2641 1646 2843 1701 locum.
2874 1639 3067 1693 Videte
3096 1647 3227 1702 ergo
3253 1645 3372 1725 vos,
3405 1628 3502 1725 qui
3535 1626 3754 1725 gloria-

491 1762 626 1815 mini
661 1760 716 1813 in
739 1756 944 1812 divitiis
970 1753 1186 1814 vestris,
1221 1767 1287 1806 ne
1319 1751 1459 1805 forte
1491 1749 1853 1819 ingemiscant
1877 1747 1912 1800 ii
1947 1746 2042 1815 qui
2063 1753 2245 1815 egent,
2277 1751 2331 1796 et
2363 1725 2600 1811 gemitus
2627 1751 2820 1792 eorum
2851 1729 3111 1819 ascendat
3161 1726 3228 1779 ad
3261 1718 3664 1819 llorn‘inqus.
3696 1726 3750 1819 εξ

491 1849 863 1907 cxcludamini
893 1861 1018 1902 cum
1056 1844 1214 1898 bonis
1246 1843 1445 1898 vestris
1489 1848 1643 1894 extra
1685 1840 1912 1908 januam
1957 1835 2148 1890 turris.
2195 1833 2352 1887 Nunc
2382 1833 2568 1900 itaque
2600 1828 2754 1882 vobis
2780 1826 2924 1889 dico,
2956 1818 3050 1890 qui
3097 1813 3339 1886 praeestis
3365 1809 3665 1908 7Eccles7is7e,
3697 1816 3752 1861 et

492 1944 691 2000 amatis
714 1941 924 2011 primos
947 1949 1247 1992 consessus
1262 1933 1307 1964 ⁷ο
1333 1928 1444 2001 (45)
1471 1947 1485 1981 τ
1511 1931 1679 1984 nolite
1703 1927 1910 1982 similes
1938 1925 2056 1980 ﬁeri
2084 1923 2368 1978 maleﬁcis.
2401 1919 2467 1974 Et
2498 1918 2728 1974 maleﬁci
2766 1915 2984 1985 quidem
3014 1921 3223 1962 venena
3246 1920 3344 1959 sua
3363 1904 3417 1955 in
3442 1901 3751 2011 pysidibus

491 1996 740 2108 bajulani
789 2033 940 2105 (44);
972 2046 1070 2083 vos
1120 2036 1302 2082 autem
1333 1996 1604 2079 venenum
1631 2032 1874 2078 vestrum
1927 2031 1979 2076 et
2010 2020 2364 2091 pharmacum
2399 2016 2512 2088 (45)
2541 2016 2596 2069 in
2629 2014 2794 2068 corde
2823 2010 3139 2076 continetis,
3170 2017 3226 2063 et
3261 2021 3382 2108 non
3408 1996 3583 2058 vultis
3616 2017 3754 2070 pur-

493 2097 624 2197 gare
653 2097 819 2182 corda
849 2131 1051 2186 vestra,
1075 2128 1129 2174 et
1167 2115 1497 2189 permiscere
1522 2131 1744 2172 sensum
1776 2124 2018 2169 vestrum
2046 2128 2186 2185 puro
2212 2112 2386 2177 cordi,
2410 2118 2471 2164 ut
2501 2108 2750 2163 habeatis
2795 2102 3232 2161 misericordiam
3268 2116 3298 2154 a
3342 2097 3491 2197 Rege
3517 2110 3756 2165 magno.

493 2188 685 2276 Videte
704 2232 856 2287 ergo,
901 2213 1020 2277 ﬁlii,
1053 2226 1120 2266 ne
1148 2188 1286 2266 ferte
1314 2210 1398 2264 ha:
1426 2208 1800 2264 dissensiones
1841 2215 2036 2261 vestrae
2088 2204 2344 2259 fraudem
2381 2202 2549 2256 vitam
2583 2209 2840 2256 vestram.
2892 2198 3180 2264 Quomodo
3204 2208 3300 2251 vos
3329 2188 3551 2250 erudire
3581 2190 3761 2244 vultis

495 2320 702 2374 electos
738 2315 854 2379 Dei,
888 2327 1013 2367 cum
1045 2309 1149 2380 ipsi
1181 2319 1290 2361 non
1317 2301 1564 2359 habeatis
1593 2299 1978 2372 disciplinam?
2007 2299 2365 2355 Commonete
2387 2313 2518 2367 ergo
2547 2313 2646 2352 vos
2678 2296 2910 2349 invicem
2941 2294 3008 2360 ⁷¹,
3038 2292 3329 2364 pacatique
3377 2295 3559 2344 estate
3605 2287 3760 2339 inter

498 2430 600 2472 vos
624 2413 738 2484 (46)
757 2452 774 2478 ,
813 2420 875 2466 ut
901 2419 954 2463 et
982 2423 1082 2480 ego
1117 2417 1301 2460 coram
1325 2400 1485 2456 Patre
1519 2411 1704 2454 vestro
1739 2407 1947 2463 astans,
1980 2396 2249 2452 rationem
2273 2396 2492 2452 reddam
2523 2408 2623 2463 pro
2646 2392 2800 2447 vobis
2827 2389 3077 2447 Domino.

1929 2514 2162 2570 CAPUT
2201 2514 2271 2570 X.

569 2622 817 2689 Cumque
861 2613 1118 2669 desiisset
1173 2625 1391 2665 mecum
1435 2609 1611 2680 loqui,
1664 2616 1930 2664 venerunt
1982 2607 2060 2660 illi
2105 2621 2200 2663 sex
2245 2606 2499 2675 juvenes,
2546 2604 2642 2675 qui
2690 2601 3050 2668 aediﬁcabant,
3091 2608 3145 2655 et
3185 2597 3432 2654 tulerunt
3470 2589 3634 2650 illam
3691 2595 3760 2648 ad

501 2722 699 2779 turrim
727 2684 871 2786 (47);
900 2723 954 2767 et
979 2709 1071 2763 alii
1107 2716 1342 2776 quatuor
1366 2701 1706 2756 sustulerunt
1735 2697 2077 2763 subsellium,
2109 2705 2166 2752 et
2199 2696 2453 2751 abierunt
2481 2694 2584 2764 ipsi
2611 2695 2809 2748 iterum
2842 2693 2895 2744 in
2920 2687 3376 2786 turrim.7Horum
3409 2684 3614 2786 faciem

501 2773 930 2875 vidi,quoniam
956 2773 1142 2851 aversi
1160 2799 1336 2845 erant.
1363 2787 1594 2842 Euntem
1628 2787 1777 2840 illam
1810 2785 2097 2854 rogabam,
2125 2792 2186 2839 ut
2227 2783 2362 2838 mihi
2410 2783 2681 2838 revelaret
2707 2783 2773 2837 de
2799 2783 2974 2835 tribus
3005 2778 3216 2850 ﬁguris,
3265 2777 3318 2830 in
3355 2775 3566 2845 quibus
3615 2773 3759 2828 mihi

505 2865 781 2974 apparuit.
811 2890 1167 2963 Respondens
1198 2888 1380 2937 autem
1412 2875 1570 2941 mihi,
1597 2875 1730 2974 dixit
1761 2891 1774 2926 :
1802 2874 1876 2928 De
1902 2875 1986 2927 his
2008 2875 2184 2974 alium7
2207 2883 2259 2928 te
2291 2882 2508 2974 oportet
2538 2875 2897 2943 interrogare,
2925 2881 2985 2974 ut
3013 2870 3110 2924 tibi
3135 2867 3433 2974 reveletur:
3454 2865 3762 2974 “Apparuit

504 2957 692 3049 autem
741 2987 897 3052 mihi,
922 2957 1146 3036 d’ratres
1177 2970 1316 3044 (48),
1364 2967 1539 3035 prima
1573 2964 1783 3018 visione
1827 2977 1973 3017 anno
2005 2962 2289 3033 superiore
2318 2963 2471 3040 valde
2501 2979 2659 3028 anus,
2685 2972 2738 3016 et
2770 2964 2825 3014 in
2854 2962 3113 3044 cathedra
3157 2962 3373 3016 sedens.
3403 2957 3527 3013 Alia
3564 2965 3760 3013 autem

506 3058 738 3150 visione,
767 3080 958 3136 faciem
981 3073 1198 3146 quidem
1230 3062 1528 3137 juvenilem
1559 3061 1816 3128 habebat,
1843 3076 2061 3116 carnem
2098 3069 2280 3115 autem
2303 3068 2358 3116 et
2385 3061 2612 3131 capillos
2642 3061 2848 3128 aniles;
2909 3068 2964 3116 et
3004 3069 3155 3114 stans
3206 3057 3341 3113 mihi
3381 3057 3724 3126 loquebatur
3744 3095 3760 3109 .

509 3148 736 3237 hilarior
773 3184 953 3230 autem
983 3176 1100 3225 erat
1122 3177 1286 3235 quam
1320 3158 1432 3230 (49)
1458 3158 1718 3228 primum.
1757 3155 1938 3210 Tertia
1969 3164 2150 3208 autem
2183 3153 2417 3217 visione,
2469 3161 2578 3206 tota
2623 3152 2813 3220 junior
2841 3160 2978 3217 erat,
3009 3159 3062 3205 et
3089 3158 3310 3219 aspectu
3343 3148 3590 3212 decora;
3637 3157 3765 3201 tan-

508 3288 627 3332 tum
656 3273 798 3345 quod
825 3269 938 3339 (50)
978 3263 1203 3333 capillos
1235 3259 1409 3314 aniles
1439 3255 1674 3312 habebat
1703 3271 1716 3308 :
1749 3252 1942 3306 hilaris
1970 3262 2151 3305 autem
2188 3247 2329 3304 facie
2353 3255 2491 3315 erat,
2521 3254 2574 3302 et
2603 3262 2765 3316 super
2795 3246 3116 3301 subsellium
3139 3245 3356 3298 sedens.
3388 3240 3466 3295 De
3491 3241 3584 3296 his
3620 3241 3766 3311 ipsis

509 3338 741 3429 incestus
772 3338 926 3423 eram
955 3361 1133 3426 valde,
1167 3357 1340 3412 donec
1367 3364 1757 3424 cognoscerem
1788 3348 2056 3402 visionem
2094 3344 2208 3416 (51)
2239 3344 2405 3398 hanc.
2443 3341 2609 3396 Video
2636 3357 2801 3395 anum
2836 3341 2983 3395 illam
3021 3342 3076 3395 in
3105 3341 3218 3395 visu
3249 3339 3426 3393 noctis
3470 3338 3761 3392 dicentem

512 3466 645 3523 mihi
671 3483 686 3518 ε
715 3458 905 3516 Omnis
936 3453 1145 3525 rogatio
1174 3451 1480 3506 humilitate
1531 3455 1652 3518 eget
1679 3445 1814 3518 (52).
1844 3443 2042 3514 Jejuna
2092 3457 2244 3512 ergo,
2275 3449 2331 3495 et
2353 3441 2624 3511 percipies
2659 3456 2690 3494 a
2723 3439 2954 3495 Domino
2982 3440 3128 3510 quod
3179 3439 3446 3509 postulas.
3494 3436 3763 3507 Jejunavi

512 3575 642 3631 ergo
671 3557 813 3612 diem
858 3566 1042 3606 unam.
1076 3545 1278 3602 Eadem
1315 3552 1474 3598 nocte
1517 3539 1769 3610 apparuit
1807 3537 1941 3591 mihi
1971 3535 2210 3604 juvenis,
2241 3544 2294 3631 et
2323 3532 2437 3631 ait:
2484 3531 2623 3598 Quid
2648 3541 2703 3586 tu
2755 3530 3069 3602 frequenter
3115 3533 3254 3604 petis
3295 3532 3675 3589 revelationes
3707 3533 3762 3586 in

514 3622 799 3706 oratione?
838 3640 991 3707 Vide,
1018 3654 1084 3692 ne
1119 3637 1289 3690 multa
1317 3632 1607 3705 postulans
1655 3642 1853 3684 noceas
1898 3625 2052 3681 carni
2084 3633 2212 3679 tuae.
2259 3622 2542 3677 SulIiciant
2583 3624 2678 3677 tibi
2726 3624 3085 3679 revelationes
3112 3625 3216 3678 hze.
3242 3622 3502 3692 Nunquid
3539 3624 3760 3693 poteris

516 3740 773 3796 fortiores
798 3730 1156 3788 revelationes
1182 3726 1392 3792 videre,
1417 3737 1582 3794 quam
1610 3735 1750 3791 quas
1779 3717 2000 3772 vidisti?
2028 3713 2384 3784 Respondens
2423 3714 2474 3767 ei
2508 3713 2632 3768 dico
2665 3729 2677 3766 :
2714 3713 2964 3780 Domina,
2998 3713 3101 3772 hoc
3144 3717 3320 3770 solum
3358 3725 3485 3785 peto
3518 3733 3624 3785 pro
3665 3718 3764 3771 ιτί-

516 3839 621 3894 bus
654 3828 1008 3906 ﬁgurisillius
1034 3839 1195 3889 anus,
1225 3828 1286 3874 ut
1307 3819 1519 3890 integra
1548 3817 1640 3871 ﬁat
1663 3814 1944 3870 revelatio.
1979 3809 2281 3880 Respondit
2305 3808 2439 3862 mihi
2463 3827 2477 3863 :
2518 3807 2628 3863 Vos
2653 3798 2761 3863 non
2786 3808 3046 3864 insensati
3073 3811 3234 3875 estis;
3262 3810 3353 3865 sed
3377 3809 3764 3865 dubitationes

517 3904 710 3981 vestrae
753 3936 852 3976 vos
894 3919 1200 3973 insensatos
1249 3913 1456 3970 faciunt
1481 3955 1495 3982 ,
1533 3927 1598 3967 eo
1627 3912 1772 3982 quod
1808 3909 1919 3981 (55)
1951 3923 2063 3964 non
2090 3904 2336 3960 habeatis
2367 3919 2462 3960 cor
2508 3913 2760 3961 vestrum
2800 3906 2867 3960 ad
2893 3905 3204 3960 Dominum.
3244 3904 3525 3976 Respondi
3556 3907 3662 3966 illi,
3711 3919 3764 3960 et

519 4018 628 4073 dixi
664 4033 677 4066 :
715 4011 822 4068 Sed
867 4025 898 4064 a
925 4018 979 4063 te
1005 4023 1067 4061 ea
1093 4005 1405 4076 diligentius
1433 4017 1825 4074 cognoscemus
1850 4000 1984 4069 (5.1).
2909 3996 2917 4004 ’

1118 4149 1166 4184 ..
1963 4113 2190 4170 CAPUT
2238 4115 2328 4169 XL

590 4227 751 4292 Audi,
785 4222 980 4295 inquit,
1012 4221 1078 4276 de
1103 4215 1290 4289 ﬁguris
1319 4228 1458 4283 quas
1489 4211 1722 4281 inquiris
1773 4209 1909 4279 (55).
1959 4210 2017 4264 1η
2061 4212 2238 4280 prima
2277 4210 2496 4281 quidem
2526 4211 2756 4278 visione,
2790 4226 2959 4280 quare
2990 4224 3129 4264 anns
3180 4209 3275 4263 tibi
3309 4211 3567 4280 apparuit
3591 4228 3768 4283 super

523 4317 837 4373 cathedram
876 4313 1106 4377 sedens;
1140 4304 1398 4378 quoniam
1423 4303 1648 4372 spiritus
1678 4310 1853 4354 vester
1883 4300 2180 4370 antiquior,
2209 4302 2372 4356 etiam
2399 4303 2674 4358 marcidus
2705 4313 2807 4369 est,
2833 4313 2888 4358 et
2935 4318 3042 4358 non
3074 4306 3283 4361 habens
3318 4307 3429 4360 vim
3477 4321 3508 4358 a
3557 4308 3768 4362 vestris

525 4407 961 4469 inﬁrmitatibus,
987 4412 1041 4459 et
1070 4401 1410 4458 dubitatione
1438 4398 1642 4454 cordis.
1673 4395 1826 4452 Sicut
1857 4399 2000 4451 enim
2027 4399 2273 4455 seniores
2295 4401 2390 4469 qui
2420 4416 2528 4455 non
2573 4401 2774 4456 habent
2803 4417 2954 4470 spem
2981 4404 3304 4467 renovandi,
3353 4386 3571 4458 et'nihil
3608 4406 3768 4459 aliud

524 4512 842 4577 eXSpectant
886 4500 1000 4572 (56)
1045 4499 1150 4554 nisi
1193 4497 1577 4552 dormitionem
1627 4508 1780 4548 suam
1817 4511 1828 4546 :
1859 4493 1939 4548 sic
1982 4504 2037 4548 et
2064 4507 2164 4550 vos
2207 4495 2468 4576 inﬁrmati
2502 4513 2532 4551 a
2561 4497 2915 4552 saecularibus
2959 4499 3191 4569 negotiis
3235 4500 3535 4555 tradidistis
3569 4516 3676 4557 vos
3709 4504 3769 4558 in

598 4621 642 4653 ⁸⁸
657 4618 781 4676 Job.
803 4633 954 4682 xxxr,
974 4612 1060 4669 l7.
1141 4616 1185 4648 ⁶⁹
1209 4613 1392 4682 Jac.v,
1411 4615 1464 4669 4.
1543 4616 1586 4646 ⁷⁰
1600 4613 1790 4668 Matth.
1810 4613 2014 4681 “111,6
2035 4613 2180 4681 ;Mar

2186 4631 2346 4679 e.xlt,
2379 4616 2474 4682 59;
2507 4616 2640 4672 Luc.
2675 4635 2752 4682 ιιι,
2775 4619 2846 4673 45
2873 4627 2928 4674 et
2959 4636 3052 4685 xx,
3081 4619 3171 4674 46.
3247 4620 3291 4648 ⁷⁸
3312 4618 3523 4674 Coloss.
3561 4620 3769 4685 “1,16.

1613 4753 1854 4808 VARUE
1896 4751 2276 4810 LECTIONES
2314 4755 2403 4809 ET
2440 4754 2672 4809 ΝΟΤᾹΞ.

754 4871 1100 4954 ξέθιῃὴκθϐᾀ.
1127 4873 1387 4954 omnibus.
1481 4941 1493 4953 7
1537 4943 1547 4952 7
2191 4871 2372 4954 habet,
2407 4871 2761 4954 annopriore.

610 4939 715 5014 ’40)
756 4945 908 4998 Bodl.
937 4945 1088 4997 deest
1117 4941 1569 5012 etjusti/icemini.
1813 4992 1822 4998 ,
2286 4941 2376 5010 49)
2417 4939 2611 4996 Lamb.
2643 4941 2859 4996 desunt.
2898 4949 3011 4994 erat
3035 4956 3212 5009 quam.

602 4950 717 5087 id!)
758 5013 947 5087 bamb.
978 5028 1075 5083 pro
1106 5030 1223 5066 cum
1253 5012 1358 5065 alio
1385 5013 1543 5087 habet
1573 5012 1626 5064 in
1654 5011 1841 5087 alium.
2027 5083 2037 5087 _
2263 4943 2376 5087 (ﬁt)
2417 5009 2608 5087 bamb.
2638 5011 2870 5087 quidem.
2900 5011 3044 5087 Mor,
3069 5013 3123 5087 in
3155 5013 3209 5077 fu

758 5013 947 5098 bamb.
978 5028 1075 5083 pro
1106 5009 1223 5066 cum
1249 5009 1543 5098 aliohahet
1573 5012 1629 5098 in
1654 5011 1863 5098 alium.7
2025 5083 2037 5094 7
2417 5009 2608 5098 μηρῖ).
2638 5011 2870 5098 quidem.
2900 5011 3044 5098 Mor,
3069 5013 3123 5090 in
3155 5011 3312 5077 facie.

607 5079 718 5156 (4'2)
759 5084 951 5138 Lamb.
978 5079 1280 5149 ossumunt,
1308 5082 1398 5136 sed
1419 5092 1465 5135 et
1493 5083 1787 5143 cumulant,
1813 5093 1863 5132 et
1892 5083 2097 5134 ronrt‘o-
2604 5079 2658 5156 et
2683 5079 3284 5156 La_mb._ret_2elt7uigdnen7t.

534 5161 722 5281 (aiis)
761 5223 950 5280 Lamb.
987 5225 1269 5279 recubitus.
1305 5221 1533 5281 Vulgata
1563 5223 1723 5276 lectio
1750 5221 1991 5281 pressius
2019 5222 2100 5273 in-

2267 5148 2380 5220 (52)
2421 5151 2722 5206 Antiochus
2757 5150 3084 5204 homiLth’:
3112 5150 3294 5220 Χωρὶς
3321 5148 3376 5200 δὲ
3399 5164 3768 5220 ταπεινοφρο-

2200 5216 2364 5281 σύνης
2397 5221 2497 5273 οὐκ
2537 5221 2682 5274 ἔστιν
2713 5221 3099 5281 εὐπρόσδεκτον
3128 5218 3376 5281 γενέσθαι
3423 5223 3764 5281 προσευχήν.

607 5226 722 5299 (45)
761 5223 950 5280 Lamb.
987 5225 1269 5279 recubitus.
1305 5221 1533 5294 Vulgata
1563 5223 1723 5276 lectio
1750 5221 1991 5290 pressius
2019 5222 2100 5273 in-

535 5301 699 5354 litere'
731 5296 866 5350 locis
891 5292 1025 5347 Nov.
1053 5293 1200 5348 Test.
1235 5295 1505 5350 excitatis.

2200 5218 2369 5291 σύνης
2397 5221 2497 5273 οὐκ
2537 5221 2682 5274 ἔστιν
2713 5221 3099 5290 εὐπρόσδεκτον
3128 5218 3376 5288 γεύὲσθαι
3423 5218 3763 5301 προσευχῇν.

2203 5291 2382 5354 Neque
2399 5307 2515 5344 vero
2542 5295 2653 5345 sine
2676 5291 2977 5346 humilitate
3006 5299 3218 5354 accepta
3241 5305 3350 5344 esse
3362 5299 3532 5354 potest
3557 5303 3763 5344 oratio.

607 5291 713 5353 ire"
731 5296 866 5350 locis
891 5292 1025 5347 Nov.
1053 5293 1200 5348 Test.
1235 5291 1505 5350 excitatis.
2203 5291 2382 5361 Neque
2399 5307 2515 5344 vero
2542 5295 2653 5345 sine
2676 5291 2977 5346 humilitate
3006 5299 3218 5359 accepta
3241 5305 3350 5344 esse
3362 5299 3532 5355 potest
3557 5291 3765 5344 oratio.

607 5369 698 5439 (Μ
762 5364 952 5419 Lamb.
988 5366 1042 5416 in
1067 5367 1282 5433 pyxides
1307 5373 1539 5434 portant.
2192 5361 2410 5417 FABRIC.

607 5369 720 5504 (45)
761 5435 914 5488 Bodl.
947 5443 1000 5488 et
1029 5433 1217 5504 Lamb.
1251 5437 1704 5489 medicamentum.
1782 5499 1817 5504 Α
1860 5503 1865 5504 7
2057 5502 2066 5504 _
2265 5434 2378 5501 (55)
2418 5433 2518 5504 Ms.
2553 5433 2608 5488 S.
2637 5431 2774 5488 Vict.
2806 5433 3035 5503 etquod.

761 5435 914 5516 βοαὶ.
947 5443 1000 5488 et
1021 5431 1217 5516 (I‘Jai‘t'tb.
1251 5431 1704 5516 medicamentum.
1734 5511 1743 5516 7
1781 5499 1818 5516 ﬁ
1856 5503 1888 5516 η
2021 5503 2033 5516 _
2056 5502 2069 5516 7
2418 5433 2518 5516 με.
2637 5431 2774 5488 Vict.
2806 5433 3035 5503 etquod.

545 5581 556 5591 7
603 5502 722 5591 (46)
765 5506 840 5591 lta
868 5521 1000 5560 mss.
1021 5502 1078 5558 S.
1106 5503 1671 5577 Vict.,Carm.,l.amb.
1698 5511 1749 5557 et
1781 5502 1979 5557 Fellus.
2009 5502 2092 5556 Al.
2418 5502 3032 5591 bamb.7cognqsca'ntuts7.

537 5573 806 5664 interﬁce:
903 5643 933 5664 ι
1025 5652 1040 5664 7
1068 5644 1110 5664 Β
1255 5573 1263 5577 ⁷
1468 5646 1478 5656 _
1769 5591 1771 5593 ‘
2419 5573 2570 5664 βοόιἶ
2598 5574 2661 5627 de
2686 5573 2894 5644 quibus.
2919 5573 3126 5628 Fcllus:
3160 5573 3396 5646 requiris.

614 5645 728 5712 (47)
769 5643 958 5715 bamb.
989 5644 1254 5699 et'ﬁarm.
1286 5661 1317 5697 a
1341 5646 1498 5700 turri.
1943 5713 1955 5715 7
2059 5714 2065 5715 7

1943 5713 1955 5715 7
2059 5714 2065 5715 7
2265 5639 2378 5715 (56)
2419 5644 2608 5699 Lamb.
2641 5639 2910 5713 eafpetttut.
3227 5639 3233 5642 ’
3267 5639 3273 5646 ’

613 5717 724 5774 (48)
769 5712 956 5768 Lamb.
1008 5715 1159 5769 deest
1207 5715 1398 5783 fratres
1431 5727 1524 5770 :et
1574 5731 1699 5770 mox
1755 5731 1879 5771 cum
1939 5713 2093 5767 Bodl.
