4074 6154
351 261 460 325 !)09
1464 266 1757 323 PASTOR.
1783 297 1851 307 —
1888 266 2020 324 LIB.
2056 267 2098 332 Ι,
2139 267 2321 325 VISIO
2356 267 2445 323 IV.
3496 276 3604 336 ἔδω

356 387 669 444 socordiam
700 388 837 461 (57),
873 396 928 447 et
955 402 1065 445 non
1095 388 1406 459 projecistis
1429 404 1462 443 a
1485 389 1646 447 vobis
1669 390 2096 447 sollicitudinem
2134 391 2192 445 in
2222 390 2498 459 Domino;
2531 400 2587 446 et
2614 400 2877 450 contusus
2910 392 3026 464 (58)
3066 406 3151 454 est
3178 412 3374 456 sensus
3399 412 3601 471 voster,

359 494 416 538 ct
446 484 794 541 inveterastis
825 486 881 539 in
916 483 1155 539 tristitiis
1176 484 1398 540 vestris.
1443 484 1624 551 Quare
1652 500 1783 555 ergo
1812 501 1977 555 super
2020 486 2336 541 cathedram
2386 486 2627 553 sedebat,
2658 489 2904 544 volebam
2941 505 3288 561 cognoscere,
3339 493 3606 553 domina!

355 574 664 650 Respondit
691 595 705 632 :
740 577 1011 645 Quoniam
1040 574 1222 630 omnis
1251 574 1503 630 inﬁrmus
1538 592 1702 645 super
1729 576 2046 630 cathedram
2078 578 2229 632 sedet
2258 587 2477 648 propter
2518 578 2889 635 inﬁrmitatem
2939 600 3117 652 suam,
3148 597 3210 642 ut
3259 592 3605 649 contineatur

356 676 650 732 inﬁrmitas
672 675 814 745 ejus.
842 664 984 730 Ecce
1016 670 1190 727 habes
1212 670 1447 742 ﬁguram
1484 671 1675 741 primae
1696 670 1811 742 (59)
1838 671 2090 726 visionis.

1791 791 2021 848 CAPUT
2056 792 2171 849 XII.

426 911 677 967 Secunda
703 919 884 966 autem
916 910 1143 976 visione,
1167 910 1354 965 vidisti
1387 909 1537 963 illam
1560 917 1816 976 stantem,
1839 919 1894 964 et
1922 909 2222 979 juvenilem
2248 907 2443 963 faciem
2476 909 2789 978 habentem,
2844 920 2901 968 et
2926 911 3247 969 hilariorem
3272 930 3438 985 quam
3485 917 3604 987 pri~

353 1002 587 1067 stinam;
619 1016 838 1057 carnem
858 1010 1039 1057 autem
1064 1010 1118 1058 et
1139 1002 1367 1071 capillos
1397 1001 1591 1056 aniles.
1616 1000 1780 1067 Audi,
1805 1001 2004 1070 inquit,
2032 1011 2086 1056 et
2114 1002 2258 1056 hanc
2279 1000 2619 1075 parabolam.
2651 999 2790 1055 Cum
2816 1002 3003 1058 senior
3030 1005 3143 1074 jam
3170 1003 3336 1060 fuerit
3368 1006 3601 1076 aliquis.

352 1102 605 1173 desperat
625 1104 693 1158 de
718 1118 777 1158 se
799 1104 920 1173 ipso
951 1102 1063 1173 (60)
1097 1114 1319 1172 propter
1345 1102 1721 1157 inﬁrmitatem
1756 1116 1917 1157 suam
1944 1110 1999 1156 et
2038 1108 2413 1171 paupertatem
2438 1138 2454 1165 ,
2483 1109 2537 1155 et
2563 1101 2701 1155 nihil
2750 1101 2898 1156 aliud
2964 1113 3284 1172 exspectat,-
3316 1105 3421 1161 nisi
3461 1107 3606 1162 diem

353 1208 659 1255 extremum
682 1199 807 1254 vitae
829 1214 962 1254 suae.
995 1198 1206 1255 Deinde
1278 1200 1465 1255 subito
1500 1200 1580 1253 illi
1632 1200 1820 1254 relicta
1871 1206 1957 1254 est
1995 1198 2320 1264 hereditas;
2370 1205 2424 1252 et
2479 1197 2707 1253 audiens
2753 1199 3017 1269 exsurgit,
3076 1199 3376 1272 hilarisque
3426 1202 3607 1261 factus

352 1296 530 1352 induit
562 1296 817 1351 virtutem
844 1312 858 1362 ;
886 1303 940 1349 et
964 1295 1079 1364 jam
1106 1310 1216 1350 non
1241 1295 1559 1359 discumbit,
1598 1294 1693 1350 sed
1723 1302 1851 1361 stat,
1876 1302 1930 1348 et
1952 1292 2214 1348 liberatus
2248 1300 2332 1347 est
2360 1292 2473 1363 (61)
2509 1308 2540 1347 a
2562 1293 2839 1361 prioribus
2863 1298 3235 1367 mmroribus;
3262 1310 3317 1355 et
3343 1300 3458 1369 jam
3493 1318 3606 1358 non

353 1391 523 1457 sedet,
548 1389 644 1446 sed
675 1389 903 1443 viriliter
926 1389 1057 1459 agit.
1087 1388 1164 1443 lta
1190 1394 1245 1442 et
1270 1402 1367 1441 vos
1396 1387 1534 1457 (62),
1565 1384 1755 1441 audita
1794 1384 2150 1450 revelatione,
2182 1398 2347 1453 quam
2385 1382 2530 1439 Deus
2564 1384 2723 1439 vobis
2752 1387 3043 1455 revelavit;
3082 1391 3211 1459 quia
3241 1393 3501 1450 misertus
3521 1403 3609 1451 est

352 1483 619 1540 Dominus
640 1482 806 1540 vestri
839 1491 893 1537 et
907 1483 1191 1537 renovavit
1225 1481 1479 1551 spiritum
1515 1490 1781 1547 vestrum,
1804 1489 1859 1535 et
1878 1478 2211 1549 deposuistis
2232 1478 2580 1535 inﬁrmitates
2604 1489 2854 1548 vestras;
2885 1483 3114 1538 accessit
3140 1484 3298 1539 vobis
3315 1484 3605 1555 fortitudo,

351 1585 405 1632 et
432 1576 739 1632 invaluistis
767 1574 821 1628 in
846 1574 980 1640 ﬁde;
1004 1582 1058 1628 et
1082 1573 1200 1629 visa
1225 1574 1369 1630 Deus
1387 1574 1707 1631 fortitudine
1730 1583 1935 1638 vestra,
1949 1574 2172 1643 gavisus
2196 1581 2299 1628 est.
2323 1571 2550 1642 Propter
2566 1573 2671 1629 hoc
2692 1573 3256 1633 demonstravitvobis
3272 1591 3606 1639 structuram

351 1670 521 1724 turris
551 1687 565 1723 :
598 1676 652 1722 et
673 1667 780 1722 alia
808 1666 1079 1731 ostendet,
1109 1664 1157 1718 si
1178 1679 1246 1718 ex
1277 1671 1392 1720 toto
1416 1666 1585 1720 corde
1614 1677 1807 1733 pacem
1838 1661 2143 1717 habueritis
2170 1660 2314 1715 inter
2338 1676 2455 1716 vos.

1750 1777 1981 1833 CAPUT
2019 1778 2159 1834 XIII.

423 1870 608 1927 Tertia
650 1880 832 1927 autem
858 1872 1073 1929 visione
1097 1872 1286 1929 vidisti
1312 1872 1459 1928 illam
1483 1871 1997 1938 adolescentiorem,
2028 1871 2315 1926 honestam
2346 1883 2403 1927 et
2428 1871 2677 1936 hilarem,
2709 1880 2763 1927 et
2790 1886 3043 1929 serenum
3078 1875 3191 1951 (65)
3216 1879 3428 1935 vultum
3456 1882 3601 1951 ejus.

354 1963 509 2021 Sicut
542 1964 710 2033 enim,
743 1967 791 2019 si
819 1966 984 2022 alicui
1006 1978 1208 2025 moesto
1233 1970 1612 2040 supervenerit
1633 1969 1861 2025 nuntius
1890 1969 2068 2024 bonus
2091 1968 2312 2039 aliquis,
2337 1968 2522 2025 statim
2552 1968 2757 2024 oblitus
2777 1979 2861 2025 est
2880 1975 3156 2041 mceroris,
3186 1976 3431 2047 nihilque
3453 1980 3604 2047 aliud

350 2067 651 2129 exspectat,
692 2059 798 2115 nisi
825 2063 1303 2118 annuntiationem
1327 2078 1495 2134 quam
1526 2064 1772 2130 audivit;
1806 2072 1861 2118 et
1889 2064 2242 2119 confortatur
2268 2065 2336 2118 de
2371 2073 2591 2131 caetero,
2625 2073 2680 2119 et
2708 2074 3009 2121 renovatur
3038 2068 3266 2137 Spiritus
3314 2044 3437 2141 ejus
3469 2044 3603 2142 pro:

350 2165 474 2228 pter
503 2158 762 2228 gaudium
784 2158 931 2228 quod
968 2160 1176 2229 accepit
1209 2178 1223 2214 :
1254 2160 1334 2215 sic
1363 2168 1419 2215 et
1445 2174 1544 2214 vos
1570 2159 1982 2215 renovationem
2011 2159 2302 2228 accepistis
2338 2160 2634 2229 spirituum
2658 2167 2988 2226 vestrorum,
3021 2161 3265 2218 videntes
3296 2165 3410 2220 haec
3432 2165 3600 2221 bona.

352 2254 421 2309 Et
450 2256 579 2325 quia
611 2270 776 2326 super
818 2254 1141 2311 subsellium
1172 2256 1360 2312 vidisti
1393 2255 1509 2327 (64)
1530 2255 1848 2321 sedentem;
1880 2252 2039 2311 fortis
2062 2254 2267 2324 positio
2308 2262 2433 2319 est;
2464 2254 2725 2324 quoniam
2759 2260 2999 2322 quatuor
3042 2252 3208 2321 pedes
3254 2254 3421 2309 habet
3466 2255 3604 2310 sub-

353 2354 591 2417 sellium,
628 2364 683 2409 et
710 2354 923 2409 fortiter
949 2363 1078 2410 stat.
1104 2352 1239 2407 Nam
1265 2364 1319 2408 et
1343 2353 1582 2408 mundus
1609 2368 1706 2423 per
1726 2360 1966 2423 quatuor
1992 2353 2261 2408 elementa
2312 2352 2646 2408 continetur.
2678 2351 2783 2417 Qui
2814 2364 2944 2420 ergo
2981 2350 3359 2420 paenitentiam
3390 2353 3603 2424 egerint

351 2446 561 2517 integre
586 2445 721 2516 (65),
748 2445 995 2517 juniores
1015 2451 1205 2511 erunt;
1228 2452 1282 2499 et
1309 2443 1402 2514 qui
1425 2458 1491 2498 ex
1515 2451 1629 2498 toto
1657 2443 1822 2497 corde
1854 2442 2235 2511 paenitentiam
2278 2440 2507 2510 egerint,
2539 2449 2702 2495 erunt
2744 2439 2973 2495 fundati.
3006 2440 3184 2499 Habes
3211 2444 3264 2498 in
3296 2444 3456 2515 pleno
3486 2445 3601 2518 (66)

352 2541 745 2598 revelationem
772 2557 789 2596 :
815 2539 954 2596 nihil
979 2539 1216 2613 amplius
1240 2539 1483 2610 postules
1509 2539 1579 2595 de
1603 2538 1913 2595 revelandis
1940 2537 2079 2609 (67).
2118 2535 2178 2592 Si
2207 2535 2340 2607 quid
2366 2546 2552 2592 autem
2582 2535 2912 2607 oportuerit,
2942 2539 3271 2596 revelabitur
3286 2541 3406 2597 tibi.

1758 2654 1979 2717 VISIO
2041 2652 2151 2715 IV.

1022 2775 1106 2841 De
1164 2780 1510 2885 tentatione
1543 2790 1599 2842 et
1630 2776 2047 2841 tribulatione
2073 2776 2429 2840 hominibus
2455 2793 2631 2856 super

1321 2780 1510 2842 ttione
1543 2790 1599 2842 et
1630 2776 2047 2841 tribulatione
2073 2776 2429 2840 hominibus
2455 2786 2930 2856 superuentura.

1674 2897 1905 2955 CAPUT
1957 2897 2249 2955 PRIMUM.

425 3000 707 3056 Visionem
741 2995 875 3063 vidi,
909 2993 1123 3060 fratres,
1149 3000 1275 3062 post
1300 2991 1420 3047 dies
1441 2990 1632 3061 viginti
1665 2990 1911 3059 pristinae
1959 2990 2212 3055 visionis,
2258 2988 2489 3060 ﬁguram
2539 2973 2914 3047 tribulationis
2961 3004 3393 3064 superventurae.
3425 2997 3602 3055 Proﬁ-

353 3099 598 3155 cisccbar
627 3094 741 3167 (68)
770 3093 827 3148 in
855 3092 947 3147 illa
972 3088 1061 3144 via
1088 3087 1368 3157 Campana
1398 3103 1411 3138 :
1449 3102 1480 3141 a
1514 3087 1601 3140 via
1640 3094 1821 3139 autem
1844 3084 2063 3155 publica
2092 3084 2148 3138 in
2171 3082 2356 3137 villam
2382 3090 2511 3139 sunt
2536 3081 2650 3138 fere
2671 3082 2848 3138 stadia
2868 3081 3079 3140 decem.
3105 3084 3252 3144 Raro
3283 3098 3464 3145 autem
3497 3091 3601 3148 iter

352 3196 415 3251 ﬁt
443 3212 535 3267 per
568 3196 748 3249 locum
782 3190 961 3245 illum.
994 3184 1062 3239 Et
1086 3185 1239 3241 solus
1266 3182 1559 3237 ambulans
1588 3181 1847 3250 rogabam
1892 3178 2211 3242 Dominum,
2253 3188 2312 3233 ut
2353 3178 2719 3234 revelationes
2746 3179 2868 3249 ejus
2889 3196 3029 3249 quas
3052 3183 3187 3238 mihi
3221 3186 3466 3240 ostendit
3497 3202 3599 3256 per

353 3301 601 3348 sanctam
631 3286 934 3343 Ecclesiam
967 3294 1150 3346 suam,
1176 3278 1550 3343 conﬁrmaret,
1590 3286 1646 3331 et
1672 3277 1827 3331 daret
1854 3274 2232 3345 pmuitentiam
2258 3274 2518 3329 omnibus
2551 3275 2724 3330 servis
2776 3275 2893 3330 suis
2921 3277 3015 3344 qui
3047 3280 3402 3336 scandalizati
3434 3290 3594 3351 sunt;

350 3395 415 3441 ut
442 3384 831 3440 honoriﬁcetur
860 3390 1060 3431 nomen
1087 3372 1211 3443 ejus
1231 3386 1490 3442 magnum
1520 3380 1574 3426 et
1605 3370 1999 3436 honorificum,
2030 3378 2085 3425 et
2107 3370 2238 3439 quia
2270 3384 2360 3425 me
2387 3370 2613 3441 dignum
2642 3370 2976 3426 existimavit
3005 3381 3066 3426 ut
3092 3376 3407 3433 ostenderet
3455 3381 3595 3437 mihi

351 3476 627 3532 mirabilia
656 3488 777 3537 sua,
808 3478 864 3524 et
891 3484 1017 3524 eum
1040 3463 1463 3520 honoriﬁcarem
1486 3472 1539 3517 et
1564 3462 1767 3533 gratias
1802 3476 2043 3533 agerem.
2094 3458 2381 3532 Tanquam
2427 3462 2541 3533 (69)
2590 3476 2696 3516 vox
2722 3460 2862 3515 mihi
2899 3466 3183 3532 respondit
3208 3486 3222 3522 :
3250 3466 3331 3523 Ne
3354 3470 3593 3540 dubites,

352 3567 578 3624 Herma.
612 3567 758 3619 intra
790 3579 877 3618 me
903 3577 1034 3632 ergo
1059 3561 1203 3632 coepi
1236 3560 1478 3631 cogitare
1504 3568 1558 3615 et
1584 3559 1767 3615 dicere
1800 3577 1814 3614 ;
1845 3557 1959 3628 Ego
1988 3558 2121 3630 quid
2155 3560 2332 3615 habeo
2376 3559 2651 3627 dubitare,
2678 3558 2762 3615 sic
2789 3558 3051 3617 fundatus
3078 3579 3107 3619 a
3134 3563 3386 3633 Domino,
3417 3577 3473 3623 et
3496 3569 3593 3639 qui

351 3662 465 3718 vidi
504 3659 834 3715 honoriﬁcas
864 3657 995 3713 res?
1020 3656 1351 3727 Progressus
1376 3669 1497 3709 sum
1523 3654 1831 3725 paululum,
1874 3653 2075 3710 fratres
2105 3672 2120 3709 :
2150 3662 2205 3709 et
2231 3670 2357 3710 ecce
2386 3655 2541 3711 video
2569 3655 2846 3726 pulverem
2879 3671 3055 3726 usque
3095 3658 3163 3714 ad
3194 3660 3416 3716 caelum.
3438 3660 3595 3732 Coepi

351 3755 536 3823 dicere
567 3754 709 3807 intra
734 3767 821 3807 me
853 3768 867 3805 :
914 3750 1174 3822 Nunquid
1199 3752 1446 3822 jumenta
1476 3751 1725 3817 veniunt,
1756 3760 1809 3806 et
1838 3750 2116 3820 pulverem
2167 3750 2449 3807 excitant?
2490 3749 2740 3807 Distabat
2769 3750 2881 3821 (70)
2915 3760 3097 3808 autem
3131 3770 3162 3809 a
3205 3770 3295 3811 me
3329 3764 3590 3827 tanquam

353 3850 617 3905 stadium.
650 3847 717 3902 Et
745 3861 872 3902 ecce
892 3845 1050 3900 video
1085 3843 1258 3912 magis
1290 3842 1574 3912 magisque
1602 3842 1880 3912 pulverem
1910 3849 2312 3912 exsurgentem,
2356 3840 2493 3897 adeo
2515 3848 2576 3895 ut
2602 3840 2915 3910 suspicarer
2941 3854 3064 3902 esse
3089 3848 3296 3918 aliquid
3327 3849 3439 3921 (71)
3460 3848 3597 3904 divi-

298 3936 312 3947 ’
354 3945 523 4000 nitus.
554 3944 818 3999 Pusillum
846 3949 1027 3997 autem
1057 3938 1393 4009 resplenduit
1415 3938 1496 3993 sol
1520 3946 1606 3993 :et
1628 3952 1754 3993 ecce
1774 3937 1935 3991 video
1960 3936 2193 3992 bestiam
2219 3952 2472 4008 magnam
2496 3937 2659 3992 veluti
2706 3947 2907 4001 cetum,
2938 3947 2992 3994 et
3023 3953 3086 3993 ex
3104 3954 3200 3995 ore
3225 3940 3345 4010 ejus
3366 3940 3593 3998 locustae

354 4035 528 4106 ignea:
554 4036 926 4106 procedebant
946 4034 1015 4088 τ’.
1043 4032 1174 4089 Erat
1195 4042 1376 4089 autem
1402 4042 1613 4087 statura
1642 4033 1831 4089 bestiae
1858 4032 2005 4088 illius
2036 4032 2200 4102 pedes
2231 4029 2344 4086 fere
2369 4040 2589 4087 centum
2616 4049 2630 4084 :
2657 4042 2823 4103 caput
2851 4044 3031 4090 autem
3072 4034 3305 4091 habebat
3328 4044 3590 4107 tanquam

352 4146 452 4187 vas
478 4131 671 4187 urnale
710 4129 846 4200 (72).
872 4129 1027 4200 (Ζωρί
1072 4128 1203 4184 ﬂere
1225 4136 1279 4183 et
1301 4130 1556 4183 invocare
1580 4127 1896 4195 Dominum,
1930 4137 1991 4183 ut
2037 4142 2124 4182 me
2155 4127 2409 4183 liberaret
2460 4128 2531 4183 ab
2561 4128 2672 4182 illa.
2706 4128 2911 4186 Deinde
2939 4128 3258 4184 recordatus
3286 4143 3407 4184 sum
3437 4131 3591 4186 verbi

356 4231 504 4295 quod
524 4228 806 4283 audieram
839 4243 853 4278 :
878 4225 957 4281 Ne
984 4226 1221 4291 dubites,
1248 4223 1465 4281 Herma.
1492 4225 1721 4279 lndutus
1752 4240 1903 4295 ergo,
1934 4223 2152 4290 fratres,
2188 4224 2347 4279 ﬁdem
2375 4224 2469 4279 Dei
2494 4242 2510 4292 ;
2548 4234 2603 4280 et
2631 4236 2969 4283 memoratus
2990 4228 3115 4297 quis
3142 4226 3329 4282 docuit
3358 4226 3473 4294 (75)
3503 4242 3592 4284 me

356 4325 663 4398 magnalia;
694 4322 958 4377 audenter
980 4318 1035 4373 in
1069 4318 1300 4373 bestiam
1327 4331 1415 4373 me
1438 4316 1659 4372 tradidi.
1688 4314 1781 4371 Sic
1806 4323 1989 4370 autem
2025 4316 2275 4371 veniebat
2294 4314 2469 4371 bestia
2497 4316 2611 4382 illa,
2640 4315 2713 4371 ita
2744 4322 2805 4370 ut
2835 4326 3020 4386 posset
3062 4317 3117 4372 in
3171 4317 3281 4373 ictu
3313 4316 3589 4372 civitatem

429 4444 473 4476 η
526 4443 693 4497 Apoc.
725 4457 778 4496 XI
803 4449 857 4495 et
879 4455 979 4494 ΧΗ.
1437 4502 2038 4567 VARUE‘LECTIONE

879 4455 979 4494 κη’
1437 4502 2095 4567 νΑιιιιλΕἰΕοΤιοΝΕδ
2131 4506 2221 4561 ET
2256 4502 2485 4562 Nom.

432 4631 545 4704 (57)
583 4631 661 4704 l_ta
688 4631 839 4686 editi.
861 4631 1055 4704 _Fe_l_l_us
1079 4646 1209 4704 vero
1230 4644 1467 4704 exﬁmss.
1490 4628 1648 4704 Angl.
1684 4628 1917 4704 peritius.
2026 4626 2219 4704 natent.
2244 4621 2528 4704 Fidemox
2558 4620 2831 4704 infraAviS-
2856 4612 3075 4704 ινιηᾴθβο
3319 4682 3367 4704 _,

434 4682 543 4769 (58)
586 4682 1922 4768 Sicipss.S.'Vict.,Oarm.,BMl.etLcamb.Editi,
2089 4697 2203 4767 (65)
2244 4695 2435 4769 Lamb.
2469 4693 2863 4769 deestintegre.
2916 4687 2982 4741 Et
3007 4682 3177 4750 recte,
3205 4692 3272 4769 _ut_
3319 4682 3534 4769 videtur
3567 4699 3583 4736 :

357 4755 628 4838 confusus.
661 4755 671 4756 ἡ
766 4755 806 4758 νὴ
988 4755 993 4756 ί
1021 4755 1027 4756 ί
1064 4755 1090 4763 θ’
1111 4755 1119 4756 ί
1144 4755 1167 4757 ν
1266 4755 1292 4768 θ’
1907 4755 1920 4764 ’
2018 4755 2145 4838 nam
2178 4755 2336 4838 paulo
2362 4771 2505 4834 post,
2519 4755 3034 4838 addistinctionern
3063 4773 3075 4807 :
3106 4764 3307 4838 estote
3333 4755 3511 4835 corde.

434 4824 559 4910 ('59)?
589 4824 779 4898 Lamb.
810 4843 1025 4911 prioris.
1055 4841 1130 4897 Id.
1158 4841 1260 4896 sub
1289 4840 1505 4895 initium
1537 4839 1701 4909 hujus
1727 4854 1847 4908 cap.
1868 4839 1924 4892 in
2071 4824 2212 4911 (66')
2246 4835 2321 4889 Ita
2347 4824 2669 4911 mssgodl.
2694 4841 2746 4884 et
2770 4828 2959 4911 Lamb.
2997 4826 3080 4911 .I‘ta
3103 4835 3157 4881 et
3183 4824 3365 4880 Fellus
3398 4826 3456 4879 in
3486 4839 3589 4879 sua

358 4896 556 4980 priore.
768 4896 775 4898 Ὗ
810 4896 824 4911 ’
990 4896 1019 4897 η
1090 4896 1093 4897 ν
1610 4896 1628 4909 ’
1794 4896 1810 4908 ’
2020 4896 2351 4980 εᾱὶ“ι.-ΟΧ-οη.
2386 4904 2470 4980 _Al.
2506 4900 2688 4980 Habes
2716 4901 2855 4953 enim
2883 4900 2933 4951 in
2955 4896 3106 4965 pleno

456 4982 546 5053 (30)
586 4980 855 5053 Lamb,“
888 4984 1082 5053 ipsum,
1124 5052 1131 5053 ί
1297 5050 1322 5053 _
1403 5050 1413 5053 _
1788 5046 1836 5053 ω
2093 4975 2206 5053 (67)
2248 4975 2436 5053 Lamb.
2475 4970 2836 5053 reuelationem
2928 5051 2937 5053 ᾗ
2972 5052 2975 5053 ν
3098 5052 3101 5053 ν
3132 5044 3170 5053 Α

456 4985 546 5047 σο)
587 4985 779 5038 Lamb.
803 4999 855 5036 δε
888 4985 1082 5053 ipsum,
2116 4985 2206 5043 67)
2248 4985 2436 5029 Lamb.
2475 4985 2836 5050 revetauonea
3011 5036 3023 5048 .
3288 5035 3301 5047 O

433 4985 546 5119 (6i)
586 5050 777 5108 Lamb.
804 5065 1062 5121 sumptus.
1096 5052 1259 5109 Editt.
1292 5050 1467 5105 Paris.
1493 5046 1921 5121 an.l64.i,Cler.
2026 4985 2209 5121 -ηξϐϐι
2250 5043 2405 5121 Bodl.
2447 5054 2501 5097 et
2539 5040 2731 5094 Lamb.
2786 5040 2875 5093 Inc
2916 5044 3176 5092 omittunt
3216 5050 3357 5088 enim
3439 5031 3589 5104 quod

358 5131 416 5177 et
443 5115 663 5192 Fabric.
693 5131 817 5190 post
838 5115 1091 5177 liberatus
1122 5125 1300 5179 omitt.
1343 5130 1441 5185 est,
1491 5121 1637 5189 quod
1663 5120 1923 5173 exhibent
2025 5115 2403 5192 habentgdjti.
2501 5181 2540 5192 _
2739 5179 2751 5192 ,
2905 5178 2957 5192 ,η
3188 5186 3197 5192 _
3323 5175 3359 5192 ,.

361 5192 499 5247 Fell.
523 5200 577 5246 et
608 5178 821 5248 Russel.
1132 5178 1141 5179 ί
1428 5178 1439 5185 ⁷
1510 5178 1525 5189 ’
2091 5186 2203 5256 (69)
2236 5184 2418 5239 Fellus
2443 5200 2455 5235 :
2494 5181 2563 5235 Et
2591 5196 2710 5234 cum
2732 5178 3132 5256 honoriﬁcarem
3150 5186 3197 5256 et
3220 5178 3423 5245 gratias
3461 5191 3586 5245 nge-

437 5262 548 5331 (62)
593 5260 684 5315 Sic
713 5262 1023 5317 emendavit
1049 5262 1334 5318 Fabricius
1377 5275 1441 5315 ex
1480 5274 1584 5313 ms.
1622 5257 1680 5312 S.
1707 5256 1917 5331 Victor.
2018 5249 2617 5331 remgjanquantuetc"
2649 5250 2795 5320 quod
2827 5251 3001 5321 magis
3025 5249 3219 5316 placet.

366 5322 519 5387 Hanc
534 5322 725 5405 tamen
755 5333 1039 5405 lectionem
1068 5334 1365 5405 jam‘antea
1392 5331 1719 5405 exhibuerat
1736 5328 1920 5382 Fellus
2239 5322 2438 5405 Lamb.
2456 5322 2545 5377 Sic
2566 5331 2697 5405 erat.

366 5406 419 5455 in
450 5419 545 5457 sua
574 5404 703 5458 edit.
744 5400 919 5458 Oxon.
946 5403 1033 5473 Al.
1067 5390 1243 5455 audite
1272 5399 1671 5473 reuelationem.
2239 5394 2514 5473 ﬁodlzjtoc
2531 5390 2756 5473 aliquid.

441 5456 549 5543 (65)
584 5456 977 5529 Dodlfbonam.
1009 5456 1198 5527 Lamb.
1227 5473 1283 5524 in
1306 5472 1493 5525 bonam
1519 5479 1569 5523 et
1598 5468 1841 5533 hilarem,
1869 5475 1918 5521 et
2373 5463 2511 5543 Yict.
2537 5456 2688 5540 deest
2721 5470 2991 5543 (ququam.
3023 5457 3215 5513 Lamb.
3258 5456 3536 5543 {amate-nt.

366 5529 490 5597 bene
513 5529 770 5599 serenum.
1829 5529 1837 5533 ’
2086 5529 2199 5605 (75)
2241 5533 2428 5605 Lamb.
2460 5549 2575 5602 qua:
2597 5531 2714 5605 quis
2743 5530 3015 5605 docuit....
3044 5539 3384 5595 memoratus,
3414 5529 3464 5584 id
3495 5534 3582 5585 est

440 5615 548 5683 (64)
590 5614 680 5670 Sic
704 5617 810 5685 leg.
840 5630 906 5669 ex
946 5627 1077 5685 mss.
1108 5612 1165 5685 S.
1196 5610 1379 5685 Germ.
1410 5619 1463 5666 et
1486 5610 1679 5666 Lamb.
1707 5624 1806 5679 pro
1842 5607 1920 5661 vi-
2017 5600 2247 5661 memor.
2274 5603 2363 5660 Sic
2394 5600 2559 5673 supra
2590 5600 2689 5657 vis.
2719 5616 2801 5673 tu,
2826 5614 2951 5671 cap.
2976 5600 3030 5659 1.

366 5682 542 5750 distis,
565 5687 709 5754 quod
736 5682 935 5741 habent
954 5684 1103 5739 editi.
1132 5682 1293 5736 Addit
1321 5682 1505 5736 Carm.
1546 5691 1795 5753 tanquam
1829 5696 1919 5732 ur-
