4074 6154
412 305 513 360 δη
1442 299 1732 356 PASTOR‘.
1768 330 1834 340 —
1869 299 1994 356 LIB.
2033 301 2099 364 ll,
2139 298 2528 355 MANDATUM
2562 298 2599 354 l'.
3541 297 3652 353 9N;

3235 455 3613 474 ...υ-*ο*

1423 573 1842 711 LIBER
1920 593 2662 711 SECUNDUS

1738 861 1848 916 ρυι
1875 862 2276 909 ιιιεειιωιτυι

1655 1036 2383 1129 MANDATA.

1768 1395 2268 1459 PROOEMIUM.

467 1529 606 1584 Cum
637 1544 882 1587 orassem
912 1533 1096 1603 domi,
1121 1546 1176 1593 et
1200 1539 1566 1597 consedissem
1599 1541 1750 1612 (100)
1779 1559 1945 1614 supra
1976 1545 2176 1600 lectum
2204 1523 2246 1608 ,ί
2267 1545 2492 1601 intravit
2528 1546 2612 1600 vir
2633 1545 2855 1616 quidam
2908 1542 3212 1599 reverenda
3242 1539 3400 1603 facie,
3437 1540 3637 1594 habitu.

397 1623 695 1690 pastorali,
733 1625 902 1694 pallio
947 1628 1072 1682 albo
1122 1634 1355 1692 amictus
1382 1635 1483 1706 (l),
1522 1651 1710 1706 peram
1740 1635 1795 1690 in
1821 1637 2065 1692 humeris
2087 1637 2165 1706 (2)
2195 1647 2256 1692 et-
2276 1638 2484 1708 virgam
2521 1639 2574 1691 in
2605 1653 2769 1693 manu
2792 1647 3034 1707 gestans,
3062 1644 3116 1689 et
3139 1631 3398 1689 salutavit
3429 1649 3534 1686 me.
3564 1631 3630 1686 Et

397 1733 500 1788 ego
534 1722 827 1776 resalutavi
853 1739 998 1780 eum.
1031 1724 1398 1795 Protinusque
1424 1728 1848 1797 conseditjusta
1876 1745 1984 1796 me,
2007 1740 2062 1785 et
2083 1731 2158 1787 ait
2180 1729 2313 1784 mihi
2340 1750 2352 1785 :
2378 1729 2581 1787 Missus
2620 1747 2742 1787 sum
2785 1731 2854 1786 ab
2881 1744 2948 1785 eo
2982 1727 3282 1784 venerabili
3313 1726 3531 1791 nuntio,
3567 1737 3627 1780 ιιι

397 1809 636 1864 habitem
662 1820 842 1866 tecum
867 1815 1106 1884 reliquos
1125 1816 1243 1872 dies
1273 1817 1396 1872 vita:
1419 1826 1546 1873 tuae.
1575 1819 1640 1873 Et
1665 1836 1767 1891 ego
1808 1822 2070 1892 putabam
2094 1864 2108 1884 ,
2136 1823 2312 1892 ipsum
2345 1823 2411 1878 ad
2439 1823 2756 1878 tentandum
2784 1838 2873 1878 me
2899 1821 3135 1878 venisse.
3176 1819 3244 1875 Et
3270 1819 3396 1875 dico
3426 1818 3512 1873 ei:
3540 1815 3638 1872 Tuv

394 1902 542 2006 enim
567 1903 690 1973 quis
712 1905 810 1959 es?
834 1904 947 1976 Ego
971 1909 1116 1962 enim
1148 1910 1272 1964 novi
1306 1910 1658 1967 cuitraditus
1685 1927 1829 1968 sum.
1865 1914 1952 1969 Ait
1981 1914 2117 1969 mihi
2147 1934 2169 1970 :l
2194 1914 2314 1970 Non
2345 1915 2631 1986 cognoscis
2655 1914 2780 1970 me?
2826 1913 2969 1981 Non,
2995 1915 3218 1985 inquam
3252 1913 3351 1985 (3).
3379 1911 3512 1984 Ego,
3547 1913 3636 1966 in-

397 1999 548 2064 quit,
582 2012 706 2050 sum
745 2006 935 2068 pastor
957 1999 1047 2056 ille
1080 2004 1169 2058 cui
1199 2005 1434 2063 traditus
1459 2022 1538 2063 es.
1569 2009 1760 2064 Adhuc
1782 2010 2041 2081 loquente
2069 2026 2136 2066 eo
2162 2054 2177 2079 ,
2211 2013 2383 2082 tigura
2411 2013 2530 2081 ejus
2563 2018 2772 2065 mutata
2803 2020 2906 2066 est.
2944 2011 3194 2081 Cumque
3227 2007 3631 2080 cognovissem.

397 2107 520 2148 esse
541 2108 665 2148 eum
691 2093 780 2150 cui
810 2097 1044 2154 traditus
1065 2097 1300 2169 fueram,
1335 2107 1600 2162 confusus
1629 2123 1774 2174 sum,
1807 2109 2172 2178 protinusque
2197 2117 2375 2164 metus
2399 2123 2488 2162 me
2515 2107 2684 2164 subiit
2704 2107 2803 2177 (4),
2829 2116 2882 2162 et
2903 2113 3050 2160 totus
3082 2117 3318 2158 mcerore
3343 2097 3628 2156 conlectus

395 2205 539 2257 sum,
562 2190 691 2262 quia
722 2193 802 2249 sic
837 2193 888 2249 ei
931 2195 1326 2266 responderam
1377 2197 1700 2267 insipienter
1725 2199 1826 2269 (5).
1877 2198 1964 2252 Ait
1989 2199 2126 2253 mihi
2157 2218 2171 2254 :
2211 2198 2332 2254 Noli
2364 2198 2649 2264 confundi,
2687 2200 2783 2256 sed
2817 2199 3076 2253 virtutem
3109 2195 3335 2264 concipe
3367 2191 3551 2246 animo
3583 2191 3634 2243 in

394 2285 669 2342 mandatis
700 2287 837 2344 meis
863 2330 880 2356 ,
916 2305 1040 2361 quae
1074 2291 1305 2348 daturus
1351 2308 1472 2347 sum
1509 2292 1624 2348 tibi.
1657 2292 1859 2350 Missus
1901 2310 2023 2349 sum
2068 2295 2237 2362 enim,
2271 2295 2468 2364 inquit,
2500 2304 2560 2351 ut
2594 2310 2720 2366 quae
2745 2294 2929 2350 vidisti
2978 2290 3228 2360 superius
3251 2330 3266 2355 ,
3299 2287 3482 2342 omnia
3534 2284 3634 2338 tibi

391 2395 586 2438 rursus
631 2384 947 2453 ostendam;
997 2389 1271 2458 praecipue
1314 2403 1436 2459 quae
1477 2404 1544 2444 ex
1573 2388 1655 2444 eis
1690 2389 1844 2445 utilia
1881 2399 2012 2447 sunt
2052 2391 2229 2446 vobis.
2271 2390 2516 2446 Primum
2566 2390 2836 2456 omnium,
2867 2387 3124 2442 mandata
3159 2385 3236 2455 (6)
3269 2397 3388 2437 mea
3418 2389 3471 2435 et
3505 2395 3631 2449 spe-

391 2475 504 2530 cies
535 2476 956 2534 similitudinum
1006 2481 1204 2536 scribe.
1236 2481 1465 2551 Reliqua
1503 2491 1709 2548 autem,
1745 2484 1889 2540 sicut
1915 2483 2207 2538 ostendero
2239 2483 2358 2550 tibi,
2385 2482 2464 2538 sic
2491 2498 2555 2538 ea
2603 2481 2830 2538 scribes.
2862 2478 2986 2534 ldeo
3025 2489 3206 2532 autem
3231 2473 3486 2546 prmeipio
3515 2471 3635 2536 tibi,

391 2565 626 2634 primum
658 2570 913 2625 mandata
947 2586 1066 2626 mea
1094 2581 1148 2626 et
1176 2573 1563 2630 similitudines
1616 2576 1877 2640 scribere,
1915 2585 1974 2631 ut
2003 2576 2235 2632 subinde
2282 2576 2511 2646 legendo
2547 2575 2760 2630 facilius
2789 2589 2852 2630 ea
2879 2571 3159 2628 custodire
3187 2569 3382 2640 possis.
3421 2563 3633 2634 Scripsi

390 2661 555 2732 igitur
605 2665 859 2720 mandata
879 2673 933 2720 et
955 2665 1362 2738 similitudines,
1389 2671 1464 2726 ita
1500 2679 1561 2727 ut
1588 2673 1844 2743 praecepit
1883 2673 2037 2728 mihi.
2061 2672 2193 2742 Quze
2222 2674 2409 2728 audita
2447 2673 2494 2728 si
2533 2670 2925 2737 custodieritis,
2957 2680 3122 2740 atque
3165 2668 3217 2721 in
3261 2665 3346 2721 his
3383 2661 3633 2719 ambula-

389 2761 607 2828 veritis,
637 2770 692 2818 et
719 2765 1074 2820 exercueritis
1113 2780 1178 2820 ea
1203 2772 1382 2820 mente
1412 2781 1582 2836 pura,
1607 2766 1882 2837 recipietis
1920 2784 1952 2822 a
2001 2767 2233 2823 Domino
2269 2783 2391 2840 qua:
2414 2769 2491 2839 (7)
2530 2769 2804 2838 pollicitus
2841 2775 2926 2822 est
2952 2765 3125 2821 vobis.
3180 2762 3277 2818 Sin
3320 2771 3528 2824 autem,
3561 2757 3631 2814 iis

389 2857 588 2913 auditis
609 2899 624 2924 ,
667 2874 774 2912 non
804 2861 1027 2930 egeritis
1051 2860 1428 2930 paenitentiam
1453 2903 1468 2926 ,
1499 2861 1594 2916 sed
1640 2862 1822 2918 adhuc
1849 2863 2156 2931 adieceritis
2185 2863 2251 2916 ad
2280 2863 2476 2917 delicta
2507 2873 2683 2917 Vestra
2756 2877 2789 2916 a
2816 2858 3046 2914 Domino
3070 2855 3298 2910 adversa
3325 2849 3624 2922 recipietis.

393 2946 516 3005 Haec
551 2952 733 3005 omnia
759 2952 1016 3022 praecepit
1057 2953 1191 3007 mihi
1233 2954 1472 3010 scribere
1495 2963 1681 3024 pastor
1707 2955 2053 3020 ille,nuntius
2081 2955 2434 3024 pamitentize.

1744 3131 2204 3192 MANDATUM
2236 3133 2284 3192 Ῐ.

1601 3251 1691 3310 De
1719 3249 1837 3329 ﬁde
1865 3252 1932 3312 in
1967 3269 2160 3311 unum
2192 3251 2413 3320 Deum.

1732 3391 1961 3448 CAPUT
2005 3390 2286 3449 UNICUM.

2140 3507 2380 3563 Primum
2407 3507 2653 3562 omnium
2681 3549 2697 3572 ,
2727 3508 2888 3563 crede
2919 3510 3063 3577 quod
3096 3521 3238 3560 unus
3266 3512 3348 3558 est
3376 3502 3515 3557 Deus
3540 3517 3634 3571 qui

2071 3603 2253 3658 omnia
2278 3603 2483 3656 creavit
2509 3611 2561 3656 et
2586 3602 3024 3666 consummavit,
3061 3609 3110 3654 et
3138 3615 3205 3654 ex
3246 3597 3420 3652 nihilo
3449 3594 3632 3650 omnia

2067 3693 2217 3748 fecit.

465 3517 540 3588 (8)
577 3512 800 3585 Πρῶτθν
850 3511 1067 3565 πάντων
1116 3508 1436 3570 πίστευσον,
1487 3507 1570 3558 ὅτι
1622 3503 1702 3570 εἷς
1735 3508 1883 3560 ἐστιν
1933 3509 1962 3561 ὁ

383 3609 538 3672 Θεὸς,
575 3608 604 3660 ὁ
634 3605 702 3659 τὰ
734 3604 908 3664 πάντα
935 3602 1126 3663 κτίσας
1168 3599 1261 3650 καὶ
1289 3597 1638 3669 καταρτίσας,
1675 3598 1770 3651 καὶ
1803 3599 1960 3669 ποιή-

386 3713 484 3761 σας
515 3698 579 3750 ὲκ
609 3694 704 3750 τοῦ
735 3695 811 3767 μὴ
841 3693 992 3756 ὄντος
1020 3691 1100 3754 είς
1122 3689 1182 3742 τὸ
1213 3683 1353 3742 εἶναι
1383 3687 1450 3741 τὰ
1479 3688 1671 3742 πάντα.

461 3835 538 3904 (9)
578 3832 699 3904 Ipse
724 3850 893 3905 capax
928 3833 1310 3889 universorum
1335 3875 1356 3901 ,
1386 3835 1536 3891 solus
1573 3835 1876 3892 immensus
1905 3847 2008 3892 est.
2055 3837 2159 3904 Qui
2205 3854 2304 3894 nec
2328 3839 2498 3894 verbo
2527 3838 2778 3904 dellniri,
2813 3853 2914 3892 nec
2953 3842 3134 3886 mente
3175 3829 3389 3900 concipi
3432 3836 3630 3898 potest.

385 3924 559 3982 Crede
583 3925 749 3998 igitur
780 3925 837 3981 in
861 3940 1019 3992 eum,
1042 3933 1098 3980 et
1120 3924 1252 3980 time
1271 3938 1399 3980 eum
1420 3965 1440 3990 ,
1467 3933 1521 3979 et
1562 3924 1761 3981 timens
1788 3925 1927 3982 habe
1954 3928 2362 3983 abstinentiam.
2401 3926 2526 3983 ΗίΒο
2567 3927 2820 3993 custodi,
2851 3936 2905 3981 et
2950 3925 3127 3997 abjice
3167 3925 3265 3980 abs
3311 3931 3364 3978 te
3406 3936 3632 3978 omnem

1434 4115 1668 4171 VARUE
1705 4116 2089 4173 LECTIONES
2128 4116 2215 4170 ET
2255 4115 2487 4172 ΝΟΤΔΕ.

2054 4262 2218 4316 brant
2242 4261 2567 4316 vetustiores
2609 4259 2800 4314 Patres
2829 4276 2842 4313 :
2887 4255 3123 4312 [remeas
3159 4256 3274 4325 lib.7
3293 4271 3364 4321 Iv,
3389 4271 3507 4325 cap.
3537 4255 3627 4318 ‘20.

2065 4347 2216 4386 num.
2241 4332 2316 4389 ἓξ
2346 4331 2605 4399 Origenes
2639 4341 2771 4384 tom.
2805 4339 2827 4378 ι·
2847 4327 3138 4399 Comment.
3164 4327 3220 4378 in
3242 4324 3484 4399 ,ζοαιιητςι
3515 4368 3529 4390 ,
3561 4327 3582 4378 1
3613 4370 3627 4384 ,

2060 4402 2188 4456 item
2213 4401 2288 4454 De
2310 4396 2583 4470 principiis
2610 4401 2706 4454 lib.
2740 4415 2778 4464 I,
2806 4413 2928 4470 cap.
2976 4397 3217 4470 5_.__num.
3251 4396 3302 4459 5,
3325 4396 3520 4470 Aet-lib.
3567 4411 3628 4460 ιι,

2060 4487 2180 4541 cap.
2222 4473 2243 4524 l
2270 4511 2286 4537 ,
2310 4463 2552 4541 'nium.'5.
2581 4470 2793 4537 Quibus
2824 4463 2960 4522 adde
2976 4465 3240 4541 _l‘_iicetam
3274 4465 3341 4520 ad
3371 4463 3626 4541 Nazianz.

2059 4536 2198 4597 orat.
2230 4536 2284 4596 ὀί
2313 4540 2499 4608 Neque
2523 4536 2618 4596 hic
2640 4541 2945 4594 omitterem
2976 4536 3358 4608 Philastrium,
3388 4536 3482 4608 qui
3519 4536 3631 4608 ba:-

2061 4613 2165 4666 resi
2201 4612 2300 4665 125
2330 4604 2442 4666 haec
2474 4613 2664 4666 habet;
2691 4609 2820 4664 Cum
2854 4609 3032 4661 anima
3058 4607 3200 4675 facta
3227 4607 3294 4658 sit
3325 4623 3357 4658 a
3381 4604 3623 4674 Domino,

2057 4698 2122 4734 ex
2152 4681 2315 4735 nihilo
2351 4682 2583 4748 scilicet,
2630 4693 2686 4735 ut
2730 4679 2988 4748 scriptum
3017 4688 3090 4730 est
3115 4693 3133 4730 :
3159 4675 3263 4742 Qui
3303 4676 3628 4750 fecitexni-

2062 4753 2171 4807 hilo
2220 4753 2406 4807 omnia
2433 4792 2448 4818 ,
2486 4762 2548 4806 ut
2571 4747 2762 4807 essent
2787 4765 2909 4818 qua:
2944 4763 3052 4801 non
3091 4757 3249 4818 erant
3260 4763 3279 4818 ;
3308 4747 3489 4818 anim_a
3515 4747 3626 4818 itai-

2057 4838 2155 4893 que
2174 4864 2188 4887 ,
2217 4833 2323 4879 etc.
2355 4822 2412 4877 ld
2434 4815 2579 4878 sane
2594 4823 2782 4893 visum
2808 4815 3065 4893 Fabricio
3084 4859 3101 4882 ,
3125 4817 3236 4893 qui
3258 4817 3405 4893 hunc
3444 4815 3629 4893 Phila-

2058 4885 2182 4949 strii
2199 4893 2382 4948 locum
2417 4894 2560 4947 inter
2590 4891 2836 4947 Veterum
2864 4885 3181 4944 testimonia
3207 4887 3274 4942 de
3301 4885 3499 4940 Herma
3532 4888 3627 4942 de-

465 4253 611 4327 (ιορ)
648 4253 781 4310 Mss.
818 4255 1003 4312 Carm.
1034 4275 1150 4313 cum
1181 4259 1450 4314 sedissem.
1485 4257 1649 4314 Notat
1675 4261 1821 4315 hunc
1865 4260 1946 4315 lo-

391 4324 912 4400 cum_'l‘_ertullian_us
934 4327 1026 4400 lih.
1063 4330 1134 4382 De
1158 4341 1326 4397 Μαι,
1350 4345 1468 4400 cap.
1501 4329 1587 4400 l2.

461 4396 537 4470 ll)
577 4395 767 4470 lsamb.
793 4397 1110 4470 dignitasam
1143 4395 1673 4470 facieni...fpallium
1705 4400 1904 4454 album.

460 4465 537 4531 (‘2)
577 4465 770 4520 Lamb.
803 4465 1096 4524 humerum.

461 4535 767 4611 ('5)_Lamb.
804 4535 1173 4611 Nequaquam.
1228 4539 1408 4597 Fellus
1448 4560 1460 4596 :

389 4609 517 4661 Ait:
546 4606 678 4672 Ego,
707 4615 814 4662 etc.

393 4746 406 4759 ο
446 4675 537 4800 ,(3
568 4675 726 4802 ξοάι.
755 4679 1004 4748 confusus
1047 4697 1166 4734 sum
1194 4682 1455 4750 protinus,
1485 4691 1749 4752 metusque
1787 4682 1840 4736 in
1879 4697 1957 4736 me

393 4763 439 4801 tu
533 4764 578 4801 ri
607 4785 622 4800 .

384 4762 622 4801 auram.

482 4816 536 4893 ξξ)
575 4816 730 4893 bodi.
756 4829 809 4875 et
837 4819 1028 4893 Lamb.
1045 4823 1298 4893 nequiter
1323 4831 1376 4877 et
1402 4823 1734 4893 insipienter.

484 4887 538 4956 6)
579 4886 769 4945 Lamb.
797 4895 976 4945 omnia
1002 4886 1282 4947 Mandata.

1517 4539 1642 4595 Non
1666 4580 1681 4604 ,
1719 4542 1955 4610 inquam.

578 4957 733 5043 godl.
763 4971 823 5043 et
852 4961 1042 5043 Lam‘b.
1068 4979 1408 5034 quiscunque.

484 5024 766 5104 8)_G|f.eca
812 5032 912 5104 ista
962 5024 1251 5104 desumpta
1300 5024 1430 5088 sunt
1472 5048 1539 5089 ex
1581 5033 1639 5090 S.
1670 5034 1956 5092 Athanasii

274 5150 291 5160 ,
387 5095 496 5176 lib.
522 5095 819 5176 D'emdecret.
849 5102 972 5176 Nic.
1003 5095 1329 5176 syii.,fnum.
1350 5105 1411 5176 ὀὶ
1437 5112 1570 5176 tom.
1608 5104 1646 5170 l,
1680 5121 1801 5176 pag.
1828 5107 1953 5173 2H,

386 5165 522 5221 edit.
557 5165 673 5241 βΒ,
698 5170 794 5239 qui
822 5182 874 5226 et
901 5173 992 5228 illa
1021 5165 1241 5229 exhibet
1271 5165 1448 5229 lib.De
1471 5165 1693 5229 incarn:
1716 5165 1865 5231 num.
1897 5165 1952 5241 ὄλ

386 5245 524 5293 tom.
557 5235 614 5305 1,
636 5235 762 5361 pag.
794 5242 884 5306 49,
913 5252 968 5296 et
993 5243 1044 5297 in
1065 5243 1235 5314 Epist.
1262 5246 1330 5298 ad
1352 5245 1510 5326 episc.
1545 5246 1766 5315 Africw,
1799 5235 1950 5300 num.

388 5304 445 5362 5.
478 5314 612 5362 tom.
663 5308 703 5362 Ι.
737 5312 1004 5362 υίὶει.895-
1049 5313 1245 5362 Eadem
1271 5324 1463 5362 renuat
1500 5313 1766 5362 Eusebius
1808 5317 1950 5362 Hist-

388 5312 445 5368 5.
478 5314 612 5388 tom_.
637 5312 703 5375 ll,
737 5326 858 5381 pag.
879 5312 1004 5368 895.
1049 5312 1245 5370 Eadem
1271 5312 1463 5370 recitat
1498 5312 1766 5372 Eusebius
1803 5317 1951 5371 Hist.

389 5373 540 5433 Eccl.
565 5379 662 5436 lib.
707 5396 741 5434 v
767 5422 781 5446 ,
813 5398 932 5451 cap.
963 5383 1023 5450 8,
1052 5385 1285 5455 demptis
1339 5386 1544 5440 ultimis
1598 5389 1806 5453 verbis,
1861 5387 1955 5440 καὶ

387 5449 636 5504 ποιήσας.
682 5449 954 5504 Nonnulla
1006 5453 1090 5504 his
1145 5455 1342 5504 similia
1386 5457 1682 5504 scrinserat
1727 5457 1954 5504 Hermas

387 5453 636 5526 ποιήσας.
682 5453 954 5506 Nonnulla
1006 5453 1090 5507 his
1145 5453 1342 5509 similia
1386 5457 1682 5525 scripserat
1726 5457 1954 5513 Hermas

386 5515 484 5604 illi.
512 5519 695 5604 .I_,._v_is.
727 5537 766 5588 l,
799 5539 918 5604 cap:
947 5523 1161 5576 l:Deus
1191 5526 1280 5595 qui
1331 5527 1570 5604 inncwlis
1613 5527 1820 5604 habitat
1840 5570 1854 5595 ,
1902 5537 1953 5582 et

389 5591 626 5645 condidit
663 5608 728 5646 ex
773 5593 937 5647 nihilo
965 5611 1026 5647 ea
1091 5611 1170 5648 me
1199 5591 1342 5650 sunt.
1380 5595 1490 5652 Hoc
1527 5607 1706 5652 autem
1744 5591 1952 5654 illuétre

391 5653 725 5719 Mandatum.
761 5674 955 5719 praeter
983 5610 1339 5719 Atiianasium
1379 5676 1433 5719 et
1462 5665 1777 5719 Eusebium-
1805 5671 1949 5719 cele-

445 5661 725 5734 andatum,
759 5674 955 5737 praeter
983 5661 1339 5721 Athanasium
1379 5676 1433 5722 et
1462 5665 1778 5739 Eusebium,
1805 5671 1949 5726 cele-

2059 4963 2294 5032 scripsit.
2329 4965 2398 5017 At
2428 4965 2724 5033 quominus
2751 4959 3002 5033 Fabricio
3041 4958 3346 5033 adhaeream
3375 4957 3624 5033 prohibet
3708 4955 3725 4974 °

2057 5027 2286 5102 ipse-inet
2303 5027 2630 5089 Philastrius
2645 5075 2659 5096 ,
2683 5029 3156 5102 quieadem_vcrba
3171 5029 3361 5102 recitat
3382 5029 3514 5083 her.

2056 5097 2206 5158 velut
2231 5121 2261 5159 e
2289 5104 2581 5159 Salomone
2604 5097 2925 5168 desumpta,
2949 5098 3206 5152 nimirum
3256 5097 3385 5166 Sap.
3448 5114 3486 5162 ι,
3532 5099 3622 5160 14,

2057 5175 2150 5229 ubi
2173 5176 2250 5232 sic
2275 5193 2289 5230 :
2312 5176 2530 5231 Ἐκτισε
2551 5174 2658 5244 γὰρ
2687 5173 2767 5234 εις
2795 5167 2856 5223 ea
2879 5167 3102 5226 εἶναιτὰ
3126 5169 3298 5224 πάντα
3321 5187 3334 5222 :
3354 5183 3464 5237 quo
3486 5168 3624 5224 forte

2057 5247 2295 5317 respexit
2323 5255 2522 5317 noster_
2542 5245 2790 5317 Hermas.
2845 5314 2919 5317 Η
3000 5314 3010 5317 _
3086 5313 3096 5317 _
3251 5310 3261 5317 _
3345 5289 3350 5294 .

2129 5306 2225 5388 (9)
2246 5317 2447 5371 Auctor
2493 5314 2857 5388 Doctrintgaii
2885 5313 3199 5388 Antiochum
3227 5310 3452 5388 ducent,
3485 5306 3623 5388 a_Cl.

2055 5381 2350 5442 Mo‘nil‘auc.
2372 5387 2528 5441 edita:
2550 5399 2685 5441 tom.
2713 5383 2775 5438 Ill
2807 5383 2942 5454 Opp.
2972 5383 3031 5438 S.
3050 5381 3362 5454 Athanasii;
3389 5381 3623 5454 plurima

2055 5459 2274 5511 exhibet
2309 5456 2493 5511 Graeca
2544 5456 2753 5511 Hermae
2783 5448 3085 5525 fragmenta
3111 5448 3624 5525 ,‘identide‘nrin‘fra

2056 5529 2409 5582 notanda.Ad
2437 5529 2579 5581 hunc
2603 5527 2787 5594 itaque
2811 5520 2988 5579 locum
3014 5523 3160 5592 quod
3188 5521 3406 5594 attinet,
3430 5521 3510 5575 sic
3535 5520 3624 5594 i_lle

2055 5613 2177 5668 pag.
2208 5599 2348 5663 252,
2379 5614 2530 5668 num.
2571 5598 2593 5651 l
2631 5614 2644 5626 '
2666 5588 2769 5668 Ei;
2790 5595 2930 5668 θεὸς
2960 5588 3115 5668 μόνος
3145 5595 3175 5646 ὸ
3204 5588 3622 5668 πάνταχωρῶγ.

2058 5663 2215 5741 μόνος
2242 5669 2299 5722 δὲ
2332 5667 2612 5740 ἀχώρητος
2654 5665 2748 5722 ὢν.
2786 5666 2932 5721 Unus
2964 5663 3100 5718 Deus
3138 5663 3282 5718 solus
3312 5663 3403 5735 qui
3444 5663 3629 5716 munia
