4010 6150
309 305 414 362 917
1320 298 1612 356 PAS’I‘OR.
1652 327 1718 338 —-
1764 295 1890 349 LIB.
1931 294 1997 363 ll,
2036 291 2424 349 MANDATUM
2459 289 2545 344 IV.
3454 285 3558 344 918

1405 413 1408 415 λ
1623 410 2083 472 MANDATUM
2135 409 2247 469 III.

855 544 942 605 De
971 543 1266 625 fugiendo
1299 541 1641 612 mendacio,
1679 546 1738 598 et
1767 539 2015 600 Hermae
2035 535 2410 616 paznitentia
2441 531 2513 591 ob
2547 527 3045 597 simulationem.

1661 657 1895 714 CAPUT
1933 655 2192 712 UNICUM
2204 699 2218 711 .

402 780 830 852 (19),¹Αλήθειαν
873 780 1084 850 ἀγάπα,
1117 782 1214 834 καὶ
1263 782 1412 834 πᾶσα
1453 778 1682 851 ἀλήθεια
1713 781 1775 831 ὲκ
1804 778 1900 831 τοῦ

2070 776 2270 831 lterum
2329 776 2463 831 mihi
2510 770 3018 830 dixit:Veritatem
3067 763 3252 832 dilige,
3293 763 3350 812 et
3384 747 3569 852 omnis

323 843 588 942 στόματος
628 843 720 923 σου
763 843 1164 942 ἐκπορευέσθω,
1192 871 1280 924 ἵνα
1305 871 1366 923 τὸ
1394 843 1609 940 πνεῦμα
1640 867 1734 922 τοῦ
1765 869 1898 922 Θεοῦ

1997 883 2178 924 sermo
2226 883 2389 922 verus
2425 866 2538 936 (2,0)
2567 882 2634 921 ex
2666 879 2762 920 ore
2789 873 2884 919 tuo
2927 856 3218 932 procedat;
3251 860 3312 905 ut
3339 843 3567 942 spiritus

321 939 548 1032 κατοικῇ
583 977 681 1014 σοι.
700 993 767 1002 -—
790 962 852 1014 Οί
881 939 990 1032 έάρ
1019 959 1333 1031 ψευδόμενοι
1361 939 1610 1014 ἀθετούσι
1630 961 1722 1014 τὸν
1743 961 1892 1016 Θεόν.

1993 977 2156 1032 quem
2187 960 2451 1015 Domi-nus
2479 957 2765 1014 constituit
2794 955 2853 1010 in
2883 966 3046 1008 carne
3074 957 3190 1014 tua,
3213 957 3380 998 verax
3407 939 3564 1032 inve-

320 1079 394 1091 --
417 1027 640 1109 Ἔλαὸον
669 1051 776 1123 γὰρ
797 1027 1012 1122 πνεύμα
1035 1027 1317 1121 ἀληθείας,
1352 1054 1444 1106 καὶ
1476 1051 1721 1120 ἐγένοντο
1744 1053 1897 1124 οίκη-

1997 1053 2182 1106 niatur
2236 1052 2377 1122 apud
2409 1060 2638 1107 cunctos
2670 1047 2958 1111 homines;
2982 1052 3036 1098 et
3063 1037 3328 1095 Dominus
3357 1027 3567 1124 mai—gni-

320 1139 483 1208 τήρια
506 1137 600 1191 τοῦ
629 1119 883 1210 ἀληθινοῦ
915 1119 1241 1211 πνεύματος.
1520 1119 1526 1120 ⁷
1856 1119 1866 1124 -

1998 1142 2210 1210 ﬁcetur,
2251 1119 2344 1212 qui
2399 1142 2547 1197 dedit
2596 1140 2848 1210 spiritum
2881 1136 2937 1190 in
2969 1142 3022 1188 te
3051 1129 3195 1202 (2|);
3239 1123 3369 1195 quia
3424 1119 3568 1171 Deus

321 1239 486 1279 verax
514 1233 600 1281 est
661 1227 716 1282 in
752 1228 904 1283 omni
929 1228 1119 1295 Verbo,
1150 1237 1210 1283 et.
1237 1243 1348 1284 non
1380 1237 1464 1284 est
1489 1229 1836 1285 mendacium
1869 1230 1925 1284 in
1953 1230 2094 1300 ipso.
2119 1230 2226 1298 Qui
2258 1247 2388 1303 ergo
2415 1230 2775 1294 mentiuntur,
2803 1227 3076 1295 abnegant
3115 1217 3426 1279 Dominum,
3457 1225 3571 1266 non

320 1321 610 1380 reddentes
643 1323 754 1382 Deo
781 1325 1089 1394 depositum
1117 1324 1262 1394 quod
1293 1332 1621 1395 acceperunt
1652 1324 1789 1394 (22).
1822 1324 2165 1396 Acceperunt
2192 1326 2342 1381 enim
2390 1325 2644 1396 spiritum
2670 1323 2789 1378 sine
2818 1317 3124 1376 mendacio.
3157 1310 3311 1369 Hunc
3342 1310 3388 1364 si
3418 1319 3573 1362 men-.-

321 1413 512 1470 daccm
535 1415 788 1484 reddunt,
815 1417 1175 1488 coinquinant
1202 1421 1522 1476 mandatum
1553 1419 1792 1487 Domini,
1817 1428 1871 1474 et
1895 1419 2240 1476 frandatores
2271 1421 2428 1476 ﬁunt.

1587 1540 1920 1627 ANTIOCllliS,
1953 1541 2173 1596 homitia
2203 1540 2292 1596 66.

392 1669 512 1742 Χρὴ
546 1664 639 1725 οὖν
667 1673 844 1729 πᾶσαν
881 1674 1133 1748 ἀλήθειαν
1158 1676 1223 1730 ἐκ
1251 1676 1344 1730 τοῦ
1377 1676 1642 1747 στόματος
1674 1675 1769 1728 τοῦ
1814 1676 1910 1729 ἁν-

2078 1679 2295 1750 Oportet
2324 1693 2466 1748 ergo,
2488 1685 2544 1730 ut
2574 1675 2742 1730 omnis
2778 1671 2971 1727 ueritas
2998 1682 3061 1721 ea:
3085 1679 3173 1718 ore
3199 1659 3581 1725 hominis-pros

327 1761 543 1834 θρώπου
583 1766 997 1836 ἐκπορεύεσθαι,
1024 1769 1111 1822 ἵνα
1135 1769 1196 1822 τὸ
1224 1767 1462 1839 πνεῦμα,
1486 1767 1514 1821 ὃ
1535 1769 1562 1820 ὁ
1579 1767 1711 1830 Θεὸς
1733 1765 1905 1837 κατῴ-

2005 1748 2154 1827 cedat
2179 1785 2197 1824 :
2224 1779 2282 1823 ut
2307 1770 2529 1839 spiritus
2545 1783 2697 1838 quem
2727 1765 2867 1818 Deus
2897 1757 3170 1816 constituit
3193 1755 3248 1808 in
3274 1765 3430 1806 carne
3451 1748 3573 1839 hac,

327 1871 496 1925 κησεν
521 1857 578 1908 ὲν
606 1859 670 1926 τῇ
701 1835 863 1928 σαρκὶ
893 1861 1084 1934 ταύτῃ,
1117 1860 1314 1932 ἀληθὲς
1343 1835 1539 1931 εύρεθῇ
1566 1858 1715 1929 παρά
1744 1835 1909 1912 πᾶσιν

2001 1878 2160 1918 verax
2212 1861 2512 1915 inveniatur
2552 1856 2692 1926 apud
2738 1860 2953 1907 cunctos
2999 1847 3259 1908 homines,
3289 1849 3339 1896 et
3367 1840 3442 1894 sic
3468 1835 3579 1890 Do-

326 1945 649 2017 ἀνθρώποις,
675 1949 769 2001 καὶ
801 1950 974 2014 οὓτως
994 1928 1226 2022 δοξασθῇ
1245 1952 1274 2004 ὁ
1294 1928 1573 2023 Κύριοςξό
1608 1928 1666 2002 ὲν
1703 1948 1781 2020 τῷ
1818 1949 1909 2001 ἀν-

2004 1953 2176 2007 minus
2221 1950 2608 2021 magniﬁcetur,
2663 1947 2754 2016 qui
2805 1944 2860 1996 in
2908 1941 3114 1996 homine
3161 1934 3413 1990 habitat:
3452 1928 3579 1998 quia

328 2035 531 2108 θρώπῳ
557 2040 824 2095 κατοικῶν
842 2059 855 2071 ·
887 2042 1018 2096 ὄτιό
1047 2042 1250 2114 Κύριος
1273 2040 1523 2112 ἀληθινὸς
1535 2041 1592 2093 ὲν
1621 2039 1784 2093 παντὶ
1821 2040 1911 2111 ῥή-

2004 2044 2263 2098 Dominus
2305 2056 2466 2096 ueras
2511 2049 2588 2094 est
2633 2037 2688 2091 in
2729 2035 2870 2089 omni
2917 2030 3090 2096 verba,
3121 2035 3170 2082 et
3199 2031 3406 2080 nonest
3437 2034 3579 2073 men-

332 2145 482 2198 ματι,
502 2131 596 2183 καὶ
623 2132 772 2185 οὐδὲν
813 2134 942 2204 παρ’
965 2133 1115 2205 αὐτῷ
1137 2109 1448 2204 ψεῦδος-Οἱ
1476 2126 1569 2186 οὖν
1590 2109 1915 2201 ψευδόμενοι

2008 2135 2218 2190 dacium
2257 2134 2312 2188 in
2341 2133 2477 2202 ipso.
2507 2130 2612 2198 Qui
2640 2144 2760 2200 ergo
2797 2125 3145 2185 mentiuntur,
3179 2117 3437 2205 abnegant
3470 2109 3579 2162 Do—

329 2219 577 2274 ἀθετοῦσι
611 2222 703 2276 τὸν
733 2203 958 2295 Κύριον,
983 2203 1346 2293 καὶ-γίνονται
1390 2220 1761 2292 ἀποστερηταὶ
1815 2217 1910 2272 τοῦ

2008 2226 2233 2289 minam,
2262 2233 2311 2278 et
2339 2223 2473 2292 ﬁunt
2503 2220 2838 2290 fraudatores
2871 2211 3110 2278 Domini,
3156 2223 3260 2262 non
3307 2203 3585 2260 reddente:

277 2367 284 2370 _
329 2310 557 2383 Κυρίου,
597 2312 672 2384 μὴ
722 2293 1065 2379 ἀποδιδόντες
1113 2313 1263 2390 αὐτῷ
1318 2315 1414 2385 τὴν
1465 2311 1791 2384 παραθήκην
1844 2312 1860 2363 i

2007 2317 2056 2371 ei
2094 2315 2388 2384 depositum
2425 2310 2564 2383 quod
2591 2313 2921 2377 acceperunt.
2953 2303 3278 2371 Acceperunt
3305 2295 3444 2350 enim
3470 2293 3581 2362 spi-

330 2403 539 2460 ἒλαόον.
579 2406 811 2460 Ἔλαϐον
848 2407 958 2481 γὰρ
1004 2406 1221 2480 πνεῦμα
1237 2384 1526 2478 θ’ἇψευστον
1547 2422 1559 2435 ·
1610 2403 1769 2458 τοῦτο
1817 2403 1912 2458 ἐὰν

2008 2408 2169 2461 ritum
2218 2407 2329 2460 sine
2378 2401 2650 2458 mendacio
2687 2414 2705 2453 .'
2751 2399 2888 2453 hunc
2915 2395 2962 2450 si
2994 2391 3300 2446 mendacem
3328 2384 3579 2450 reddunt,

329 2494 522 2565 ψευδὲς
547 2474 1173 2572 ἀποδώσωσινξὲμίαναν
1221 2474 1323 2570 τὴν
1360 2497 1454 2551 τοῦ
1505 2496 1638 2550 Θεοῦ
1667 2496 1912 2568 παραθή-

2007 2492 2347 2562 coinquinant
2376 2489 2686 2542 mandatum
2708 2503 2797 2540 seu
2825 2481 3115 2553 depositum
3141 2478 3328 2545 Dei,et
3355 2474 3579 2545 frauda-

330 2598 456 2655 κην,
491 2587 585 2641 καὶ
615 2587 862 2658 ἐγένοντο
886 2588 1279 2660 ἀποστερηταί.

751 2605 862 2642 ιντο
886 2588 1279 2660 ἀποστερηταί.
2009 2593 2144 2638 tores
2181 2584 2334 2652 ﬁunt.

403 2699 501 2757 His
529 2702 747 2772 auditis,
777 2717 880 2774 ego
900 2705 1248 2760 vehementer
1273 2703 1387 2775 (25)
1416 2704 1559 2759 ﬂevi.
1591 2703 1693 2769 Qui
1726 2718 1852 2758 cum
1875 2702 2094 2757 ﬂentem
2145 2713 2233 2752 me
2259 2697 2487 2760 videret,
2524 2695 2664 2750 dixit
2693 2693 2828 2748 mihi
2859 2715 2871 2752 :
2906 2696 3048 2763 Quid
3079 2692 3298 2766 ploras?
3324 2689 3391 2744 Et
3418 2687 3530 2743 dixi
3566 2705 3581 2740 :

333 2796 641 2869 Quoniam,
666 2799 908 2867 domine,
951 2800 1136 2856 nescio
1159 2815 1227 2854 an
1259 2799 1461 2870 possim
1487 2800 1671 2856 salvus
1700 2813 1841 2854 esse.
1864 2797 2076 2863 Quare,
2096 2792 2308 2862 inquit?
2329 2789 2397 2845 Et
2426 2789 2540 2845 dixi
2566 2807 2580 2844 :
2603 2788 2741 2856 Quia
2774 2800 3078 2856 nunquam,
3110 2782 3348 2845 domine,
3389 2790 3583 2832 verum

333 2887 549 2946 locutus
578 2906 696 2946 sum
729 2892 958 2946 verbum
1013 2891 1069 2946 in
1120 2892 1232 2948 vita
1261 2868 1417 2958 'mea,
1451 2892 1543 2948 sed
1589 2905 1802 2961 semper
1844 2890 1902 2944 in
1938 2887 2050 2958 (24)
2073 2885 2426 2942 simulatione.
2450 2883 2586 2949 vixi,
2608 2891 2662 2936 et
2691 2879 3034 2936 mendacium
3066 2890 3166 2947 pro
3188 2873 3417 2929 veritate
3438 2868 3584 2924 aiIir-

331 2985 475 3038 mavi
502 2984 612 3056 (25)
643 2985 929 3054 omnibus;
964 2994 1018 3042 et
1063 3002 1174 3042 non
1213 2987 1349 3042 mihi
1403 2987 1694 3056 quisquam
1746 2982 2102 3047 contradixit,
2127 2981 2222 3037 sed
2251 2980 2384 3037 lides
2421 2978 2608 3034 habita
2637 2986 2722 3032 est
2745 2976 2914 3031 verbo
2945 2987 3092 3028 meo.
3119 2970 3240 3038 Quo
3267 2969 3430 3024 modo
3451 2979 3585 3036 ergo

330 3085 524 3148 potero
574 3079 775 3147 vivere,
817 3095 944 3135 cum
994 3078 1076 3136 sic
1119 3078 1365 3148 egerim?
1396 3076 1462 3132 Et
1505 3078 1643 3134 dixit
1681 3077 1862 3137 mibi:
1903 3074 1982 3129 Tu
2009 3072 2229 3148 quidem
2277 3070 2416 3128 bene
2463 3075 2518 3122 et
2561 3082 2690 3121 vere
2739 3065 2928 3120 sentis.
2977 3062 3273 3133 Oportebat
3318 3058 3461 3114 enim
3511 3067 3582 3121 te,

334 3165 481 3220 sicut
539 3164 636 3221 Dei
683 3183 927 3231 servum,
958 3169 1016 3222 in
1055 3145 1284 3221 veritate
1323 3166 1624 3230 ambulare,
1660 3175 1716 3221 et
1760 3164 1960 3220 malam
2004 3145 2396 3217 conscientiam
2427 3172 2552 3213 cum
2595 3155 2790 3227 spiritu
2819 3153 3062 3210 veritatis
3093 3166 3201 3206 non
3230 3147 3580 3217 conjungere,

333 3270 436 3312 nec
472 3256 754 3311 tristitiam
802 3257 1031 3328 Spiritui
1089 3260 1186 3316 Dei
1231 3270 1422 3316 sancto
1475 3269 1532 3316 et
1575 3275 1705 3316 vero
1762 3257 2034 3316 facere".
2078 3255 2146 3312 Et
2192 3256 2305 3312 dixi
2354 3255 2435 3309 illi
2470 3272 2484 3308 :
2518 3251 2831 3323 Nunquam,
2861 3250 3100 3317 domine,
3130 3249 3246 3302 haec
3271 3244 3433 3300 verba
3467 3253 3581 3298 tam

335 3352 627 3422 diligenter
656 3353 861 3411 audivi.
900 3353 965 3409 Et
989 3355 1130 3410 dixit
1161 3356 1295 3411 mihi
1332 3355 1533 3417 :_Nunc
1561 3356 1741 3412 audis.
1786 3355 1931 3411 Cura
1960 3354 2218 3422 deinceps
2255 3350 2391 3420 (‘26),
2418 3359 2480 3405 ut
2523 3361 2576 3404 et
2616 3349 2706 3402 illa
2738 3362 2860 3416 qua:
2890 3345 3042 3414 prius
3078 3341 3295 3394 locutus
3344 3352 3404 3392 es
3445 3335 3581 3390 falsa
3639 3390 3651 3404 ,

335 3458 435 3518 pro
463 3444 696 3512 negotiis
719 3445 849 3510 tuis,
867 3446 952 3502 his
981 3447 1165 3503 verbis
1189 3457 1243 3501 et
1267 3445 1356 3499 illa
1384 3445 1542 3500 (idem
1572 3444 1985 3516 recipiant(27).
2003 3441 2241 3496 Possunt
2268 3438 2411 3494 enim
2443 3445 2498 3493 et
2519 3436 2613 3490 illa
2641 3435 2804 3489 iidem
2834 3431 3096 3500 recipere,
3138 3427 3184 3481 si
3215 3440 3343 3518 vera
3366 3424 3581 3518 locutus

351 3514 476 3586 ‘an
525 3530 618 3587 οὖν
663 3535 762 3606 τὴν
810 3536 1064 3608 ἀλήθειαν
1131 3534 1390 3608 φυλάξῃς,
1446 3535 1652 3611 δυνήσῃ
1688 3514 1908 3606 -σεαυτῷ

2017 3532 2188 3588 fueris
2214 3531 2470 3600 deinceps
2503 3547 2517 3582 :
2549 3535 2604 3582 et
2635 3527 2680 3582 si
2709 3525 2994 3580 veritatem
3029 3517 3353 3580 servaveris,
3381 3514 3582 3584 poteris

337 3622 483 3697 ζωὴν
507 3627 989 3700 περιποιήσασθαι.
1628 3609 1647 3611 νγ

2019 3625 2185 3680 vitam
2235 3619 2623 3693 consequi._Et
2652 3619 2965 3690 quicunque
3005 3610 3235 3672 audierit
3278 3609 3383 3663 hoc
3430 3619 3583 3665 man-

342 3719 555 3787 datum,
581 3729 636 3776 et
673 3720 882 3789 iecerit,
910 3729 963 3777 ct
994 3720 1280 3777 recesserit
1314 3735 1345 3776 a
1374 3719 1660 3776 mendacio
1679 3759 1696 3787 ,
1728 3719 1875 3773 vivet
1911 3717 2038 3772 Deo.
3474 3706 3478 3714 ’

1623 3863 2082 3929 MANDATUM
2116 3866 2198 3929 ιν
2209 3911 2222 3925 .

1488 3986 1578 4046 De
1613 3985 1984 4050 dimittenda
2012 3987 2321 4050 adultera.

410 4197 522 4272 (28)
563 4199 803 4254 Φύλασσε
838 4200 936 4271 τὴν
958 4200 1177 4269 ἁγνείαν
1197 4238 1211 4262 ,
1248 4199 1342 4253 καὶ
1373 4200 1447 4273 μὴ
1482 4202 1795 4272 ἀναμενέτω
1816 4111 1993 4258 ξτῖῖΡυ

2001 4113 2044 4168 Τ
2085 4113 2126 4169 l.
3528 4111 3531 4112 ν

2083 4202 2300 4270 Mando,
2334 4203 2428 4268 ait,
2459 4201 2578 4267 tibi,
2615 4207 2679 4254 ut
2724 4196 3029 4252 castitatem
3071 4191 3368 4258 custodias,
3397 4197 3452 4245 et
3475 4202 3582 4243 non

343 4294 441 4366 τὴν
466 4292 689 4365 καρδίαν
712 4310 803 4346 σου
842 4293 969 4364 περὶ
989 4292 1244 4361 γυναικὸς
1265 4293 1564 4364 ἀλλοτρίας,
1583 4294 1616 4364 ἢ
1637 4295 1764 4366 περὶ
1783 4313 1916 4366 πορ-

2013 4297 2272 4351 ascendat
2298 4296 2394 4351 tibi
2421 4293 2678 4365 cogitatio
2707 4289 2890 4344 cordis
2916 4287 2984 4340 de
3013 4285 3190 4339 alieno
3211 4280 3581 4344 matrimonio,

343 4383 488 4445 νείας
530 4381 758 4452 τινὸς,ἣ
800 4381 928 4453 περ)⁵
972 4381 1229 4434 τοιούτων
1273 4380 1576 4450 ὀνομάτων·
1611 4381 1769 4433 τοῦτο
1805 4381 1915 4455 γὰρ

2011 4395 2107 4441 aut
2131 4387 2198 4441 de
2227 4387 2621 4450 fornicatione;
2657 4383 2772 4437 haec
2808 4380 2951 4435 enim
2994 4377 3134 4448 parit
3161 4376 3275 4445 (29)
3305 4381 3583 4444 peccatum

344 4475 510 4528 ποιῶν
549 4475 824 4545 ἁμαρτίαν
863 4473 1101 4544 μεγάλην
1141 4472 1364 4544 ἐργάζῃ.
1395 4471 1567 4524 Βλέπε
1614 4467 1708 4525 οὖν
1731 4489 1744 4501 °
1779 4473 1914 4527 ἀπέ-

2011 4494 2287 4550 magnum.
2332 4477 2416 4533 Tu
2464 4487 2645 4533 autem
2693 4489 2906 4544 semper
2957 4486 3165 4527 memor
3195 4477 3312 4523 esto
3343 4465 3580 4530 Domini,

344 4568 440 4637 χόυ
466 4566 574 4620 ἀπὸ
599 4566 699 4636 τῆς
728 4564 1076 4636 ἐνθυμήσεως
1104 4563 1327 4634 ταύτης.

2013 4572 2270 4626 omnibus
2297 4571 2480 4637 boris;
2509 4578 2564 4625 et
2591 4582 2872 4638 nunquam
2904 4563 3176 4634 peccabis.
3213 4559 3270 4614 Si
3299 4558 3444 4614 enim
3468 4558 3585 4612 haec

345 4657 605 4728 cogitatio
635 4656 690 4712 in
721 4672 814 4711 cor
841 4665 996 4710 tuum
1027 4653 1332 4708 ascenderit
1358 4663 1469 4709 tam
1504 4656 1670 4721 mala,
1697 4671 1954 4728 magnum
1983 4672 2264 4730 peccatum
2305 4661 2440 4716 facis
2471 4679 2485 4715 :
2521 4669 2576 4714 et
2607 4659 2705 4730 qui
2755 4659 2870 4712 haec
2928 4655 3167 4719 faciunt,
3212 4652 3357 4706 viam
3390 4652 3585 4707 mortis

345 4759 667 4818 sequuntur.
706 4745 841 4802 Vide
875 4760 1005 4813 ergo
1038 4753 1130 4809 tu;
1160 4743 1372 4798 abstine
1399 4753 1450 4799 te
1475 4745 1543 4800 ab
1574 4747 2060 4816 hac-cogitatione.
2097 4749 2198 4805 Ubi
2236 4751 2382 4806 enim
2418 4749 2643 4805 castitas
2672 4757 2856 4802 manet
2883 4748 2938 4801 in
2968 4745 3131 4801 corde
3167 4743 3404 4799 hominis
3428 4742 3582 4811 justi,

346 4853 623 4909 nunquam
653 4835 765 4909 (50)
794 4836 869 4891 ibi
895 4835 1189 4892 ascendere
1211 4833 1368 4890 debet
1397 4835 1656 4905 cogitatio
1688 4837 1854 4892 mala.
1889 4839 1955 4894 Et
1984 4839 2099 4896 dixi
2127 4841 2208 4897 illi
2240 4859 2254 4896 :
2294 4839 2546 4906 Domine,
2575 4838 2825 4910 permitte
2856 4853 2941 4892 me
2979 4850 3150 4905 pauca
3192 4831 3358 4888 verba
3401 4841 3580 4887 tecum

419 4951 462 4984 ⁷⁸
503 4951 707 5017 Ephes.
745 4969 818 5017 ιν,
851 4954 940 5008 50.

550 4969 707 5024 pnes.
745 4969 818 5017 iv,
851 4969 940 5008 ou.

1396 5049 1630 5106 VARUS
1671 5051 2052 5112 LECTIONLS
2089 5058 2179 5114 ET
2218 5055 2448 5111 NOTAE.

419 5144 530 5219 (lii)
563 5143 749 5219 Doctr.
772 5141 841 5219 ad
888 5141 1133 5219 Antioch.
1167 5156 1319 5219 num.
1353 5141 1404 5206 '5,
1439 5158 1504 5196 ex
1554 5145 1656 5197 hoc
1708 5142 1948 5199 llermaa-
2088 5146 2428 5219 (26)7Lamb.
2469 5144 2690 5199 Custodi
2735 5143 2942 5195 amodo.
2978 5140 3068 5196 Sic
3106 5152 3158 5195 et
3185 5155 3332 5202 mox,
3392 5145 3580 5192 amodo

348 5215 624 5288 mandato,
657 5212 753 5288 sed
785 5211 914 5288 hinc
947 5213 1072 5288 inde
1107 5211 1294 5288 petita.
1382 5281 1394 5288 _
1490 5281 1504 5288 _
1604 5284 1614 5288 _
1702 5284 1712 5288 _
1794 5285 1802 5288 Α
2015 5211 2114 5288 ι)ιὸ
2144 5211 2402 5288 deinceps.

419 5286 529 5354 (20)
563 5284 714 5338 Bodl.
733 5292 784 5336 et
812 5279 1003 5337 Lamb.
1031 5279 1207 5336 verax.
1237 5279 1361 5337 llaec
1382 5281 1566 5337 laudat
1588 5284 1913 5352 Antiochus,
2017 5279 2032 5288 ’
2087 5287 2198 5355 (27)
2231 5279 2385 5340 Bodl.
2413 5295 2467 5340 et
2489 5284 2678 5339 Lamb.
2717 5283 3038 5355 percipiant;
3065 5289 3117 5336 et
3145 5296 3266 5355 mox
3283 5293 3579 5355 percipere.

347 5349 652 5432 minii-£56-
695 5423 707 5432 .
854 5423 931 5432 ..,
1105 5424 1116 5432 .
1900 5349 1907 5352 '

2025 5429 2035 5432 _
2241 5358 2438 5432 _ltoct]_'.
2505 5349 2870 5432 ad‘lintioch.
2943 5369 3096 5432 num.
3159 5353 3221 5416 4,
3271 5349 3577 5432 Φύλασσε...

419 5427 531 5497 an
556 5423 750 5497 tamn.
781 5423 1028 5497 aereum
1067 5424 1253 5497 υειςιιο,Δ
1575 5495 1631 5497 -ε
1712 5467 1720 5474 .

2014 5420 2350 5497 ἀναμενέτω.
2385 5426 2475 5481 Sic
2510 5425 2637 5497 legit
2669 5425 2751 5497 Cl.
2803 5422 3241 5497 Montiauconus,
3266 5420 3577 5497 vertitque:

556 5494 691 5572 \iide
717 5492 855 5572 infra
881 5492 973 5546 lib.
1007 5510 1087 5572 ιιι,
1114 5493 1275 5572 simil.
1313 5508 1388 5556 lx,
1421 5509 1540 5562 cap.
1574 5495 1660 5550 3'2.

2012 5489 2238 5572 inanem.
2292 5496 2374 5548 Al.
2429 5489 2764 5549 ἀναϐαινέτω
2795 5513 2805 5544 ;
2839 5503 2895 5545 ιιι
2927 5494 3109 5547 Graeca
3143 5490 3376 5547 versioni
3431 5489 3594 5542 autin.

417 5566 532 5638 (25)
563 5564 715 5638 Bodl.
746 5562 886 5632 Ergo
916 5564 1136 5630 auditis,
1162 5565 1498 5619 vehementer.
2013 5583 2133 5638 quae
2154 5568 2478 5638 coluereant.

418 5635 530 5704 (‘24)
563 5635 749 5706 Lamb.
784 5649 920 5686 cum.

2029 5635 2043 5638 ί
2083 5637 2195 5704 (29)
2220 5636 2408 5706 Lamb.
2441 5638 2565 5706 quia
2593 5636 2687 5688 hoc
2715 5635 2863 5702 facit.

416 5705 530 5777 {23)
567 5705 752 5761 Lamb.
773 5706 1000 5774 ﬁrmari.
2087 5706 2197 5777 (30)
2223 5705 2413 5762 Lamb.
2439 5705 2542 5762 non
2593 5722 2690 5776 pro
2723 5721 3004 5776 nunquam.
