4074 6154
377 240 484 308 ais
1815 224 1875 281 ε.
1915 221 2172 278 uenite
3508 223 3621 280 9,0

377 353 530 427 loqui
560 349 695 423 (51).
730 348 848 414 Dic,
883 345 1081 417 inquit.
1115 343 1180 398 Et
1209 341 1320 398 dixi
1355 342 1432 396 illi
1469 361 1482 396 :
1517 338 1770 405 Domine,
1798 337 1846 394 si
1883 339 2009 408 quis
2051 336 2308 391 habuerit
2339 351 2566 391 uxorem
2598 336 2810 392 fidelem
2837 337 2891 392 in
2914 336 3171 404 Domino,
3194 346 3250 396 et
3288 339 3432 396 hanc
3465 341 3618 397 inve-

376 448 519 504 nerit
551 446 604 499 in
635 441 926 506 adulterio,
953 436 1200 508 nunquid
1251 443 1440 506 peccat
1467 433 1571 496 vir,
1617 431 1663 487 si
1702 430 1957 486 convivat
1985 446 2110 485 cum
2151 428 2278 482 illa?
2309 428 2374 482 Et
2421 429 2562 483 dixit
2614 428 2749 482 mihi
2786 429 3079 495 :Quandiu
3128 431 3304 488 nescit
3331 444 3618 502 peccatum

371 540 513 610 ejus,
542 538 662 593 sine
682 534 910 590 crimine
935 539 1018 586 est
1045 531 1131 586 vir
1154 529 1344 585 vivens
1371 543 1496 582 cum
1530 527 1642 580 illa.
1669 526 1728 580 Si
1753 533 1936 579 autem
1967 523 2155 580 scierit
2185 521 2265 577 vir
2293 538 2525 578 uxorem
2552 521 2664 594 ('59.)
2697 539 2852 578 suam
2903 525 3217 594 deliquisse,
3237 535 3292 582 et
3317 544 3424 583 non
3449 531 3622 601 egerit

374 625 751 698 pauitantiam
806 621 1023 686 mulier,
1055 625 1110 673 et
1141 624 1422 686 permanet
1445 616 1499 670 in
1532 614 1896 669 fornicatione
1932 628 2052 681 sua,
2082 622 2136 669 et
2188 614 2432 668 convivit
2465 628 2591 669 cum
2647 614 2739 668 illa
2778 615 2895 682 vir;
2932 633 3062 672 reus
3105 620 3210 674 erit
3246 623 3451 690 peccati
3480 624 3628 695 ejus,

366 726 423 774 et
463 715 736 788 particeps
787 712 1173 771 mmehationis
1201 712 1342 782 ejus.
1384 710 1451 766 Et
1497 711 1610 766 dixi
1658 711 1737 765 illi
1769 729 1783 765 :
1823 710 1964 776 Quid
1996 726 2149 780 ergo,
2174 710 2219 764 si
2249 711 2615 779 permanserit
2647 711 2701 764 in
2730 711 2865 767 vitio
2915 730 3015 770 sua
3061 717 3292 772 mulier?
3324 717 3390 772 Et
3433 719 3572 774 dixit
3603 739 3620 776 ε

370 815 616 871 Dimittat
663 813 810 868 illam
860 809 977 875 vir;
1007 816 1062 864 et
1094 809 1180 863 vir
1219 825 1314 879 per
1345 823 1410 884 se.
1444 809 1559 879 (55)
1615 816 1854 862 maneat.
1889 807 2045 874 Quod
2095 807 2143 861 si
2178 806 2450 862 dimiserit
2493 806 2778 863 mulierem
2841 823 2996 862 suam
3027 817 3080 863 et
3109 809 3270 864 aliam
3300 811 3539 878 duxerit,
3569 823 3630 873 et

372 907 490 974 ipse
525 904 838 960 moechatur
857 899 924 954 ".
971 897 1037 953 Et
1073 897 1185 953 dixi
1216 899 1292 953 illi
1328 917 1342 953 :
1374 897 1513 964 Quid
1562 898 1608 953 si
1655 900 1854 952 mulier
1901 898 2131 953 dimissa
2176 898 2555 968 paenitentiam
2590 899 2782 967 egerit,
2821 907 2874 953 et
2901 899 3134 954 voluerit
3158 903 3223 956 ad
3251 903 3424 958 virum
3459 920 3623 960 suum

371 997 608 1064 reverti;
655 1009 836 1049 nonne
866 991 1162 1061 recipietur
1189 1006 1220 1044 a
1246 991 1365 1044 viro
1391 989 1534 1044 suo?
1556 989 1624 1044 Et
1655 989 1794 1044 dixit
1825 989 1960 1044 mihi
1999 1007 2012 1043 :
2042 989 2179 1054 lmo,
2208 990 2255 1043 si
2281 1003 2388 1043 non
2422 988 2690 1057 receperit
2725 1003 2844 1042 eam
2886 989 2971 1042 vir
2999 1005 3154 1055 suus,
3181 1001 3386 1063 peccat,
3419 1003 3472 1048 et
3502 1011 3625 1050 ma-

373 1108 541 1163 gnum
565 1097 851 1161 peccatum
877 1086 981 1141 sibi
1005 1085 1269 1153 admittit;
1303 1086 1395 1140 sed
1423 1085 1582 1140 debet
1613 1084 1859 1153 recipere
1890 1083 2250 1152 peccatricem
2283 1099 2405 1153 quae
2427 1084 2805 1153 pcenitentiam
2828 1081 2967 1151 egit;
2995 1082 3090 1138 sed
3121 1099 3228 1138 non
3256 1100 3417 1154 saepe.
3438 1084 3628 1144 Servis

371 1188 518 1244 enim
549 1184 645 1240 Dei
676 1181 995 1255 paenitentia
1024 1191 1132 1233 una
1163 1183 1264 1228 est.
1290 1171 1520 1243 Propter
1538 1171 1917 1242 paenitentiam
1945 1187 2078 1242 ergo
2103 1187 2214 1226 non
2243 1172 2426 1236 debet,
2453 1172 2683 1228 dimissa
2707 1171 2939 1242 conjuge
2964 1188 3084 1239 sua,
3105 1175 3187 1226 vir
3209 1175 3372 1230 aliam
3401 1176 3623 1237 ducere.

373 1283 473 1340 llic
524 1292 680 1339 actus
723 1280 921 1336 similis
947 1284 1053 1341 est,
1077 1281 1131 1330 et
1160 1272 1217 1325 in
1243 1269 1381 1336 viro,
1405 1277 1460 1325 et
1494 1270 1548 1324 in
1582 1269 1834 1326 muliere.
1863 1268 1981 1324 Non
2014 1269 2190 1324 solum
2223 1269 2519 1325 maechatio
2547 1279 2631 1326 est
2659 1269 2787 1338 illis,
2814 1270 2909 1340 qui
2940 1283 3160 1339 carnem
3193 1283 3348 1324 suam
3377 1269 3627 1342 coinqui-

373 1384 508 1430 nant
538 1375 684 1445 (54);
714 1372 807 1429 sed
833 1381 889 1426 et
934 1369 982 1423 is
1009 1364 1104 1437 qui
1146 1363 1501 1420 simulacrum
1536 1361 1688 1431 facit,
1721 1364 2053 1419 moechatur.
2088 1364 2243 1430 Quod
2286 1364 2332 1420 si
2365 1365 2418 1418 in
2449 1365 2535 1422 his
2564 1365 2723 1424 lactis
2777 1373 3109 1436 perseverat,
3145 1373 3204 1420 et
3249 1367 3634 1436 paenitentiam

295 1487 305 1495 -
372 1480 483 1520 non
513 1465 644 1535 agit,
678 1463 870 1518 recede
917 1461 987 1515 ab
1022 1457 1134 1523 illa,
1165 1463 1222 1510 et
1261 1453 1374 1509 noli
1417 1453 1704 1510 convivere
1749 1471 1875 1511 cum
1927 1455 2057 1524 illa;
2091 1456 2337 1526 alioquin
2371 1464 2428 1512 et
2449 1466 2505 1512 tu
2537 1459 2811 1528 particeps
2843 1459 2956 1515 eris
2981 1460 3197 1529 peccati
3212 1461 3352 1530 ejus.
3390 1460 3626 1533 Propter,

373 1554 478 1609 hoc
507 1561 832 1623 praeceptum
865 1559 949 1607 est
982 1551 1162 1618 vobis,
1195 1559 1255 1606 ut
1281 1550 1501 1606 caelibes
1549 1551 1842 1617 maneatis,
1877 1560 1992 1606 tum
2047 1552 2151 1619 vir,
2181 1561 2295 1607 tum
2345 1553 2544 1608 mulier
2576 1555 2728 1625 (55);
2786 1562 2966 1624 potest
3017 1555 3166 1611 enim
3217 1557 3274 1611 in
3307 1552 3636 1628 hujusmodi

372 1647 692 1718 poenitentia
736 1661 878 1703 esse.
913 1644 1018 1702 Sed
1060 1653 1116 1701 et
1145 1660 1246 1716 ego
1271 1659 1380 1699 non
1404 1644 1476 1700 do
1500 1646 1872 1713 occasionem,
1899 1655 1960 1701 ut
1986 1646 2103 1703 haec
2128 1647 2202 1704 ita
2229 1658 2494 1718 agantur;
2529 1649 2622 1704 sed
2648 1665 2715 1704 ne
2738 1650 2993 1719 amplius,
3023 1651 3116 1720 qui
3155 1655 3478 1721 peccaverit,
3501 1669 3632 1724 pec-

373 1747 480 1796 eet.
505 1737 581 1794 De
615 1738 891 1809 prioribus
917 1747 1101 1793 autem
1133 1740 1372 1810 peccatis
1397 1740 1540 1809 ejus,
1571 1741 1714 1797 Deus
1744 1742 1839 1812 qui
1879 1751 2204 1812 potestatem
2237 1744 2400 1799 habet
2424 1745 2716 1802 sanitatem
2761 1746 3078 1818 dandi(56),
3110 1747 3264 1810 dabit
3289 1751 3628 1820 remedium;

371 1830 502 1901 quia
532 1829 647 1899 ipse
675 1837 760 1885 est
790 1828 884 1898 qui
915 1829 1078 1884 habet
1106 1839 1432 1901 potestatem
1460 1830 1731 1884 omnium.

1809 1979 2031 2035 CAPU'I
2080 1978 2147 2035 ll.

443 2093 649 2150 lterum
684 2094 1050 2166 interrogavi,
1075 2099 1130 2150 et
1157 2093 1270 2149 dixi
1289 2093 1590 2160 :Quoniam
1617 2093 1884 2151 Dominus
1922 2095 2260 2151 existimavit
2290 2113 2379 2152 me
2405 2098 2628 2168 dignum
2661 2115 2804 2167 esse,
2829 2109 2889 2156 ut
2917 2115 3131 2156 mecum
3157 2101 3369 2158 habites
3394 2117 3639 2172 semper,

374 2201 550 2257 pauca
606 2187 772 2242 verba
820 2188 957 2242 mihi
998 2188 1261 2254 edissere,
1294 2190 1424 2260 quia
1454 2206 1560 2246 non
1591 2191 1833 2262 intelligo
1873 2193 2195 2261 quidquam,
2227 2203 2279 2248 et
2330 2208 2426 2248 cor
2474 2210 2654 2249 meum
2705 2195 3018 2254 obturatum
3052 2197 3165 2266 (57)
3201 2207 3284 2254 est
3317 2215 3349 2252 a
3398 2197 3636 2268 pristina

373 2281 794 2336 conversatione
819 2279 964 2350 (38);
997 2289 1051 2336 et
1094 2296 1314 2338 sensum
1365 2282 1500 2335 mihi
1532 2282 1702 2352 aperi,
1730 2298 1856 2352 quia
1887 2282 2235 2337 vehementer
2265 2283 2498 2339 obtusus
2527 2285 2641 2356 (59)
2675 2301 2821 2352 sum,
2854 2295 2909 2341 et
2945 2286 2997 2338 in
3028 2293 3202 2340 totum
3232 2283 3345 2354 (40)
3375 2284 3514 2337 nihil
3544 2284 3646 2343 ina

371 2376 577 2445 telligo.
613 2374 682 2432 Et
723 2376 1064 2447 respondens
1107 2375 1245 2432 dixit
1289 2377 1424 2431 mihi
1459 2395 1474 2432 :
1507 2376 1618 2448 Ego
1657 2377 1983 2448 praepositus
2017 2393 2137 2432 sum
2169 2379 2526 2448 paenitentiae,
2554 2389 2608 2434 et
2651 2380 2906 2435 omnibus
2936 2378 3312 2450 paenitentiam
3346 2378 3640 2449 agentibus.

373 2487 596 2528 sensum
626 2473 717 2529 do.
783 2476 986 2530 Annon
1024 2468 1122 2526 tibi
1163 2471 1400 2538 videtur,
1430 2473 1807 2542 pcenitentiam
1856 2487 2048 2542 agere,
2092 2488 2348 2544 magnam
2386 2474 2706 2544 sapientiam
2735 2475 2846 2546 (41)
2873 2491 3023 2541 esse;
3051 2475 3306 2547 quoniam
3334 2475 3428 2545 qui
3457 2475 3636 2545 pteni-c

377 2569 607 2622 tentiam
640 2568 774 2639 agit,
808 2581 1034 2622 sensum
1065 2579 1321 2633 magnum
1361 2562 1716 2633 adipiscitur?
1747 2561 1925 2616 Sentit
1966 2563 2110 2618 enim
2158 2579 2215 2618 se
2242 2579 2487 2633 pecasse,
2513 2572 2567 2619 et
2591 2563 2786 2619 fecisse
2826 2566 3076 2634 nequiter
3108 2567 3162 2619 in
3203 2573 3494 2634 conspectu
3519 2563 3640 2636 (42).

375 2664 623 2730 Domini;
651 2671 706 2718 et
741 2662 1062 2717 recordatur
1108 2656 1396 2710 intellectu
1431 2656 1580 2725 quod
1612 2655 1868 2725 deliquit,
1908 2665 1965 2712 et
2003 2657 2379 2726 paenitentiam
2411 2658 2540 2738 agit,
2575 2666 2628 2711 et
2659 2658 2770 2728 (l5)
2810 2659 3044 2728 amplius
3089 2672 3199 2711 non
3239 2665 3496 2726 operatur
3539 2671 3635 2710 ne-

373 2758 586 2827 quiter;
633 2755 728 2810 sed
778 2762 1036 2822 operatur
1090 2753 1249 2819 bene,
1279 2760 1334 2807 et
1386 2753 1639 2808 humiliat
1668 2753 1908 2808 animam
1940 2769 2097 2809 suam
2125 2764 2179 2810 et
2205 2764 2427 2826 torquet
2485 2772 2628 2821 eam,
2660 2758 2784 2827 quia
2816 2759 3078 2827 peccavit.
3111 2756 3272 2812 Vides
3313 2771 3463 2824 ergo,
3486 2754 3638 2824 quod

373 2853 692 2926 paenitentia
740 2867 935 2907 sensus
984 2857 1068 2906 est
1111 2863 1362 2916 magnus.
1388 2847 1454 2901 Et
1477 2848 1588 2903 dixi
1621 2849 1697 2902 illi
1729 2867 1742 2903 :
1772 2849 2004 2920 Pr0pter
2051 2851 2176 2917 hoc,
2218 2850 2457 2917 domine,
2495 2851 2782 2921 diligenter
2830 2851 3049 2921 inquiro
3098 2849 3304 2916 omnia,
3352 2847 3635 2919 quoniam,

372 2958 629 3018 peccator
657 2961 812 3012 sum;
846 2954 906 3000 ut
936 2946 1104 3001 sciam
1130 2960 1252 3016 quae
1281 2958 1494 3014 aperer,
1523 2953 1578 2999 et
1603 2944 1781 3000 vivam
1815 2945 1962 3016 (44);
1995 2945 2126 3016 quia
2157 2945 2322 3000 inulta
2363 2953 2491 2999 sunt
2520 2954 2740 3015 peccata
2773 2960 2914 3000 mea.
2968 2945 3033 3000 Et
3057 2945 3196 3001 dixit
3232 2944 3367 2998 mihi
3399 2961 3414 2998 :
3452 2942 3642 3008 Vives,

375 3047 424 3102 si
471 3046 589 3102 haec
640 3047 896 3102 mandata
933 3064 1051 3102 mea
1081 3041 1410 3098 custodieris
1461 3063 1476 3097 :
1525 3051 1580 3096 et
1636 3044 1955 3114 quicunque
2009 3044 2246 3098 audierit
2281 3051 2336 3098 et
2375 3041 2566 3097 fecerit
2611 3042 2869 3097 mandata
2931 3047 3068 3109 hazc,
3095 3052 3242 3097 vivet
3287 3039 3419 3097 Deo.

1823 3190 2054 3248 CAPUT
2093 3190 2179 3248 lll.

447 3301 516 3358 Et
559 3304 670 3360 dixi
716 3305 834 3360 illi:
885 3304 1062 3361 Etiam
1111 3324 1299 3378 nunc,
1334 3310 1574 3378 domine,
1618 3310 1802 3368 audivi
1865 3323 1895 3364 a
1953 3311 2286 3384 quibusdam
2331 3310 2672 3376 doctoribus,
2715 3311 2862 3380 quod
2902 3310 3009 3364 alia
3047 3308 3365 3379 paenitentia
3398 3321 3503 3360 non
3531 3316 3646 3374 est,

378 3397 486 3454 nisi
531 3397 642 3465 illa,
687 3413 812 3454 cum
858 3399 912 3453 in
947 3414 1144 3469 aquam
1184 3401 1568 3458 descendimus
1609 3411 1662 3457 et
1685 3403 1799 3476 (45)
1828 3403 2129 3474 accipimus
2173 3403 2554 3458 remissionem
2605 3412 2953 3473 peccatorum
3006 3409 3358 3465 nostrorum;
3407 3397 3638 3452 ulterius

382 3507 492 3548 non
535 3508 790 3563 peccare,
839 3494 934 3549 sed
985 3494 1041 3548 in
1094 3497 1345 3549 castitate
1382 3508 1727 3565 permanere.
1782 3493 1849 3548 Et
1879 3494 1957 3548 ait
1987 3494 2168 3548 mihi:
2223 3493 2389 3549 Recte
2447 3492 2669 3548 audisti.
2724 3490 2881 3547 Nunc
2933 3498 3135 3555 autem,
3181 3488 3309 3559 quia
3356 3488 3639 3557 diligenter

381 3589 567 3645 omnia
596 3590 795 3660 quaeris
821 3588 954 3660 (46),
983 3598 1035 3643 et
1059 3590 1164 3644 hoc
1187 3589 1282 3643 tibi
1309 3587 1666 3655 demonstro;
1697 3603 1806 3643 non
1843 3588 1982 3643 dans
2014 3588 2362 3644 occasionem
2395 3588 2506 3644 illis
2531 3587 2627 3657 qui
2655 3586 2919 3642 credituri
2955 3594 3102 3651 sunt,
3134 3592 3228 3638 aut
3261 3584 3354 3654 qui
3384 3581 3495 3652 (47)
3524 3595 3634 3635 cre-

381 3681 640 3736 diderunt
675 3681 929 3738 Domino.
987 3682 1090 3750 Qui
1136 3686 1280 3740 enim
1327 3686 1441 3756 jam
1492 3685 1846 3741 crediderunt
1898 3694 1993 3740 aut
2045 3686 2138 3754 qui
2189 3685 2448 3739 credituri
2502 3692 2650 3748 sunt,
2697 3682 2810 3752 (48)
2863 3680 3234 3751 ptenitentiam
3288 3686 3635 3749 peccatorum

382 3791 491 3831 non
515 3776 738 3844 habent,
767 3779 860 3833 sed
891 3780 1297 3835 remissionem.
1327 3780 1439 3842 Illis
1463 3780 1574 3850 (49)
1600 3780 1745 3835 enim
1779 3780 1877 3850 qui
1905 3779 2086 3834 vocati
2120 3788 2252 3835 sunt
2279 3788 2404 3834 ante
2428 3779 2532 3833 hos
2557 3778 2693 3842 dies,
2731 3777 2914 3846 posuit
2943 3776 3208 3831 Dominus
3239 3773 3634 3844 paenitentiam;

383 3870 644 3937 quoniam
683 3871 1042 3939 cogitationes
1074 3869 1319 3924 omnium
1355 3871 1780 3938 praecordiorum
1813 3870 1966 3924 novit
1993 3869 2157 3936 Deus,
2190 3879 2246 3924 et
2281 3870 2385 3924 scit
2428 3869 2799 3924 inlirmitatem
2851 3867 3157 3934 hominum,
3197 3874 3251 3921 et
3281 3864 3638 3933 multiplicem

384 3963 684 4032 nequitiam
732 3964 972 4030 diaboli,
1017 3979 1122 4036 qua
1153 3965 1376 4020 molitur
1419 3963 1532 4036 (50)
1583 3965 1788 4035 aliquid
1837 3966 2048 4021 sinistri
2095 3966 2268 4022 servis
2297 3964 2416 4034 Dei,
2451 3975 2505 4021 et
2535 3965 2769 4035 maligne
2811 3962 3104 4018 insidiatur
3145 3961 3274 4016 illis.
3325 3959 3638 4014 Misericors

383 4068 515 4124 ergo
554 4052 819 4111 Dominus
862 4058 1116 4113 misertus
1153 4068 1237 4116 est
1269 4059 1509 4131 ﬁgmenti
1550 4061 1635 4117 sui
1679 4061 1819 4132 (5i),
1859 4071 1914 4116 et
1953 4062 2142 4133 posuit
2187 4061 2570 4132 paenitentiam
2609 4059 2792 4125 istam,
2841 4067 2896 4112 et
2938 4064 3259 4128 potestatem
3301 4053 3639 4125 pmnitentite

388 4149 552 4220 hujus
587 4152 723 4207 mihi
753 4153 918 4211 dedit.
957 4155 1024 4212 Et
1055 4156 1178 4213 ideo
1211 4156 1338 4212 dico
1377 4155 1500 4224 tibi,
1542 4157 1688 4227 quod
1736 4165 1860 4228 post
1886 4159 2228 4214 vocationem
2273 4157 2421 4212 illam
2466 4170 2718 4225 magnam
2765 4162 2819 4210 et
2857 4155 3122 4214 sanctam,
3154 4147 3201 4200 si
3236 4146 3359 4216 quis
3403 4153 3639 4199 tentatus

387 4233 553 4295 fuerit
587 4256 617 4295 a
647 4240 887 4312 diabolo,
912 4255 966 4302 et
990 4254 1320 4322 peccaverit,
1344 4269 1508 4309 unam
1547 4255 1924 4324 paenitentiam
1959 4256 2144 4310 habet.
2183 4254 2239 4309 Si
2269 4265 2448 4315 autem
2492 4251 2724 4314 subinde
2760 4258 2965 4321 peccet,
2991 4258 3047 4304 ct
3080 4243 3453 4318 pwnttcntiam
3490 4247 3638 4310 agat,

462 4409 508 4442 "’
543 4410 732 4468 Matth.
763 4430 818 4480 v,
856 4417 950 4485 52;
984 4435 1098 4486 ιιι,
1133 4421 1204 4491 9;
1232 4421 1401 4480 Marc.
1429 4439 1484 4488 Χ,
1512 4423 1568 4478 ll
1594 4441 1609 4487 ;
1632 4425 1654 4476 ι
1679 4423 1937 4489 ϐοηνιι,
1964 4421 2054 4480 Η.

1455 4558 1690 4615 VARUS
1727 4555 2106 4613 LECTIONES
2146 4554 2234 4611 ET
2265 4551 2506 4610 NOTZE.

463 4673 578 4745 (ξιξ)
606 4671 801 4745 Lamb.
837 4673 967 4745 mihi
995 4691 1166 4745 pauca
1197 4676 1351 4732 verba
1383 4677 1556 4733 dicere
1586 4677 1704 4731 tibi.
2141 4672 2254 4745 (l2)
2287 4668 2442 4745 βοάι,
2476 4671 2973 4745 antefqnspecmm.

465 4736 578 4814 (δῇ)
602 4742 764 4814 βοίηἒ
784 4736 1076 4814 ntulierém.

2273 4739 2479 4814 _Lamb.
2511 4736 2634 4814 add.
2659 4736 2796 4804 jam.
3016 4804 3025 4814 ι

601 4795 793 4886 niis.
821 4795 961 4886 ilict.
978 4795 1156 4886 super
1178 4835 1250 4874 se.
1275 4818 1409 4874 Vide
1437 4833 1562 4872 mox
1594 4816 1755 4873 inira.
2138 4795 2250 4886 (lli
2273 4810 2464 4864 Lamb.
2489 4795 2677 4886 quibus
2699 4820 2878 4886 operer
2897 4814 2954 4886 ut
2978 4804 3170 4859 vivam.
3191 4795 3400 4851 Habent
3421 4808 3642 4866 quoque

465 4874 579 4957 (ὅθ)
604 4882 756 4957 Bodl.
777 4883 973 4957 illi...
1008 4874 1336 4957 coinquinat.
2065 4892 2120 4937 ut
2143 4874 2317 4957 uiuunt
2349 4874 2584 4957 ποθ-δίε..
2604 4874 2786 4957 Germ.
2817 4884 2872 4929 et
2891 4874 3074 4928 Carm.

466 4945 586 5029 (55)Δ
615 4953 742 5029 Mss.
777 4952 1118 5029 Vict.,Carm.
1141 4945 1197 5014 et
1224 4957 1416 5014 Lamb.
1441 4975 1596 5029 super
1621 4974 1708 5013 vos
1738 4973 1961 5024 manere,
2137 4953 2250 5029 (dij)
2290 4949 2483 5029 bamb.
2521 4945 2812 5029 {ida-ﬁlm-

395 5019 502 5081 εἰδὲ
539 5019 650 5078 viro
679 5025 786 5078 sive
816 5019 1048 5080 mulieri.
1506 5019 1517 5029 ”
1951 5019 1960 5024 ’
2138 5019 2250 5090 (46)
2291 5019 2484 5090 Lamb.
2521 5019 2770 5090 inquiris.

467 5096 580 5160 (56)
618 5094 808 5150 Lamb.
843 5098 1091 5160 sanandi,
1121 5097 1292 5153 dabit.
2140 5083 2253 5160 (47)
2293 5089 2481 5142 Lamb.
2521 5083 2651 5160 add.
2687 5083 2859 5160 modo.

468 5146 580 5233 257}
612 5146 806 5218 tam}:
831 5146 1212 5222 abstantia?

468 5238 578 5269 ι’·ωι
604 5234 623 5269 1
650 5236 776 5269 ιιι·ηῆ
829 5235 928 5269 ..ΛΑ
979 5253 1090 5269 man
2063 5254 2077 5269 ι

2139 5146 2250 5232 (48)
2290 5160 2545 5214 Clemens
2592 5156 2744 5210 Alex.
2794 5154 2832 5208 ι.
2881 5151 3202 5220 (κε”Αφεσις
3239 5147 3421 5201 τοίνυν
3458 5146 3639 5269 ἁζαρῖ

2063 5233 2195 5269 -..τευ
2252 5228 2533 5269 ..ετηυηίηε-
2562 5225 2810 5269 διαωέοει
2834 5241 2847 5253 ·
2895 5222 3062 5269 ducam
3093 5221 3151 5269 δὲ
3183 5219 3420 5269 δείκνυσι
3453 5233 3480 5268 τ
3551 5218 3621 5269 ὲω

466 5216 578 5303 i335
604 5216 798 5289 Lamb.
828 5216 1168 5292 suae:
2063 5254 2075 5271 .

2063 5216 2533 5303 τιῶν,’μετανοίας
2562 5225 2847 5296 διαφέρει·
2895 5216 3071 5293 ἄμφω
3093 5221 3151 5274 δὲ
3183 5219 3420 5273 δείκνυσι
3453 5216 3519 5269 τὰ
3551 5216 3638 5286 ἐφ’

469 5305 582 5378 (59)
617 5305 769 5379 Bodl.
811 5305 1030 5379 stultus.
2067 5311 2078 5356 1‘

2067 5323 2246 5379 Tlll‘y...
2294 5369 2332 5379 ...
2389 5370 2425 5379 ..
2489 5368 2530 5379 ..-
2574 5366 2626 5379 ..ι
2776 5361 2819 5379 ιι
2878 5378 2884 5379 ,
2937 5360 3139 5379 ,-__-_2.
3175 5358 3378 5379 rI-I__.--n
3435 5358 3466 5379 ιε

471 5356 584 5444 Eia}
614 5356 1103 5433 ὃὰἷίιὶζέἡεόῆἱιάε.
2088 5356 2253 5439 "(49)
2277 5369 2449 5444 Bodl.
2488 5366 2725 5444 raﬁbus.
2774 5361 2892 5417 nuc
2922 5360 3145 5430 respicit
3175 5358 3402 5414 Tertull.
3435 5357 3528 5411 lib.
3563 5356 3641 5412 De

471 5439 584 5517 (Η)
613 5445 804 5520 Lamb.
829 5448 1089 5520 sapientia
1122 5466 1332 5520 magna.
1373 5449 1587 5520 Recitat
1605 5448 1750 5502 hunc
1783 5445 1964 5520 locum
2063 5443 2324 5520 pudigilig
2362 5455 2483 5520 (κιρ.
2511 5439 2598 5520 ‘19-
2627 5506 2664 5520 “
2719 5507 2755 5520 η
2831 5505 2851 5520 ,
2917 5503 2951 5520 __
3019 5500 3074 5520 ο,

396 5497 1340 5589 c..;._'._.‘.;n;_ﬁue'x;me};"nam;
1373 5497 1964 5589 ἷεῖιῖῗϊίὶξᾟρὲξὶδὸέ
2063 5497 2250 5589 ’,(59)
2290 5497 2583 5589 Lamb-ﬁl
2624 5506 2776 5589 βοίηο
2825 5503 2992 5589 facis;
3019 5499 3368 5589 δίοξεῆηιξεῃ,
3386 5497 3639 5589 Mf?“

413 5589 472 5637 Ὀ
495 5586 556 5660 δὲ
599 5585 761 5649 αὐτὸς
804 5587 899 5640 καὶ
934 5568 1057 5659 τ’ἧνδ
1096 5568 1384 5660 μετάνοιάν
1421 5568 1632 5645 σῖὸνεσιξι
1661 5568 1798 5642 ἕῖνιὲιι
1836 5603 1967 5658 φησι

1954 5605 1967 5638 ι
2065 5568 2362 5660 Clericurn,
2391 5579 2463 5660 ita
2493 5568 3062 5660 l.atrj‘b._quq'molitur
3091 5570 3293 5660 aliquid
3323 5568 3561 5638 maligni.

402 5655 660 5728 μεγάλην.
742 5645 756 5649 ⁷
989 5645 1000 5659 ’
1096 5645 1110 5660 ’
1848 5645 1860 5658 ’
1899 5645 1910 5657 ’

1848 5645 1860 5658 ’
1899 5645 1910 5657 ’
2139 5653 2250 5724 (51)
2287 5649 2479 5705 Lamb.
2514 5656 2568 5706 et
2598 5645 2752 5704 Bodl.
2788 5648 3034 5718 ﬁgmento
3064 5659 3173 5698 suo.
