4074 6154
343 311 453 366 995'

1365 313 1660 371 msron.
1685 343 1755 354 —
1779 309 1908 366 un.
1948 283 2017 377 tl;
2056 307 2447 366 MANDATUM
2482 306 2572 363 v1.

3493 308 3595 365 926

287 452 294 457 ι
344 421 495 494 Αὕτη
533 414 626 476 οῦν
653 423 690 494 ἡ
722 425 1068 497 μακροθυμία
1101 427 1344 480 κατοικεῖ
1394 424 1534 496 μετά
1586 424 1696 478 τῶν
1744 423 1928 477 πίστιν

2040 421 2109 476 De
2151 418 2381 476 stultitia
2419 432 2552 474 vero
2591 417 2837 473 nascitur
2879 420 3206 488 amaritudo,
3253 429 3306 477 et
3347 435 3415 476 ex
3445 436 3598 483 ama-

346 513 580 582 ἐχόντων
610 515 917 588 ὁλόκληρος.
954 519 1018 574 Ἦ
1055 517 1112 572 δὲ
1144 518 1394 588 ὀξυχολία
1427 518 1644 591 πρῶτον
1681 518 1779 588 μὲν
1813 535 1928 588 μω-

348 607 440 677 ρία
470 607 622 661 ἐστὶν
653 610 747 667 καὶ
789 610 1024 682 ὲλαφρία.
1071 611 1302 681 φρενῶν.
1344 607 1477 665 Εἶτα
1517 613 1582 664 ὲκ
1626 611 1726 681 τῆς
1764 611 1932 683 ἀφρο-

346 696 516 770 σύνης
547 701 756 767 γίνεται
786 703 1000 772 πικρία,
1030 701 1117 774 [ἐκ
1135 703 1191 756 δὲ
1212 703 1312 772 τῆς
1330 702 1552 774 πικρίας
1575 702 1710 776 (80)]
1739 702 1928 773 θυμὸς,

345 789 414 847 ἐκ
446 788 502 840 δὲ
533 789 627 842 τοῦ
657 789 830 861 θυμοῦ
864 793 1024 863 ὀργὴ,
1058 794 1122 846 ὲκ
1153 793 1212 846 δὲ
1241 793 1342 863 τῆς
1378 792 1549 864 ὀργῆς
1585 792 1762 863 μῆνις.
1799 789 1932 844 Εἶτα

344 881 380 950 ἡ
420 880 584 950 μῆνις
623 881 690 935 ἐκ
732 881 1000 936 τοσούτων
1052 885 1236 938 κακῶν
1286 883 1672 955 συνισταμένη,
1721 883 1931 951 γίνεται

345 969 590 1040 ἁμαρτία
634 972 846 1043 μεγάλη
892 976 986 1028 καὶ
1031 975 1265 1039 ἀνίατος.
1311 976 1475 1029 Ὅταν
1517 974 1625 1046 γὰρ
1651 974 1828 1028 πάντα
1864 972 1933 1026 τὰ

345 1060 662 1134 ἀνθρώπινα
704 1063 880 1119 ταῦτα
920 1067 977 1120 ὲν
1010 1067 1090 1120 ὲν).
1122 1067 1327 1140 ἀγγείῳ
1364 1070 1634 1130 κατοικεῖ,
1666 1067 1800 1119 ὅπου
1839 1067 1934 1119 καὶ

343 1152 413 1211 τὸ
437 1152 660 1224 Πνεῦμα
693 1155 755 1208 τὸ
779 1155 954 1225 ἅγιον,
988 1159 1050 1210 οὺ
1084 1162 1255 1232 χωρεῖ
1287 1161 1465 1214 ἐκεῖνο
1501 1159 1563 1212 τὸ
1593 1159 1782 1228 ἄγγος,
1818 1158 1956 1212 ἀλλ’·

347 1243 770 1315 ὑπερπλεονάζει
807 1246 869 1300 τὸ
897 1245 1440 1323 τροφερὸν’πνεῦμα,
1496 1251 1571 1322 μὴ
1613 1251 1735 1320 ἔχον
1774 1251 1936 1321 συνή-

347 1336 498 1393 θειαν
551 1337 692 1408 μετά
747 1340 988 1413 πονηροῦ
1033 1342 1374 1413 πνεύματος,
1424 1345 1520 1397 κα)⁴
1569 1343 1936 1414 σκληρότητος

346 1431 639 1485 κατοικεῖν.
676 1429 984 1503 Ὑποχωρεῖ
1007 1428 1101 1488 οὖν
1132 1434 1242 1488 ἀπὸ
1269 1433 1366 1487 τοῦ
1396 1432 1688 1506 ἀνθρώπου
1719 1427 1932 1498 τούτου,

346 1521 443 1574 καὶ
489 1519 645 1592 ζητεῖ
683 1527 958 1579 κατοικεῖν
997 1525 1138 1598 μετά
1180 1527 1488 1599 πραότητος
1540 1528 1634 1581 καὶ
1677 1526 1930 1598 ἡσυχίας.

344 1607 479 1664 Εἶτα
526 1612 652 1665 ὅταν
697 1614 908 1686 ἀποστῇ
960 1616 1074 1670 άπὸ
1112 1615 1208 1670 τοῦ
1259 1616 1550 1688 ἀνθρώπου
1578 1610 1639 1671 οὗ
1670 1619 1932 1683 κατοικεῖ,

2032 513 2275 575 ritudine
2305 510 2611 575 iracundia,
2641 524 2707 564 ex
2742 511 3021 566 iracundia
3047 528 3176 568 vero
3203 512 3377 570 furor.
3406 512 3506 571 Hic
3530 529 3599 570 ex

2029 614 2110 662 tot
2152 603 2313 659 malis
2357 611 2574 657 creatus
2617 602 2770 657 furor
2817 603 2967 672 (81),
3015 615 3269 674 operatur
3319 618 3601 676 peccatum

2029 711 2288 769 magnum
2331 704 2384 750 et
2434 695 2757 751 insanabile.
2816 695 2952 750 Cum
2997 697 3140 750 enim
3181 699 3296 752 haec
3333 701 3516 754 omnia
3547 701 3601 754 in

1995 805 2142 846 'uno
2183 804 2313 844 vase
2347 797 2496 853 sunt,
2542 787 2632 841 ubi
2683 794 2735 840 et
2779 784 3015 855 Spiritus
3068 795 3292 843 sanctus
3336 799 3604 858 moratur,

2032 897 2142 937 non
2177 881 2324 950 capit
2356 880 2473 933 hac
2503 877 2615 949 (82)
2643 892 2740 932 vas
2762 917 2776 941 ,
2810 877 2904 931 sed
2943 877 3309 946 superemuit;
3345 882 3604 949 quoniam
3715 875 3726 885 ’

2033 985 2188 1030 tener
2218 974 2457 1043 Spiritus
2487 986 2597 1026 non
2634 977 2814 1040 potest
2846 985 2971 1024 cum
3005 969 3150 1023 malo
3181 970 3376 1040 spiritu
3409 973 3606 1028 immo-

2033 1067 2171 1132 rari,
2226 1064 2431 1120 recedit
2504 1071 2560 1117 et
2613 1062 2822 1116 habitat
2874 1076 2999 1116 cum
3040 1072 3347 1116 mansueto.
3408 1063 3609 1120 Deinde

2033 1174 2159 1215 cum
2215 1156 2500 1212 recesserit
2540 1156 2610 1210 ab
2641 1154 2876 1209 homine
2921 1154 2975 1207 in
3024 1169 3133 1224 quo
3182 1154 3496 1220 habitabat,
3554 1155 3607 1210 lit

2035 1247 2203 1302 homo
2228 1261 2438 1302 vacuus
2482 1260 2514 1300 a
2542 1243 2753 1314 Spiritu
2804 1255 3028 1311 sancto;
3074 1253 3128 1299 et
3158 1255 3345 1314 postea
3375 1245 3611 1314 repletur

2035 1339 2321 1408 spiritibus
2376 1337 2631 1408 malignis
2660 1376 2677 1402 ,
2735 1345 2790 1392 et
2837 1335 3153 1390 obcaecatur
3203 1350 3233 1390 a
3287 1336 3616 1404 cogitatione

2036 1433 2182 1488 mala
2209 1431 2345 1504 (85).
2379 1431 2471 1486 Sic
2496 1431 2752 1486 omnibus
2777 1428 3055 1485 iracundis
3085 1429 3372 1500 contingit.
3400 1428 3616 1486 Recede

2036 1538 2170 1595 ergo
2197 1532 2254 1578 tu
2285 1524 2354 1578 ab
2381 1523 2690 1588 iracundia,
2717 1509 2775 1578 'ét
2803 1522 2968 1577 indue
2995 1522 3455 1593 animaequitatem
3477 1522 3613 1595 (84),

2037 1624 2094 1671 et
2129 1613 2326 1670 resiste
2378 1613 2678 1669 iracundia:
2709 1631 2723 1667 :
2767 1622 2822 1668 et
2853 1613 3152 1668 invenieris
3192 1628 3318 1668 cum
3349 1613 3615 1684 pudicitia

345 1703 556 1771 γίνεται
597 1704 626 1756 ὁ
657 1704 942 1777 ἄνθρωπος
987 1707 1196 1772 ἐκεῖνος
1236 1708 1390 1773 κενὸς
1419 1709 1528 1764 ἀπὸ
1561 1708 1654 1763 τοῦ
1688 1708 1937 1779 Πνεύμα-

2040 1719 2097 1765 et
2126 1709 2375 1765 castitate
2407 1723 2438 1762 a
2473 1705 2606 1762 Deo.
2636 1705 2772 1762 Vide
2797 1721 2928 1779 ergo
2967 1722 3036 1761 ne
3067 1705 3208 1762 forte
3239 1706 3481 1777 negligas
3511 1707 3617 1761 hoc

345 1811 439 1858 τος
462 1793 558 1847 τοῦ
593 1776 770 1865 άγίου,
811 1797 906 1850 καὶ
934 1797 1119 1853 λοιπὸν
1154 1799 1582 1871 πεπληρωμένος
1613 1799 1722 1854 τῶν
1773 1776 1937 1855 πνευ-

2042 1801 2366 1858 mandatum
2402 1799 2502 1856 :‘si
2547 1799 2694 1855 enim
2748 1776 2883 1856 huic
2929 1799 3190 1855 mandato
3249 1776 3616 1853 obedientiam

349 1885 537 1958 μάτων
582 1886 691 1940 τῶν
725 1887 974 1960 πονηρῶν
1099 1889 1195 1944 καὶ
1228 1890 1348 1954 ὅλος
1391 1889 1790 1961 ἀποτυφλοῦται
1829 1891 1940 1946 ἀπὸ

2042 1891 2359 1962 praestiteris
2398 1889 2513 1962 (85)
2549 1941 2567 1970 ,
2614 1898 2807 1946 cetera
2859 1890 3114 1946 mandata
3180 1905 3300 1944 mea
3350 1905 3472 1959 quin
3517 1889 3618 1944 tibi

344 1977 447 2047 τῆς
478 1977 717 2042 διανοίας
741 1979 839 2050 τῆς
866 1980 1097 2052 ἀγαθῆς.
1134 1981 1320 2047 Οὕτως
1350 1977 1442 2036 οὖν
1479 1983 1770 2054 συμϐαίνει
1803 1986 1938 2039 πᾶσι

2046 1983 2406 2038 mandaturus
2441 1996 2596 2049 sum,
2644 1982 2850 2052 poteris
2897 1996 3136 2037 servare.
3177 1981 3456 2036 Contirma
3487 1987 3619 2051 ergo

344 2070 461 2130 τοῖς
492 2067 786 2139 ὀξυχὸλοις.
845 2071 1076 2143 ’Λπὲχου
1103 2069 1196 2127 οῦν
1240 2074 1350 2128 ἀπὸ
1383 2074 1484 2146 τῆς
1516 2076 1799 2146 ὀξυχολίας
1837 2073 1933 2129 τοῦ

2043 2090 2192 2132 nunc
2220 2083 2276 2130 te
2315 2074 2372 2129 in
2403 2073 2679 2129 mandatis
2722 2074 2876 2142 istis,
2913 2083 2976 2130 ut
3013 2077 3168 2129 vivas
3192 2072 3304 2128 Deo
3344 2091 3358 2129 :
3402 2081 3457 2128 et
3491 2073 3617 2143 qui-

346 2158 586 2231 πονηροῦ
615 2161 868 2232 δαίμονος
893 2203 906 2218 .
945 2164 1204 2219 Ἔνδυσαι
1255 2165 1314 2220 δὲ
1372 2164 1471 2238 τὴν
1533 2166 1935 2239 μακροθυμίαν,

2044 2181 2262 2237 cunque
2295 2165 2637 2222 servaverint
2664 2166 2780 2220 huic
2809 2166 3087 2234 mandata,
3112 2166 3297 2220 vivent
3329 2165 3457 2219 Deo.

351 2252 453 2311 καὶ
499 2252 780 2325 ἀνάστηθι
832 2259 900 2328 τῇ
952 2257 1206 2331 ὀξυχολίᾳ
1236 2299 1252 2324 ,
1307 2263 1402 2315 καὶ
1447 2261 1547 2334 ἔσῃ
1581 2263 1968 2334 ἐπαινούμενος
2031 2260 2172 2334 μετὰ
2245 2261 2573 2333 σεμνότητος
2625 2263 2738 2324 τοῖς
2798 2261 3177 2332 ἠγαπημένοις
3234 2260 3340 2313 ὑπὸ
3391 2257 3620 2328 Κυρίου.

347 2342 523 2400 Βλέπε
557 2339 650 2398 οὖν
686 2344 761 2416 μὴ
811 2347 1167 2424 παραλογήσῃ
1220 2351 1319 2423 τὴν
1378 2353 1598 2426 ἐντολὴν
1647 2354 1880 2427 ταύτην·
1914 2353 2010 2409 ἐὰν
2040 2353 2150 2424 γὰρ
2209 2352 2412 2424 ταύτην
2445 2349 2720 2424 φυλάξῃς,
2745 2353 2950 2426 δυνήσῃ
2983 2354 3076 2406 κα)⁵
3099 2352 3198 2416 τὰς
3227 2351 3418 2416 λοιπὰς
3447 2350 3620 2427 τηρῆ-

351 2447 442 2486 σαι
470 2474 484 2489 .
522 2437 705 2508 Ἴσχυε
741 2434 834 2493 οὖν
882 2440 942 2494 ὲν
975 2443 1168 2507 αὐταῖς
1204 2444 1300 2498 καὶ
1331 2424 1654 2517 ἐνδυναμοῦ,
1680 2449 1777 2502 καὶ
1805 2424 2070 2520 νικήσεις,
2099 2449 2198 2504 καὶ
2226 2447 2432 2518 ζήσειςο
2923 2424 2932 2426 ⁷
3540 2424 3542 2427 Ι

1625 2581 1958 2649 ANTIOCHUS,
1988 2580 2211 2636 homilia
2237 2579 2357 2635 ΗΟ.

432 2683 498 2736 Ἦ
525 2683 646 2774 γὰρ.
665 2683 914 2758 ὀξυχολία
935 2729 950 2755 ,
987 2690 1198 2763 πονηρά
1227 2686 1380 2759 οῦσα,
1416 2696 1779 2767 καταστρέφει
1812 2696 1941 2759 τοὺς

2115 2692 2260 2747 Nam
2289 2695 2597 2762 iracundia,
2631 2711 2748 2750 cum
2784 2711 2948 2764 prava
2970 2694 3072 2759 sit,
3103 2692 3154 2748 vi
3184 2708 3282 2746 sua
3309 2689 3490 2746 evertit
3516 2707 3634 2745 ser.
3677 2738 3682 2748 ,

347 2774 568 2841 δούλους
584 2777 680 2831 τοῦ
713 2778 848 2833 Θεοῦ
875 2783 942 2853 τῇ
975 2783 1179 2855 εαυτῆς
1210 2786 1481 2860 ἐνεργείᾳ.
1527 2788 1693 2842 Ὅταν
1722 2787 1833 2860 γὰρ
1853 2787 1941 2863 ίδῃ

2041 2802 2128 2840 vos
2163 2785 2280 2842 Dei.
2311 2788 2526 2854 Quoties
2553 2789 2693 2844 enim
2724 2787 2912 2842 viderit
2939 2786 3129 2841 dubios
3165 2785 3426 2851 homines,
3449 2784 3632 2853 injicit

348 2869 481 2931 τοὺς
508 2869 826 2943 ἀνθρώπους
855 2873 1255 2942 εύσταθοῦντας
1285 2878 1422 2952 (86),
1453 2879 1786 2950 παραϐάλλει
1807 2882 1937 2933 ὲαυ-

349 2962 453 3033 τὴν
472 2964 553 3026 είς
586 2963 686 3035 τὴν
716 2965 941 3038 καρδίαν
963 2967 1058 3021 τοῦ
1092 2967 1406 3041 ἀνθρώπου,
1433 2962 1527 3025 καὶ
1556 2973 1621 3026 ὲκ
1645 2971 1739 3025 τοῦ
1771 2972 1936 3043 μηδε-

2040 2895 2094 2933 se
2119 2880 2177 2933 in
2213 2896 2304 2934 cor
2329 2879 2601 2948 hominis;
2643 2891 2692 2936 et
2722 2881 2787 2936 de
2817 2879 2985 2934 nihilo
3010 2879 3165 2934 homo
3208 2876 3624 2932 amaritudinem

2042 2971 2299 3041 percipit,
2334 2981 2549 3044 propter
2587 2989 2668 3027 res
2707 2988 2826 3043 quis
2861 2981 2987 3027 sunt
3026 2971 3084 3026 in
3109 2971 3232 3026 vita:
3251 2986 3373 3035 usu,
3405 2979 3499 3024 aut
3535 2985 3632 3040 pro

352 3054 446 3118 νος
469 3057 807 3128 πικραίνεται
829 3098 843 3124 ,
884 3057 1070 3127 ἕνεκεν
1102 3060 1371 3130 βιωτικῶν
1399 3064 1740 3135 πραγμάτων
1778 3063 1812 3134 ἢ
1842 3080 1938 3116 πε-

2043 3062 2316 3128 conuictu;
2361 3073 2456 3117 aut
2489 3079 2584 3133 pro
2613 3062 2793 3135 aliquo
2827 3060 2978 3116 verbo
2999 3101 3016 3130 ,
3046 3061 3095 3116 si
3123 3060 3263 3132 quod
3301 3059 3513 3122 incidit,
3541 3073 3634 3112 su-

359 3145 416 3230 ρὶ
445 3146 774 3218 ἐδεσμάτων,
810 3148 844 3220 ἢ
874 3149 956 3202 ὅτι
983 3150 1303 3222 μικρολογία
1331 3169 1416 3214 τις
1437 3153 1692 3206 ἐνέπεσεν
1718 3153 1940 3224 μάταια,

354 3235 392 3307 ἢ
425 3239 551 3310 περ).
592 3239 810 3302 δόσεως.
862 3237 1046 3292 Ταῦτα
1096 3239 1206 3313 γὰρ
1240 3242 1421 3296 πάντα
1473 3242 1631 3313 μωρά
1677 3245 1813 3308 ἐστι,
1849 3245 1945 3296 καὶ

355 3329 492 3383 κενὰ
522 3333 635 3393 τοῖς
656 3330 860 3392 δούλοις
877 3330 970 3382 τοῦ
999 3330 1155 3384 Θεοῦ.
1204 3333 1268 3384 Ἦ
1297 3333 1354 3385 δὲ
1393 3334 1741 3405 μακροθυμία
1774 3335 1944 3404 μεγά-

355 3421 423 3491 λη
452 3422 598 3474 ἐστὶν
640 3422 733 3473 κα).
773 3420 1000 3492 ισχυρὰ,
1043 3421 1243 3492 ἔχουσα
1284 3423 1512 3495 δύναμιν
1549 3425 1825 3497 στιϐαρὰν,
1852 3426 1946 3479 καὶ

353 3511 594 3577 εὐθύνει,
621 3512 714 3566 καὶ
735 3513 1114 3586 ἀγαλλιωμένη
1144 3515 1446 3588 ἀμέριμνος
1465 3511 1598 3571 οὖσα
1621 3517 1829 3584 δοξάζει
1853 3519 1945 3573 τὸν

356 3603 600 3673 Κύριον,
635 3605 800 3676 μηδὲν
839 3607 897 3660 ἐν
937 3609 1071 3680 αὐτῇ
1114 3607 1310 3683 ἔχουσα
1349 3609 1578 3681 πικρὸν,
1607 3610 1739 3663 διότι
1769 3611 1947 3684 πραΰς

357 3695 479 3747 ἐστι
518 3696 611 3747 καὶ
641 3697 878 3768 ήσύχιος.
923 3698 1070 3771 Αῦτη
1095 3695 1187 3754 οὖν
1231 3703 1264 3772 ἡ
1317 3690 1661 3773 μακροθυμία
1706 3707 1949 3757 κατοικεῖ

363 3783 504 3855 μετά
524 3784 633 3838 τῶν
660 3787 760 3857 τὴν
790 3788 973 3841 πίστιν
1007 3788 1240 3859 ἑχόντων
1280 3788 1590 3861 ὀλόκληρον.
1628 3790 1691 3842 Ἠ
1737 3791 1793 3843 δὲ
1827 3790 1948 3856 ὀξυ-

360 3875 516 3945 χολία
553 3874 742 3946 ἄφρων
786 3878 934 3931 ἐστίν
953 3895 970 3910 ο
1001 3875 1151 3945 εἶτα,
1182 3880 1247 3932 ἐκ
1273 3880 1372 3951 τῆς
1407 3879 1716 3952 ἀφροσύνης
1741 3880 1947 3950 γίνεται

363 3960 581 4035 πικρία,
621 3967 686 4018 ἐκ
717 3966 774 4019 δὲ
809 3967 908 4038 τῆς
945 3970 1170 4039 πικρίας
1206 3969 1394 4041 θυμὸς,
1434 3972 1499 4025 ἐκ
1538 3972 1595 4025 δὲ
1644 3973 1743 4044 τῆς
1781 3973 1949 4048 ὀργῆς

367 4055 546 4125 μῆνις.
579 4057 652 4110 Τὸ
671 4053 766 4112 οῦν
790 4058 942 4127 ἅγιον
969 4061 1212 4133 Πνεῦμα,
1246 4061 1322 4124 ὡς
1350 4063 1619 4133 τρυφερὸν
1640 4063 1720 4127 ὂν,
1756 4064 1849 4117 καὶ
1875 4063 1950 4135 μὴ

363 4146 490 4216 ἔχον
516 4150 799 4222 συνήθειαν
823 4152 961 4225 μετά
990 4154 1084 4208 τοῦ
1109 4153 1345 4226 σκληροῦ
1380 4155 1472 4208 καὶ
1508 4155 1744 4227 πονηροῦ
1783 4157 1949 4211 πνεύ-

370 4253 559 4310 ματος,
611 4241 889 4314 ἀποχωρεῖ
920 4246 1030 4298 ἀπὸ
1075 4246 1170 4300 τοῦ
1219 4247 1460 4300 τοιούτου
1501 4247 1810 4320 ἀνθρώπου,
1859 4250 1952 4302 καὶ

367 4326 525 4399 ζητεῖ
557 4330 648 4384 τοῦ
685 4337 1004 4406 κατοικῆσαι
1031 4338 1168 4409 μετὰ
1201 4338 1295 4392 τοῦ
1335 4339 1709 4410 μακροθύμου,
1736 4343 1828 4394 κα).
1864 4343 1951 4409 γί-

2042 3167 2334 3222 pervacuo;
2365 3162 2460 3207 aut
2499 3169 2595 3222 pro
2637 3153 2766 3207 dato
2803 3161 2854 3208 et
2897 3153 3091 3207 debito.
3139 3151 3270 3206 Ηωε
3294 3150 3432 3204 enim
3455 3150 3634 3203 omnia

2043 3244 2213 3298 stulta
2235 3253 2382 3311 sunt,
2407 3256 2458 3299 et
2479 3260 2805 3312 supervacua
2831 3254 2880 3299 et
2909 3260 3044 3297 vana
3069 3243 3232 3297 servis
3261 3241 3378 3297 Dei.
3422 3241 3634 3311 Equa-

2045 3337 2262 3390 nimitas
2285 3346 2462 3390 autem
2489 3334 2671 3391 valida
2703 3346 2780 3389 est
2807 3345 2855 3388 et
2883 3335 3042 3404 fortis
3062 3374 3079 3400 ,
3111 3344 3161 3388 et
3207 3333 3363 3386 habet
3385 3333 3634 3386 virtutem

2047 3443 2316 3497 magnam,
2347 3438 2398 3482 et
2420 3428 2768 3499 amplissimis
2800 3427 2952 3481 rebus
2984 3426 3204 3495 fruitur,
3253 3435 3303 3480 et
3343 3424 3534 3478 hilaris
3577 3423 3635 3476 in

2045 3535 2173 3588 pace
2212 3519 2445 3590 gaudens
2487 3519 2803 3588 honoriﬁcat
2847 3518 3170 3581 Dominum;
3200 3515 3334 3569 nihil
3367 3517 3423 3568 in
3451 3529 3506 3567 se
3532 3513 3634 3566 ha-

2049 3611 2170 3664 bens
2203 3611 2396 3676 amari,
2424 3611 2550 3681 quia
2579 3617 2857 3664 mansueta
2898 3617 2975 3664 est
3015 3617 3064 3662 et
3092 3609 3287 3678 quieta.
3341 3603 3472 3659 Haec
3511 3618 3636 3672 ergo

2049 3703 2420 3772 aquanimitas
2462 3701 2669 3756 habitat
2713 3717 2834 3755 cum
2881 3701 2989 3766 iis,
3028 3701 3119 3770 qui
3171 3698 3330 3769 ﬁdem
3376 3700 3637 3767 integram

2047 3794 2334 3866 possident.
2361 3793 2430 3846 At
2454 3794 2737 3847 iracundia
2761 3793 2929 3846 stulta
2957 3801 3068 3856 est;
3093 3791 3283 3846 deinde
3303 3789 3367 3842 de
3405 3787 3636 3842 stultitia

2050 3889 2291 3942 nascitur
2317 3885 2640 3954 amaritudo,
2673 3895 2724 3940 et
2751 3900 2816 3939 ea:
2845 3884 3206 3938 amaritudine
3233 3879 3541 3946 iracundia,
3570 3893 3636 3933 ea:

2049 3977 2333 4032 iracundia
2355 3992 2472 4032 vero
2497 3976 2667 4046 furor.
2698 3973 2928 4029 Sanctus
2956 3989 3077 4044 ergo
3109 3969 3363 4041 Spiritus,
3391 3979 3448 4024 ut
3474 3978 3636 4035 tener,

2052 4085 2142 4123 nec
2171 4069 2372 4122 morari
2395 4067 2583 4122 solitus
2607 4082 2725 4120 cum
2756 4065 2892 4118 duro
2921 4080 2983 4116 ac
3018 4062 3158 4116 malo
3185 4061 3376 4130 spiritu
3395 4101 3410 4126 ,
3443 4059 3637 4113 recedit

2051 4159 2114 4213 ab
2142 4160 2402 4229 ejusmodi
2446 4159 2675 4224 homine,
2719 4166 2769 4211 et
2815 4156 3010 4226 quwrit
3055 4153 3295 4207 habitare
3333 4167 3452 4205 cum
3483 4166 3636 4203 man-

2052 4255 2236 4312 sueto;
2263 4256 2312 4301 et
2339 4248 2399 4316 ﬁt
2428 4248 2582 4301 homo
2612 4246 2703 4300 ille
2730 4261 2923 4300 vacuus
2955 4261 2987 4297 a
3012 4241 3218 4313 Spiritu
3239 4242 3413 4312 justo,
3441 4248 3492 4294 et
3521 4255 3637 4292 om—

2055 4344 2177 4396 nino
2201 4339 2498 4394 obcwcatur
2523 4357 2554 4391 a
2578 4339 2896 4409 cogitatione
2921 4335 3074 4391 bona.

364 4437 519 4475 νεται
556 4427 585 4479 ὁ
623 4427 906 4500 ἄνθρωπος
945 4435 1150 4496 ἐκεῖνος
1186 4433 1341 4496 κενὸς
1373 4432 1466 4486 τοῦ
1509 4433 1818 4505 πνεύματος
1855 4437 1948 4490 τοῦ
1992 4437 2224 4501 δικαίου,
2265 4433 2359 4488 κα).
2393 4432 2529 4496 ὅλως
2577 4429 2980 4500 ἀποτυφλοῦται
3027 4429 3135 4484 ἀπὸ
3155 4429 3253 4500 τῆς
3273 4426 3505 4490 διανοίας
3544 4423 3646 4494 τῆς

368 4516 602 4588 ἀγαθῆς.

539 4692 625 4751 De
651 4695 1061 4773 agnoscendis
1096 4699 1592 4779 uniuscujusque
1623 4601 1942 4760 Ιιοῖιαιέηᾞ)

2040 4599 2159 4662 UM
2213 4597 2323 4660 VI.

2040 4697 2166 4758 ibus
2197 4695 2426 4776 geniis,
2461 4700 2518 4756 ct
2545 4693 2874 4770 utriusque
2907 4692 3004 4753 ins
3008 4688 3458 4771 pirationibus.

1850 4818 2083 4876 CAPUT
2119 4818 2162 4874 l.

451 4923 562 5001 (87)
602 4923 981 4994 Ἑνετειλάμην
1025 4940 1109 4992 σοι
1155 4922 1214 4976 ὲν
1257 4923 1324 4992 τῇ
1372 4920 1564 4994 πρώτῃ
1611 4921 1831 4992 ἐντολῇ,
1871 4919 1957 4972 ἵνα

2132 4915 2538 4985 Praeceperam,
2575 4909 2787 4981 inquit,
2825 4907 2922 4963 tibi
2962 4906 3016 4960 in
3060 4903 3240 4975 primo
3278 4900 3554 4969 Mandato,
3584 4909 3642 4955 ut

1459 5054 1694 5110 VARUE
1735 5049 2122 5110 LEGTIONES
2159 5049 2252 5106 ET
2291 5045 2527 5105 NOTAE.

455 5150 573 5223 (80)
609 5149 695 5205 Cl.
733 5148 1166 5223 Montfauconus
1200 5151 1346 5221 hac,
1389 5149 1460 5223 sit
1483 5148 1548 5223 δὲΔ
1570 5147 1669 5218 τῆς
1700 5147 1956 5223 πικρίας,

377 5215 770 5295 quiedcerant
800 5219 855 5274 in
897 5235 998 5276 suo
1048 5220 1256 5288 codice,
1307 5215 1575 5290 supplevit
1605 5215 1671 5273 ex
1703 5215 1959 5288 Antiochi

381 5291 574 5351 liomil.
604 5291 729 5344 110.

480 5364 569 5429 81)
609 5360 763 5415 Bodl.
795 5370 1026 5426 creatus,
1057 5361 1186 5429 facit
1216 5372 1511 5430 peccatum.

456 5364 569 5506 (82)
611 5431 704 5506 Sic
745 5429 948 5506 _F_‘c|lus.
988 5431 1071 5485 Al.
1106 5432 1222 5498 hos,
1259 5448 1364 5488 ms.
1396 5432 1511 5486 Car.

2065 5154 2247 5202 matur
2273 5143 2433 5198 lectio
2459 5156 2562 5196 ms.
2595 5138 2737 5194 Vict.
2764 5135 2854 5191 Sic
2891 5133 3018 5203 legit
3043 5141 3096 5188 et
3126 5130 3448 5185 Antiochus.

2140 5215 2254 5285 (84)
2277 5213 2482 5285 Εειιυε,
2511 5209 2980 5285 αξᾳιιαῃὶηιίιαῑςηι.
2997 5276 3027 5285 Α.
3334 5271 3345 5282 υ

2155 5276 2246 5356 85)
2281 5283 2436 5338 Bodl.
2466 5276 2520 5337 et
2545 5276 2737 5356 I'f‘amb.
2768 5276 3181 5356 dominationem
3209 5276 3395 5356 egeris.

2155 5290 2246 5356 85)
2281 5290 2436 5338 Bodl.
2466 5290 2520 5337 et
2545 5290 2737 5335 Lamb.
2768 5290 3181 5342 dominationem
3209 5290 3395 5340 egeris.

2131 5290 2246 5426 (86)
2277 5353 2762 5426 Ειὺσταθοῇντας.
2792 5344 3113 5426 Tranquillo.
3132 5351 3278 5396 statu
3301 5348 3519 5420 utentes.
3539 5336 3643 5426 go.-

477 5407 569 5502 5s;
610 5407 1582 5499 ἒίὲῖὲᾷίιύἶΪΧιῖἾῖὸὲξὶἷιέῗᾶᾇῖιη.
1631 5429 1746 5482 hoc.
1792 5428 1870 5482 lla
1911 5442 1940 5482 e

2065 5407 2314 5482 televritltsi
2331 5407 2538 5477 mavult
2566 5407 2959 5502 δυστατοῦντας
2988 5415 3073 5502 vel
3099 5408 3504 5502 ὲνστατρῦντας.
3538 5407 3647 5502 Λῃ-

386 5502 578 5567 l.atnb.
608 5503 678 5556 ab
710 5502 816 5554 alia
851 5516 1037 5555 manu.

2063 5477 2366 5552 diti—tamen
2406 5495 2460 5547 in
2505 5501 2634 5546 nota
2680 5490 2842 5562 aliain
2892 5477 2994 5540 ms.
3035 5483 3166 5552 Reg.
3207 5482 3516 5543 lectionem,
3559 5477 3648 5531 εύο

459 5574 572 5647 (85)
601 5571 675 5626 Ita
725 5570 907 5647 Fgllus
946 5586 1013 5625 ex
1053 5585 1192 5647 mss.
1237 5573 1392 5647 Angl.
1437 5571 1520 5647 Ita
1564 5569 1848 5647 ct_Carm.

2065 5585 2127 5621 στ
2133 5564 2458 5647 αθμοῦνταέ.

388 5638 716 5701 νὶὸι.’ὺοηα.
753 5641 861 5708 Sic,
903 5650 1010 5696 etc.
1051 5640 1217 5705 Editi,
1263 5638 1426 5696 mala.
1481 5641 1697 5706 Recede,
1743 5638 1964 5695 omissis

387 5717 613 5786 vocibus
642 5717 998 5776 intcrtncdiis.
1035 5711 1247 5772 Videsis
1270 5713 1455 5771 Graeca
1476 5753 1492 5782 ,
1522 5711 1722 5792 quibus
1763 5708 1964 5766 contire

2136 5619 2248 5706 (8"!)
2285 5634 2362 5690 Ex
2388 5619 2570 5690 Doctr.
2599 5631 2666 5686 ad
2694 5629 2962 5696 Antiocln,
2990 5641 3139 5682 num.
3173 5622 3226 5691 6,
3257 5636 3379 5693 pag.
3410 5619 3546 5675 254.
