4074 6154
497 326 606 382 927

1961 321 2022 382 S.
2059 322 2322 381 HERMIE

3648 323 3765 379 99.8

496 417 802 476 custodires
831 417 1016 484 ﬁdem,
1047 426 1102 475 et
1132 418 1408 486 timorem,
1449 426 1506 474 et
1530 417 1908 489 paenitentiam
1929 416 2066 484 (88).

2177 419 2419 494 φυλάξῃς
2448 421 2551 494 τὴν
2591 419 2773 476 πίστιν
2802 423 2893 476 καὶ
2921 420 3016 476 τὸν
3043 417 3226 489 φόὸον,
3260 416 3354 472 καὶ
3384 416 3756 489 ἑγκρατεῠτη.

495 512 695 578 Etiam,
740 511 1000 583 inquam,
1048 512 1290 566 domine.
1329 510 1396 566 Et
1429 511 1608 568 dixit:
1637 510 1744 566 Sed
1783 525 1928 566 nunc
1969 508 2064 564 libi

493 605 620 661 volo
662 612 970 659 monstrare
1024 604 1250 659 virtutes
1293 605 1488 658 horum
1533 605 1916 659 mandatorum
1941 642 1957 668 ,
2012 608 2074 658 ut

494 697 638 754 scias
657 696 882 753 ell‘ectus
907 697 1145 760 illorum,
1171 699 1448 766 quomodo
1467 697 1580 766 (89)
1606 698 1721 766 ipsa
1744 695 1921 766 posita
1945 702 2076 750 sunt

492 790 559 847 ad
581 791 791 862 justum
816 789 1022 859 pariter
1049 798 1105 843 et
1134 789 1419 858 injustum.
1453 789 1532 843 Tu
1575 791 1760 857 itaque
1786 787 1948 843 crede
1982 786 2075 857 ju-

492 891 616 951 sto;
671 881 878 950 injuste
925 889 1109 937 autem
1159 882 1292 935 nihil
1328 883 1506 939 crede.
1549 880 1767 938 Justitia
1795 880 1940 936 enim
1991 893 2078 934 re-

491 982 636 1028 ctam
667 973 810 1027 viam
853 975 1049 1040 habet;
1081 981 1136 1032 at
1163 973 1430 1041 iniustitia
1465 989 1710 1044 pravam.
1759 971 1863 1027 Sed
1903 979 1962 1026 tu
1995 984 2081 1024 re-

492 1069 637 1118 ctam
665 1063 811 1117 viam
838 1062 1072 1127 custodi,
1104 1078 1327 1132 pravam
1364 1074 1546 1120 autem
1588 1065 1856 1134 relinque.
1906 1061 2082 1118 Prava

2185 513 2541 584 Ἀπεκρίθηνο
2576 512 2702 577 Ναὶ,
2733 512 2887 586 κύριε
2909 552 2924 577 ,
2956 511 3128 576 οὕτως
3164 509 3330 565 ἐστίν.
3375 505 3558 576 Λέγει·
3612 507 3760 560 am

2167 604 2263 660 νῦν
2302 604 2440 659 θέλω
2474 622 2556 659 σοι
2590 604 2825 676 δηλῶσαι
2870 606 2966 660 κα)⁵
2998 603 3098 668 τὰς
3141 603 3400 674 δυνάμεις
3428 598 3640 664 αὐτῶν,
3670 600 3758 652 ἶνα

2167 697 2370 770 νόησῃς
2400 697 2498 768 τὴν
2529 696 2759 768 δύναμιν
2795 697 2861 768 ἣν
2893 697 3076 767 έχουσι
3109 694 3203 749 καὶ
3243 694 3546 765 ἐνέργειαν·
3573 691 3759 745 διπλαῖ

2170 789 2280 861 γάρ
2314 790 2468 842 είσιν·
2499 791 2703 866 κεῖνται
2733 787 2842 859 γὰρ
2873 789 2966 841 ἐπὶ
2995 787 3188 859 δικαίῳ
3220 786 3315 840 καὶ
3346 785 3534 857 ἀδίκῳ.
3565 784 3636 838 Σὺ
3662 779 3759 836 οὖν

2173 881 2397 934 πίστευε
2428 880 2507 952 τῷ
2539 881 2750 952 δικαίῳ,
2775 880 2852 952 τῷ
2875 881 2932 933 δὲ
2956 879 3126 950 ἀδίκῳ
3151 879 3315 951 μηδὲν
3345 876 3658 951 πιστεύσῃς.
3685 878 3761 930 Τὸ

2175 974 2283 1045 γὰρ
2315 972 2519 1028 δίκαιον
2550 972 2715 1044 ὀρθὴν
2758 973 2874 1026 όδὺν
2907 971 3039 1041 έχει,
3073 970 3136 1024 τὸ
3169 970 3227 1025 δὲ
3261 969 3441 1024 ἄδικον
3472 968 3756 1040 πρεὸλήν.

491 1164 678 1209 autem
705 1155 792 1210 via
817 1171 926 1211 non
959 1155 1125 1210 habet
1148 1157 1354 1212 exitum
1385 1159 1612 1222 bonum,
1637 1157 1730 1212 sed
1763 1151 2089 1210 oilendicula
2125 1149 2332 1215 multa;
2368 1162 2566 1218 aspera
2593 1156 2696 1212 est,
2731 1155 2787 1202 et
2821 1147 3069 1217 spinosa,
3093 1153 3149 1200 et
3169 1145 3322 1200 ducit
3355 1144 3421 1199 ad
3448 1142 3756 1209 interitum,

490 1259 546 1307 et
574 1253 741 1308 noxia
770 1261 857 1308 est
889 1252 1204 1308 hominibus
1237 1249 1644 1305 ambulantibus
1674 1249 1729 1302 in
1777 1247 1888 1301 illa.
1935 1243 2042 1311 Qui
2084 1249 2266 1296 autem
2299 1241 2442 1294 viam
2484 1248 2691 1294 rectam
2742 1248 2952 1309 petunt,
2997 1238 3282 1308 aaqualiter
3327 1235 3612 1291 ambulant
3639 1236 3762 1291 sine

491 1343 834 1412 oll‘ensione;
871 1343 998 1414 quia
1035 1359 1144 1398 non
1180 1349 1265 1398 est
1304 1357 1496 1410 aspera
1517 1381 1531 1406 ,
1561 1355 1736 1408 neque
1765 1338 2009 1409 Spinosa.
2043 1331 2207 1391 Vidcs
2238 1332 2422 1401 igitur,
2463 1330 2610 1400 quod
2649 1331 2847 1386 melius
2875 1338 2959 1386 est
2995 1346 3092 1400 per
3119 1329 3260 1386 hanc
3294 1329 3437 1384 viam
3481 1328 3759 1384 incedere.

492 1431 601 1492 Ibis
621 1435 788 1502 enim,
816 1434 1027 1506 inquit;
1061 1442 1116 1490 et
1145 1434 1460 1505 quicunque
1490 1450 1557 1490 ex
1591 1441 1705 1492 toto
1730 1431 1896 1489 corde
1924 1427 2255 1486 crediderint
2283 1427 2342 1487 in,
2371 1425 2627 1491 Domino,
2653 1427 2810 1482 ibunt
2841 1444 2936 1498 per
2960 1426 3128 1482 illam.

579 1589 593 1598 -
1964 1535 2196 1596 CAPUT
2232 1534 2295 1591 ll.

579 1589 593 1598 .
2009 1537 2073 1592 Al

561 1639 703 1694 Audi
734 1653 900 1704 nunc,
938 1635 1137 1708 inquit,
1162 1634 1399 1707 primum
1426 1631 1492 1686 de
1535 1631 1660 1687 ﬁde.
1687 1629 1806 1687 Duo
1833 1538 2073 1699 suntie-

2232 1537 2295 1591 11.
2945 1544 2948 1546 ⁷

2172 1537 2196 1590 Γ
2243 1623 2354 1697 (90)
2387 1624 2492 1679 Δύο
2521 1627 2658 1680 είσὶν
2682 1625 2903 1696 ἄγγελοι
2928 1625 3067 1698 μετὰ
3087 1625 3180 1679 τοῦ
3207 1623 3518 1697 ἀνθρώπου,
3553 1617 3634 1686 εἷς
3653 1621 3761 1693 τῆς

491 1732 568 1788 nii
601 1733 714 1805 (91)
740 1747 863 1786 cum
899 1730 1153 1797 homine;
1185 1743 1330 1784 unus
1365 1727 1655 1797 aequitatis,
1701 1734 1756 1780 et
1786 1739 1926 1780 unus
1957 1723 2064 1778 ini-

491 1824 739 1894 quitatis.
765 1821 832 1877 Et
868 1837 968 1892 ego
991 1820 1104 1874 dixi
1137 1820 1249 1876 illi:
1273 1819 1394 1886 Quo
1415 1818 1599 1883 modo,
1639 1817 1881 1883 domine,
1927 1815 2069 1870 scire

489 1925 701 1986 potero,
732 1914 876 1985 quod
923 1913 1032 1968 duo
1076 1921 1205 1968 sunt
1249 1911 1393 1982 genii
1423 1926 1555 1967 cum
1605 1907 1866 1963 homine?
1892 1906 2068 1973 Audi,

492 2008 692 2078 inquit,
732 2015 786 2062 et
821 2007 1081 2077 intellige.
1125 2004 1426 2074 Equitatis
1457 2004 1650 2074 genius
1680 2002 1817 2058 lenis
1842 2001 1954 2072 (93)
1986 2006 2071 2055 est

489 2109 548 2155 et
569 2099 932 2166 verecundus,
963 2106 1285 2154 mansuetus
1305 2105 1361 2152 et
1383 2098 1601 2168 quietus
1618 2096 1756 2166 (94).
1783 2094 1919 2149 Cum
1938 2107 2069 2163 ergo

491 2192 547 2247 in
579 2205 676 2246 cor
696 2202 849 2245 tuum
877 2189 1204 2254 ascenderit,
1233 2189 1494 2245 continuo
1519 2187 1760 2257 loquitur
1791 2194 1966 2240 tecum
2003 2183 2070 2238 de

487 2283 725 2355 justitia,
762 2282 831 2338 de
867 2283 1150 2353 pudicitia,
1191 2282 1262 2336 de
1300 2281 1573 2348 castitate,
1603 2281 1673 2336 de
1711 2278 2068 2350 benignitate,

487 2375 557 2430 de
579 2375 733 2430 venia
759 2375 896 2445 (95),
931 2374 997 2429 de
1020 2375 1287 2431 charitate
1315 2381 1370 2428 et
1390 2374 1457 2428 de
1489 2374 1706 2443 pietate.
1737 2370 1863 2426 Haec
1886 2368 2073 2425 omnia

491 2480 615 2521 cum
657 2465 1005 2521 ascenderint
1050 2465 1106 2520 in
1142 2480 1239 2523 cor
1281 2473 1458 2532 tuum,
1511 2465 1649 2522 scito
1686 2463 1834 2533 quod
1880 2462 2072 2533 genius

489 2557 764 2626 aequitatis
790 2565 966 2612 tecum
991 2563 1074 2612 est
1095 2574 1109 2612 :
1145 2556 1272 2612 huic
1298 2571 1429 2626 ergo
1451 2555 1608 2627 genio
1631 2555 1789 2610 crede
1817 2563 1870 2608 et
1895 2553 2074 2624 operi-

493 2648 596 2704 bus
641 2647 783 2717 ejus.
820 2647 1020 2718 Accipe
1054 2663 1204 2702 nunc
1243 2656 1297 2701 et
1345 2647 1488 2717 genii
1535 2647 1838 2717 iniquitatis
1883 2662 2070 2716 opera.

491 2738 738 2793 Primum
760 2753 1003 2804 amarus,
1031 2738 1330 2793 iracundus
1355 2748 1408 2793 et
1435 2739 1665 2794 stolidus
1687 2747 1771 2794 est
1790 2779 1806 2805 ,
1832 2747 1886 2794 et
1907 2753 2073 2808 opera

493 2831 640 2886 illius
669 2829 975 2900 perniciosa
1014 2838 1165 2896 sunt,
1208 2839 1262 2886 ct
1287 2839 1542 2886 evertunt
1570 2845 1759 2886 servos
1785 2831 1902 2886 Dei.
1933 2831 2070 2888 Cum

491 2935 625 2992 ergo
663 2921 718 2974 in
747 2935 844 2976 cor
879 2930 1034 2977 tuum
1080 2920 1427 2976 ascenderint
1480 2921 1594 2976 haec
1619 2962 1634 2988 ,
1689 2921 1957 2992 intelliges
2003 2922 2072 2975 ab

494 3010 750 3082 operibus
779 3008 918 3078 eius,
945 3011 1090 3066 hunc
1115 3025 1238 3066 esse
1261 3011 1480 3081 genium
1507 3009 1816 3080 iniquitatis
1847 3009 1982 3080 (96).
2007 3008 2073 3064 Et

493 3105 608 3161 dixi
630 3104 681 3160 ei
708 3122 722 3160 :
752 3102 873 3171 Quo
913 3103 1106 3170 modo,
1139 3102 1381 3168 domine,
1420 3102 1757 3173 intelligam?
1784 3102 1947 3168 Audi,
1990 3102 2074 3156 iu-

494 3197 634 3268 quit,
671 3205 725 3253 et
753 3197 1012 3268 intellige.
1043 3195 1181 3251 Cum
1210 3195 1492 3252 iracundia
1518 3196 1617 3250 tibi
1648 3180 1944 3252 accesSerit
1978 3202 2076 3255 aut

495 3289 823 3357 amaritudo,
855 3288 1091 3360 intellige
1119 3303 1244 3344 eum
1275 3288 1331 3343 in
1361 3297 1414 3344 te
1438 3303 1560 3344 esse
1587 3287 1730 3360 (97):
1753 3289 1950 3344 deinde
1972 3304 2074 3344 cu»

495 3381 692 3452 piditas
721 3380 1016 3435 multorum
1049 3394 1276 3450 operum
1310 3380 1422 3452 (98,)
1455 3388 1507 3435 et
1540 3380 1872 3449 optimorum
1920 3380 2074 3437 cibo-
2122 3397 2128 3403 ·

496 3489 620 3530 rum
651 3482 705 3529 et
736 3472 1059 3528 ebrietatum
1091 3473 1235 3543 (99),
1264 3480 1318 3527 et
1346 3473 1653 3542 appetentia
1695 3471 1843 3543 (100)
1876 3473 2077 3526 multa-

495 3581 620 3622 rum
649 3581 832 3621 rerum
863 3567 1191 3632 alienarum,
1221 3573 1277 3621 ct
1305 3565 1590 3634 superbia,
1623 3575 1676 3618 et
1707 3565 2074 3635 multiloquia,

495 3666 552 3713 et
581 3659 806 3713 ambitio
833 3658 935 3728 (1),
980 3668 1035 3712 ει
1064 3672 1407 3728 (ιιιτεειιιιᾳιιε
1437 3658 1504 3712 iis
1531 3657 1732 3712 similia
1774 3668 1920 3714 sunt.
1949 3658 2076 3715 Haec

494 3765 628 3819 ergo
651 3765 774 3806 cum
798 3753 852 3804 in
873 3765 971 3804 cor
993 3757 1146 3804 tuum
1177 3749 1524 3806 ascenderint
1542 3789 1558 3815 ,
1586 3749 1825 3820 intellige
1854 3751 2073 3821 genium

498 3838 805 3908 iniquitatis
846 3847 1027 3894 tecum
1071 3854 1215 3894 esse.
1259 3838 1341 3893 Tu
1390 3854 1520 3912 ergo
1570 3855 1696 3895 cum
1744 3842 2069 3911 cognoveris

497 3949 666 4006 opera
709 3935 892 4001 illius,
937 3934 1130 3989 recede
1177 3934 1246 3990 ab
1288 3935 1396 3990 illis
1425 3935 1700 4002 omnibus,
1732 3944 1786 3990 et
1819 3935 1957 3992 nihil
1990 3937 2066 3992 illi

498 4024 691 4090 crede;
734 4025 862 4095 quia
907 4024 1051 4078 mala
1081 4032 1211 4079 sunt
1241 4039 1405 4094 opera
1435 4025 1600 4089 illius,
1647 4034 1700 4081 et
1738 4041 1847 4081 non
1871 4043 2068 4083 conve-

497 4115 833 4170 niuntservo
857 4113 972 4170 Dei.
1017 4114 1194 4170 [labes
1229 4130 1360 4187 ergo
1395 4125 1751 4186 utrorumque
1782 4117 2066 4187 geniorum

498 4219 662 4275 opera
691 4203 789 4275 (2).
815 4203 1055 4277 lntcllige
1087 4221 1233 4261 nunc
1253 4247 1269 4273 ,
1300 4215 1353 4260 et
1382 4206 1544 4262 crede
1583 4207 1742 4278 genio
1771 4208 2065 4278 aequitatis,

2169 1716 2535 1790 δικαιοσύνης,
2581 1718 2672 1772 καὶ
2715 1713 2798 1780 εἷς
2838 1718 2940 1788 τῆς
2987 1717 3271 1789 πονηρίας.
3317 1716 3427 1769 Καί
3465 1716 3494 1768 ὁ
3529 1715 3625 1786 μὲν
3657 1713 3764 1784 τῆς

2169 1810 2513 1882 δικαιοσύνης
2548 1811 2799 1882 ἄγγελος,
2830 1812 3100 1885 τρυφερός
3132 1813 3250 1864 ὲστι
3281 1812 3374 1865 καὶ
3404 1811 3764 1882 αἰσχυντηρὸς

2171 1905 2263 1962 καὶ
2296 1905 2473 1975 πρᾶος
2519 1905 2614 1957 καὶ
2661 1905 2904 1976 ἰσχυρός.
2959 1905 3126 1958 Ὅταν
3161 1900 3253 1959 οὖν
3298 1903 3470 1967 οὕτως
3522 1901 3631 1975 (99)
3669 1904 3764 1956 ἐπὶ

2167 1994 2266 2066 τὴν
2299 1995 2522 2068 καρδίαν
2557 2012 2651 2049 σου
2685 1996 2858 2067 ἀναϐῇ
2880 2035 2895 2060 ,
2930 1995 3128 2060 εὐθέως
3169 1993 3319 2048 λαλεῖ
3345 1993 3482 2066 μετά
3505 1992 3598 2046 σοῦ
3635 1994 3765 2063 περὶ

2166 2089 2531 2161 δικαιοσύνης,
2569 2091 2696 2162 περὶ
2728 2090 2968 2160 ἁγνείας,
3005 2091 3134 2163 περὶ
3165 2090 3513 2163 σεμνότητος,
3542 2088 3639 2142 καὶ
3667 2105 3763 2140 πε-

2173 2184 2225 2254 ρὶ
2249 2182 2611 2254 αὐταρκείας,
2657 2183 2752 2236 καὶ
2783 2184 2916 2254 περὶ
2961 2181 3159 2245 παντὸς
3193 2181 3353 2254 ἔργου
3387 2180 3630 2246 δικαίου,
3666 2171 3763 2234 καὶ

2169 2276 2298 2346 περὶ
2330 2276 2511 2346 πάσης
2557 2276 2757 2348 ἀρετῆς
2792 2275 3023 2342 ἐνδόξου.
3065 2273 3250 2328 Ταῦτα
3296 2273 3474 2328 πάντα
3503 2274 3628 2326 ὅταν
3683 2273 3765 2336 είς

2169 2369 2267 2443 τὴν
2300 2370 2525 2443 καρδίαν
2559 2388 2651 2425 σου
2684 2370 2881 2442 ἀναϐῇ,
2917 2371 3152 2439 γίνωσκε
3182 2374 3276 2428 ’ὅτι
3327 2371 3356 2424 ὁ
3401 2369 3631 2438 ἄγγελος
3661 2369 3763 2440 τῆς

2169 2463 2514 2537 δικαιοσύνης
2561 2465 2698 2537 μετά
2732 2464 2827 2519 σοῦ
2861 2467 3030 2519 ἐστιν·
3073 2463 3249 2535 τούτῳ
3281 2460 3373 2518 οὖν
3414 2464 3637 2517 πίστευε
3670 2463 3762 2515 καὶ

2170 2562 2285 2624 τοῖς
2317 2559 2498 2631 ἔργοις
2529 2558 2693 2613 αὐτοῦ
2713 2599 2728 2625 ,
2763 2561 2858 2613 κα)⁸
2889 2559 3165 2631 ἐγκρατὴς
3206 2555 3371 2612 αὐτοῦ
3404 2555 3582 2626 γενοῦ.
3623 2557 3761 2626 Ὅρα

2173 2651 2265 2709 οὖν
2297 2655 2390 2708 καὶ
2421 2652 2516 2706 τοῦ
2549 2652 2781 2722 ἀγγέλου
2814 2653 2914 2724 τῆς
2947 2651 3210 2724 πονηρίας
3245 2648 3316 2703 τὰ
3348 2650 3503 2722 ἔργα.
3537 2647 3770 2719 Πρῶτον.

2174 2745 2392 2801 πάντων
2424 2745 2675 2816 όξύχολός
2697 2748 2815 2799 ἐστι
2849 2745 2944 2799 καὶ
2974 2743 3170 2816 πικρὸς
3191 2742 3284 2796 καὶ
3307 2741 3496 2812 ἄφρων
3515 2782 3530 2806 ,
3566 2740 3661 2794 καὶ
3691 2739 3761 2793 τὰ

2175 2838 2312 2911 ἔργα
2341 2837 2504 2893 αὐτοῦ
2539 2837 2768 2910 πονηρὰ,
2805 2837 3247 2908 καταστρέφοντα
3276 2835 3403 2898 τοὺς
3424 2832 3643 2898 δούλους
3665 2830 3760 2884 τοῦ

2176 2929 2334 2986 Θεοῦ.
2372 2932 2537 2984 Ὅταν
2564 2929 2725 2992 αὐτὸς
2757 2929 2849 2984 ἐπὶ
2870 2929 2969 3002 τὴν
3002 2926 3229 3001 καρδίαν
3262 2943 3357 2980 σου
3389 2925 3586 2998 ἀναϐῇ,
3621 2924 3762 2993 γνῶ-

2175 3023 2228 3078 θι
2260 3022 2421 3078 αὐτὸν
2455 3023 2547 3076 ἐπὶ
2572 3023 2679 3077 τῶν
2704 3021 2882 3095 ἔργων
2905 3020 3188 3077 αύτοῢ.....
3223 3019 3348 3086 Πῶς
3381 3020 3554 3092 Κύριε
3585 3017 3764 3087 νοήσω

2171 3115 2366 3182 αὑτόν;
2401 3115 2587 3184 Λέγει·
2618 3116 2784 3169 ἄκουε
2807 3113 3159 3186 λεπτομερῶς
3199 3114 3293 3167 καὶ
3319 3108 3639 3186 [προσεχὴς]
3673 3107 3760 3177 γί-

2170 3224 2284 3262 νου·
2323 3209 2487 3262 Ὅταν
2512 3205 2762 3277 ὀξυχολία
2797 3205 2879 3259 σοί
2920 3203 3339 3277 τιςγπροσέλθῃ,
3370 3203 3404 3274 ἢ
3435 3203 3644 3274 πικρία,
3678 3200 3762 3269 γί-

2171 3321 2347 3359 νωσκε
2393 3303 2475 3356 ὅτι
2508 3301 2670 3365 αὑτός
2702 3301 2850 3354 ἐστιν
2882 3297 2941 3351 ἐν
2975 3296 3077 3350 σοίο
3115 3291 3234 3350 εἶτα
3265 3294 3450 3349 λοιπὸν
3476 3292 3762 3363 ἐπιθυμίαι

2173 3396 2425 3465 πράξεων
2471 3390 2713 3457 πολλῶν,
2767 3390 2866 3446 καὶ
2930 3384 3248 3441 πολυτέλεια
3303 3386 3616 3455 ἐδεσμάτων
3670 3383 3764 3436 καὶ

2174 3487 2492 3560 κραιπαλῶν
2546 3484 2778 3550 πολλῶν,
2829 3483 2921 3537 καὶ
2974 3479 3234 3534 ποικίλων
3276 3477 3512 3552 τροφῶν,
3562 3475 3654 3530 καὶ
3696 3476 3758 3530 οὐ

2172 3583 2436 3647 δεόντων,
2477 3580 2572 3634 καὶ
2616 3576 2902 3648 ἐπιθυμίαι
2945 3571 3253 3641 γυναικῶν,
3293 3570 3385 3625 καὶ
3420 3567 3758 3634 πλεονεξίαι,

2174 3671 2519 3745 ὑπερηφανία
2548 3686 2608 3723 τε
2641 3669 2733 3723 καὶ
2755 3667 3058 3733 ἀλαζονεία,
3094 3665 3186 3720 καὶ
3210 3665 3309 3718 ὅσα
3341 3661 3551 3726 τούτοις
3583 3677 3759 3731 παρα-

2173 3765 2396 3837 πλήσια.
2432 3762 2616 3817 Ταῦτα
2645 3756 2736 3815 οὖν
2771 3761 2899 3815 ὅταν
2936 3759 3032 3813 ἐπὶ
3055 3757 3152 3829 τὴν
3186 3755 3410 3828 καρδίαν
3441 3771 3535 3808 σου
3562 3751 3756 3823 ἀναϐῇ,

2173 3859 2408 3928 γίνωσκε
2427 3896 2442 3921 ,
2475 3856 2557 3910 ὅτι
2588 3853 2817 3922 ἄγγελος
2846 3852 2950 3923 τῆς
2981 3850 3245 3922 πονηρίας
3277 3849 3423 3903 ἐστὶν
3455 3849 3514 3900 ὲν
3547 3845 3650 3901 σοί.
3682 3845 3758 3898 Σὺ

2173 3947 2267 4006 οὖν
2299 3949 2552 4018 ἐπιγνοὺς
2572 3945 2644 4000 τὰ
2672 3945 2810 4018 ἔργα
2840 3944 3028 4009 αὑτοῦ,
3061 3944 3272 3998 ἀπόστα
3300 3942 3393 3996 ἀπ’
3427 3938 3590 3995 αὑτοῦ
3610 3978 3626 4001 ,
3665 3939 3758 3991 καὶ

2177 4047 2344 4120 μηδὲν
2373 4042 2518 4114 αύτῷ
2550 4040 2789 4095 πίστευε.
2826 4040 3012 4109 Ἔχεις
3041 4033 3137 4093 οὖν
3166 4037 3488 4108 ἀμφοτέρων
3518 4035 3626 4088 τῶν
3655 4035 3756 4102 ἀγ-

2174 4137 2348 4208 γέλων
2378 4133 2477 4198 τὰς
2509 4130 2789 4204 ἐνεργείας
2813 4129 2912 4201 (5).

1592 4275 2244 4378 νΑιιιιΕιΕεΤιοΝεε
2277 4275 2365 4375 Er
2402 4317 2632 4376 NOTAE.

573 4406 685 4479 (88)
713 4405 843 4478 Leg.
869 4409 1054 4478 potius
1091 4409 1468 4462 continentiam
1495 4407 1579 4462 vel
1607 4408 1979 4479 abstinentiam
2006 4428 2073 4466 ex

2178 4424 2334 4467 vetus
2348 4401 2378 4472 ii
2389 4418 2654 4478 nterpres.

501 4478 688 4533 mand.
718 4479 770 4543 1,
799 4486 854 4532 ει
874 4493 937 4533 ex
970 4479 1174 4534 Grzccis
1210 4479 1748 4547 pscium-Athanasii.
1779 4478 1870 4535 Sic
1893 4481 2070 4537 visum

502 4547 792 4619 Fabricio:
822 4549 902 4603 sic
924 4558 977 4604 et
1005 4547 1194 4603 Wakio
1230 4549 1372 4619 apud
1406 4548 1738 4604 Busselium.

573 4617 687 4690 (89)
718 4617 909 4690 Lamb.
934 4621 1201 4690 quoniam.

574 4687 686 4759 (90)
717 4687 823 4744 ista
862 4687 1432 4759 pseudo-Athanasius
1469 4690 1729 4744 continuo
1777 4690 1960 4746 subdit
2008 4691 2074 4748 iis

502 4773 626 4830 qua:
655 4760 819 4830 modo
865 4775 937 4830 ex,
970 4759 1434 4830 ipsoqrctulimus,
1481 4774 1510 4830 a_
1554 4760 1778 4830 reliquis
1832 4760 2073 4816 Pastoris

503 4828 809 4885 editoribus
833 4828 1060 4884 omissa.
1091 4828 1213 4882 llzcc
1245 4830 1373 4883 item
1402 4828 1594 4883 recitat
1624 4828 1924 4886 Antiochus
1970 4832 2074 4885 ho-

498 4900 623 4960 ,mil.
661 4899 750 4954 61.
797 4898 1045 4954 Laudant
1076 4907 1256 4952 autem
1301 4899 1445 4952 hunc
1492 4897 1702 4954 Hcrma:
1730 4900 1906 4956 locum
1953 4901 2075 4956 Ori-

502 4969 887 5042 gcncshomil.
919 4971 1010 5035 35,
1037 4967 1336 5042 inlaesam,
1368 4977 1422 5022 et
1447 4968 1522 5021 De
1550 4970 1849 5042 principiis,
1876 4971 1969 5025 lib.
1987 4988 2068 5035 ιιι,

501 5039 624 5110 cap.
654 5040 704 5093 2.
739 5040 1038 5110 Cassianus
1066 5040 1260 5094 Collat.
1297 5055 1427 5110 vin,
1469 5055 1591 5110 cap.
1636 5039 1736 5106 l7,
1784 5051 1838 5095 et
1877 5042 2070 5096 Collat.

501 5109 628 5176 nit,
653 5125 774 5180 cap.
806 5111 892 5165 12.
918 5109 1163 5180 Prosper
1189 5119 1356 5164 contr.
1393 5109 1588 5164 Collat.
1607 5152 1622 5175 ,
1649 5126 1767 5180 cap.
1805 5111 1894 5166 30.
1936 5111 2071 5180 Beda

504 5182 573 5238 ad
613 5178 735 5235 Act.
765 5197 864 5248 xu,
900 5181 986 5246 15,
1016 5178 1070 5235 ct
1097 5178 1428 5237 Walafridus
1458 5181 1676 5247 Strabo,
1702 5178 1756 5234 v.
1791 5181 1915 5236 675.
1943 5179 2076 5237 Vide

505 5250 761 5306 Veterum
792 5250 996 5307 testim.

576 5322 690 5392 (91)
715 5320 846 5377 Mss.
872 5319 1462 5387 Carm.,Vict.,Lamb.
1497 5329 1550 5375 et
1571 5319 1774 5388 Fcilus,
1803 5321 1998 5388 nuntii,
2022 5329 2074 5376 et

503 5393 586 5449 sic
609 5392 885 5462 deinceps.

576 5463 690 5586 (92)
725 5459 852 5532 Le'g.
880 5459 1054 5526 οὗτος,
1086 5470 1144 5514 ιιι
1180 5461 1342 5517 habet
1365 5461 1687 5543 Antiochus.

599 5533 690 5586 93)
729 5532 879 5586 Bodl.
908 5540 960 5586 et
990 5531 1176 5586 Lamb.
1204 5542 1347 5586 tener
1373 5548 1471 5586 ιιι-ο
1494 5533 1644 5585 lems.
1671 5531 1687 5585 Ι

599 5530 690 5599 95)
729 5530 879 5586 Bodl.
908 5540 960 5586 et
990 5531 1176 5586 Lamb.
1204 5542 1347 5586 tener
1373 5548 1471 5600 pro
1494 5533 1644 5585 lenis.
1671 5530 1811 5601 Editi
1838 5539 1980 5584 tener
1999 5538 2076 5583 est

505 5613 550 5658 et
582 5591 748 5673 lenis.
765 5603 1100 5657 Alterutrum
1140 5591 1427 5658 redundat.
1462 5602 1647 5673 Neque
1683 5591 1842 5656 aliter
1865 5601 2073 5656 Grmca.

509 5673 600 5725 Sic
628 5681 682 5725 ct
712 5671 912 5726 Fellus.

578 5742 692 5810 (9i)
724 5740 909 5798 Graeca
946 5740 1180 5815 ἰσχυρός.
1212 5743 1508 5799 Antiochus
1537 5753 1713 5800 tamen
1746 5742 1977 5815 ιίισύχιος⁷
2019 5751 2078 5798 ιιι

2249 4481 2362 4552 (95)
2392 4475 2584 4552 Lamb.
2621 4486 2673 4552 et
2702 4475 2855 4552 Bodl.
2890 4475 3234 4552 indulgentia.

2249 4540 2360 4621 (96)
2392 4549 2582 4621 Lamb.
2624 4545 2890 4621 intelliges
2915 4540 3136 4621 eutn'ab
3167 4543 3416 4621 operibus
3438 4540 3601 4621 eius,
3628 4543 3763 4621 quia,

2177 4609 2264 4676 hic
2281 4609 2357 4676 est
2378 4619 2597 4674 nuntius
2619 4609 2938 4688 iniquitatis.
2973 4615 3064 4672 Sic
3087 4624 3139 4671 et
3167 4609 3300 4669 Felli
3323 4614 3509 4668 editio.
3541 4609 3753 4666 Videsis

2176 4692 2388 4748 Graeca.
3824 4735 3830 4738 .

2247 4760 2363 4832 (9?)
2391 4759 2585 4832 Lamb.
2614 4759 2740 4829 quia
2765 4759 2876 4832 ipse
2899 4759 2951 4813 in
2983 4767 3030 4812 te
3059 4765 3156 4813 est.
3188 4755 3264 4810 ita
3299 4763 3354 4809 et
3381 4753 3549 4811 editio
3569 4752 3746 4810 Oxon.

2271 4827 2362 4898 98)
2389 4827 2485 4884 Ms.
2515 4827 2698 4898 Carm.
2725 4827 3016 4882 multarum
3041 4844 3217 4896 opum.

2273 4899 2362 4965 99)
2395 4898 2546 4953 Bodl.
2581 4907 2636 4954 et
2662 4897 2852 4954 Lamb.
2879 4900 3176 4952 ebrietates.

2276 4969 2396 5037 100)
2423 4967 2614 5022 Lamb.
2649 4969 2987 5022 desiderium.
3018 4969 3109 5023 Sic
3144 4967 3309 5022 etiam
3349 4965 3528 5022 Fellus
3563 4966 3756 5037 in_sua.

2176 5033 2305 5096 edit.
2334 5033 2490 5105 Quod
2520 5047 2700 5094 autem
2731 5040 3020 5108 sequitur,
3041 5037 3331 5091 multarum
3375 5052 3568 5108 rerum,
3597 5033 3749 5108 Grat-

2177 5127 2240 5167 ca
2272 5119 2385 5164 tum
2415 5109 2538 5176 hic,
2571 5119 2684 5164 tum
2724 5105 2850 5163 mox
2883 5107 3025 5177 apud
3052 5109 3413 5170 Antiochum,
3465 5105 3752 5174 legendum.

2177 5181 2446 5248 suadent,
2486 5189 2740 5234 monente
2785 5177 2866 5234 Cl.
2915 5177 3222 5243 Cotelerio,
3264 5177 3544 5230 mulierum
3573 5183 3624 5228 et
3669 5189 3748 5226 re-

2175 5268 2314 5305 rum.

2249 5321 2326 5391 (1)
2356 5319 2554 5391 Lamb.
2587 5319 2957 5372 ambitiositas.

2248 5388 2326 5460 (2)
2354 5390 2542 5446 Lamb.
2575 5400 2914 5460 utrorumque
2935 5388 3438 5460 nuntiumropergnt.

2251 5452 2326 5530 (3)
2357 5461 2581 5531 Reliqua
2610 5458 2794 5531 Graeca
2829 5452 2973 5531 qua;
2998 5459 3084 5512 his
3113 5452 3298 5514 subdit
3327 5452 3612 5531 Fabricius
3631 5494 3646 5516 ,
3669 5468 3749 5531 _ex

2175 5525 2351 5600 eoque
2379 5525 2626 5586 Clericus
2669 5538 2722 5584 ct
2758 5525 3070 5600 Busselius,
3098 5544 3206 5583 non
3239 5535 3458 5583 suntex
3480 5525 3755 5600 _Doctrina

2177 5595 2603 5655 ari-Antiochum
2663 5599 3340 5670 verbotcnusdescripla,
3402 5595 3495 5651 scd
3539 5611 3602 5649 ex
3641 5604 3750 5648 vet.

2164 5671 2379 5740 'interp.
2415 5673 2482 5725 ab
2516 5671 2636 5737 ipso
2668 5668 2917 5740 Fabricio
2951 5668 3269 5740 ell‘ormata.
3299 5668 3430 5732 Qua:
3464 5675 3760 5740 propterea

2180 5735 2489 5812 I't‘jt'cimus,
2511 5735 2594 5796 Cl.
2630 5739 3020 5797 Montl‘auconii
3045 5739 3367 5796 sententiam
3394 5735 3594 5793 secuti.
