4010 6150
1262 288 1556 356 PASTOR.
1595 327 1665 338 —
1689 283 1831 349 LIB.
1872 288 1940 358 ll,
1976 277 2365 344 MANDATUM
2405 281 2515 338 VII.

309 488 496 598 uilius;
537 534 749 598 oportet
770 523 922 577 illum
956 518 1132 572 virum
1165 524 1262 571 aut
1287 513 1570 570 mulierem
1603 521 1849 580 peccare.
1886 502 1946 557 Si
1993 509 2174 556 autem
2209 497 2375 598 etiam
2416 491 3232 598 nequissimusvvir.{uernant
3263 488 3570 598 mulie’rzet

772 575 876 672 eor
915 613 1065 669 illius
1105 620 1272 676 opera
1314 602 1460 672 genii
1490 575 1766 670 aequitatis
1798 631 1813 656 ,
1858 603 2084 646 necesse
2115 595 2218 652 est,
2250 586 2404 639 illum
2437 591 2534 638 aut
2577 581 2726 636 illam
2757 581 2962 650 aliquid
2992 581 3123 635 boni
3157 579 3355 634 facere.
3402 575 3570 632 Vides

311 731 464 787 ergo,

494 671 865 783 quod—bonum
898 711 1003 767 est,
1037 671 1256 769 genium
1284 671 1558 763 aequitatis
1588 687 1762 758 sequi.
1787 683 1847 739 Si
1876 696 2006 753 ergo
2031 680 2186 735 illum
2210 683 2433 735 secutus
2467 675 2674 742 lueris,
2705 682 2762 730 et
2783 673 3082 730 credideris
3114 673 3375 743 operibus
3399 671 3578 726 illitis'

313 775 463 858 τιέεέ
494 775 639 854 Deo:
675 805 729 852 et
758 794 854 866 qui
879 791 1213 848 crediderint
1239 786 1500 857 operibus
1529 784 1697 846 illius,
1728 779 1913 834 vivent
1941 775 2074 831 Deo.

1578 895 1908 956 Annocnus,
1939 885 2164 942 hamilia
2194 886 2254 942 6i
2269 925 2282 940 .

380 1003 484 1058 Δύο
515 1001 622 1073 γάρ
653 1001 792 1054 εἰσιν
813 999 1031 1070 ἄγγελοι
1056 999 1194 1073 μετά
1223 994 1319 1053 τοῦ
1351 990 1658 1064 ἀνθρώπουο
1695 980 1775 1048 εἷς
1796 985 1896 1056 τῆς
1923 1010 1936 1044 ι

2070 979 2190 1034 Duo
2219 981 2360 1034 enim
2395 986 2518 1034 sunt
2556 978 2730 1048 angeli
2774 992 2892 1032 cum
2918 974 3126 1030 homine
3148 988 3168 1028 :
3188 990 3322 1029 unus
3346 976 3574 1045 aequita-

307 1092 672 1164 δικαιοσύνης,
705 1086 784 1154 εἷς
809 1093 906 1163 τῆς
939 1091 1221 1163 πονηρίας.
1248 1087 1358 1142 Καὶ
1389 1086 1418 1137 6
1455 1082 1551 1159 μὲν
1572 1081 1670 1152 τῆς
1692 1077 1895 1130 δικαιο-

311 1185 476 1257 σύνης
509 1183 757 1253 ἄγγελος,
793 1182 1172 1253 αἰσχυντηρδς,
1202 1181 1295 1234 καὶ
1322 1176 1518 1250 πραῢς,
1554 1171 1646 1226 καὶ
1673 1166 1895 1241 ἡσύχιός

309 1279 477 1331 ἐστιν.
499 1277 664 1330 Ὅταν
693 1271 786 1329 οὖν
809 1270 960 1338 οὗτος
988 1277 1079 1328 ἐπὶ
1101 1275 1198 1346 τὴν
1225 1271 1449 1343 καρδίαν
1473 1266 1570 1320 τοῦ
1604 1261 1891 1334 ἀνθρώπου

309 1369 504 1439 ἀναϐῇ,
555 1363 758 1430 εὐθέως
800 1366 949 1420 λαλεῖ
986 1366 1100 1438 μετ’
1146 1361 1309 1417 αὑτοῦ
1342 1360 1469 1432 περὶ
1517 1351 1891 1423 δικαιοσύνης,

309 1460 441 1530 περὶ
471 1457 709 1526 ἁγνείας,
747 1457 874 1528 περὶ
910 1456 1254 1527 σεμνότητος,
1280 1451 1407 1523 περὶ
1434 1445 1778 1519 αὐταρκείας,
1806 1459 1895 1497 πε-

313 1549 370 1621 ρί
403 1546 601 1610 παντὸς
632 1546 792 1617 ἔργου
835 1546 1043 1600 δικαίου
1063 1585 1078 1611 ,
1113 1545 1241 1616 περὶ
1279 1543 1460 1611 πάσης
1504 1537 1705 1610 ἀρετῆς
1745 1532 1893 1587 ὲνδὸ-

313 1637 425 1704 ξου.
453 1639 618 1691 Ὅταν
649 1633 740 1690 οὖν
765 1636 935 1690 ταῦτα
967 1637 1141 1690 πάντα
1175 1635 1267 1688 ἐπὶ
1297 1633 1396 1705 τὴν
1422 1629 1646 1701 καρδίαν
1679 1625 1774 1681 τοῦ
1801 1627 1896 1680 ἀν-

313 1729 532 1801 θρώπου
565 1729 757 1801 ἀναϐῇ,
785 1727 1034 1800 ἁρίδηλόν
1057 1728 1226 1791 ἐστιν,
1261 1726 1343 1777 ὅτι
1377 1727 1405 1776 6
1426 1719 1654 1790 ἅγγελος
1680 1716 1782 1788 τῆς
1812 1715 1894 1769 δι-

313 1729 532 1801 θρὼπου
565 1729 765 1890 avlai
785 1729 1034 1800 ἁρίδηλὸν
1057 1729 1226 1791 ἐστιν,
1261 1729 1343 1777 ὅτι
1377 1729 1405 1776 6
1426 1729 1654 1790 ἅγγελος
1680 1734 1782 1788 της
1812 1729 1894 1769 σι-

313 1821 604 1892 καιοσύνης
746 1821 783 1873 .’
849 1818 1012 1873 αὐτοῦ
1067 1819 1203 1870 ἐστι.
1256 1815 1362 1869 Τοῦ
1417 1815 1474 1867 δὲ
1523 1810 1753 1881 ἀγγέλου
1796 1807 1895 1892 τῆς

315 1891 578 1982 πονηρίας
601 1910 670 1963 τά
700 1909 853 1981 ἔργα*
886 1907 1106 1980 Πρῶτον
1130 1907 1346 1960 πάντων
1366 1902 1618 1973 ὀξύχολός
1645 1902 1783 1964 ἐστι,
1801 1891 1894 1951 καὶ

316 2002 542 2072 πικρὸς,
578 1999 672 2053 καὶ
698 1999 918 2071 ἄφρων,
953 1996 1145 2072 καὶ-τά
1169 1997 1305 2069 ἔργα
1337 1992 1499 2048 αὑτοῦ
1533 1990 1762 2063 πονηρὰ,
1793 2006 1895 2042 καά

314 2091 684 2163 ταστρέφοντα
707 2091 832 2154 τοὺς
853 2069 1073 2153 δούλους
1100 2089 1195 2142 τοῦ
1227 2086 1383 2141 Θεοῦ.
1414 2087 1578 2139 Ὅταν
1620 2080 1712 2138 οὖν
1745 2076 1899 2144 οὗτος

317 2185 411 2238 ἐπὶ
449 2182 671 2256 καρδίαν
702 2181 989 2254 ἀνθρώπου
1027 2181 1200 2252 ἀναϐῇ
1223 2220 1238 2245 ,
1271 2179 1351 2232 δεῖ
1378 2177 1579 2247 γνῶναι
1603 2174 1764 2229 αὐτὸν
1791 2171 1899 2228 ἀπὺ

317 2276 427 2332 τῶν
455 2275 631 2348 ἔργων
653 2273 837 2328 αὑτοῦ.
862 2275 1026 2326 Ὅταν
1057 2271 1165 2343 γὰρ
1201 2269 1448 2341 ὀξυχολία
1470 2260 1554 2330 τίς
1585 2284 1690 2320 τινι
1730 2281 1900 2337 προσ-

320 2367 470 2440 έλθῃ,
502 2367 538 2438 ἦ
569 2363 776 2438 πικρία,
813 2363 1059 2436 φανερῶς
1087 2365 1116 2415 6
1143 2360 1382 2422 τοιοῦτος
1426 2359 1484 2412 ἐν
1513 2357 1593 2428 τῷ
1624 2353 1897 2427 ἀνθρώπῳ

320 2458 488 2511 ἐστίν’
512 2451 633 2510 εἶτα
661 2456 926 2528 ἐπιθυμία
950 2453 1198 2526 πράξεων
1218 2451 1446 2517 πολλῶν,
1467 2449 1560 2504 καὶ
1580 2447 1897 2502 πολυτέλεια

320 2548 629 2621 ἐδεσμάτων
664 2547 891 2614 πολλῶν,
916 2549 1010 2600 καὶ
1039 2540 1294 2600 ποικίλων
1314 2542 1554 2616 τρυφῶν,
1586 2541 1679 2594 καὶ
1708 2539 1900 2594 ἐπιθυ-

325 2639 424 2710 μία
453 2639 723 2709 γυναικῶν
755 2642 847 2694 καὶ
879 2638 1226 2703 πλεονεξιῶν,
1253 2637 1348 2690 καὶ
1375 2635 1775 2705 ὑπερηφάνεια,
1809 2631 1903 2685 καὶ

321 2726 643 2794 ἀλαζονεία,
689 2730 785 2783 καὶ
833 2730 931 2783 ὅσα
979 2727 1188 2789 τούτοις
1233 2724 1350 2777 ἐστὶ
1409 2723 1764 2794 παραπλήσια
1808 2719 1902 2773 καὶ

322 2821 500 2890 ὃμοια.
551 2819 708 2873 Ἀλλά
737 2819 831 2874 καὶ
863 2819 919 2872 αἱ
951 2816 1180 2888 πονηραὶ
1224 2815 1550 2886 ἐνθυμήσεις
1599 2808 1762 2867 αύτοῦ
1797 2814 1902 2867 είσι

324 2914 515 2966 πᾶσαι.
543 2913 876 2984 Προσχῶμεν
908 2907 1000 2966 οὖν
1029 2908 1272 2981 ἀκριϐῶς
1296 2909 1526 2969 ἑαυτοῖς,
1559 2905 1652 2958 καὶ
1676 2903 1755 2975 τῷ
1803 2904 1904 2972 ἀγ-

325 3001 467 3074 γέλῳ
509 3003 588 3075 τῷ
627 3003 845 3076 πονηρῷ
885 2998 1310 3072 ἀπταξώμεθα,
1350 2996 1428 3069 τῷ
1461 2995 1676 3068 ἀγγέλῳ
1699 2994 1801 3064 τῆς
1830 2994 1908 3048 δι-

326 3095 618 3166 καιοσύνης
649 3095 1120 3165 ἀκολουθήσωμεν.

1997 1073 2104 1138 tis;
2143 1087 2278 1126 unus
2302 1070 2620 1140 iniquitatis.
2655 1069 2726 1122 Et
2771 1068 3038 1139 (vanitatis
3083 1067 3293 1136 quidem
3331 1066 3574 1136 angelus,

1993 1165 2310 1218 verecundus
2336 1172 2434 1226 est,
2469 1173 2774 1216 mansuetus
2841 1172 2890 1215 et
2922 1160 3149 1230 quietus.
3191 1158 3323 1214 Cum
3344 1165 3466 1230 ergo
3488 1159 3577 1213 his

1992 1257 2050 1310 in
2079 1272 2171 1310 cor
2199 1255 2423 1308 hominis
2447 1253 2762 1319 ascenderit,
2808 1253 3058 1306 continuo
3101 1251 3338 1323 loquitur
3364 1265 3486 1304 cum
3513 1265 3577 1304 eo

1993 1351 2057 1404 de
2083 1351 2324 1420 justitia,
2358 1349 2420 1402 de
2447 1348 2729 1418 pudicitia,
2763 1347 2827 1400 de
2855 1345 3122 1412 castitate,
3148 1346 3212 1400 de
3238 1344 3574 1416 frugalitate,

1993 1443 2057 1496 de
2085 1442 2226 1494 omni
2249 1457 2400 1510 opere
2422 1441 2593 1510 justo,
2625 1439 2688 1492 de
2712 1439 2853 1491 omni
2880 1437 3072 1490 virtute
3102 1437 3416 1506 honoriﬁca.
3445 1434 3578 1488 Hac

1991 1549 2112 1606 ergo
2141 1533 2317 1587 omnia
2341 1548 2458 1585 cum
2486 1531 2815 1584 ascenderint
2846 1530 2901 1582 in
2927 1545 3016 1583 cor
3050 1528 3278 1581 hominis
3299 1567 3315 1594 ,
3344 1527 3577 1596 manife-

1992 1636 2133 1682 stum
2153 1634 2250 1689 est,
2279 1625 2417 1695 quod
2445 1628 2659 1693 angelus
2697 1623 2966 1693 arquitatis
2995 1634 3115 1675 cum
3144 1637 3206 1676 eo
3246 1629 3344 1674 est.
3387 1620 3578 1691 Angeli

1995 1729 2170 1774 autem
2199 1718 2496 1788 iniquitatis
2523 1733 2681 1787 opera
2724 1724 2889 1770 sunt:
2925 1716 3096 1785 primo
3142 1715 3377 1768 omnium
3400 1753 3416 1781 ,
3465 1713 3578 1765 ira-

1994 1809 2196 1864 cundus
2236 1817 2334 1874 est,
2381 1817 2432 1862 et
2475 1822 2713 1872 amarus,
2741 1813 2790 1859 et
2814 1804 3078 1868 stolidus;
3121 1811 3172 1857 et
3217 1817 3378 1872 opera
3424 1801 3576 1856 illius

1993 1901 2289 1972 perniciosa
2318 1908 2463 1966 sunt,
2489 1907 2540 1952 et
2569 1906 2802 1951 evertunt
2826 1912 3000 1950 servos
3032 1894 3153 1948 Dei.
3188 1893 3323 1950 Cum
3343 1910 3467 1965 ergo
3489 1893 3576 1948 hic

1994 1997 2050 2049 in
2072 2011 2161 2048 cor
2181 1993 2409 2047 hominis
2441 1990 2756 2055 ascenderit,
2799 1996 3004 2059 oportet
3043 1987 3336 2057 intelligere
3356 2002 3476 2041 eum
3508 1985 3576 2040 ab

1997 2085 2239 2156 operibus
2265 2083 2400 2152 ejus.
2441 2080 2575 2136 Cum
2601 2081 2742 2134 enim
2785 2079 3027 2150 quietiam
3052 2077 3334 2131 iracundia
3360 2074 3577 2130 cuidam

1998 2179 2294 2243 accesserit,
2322 2187 2414 2230 aut
2444 2174 2780 2238 amaritudo;
2811 2171 3076 2241 intellige,
3115 2186 3232 2224 eum
3273 2169 3330 2223 in
3369 2169 3577 2223 homine

1998 2288 2108 2326 esse
2129 2286 2151 2325 .'
2177 2267 2360 2323 deinde
2387 2265 2654 2335 cupiditas
2705 2263 2992 2318 multorum
3035 2275 3274 2331 operum,
3303 2268 3354 2314 et
3389 2259 3578 2329 profu-

2002 2365 2080 2418 sio
2116 2361 2401 2415 multorum
2426 2367 2474 2413 et
2503 2358 2814 2428 optimorum
2847 2357 3084 2410 ciborum
3104 2371 3166 2408 ac
3186 2354 3457 2409 variarum
3485 2353 3580 2407 da-

2003 2454 2270 2517 liciarum,
2283 2461 2332 2506 et
2357 2451 2656 2520 appetentia
2677 2447 2958 2501 mulierum
2977 2462 3040 2500 ac
3065 2461 3239 2499 rerum
3254 2445 3574 2510 alienarum,

1999 2551 2050 2598 et
2077 2541 2341 2611 superbia,
2369 2549 2419 2596 et
2449 2539 2690 2601 ambitio,
2722 2546 2773 2592 et
2800 2552 3118 2608 quaecunque
3161 2537 3230 2589 iis
3257 2536 3414 2602 paria
3449 2545 3576 2591 sunt

2001 2647 2066 2685 ac
2110 2629 2331 2684 similia.
2388 2626 2492 2682 Sed
2534 2638 2583 2682 et
2635 2627 2792 2681 mala:
2841 2626 3184 2696 cogitationes
3238 2626 3405 2694 ipsius
3451 2633 3578 2679 sunt

2001 2738 2197 2776 omnes.
2233 2718 2398 2774 Nobis
2428 2735 2550 2790 ergo
2576 2718 2856 2787 diligenter
2897 2717 3258 2779 attendamus,
3297 2725 3348 2770 et
3391 2715 3584 2785 angelo

2001 2815 2181 2883 iniquo
2226 2813 2614 2875 renuntiemus;
2660 2807 2905 2880 angelum
2958 2817 3078 2862 vero
3111 2807 3344 2878 justitia:
3388 2819 3583 2878 sequa“

2005 2922 2143 2960 mur.

1624 3175 2089 3242 MANDATUM
2123 3172 2258 3232 VII.

1189 3287 1276 3346 De
1319 3283 1590 3347 timendo
1629 3284 1781 3353 Deo,
1815 3289 1872 3341 et
1902 3280 2169 3342 damone
2202 3289 2330 3334 non
2354 3266 2704 3332 metuendo.
2774 3338 2802 3357 β

1019 3432 1026 3438 -
1664 3380 1890 3437 CAPUT
1947 3373 2234 3435 UNICUM.

406 3485 481 3558 (4)
499 3481 691 3537 Φοϐοῦ
709 3480 814 3534 τὸν
838 3480 1076 3547 Κύριον,
1103 3477 1201 3533 καὶ
1221 3477 1504 3547 φύλασσε
1529 3477 1636 3543 τὰς
1656 3475 1912 3543 ἐντολὰς

2083 3472 2249 3535 Time,
2265 3466 2460 3538 inquit,
2479 3461 2784 3530 Dominum,
2798 3475 2846 3519 et
2869 3466 3126 3521 mandata
3143 3467 3258 3536 ejus
3279 3467 3487 3523 custodi
3504 3469 3575 3524 ⁸⁰.

336 3555 520 3634 αὐτοῦ
537 3594 550 3606 ’
585 3576 679 3630 καὶ
705 3573 802 3643 ἔσῃ
829 3571 1050 3634 δυνατὸς
1074 3572 1130 3622 ὲν
1157 3568 1375 3641 πράξει,
1411 3569 1507 3622 καὶ
1531 3569 1564 3639 ἠ
1589 3566 1784 3639 πρᾶξίς
1816 3583 1911 3620 σου

2009 3563 2245 3619 Servans
2286 3560 2434 3616 enim
2479 3566 2744 3628 praecepta
2786 3555 2920 3623 Dei,
2964 3557 3076 3614 eris
3105 3567 3298 3629 potens
3341 3563 3396 3615 in
3427 3563 3579 3618 omni
3661 3573 3665 3578 '

337 3670 664 3738 ἀσύγκριτος
682 3666 854 3719 ἔσται.
872 3661 1042 3716 Φοϐού
1050 3678 1207 3732 μενος
1225 3659 1316 3716 τὸν
1335 3659 1559 3733 Κύριον,
1580 3659 1753 3713 πάντα
1773 3658 1914 3711 καλά

2006 3664 2152 3720 actu,
2182 3663 2236 3710 et
2260 3665 2422 3707 omne
2447 3650 2723 3720 negotium
2751 3649 2828 3718 (5)
2857 3650 2962 3705 erit
3005 3649 3451 3721 incomparabile.
3479 3653 3580 3710 Ti-

339 3760 566 3832 ὲργάσῃ.
597 3752 761 3819 Οὗτός
789 3758 936 3808 ἐστιν
961 3755 989 3807 6
1009 3751 1171 3822 φόϐος
1196 3751 1254 3804 ὃν
1277 3750 1356 3803 δεῖ
1378 3767 1436 3803 σε
1466 3749 1783 3821 φοϐηθῆναι.
1811 3747 1916 3801 Τὸν

2006 3759 2164 3800 mens
2191 3743 2334 3798 enim
2366 3738 2657 3795 Dominum
2681 3779 2694 3803 ,
2729 3739 2915 3793 omnia
2958 3739 3101 3795 bona
3136 3742 3448 3811 operaberis
3475 3743 3577 3813 (6).

336 3829 580 3906 διάϐολον
610 3849 682 3920 μὴ
714 3846 976 3918 φοϐηθῇς,
1007 3845 1088 3897 ὅτι
1113 3843 1338 3914 δύναμις
1361 3842 1419 3894 ὲν
1443 3841 1591 3913 αὐτῷ
1619 3839 1911 3903 οὐκέστιν,

2006 3835 2109 3892 Hic
2131 3844 2214 3890 εει
2244 3834 2407 3888 timor
2431 3845 2543 3901 quo
2571 3831 2764 3889 timere
2793 3838 3006 3900 oportet
3029 3829 3128 3900 (7),
3161 3839 3220 3885 ut
3250 3833 3430 3888 salvus
3457 3847 3581 3890 esse

337 3941 459 3994 οὐδὲ
483 3940 665 4010 φόϐος.
684 3939 771 3991 Ἐν
790 3931 834 4004 ᾧ
850 3936 906 3989 δὲ
930 3937 966 4006 ἡ
985 3934 1208 4005 δύναμις
1289 3931 1494 3997 ἔνδοξος
1508 3974 1523 3998 ,
1545 3933 1640 3985 κα)⁸
1663 3929 1824 4000 φόϐος
1856 3931 1912 3982 ὲν

2007 3924 2209 3995 possis.
2257 3920 2542 3976 Diabolum
2587 3927 2770 3974 autem
2810 3934 2880 3974 ne
2918 3920 3154 3988 timeas;
3201 3920 3400 3978 timens
3430 3924 3579 3979 enim

339 4008 508 4105 αὐτῷ.
534 4033 651 4095 Πᾶς
675 4030 784 4102 γὰρ
809 4032 838 4082 6
864 4028 1091 4098 δύναμιν
1129 4027 1286 4096 ἔχων,
1313 4025 1405 4078 καὶ
1437 4023 1598 4093 φόϐον
1630 4021 1772 4094 ἔχει’
1799 4023 1828 4075 6
1857 4019 1915 4074 δὲ

2009 4013 2336 4078 Dominum,
2374 4009 2747 4066 dominaberis
2795 4009 2945 4066 illius
2989 4008 3108 4082 (8);
3152 4012 3280 4081 quia
3314 4014 3490 4070 virtus
3520 4015 3580 4070 in

344 4126 422 4198 μὴ
448 4099 586 4195 έχων
602 4099 848 4193 δύναμιν,
872 4118 975 4172 ὑπὸ
1001 4119 1214 4172 πάντων
1235 4117 1694 4186 καταφρονεῖται..
1740 4115 1768 4167 6
1790 4110 1913 4166 δοῦ-

2010 4105 2106 4160 illo
2136 4103 2284 4158 nulla
2313 4109 2420 4157 est.
2462 4099 2520 4154 In
2551 4114 2659 4171 quo
2690 4108 2872 4155 autem
2897 4100 3071 4156 virtus
3100 4116 3209 4156 non
3241 4112 3363 4172 est,
3413 4106 3461 4161 is
3509 4119 3580 4162 ne

458 4192 550 4270 οὖν
571 4213 666 4268 τοῦ
697 4192 902 4285 Κυρίου
932 4209 1149 4282 ἰσχυρός
1174 4210 1289 4262 ἐστι
1317 4208 1412 4261 καὶ
1436 4203 1704 4279 [ἐνδοξος].
1737 4203 1922 4276 Φοϐή-σ

2010 4197 2286 4254 timendus
2330 4194 2548 4266 quidem
2579 4201 2683 4249 est.
2726 4192 2783 4247 In
2821 4208 2931 4263 quo
2968 4209 3097 4250 vero
3137 4195 3314 4252 virtus
3340 4197 3581 4268 gloriosa

345 4311 468 4382 θητι
494 4304 587 4362 οὖν
617 4306 708 4360 τὸν
746 4282 971 4375 Κύριον,
1015 4302 1108 4355 καὶ
1141 4300 1282 4374 ζήσῃ
1307 4298 1476 4370 αὐτῷ,
1503 4297 1792 4368 φυλάσσων
1817 4295 1918 4360 τάς

2011 4299 2137 4356 est,
2189 4289 2238 4343 is
2280 4287 2444 4343 etiam
2490 4284 2765 4339 timendus
2793 4292 2896 4338 est.
2925 4282 3114 4341 Omnis
3143 4286 3287 4340 enim
3320 4289 3578 4344 virtutem

346 4376 564 4462 ἐντολὰς
593 4393 780 4461 αὐτοῦ,
808 4395 887 4456 είς
915 4392 1042 4454 τοὺς
1069 4391 1292 4454 αἰῶνας.

2015 4383 2224 4438 habens
2245 4417 2261 4445 ,
2295 4379 2464 4434 etiam
2489 4376 2762 4432 timendus
2785 4385 2867 4431 est
2897 4376 3007 4449 (9);
3042 4386 3166 4433 nam
3196 4379 3292 4449 qui
3321 4380 3581 4436 virtutem

347 4505 459 4545 non
494 4489 688 4551 habet,
727 4486 795 4540 ab
822 4483 1079 4539 omnibus
1109 4480 1502 4537 contemnitur.
1539 4477 1695 4533 Time
1724 4477 1884 4548 plane
1914 4474 2058 4531 facta
2097 4471 2330 4536 diaboli,
2363 4469 2624 4540 quoniam
2654 4468 2889 4540 maligna
2921 4479 3048 4525 sunt
3091 4487 3106 4525 :
3147 4480 3397 4527 metuens
3431 4473 3580 4528 enim

353 4586 668 4651 Dominum,
707 4579 947 4646 timebis,
983 4586 1038 4633 et
1064 4591 1226 4645 opera
1263 4573 1463 4629 diaboli
1496 4588 1602 4627 non
1645 4571 1833 4635 facies,
1867 4570 1962 4625 sed
1991 4569 2102 4642 (‘10)
2133 4565 2433 4622 abstinebis
2461 4575 2512 4618 te
2536 4563 2605 4618 ab
2635 4563 2734 4618 eis.
2770 4563 2977 4635 Duplex
3009 4565 3155 4620 enim
3189 4567 3352 4622 timor
3385 4577 3487 4624 est.
3523 4567 3582 4624 Si

350 4685 496 4740 enim
526 4683 730 4737 malum
757 4677 970 4749 operari
1001 4673 1244 4730 volueris
1269 4671 1380 4743 (ll)
1405 4713 1421 4739 ,
1456 4671 1657 4725 timens
1686 4667 2002 4734 Dominum,
2030 4681 2099 4721 ne
2127 4665 2179 4720 id
2209 4663 2428 4735 quidem
2459 4661 2626 4716 facies
2655 4660 2788 4731 (12).
2826 4659 2884 4715 Si
2912 4669 3094 4715 autem
3131 4662 3335 4717 bonum
3363 4665 3581 4736 operari

358 4775 620 4837 volueris,
657 4773 820 4827 timor
848 4771 1039 4841 utique
1073 4769 1186 4840 (l5)
1217 4767 1432 4822 Domini
1461 4768 1694 4833 validus,
1726 4775 1781 4821 et
1811 4765 2024 4836 ingens,
2073 4770 2127 4820 et
2172 4760 2447 4835 gloriosus
2477 4768 2580 4815 est.
2610 4751 2767 4813 Time
2811 4757 2977 4830 igitur
3004 4757 3197 4827 Deum,
3227 4769 3284 4817 et
3311 4761 3478 4819 vives.
3517 4761 3585 4819 Et

481 4893 657 4951 Eccle.
689 4907 789 4960 xu,
813 4890 899 4946 l5.

1425 4978 1658 5036 VARLE
1695 4977 1936 5036 LECTIO

1996 4975 2079 5033 ES
2115 4971 2206 5032 ET
2246 4969 2481 5030 ΝΟΤιΕ.

430 5084 507 5157 (ι)
543 5082 624 5157 Ex
656 5080 836 5157 Doctr.
866 5080 936 5136 ad
961 5077 1382 5157 Antioch_.__nu_m.
1415 5073 1468 5157 7,
1497 5076 1777 5157 pag;2_5_5_.
1806 5072 1915 5157 Ista
2083 5069 2219 5157 (10)!
2237 5066 2428 5122 Lamb.
2462 5061 2668 5120 timebis
2697 5071 2748 5118 et
2787 5075 2947 5132 Opera
2988 5060 3209 5116 diaboli.
3253 5057 3369 5115 Nec
3412 5060 3584 5130 facies

358 5139 520 5213 etiam
551 5155 734 5209 Graeca
780 5153 976 5208 desunt
1012 5153 1066 5204 in
1105 5148 1265 5202 editis
1297 5139 1833 5200 Pastoristxhibet
1861 5152 1918 5198 et
2011 5158 2104 5213 ea,
2125 5139 2240 5213 sed.

360 5198 1382 5281 Kniiocl‘iusii—oniilj'ié'l:'liueautem
1405 5216 1640 5282 respexit
1665 5198 1924 5271 Clemens
2083 5198 2200 5282 ill)
2235 5204 2425 5282 AFellus
2454 5205 2659 5268 mallet,
2689 5202 2940 5282 npluerjs.
2973 5199 3068 5282 Sie
3089 5209 3143 5256 et
3169 5198 3489 5282 Alinttochus.
3512 5199 3584 5254 AI

1015 5270 1141 5362 sibi
1161 5270 1267 5362 ᾖ,
1282 5301 1413 5362 pag.
1443 5270 1568 5339 438.
2014 5270 2318 5362 gotelerius
2363 5285 2553 5362 genset
2597 5270 3369 5362 coirigend‘anpotiusﬁraea
3415 5284 3587 5362 quam

433 5339 516 5435 (si;
541 5339 1448 5435 εῑῑεδειῖλιζιςόῑιῑτέαῖίςσιδη.
1483 5355 1783 5409 causam.

2016 5350 2231 5435 {.at‘i‘na,
2253 5347 2565 5435 “scribendo
2605 5361 2623 5426 ξ
3055 5344 3118 5435 τδ
3150 5341 3384 5435 πονηρδν
3412 5339 3585 5435 ima:

435 5411 512 5502 is)
551 5411 1088 5502 Laniﬁcam;
1234 5411 1301 5502 ‘_:
1379 5495 1421 5502 _
1454 5496 1489 5502 __
1621 5492 1684 5502 ___

2017 5411 2226 5502 ζεσραιξ
2253 5415 2474 5472 Veteres
2503 5414 2626 5470 libri
2653 5432 2667 5469 :
2711 5413 2834 5468 Ἐὰν
2864 5411 3024 5489 θέλῂς
3060 5414 3123 5468 τὸ
3155 5411 3392 5483 πονηρὸν
3419 5411 3589 5484 ὲργάμ

553 5488 1004 5577 Bodlt‘et'lmmb.
1042 5496 1338 5577 quem._Sic
1379 5495 1582 5553 Folius.
1621 5492 1722 5552 Hic
1761 5506 1919 5550 mene
2020 5488 2234 5577 cetagat.

2117 5559 2203 5626 t2)
2244 5554 2396 5626 Bodl.
2428 5563 2481 5610 ct
2507 5553 2827 5626 Lambtnon
2853 5553 2910 5626 id
2940 5554 3123 5624 facies.

2118 5623 2206 5689 13')
2246 5625 2375 5682 Mss.
2401 5625 2592 5684 Lamb.
2620 5634 2678 5683 et
2705 5624 2845 5684 Vict.
2886 5623 3079 5696 itaque.
3131 5623 3344 5682 Vidcsis
3396 5623 3586 5679 At)th

2022 5698 2108 5753 elui
2139 5697 2353 5754 ενι-πω.

365 5569 504 5634 dum
524 5575 664 5634 apud
697 5571 1002 5626 Fabricium
1033 5569 1085 5626 et
1105 5569 1396 5624 Clericum.

438 5648 516 5711 (8)
557 5639 689 5699 Ibid.
713 5642 816 5696 illi.
848 5640 1053 5695 Fellum
1083 5639 1326 5711 consule.

439 5709 518 5785 ιθ)
555 5714 744 5769 Lamb.
770 5724 873 5780 est,
899 5727 989 5767 nec
1019 5711 1177 5765 timor
1212 5710 1266 5762 in
1295 5709 1429 5778 ipso.
