4074 6154
429 267 527 326 931

1867 237 1946 313 εἴ
1967 242 2234 312 unum

3574 251 3684 305 932

431 387 750 458 quicunque
775 398 900 439 eum
930 383 1247 449 metuerint,
1274 379 1645 438 custodientes
1675 375 1932 435 mandata
1956 378 2098 448 ejus,
2127 390 2318 432 eorum
2345 372 2455 428 vita
2482 382 2564 427 est
2590 372 2730 442 apud
2755 370 3047 426 Dominunt
3074 387 3085 422 :
3116 381 3224 422 non
3254 363 3682 420 custodientium

430 491 634 547 autem,
671 492 773 533 nec
799 477 910 530 vita
947 477 998 530 in
1039 477 1145 534 illis
1170 488 1275 534 est.

746 616 753 623 -
1679 567 2025 629 ANTIOCHIJS,
2062 560 2279 614 Itomilia
2314 560 2435 614 127.

506 668 663 722 Time
691 669 830 722 enim
850 708 864 730 ,
897 668 1100 737 inquit,
1142 663 1431 719 Dominum
1455 703 1472 727 ,
1507 671 1560 716 et
1589 660 1844 715 mandata
1875 659 1994 730 ejus

2169 653 2461 721 Φοΰιὶθητι
2491 655 2622 728 γὰρ,
2664 654 2818 724 φησι,
2854 653 2963 706 τὸν
3003 652 3243 719 Κύριον,
3276 649 3375 703 καὶ
3400 650 3686 718 φύλασσε

430 760 664 815 custodi.
699 757 921 812 Servans
952 768 1128 810 autent
1161 764 1421 825 praecepta
1451 752 1568 816 Dei,
1600 753 1703 805 eris
1734 761 1915 820 potens
1945 751 2000 804 in

430 850 572 902 omni
603 859 747 913 actu,
778 857 827 901 et
855 849 1114 916 negotium
1146 856 1292 899 tuum
1316 847 1414 899 erit
1449 843 1878 912 incomparabile.
1912 841 2003 895 Ti-

432 952 576 989 mens
601 936 740 989 enim
771 935 1074 999 Dontinunt,
1103 936 1279 987 omnia
1308 933 1429 986 bene
1450 932 1766 1001 aperaberis.
1801 931 1903 984 Hic
1925 939 2002 984 est

432 1026 608 1090 timor,
636 1039 737 1094 quo
762 1033 965 1092 oportet
992 1034 1045 1076 ut
1077 1025 1260 1077 timeas
1285 1033 1332 1076 et
1363 1024 1539 1077 salvus
1570 1024 1695 1076 eris.
1723 1022 2003 1075 Diabolum

432 1125 609 1166 autem
640 1131 701 1166 ne
729 1116 934 1166 timeas.
970 1111 1176 1165 Timens
1205 1114 1343 1168 enim
1378 1114 1661 1167 Dominum
1695 1113 2001 1167 dominabe-

431 1205 505 1256 ris
536 1204 770 1267 diaboli;
802 1207 924 1274 quia
959 1205 1124 1258 virtus
1165 1207 1217 1257 in
1248 1205 1341 1257 illo
1373 1203 1523 1257 nulla
1549 1213 1647 1257 est.
1684 1202 1750 1256 In
1775 1218 1876 1273 quo
1905 1220 2003 1256 au-

431 1303 533 1346 tem
567 1295 731 1346 virtus
765 1311 866 1347 non
904 1307 978 1348 est
1005 1337 1019 1361 ,
1071 1297 1117 1349 is
1163 1312 1224 1348 ne
1255 1296 1514 1348 timendus
1549 1294 1756 1365 quidem
1785 1305 1861 1348 est
1891 1311 1910 1348 :
1947 1296 2002 1348 in

428 1403 530 1455 quo
560 1401 678 1440 vero
707 1387 871 1440 virtus
913 1387 1143 1456 gloriosa
1174 1399 1249 1441 est
1272 1430 1286 1453 ,
1330 1389 1373 1440 is
1405 1390 1565 1441 etiam
1608 1387 1867 1440 timendus
1899 1397 1998 1442 est.

433 1477 616 1531 Omnis
646 1479 784 1531 enim
822 1479 1068 1531 virtutem
1113 1478 1341 1542 habens,
1389 1480 1550 1532 etiam
1597 1479 1854 1531 timendus
1899 1488 1998 1532 est.

432 1567 576 1620 Nam
608 1570 698 1637 qui
728 1570 974 1621 virtutem
1006 1585 1109 1622 non
1137 1569 1310 1636 habet,
1344 1569 1408 1622 ab
1438 1569 1676 1622 omnibus
1710 1571 2000 1622 contemni-

431 1667 536 1712 tur.
561 1657 705 1712 Time
726 1658 882 1727 plane
909 1660 1053 1728 facta
1076 1658 1296 1725 diaboli,
1322 1661 1574 1729 quoniam
1596 1659 1830 1729 maligna
1855 1667 1998 1713 sunt.

432 1749 671 1804 Metuens
700 1761 874 1804 autem
904 1750 1210 1814 Dominum,
1242 1768 1341 1804 non
1370 1751 1574 1804 timebis
1604 1767 1760 1820 Opera
1782 1751 2000 1819 diaboli,

427 1849 477 1894 et
520 1857 624 1893 non
656 1841 818 1910 facies
863 1857 960 1905 ea;
1009 1843 1098 1895 sed
1128 1842 1409 1896 abstinebis
1445 1850 1492 1895 te
1539 1843 1604 1894 ab
1650 1843 1744 1896 eis.
1798 1842 2004 1910 Duplex

428 1947 551 2002 ergo
591 1933 749 2002 timor;
773 1941 871 1985 est.
902 1929 962 1985 Si
989 1932 1186 1984 malum
1216 1933 1423 2001 operari
1453 1931 1706 1997 nolueris,
1743 1934 1868 1985 time
1897 1931 2004 1983 Do-

2103 747 2210 811 τὰς
2240 745 2487 810 ἐντολὰς
2529 745 2734 798 αὐτοῦ.
2780 743 3070 797 Φυλάσσων
3109 742 3165 796 δὲ
3211 748 3310 804 τας
3343 739 3555 802 ἐντολὰς
3587 738 3686 794 τοῦ

2103 836 2238 890 Θεοῦ
2268 877 2282 902 ,
2336 838 2436 909 ἔσῃ
2479 832 2704 900 δυνατὸς
2748 838 2806 889 ὲν
2847 839 2996 907 πάσῃ
3038 833 3261 906 πράξει·
3298 833 3391 886 καὶ
3421 833 3454 902 ἠ
3488 830 3687 903 πρᾶξίς

2107 947 2197 983 σου
2232 929 2560 1001 ἀσύγκριτος
2594 929 2765 982 ἔσται.
2799 929 3134 998 Φοϐούμενος
3166 926 3276 998 γὰρ
3321 926 3414 978 τὸν
3457 924 3686 995 Κύριον,

2105 1024 2282 1076 πάντα
2315 1021 2496 1084 καλῶς
2527 1022 2756 1093 ἐργάσῃ.
2795 1016 2962 1082 Οὗτός
2987 1021 3134 1072 ἐστιν
3165 1020 3193 1070 6
3228 1017 3408 1088 φόϐος,
3434 1016 3493 1068 ὃν
3518 1017 3598 1069 δεῖ
3625 1033 3686 1068 σε

2107 1112 2440 1184 φοϐηθῆναι,
2485 1112 2578 1165 καὶ
2615 1112 2855 1185 σωθήσῃ.
2893 1111 2995 1164 Τὸν
3026 1111 3083 1164 δὲ
3115 1110 3358 1164 διάϐολον
3395 1109 3468 1180 μὴ
3510 1108 3686 1178 φοϐη-

2106 1206 2223 1277 θῇς.
2271 1205 2606 1275 Φοϐούμενος
2657 1203 2766 1275 γὰρ
2811 1204 2900 1256 τὸν
2949 1202 3185 1275 Κύριον,
3236 1200 3688 1272 κατακυριεύσας

2104 1299 2198 1351 τοῦ
2232 1298 2497 1362 διαϐόλου,
2533 1298 2614 1350 ὅτι
2645 1297 2871 1368 δύναμις
2903 1291 3002 1349 οὐκ
3036 1296 3180 1350 ἐστιν
3213 1297 3271 1348 ὲν
3305 1294 3472 1364 αύτῷ.
3519 1293 3603 1348 Ἐν
3641 1286 3689 1360 ᾧ

2104 1391 2161 1444 δὲ
2186 1390 2412 1462 δύναμις
2437 1391 2535 1442 οὐκ
2568 1389 2742 1454 ἔστιν,
2775 1388 2893 1441 οὐδὲ
2929 1384 3116 1457 φόϐος·
3155 1389 3211 1440 ὲν
3242 1380 3286 1455 ᾧ
3321 1388 3354 1458 ἡ
3385 1386 3612 1456 δύναμις

2105 1482 2331 1547 ἔνδοξος,
2366 1484 2457 1535 καὶ
2489 1484 2517 1533 6
2544 1481 2705 1550 φόϐος
2737 1483 2796 1533 ὲν
2837 1480 3009 1551 αὐτῷ’
3063 1481 3178 1543 Πᾶς
3229 1479 3337 1550 γὰρ
3386 1480 3414 1531 6
3457 1479 3686 1547 δύναμιν

2105 1573 2272 1643 ἔχων,
2322 1577 2414 1626 καὶ
2447 1573 2610 1642 φόϐον
2645 1573 2782 1642 ἔχει·
2825 1575 2853 1625 6
2886 1573 2941 1625 δὲ
2981 1573 3054 1643 μὴ
3097 1571 3232 1641 ἔχων
3278 1570 3532 1641 δύναμιν,
3579 1570 3688 1621 ὑπὸ

2106 1664 2322 1717 πάντων
2348 1665 2785 1734 καταφρονεῖται.
2810 1659 3076 1730 Φοϐήθητι
3103 1660 3159 1713 δὲ
3183 1660 3251 1712 τὰ
3283 1660 3420 1730 ἔργα
3451 1659 3543 1712 τοῦ
3569 1659 3690 1711 δια-

2106 1755 2260 1808 ϐόλου
2285 1796 2300 1820 ,
2351 1756 2431 1807 ὅτι
2465 1753 2675 1825 πονηρά
2709 1754 2832 1805 εἰσι.
2869 1751 3202 1822 Φοϐούμενος
3223 1750 3410 1825 δτδν
3442 1750 3645 1821 Κύριον
3669 1791 3684 1814 ,

2105 1848 2166 1899 οὐ
2200 1845 2480 1918 φοϐηθήσῃ
2504 1845 2573 1898 τὰ
2605 1844 2740 1916 ἔργα
2771 1842 2866 1896 τοῦ
2899 1842 3174 1907 διαϐόλου,
3212 1841 3309 1896 καὶ
3344 1841 3442 1895 οὐκ
3475 1842 3687 1913 ἐργάσῃ

2105 1938 2272 1992 αύτάο
2311 1937 2444 1991 ἀλλὰ
2477 1937 2649 2010 φεύξῃ
2701 1937 2792 1988 ἀπ’
2829 1934 3026 1988 αὐτῶν.
3079 1935 3262 1987 Δισσοὶ
3309 1928 3401 1986 οὖν
3453 1934 3591 1985 εἰσιν
3637 1932 3687 1985 οἱ

430 2025 662 2087 minum,
709 2029 760 2074 et
803 2021 859 2075 id
907 2036 1010 2074 non
1043 2021 1226 2090 facies.
1277 2020 1337 2075 Si
1383 2033 1555 2074 autent
1605 2021 1777 2073 adhuc
1810 2019 2001 2071 bonum

2106 2029 2278 2100 φόϐοι.
2318 2030 2379 2082 Εἰ
2422 2029 2482 2080 οὐ
2527 2027 2689 2100 θέλης
2734 2027 2795 2080 τὸ
2842 2025 3078 2097 πονηρὸν
3129 2023 3475 2096 ἐργάζεσθαι,
3516 2024 3689 2094 φοϐή-

431 2110 640 2179 oper-ari
663 2111 906 2174 volueris,
933 2111 1055 2164 time
1077 2110 1360 2164 Dominum
1388 2120 1437 2164 et
1459 2110 1622 2179 facies
1647 2110 1802 2163 illud.
1826 2108 2006 2161 Timor

2109 2120 2231 2192 θητι
2252 2119 2341 2174 τὸν
2373 2111 2597 2191 Κύριον,
2627 2120 2721 2172 κα).
2753 2119 2852 2171 οὐκ
2877 2112 3086 2190 ἐργάζῃ
3110 2108 3259 2169 αὖτό.
3298 2115 3423 2168 Ἐὰν
3447 2115 3502 2168 δὲ
3527 2113 3690 2186 θέλῃς

429 2203 614 2271 itaque
648 2201 864 2256 Domini
895 2203 1100 2256 validus
1123 2213 1172 2256 et
1203 2203 1465 2272 gloriosus
1491 2210 1588 2257 est.
1618 2202 1685 2255 Et
1714 2203 2006 2272 quicunque

2106 2211 2265 2266 πάλιν
2297 2207 2357 2264 τὸ
2390 2209 2592 2278 ἀγαθὸν
2624 2208 2959 2282 ἐργάσασθαι
2980 2249 2994 2272 ,
3041 2207 3303 2279 φοϐήθητι
3335 2206 3426 2259 τὸν
3459 2203 3686 2276 Κύριον,

429 2309 550 2346 eum
587 2293 888 2362 maluerint,
921 2303 972 2348 et
1001 2294 1349 2348 custodierint
1381 2295 1635 2348 mandata
1663 2293 1777 2363 ejus
1796 2334 1811 2361 ,
1837 2293 2004 2346 vivent

431 2382 564 2439 Deo.
1305 2403 1308 2405 λ
1706 2381 1708 2384 ’

2104 2305 2199 2357 κα)⁸
2231 2301 2440 2376 ἐργάζῃ
2465 2301 2613 2355 αὑτό.
2643 2302 2804 2353 Ὥστε
2829 2299 2857 2352 6
2900 2299 3062 2369 φόϐος
3092 2298 3189 2351 τοῦ
3222 2298 3428 2369 Κυρίου
3466 2297 3688 2368 ἰσχυρός-

2101 2393 2261 2466 τερός
2291 2394 2438 2458 ἔστι,
2472 2393 2566 2446 καὶ
2597 2390 2825 2458 ἔνδοξος.
2859 2391 2970 2443 Καὶ
3000 2391 3115 2443 ὅσοι
3149 2389 3214 2442 ἂν
3249 2388 3554 2459 φοϐηθῶσιν
3585 2389 3688 2442 αὑ-

2098 2483 2194 2538 δτδν
2218 2524 2233 2550 ,
2269 2484 2362 2539 καὶ
2391 2483 2674 2556 τηρήσωσι
2713 2481 2816 2546 τὰς
2847 2479 3067 2545 ἐντολὰς
3097 2478 3288 2544 αὐτοῦ,
3325 2477 3576 2552 ζήσονται
3608 2478 3690 2550 τῷ

2095 2576 2240 2650 Θεῷ.

1721 2730 2182 2798 MANDATUM
2227 2735 2397 2798 VIII.

1341 2857 1794 2920 Declinartdum
1825 2869 1915 2920 est
1945 2878 1983 2918 a
2012 2858 2199 2933 malo,
2231 2867 2288 2918 et
2323 2857 2612 2938 facienda
2642 2858 2824 2923 bona.

501 2977 622 3035 Dixi
653 2979 781 3046 tibi,
813 2979 1011 3052 inquit,
1043 2983 1190 3052 quod
1221 2991 1484 3038 creatura:
1508 2984 1620 3053 (14)
1651 2982 1866 3038 Domini
1894 2983 1998 3037 du-

427 3070 596 3139 plices
625 3080 773 3134 sunt,
803 3081 858 3126 et
882 3071 1208 3127 abstinentia
1239 3074 1436 3143 duplex
1461 3083 1563 3128 est.
1596 3074 1642 3127 Α
1668 3074 1994 3144 quibusdam

427 3177 558 3232 ergo
617 3161 891 3216 abstinere
935 3173 1180 3233 oportet,
1230 3180 1261 3219 a
1310 3165 1636 3235 quibusdam
1683 3181 1811 3220 vero
1859 3181 1992 3220 non.

429 3249 738 3314 Manifesta,
773 3252 996 3323 inquam
1023 3295 1040 3321 ,
1069 3255 1224 3322 mihi,
1262 3255 1500 3320 domine,
1529 3271 1560 3309 a
1595 3256 1794 3325 quibus
1823 3256 1995 3310 absti-

427 3359 557 3398 nere
587 3352 817 3413 oportet,
843 3353 896 3399 et
919 3361 947 3399 a
976 3347 1174 3415 quibus
1201 3362 1331 3404 non.
1356 3347 1516 3411 Audi,
1542 3347 1717 3417 inquit
1743 3370 1754 3403 :
1783 3349 1830 3401 A
1854 3348 1999 3403 malo

430 3435 665 3501 abstine,
695 3446 748 3490 et
771 3437 880 3490 noli
906 3437 1035 3492 illud
1066 3437 1262 3493 facere.
1287 3440 1330 3492 A
1355 3439 1498 3494 bono
1523 3449 1702 3493 autem
1726 3439 2000 3494 abstinere

427 3528 578 3593 noli,
618 3530 710 3583 sed
743 3531 829 3583 fac
860 3511 1013 3585 illud.
1050 3527 1108 3585 Si
1134 3530 1279 3585 enim
1306 3531 1636 3586 abstinueris
1663 3547 1693 3584 a
1725 3530 1869 3585 bono
1892 3573 1906 3598 ,
1947 3539 2002 3586 et

425 3631 538 3672 non
590 3617 640 3672 id
697 3616 912 3683 feceris,
963 3621 1236 3690 peccabis.
1289 3621 1519 3676 Abstine
1552 3616 1717 3692 igitur
1745 3619 1814 3676 ab
1849 3619 2001 3676 omni

427 3707 574 3762 malo
594 3747 609 3772 ,
660 3705 715 3761 el
745 3709 888 3763 scies
914 3709 1026 3780 (16)
1058 3725 1274 3766 omnem
1297 3711 1588 3781 justitiam.
1623 3711 1821 3778 Quales
1843 3751 1858 3776 ,
1913 3711 2000 3766 in--

425 3814 592 3867 quam
615 3840 630 3866 ,
679 3801 1044 3870 malignitates
1094 3811 1221 3857 sunt
1261 3803 1344 3858 ba:
1369 3844 1384 3868 ,
1439 3819 1469 3858 a
1499 3805 1698 3874 quibus
1726 3799 2001 3860 abstinere

427 3889 682 3958 oportet?
737 3890 878 3946 Audi
924 3893 1072 3964 (17),
1107 3895 1284 3964 inquit
1336 3917 1351 3952 ;
1403 3896 1486 3951 Ab
1531 3897 1810 3953 adulteriis
1863 3897 1998 3968 (18),

427 3982 783 4061 ebrietatibus
818 3993 872 4040 et
916 3987 1409 4044 comessationibus
1456 3990 1568 4059 (19)
1601 3992 1884 4062 malignis,
1932 3995 2002 4050 ab

429 4067 560 4125 esca
599 4072 764 4126 nimia
789 4114 802 4138 ,
857 4090 888 4128 a
937 4075 1144 4130 lautitia
1186 4085 1239 4131 et
1279 4076 1638 4146 inbonestatc,
1671 4081 1738 4135 ab
1765 4082 2003 4152 abnega-

428 4162 580 4217 tione
604 4163 740 4234 (20),
769 4179 800 4219 a
824 4166 1133 4233 mendacio,
1163 4183 1193 4220 a
1225 4167 1560 4225 detractione
1585 4170 1720 4241 (21),
1752 4187 1780 4226 a
1811 4174 2005 4243 nequi-

427 4251 503 4306 tia
563 4251 705 4320 ﬁcta,
759 4271 791 4309 a
839 4255 1217 4311 recordatione
1263 4257 1477 4327 injuria:
1519 4260 1632 4330 (22)
1681 4269 1735 4316 et
1779 4277 1809 4316 a
1857 4261 2000 4318 fama

2185 3085 2295 3156 (15)
2349 3083 2413 3139 Ἠ
2446 3085 2740 3158 ἐγκράτεια
2770 3077 2933 3156 διπλῆ
2965 3089 3102 3147 ἐστι.
3145 3082 3266 3138 Ἐπί
3291 3101 3452 3138 τινων
3475 3081 3582 3152 γὰρ
3606 3081 3689 3134 δει

2111 3193 2171 3230 σε
2198 3177 2642 3250 ἑγκρατεύεσθαι,
2676 3178 2767 3230 ὲπί
2798 3195 2958 3231 τινων
2989 3179 3044 3231 δὲ
3076 3177 3136 3231 οὐ
3166 3177 3264 3230 δεῖ.

2177 3353 2250 3407 Τὸ
2292 3353 2524 3424 πονηρὸν
2557 3352 3005 3424 ὲγκρατεύεσθαι,
3039 3352 3131 3405 κα).
3173 3352 3246 3423 μὴ
3294 3354 3466 3404 ποιεῖν
3513 3350 3682 3404 αὐτό·

2103 3445 2164 3500 τὸ
2195 3446 2251 3499 δὲ
2283 3444 2482 3514 ἀγαθὸν
2519 3443 2594 3516 μὴ
2621 3443 2974 3516 ὲγκρατεύου,
3012 3443 3147 3498 ἀλλὰ
3178 3444 3322 3497 ποίει
3354 3443 3505 3497 αὐτό.

2191 3622 2548 3695 Ἐγκρατεύου
2576 3621 2682 3675 ἀπὸ
2711 3622 2890 3693 πάσης
2923 3621 3220 3692 πονηρίας,
3257 3622 3364 3675 ἀπὸ
3399 3619 3685 3693 μεθύσμαο

2105 3732 2228 3779 τος,
2264 3706 2518 3784 ἀνομίας,
2556 3712 2662 3766 ἀπὸ
2693 3713 2899 3784 τροφῆς
2933 3713 3194 3784 πονηρᾶς,
3231 3711 3338 3764 ἀπὸ
3371 3711 3682 3781 ἐδεσμάτων

2107 3806 2315 3860 πολλῶν
2349 3806 2441 3859 καὶ
2473 3801 2795 3869 πολυτελῶν,
2831 3804 3080 3869 πλούτου,
3107 3804 3443 3874 καυχήσεως,
3481 3803 3682 3873 ὑψηλο·

2107 3900 2379 3972 φροσύνης
2410 3901 2504 3954 καὶ
2538 3898 2948 3970 ὑπερηφανίας,
2998 3897 3094 3950 καὶ
3130 3895 3356 3966 ψεύδους
3389 3895 3481 3948 καὶ
3513 3911 3679 3948 itam-

2105 3990 2311 4053 λαλιᾶς,
2345 3991 2440 4042 καὶ
2461 3987 2816 4060 ὑποκρίσεως,
2843 3989 2935 4041 καὶ
2964 3983 3344 4060 μνησικακίας,
3375 3985 3468 4038 καὶ
3499 3983 3680 4054 πάσης

2110 4081 2477 4154 βλασφημίας.

428 4344 669 4412 pessima
695 4345 832 4413 (25).
867 4344 994 4410 Haec
1022 4347 1167 4401 enim
1201 4357 1329 4402 sunt
1355 4363 1517 4418 opera
1546 4349 1916 4421 iniquitatum,
1965 4370 1996 4408 ει

2171 4349 2357 4406 Ταῦτα
2389 4349 2459 4404 τὰ
2507 4349 2642 4422 ἔργα
2689 4349 2901 4421 πονηρά
2932 4349 3046 4402 ἐστι
3078 4348 3144 4418 τῇ
3179 4347 3290 4417 ζωῇ
3323 4343 3431 4399 τῶν
3464 4342 3678 4417 ἀνθρὼ-

433 4433 634 4501 quibus
665 4435 936 4490 abstinere
963 4445 1175 4504 oportet
1205 4453 1422 4492 servum
1454 4437 1569 4494 Dei.
1608 4439 1711 4506 Qui
1755 4443 1898 4497 enim
1937 4443 2006 4497 ab

431 4523 500 4580 iis
547 4526 823 4581 abstinere
871 4542 978 4582 non
1023 4537 1221 4597 potest,
1270 4530 1454 4585 vivere
1502 4530 1612 4586 Deo
1656 4548 1762 4588 non
1807 4545 2000 4605 potest.

429 4617 571 4672 Audi
612 4634 792 4686 nunc,
846 4620 1056 4690 inquit,
1105 4629 1159 4675 et
1203 4623 1481 4691 sequentia
1529 4639 1722 4679 eorum
1771 4627 1902 4695 (2t).
1940 4627 2006 4682 Et

429 4710 650 4780 quidem
678 4711 848 4765 multa
883 4720 1012 4766 sunt
1039 4712 1239 4772 adhuc.
1272 4727 1302 4766 a
1329 4713 1528 4782 quibus
1554 4715 1826 4772 abstinere
1848 4718 2006 4773 debet

432 4815 624 4858 servus
656 4802 772 4860 Dei.
823 4803 869 4856 A
916 4802 1064 4858 furto
1086 4844 1100 4869 ,
1143 4803 1212 4858 ab
1245 4803 1604 4876 abnegatione
1631 4807 1768 4879 (25),
1799 4825 1828 4862 a
1868 4809 2006 4866 falso

2102 4460 2219 4496 πων
2239 4461 2252 4473 ·
2287 4443 2491 4496 τούτων
2523 4437 2615 4494 οὖν
2648 4440 2755 4493 τῶν
2789 4440 2963 4512 ἔργων
2995 4439 3074 4492 δεῖ
3117 4437 3542 4510 ὲγκρατεύεσθαι
3583 4437 3678 4491 τὸν

2100 4533 2283 4587 δοῦλον
2314 4533 2407 4586 τοῦ
2451 4530 2605 4585 Θεοῦ.
2643 4532 2701 4584 ’0
2733 4531 2842 4603 γὰρ
2870 4531 2942 4602 μὴ
2967 4530 3426 4602 ἐγκρατευόμενος
3449 4529 3676 4591 τούτων,

2101 4627 2161 4679 οὐ
2195 4626 2411 4679 δύναται
2437 4621 2598 4696 ζῆσαι
2630 4622 2709 4693 τῷ
2734 4621 2872 4692 Θεῷ.
2903 4623 3097 4674 Ἀκουε
3120 4622 3176 4676 δὲ
3201 4623 3294 4675 κα).
3319 4620 3388 4674 τὰ
3410 4621 3678 4674 ἀκόλουθα

2100 4716 2332 4771 τούτων’
2368 4715 2478 4768 Καὶ
2511 4713 2679 4767 πολλά
2710 4715 2845 4766 είσιν
2879 4714 2972 4782 ἀφ’
3002 4705 3075 4766 ὧν
3107 4713 3188 4766 δεῖ
3220 4714 3325 4766 κτὸν
3365 4712 3548 4767 δοῦλον
3579 4713 3675 4766 τοῦ

2101 4808 2236 4862 Θεοῦ
2271 4804 2695 4878 ἑγκρατεύεσθαι
2720 4845 2734 4871 ,
2770 4805 2979 4876 κλοπὴ,
3012 4802 3235 4874 ψεῦδος,
3270 4805 3636 4877 ἀποστέρησις
3658 4847 3674 4871 ,

1509 4938 1746 4994 VARIAS
1783 4939 2166 4997 LECTIONES
2200 4939 2290 4997 ET
2324 4935 2532 4992 ΝΟΤᾸΞ

502 5049 617 5118 (14)
655 5048 810 5104 Bold.
844 5049 1151 5104 creationes.
1183 5048 1374 5107 Lamb.
1404 5053 1691 5108 orationes.

504 5053 594 5118 (14
655 5053 810 5104 Bold.
844 5053 1151 5104 creationes.
1183 5053 1374 5107 Lamb.
1404 5053 1691 5108 orationes.

504 5053 617 5192 (15;
658 5118 736 5173 Ex
764 5119 947 5192 Doctr.
980 5120 1049 5192 ad
1073 5121 1316 5176 Antioch.
1344 5137 1494 5177 num.
1524 5122 1578 5178 8.
1608 5123 1806 5180 Eadem
1839 5124 2004 5180 habet

431 5189 736 5247 Antiochus
767 5191 956 5245 homil.
991 5189 1076 5244 79.

505 5261 616 5334 (19)
658 5259 820 5334 forte
847 5260 1031 5334 facies.
1069 5260 1393 5334 Antiochus,
1426 5263 1808 5334 ἐργαζόμενος.

503 5329 616 5400 (17)
659 5329 749 5384 Sic
782 5329 955 5397 Bodl.,
985 5329 1175 5385 Lamb.
1209 5341 1261 5387 et
1291 5329 1470 5387 Cotel.‘
1497 5329 1584 5388 Al.
1615 5329 1821 5389 addunt
1853 5351 1867 5388 :
1896 5331 2001 5387 Re-

433 5403 640 5468 spondit
659 5401 787 5454 mihi
796 5439 810 5454 .

509 5472 621 5539 (18)
661 5471 770 5554 Aut
798 5471 1005 5554 legnebat
1031 5471 1137 5526 ἀπὸ
1168 5475 1411 5554 μοιχείας
1433 5513 1448 5536 ,
1497 5474 1760 5546 πονηρίας
1779 5514 1793 5537 ,
1841 5473 2002 5544 uses.

437 5557 668 5615 quamq,
685 5552 776 5596 aut
796 5541 1142 5615 μεθύσματος
1163 5541 1425 5615 Ῑιιιιέεικιι
1451 5560 1574 5599 cum
1601 5541 1734 5600 v'oce
1763 5541 1885 5615 quin
1916 5560 2004 5599 se-

437 5557 658 5610 σματος,
685 5552 776 5596 aut
791 5541 1142 5664 ἶιεθύσματος
1163 5541 1425 5624 Ῑιιιιέεὺιιι
1451 5560 1574 5599 cum
1601 5541 1734 5626 voce
1763 5541 1885 5614 qttic
1916 5560 1999 5626 se-

435 5622 619 5736 ἓιὸιὲιι·
646 5613 786 5683 ἀνομ
811 5629 873 5674 ας
894 5652 908 5676 ,
956 5624 1100 5669 sicut
1131 5614 1391 5670 exhibent
1427 5616 1536 5671 duo
1567 5616 1782 5685 codices
1814 5613 1999 5686 Regis.

2173 5051 2286 5121 (19)
2325 5049 2478 5121 Bodl.
2509 5058 2564 5103 et
2591 5047 2781 5121 Lamb.
2813 5048 3081 5121 conviviis.

2171 5119 2286 5191 (20)
2326 5119 2515 5191 Lamb.
2549 5119 2884 5191 abnegantia.

2171 5187 2284 5261 (21)
2324 5189 2517 5261 Lamb.
2551 5187 2760 5261 omittit
2776 5187 3121 5261 detractione.

2169 5255 2283 5328 (22)
2323 5257 2518 5314 Lamb.
2548 5259 2798 5311 memoria
2826 5255 3197 5326 malignitatis.
3236 5325 3244 5328 Α
3404 5299 3407 5303 .

2169 5325 2282 5401 (25)
2315 5329 2511 5401 Graeca
2567 5325 3085 5401 pseudooAtltanasii
3116 5337 3168 5383 et
3219 5325 3510 5394 Antiocb.,
3559 5339 3667 5385 etc.

2098 5398 2278 5472 πάσης
2307 5398 2671 5472 βλασφημίας.

2099 5533 2105 5539 _
2171 5465 2284 5541 (2i)
2308 5465 2467 5525 Mss.
2485 5465 2668 5523 Carm.
2693 5465 2910 5541 etYict.
2941 5467 3146 5522 horum.
3175 5468 3360 5522 Adhuc
3391 5484 3513 5540 ergo
3545 5484 3670 5523 sunt

2099 5538 2369 5612 sequentia
2402 5541 2607 5600 horum,
2635 5554 2666 5589 a
2685 5538 2900 5612 quibus,
2930 5547 3034 5593 etc.

2173 5611 2286 5680 (25)
2327 5607 2702 5680 Lambuapud
2733 5608 3350 5680 Clericum,’negatione.
3379 5609 3560 5664 Fellus
3586 5619 3671 5680 ta-

2100 5676 2226 5737 ineu
2259 5676 2314 5736 in
2350 5695 2449 5736 sua
2481 5676 2613 5734 edit.
2655 5676 2832 5735 Oxon.
2886 5696 2917 5732 a
2957 5676 3359 5756 defraudatione
3384 5722 3399 5742 .
3449 5698 3482 5733 α
3526 5679 3668 5747 falso
