4074 6154
398 219 504 276 953

1397 213 1685 272 PASTOR
1720 245 1790 256 —
1823 213 1952 271 LIB.
1994 213 2061 282 ΙΙ,
2102 212 2492 271 MAN'DATUM
2531 202 2665 268 VIII.

3558 211 3662 270 934

395 332 856 404 ψευδομαρτυρίαι,
886 331 1184 398 πλεονεξία,
1213 330 1499 398 ἀλαζονεία
1538 335 1634 386 καὶ
1657 317 1985 398 ὅσατούτοις

2095 335 2422 400 teStimonio,
2453 350 2483 388 a
2516 331 2835 402 cupiditate,
2869 347 2898 388 a
2927 330 3204 403 superbia,
3233 339 3289 386 et
3318 344 3662 402 quaecunque

397 424 577 495 ὃμοια.
615 425 678 475 Εἰ
699 420 791 477 οὖν
803 425 947 476 δοκεῖ
972 441 1051 476 σοι
1076 425 1288 494 πονηρὰ
1310 421 1448 476 εἶναι
1479 425 1649 478 ταῦτα
1679 425 1822 496 (26);
1874 425 1982 478 Καὶ

398 514 520 567 λίαν
553 531 686 583 πονη
698 513 766 585 ρά
789 516 900 577 τοῖς
931 514 1135 577 δούλοις
1165 513 1258 566 τοῦ
1294 514 1448 568 Θεοῦ.
1468 516 1862 586 Ἐγκράτευσαι
1889 513 1982 570 οὖν

399 605 508 658 ἀπὸ
530 605 770 668 πάντων,
799 605 884 656 ἵνα
910 603 1084 679 Cncn;
1101 604 1180 675 τῷ
1198 605 1336 674 Θεῷ,
1362 607 1455 658 καὶ
1489 607 1812 684 ὲγγραφῄσῃ
1848 605 1986 676 μετά

398 697 508 750 τῶν
542 696 1041 766 ἐγκρατευομένων.
1084 698 1150 749 Ἃ
1187 698 1281 766 μὲν
1307 693 1397 750 οὖν
1422 697 1501 750 δεῖ
1531 697 1981 769 ἐγκρατεύεσθαι,

398 790 575 843 ταῦτά
609 791 774 841 ἐστιν.
811 790 876 840 Ἀ
907 787 963 841 δὲ
1007 789 1088 841 δεῖ
1121 807 1179 842 σε
1229 790 1303 858 μὴ
1337 789 1796 860 ὲγκρατεύεσθαι,
1852 787 1988 840 ἀλλά

401 885 594 946 ποιεῖν,
623 882 786 935 ἄκουε
805 897 818 910 ”
849 882 1066 935 πάντων
1093 881 1309 954 πρῶτον
1337 883 1537 946 πίστις,
1569 881 1731 952 φόϐος
1755 882 1982 952 Κυρίου,

401 974 660 1043 ὁμόνοια,
711 971 898 1042 ἀγάπη
926 1011 941 1036 ,
1011 973 1229 1042 ῥήματα
1285 972 1662 1044 δικαιοσύνης,
1723 972 1983 1044 ἀλήθεια,

405 1065 670 1135 ὑπομονή.
707 1063 922 1116 Τούτων
954 1063 1298 1135 ἀγαθώτερον
1333 1065 1483 1117 οὐδέν
1516 1065 1664 1117 ἐστιν
1688 1064 1746 1116 ἓν
1776 1068 1844 1134 τῇ
1871 1064 1983 1135 ζωῇ

402 1157 513 1210 τῶν
563 1155 897 1227 ἀνθρώπιον·
949 1155 1121 1209 ταῦτα
1171 1157 1264 1208 ὲάν
1297 1174 1381 1219 τις
1432 1156 1731 1226 φυλάσσει,
1783 1155 1987 1227 καὶμὴ

405 1247 798 1320 ἐγκρατεύεται
829 1247 923 1300 ἀπ’
959 1246 1159 1312 αὐτῶν,
1200 1248 1468 1319 μακάριός
1502 1250 1649 1300 ἐστιν
1682 1249 1741 1300 ὲν
1771 1250 1838 1318 τῇ
1874 1246 1985 1318 ζωῇ

405 1338 594 1396 αὑτοῦ.
631 1335 764 1392 Εἶτα
796 1339 998 1392 τούτων
1031 1338 1100 1390 τὰ
1132 1338 1398 1391 ἀκόλουθα
1431 1338 1623 1392 ἀκουε-
1650 1339 1821 1409 χήρας
1849 1339 1990 1406 ὑπη-

412 1436 606 1504 ρετεῖν,
642 1431 1036 1502 καιόρφανοὺς
1068 1430 1491 1501 ὑστερουμένους
1530 1430 1947 1483 ἐπισκέπτεσθαι
1970 1470 1986 1495 ,

408 1521 468 1587 ἐξ
498 1521 744 1589 ἀνάγκης
775 1518 1152 1591 λυτρώσασθαι
1178 1520 1304 1582 τοὺς
1335 1519 1552 1581 δούλους
1585 1518 1677 1570 τοῦ
1711 1518 1866 1583 Θεοῦ,
1903 1533 2022 1588 φι-⁸

2083 424 2151 479 iis
2181 424 2383 479 similia
2415 432 2561 478 sunt.
2595 422 2861 478 Videntur
2887 438 3016 493 ergo
3044 423 3141 478 tibi
3183 423 3298 476 hrec
3331 421 3469 476 mala
3501 437 3620 475 esse
3640 458 3658 487 ,

2085 529 2154 568 an
2183 514 2330 568 non?
2360 513 2626 582 Equidem
2665 513 2822 566 valde
2859 513 3003 566 mala
3032 522 3160 566 sunt
3200 513 3372 567 servis
3412 511 3527 565 Dei.
3577 510 3660 565 Ab

2085 605 2170 660 his
2203 620 2333 676 ergo
2362 603 2621 656 omnibus
2658 602 2769 673 (27)
2805 602 2964 656 debet
2997 603 3274 657 abstinere
3301 617 3492 658 servus
3537 600 3657 658 Dei.

2084 697 2316 751 Abstine
2342 711 2472 765 ergo
2499 695 2567 748 ab
2598 693 2858 748 omnibus
2884 694 2991 757 his,
3021 703 3081 747 ut
3116 695 3267 748 vivas
3297 693 3438 758 Deo,
3464 702 3518 748 et
3545 693 3660 764 (28)

2087 786 2350 841 scribaris
2382 803 2506 840 cum
2539 785 2962 840 abstinentibus.
3000 785 3043 837 A
3073 785 3277 853 quibus
3303 800 3430 854 ergo
3461 785 3662 839 debeas

2086 878 2386 944 abstinere,
2422 878 2514 932 illa
2563 886 2712 932 sunt.
2767 877 2813 929 Δ
2842 875 3044 944 quibus
3085 885 3264 929 autem
3315 891 3422 928 non
3464 875 3664 930 debeas

2087 969 2381 1032 abstinere,
2433 967 2580 1024 audi.
2633 967 2718 1021 Ab
2754 967 3013 1020 omnibus
3057 965 3217 1018 bonis
3258 963 3516 1032 operibus
3550 963 3663 1017 noli

2089 1061 2384 1121 abstinere,
2435 1059 2526 1113 sed
2577 1057 2663 1112 fac
2697 1058 2810 1111 illa.
2840 1057 3003 1119 Audi,
3040 1055 3238 1124 inquit,
3271 1053 3528 1106 virtutem
3557 1053 3664 1106 bo-

2088 1166 2284 1205 norum
2317 1164 2546 1219 operum
2574 1162 2696 1217 quae.
2718 1147 2917 1201 debeas
2950 1144 3190 1216 operari,
3239 1154 3298 1196 ut
3335 1143 3520 1196 salvus
3543 1155 3666 1196 esse

2089 1243 2288 1312 possis.
2322 1240 2567 1294 Primum
2614 1239 2860 1292 omnium
2908 1245 2993 1291 est
3035 1235 3193 1299 ﬁdes,
3230 1235 3394 1288 timor
3423 1231 3660 1299 Domini,

2089 1333 2352 1400 charitas,
2376 1331 2692 1397 concordia,
2718 1330 2946 1397 aequitas
2972 1326 3108 1398 (29),
3129 1326 3351 1388 veritas,
3378 1324 3663 1394 patientia,

2091 1424 2337 1480 castitas.
2372 1421 2444 1476 lis
2473 1422 2606 1475 nihil
2639 1421 2949 1477 estmelius
2982 1419 3034 1472 in
3069 1420 3173 1471 vita
3207 1417 3486 1472 hominum
3510 1458 3524 1482 ,
3571 1414 3666 1486 qui

2091 1516 2208 1570 haec
2232 1515 2587 1570 custodierint
2607 1522 2660 1567 et
2690 1512 2920 1567 fecerint
2943 1512 2998 1564 in
3027 1511 3130 1563 vita
3163 1526 3260 1565 sua
3289 1509 3424 1580 (30).
3460 1509 3668 1563 Deinde

405 1610 616 1676 λύξενον
651 1605 809 1673 εἶναι,
844 1611 900 1661 ὲν
933 1609 1041 1680 γὰρ
1074 1612 1138 1679 τῇ
1177 1607 1449 1679 φιλοξενίᾳ
1494 1610 1805 1680 εὑρίσκεται
1854 1611 1990 1678 ἀγα-

2095 1609 2287 1661 horum
2317 1605 2596 1676 sequentia
2627 1604 2774 1658 audi.
2809 1603 2996 1657 Viduis
3023 1601 3427 1666 administrare,
3462 1601 3668 1669 orpha-

408 1700 717 1772 θοποίησις’
784 1699 1004 1803 ’ίὸύχιον
1068 1696 1245 1765 εἶναι,
1312 1699 1645 1771 ἐνδεέστερον
1704 1701 1988 1768 γενέσθαι,

2095 1715 2193 1753 nos
2213 1707 2266 1752 et
2282 1713 2545 1768 pauperes
2567 1712 2676 1750 non
2694 1696 2994 1765 despicere,
3012 1705 3064 1750 et
3085 1708 3274 1750 servos
3291 1691 3465 1746 Deiex
3481 1707 3669 1746 neces-

407 1793 586 1847 πάντα
619 1783 900 1862 ἄνθρωπον
935 1791 1244 1863 πρεσϐύτην
1272 1790 1544 1855 σέϐεσθαι,
1570 1792 1758 1845 ἀσκεῖν
1789 1793 1994 1847 δικαιο-

2095 1793 2253 1848 sitate
2279 1791 2565 1854 redimere,
2599 1789 2920 1858 hospitalem
2945 1803 3100 1854 esse;
3146 1785 3512 1855 hospitalitate
3548 1783 3668 1856 (51)

411 1883 599 1955 σύνην,
636 1883 968 1952 ἀδελφότητα
1003 1885 1310 1954 συντηρεῖν,
1348 1881 1506 1954 ὓϐριν
1540 1885 1852 1956 ὑποφέρειν,
1886 1903 1992 1956 μα-

2095 1885 2239 1940 enim
2277 1883 2549 1937 invenitur
2579 1881 2874 1950 aliquando
2907 1879 3120 1933 fructus
3150 1879 3328 1932 bonus
3356 1897 3368 1930 :
3398 1863 3505 1932 no'n
3531 1892 3668 1932 con-

409 1972 692 2045 κρὸθυμον
726 1968 895 2038 εἶναι,
931 1963 1331 2043 άμνησίκακον,
1381 1973 1687 2042 κάμνοντας
1735 1977 1798 2044 τῇ
1845 1975 1991 2047 ψυχῇ

2095 1969 2380 2040 tradicel'e,
2412 1972 2660 2043 quietum
2690 1985 2834 2036 esse,
2867 1969 3235 2023 humillimum
3261 1966 3372 2039 (52)
3401 1967 3516 2022 tieri
3543 1981 3668 2022 om-

411 2065 748 2136 παρακαλεῖν
768 2104 782 2128 ,
829 2064 1349 2134 ἐσκανδαλισμένους
1383 2063 1489 2117 ἀπὸ
1519 2065 1618 2134 τῆς
1650 2066 1882 2129 πίστεως
1917 2067 1989 2139 μὴ

2095 2067 2244 2121 nium
2281 2064 2564 2120 hominum
2591 2102 2606 2127 ,
2640 2063 2881 2130 majores
2922 2071 3054 2115 natu
3088 2061 3265 2114 colere
3287 2102 3302 2126 ,
3337 2061 3554 2116 studere
3577 2063 3667 2131 ju-

412 2156 798 2221 ἀποϐαλέσθαι,
835 2157 946 2209 ἀλλ’
981 2157 1328 2228 ἐπιστρέφειν
1361 2156 1455 2208 καὶ
1491 2156 1755 2227 ἐνθύμους
1795 2162 1990 2225 ποιεῖν,

2095 2161 2270 2226 stitiae,
2321 2157 2715 2212 fraternitatem
2759 2169 3106 2220 conservare,
3153 2156 3514 2210 contumelias
3548 2155 3668 2210 suf-

413 2248 826 2318 ἁμαρτάνοντας
857 2246 1155 2312 νουθετεῖν,
1203 2245 1481 2317 χρεώστας
1517 2247 1590 2318 μὴ
1624 2247 1857 2311 θλίϐειν,
1905 2250 1992 2301 ὲν-

2095 2257 2256 2323 fcrre,
2281 2256 2640 2325 aequanimem
2663 2267 2786 2307 esse
2810 2269 2825 2318 ;
2848 2251 3035 2320 lapsos
3074 2265 3104 2304 a
3148 2250 3252 2304 [ide
3291 2266 3397 2304 non
3433 2251 3670 2321 projice-

411 2341 553 2403 δεεῖς
588 2338 661 2410 μὴ
695 2339 903 2404 λυπεῖν,
940 2339 1033 2391 κοιλ¹
1067 2339 1165 2392 ὅσα
1197 2338 1408 2400 τούτοις
1440 2337 1601 2408 ὅμοιά
1632 2339 1798 2392 ἐστιν.
1838 2342 1996 2396 Δοκεῖ

2095 2363 2182 2412 re,
2233 2348 2328 2402 sed
2383 2345 2718 2415 aaquanimes
2759 2342 2972 2413 facere;
3007 2350 3294 2411 peccantes
3350 2344 3663 2406 admonere,

416 2447 498 2484 σοι
530 2429 703 2484 ταῦτα
729 2429 910 2498 ἀγαθά
940 2426 1112 2495 εἷναι;
1149 2429 1214 2482 Τί
1245 2428 1353 2501 γάρ
1378 2427 1599 2482 δύναται
1623 2431 1826 2484 τούτων
1854 2434 1992 2500 ἀγα-

2102 2437 2371 2493 debitores
2402 2448 2507 2489 non
2550 2446 2833 2504 premere;
2884 2438 2939 2485 et
2979 2431 3024 2485 si
3068 2445 3176 2500 qua
3207 2431 3274 2485 iis
3310 2431 3532 2488 similia.
3571 2429 3666 2484 Vi-

415 2521 650 2592 θώτερον
684 2516 853 2588 εἷναι;
889 2521 1136 2593 Γύμναξε
1171 2521 1396 2574 σεαυτὸν
1427 2522 1484 2574 ὲν
1511 2520 1752 2588 τούτοις,
1789 2523 1882 2576 καὶ
1917 2525 1992 2595 μὴ

2095 2528 2290 2583 dentur
2321 2525 2416 2580 tibi
2457 2525 2570 2579 haec
2597 2538 2720 2578 esse
2745 2523 2911 2588 bona,
2936 2537 3005 2576 an
3038 2523 3190 2576 non?
3215 2521 3354 2588 Quid
3383 2523 3529 2577 enim
3551 2536 3670 2579 me-

413 2613 748 2685 ὲγκρατεύου
783 2614 1020 2680 πάντων,
1049 2614 1143 2667 καὶ
1177 2612 1316 2685 ζήσῃ
1346 2613 1424 2684 τῷ
1457 2613 1595 2685 Θεῷ.

2095 2617 2200 2672 lius
2223 2624 2327 2683 est,
2355 2617 2602 2685 inquam,
2627 2612 2810 2668 verbis
2829 2612 2950 2667 istis
2965 2611 3106 2683 ('53)?
3131 2611 3259 2668 Vive
3282 2627 3434 2685 ergo,
3465 2614 3664 2686 inquit,

415 2704 475 2758 in
505 2705 591 2758 his
632 2705 936 2771 mandatis,
981 2711 1036 2758 et
1063 2702 1174 2758 noli
1210 2704 1279 2758 ab
1305 2703 1385 2758 eis
1414 2704 1689 2760 recedere.
1724 2703 1782 2760 Si
1813 2706 1960 2760 enim
1991 2707 2322 2764 custodieris
2349 2706 2467 2762 haec
2490 2704 2676 2761 omnia
2706 2703 2986 2771 mandata,
3021 2703 3172 2760 vives
3208 2705 3354 2772 Deo;
3385 2713 3440 2762 et
3468 2720 3664 2765 omnes

418 2797 514 2867 qui
541 2796 899 2853 custodierint
928 2796 1043 2850 haec
1076 2795 1350 2860 mandata,
1391 2795 1574 2850 vivent
1599 2794 1732 2852 Deo.

1675 2896 2021 2961 AN'rlocnUS,
2065 2898 2288 2953 Itomilia
2329 2895 2416 2952 79.

504 2989 569 3041 Ἡ
599 2983 689 3042 οὖν
721 2989 1012 3060 ἐγκράτεια
1045 2987 1204 3058 διπλῆ
1239 2987 1411 3041 ἐστιν·
1451 2989 1542 3041 ὲπί
1587 3006 1746 3042 τινων
1777 2989 1886 3060 γάρ
1917 2991 1997 3044 δεῖ

2174 2993 2350 3063 Igitur
2385 2992 2703 3045 abstinentia
2733 2990 2924 3060 duplex
2951 2999 3028 3045 est
3067 3005 3085 3043 :
3119 3007 3153 3044 a
3187 2991 3502 3061 quibusdam
3530 2992 3670 3045 enim

421 3077 864 3148 ἐγκρατεύεσθαι,
899 3077 988 3133 ἐπί
1020 3095 1180 3131 τινων
1198 3078 1266 3154 κδὲ
1298 3079 1357 3129 οὑ
1390 3079 1488 3131 δεῖ.
1526 3078 1597 3130 Τὸ
1626 3079 1856 3149 πονηρὸν
1889 3080 1996 3150 γὰρ

2099 3083 2359 3136 abstinere
2389 3092 2626 3149 oportet;
2659 3099 2690 3134 a
2722 3083 3041 3151 quibusdam
3079 3099 3198 3136 vero
3233 3099 3335 3136 non
3371 3092 3592 3152 oportet.
3621 3083 3668 3136 Α

419 3171 500 3224 δεῖ
532 3170 974 3242 ὲγκρατεύεσθαι,
998 3171 1093 3220 καὶ
1120 3169 1193 3239 μὴ
1226 3172 1398 3221 ποιεῖν
1425 3169 1556 3220 αὑτό
1575 3184 1586 3196 ·
1624 3169 1683 3220 τὸ
1715 3169 1770 3220 δὲ
1796 3170 1996 3238 ἀγαθὸν

2100 3176 2239 3228 malo
2262 3177 2398 3228 enim
2423 3175 2684 3226 abstinere
2713 3183 2935 3242 oportet,
2959 3183 3008 3227 et
3036 3175 3091 3227 id
3116 3191 3218 3228 non
3246 3177 3419 3244 facere
3442 3193 3462 3231 :
3483 3193 3514 3228 a
3537 3177 3671 3232 bono

425 3260 500 3332 μὴ
540 3259 996 3331 ὲγκρατεύεσθαι,
1033 3259 1168 3310 ἀλλὰ
1214 3261 1406 3310 ποιεῖν.
1469 3259 1860 3328 Ἐγκράτευσαι
1906 3255 1996 3312 οὖν

421 3354 530 3406 ἀπὸ
557 3354 733 3421 πάσης
758 3351 1040 3421 πονηρίας,
1069 3349 1431 3420 ἐργαζόμενος
1460 3350 1520 3402 τὸ
1545 3349 1771 3418 ἀγαθόν·
1799 3349 2000 3421 ἐγκρά-

423 3459 612 3496 τευσαι
634 3442 740 3497 ἀπὸ
768 3440 1329 3511 μοιχείαςρπορνείας,
1360 3440 1722 3511 μεθύσματος,
1748 3442 1995 3513 ἀνομίας,

425 3534 533 3588 ἀπὸ
556 3535 782 3604 τρυφῆς,
805 3533 912 3587 ἀπὸ
947 3534 1228 3604 πονηρίας,
1253 3534 1358 3587 ἀπό
1382 3549 1441 3587 τε
1466 3535 1775 3605 ἐδεσμάτων
1790 3536 1998 3591 πολλῶν

427 3627 520 3680 καὶ
541 3625 904 3690 πολυτελείας,
924 3623 1175 3688 πλούτου,
1207 3627 1301 3679 καὶ
1339 3629 1675 3698 καυχήσεως,
1696 3627 1998 3700 ὑψηλοφρο-

430 3719 612 3791 σύνης,
629 3719 720 3771 καὶ
738 3718 1134 3790 ὑπερηφανίας,
1153 3719 1246 3770 καὶ
1258 3719 1364 3771 ἀπὸ
1380 3718 1710 3789 ψεύσματος,
1725 3721 1817 3772 καὶ
1835 3738 2001 3774 κατα-

425 3806 632 3869 λαλιᾶς,
668 3805 762 3859 καὶ
782 3806 1136 3876 ὑποκρίσεως,
1159 3809 1252 3860 καὶ
1288 3808 1664 3878 μνησικακίας,
1699 3812 1792 3862 καὶ
1823 3810 2000 3882 πάσης

430 3895 794 3969 βλασφημίας,
831 3894 1171 3965 κλέμματος,
1208 3897 1657 3967 ἀποστερήσεως,
1690 3897 1998 3970 ψευδομαρ-

427 3988 654 4060 τυρίας,
702 3987 1046 4053 πλεονεξίας,
1095 3987 1387 4058 ἐπιθυμίας
1432 3989 1703 4059 πονηρᾶς,
1754 3990 1998 4062 ἀπάτης,

428 4080 754 4146 κενοδοξίας,
783 4077 1116 4142 ἀλαζονείας,
1151 4079 1246 4131 καὶ
1288 4079 1388 4131 ὅσα
1418 4079 1624 4142 τούτοις
1662 4081 1823 4150 ὅμοιά
1861 4083 1996 4134 ἐστι.

430 4173 646 4226 Τούτων
678 4172 742 4241 δὴ
774 4172 881 4223 τῶν
908 4171 1084 4242 ἔργων
1116 4171 1196 4223 δεῖ
1226 4165 1648 4241 ὲγκρατεύεσθαι
1679 4172 1768 4224 τὸν
1801 4173 1999 4242 ἁγωνι-
2025 4184 2063 4200 ·’

435 4265 562 4337 στὴν
595 4265 690 4318 καὶ
722 4264 905 4317 δοῦλον
935 4263 1028 4316 τοῦ
1063 4264 1217 4318 Θεοῦ.
1252 4266 1373 4319 Εἰσὶ
1404 4265 1496 4318 καὶ
1529 4265 1662 4335 ἔργα
1707 4266 1917 4334 ἀγαθὰ,
1964 4267 2000 4321 ἃ

2099 3276 2407 3318 autemnon
2450 3267 2747 3330 abstinere,
2792 3265 2880 3317 sed
2920 3265 3110 3333 facere.
3158 3267 3376 3319 Abstine
3413 3268 3576 3336 igitur
3603 3267 3668 3321 ab

2099 3359 2242 3410 omni
2273 3357 2434 3422 malo,
2463 3357 2661 3425 faciens
2685 3358 2820 3426 quod
2847 3361 3036 3410 bonum
3057 3369 3134 3409 est
3161 3372 3180 3408 :
3201 3357 3404 3410 abstine
3425 3358 3489 3410 al-
3514 3359 3672 3413 adul-

2102 3450 2253 3512 terio,
2279 3448 2648 3518 fornicatione,
2678 3445 2948 3512 ebrietate,
2979 3446 3185 3500 malitia
3208 3462 3298 3499 seu
3321 3446 3669 3512 inhonestate,

2100 3558 2133 3594 a
2161 3539 2364 3594 deliciis
2389 3580 2404 3604 ,
2445 3538 2508 3592 ab
2542 3555 2660 3592 esca
2691 3539 2858 3592 nimia
2893 3545 2942 3591 et
2973 3537 3209 3601 lautitia,
3245 3538 3446 3592 diuitiis
3475 3548 3524 3592 et
3555 3539 3672 3609 glo-
3707 3570 3710 3573 -

2100 3635 2346 3698 riatione,
2375 3642 2422 3684 et
2454 3631 2678 3686 elatione
2701 3632 2868 3684 animi
2895 3641 2945 3685 et
2971 3632 3237 3700 superbia,
3267 3641 3316 3684 et
3346 3648 3378 3684 (ι
3401 3632 3672 3684 mendacio

2101 3741 2163 3777 ac
2191 3724 2535 3788 detractione,
2564 3731 2614 3776 et
2647 3724 2882 3793 nequitia
2910 3724 3039 3792 ficta
3059 3765 3074 3789 ,
3105 3733 3152 3777 et
3186 3723 3547 3778 recordatione
3583 3724 3673 3778 in-
3727 3725 3738 3734 ’

2091 3818 2276 3886 juriaz,
2309 3823 2357 3868 et
2382 3815 2522 3867 omni
2545 3814 2868 3884 blasphemia
2897 3813 3010 3885 [seu
3035 3814 3180 3884 fama
3203 3815 3476 3888 pessima,]
3505 3817 3672 3885 furto,

2102 3910 2290 3980 fraude
2320 3924 2409 3962 seu
2440 3907 2819 3978 abnegatione,
2851 3907 2990 3976 falso
3023 3909 3322 3962 testimonio
3342 3950 3358 3976 ,
3403 3911 3669 3974 avaritia,

2101 4000 2386 4068 cupiditate
2426 3999 2602 4060 nuda,
2655 3998 2779 4051 dolo
2804 4039 2818 4064 ,
2859 3999 3008 4052 inani
3055 3999 3261 4070 gloria,
3303 4003 3582 4070 superbia,
3621 4014 3674 4057 et

2099 4090 2418 4161 quaecunque
2457 4090 2521 4142 iis
2562 4089 2758 4142 similia
2807 4098 2948 4143 sunt.
2998 4091 3076 4143 Ab
3127 4091 3208 4146 liis
3259 4108 3381 4163 ergo
3431 4093 3673 4160 operibus

2100 4190 2302 4252 oportet
2327 4181 2585 4235 abstinere
2608 4179 2835 4250 pugilem
2869 4197 2931 4233 ac
2957 4198 3160 4236 servum
3189 4183 3304 4238 Dei.
3336 4183 3470 4239 Sunt
3497 4195 3674 4238 autem

2101 4283 2150 4329 et
2176 4290 2334 4344 opera
2361 4274 2527 4337 bona,
2557 4288 2673 4342 qua:
2713 4281 2914 4342 oportet
2955 4274 3160 4342 facere,
3195 4285 3246 4329 et
3274 4292 3308 4329 a
3344 4275 3533 4346 quibus
3566 4292 3673 4330 non

1517 4369 1754 4425 VARUE
1792 4370 2174 4427 LECTIONES
2210 4367 2572 4440 ET_NOTE.

436 4465 771 4538 testimonio,
803 4480 835 4516 a
870 4464 1156 4538 cupiditate
1177 4504 1210 4538 ,_
1240 4483 1270 4519 a
1307 4465 1602 4536 jactantia,
1652 4475 1700 4538 et
1748 4482 1998 4534 quwcun-
2031 4483 2076 4538 Ι)
2100 4467 2243 4536 quod
2279 4466 2330 4517 in
2359 4464 2547 4538 Graeco
2572 4463 2783 4538 legatur
2805 4461 3000 4534 ἔργων.
3023 4459 3218 4538 _Neque
3245 4457 3450 4538 _l'aiiitur
3478 4458 3563 4538 vi_r
3584 4459 3668 4517 Cl.

434 4545 686 4608 qucLetc.
715 4533 806 4608 Sic
833 4544 1010 4608 autem
1044 4536 1151 4596 ille,
1179 4533 1996 4608 licetagnoscatedilt.’_etmss.

435 4603 692 4660 exhibere
719 4605 1076 4673 abuegatione,
1108 4613 1161 4657 et
1188 4603 1372 4659 statim
1396 4606 1638 4672 superbia
1661 4619 1679 4655 :
1710 4623 1727 4654 ι
1763 4603 1886 4670 Sed,
1917 4607 2002 4658 in-

435 4677 576 4747 quit,
605 4690 768 4728 vores
802 4675 916 4747 istae
961 4675 1121 4742 paulo
1171 4678 1422 4747 superius
1464 4676 1748 4747 habentur,
1800 4692 1898 4747 n_e_c
1932 4676 2001 4729 ab

436 4744 662 4802 auctore
684 4746 923 4813 repetitae
944 4761 1037 4813 per
1057 4745 1407 4811 ταυτολογίαν
1426 4746 1573 4797 credi
1599 4746 1810 4798 debent.
1831 4744 2002 4800 Voces

433 4832 564 4886 ergo
591 4815 726 4886 alias
748 4831 810 4866 ex
838 4813 1026 4886 Cragco
1055 4814 1320 4886 Antiochi
1343 4815 1838 4886 repetendasduxi.
1870 4833 1887 4867 ι

512 4880 624 4954 (26)
667 4884 723 4937 1η
742 4886 902 4938 editis
924 4884 1108 4956 Graeca
1130 4885 1211 4956 sic
1232 4902 1246 4937 τ
1271 4880 1418 4956 εἶναι
1431 4884 1602 4956 ταῦτα
1623 4901 1636 4948 ;
1669 4884 1962 4956 Ἀπεκρίθη
1982 4901 1996 4915 ο

436 4958 549 5012 Καὶ
575 4957 717 5019 λίαν,
753 4972 806 5026 κ.
840 4973 890 5008 τ.
924 4955 972 5006 λ.
995 4953 1095 5008 Ubi
1127 4953 1512 5026 vult_Clericu_s
1545 4955 1644 5024 leg.
1677 4953 1997 5026 ἀπεκρίθην.

435 5029 506 5082 At
538 5025 1105 5097 pseudo-Athanasius
1151 5023 1296 5077 unde
1339 5026 1440 5097 ista
1470 5023 1750 5097 desumpta
1781 5066 1795 5089 ,
1823 5023 2003 5097 ihabet

436 5095 708 5170 ἀπεκρίθη
727 5105 829 5170 ;___et
860 5095 1075 5164 quidem
1107 5104 1321 5170 -rectei
1350 5095 1880 5170 ejus_e_nim__oratio
1928 5095 2000 5149 ita

436 5163 707 5240 postulat,
733 5163 945 5220 Hermae.
970 5181 1076 5240 n_on
1107 5165 1255 5240 item.
1282 5163 1648 5240 Exco‘igitur
1673 5165 1763 5219 illa
1793 5173 2000 5240 tantum

438 5234 668 5310 petenda
696 5253 818 5307 quin
870 5252 936 5291 ex
954 5235 1164 5310 _ﬂerma
1209 5234 1499 5310 descripsit
1542 5252 1555 5288 :
1593 5244 1786 5310 caetera
1840 5237 2004 5310 _omit-

442 5302 626 5374 tenda,
661 5302 726 5363 ut
746 5323 888 5378 saepe
919 5308 1074 5361 alias.
1108 5306 1293 5378 Neque
1324 5302 1469 5359 enim
1499 5302 1889 5378 conformanda
1919 5305 2001 5378 vi:

441 5383 638 5436 dentur
689 5375 1301 5450 pseudo-Athanasiana
1324 5417 1338 5441 ,
1370 5385 1452 5450 _ut
1500 5375 1686 5450 veteri
1721 5375 2003 5450 triterpreti

440 5443 840 5519 respondeant:
867 5449 1011 5519 quod
1035 5455 1213 5519 tamen
1239 5447 1438 5519 passim
1461 5461 1499 5519 _a
1527 5443 1777 5519 Fabricio
1801 5444 2000 5499 factum

441 5513 631 5588 video,
678 5530 841 5591 atque
883 5513 914 5573 :1
961 5518 1172 5572 Clerico
1201 5513 1254 5572 et
1286 5516 1535 5570 Russelio
1565 5513 1873 5570 Fabricium
1915 5530 2004 5569 se~

441 5594 599 5647 cutis.
804 5626 815 5635 -

521 5663 631 5732 (27)
672 5660 905 5731 Conjicit
934 5658 1236 5717 Cotelerius
1273 5658 1360 5713 hic
1404 5656 1705 5715 addendum
1741 5655 2001 5727 operibus,

2103 4530 2296 4591 contra
2325 4551 2388 4587 ac
2418 4534 2610 4587 scribit
2643 4530 2910 4596 Clericus,
2943 4533 3035 4600 qui
3075 4530 3485 4600 putavitipsum
3519 4530 3672 4585 loeu-

2103 4615 2216 4659 tum
2245 4605 2311 4657 de
2343 4605 2425 4658 his
2448 4602 2651 4656 Graecis
2680 4599 3222 4672 pseudo-Athanasii,
3251 4599 3340 4652 ubi
3366 4614 3497 4652 sane
3517 4599 3673 4657 deest

2101 4677 2296 4747 ἔργων.
2329 4669 2859 4747 Verumtjote'lerius
2888 4671 3140 4747 Antiochi
3172 4669 3357 4747 Graeca
3397 4672 3667 4747 resp'exit,

2101 4739 2153 4799 et
2178 4739 2269 4798 hic
2297 4743 2514 4812 quidem
2542 4743 2729 4795 bomil.
2762 4743 2846 4805 79,
2880 4753 2935 4795 ut
2967 4758 3088 4795 mox
3120 4740 3280 4812 intra.
3311 4739 3496 4808 Neque
3519 4739 3670 4812 enim

2102 4817 2154 4869 in
2203 4810 2862 4882 istapseudo-Atlmnasii
2907 4813 3092 4882 Graeca
3125 4811 3353 4878 digitum
3389 4810 3668 4882 intendere

2139 4880 2482 4952 oterat,_quae
2516 4884 2758 4952 nondum
2791 4881 2934 4952 edita
2969 4881 3203 4946 fuerant,
3234 4895 3358 4952 cum
3390 4880 3478 4933 ille
3508 4895 3666 4952 suam

2139 4901 2331 4950 otel‘at,
2361 4901 2482 4952 qua:
2516 4901 2758 4935 nonuum
2791 4901 2934 4935 (301ιὲ
2969 4901 3203 4946 luerunt,
3234 4901 3358 4934 Clllﬂ
3390 4901 3478 4933 me
3508 4901 3629 4934 suat

2101 4901 2760 5022 gatrumapostolicorum
2791 4951 3083 5022 editionem
3125 4951 3179 5005 in
3205 4951 3400 5020 vulgus
3425 4951 3629 5005 emisit.

2175 5025 2287 5097 (28)
2327 5021 2517 5097 Lamb.
2546 5023 2763 5097 desunt,
2787 5023 2929 5097 vivas
2957 5021 3066 5073 Deo
3089 5031 3158 5075 et.

2177 5092 2288 5167 (29)
2331 5093 2518 5167 [λεπτὼ.
2545 5092 2733 5167 pietas,
2763 5093 3004 5167 (equites.

2177 5159 2289 5238 (50)
2330 5159 2605 5238 Latnb._et
2631 5159 2911 5238 C_ar_m(_iu
2953 5162 3059 5214 vita
3089 5161 3378 5238 hominum.
3423 5159 3528 5225 Qui
3557 5161 3669 5213 [tax

2105 5231 2404 5291 custodierit
2436 5243 2486 5287 et
2515 5233 2691 5298 fecerit
2723 5233 2775 5284 in
2806 5232 2912 5284 vita
2940 5249 3057 5297 sua,
3090 5232 3218 5285 vivet
3249 5231 3375 5285 Deo.

2177 5306 2289 5378 (51)
2330 5305 2519 5378 bamb.
2552 5301 2619 5378 In
2648 5301 2892 5378 hospitio.

2177 5369 2290 5446 (52⁷)
2330 5374 2567 5446 Bodl._et_
2593 5369 2782 5424 Lamb.
2810 5371 3172 5446 humiliorem._
3195 5370 3368 5446 Vetus
3397 5373 3668 5446 interpres

2107 5440 2241 5502 forte
2281 5447 2385 5515 leg.
2427 5443 2763 5515 ἐνδεέστερον
2805 5441 3054 5515 γενέσθαι
3104 5441 3316 5515 πάντων
3347 5440 3668 5513 ἀνθρώπων.

2108 5518 2198 5572 Sic
2230 5527 2283 5571 et
2320 5511 2640 5568 Antiochus.
2674 5511 2845 5564 ’Aliter
2870 5512 3450 5580 pseudo-Athanasius.

2177 5589 2288 5658 (55)
2329 5586 2481 5641 Bodl.
2512 5593 2564 5638 et
2595 5581 2783 5637 Lamb.
2811 5582 2999 5635 horum
3033 5582 3323 5636 verborum.
