4074 6154
457 243 564 298 955

1916 230 1976 293 8.
2013 230 2274 295 ΗΕΒΜῘΕ

3595 236 3711 299 936

458 351 611 408 debes
640 351 919 406 abstinere.
950 345 1192 405 Primum
1218 365 1336 405 vero
1363 351 1598 405 omnium
1633 359 1711 404 est
1736 349 1867 418 ﬁdes
1888 392 1904 416 ,
1949 351 2021 404 ti-

2126 350 2206 404 δεῖ
2233 351 2582 422 ἐργάζεσθαι,
2618 347 2710 405 καὶ
2748 351 2821 423 μὴ
2851 346 3301 422 ὲγκρατεύεσθαι.
3335 348 3451 420 Πρὸ
3480 346 3538 401 δὲ
3569 351 3714 403 πάν-

460 461 578 499 mor
614 445 858 510 Domini,
897 445 1159 510 charitas,
1192 445 1505 508 concordia,
1534 443 1688 498 verba
1723 443 2022 515 tenuitatis,

459 539 686 602 veritas,
735 537 1028 606 patientia,
1077 536 1247 589 viduis
1297 536 1708 602 administrare,
1763 535 2025 604 orphanos

458 643 708 697 pauperes
736 636 786 680 et
823 626 1016 680 solatio
1055 626 1337 680 destitutos
1367 627 1602 692 visitare,
1635 641 1807 680 servos
1837 625 1932 678 Dei
1960 639 2027 680 es

459 718 768 774 necessitate
795 718 1076 780 redimere,
1106 716 1424 786 hospitalem
1463 732 1604 781 esse,
1629 717 1900 785 quietum,
1931 717 2030 767 hu-

459 810 742 864 millimum
754 811 872 879 ﬁeri
895 810 1126 862 omnium
1143 809 1435 874 hominum,
1456 809 1678 876 majores
1696 817 1826 861 natu
1838 808 2024 870 colere,

456 901 668 955 studere
698 899 962 967 justitiae,
1002 899 1389 968 fraternitatem
1431 915 1755 961 conservare,
1795 898 2028 970 equani-

457 1006 590 1045 ntem
620 1005 758 1056 esse,
792 989 1135 1044 contumelias
1164 989 1384 1058 stt/ferre
1419 987 1543 1060 [seu
1569 1005 1675 1043 non
1703 989 1892 1043 habere
1921 1005 2029 1042 me-

457 1083 682 1136 moriam
729 1078 1100 1152 injuriarum],
1152 1081 1332 1133 animo
1381 1079 1682 1135 laborantes
1720 1079 2024 1143 consolari;

455 1174 632 1244 lapsos
660 1191 693 1228 a
723 1176 828 1244 ﬁde
867 1191 969 1228 non
997 1175 1271 1244 projicere,
1306 1174 1397 1227 sed
1428 1182 1721 1228 convertere
1751 1189 1813 1224 ac
1849 1186 2027 1241 tequa-

455 1268 620 1320 nimes
649 1267 856 1336 facere;
896 1277 1168 1336 peccantes
1210 1265 1488 1319 admonere
1508 1307 1522 1329 ,
1557 1263 1815 1318 debitores
1847 1264 2024 1331 inopes

455 1374 556 1411 non
591 1374 859 1426 premere;
912 1369 960 1411 et
1010 1358 1058 1410 si
1107 1372 1212 1427 qua
1260 1357 1327 1409 iis
1380 1355 1603 1410 similia.
1649 1351 1710 1408 Si
1739 1353 1878 1406 enim
1906 1352 2024 1422 quis

455 1449 760 1501 custodierit
775 1450 904 1514 lucc,
931 1459 980 1502 et
1002 1464 1104 1503 non
1125 1447 1189 1501 ab
1210 1449 1285 1502 eis
1303 1447 1568 1502 recesserit
1595 1459 1656 1499 ac
1691 1443 2022 1511 abstinuerit,

454 1540 585 1594 vivet
619 1539 744 1596 Deo.

2124 459 2254 508 των,
2289 444 2490 508 πίστις,
2526 441 2690 512 φόϐος
2719 444 2945 515 Κυρίου,
2971 442 3182 512 ἀγάπη,
3208 439 3450 510 ὁμόνοια,
3487 442 3709 512 ῥήματα

2126 533 2503 605 δικαιοσύνης,
2538 533 2795 604 ἀλήθεια-ν
2831 533 3105 605 προμονὴς
3151 533 3348 603 χήραις
3390 532 3709 602 ὑπηρετεῖν.

2129 628 2399 700 ὀρφανοὺς
2431 626 2856 698 ὑστερουμένους
2883 625 3333 689 ἐπισκέπτεσθαι,
3363 624 3423 689 ἐξ
3453 625 3710 694 ἀναγκῶν

2129 716 2454 789 λυτροῦσθαι
2484 717 2612 780 τοὺς
2643 715 2861 780 δούλους
2890 716 2984 770 τοῦ
3015 715 3151 769 Θεοῦ
3170 755 3185 780 ,
3227 715 3499 786 φιλόξενον
3531 711 3708 782 εἶναι,

2128 806 2364 877 ἥσυχον,
2415 805 2754 878 ἐνδεέστερον
2805 805 3049 875 γίνεσθαι
3096 807 3314 860 πάντων
3367 803 3706 877 ἀνθρώπων,

2128 894 2436 966 πρεσϐύτας
2465 895 2736 960 σέϐεσθαι,
2761 897 2948 951 ἀσκεῖν
2979 897 3340 968 δικαιοσύνην,
3373 897 3710 970 ἀδελφότητα

2130 989 2435 1058 συντηρεῖν,
2473 988 2823 1060 μακρόθυμον
2848 985 3007 1055 εἶναι,
3046 990 3408 1062 μνησικακίαν
3441 989 3514 1061 μὴ
3535 989 3707 1060 ἔχειν,

2128 1079 2432 1150 κάμνοντας
2474 1083 2541 1151 τῇ
2591 1080 2734 1151 ψυχῇ
2783 1081 3136 1153 παρακαλεῖν,
3185 1080 3707 1152 ὲσκανδαλισμένους

2126 1170 2235 1223 ἀπὸ
2267 1170 2504 1234 πίστεως
2539 1170 2612 1242 μὴ
2645 1171 3062 1238 ἀποϐάλλεσθαι,
3091 1171 3204 1226 ἀλλ’
3228 1171 3573 1243 ἐπιστρέφειν
3606 1171 3707 1226 καὶ

2123 1261 2394 1327 εύθύμους
2423 1265 2616 1326 ποιεῖν,
2659 1263 3071 1334 ἁμαρτάνοντας
3103 1263 3389 1323 νουθετεῖν.
3423 1263 3707 1334 χρεώστας

2131 1350 2207 1423 μὴ
2241 1351 2444 1406 θλίϐειν
2477 1353 2708 1417 ἐνδεεῖς,
2750 1351 2843 1406 καὶ
2886 1353 2943 1407 εί
2965 1372 3086 1408 τινα
3115 1354 3323 1418 τούτοις
3361 1355 3520 1426 ὃμοιά
3563 1355 3702 1406 ἐστι.

2127 1443 2312 1498 Ταῦτα
2344 1443 2452 1516 γὰρ
2493 1445 2587 1498 ἐάν
2621 1463 2705 1509 τις
2738 1445 2968 1520 φυλάξῃ,
3013 1447 3108 1500 καὶ
3155 1447 3230 1519 μὴ
3274 1445 3704 1520 ὲγκρατεύσηται

2097 1533 2221 1587 ’ἀπ’
2256 1533 2456 1598 αὐτῶν,
2489 1533 2713 1606 ζήσεται
2744 1534 2824 1606 τῷ
2857 1535 2997 1607 Θεῷ.

1762 1647 2225 1715 MANDATUM
2257 1654 2369 1713 IX.

1251 1757 1709 1821 Postulandum
1739 1777 1778 1817 a
1805 1759 1930 1817 Deo
1965 1753 2234 1826 assidue,
2279 1762 2333 1814 et
2361 1753 2496 1814 sine
2523 1751 2932 1815 haesitatione.
3259 1771 3310 1824 ο

1852 1880 2036 1936 APUT
2077 1879 2362 1936 UNICUM.

1807 1880 2021 1938 CAPU'I

523 1979 722 2034 lterum
751 1979 887 2034 dixit
937 1978 1111 2034 mihi:
1152 1967 1305 2033 Tolle
1335 1993 1366 2032 a
1398 1986 1450 2032 te
1493 1975 1913 2042 dubitationem,
1966 1983 2021 2029 et

2175 1880 2191 1932 I
2347 1921 2362 1936 .

2125 1880 2170 1934 Ν
2193 1880 2513 2042 ῗῦἳῗἋρον
2541 1971 2649 2026 ἀπὸ
2674 1971 2767 2027 σοῦ
2794 1973 2894 2044 τὴν
2915 1971 3190 2044 διψυχίαν,
3217 1971 3310 2024 καὶ
3344 1967 3568 2040 μηδενὸς
3585 1967 3701 2040 (35)

452 2071 588 2125 nihil
616 2074 842 2126 omnino
866 2070 1102 2126 dubites.
1131 2068 1328 2124 Petens
1373 2068 1580 2138 aliquid
1609 2083 1638 2121 a
1665 2067 1920 2132 Domino,
1955 2081 2022 2122 ne

451 2161 603 2216 dicas
632 2162 770 2215 intra
803 2169 887 2216 te:
913 2159 1200 2226 Quomodo
1239 2158 1351 2230 (56)
1391 2175 1522 2214 vero
1559 2171 1783 2228 possum
1817 2157 2023 2228 aliquid

452 2261 634 2321 petere
653 2268 681 2306 a
714 2250 965 2317 Domino,
986 2259 1039 2306 et
1058 2251 1305 2306 obtinere
1331 2249 1472 2319 (58).
1497 2265 1622 2304 cum
1651 2249 1753 2303 sim
1772 2258 2025 2318 peccator

453 2353 727 2400 tantorum
753 2345 1018 2399 malorum
1045 2343 1101 2397 in
1134 2341 1462 2426 Dominum?
1484 2341 1605 2397 Noli
1637 2343 1740 2397 hoc
1761 2341 2019 2413 cogitare;

451 2437 545 2492 sed
598 2451 665 2492 ex
715 2437 847 2492 totis
876 2436 1194 2506 praecordiis
1219 2443 1538 2491 convertere
1592 2435 1657 2488 ad
1708 2433 2019 2489 Dominum.

337 2535 344 2539 '
451 2523 580 2578 Pete
606 2525 725 2580 sine
759 2525 1136 2591 dubitatione,
1158 2532 1214 2578 et
1247 2523 1389 2578 scies
1434 2523 1867 2579 misericordiam
1913 2521 2022 2576 Do-

449 2616 618 2682 mini;
678 2617 824 2686 quod
873 2632 982 2672 non
1022 2625 1073 2671 te
1125 2616 1509 2685 derelinquet,
1559 2615 1653 2671 scd
1706 2615 2021 2684 petitionem

447 2703 648 2759 animae
708 2714 812 2759 tua:
843 2704 1162 2775 adimplebit
1193 2705 1329 2775 (41).
1381 2702 1500 2758 Νοη
1545 2711 1629 2758 est
1686 2701 1833 2756 enim
1878 2700 2022 2756 Deus

449 2793 594 2849 sicut
636 2793 927 2861 homines,
1000 2809 1273 2849 memores
1334 2792 1447 2863 (42)
1498 2793 1853 2861 injuriarum;
1929 2791 2024 2846 sed

449 2895 537 2941 est
589 2887 879 2941 immemor
929 2887 1296 2956 iniuriarum,
1351 2896 1406 2940 et
1455 2885 1744 2940 miseretur
1781 2885 2020 2956 ﬁgmenti

451 2977 536 3032 sui
565 2978 698 3047 (M).
732 2976 873 3048 Ergo
914 2977 1146 3047 puriﬁca
1177 2993 1274 3033 cor
1315 2986 1466 3032 tuum
1499 2977 1568 3030 ab
1599 2977 1856 3033 omnibus
1876 2977 2023 3032 vitiis

451 3068 618 3139 hujus
641 3070 824 3125 szeculi
855 3069 992 3142 (45),
1019 3079 1074 3124 et
1107 3070 1338 3125 observa
1372 3068 1628 3139 praedicta
1665 3069 1831 3124 verba
1864 3069 1960 3124 tibi
1991 3084 2024 3126 ι

451 3159 564 3216 Deo
592 3161 716 3216 data
747 3159 890 3231 (46);
922 3168 973 3215 et
993 3160 1229 3230 accipies
1248 3161 1432 3214 omnia
1456 3159 1597 3214 bona
1626 3173 1747 3229 quae
1775 3160 1948 3230 petis:
1971 3168 2024 3216 et

448 3266 517 3306 ex
551 3251 814 3307 omnibus
857 3250 1216 3322 petitionibus
1245 3251 1355 3304 tuis
1385 3249 1522 3304 nihil
1568 3250 1744 3304 deerit
1792 3250 1935 3315 tibi,
1974 3251 2020 3306 si

2124 2062 2260 2126 ὅλως
2285 2062 2608 2136 διψυχήσης,
2633 2063 2958 2135 αἰτήσασθαι
3009 2062 3160 2135 παρὰ
3194 2061 3290 2116 τοῦ
3324 2059 3460 2114 Θεοῦ
3479 2100 3494 2124 ,
3526 2059 3704 2128 λέγων

2124 2153 2181 2204 ὲν
2212 2153 2451 2224 σεαυτῷ·
2525 2151 2709 2216 Ὅπως
2745 2154 3041 2226 δυνήσομαι
3077 2154 3396 2225 αἰτήσασθαι
3420 2152 3530 2223 (57)
3553 2149 3706 2222 παρὰ

2122 2241 2216 2295 τοῦ
2247 2244 2454 2316 Κυρίου
2487 2243 2623 2317 (καὶ)
2640 2244 2843 2311 λαϐεῖν,
2873 2244 3208 2318 ἡμαρτηκὼς
3228 2244 3461 2297 τοσαῦτα
3498 2243 3578 2307 εἰς
3602 2242 3702 2296 αὑ-

2122 2335 2249 2403 τόν;
2277 2337 2368 2409 Μὴ
2402 2337 2704 2407 διαλογίζου
2735 2337 2927 2402 ταῦτα,
2964 2337 3080 2391 ἀλλ’
3109 2336 3168 2404 ἐξ
3197 2335 3323 2408 ὅλης
3352 2336 3575 2406 καρδίας
3604 2352 3702 2389 σου

2123 2429 2448 2502 ὲπίστρεψον
2477 2432 2612 2503 πρὸς
2650 2427 2853 2502 Κύριον
2885 2429 3018 2502 (59),
3062 2429 3158 2483 καὶ⁸
3203 2428 3354 2482 αἰτοῦ
3379 2429 3508 2499 παρ’
3533 2426 3699 2480 αὐτοῦ

2123 2520 2484 2585 ἀδιστάκτως,
2514 2521 2609 2573 καὶ
2643 2519 2828 2593 γνώσῃ
2870 2520 2968 2591 τὴν
3006 2517 3544 2589 πολυευσπλαγχνίαν
3585 2517 3698 2589 (40)

2124 2611 2310 2675 αύτοῦ,
2333 2613 2413 2665 ὅτι
2435 2612 2496 2665 ού
2521 2613 2594 2683 μή
2613 2628 2672 2664 σε
2706 2611 3096 2685 ἐγκαταλείπῃ,
3133 2610 3267 2664 ἀλλὰ
3296 2608 3356 2662 τὸ
3382 2612 3584 2681 αἴτημα
3597 2610 3700 2680 τῆς

2123 2704 2301 2775 ψυχῆς
2322 2719 2414 2757 σου
2452 2704 2875 2776 πληροφορήσει.
2906 2703 3020 2757 Οὐκ
3053 2703 3166 2757 ἐστι
3197 2703 3304 2776 γὰρ
3333 2705 3360 2756 ὁ
3389 2701 3518 2766 Θεὸς
3547 2701 3622 2766 ὡς
3645 2703 3699 2756 oi

2109 2794 2396 2864 ἅνθρωποι
2424 2792 2904 2864 μνησικακοῦντες,
2932 2792 3048 2846 ἀλλ’
3075 2792 3233 2855 αὐτὸς
3257 2791 3367 2863 (45)
3389 2791 3698 2864 ἅμνησίκα·

2123 2885 2220 2950 κός
2247 2885 2385 2949 ἐστι,
2429 2884 2523 2938 καὶ
2559 2884 2982 2954 σπλαγχνίζεται
3019 2884 3111 2937 ἐπὶ
3141 2883 3238 2955 τὴν
3268 2883 3480 2955 ποίησιν
3507 2883 3695 2939 αὑτοῦ.

2123 2976 2197 3030 Σὺ
2234 2970 2327 3029 οῦν
2351 2975 2646 3046 καθάρισον
2693 2975 2792 3045 τὴν
2821 2975 3044 3048 καρδίαν
3070 2992 3162 3029 σου
3191 2975 3298 3028 ἀπὸ
3333 2975 3550 3030 πάντων
3585 2973 3699 3027 τῶν

2127 3068 2369 3141 ματαίων
2401 3067 2625 3134 τούτων,
2667 3068 2891 3122 καὶτῶν
2942 3068 3353 3144 προειρημένων
3401 3083 3481 3122 σοι
3516 3065 3698 3139 ῥημά-

2121 3179 2251 3226 των,
2280 3161 2374 3215 καὶ
2400 3159 2551 3214 αἰτοῦ
2574 3159 2727 3232 παρὰ
2753 3159 2849 3214 τοῦ
2877 3160 3106 3232 Κυρίου,
3136 3160 3231 3215 καὶ
3263 3160 3409 3234 λήψῃ
3428 3201 3442 3226 ,
3465 3161 3559 3214 καὶ
3588 3158 3700 3214 ἀπὸ

2125 3252 2340 3306 πάντων
2367 3252 2474 3306 τῶν
2506 3253 2822 3324 αἰτημάτων
2853 3269 2944 3307 σου
2973 3253 3267 3325 ἀστέρητος
3290 3252 3408 3326 ἔσῃ,
3447 3251 3540 3306 ἐὰν
3579 3251 3698 3304 ἀδι-

450 3344 569 3399 sine
607 3343 946 3398 dubitatione
968 3342 1190 3414 petieris
1226 3356 1257 3396 a
1294 3340 1544 3396 Domino.
1582 3341 1684 3408 Qui
1711 3358 1840 3413 ergo
1887 3345 2021 3400 tales

2126 3344 2370 3407 στάκτως
2403 3343 2662 3414 αἰτήσεις.
2722 3342 2848 3396 Ἐὰν
2899 3343 2956 3397 δὲ
2982 3343 3242 3416 διστάσῃς
3282 3343 3341 3396 ὲν
3391 3345 3456 3414 τῇ
3501 3341 3701 3414 καρδίᾳ

449 3450 559 3489 non
587 3443 716 3489 sunt
745 3433 880 3504 (47),
906 3433 1134 3489 omnino
1163 3431 1300 3487 nihil
1331 3431 1623 3501 impetrant
1661 3448 1851 3488 eorum
1897 3451 2020 3505 qua:

448 3535 642 3596 petunt
668 3525 802 3595 (48).
828 3523 964 3579 Nam
993 3525 1086 3595 qui
1118 3524 1264 3594 pleni
1294 3532 1423 3578 sunt
1443 3521 1566 3590 ilde,
1619 3526 1802 3579 omnia
1831 3535 2022 3596 petunt

451 3619 767 3683 ﬁdentes,et
784 3617 1058 3686 accipiunt
1073 3633 1104 3670 a
1121 3614 1372 3680 Domino,
1391 3615 1517 3685 quia
1542 3615 1660 3671 sine
1682 3616 2022 3674 dubitatione

448 3717 660 3778 petunt.
677 3706 868 3762 Omnis
890 3707 1033 3761 enim
1056 3706 1311 3760 dubitans
1340 3705 1523 3774 homo,
1545 3706 1591 3762 si
1610 3723 1716 3762 non
1743 3709 2016 3778 pteniten-

448 3801 580 3855 tiam
607 3798 802 3869 egerit,
821 3796 1036 3852 dillicile
1050 3795 1159 3852 Deo
1180 3796 1340 3850 vivet.
1355 3795 1585 3853 Purilica
1609 3813 1738 3869 ergo
1754 3815 1848 3854 cor
1867 3809 2019 3854 tuum

449 3907 480 3946 a
502 3891 928 3957 dubitatione,et
950 3890 1114 3944 indue
1146 3888 1396 3954 ﬁdem,et
1413 3893 1570 3946 crede
1594 3891 1732 3957 Deo;
1759 3901 1812 3946 et
1835 3893 2021 3947 omnia

449 3998 572 4053 qua:
593 3982 1105 4052 petieris,accipies.
1126 3981 1231 4038 Sed
1255 3985 1300 4040 si
1318 3991 1470 4051 petas
1492 3983 1782 4053 aliquando
1803 3985 2028 4054 petitio-

450 4089 599 4141 nem,
629 4085 683 4129 et
713 4090 822 4129 non
856 4075 1097 4145 accipias
1130 4077 1242 4147 (49)
1264 4120 1279 4144 ,
1307 4078 1418 4134 noli
1446 4077 1715 4141 dubitare,
1738 4077 1866 4148 quia
1900 4093 2013 4133 non

449 4167 561 4223 cito
588 4167 866 4236 acceperis
894 4167 1208 4236 petitionem
1237 4170 1432 4226 anima:
1455 4179 1580 4225 tuae.
1595 4169 1842 4225 Forsitan
1870 4171 2015 4225 enim

448 4268 675 4331 propter
701 4259 1078 4329 tentationem,
1104 4269 1198 4316 aut
1233 4275 1333 4332 pro
1355 4271 1578 4332 peccato
1610 4271 1740 4328 tuo,
1785 4263 1929 4332 quod
1959 4273 2016 4319 tu

2118 3453 2232 3500 σου,
2268 3434 2420 3489 οὐδὲν
2451 3435 2512 3488 οὐ
2559 3434 2633 3506 μὴ
2655 3434 2800 3507 λήψῃ
2826 3433 2935 3488 τῶν
2974 3435 3292 3511 αἰτημάτων
3333 3452 3447 3488 σου.
3485 3436 3547 3488 Oi
3585 3433 3697 3506 γὰρ

2113 3527 2452 3592 διστάζοντες
2481 3527 2561 3589 εἰς
2595 3525 2687 3580 τὸν
2708 3527 2860 3592 Θεὸν,
2893 3520 3035 3582 οὗτοί
3065 3527 3200 3580 εἰσιν
3221 3523 3297 3590 ὡς
3321 3524 3562 3598 δίψυχοι,
3603 3523 3698 3579 καὶ⁸

2116 3619 2268 3673 οὐδὲν
2288 3621 2424 3683 ὅλως
2448 3618 2785 3690 λαμϐάνουσι
2804 3618 2913 3672 τῶν
2951 3618 3266 3691 αἰτημάτων
3311 3620 3508 3672 αὐτῶν.
3545 3621 3607 3673 Οἱ
3635 3617 3694 3673 δὲ

2116 3711 2382 3776 ὁλοτελεῖς
2412 3711 2566 3775 ὅντες
2595 3713 2653 3765 ὲν
2691 3713 2758 3782 τῇ
2783 3711 2964 3765 πίστει
2985 3711 3162 3764 πάντα
3195 3710 3697 3775 αἰτοῦνται,πεποι-

2119 3802 2271 3869 θὸτες
2300 3805 2394 3858 ἐπὶ
2421 3802 2512 3858 τὸν
2542 3801 2695 3868 Θεὸν,
2725 3804 2817 3858 καὶ
2839 3802 3225 3875 λαμϐάνουσιν,
3249 3803 3328 3856 ὅτι
3358 3802 3695 3866 ἁδιστάκτως

2117 3895 2412 3960 αἰτοῦνται,
2440 3893 2606 3967 μηδὲν
2631 3893 2998 3966 διψυχοῦντες.
3030 3893 3144 3958 Πᾶς
3169 3893 3277 3966 γὰρ
3296 3891 3514 3965 δίψυχος
3529 3895 3690 3966 ἀνὴρ,

2117 3989 2212 4043 ἐὰν
2245 3989 2318 4062 μὴ
2356 3988 2698 4060 μετανοήσει,
2731 3986 3003 4051 δυσκόλως
3027 3985 3344 4058 σωθήσεται.
3378 3986 3693 4057 Καθάρισον

2111 4077 2204 4136 οῦν
2229 4081 2328 4153 τὴν
2350 4079 2571 4153 καρδίαν
2602 4097 2696 4134 σου
2727 4077 2834 4133 ἀπὸ
2847 4078 2945 4150 τῆς
2969 4078 3238 4149 διψυχίας,
3268 4076 3486 4131 ἔνδυσαι
3515 4079 3570 4131 δὲ
3592 4079 3691 4149 τὴν

2112 4171 2316 4235 πίστιν,
2334 4173 2413 4226 ὅτι
2435 4170 2629 4244 ἰσχυρά
2667 4169 2802 4236 ἐστι,
2819 4170 2910 4225 καὶ
2927 4170 3145 4224 πίστευε
3165 4169 3242 4241 τῷ
3257 4169 3392 4242 Θεῷ,
3418 4171 3498 4224 ὅτι
3515 4171 3690 4224 πάντα

2113 4264 2184 4319 τὰ
2210 4263 2488 4337 αἰτήματά
2527 4281 2645 4330 σου,
2672 4263 2707 4318 ἃ
2727 4264 2873 4335 αἰτῇ,
2904 4261 3071 4337 λήψῃ.
3110 4263 3218 4318 Καὶ
3250 4265 3346 4320 ἐὰν
3386 4265 3688 4337 αἰτησάμεο

1528 4375 1767 4433 ἾΑΒῙᾸΕ
1805 4377 2186 4435 LECTIONES
2223 4379 2313 4436 ET
2350 4379 2583 4436 NOTE.

520 4469 632 4555 (ζιι)
675 4467 753 4555 [is
789 4465 972 4555 Doctr,
1010 4469 1384 4555 ΔιιιιμΑζιιὶοεξι.
1422 4457 1839 4555 ηψηλνξίε-ρρς.
1885 4472 2011 4529 256.
2048 4478 2095 4536 D
2128 4543 2141 4555 .
2194 4473 2308 4555 (με)
2350 4473 2541 4529 Lamb.
2564 4473 2719 4528 homo
2747 4487 2961 4526 memor.
2986 4467 3140 4524 Bodl.
3169 4466 3432 4522 malorum
3454 4483 3554 4538 pro
3603 4471 3688 4524 in-

448 4539 652 4621 Eadem
685 4539 977 4621 exscripsit
997 4539 1833 4621 Antiochus.homilz‘Sbaliujtis
1861 4558 2016 4597 man-

447 4611 558 4665 dati
580 4608 944 4683 fragmentum
973 4609 1140 4665 edidit
1161 4609 1394 4683 Grabius
1420 4611 1488 4683 in_
1507 4608 1756 4683 Spicileg;
1790 4613 2016 4683 Patrum

447 4689 583 4764 tom.
614 4680 654 4764 ἰ,
686 4678 966 4764 ρεςεῦρὸ,
991 4693 1059 4733 ex
1091 4680 1421 4764 mngatena
1450 4678 1762 4764 Graecorum
1791 4681 2012 4764 Patrum

447 4748 503 4804 in
531 4750 665 4804 Acta
699 4749 1064 4817 apostolorum
1095 4758 1148 4803 et
1172 4748 1440 4872 Egistolas
1464 4752 1786 4817 catholicas,
1824 4753 1914 4806 ubi
1946 4751 2014 4806 ad

445 4819 868 4899 erplicationem
890 4821 1180 4899 verborum
1211 4860 1264 4899 η.
1290 4819 1564 4899 Jacobi",
1587 4821 1640 4888 6,
1670 4823 1782 4899 ista
1805 4819 2016 4899 Hermae

447 4887 1021 4971 adducunturLLa‘tuit
1047 4904 1178 4971 sane
1205 4889 1466 4971 Grahium
1492 4891 1596 4945 hoc
1618 4887 2016 4971 pseudo-Atha-

446 4958 588 5013 nasii
617 4974 776 5082 ogus,
802 4958 928 5013 licet
955 4967 1084 5014 tunc
1109 4960 1222 5028 jam
1250 4961 1476 5022 editum,
1509 4976 1576 5014 ex
1611 4958 1722 5030 quo
1767 4960 1872 5014 alia
1897 4960 2013 5029 ple-

446 5041 615 5110 raque
693 5028 968 5110 ausissetn
993 5028 1106 5110 μσς
1130 5029 1417 5110 ῐτεβιηοηιί
1448 5029 1708 5110 Grabiani
1736 5031 2013 5110 variantes

446 5095 707 5170 lectiones
752 5097 1157 5170 adnotabimus.
1211 5095 1303 5170 Sic
1355 5095 2011 5170 autem_incipit:'Apov

446 5166 700 5237 ceco-toﬁ,
721 5168 924 5237 absque
946 5168 1072 5223 ἀπό.
1099 5169 1185 5222 Al.
1214 5168 1321 5224 ἀπὸ
1352 5167 1600 5224 σεαυτοῦ.

512 5238 625 5310 (55)
665 5235 978 5310 Granicum
1009 5239 1080 5292 al.
1111 5239 1206 5292 καὶ
1226 5239 1410 5310 μηδέν.

671 5305 860 5388 bamb.
889 5307 1157 5388 Quoniam
1181 5305 1488 5388 quomodo.

854 5377 1054 5447 aliique
1077 5376 1306 5450 δύναμαι
1330 5378 1651 5450 αἰτήσασθαί
1680 5396 1756 5433 τι.

515 5444 631 5514 (58)
671 5444 862 5516 ιέιιιιιι).
896 5444 1147 5516 accipere,
1178 5444 1236 5500 ut
1258 5444 1455 5503 habent
1476 5449 1688 5504 Graeca.

516 5516 629 5588 (739)
669 5514 832 5588 Grai).
858 5516 992 5586 πρὸς
1010 5514 1100 5588 τὸν
1130 5516 1352 5588 Κύριον.

515 5584 630 5658 (Ψ)
671 5583 836 5658 _G_ra_b.
865 5583 989 5658 cuin
1022 5587 1092 5658 al.
1140 5583 1631 5658 πολύσπλαγχνίαν.

517 5653 630 5721 (Η)
671 5651 822 5708 Bodl.
845 5664 898 5710 et
928 5653 1116 5712 Lamb.
1157 5656 1389 5724 replebit.

2109 4560 2508 4685 μ’(λέῗῗῖοθι).
2536 4612 2586 4667 οἰ
2615 4607 3073 4735 μνησικακοῦντες
3103 4607 3383 4680 ἀλλήλους.
3417 4607 3475 4663 in
3503 4626 3690 4665 exem-

2119 4683 2260 4736 piari
2308 4681 2835 4736 nseudo-Atnanasii
2896 4679 3098 4734 excidit
3139 4679 3279 4734 forte
3321 4679 3583 4736 ἀλλήλους
3617 4682 3686 4734 ob

2637 4700 2651 4735 l

2117 4679 2260 4806 piari
2287 4679 2835 4764 pseudo-Athanasii
2862 4751 2872 4762 _
2896 4679 3098 4734 excidit
3139 4679 3279 4734 forte
3321 4679 3583 4761 ἀλλήλους
3617 4682 3686 4734 ob

2155 4753 2509 4806 kl’contmuo
2531 4766 2784 4806 sequens.
2811 4749 2910 4804 Ηιο
2932 4758 3111 4803 autem
3139 4749 3400 4803 mendosa
3429 4758 3484 4803 et
3505 4751 3684 4804 hiulca

2155 4753 2235 4807 λλ’
2252 4749 2509 4808 continuo
2531 4749 2910 4822 sequensrﬂic
2932 4758 3111 4822 autem
3139 4749 3400 4822 mendosa
3429 4749 3484 4822 et
3505 4751 3684 4804 hiulca

2115 4823 2284 4878 editio
2314 4821 2509 4876 Clerici
2537 4863 2552 4889 ,
2611 4818 2703 4876 ubi
2763 4821 2842 4876 sic
2869 4838 2883 4874 :
2915 4819 2969 4890 οἰ
3010 4818 3499 4890 μνησίκακοί-είσι
3525 4860 3540 4883 ,
3596 4823 3686 4874 καὶ

2117 4887 2555 4963 σπλαγχνίζεταιζ
2608 4890 2767 4963 idem
2817 4887 3072 4963 mendum
3104 4887 3112 4890 ⁷
3143 4889 3298 4963 apud
3344 4887 3680 4963 Russeliutn.

2116 4958 2360 5044 ptraque
2400 4963 2527 5016 item
2558 4961 2734 5044 editio.
2756 4960 2921 5044 inﬁda
2941 4967 3024 5013 est
3059 4973 3222 5044 supra
3252 4958 3432 5044 Μειηάἒ
3467 4976 3530 5022 v,
3559 4977 3680 5030 cap.

2113 5030 2169 5098 2,
2193 5028 2288 5102 ubi
2319 5046 2418 5102 pro
2443 5031 2804 5101 συνισταμένη
2833 5029 3063 5102 γίνεται,
3091 5028 3286 5097 legitur
3313 5028 3644 5102 συνίσταταιζ

2155 5096 2162 5098 “
2187 5101 2300 5172 (44)
2319 5096 2532 5157 Ἰιςιηιικ
2557 5096 2804 5172 ﬁgmento
2833 5096 2948 5153 suo.
2975 5096 3270 5168 ﬂuensque
3315 5098 3679 5169 fragmentum

2114 5169 2471 5228 Grabianum.

2164 5187 2471 5226 ramanum.

2185 5242 2300 5320 (45)
2343 5241 2493 5320 Bodl.
2523 5259 2555 5295 a
2608 5243 2763 5320 malis
2796 5236 3219 5312 cogitationibus,
3245 5248 3294 5293 et
3326 5239 3389 5293 ab
3439 5240 3678 5295 omnibus

2111 5311 2267 5382 hujus
2296 5311 2480 5382 scecuti
2507 5313 2748 5381 negotiis.

2208 5382 2298 5452 46)
2330 5380 2518 5452 Lamb.
2550 5380 2720 5447 deest,
2752 5381 2900 5436 data.

2207 5451 2298 5520 47)
2337 5451 2440 5506 Ms.
2467 5451 2603 5507 Vict.
2629 5452 2846 5516 desunt,
2870 5469 2974 5507 non
3005 5463 3150 5508 sunt.

2209 5521 2298 5592 48)
2339 5520 2529 5592 Lamb.
2554 5537 2618 5575 ea:
2645 5524 2984 5591 petitionibus
3023 5539 3156 5577 suis.

2182 5590 2297 5662 (ιθ)
2336 5590 2528 5648 Lamb.
2557 5601 2606 5646 et
2638 5590 2844 5647 tardius
2883 5594 3116 5664 accipias
3137 5591 3435 5664 petitionem
3462 5603 3634 5645 tuam.
