4074 6154
438 207 546 265 93'!

1449 212 1743 272 PASTOR.
1780 242 1849 253 —
1883 210 2016 271 LIB.
2056 211 2124 279 ll,
2161 213 2549 274 MANDATUM
2583 214 2674 276 IX.

3598 223 3704 285 93

436 325 529 387 νός
558 339 689 378 ποτε
721 328 875 400 παρὰ
904 326 999 381 τοῦ
1028 328 1235 401 Κυρίου
1264 327 1474 401 αἰτημά
1498 346 1586 396 τι,
1630 328 1724 382 καὶ
1753 326 1857 401 [μὴ
1890 327 2014 382 ἀπο-

2128 326 2371 397 ignoras,
2394 328 2607 385 tardius
2642 328 2879 401 accipies
2914 331 3232 403 petitionem
3287 342 3460 391 tuam.
3512 337 3619 394 bed
3644 348 3703 393 tu

435 416 631 490 λήψῃ,]
656 417 731 490 μὴ
751 417 1099 490 διψυχήσεις,
1146 419 1230 472 ὅτι
1267 419 1457 491 τάχιον
1489 418 1591 472 οὐκ
1621 418 1813 481 ἔλαϐες
1848 417 1912 471 τὸ
1937 417 2027 472 ατ-

434 528 589 584 τημα
610 511 710 582 τῆς
761 510 941 583 ψυχῆς
996 527 1124 564 σου·
1159 511 1378 576 πάντως
1428 510 1540 584 γάρ
1591 510 1681 565 διὰ
1718 510 2029 584 πειρασμόν

432 618 579 665 τινα,
609 600 643 672 ἢ
688 599 1043 672 παράπτωμά
1056 618 1109 654 τι
1137 601 1166 654 ὃ
1198 601 1263 654 σὺ
1289 602 1524 671 ἀγνοεῖς,
1554 600 1657 655 οὐκ
1688 599 1901 664 ἔλαϐες.
1950 600 2023 656 Σὺ

2125 419 2238 475 noli
2266 420 2518 475 desinere
2544 419 2660 492 (50)
2698 423 2932 492 petendo
2953 426 3274 499 petitionem
3317 429 3517 485 animae
3558 440 3702 490 tua:

2125 518 2180 565 et
2207 510 2467 581 accipies.
2500 509 2558 565 Si
2584 521 2765 567 autem
2788 515 3092 572 cessaveris
3113 518 3379 588 petendo,
3399 520 3467 576 de
3494 529 3546 577 te
3571 536 3706 593 que-

2129 600 2296 668 raris,
2328 616 2436 655 non
2461 600 2529 656 de
2558 600 2690 669 Deo,
2723 603 2870 674 quod
2905 620 3017 660 non
3045 608 3254 666 dederit
3275 611 3391 666 tibi.

432 690 528 749 οὖν
550 692 626 765 μὴ
657 691 913 764 διαλίπῃς
953 690 1247 764 εὐχόμενος
1270 691 1333 745 τὸ
1355 694 1564 765 αἴτημα
1583 692 1686 764 τῆς
1726 692 1905 764 ψυχῆς
1920 708 2036 755 σου,
2090 691 2196 757 ἓως
2219 684 2282 746 οῦ
2316 691 2573 767 ἀπολήψῃ
2602 693 2754 748 αὐτό.
2809 693 2934 749 Ἐάν
2988 696 3048 750 δὲ
3097 699 3414 776 ὲκκακήσῃς
3430 704 3527 759 καὶ
3554 703 3710 779 διψυ-

415 786 609 858 ,ᾳχήσῃς
632 784 970 856 αἰτούμενος,
1001 783 1191 838 ἑαυτὸν
1223 784 1402 852 αἰτιῶ,
1441 786 1537 841 καὶ
1564 786 1639 859 μὴ
1678 785 1772 840 τὸν
1810 785 2022 841 διδόντα
2054 803 2156 841 σοι.

506 898 681 951 Βλέπε
700 895 796 953 οῦν
816 899 915 971 τὴν
927 899 1179 972 διψυχίαν
1197 917 1212 931 ·
1237 899 1452 973 πονηρά
1465 900 1574 973 γάρ
1600 900 1719 954 ἐστι
1737 901 1833 956 καὶ
1852 899 2022 955 ἀσύν-

431 1010 555 1057 ετος
574 1032 589 1057 ,
621 994 716 1048 καὶ
753 994 981 1060 πολλοὺς
1009 995 1221 1068 ὲκριζοῖ
1250 996 1360 1051 άπὸ
1384 997 1486 1068 τῆς
1510 997 1789 1063 πίστεωςτ,
1829 996 1925 1051 καί
1953 1012 2020 1067 γε

432 1081 553 1138 λίαν
584 1085 814 1149 πιστοὺς
844 1087 939 1143 καὶ
966 1086 1241 1160 ἰσχυρούς.

428 1292 860 1363 Καταφρόνησον
894 1287 989 1346 οὖν
1018 1291 1188 1364 αὐτῆς
1216 1293 1276 1348 ἐν
1315 1292 1479 1347 παντὶ
1518 1292 1825 1365 πράγματι,
1866 1289 2019 1345 ἐνδυ-

430 1382 665 1453 σάμενος
704 1383 805 1455 τὴν
849 1382 1033 1436 πίστιν
1067 1384 1167 1456 τὴν
1210 1384 1437 1456 ἰσχυράν
1490 1384 1584 1437 καὶ
1632 1383 1886 1454 δυνατήν.
1951 1380 2018 1435 Ἠ

426 1476 537 1549 γάρ
568 1476 757 1540 πίστις
781 1477 959 1531 πάντα
982 1477 1399 1547 ἐπαγγέλλεται,
1435 1479 1613 1532 πάντα
1640 1476 1841 1531 τελειοῖ
1858 1492 1872 1508 ·
1900 1476 1934 1547 ἡ
1959 1474 2019 1529 δὲ

427 1566 672 1638 διψυχία,
710 1568 785 1639 μὴ
826 1567 1301 1622 καταπιστεύουσα
1348 1568 1579 1641 ἑαυτὴν,
1619 1566 1839 1623 πάντων
1880 1567 2021 1624 άπο-

426 1657 685 1730 τυγχάνει
707 1657 884 1731 ἔργων
928 1658 1119 1731 αὐτῆς,
1147 1653 1224 1714 ὧν
1246 1660 1504 1731 πράσσει.

426 1990 503 2045 Σὺ
536 1983 630 2044 οῦν
668 1987 886 2044 δούλευε
904 1991 970 2062 τῇ
994 1986 1127 2062 εὐχῇ
1152 2006 1269 2057 σου,
1291 1991 1359 2063 τῇ
1375 1989 1603 2061 δυνάμει
1624 1988 1724 2062 τῆς
1754 1988 2014 2057 πίστεως,

427 2080 526 2136 καὶ
558 2081 701 2158 ζήσῃ
744 2081 825 2157 τῷ
878 2082 1030 2157 Θεῷ·
1075 2083 1173 2139 καὶ
1216 2084 1423 2151 πάντες
1470 2086 1523 2141 οἰ
1566 2087 2016 2160 καταφρονήσαν-

425 2190 521 2242 τες
541 2175 678 2249 (55).

2200 897 2338 956 Vide
2365 915 2499 972 ergo
2529 902 2926 963 dubitationem
2958 908 3139 977 banc,
3183 928 3349 983 quam
3373 920 3708 989 perniciosa

2125 992 2197 1049 sit
2220 1000 2275 1048 et
2310 1008 2476 1061 saeva,
2500 1004 2556 1051 et
2586 997 2791 1052 multos
2815 998 3080 1057 radicitus
3105 1005 3303 1060 evellat
3323 1022 3355 1061 a
3384 1009 3509 1076 fide,
3540 1014 3705 1069 etiam

2122 1088 2281 1143 valde
2305 1090 2493 1146 lideles
2536 1100 2593 1147 et
2624 1091 2836 1150 ﬁrmos.
2884 1093 3097 1152 Etenim
3135 1100 3251 1173 (5i)
3285 1101 3402 1159 haec
3438 1104 3709 1164 dubitatio

2124 1178 2237 1235 lilia
2282 1189 2367 1237 est
2411 1182 2639 1248 diaboli,
2679 1194 2734 1241 et
2786 1187 2944 1245 valde
2990 1192 3243 1262 nequiter
3262 1194 3375 1264 agit
3422 1214 3547 1253 cum
3592 1216 3710 1257 ser-

2121 1272 2206 1328 vis
2235 1273 2350 1345 (52)
2392 1274 2511 1331 Dei.
2548 1276 2854 1334 Contemne
2891 1296 3024 1352 ergo
3067 1282 3583 1347 dubitationemzet
3609 1292 3710 1349 do-

2122 1362 2423 1420 minaberis
2457 1365 2607 1422 illius
2646 1365 2702 1421 in
2728 1368 2877 1423 omni
2907 1383 2987 1425 re.
3013 1369 3185 1428 Indue
3214 1373 3429 1431 ﬁrmam
3465 1375 3627 1434 ﬁdem
3655 1388 3711 1440 et

2120 1462 2421 1524 potentem.
2460 1457 2622 1514 Fides
2651 1460 2799 1516 enim
2823 1463 3011 1519 omnia
3043 1469 3396 1537 repromittit,
3423 1480 3478 1530 et
3519 1474 3707 1535 omnia

2121 1558 2504 1618 consummat;
2539 1552 2809 1610 dubitatio
2844 1565 3028 1613 autem
3055 1574 3166 1615 non
3196 1563 3372 1619 credit
3406 1580 3466 1622 se
3497 1567 3709 1640 aliquid

2121 1637 2536 1735 impetraturam
2565 1646 2825 1703 omnibus
2863 1650 3128 1719 operibus
3143 1653 3262 1711 suis
3279 1670 3404 1726 qua:
3425 1658 3539 1731 agit
3565 1637 3704 1735 (δ’ὁ).

2050 1737 2093 1793 Β
2122 1730 2301 1825 Vides
2321 1748 2475 1805 ergo,
2500 1735 2701 1809 inquit,
2732 1741 2878 1810 quod
2908 1741 3043 1799 ﬁdes
3066 1744 3361 1803 desursum
3391 1730 3475 1807 est
3509 1767 3541 1808 a
3569 1730 3705 1825 Deo,

2118 1829 2175 1876 et
2216 1821 2377 1881 habet
2403 1824 2659 1882 virtutem
2681 1844 2975 1901 magnam;
3012 1833 3283 1896 dubitatio
3314 1851 3498 1899 autem
3526 1821 3707 1904 terre:-

2120 1925 2226 1966 nus
2248 1912 2476 1983 spiritus
2503 1926 2607 1982 est,
2645 1927 2702 1975 et
2723 1934 2755 1975 a
2785 1919 3025 1991 diabolo,
3051 1924 3311 1985 virtutem
3331 1946 3442 1987 non
3472 1932 3702 1992 habens.

2120 1999 2203 2057 Tu
2233 2002 2402 2075 igitur
2450 2022 2608 2065 serva
2650 2010 2909 2069 virtutem
2938 2013 3065 2071 ﬁdei
3095 2018 3249 2089 (5i):
3281 2036 3313 2077 a
3362 2021 3707 2085 dubitatione

2121 2102 2306 2182 autem
2346 2098 2561 2167 recede,
2595 2116 2719 2173 qua:
2765 2118 2877 2158 non
2920 2103 3087 2163 liabet
3116 2109 3406 2182 virtutem;
3453 2125 3509 2172 et
3554 2118 3705 2176 vives

2118 2180 2251 2241 Deo.
2286 2183 2358 2242 Et
2374 2204 2571 2249 omnes
2600 2191 2784 2250 vivent
2812 2194 2948 2266 Deo,
2974 2198 3295 2275 quicunque
3336 2180 3455 2264 haec
3471 2209 3703 2278 egerint.

1698 2314 2035 2384 ANTIOCHUS,
2067 2316 2289 2376 Itomilia
2311 2321 2403 2381 83.

505 2455 762 2529 ’Δρωμεν
781 2448 877 2511 οῦν
910 2454 1005 2525 ἀφ’
1037 2453 1196 2528 ἡμῶν
1224 2453 1328 2526 τὴν
1355 2452 1610 2525 διψυχίαν
1640 2454 1737 2508 καὶ
1761 2451 2042 2523 ὀλιγοψυ-’

427 2548 574 2623 χίαν,
610 2548 707 2603 καὶ
739 2549 863 2621 μηδ’
884 2548 1022 2611 ὅλως
1040 2546 1422 2620 διψυχήσωμεν
1442 2546 1769 2620 αἰτήσασθαί
1786 2564 1840 2601 τι
1861 2545 2015 2620 παρὰ

430 2641 528 2695 τοῦ
559 2639 719 2707 Θεοῦ,
763 2639 1016 2709 λέγοντες
1055 2639 1116 2692 ἐν
1147 2639 1388 2701 ἑαυτοῖς·
1441 2637 1563 2691 Ὅτι
1613 2636 1735 2701 πῶς
1779 2635 2015 2709 δύναμαι

432 2731 761 2804 αἰτήσασθαι
794 2732 945 2805 παρὰ
959 2731 1186 2804 Κυρίου,
1205 2731 1300 2785 καὶ
1315 2729 1519 2796 λαϐεῖν,
1537 2728 1873 2803 ἡμαρτηκὼς
1883 2744 2014 2783 τοσ·

429 2823 571 2877 αῦτα
595 2824 676 2888 εἰς
691 2823 874 2890 αὐτόν;
899 2822 1016 2878 ἀλλ’
1037 2822 1095 2890 ἐξ
1118 2822 1246 2895 ὅλης
1264 2823 1364 2895 τῆς
1387 2822 1612 2894 καρδίας
1644 2839 1739 2875 σου
1770 2820 2017 2893 ἐπίστρεο

428 2914 532 2986 ψον
553 2916 647 2970 ἐπὶ
676 2915 767 2970 τὸν
797 2915 1002 2988 Κύριον
1026 2914 1284 2970 καὶαίτοῦ
1308 2917 1440 2987 παρ’
1458 2914 1624 2968 αὐτοῦ
1652 2914 2012 2980 άδιστάκτως,

431 3007 527 3062 καὶ
550 3007 780 3077 γνώσεις
802 3008 902 3080 τὴν
934 3008 1139 3079 πολλὴν
1161 3007 1327 3061 αὐτοῦ
1361 3006 1795 3078 εὐσπλαγχνίαν,
1841 3006 1925 3060 ὅτι
1951 3005 2013 3060 οὐ

432 3102 507 3175 μή
539 3119 597 3155 σε
627 3099 999 3173 ἐγκαταλίπῃ,
1042 3099 1178 3152 ἀλλὰ
1219 3098 1281 3152 τὸ
1319 3100 1529 3170 αἴτημα
1558 3098 1659 3168 τῆς
1695 3097 1874 3170 ψυχῆς
1918 3114 2014 3151 σου

2193 2458 2469 2521 Tollantus
2498 2483 2621 2539 ergo
2648 2485 2682 2524 a
2711 2471 2864 2527 nobis
2898 2473 3289 2532 dubitationem
3324 2488 3376 2533 et
3414 2479 3704 2549 pusillani-

2120 2552 2385 2620 mitatem,
2414 2565 2467 2612 et
2492 2559 2627 2614 nihil
2647 2563 2862 2618 omnino
2886 2563 3187 2623 dubitemus
3220 2576 3396 2637 petere
3429 2570 3636 2643 aliquid
3667 2591 3702 2629 a

2118 2643 2252 2714 Deo,
2310 2649 2547 2708 dicentes
2575 2653 2718 2709 intra
2748 2672 2878 2711 nos:
2905 2655 3183 2724 Quomodo
3234 2677 3450 2731 possum
3491 2665 3702 2736 aliquid

2115 2749 2290 2808 petere
2310 2758 2346 2796 α
2376 2740 2605 2800 Domino
2625 2756 2677 2803 et
2708 2750 2964 2817 obtinere,
2995 2766 3115 2805 cum
3158 2750 3262 2807 sim
3298 2765 3547 2824 peccator
3578 2768 3705 2813 lan-

2118 2841 2296 2887 torum
2346 2831 2612 2891 malorum
2656 2840 2710 2894 in
2749 2843 2916 2897 eum?
2968 2841 3075 2900 Sed
3111 2859 3192 2898 ex.
3222 2846 3347 2901 totis
3390 2851 3700 2917 primordiis

2116 2934 2413 2980 convertere
2442 2928 2516 2982 ad
2554 2929 2863 3001 Dominum,
2893 2944 2943 2991 et
2972 2944 3087 3004 pete
3112 2936 3178 2992 ab
3227 2953 3289 2993 eo
3336 2938 3452 2995 sine
3480 2940 3703 2998 dubita~

2118 3017 2301 3083 tione;
2348 3028 2401 3073 et
2419 3023 2556 3076 scies
2608 3040 2855 3096 magnam
2901 3026 3016 3096 ejus
3074 3028 3519 3097 misericordiam,
3560 3031 3704 3107 quod

2116 3124 2221 3162 non
2252 3118 2301 3163 te
2331 3116 2675 3183 dereainquet,
2698 3117 2789 3169 sed
2818 3116 3125 3185 petitionem
3167 3121 3363 3175 anima:
3392 3130 3498 3179 tua:
3520 3125 3701 3178 adim-

429 3194 861 3267 vtl'qpcqtopﬁaat.
889 3192 1005 3245 Οὐκ
1028 3189 1143 3243 ἔστι
1166 3188 1276 3260 γὰρ
1297 3188 1493 3253 ὀΘεδς,
1524 3188 1601 3253 ὡς
1629 3188 1680 3241 οἱ
1713 3187 2009 3292 ἄνθρωποι,

2115 3198 2296 3269 plebit.
2318 3198 2441 3254 Non
2468 3215 2545 3258 est
2569 3206 2709 3259 enim
2720 3206 2883 3274 Deus,
2905 3211 3043 3266 sicut
3071 3211 3325 3280 homines,
3345 3229 3596 3271 memores
3612 3219 3701 3272 itt-

433 3282 903 3358 μνησικακοῦντες
924 3321 940 3347 ,
976 3281 1093 3335 ἀλλ’
1130 3280 1291 3345 αὐτὸς
1326 3279 1880 3373 άμνησίκαιιόςῌὲστι,
1906 3278 2012 3373 Δκαὶ

2114 3292 2421 3362 furiarum;
2449 3297 2541 3349 sed
2572 3306 2649 3354 est
2676 3298 2951 3355 immemor
2972 3303 3319 3373 injuriarum,
3346 3315 3397 3360 et
3424 3307 3701 3365 miseretur

430 3376 859 3447 σπλαγχνίζεται
886 3373 979 3426 ἐπὶ
999 3373 1099 3443 τὴν
1118 3372 1336 3442 ποίησιν
1364 3369 1550 3424 αὑτοῦ.
1571 3370 1643 3454 Συ
1667 3365 1761 3424 οῦν
1781 3368 2014 3441 καθάρι-

429 3487 523 3523 σον
553 3470 653 3538 τὴν
671 3465 895 3536 καρδίαν
923 3482 1017 3518 σου
1042 3463 1258 3517 ἀπὸτοῦ
1277 3458 1569 3527 διστάζειν,
1594 3463 1686 3517 καὶ
1718 3461 1872 3517 αἰτοῦ
1886 3460 2016 3533 παρ’

432 3558 603 3629 αὐτῷ,
631 3558 727 3610 καὶ
755 3556 902 3630 λήψῃ
928 3556 988 3609 τὸ
1015 3555 1224 3626 αἴτημά
1262 3570 1377 3608 σου.
1430 3554 1599 3608 Ἑπὰν
1625 3555 1682 3608 δὲ
1722 3554 2013 3620 διστάζεις,

428 3651 493 3705 οὐ
525 3650 691 3725 λήψῃ.
746 3649 810 3704 Oi
842 3649 953 3722 γὰρ
995 3648 1339 3713 διστάζοντες
1390 3648 1471 3711 εἰς
1523 3646 1615 3702 τὸν
1658 3647 1814 3735 Θεὸν,
1868 3644 2014 3704 οῦτοί

430 3743 568 3796 εἰσιν
594 3742 643 3795 οἰ
677 3740 907 3812 δίψυχοι,
942 3740 1035 3795 καὶ
1080 3739 1236 3793 οὐδὲν
1278 3738 1415 3802 ὅλως
1450 3738 1873 3809 ἐπιτυγχάνουσι
1899 3737 2011 3792 τῶν

426 3833 747 3905 αἰτημάτων
778 3832 979 3887 αὐτῶν.
1002 3832 1065 3885 Oi
1083 3830 1140 3883 δὲ
1168 3829 1433 3895 ὁλοτελεῖς
1463 3830 1615 3894 ὄντες
1631 3832 1689 3883 ὲν
1705 3832 1773 3902 τῇ
1804 3829 2007 3892 πίστει,

427 3925 608 3981 πάντα
653 3925 967 3989 αἰτοῦνται,
1016 3924 1339 3986 πεποιθότες
1376 3924 1471 3977 ἐπὶ
1512 3923 1606 3977 τὸν
1645 3922 1885 3995 Κύριον,
1915 3924 2011 3976 καὶ

424 4015 815 4089 λαμϐάνουσιν,
856 4016 940 4069 ὃτι
962 4015 1300 4078 άδιστάκτως
1330 4012 1623 4067 αἰτοῦνται.
1661 4014 1788 4067 Ἐὰν
1820 4012 1877 4066 δὲ
1915 4015 2009 4068 καὶ

429 4108 755 4182 βραδύτερον
785 4106 1101 4179 λαμϐάνεις,
1139 4105 1214 4179 μὴ
1234 4105 1556 4179 διψυχήσῃς,
1586 4106 1668 4159 ὅτι
1687 4106 1789 4159 οὐκ
1818 4105 2010 4170 ἔλαϐες

427 4202 565 4271 ταχὺ
599 4201 660 4255 τὸ
690 4203 899 4273 αἰτημα
928 4200 1027 4271 τῆς
1045 4198 1224 4271 ψυχῆς
1254 4215 1372 4252 σου.
1405 4199 1629 4262 Πάντως
1648 4199 1758 4271 γάρ
1790 4198 1880 4253 διά
1897 4217 2012 4253 πει-

430 4292 637 4363 ρασμόν
668 4308 811 4354 τινα,
840 4290 874 4363 ἢ
906 4288 1262 4363 παράπτωμά
1282 4307 1358 4354 τι,
1383 4288 1412 4343 ὃ
1435 4290 1500 4344 σὺ
1525 4289 1742 4359 ἀγνοεῖς
1760 4330 1775 4355 ,
1808 4289 2027 4365 βραδύ-ν

425 4400 584 4454 τερον
615 4381 931 4452 λαμϐάνεις.
964 4382 1036 4435 Σὺ
1071 4376 1166 4436 οὖν
1209 4382 1283 4453 μὴ
1313 4380 1567 4454 διαλίπῃς
1594 4380 1914 4453 αἰτούμενος
1948 4382 2011 4437 τὸ

426 4476 635 4545 αἴτημα
662 4472 766 4543 τῆς
792 4472 973 4543 ψυχῆς
995 4490 1111 4540 σου,
1145 4474 1239 4527 καὶ⁹
1267 4473 1413 4548 λήψῃ
1453 4473 1605 4527 αὑτό.
1661 4473 1786 4528 Ἐὰν
1816 4475 1875 4529 δὲ
1913 4477 2009 4530 ἐκ-

428 4565 690 4635 κακήσεις
715 4562 1053 4634 αἰτούμενος,
1088 4565 1310 4619 σεαυτὸν
1354 4566 1533 4631 αἰτιῶ,
1560 4566 1655 4622 καὶ
1698 4565 1774 4639 μὴ
1804 4566 1896 4622 τὸν
1925 4569 2006 4622 δι-

424 4659 585 4712 δόντα
606 4658 707 4711 σοί.
751 4658 816 4710 Ἦ
843 4656 954 4729 γὰρ
983 4654 1204 4726 διψυχία
1230 4654 1478 4728 θυγάτηρ
1534 4656 1655 4709 ἐστὶ
1692 4656 1787 4710 τοῦ
1826 4656 2007 4711 διαϐό-

427 4752 541 4814 λου,
573 4751 665 4804 καὶ
688 4749 807 4803 λίαν
834 4747 1193 4821 πονηρεύεται
1222 4747 1305 4810 εἰς
1330 4747 1459 4810 τοὺς
1486 4746 1705 4812 δούλους
1722 4746 1818 4801 τοῦ
1845 4749 2004 4803 Θεοῦ.

428 4843 500 4896 Σὺ
529 4839 623 4897 οὖν
644 4841 858 4896 ἔνδυσαι
880 4840 980 4913 τὴν
1004 4839 1188 4893 πίστιν
1216 4837 1318 4910 τὴν
1343 4838 1594 4910 ἰσχυράν.

2116 3385 2353 3454 ﬁgmenti
2407 3387 2514 3441 sui.
2547 3387 2691 3460 Ergo
2710 3391 2940 3460 puri/ica
2961 3409 3054 3446 cor
3083 3402 3232 3450 tuum
3281 3413 3314 3450 a
3338 3397 3695 3469 dubitatione,

2115 3486 2166 3531 et
2184 3486 2300 3543 pete
2323 3477 2390 3532 ab
2412 3492 2490 3545 eo,
2515 3487 2568 3534 et
2582 3481 2811 3550 accipies
2831 3483 3140 3552 petitionem
3160 3495 3329 3542 tuam.
3355 3484 3490 3542 Cum
3517 3501 3697 3545 autem

2118 3569 2466 3633 dubitaveris,
2496 3588 2599 3627 non
2637 3573 2887 3644 accipies.
2920 3574 3025 3642 Qui
3045 3576 3183 3630 enim
3207 3578 3457 3634 dubitant
3482 3581 3548 3635 de
3569 3582 3696 3651 Deo,

2117 3665 2171 3720 Ιιὶ
2203 3675 2325 3720 sunt
2363 3666 2532 3732 dubii,
2560 3676 2610 3721 et
2640 3668 2853 3722 omnino
2883 3668 3018 3723 nihil
3041 3670 3325 3739 impetrant
3350 3689 3533 3729 eorum
3581 3692 3700 3747 qua:

2117 3769 2317 3832 petunt.
2347 3758 2492 3813 Nam
2515 3760 2606 3831 qui
2638 3760 2781 3831 pleni
2803 3770 2926 3817 sunt
2952 3761 3076 3832 fide,
3109 3765 3288 3818 omnia
3314 3775 3495 3834 petunt
3530 3768 3701 3838 ﬁden-

2119 3865 2193 3909 tes
2221 3853 2471 3920 Domino,
2516 3864 2569 3909 et
2596 3855 2888 3926 accipiunt,
2920 3857 3049 3926 quia
3089 3857 3202 3912 sine
3226 3858 3559 3917 dubitatione
3610 3880 3701 3934 pe-

2118 3956 2254 4004 tunt.
2287 3946 2390 4002 Sed
2422 3947 2469 4002 si
2500 3947 2709 4002 tardius
2733 3949 2990 4018 accipias,
3013 3947 3126 4003 noli
3151 3949 3414 4019 dubitare,
3438 3954 3565 4024 quia
3592 3972 3698 4011 non

2116 4042 2221 4096 cito
2254 4040 2515 4110 acceperis
2554 4042 2864 4111 petitionem
2907 4043 3100 4098 anima:
3132 4054 3258 4100 tuas.
3293 4045 3522 4104 Omnino
3554 4051 3698 4105 enim

2114 4144 2328 4205 propter
2354 4134 2716 4201 tentationem,
2739 4144 2832 4188 aut
2852 4150 2947 4205 pro
2971 4145 3206 4205 peccato,
3219 4139 3359 4207 quod
3383 4149 3438 4194 tu
3462 4141 3699 4212 ignoras,

2040 4237 2087 4295 υ
2116 4227 2326 4281 tardius
2355 4226 2577 4296 accipis.
2608 4224 2713 4280 Sed
2745 4234 2803 4280 tu
2840 4225 2950 4281 noli
2978 4228 3216 4284 desinere
3235 4232 3455 4300 petendo
3478 4235 3698 4302 petitio-

2119 4335 2236 4372 nem
2288 4318 2485 4372 anima:
2541 4327 2647 4372 tua:
2675 4358 2692 4385 ,
2740 4326 2795 4372 et
2825 4319 3076 4390 accipies.
3109 4317 3171 4374 Si
3200 4332 3375 4376 autem
3414 4329 3698 4381 cessaveris

2116 4410 2338 4481 petendo
2362 4448 2379 4476 ,
2420 4410 2484 4463 de
2516 4418 2566 4463 te
2588 4410 2852 4480 queraris,
2899 4426 3003 4465 non
3025 4410 3089 4465 de
3115 4427 3175 4465 eo
3204 4413 3296 4483 qui
3343 4430 3448 4468 non
3492 4416 3696 4474 dederit

2120 4503 2239 4557 tibi.
2288 4502 2504 4557 Etenim
2535 4502 2803 4557 dubitatio
2836 4503 2954 4573 ﬁlia
2991 4514 3068 4558 est
3095 4504 3318 4574 diaboli,
3342 4517 3391 4562 et
3421 4509 3572 4564 valde
3607 4527 3699 4565 ne-

2114 4599 2292 4667 quiter
2316 4596 2428 4667 agit
2483 4609 2603 4649 cum
2646 4595 2809 4652 servis
2858 4594 3093 4651 Dei-Tu
3120 4607 3244 4668 ergo
3284 4598 3446 4655 indue
3484 4601 3697 4670 ﬁrmant

2116 4688 2277 4758 [idem
2307 4696 2357 4743 et
2383 4696 2669 4757 potentem.

1526 4999 1761 5056 VARl/E
1801 5001 2186 5061 LECTIONES
2225 4999 2314 5058 ET
2354 5000 2591 5058 ΝΟΤᾹΞ.

500 5115 613 5186 (50)
656 5115 844 5171 Lamb.
876 5118 1133 5174 deserere.

502 5186 615 5257 (5t)
656 5186 869 5242 Laudat
897 5189 1043 5244 hunc
1070 5190 1250 5247 locum
1300 5191 1636 5248 Athanasius
1666 5193 1763 5250 lib.
1794 5195 1872 5251 De
1906 5198 2005 5251 de-

426 5257 749 5334 cretishiic.
770 5274 886 5334 εμπ.
910 5275 1063 5334 num.
1091 5261 1148 5330 4,
1177 5271 1312 5318 ιοιη.
1344 5262 1386 5331 Ι,
1429 5278 1552 5334 pag.
1580 5264 1709 5331 211,
1743 5266 1874 5321 edit.
1892 5267 2002 5323 BB.

501 5328 615 5398 (5‘2)
656 5326 847 5384 Lamb.
877 5330 947 5383 ad
968 5326 1165 5387 servos.

504 5399 618 5469 (55)
659 5398 848 5476 Lamb.
876 5400 978 5454 sibi
998 5404 1233 5458 omnium
1256 5405 1538 5475 impetrare
1557 5421 1771 5476 operum
1787 5423 2007 5462 suorum

464 5485 545 5523 ua:
582 5471 712 5524 auit.

427 5485 753 5619 “fastigiis.
788 5539 929 5596 Vict.
977 5547 1113 5619 servi
1149 5545 1395 5619 virtutem
1440 5546 1651 5602 habenti
1692 5549 1842 5619 ﬁdei.
1894 5547 2002 5603 Sed

430 5626 535 5666 ms.
564 5610 749 5666 Carm.
809 5628 957 5666 serva
984 5615 1144 5683 ﬁdem
1181 5616 1454 5673 habentem
1497 5610 1765 5677 virtutem.
1805 5618 2001 5676 Lamb.

664 5736 945 5811 ΡΑτιιοι.
995 5735 1111 5795 Gn.
1149 5734 1225 5796 ll.

2107 5137 2493 5200 autem,_serva
2511 5125 2761 5200 uirtutem
2787 5127 2982 5200 habita:
3010 5129 3159 5200 ﬁdei.

2180 5196 2296 5266 (55)
2327 5195 2491 5291 Vetas;
2510 5195 3023 5291 interpresvidetur
3047 5201 3246 5291 legisse
3270 5203 3531 5291 οῖ’ταῦτα
3557 5222 3691 5291 φρο-

2107 5267 2389 5391 νῆσαντες.
2434 5266 2490 5320 Si
2534 5280 2663 5320 vera
2714 5276 2800 5322 est
2844 5269 3006 5326 lectio
3028 5266 3693 5347 .xa'eacppovﬁcavug’.}n-

2111 5346 2163 5391 te
2190 5338 2292 5391 liae
2321 5337 2421 5391 τῆς
2457 5336 2708 5391 διιίιυγίας
2728 5377 2743 5391 .
2775 5339 2840 5391 de
2863 5356 2968 5391 nua
3005 5344 3168 5391 nauln
3200 5354 3325 5391 ante
3346 5365 3359 5391 ξ
3402 5349 3693 5391 Rumori.

2111 5336 2292 5408 ιειιίεθ
2321 5337 2421 5424 ac
2457 5336 2755 5433 ἕειῐέτέιίοξει
2775 5339 2972 5433 (ἔξιθι
3005 5336 3359 5433 ﬁneﬁne}
3390 5336 3693 5433 suane:-

2115 5354 2292 5408 teutge
2321 5354 2421 5424 της
2457 5354 2743 5479 οιιξυἼαξ.
2775 5354 2840 5393 ae
2863 5356 2968 5409 qua
3005 5354 3168 5412 paulo
3200 5354 3359 5401 ante:
3390 5354 3689 5472 _K_atagpo'-

2115 5424 2278 5485 unum
2299 5408 2585 5485 ουν-αὑτης
2644 5409 3105 5485 -τΑης-διψυχίας(
3144 5414 3218 5470 lla
3244 5415 3527 5473 Fabrlcms
3594 5420 3689 5475 tbi.

2121 5476 2214 5548 (Ir.
2234 5480 2358 5548 vol.
2392 5476 2453 5544 V,
2481 5476 2725 5548 βοείη.
2755 5476 3013 5547 ρυὰηἶὶη
3049 5476 3375 5543 sententiam
3406 5490 3695 5548 nrwiverat

2112 5546 2197 5601 CI.
2228 5546 2691 5625 Montfauconu§;
2734 5546 2813 5625 sic
2865 5552 3012 5625 enim
3046 5557 3245 5625 vertit:
3281 5558 3350 5611 Et
3397 5546 3501 5614 Deo
3528 5562 3690 5625 uices.

2113 5627 2266 5687 atque
2297 5636 2474 5675 omnes
2503 5621 2594 5691 qui
2623 5619 3093 5699 [dubitationem]
3118 5632 3547 5700 contempserint.

3372 5744 3453 5806 30
