3944 6146
224 358 332 414 945

1254 358 1550 416 PASTOR.
1587 388 1661 400 —
1698 357 1828 414 LIB.
1870 356 1938 422 ll,
1977 352 2366 410 MANDATUM
2402 351 2519 408 XII.

3369 346 3485 406 940.

225 490 440 545 ἔνδυσαι
466 488 565 561 τὴν
595 485 889 556 ἐπιθυμίαν
904 485 1004 556 τὴν
1023 481 1233 553 ἀγαθὴν
1271 482 1366 534 καὶ
1420 478 1641 550 σεμνὴν.
1690 477 1805 531 Ἐν·
1833 522 1842 539 λ

1908 477 2131 537 malum,
2159 481 2212 527 et
2258 472 2426 527 indue
2470 470 2826 540 cupiditatem
2866 471 3075 529 bonam
3107 479 3166 528 et
3205 480 3475 529 sanctam.

222 580 512 652 δεδομένος
542 580 651 650 γὰρ
689 578 787 649 τὴν
825 575 1122 646 ἐπιθυμίαν
1164 572 1396 643 ταύτην,
1428 571 1680 641 μισήσεις
1706 569 1807 640 τὴν

228 671 474 744 πονηρὰν
518 668 832 739 ἐπιθυμίαν.
871 665 1063 737 Ἀγρία
1105 663 1214 735 γὰρ
1251 661 1516 733 ἐπιθυμία
1556 662 1636 725 εἰς
1680 659 1805 713 τάδε

225 764 544 835 ἀνεμπεσεῖ,
576 762 655 823 εἰς
691 756 868 827 λύπην
1022 754 1119 809 ἐὰν
1158 754 1231 826 μὴ
1351 753 1589 816 συνετὸς,
1628 752 1804 804 δαπα-

223 857 383 910 νᾶται
416 854 507 907 ὑπ’
535 849 707 919 αὐτῆς
739 848 943 912 δεινῶς·
974 846 1192 917 δαπανᾷ
1218 845 1275 897 δὲ
1300 844 1522 907 τούτους
1555 842 1628 914 μὴ
1657 842 1807 911 ἔχον-

222 964 325 1011 τας
350 946 548 1015 ἔνδυμα
587 941 889 1013 ἐπιθυμίας
927 939 1170 1009 ἀγαθῆς,
1203 937 1320 991 ἀλλ’
1351 934 1807 1008 ἐμπεφυρμένους

223 1036 302 1107 τῷ
329 1036 482 1089 αίῶνι
525 1034 720 1105 τούτῳ·
757 1030 979 1093 τούτους
1005 1025 1097 1083 οὖν
1124 1027 1487 1100 παραδίδωσιν
1528 1027 1607 1088 είς
1636 1024 1800 1077 θάνα-

226 1146 333 1182 τον.
464 1128 621 1190 Ποῖα,
644 1124 824 1197 κύριε,
848 1123 955 1177 sic).
971 1120 1069 1191 τῆς
1091 1118 1385 1189 ἐπιθυμίας
1412 1116 1511 1184 τῆς
1538 1114 1800 1184 πονηρᾶς,

222 1220 290 1272 τὰ
315 1217 681 1290 παραδιδόντα
717 1217 846 1278 τοὺς
890 1211 1212 1285 ἀνθρώπους
1251 1212 1331 1272 είς
1368 1208 1631 1272 θάνατον;
1663 1203 1805 1257 Γνώ-

224 1309 372 1380 ρισόν
419 1326 536 1380 μοι,
569 1308 657 1361 ἵνα
699 1306 857 1377 φύγω
898 1305 991 1360 ἀπ’
1020 1301 1220 1357 αὐτῶν.
1261 1301 1543 1353 ΙἌκουσον·
1581 1294 1803 1365 Πρῶτον

1904 567 2129 623 lndutus
2161 565 2308 622 enim
2348 562 2703 632 cupiditatem
2745 563 2967 629 bonam,
2995 563 3175 619 oderis
3210 564 3327 634 (99)
3355 581 3475 619 ma—

1902 660 2034 724 iam,
2063 667 2118 712 et
2149 655 2457 712 refrcnabis
2478 670 2600 709 cam
2628 655 2772 709 sicut
2797 658 3054 713 volueris.
3084 647 3371 712 Horrenda
3392 667 3481 714 est

1902 750 2048 805 enim
2085 749 2357 819 cupiditas
2392 747 2558 811 mala,
2587 756 2643 801 et
2688 747 2905 803 dilIicile
2947 747 3246 820 mitigatur.
3286 749 3475 804 llorri-
3562 774 3567 781 ι

1904 842 2031 898 bilis
2059 850 2145 897 est
2173 841 2331 896 valde
2359 847 2413 895 et
2444 838 2582 905 fera,
2605 848 2660 894 et
2702 839 2915 896 feritate
2943 857 3043 896 sua
3070 844 3345 897 consumit
3373 844 3477 897 ho—

1904 935 2079 989 mines
2097 974 2113 1000 ,
2139 933 2378 987 maxime
2401 932 2448 986 si
2468 931 2720 987 inciderit
2741 932 2796 986 in
2816 948 2935 986 eam
2955 948 3145 988 servus
3171 932 3263 987 Dei
3294 934 3473 1005 μυίης

1902 1036 1957 1081 ει
1985 1025 2091 1081 nisi
2136 1024 2356 1094 sapiens
2397 1022 2595 1089 fuerit,
2629 1034 2986 1079 consumetur
3018 1024 3094 1092 (1)
3134 1023 3202 1077 ab
3234 1024 3322 1078 illa
3356 1042 3478 1095 pes—

1900 1118 2059 1171 sime.
2087 1115 2382 1171 Consumit
2425 1125 2607 1169 autem
2653 1115 2807 1181 tales,
2844 1116 2937 1184 qui
2985 1131 3092 1169 non
3142 1116 3343 1171 habent
3381 1133 3474 1171 νε·-

1900 1218 2038 1264 stem
2071 1208 2387 1278 cupiditatis
2418 1206 2597 1272 boum,
2626 1218 2681 1260 et
2707 1206 2952 1277 implicat
2990 1208 3111 1264 illos
3136 1209 3213 1277 (2)
3246 1212 3485 1280 negotiis.

1901 1302 2065 1371 hujus
2089 1300 2295 1367 smculi,
2324 1307 2373 1355 et
2402 1298 2568 1355 tradit
2590 1300 2667 1370 (5)
2695 1300 2816 1355 illos
2839 1303 3023 1358 morti.
3059 1302 3192 1369 Qua:
3216 1317 3361 1371 sunt,
3386 1306 3475 1358 in-

1899 1409 2087 1465 quam,
2111 1393 2355 1457 domine,
2378 1408 2544 1462 opera
2568 1392 2886 1464 cupiditatis
2916 1397 3093 1462 malae,
3118 1413 3238 1465 quae
3255 1399 3483 1461 tradunt

1909 1482 2161 1541 homines
2184 1484 2347 1540 morti
2364 1484 2386 1539 ?
2402 1483 2722 1539 Demonstra
2741 1486 2897 1553 mihi,
2918 1496 2979 1542 ut
2992 1488 3241 1544 recedam
3255 1491 3324 1545 ab
3346 1492 3482 1549 illis.

221 1588 386 1656 Audi,
423 1587 624 1659 inquit,
650 1585 707 1640 in
738 1583 941 1655 quibus
967 1581 1231 1654 operibus
1254 1579 1703 1650 cupiditasmala
1737 1579 1899 1633 morti
1929 1579 2096 1634 tradit
2121 1592 2311 1633 servos
2342 1566 2747 1648 Dei.[Spiritus
2790 1581 3039 1635 omnium
3079 1584 3158 1652 (4)
3188 1583 3476 1639 hominum

224 1685 505 1739 terrestris
532 1693 615 1738 est
644 1690 699 1736 et
732 1680 889 1747 levis,
915 1688 970 1735 et
991 1668 1248 1733 virtutem
1279 1694 1391 1732 non
1422 1676 1584 1731 habet
1614 1675 1669 1729 in
1700 1683 1896 1738 totum,
1925 1682 1981 1729 et
2002 1673 2174 1729 multa
2204 1673 2470 1743 loquitur.
2500 1672 2567 1728 Et
2596 1674 2733 1729 dixit
2766 1690 2779 1726 :
2805 1674 2926 1742 Quo
2951 1677 3113 1732 modo
3141 1678 3306 1748 igitur
3335 1681 3478 1735 scire

220 1790 401 1851 potest
428 1778 633 1850 aliquis
654 1778 791 1833 eos?
815 1774 981 1843 Audi,
1013 1774 1213 1845 inquit,
1236 1772 1305 1827 de
1335 1772 1582 1842 utrisque
1607 1772 1755 1827 vasis
1782 1789 1796 1825 :
1825 1779 1880 1826 et
1902 1770 2046 1826 sicut
2073 1770 2199 1825 dico
2226 1770 2343 1836 tibi,
2372 1770 2453 1825 sic
2485 1771 2741 1840 probabis
2784 1775 3107 1844 pr0phetam
3142 1775 3258 1840 Dei,
3288 1786 3341 1831 et
3371 1776 3475 1831 fal—

221 1896 343 1934 sum
380 1880 726 1951 prophetam.
763 1875 1007 1931 Primum
1040 1875 1226 1944 itaque
1257 1874 1335 1944 (5)
1363 1874 1533 1944 proba
1561 1873 1863 1938 hominem,
1906 1873 1998 1943 qui
2047 1871 2213 1927 habet
2244 1871 2508 1941 Spiritum
2542 1871 2637 1926 Dei
2672 1890 2686 1927 :
2718 1873 2848 1942 quia
2883 1871 3120 1941 Spiritus
3145 1875 3240 1944 qui
3283 1875 3477 1930 desur-

221 1990 343 2029 sum
374 1979 456 2027 est
480 1971 581 2042 (6),
612 1970 832 2042 quietus
855 1980 939 2025 est
960 1979 1014 2024 et
1044 1969 1290 2035 humilis,
1321 1980 1375 2024 et
1398 1969 1603 2023 recedit
1631 1969 1701 2023 ab
1732 1969 1883 2022 omni
1912 1967 2159 2037 nequitia
2201 1976 2255 2022 et
2283 1966 2561 2022 desiderio
2601 1982 2743 2023 vano
2770 1968 2934 2038 hujus
2973 1970 3194 2038 saeculi;
3228 1980 3283 2026 et
3322 1974 3471 2027 omni

223 2068 444 2123 homine
469 2067 548 2139 (7)
578 2082 637 2123 se
683 2065 817 2121 facit
846 2065 1237 2133 humiliorem;
1270 2075 1325 2119 et
1359 2064 1563 2119 nemini
1601 2065 1894 2135 respondet
1933 2064 2300 2133 interrogatus
2344 2063 2460 2133 (8);
2497 2080 2597 2119 nec
2646 2065 2878 2136 singulis
2910 2068 3204 2137 respondet
3250 2086 3267 2123 :
3298 2083 3476 2139 neque

220 2180 350 2219 cum
384 2164 522 2231 vult,
561 2163 771 2219 homini
804 2162 1049 2233 loquitur
1079 2159 1317 2230 Spiritus
1346 2160 1478 2227 Dei;
1506 2161 1601 2217 sed
1632 2169 1765 2215 tunc
1789 2161 2034 2230 loquitur
2080 2175 2204 2216 cum
2235 2160 2352 2215 vult
2382 2159 2547 2216 Deus.
2579 2161 2715 2216 Cum
2766 2175 2897 2229 ergo
2942 2164 3152 2218 venerit
3188 2165 3357 2219 homo
3378 2167 3473 2235 qui

222 2254 387 2311 habet
410 2254 674 2324 Spiritum
707 2253 824 2319 Dei,
848 2252 905 2306 in
932 2250 1233 2307 Ecclesiam
1258 2253 1537 2322 justorum
1584 2252 1905 2308 habentium
1954 2252 2115 2308 ﬁdem
2145 2252 2264 2321 Dei,
2296 2263 2352 2308 et
2377 2255 2553 2310 oratio
2578 2254 2641 2309 fit
2682 2255 2750 2309 ad
2798 2253 3123 2320 Dominum;
3170 2264 3303 2311 tunc
3333 2273 3475 2311 nun-

221 2354 331 2409 tius
357 2353 434 2424 (9)
460 2361 686 2410 sanctus
734 2348 1036 2406 divinitatis
1071 2348 1260 2419 implet
1293 2349 1573 2404 hominem
1609 2349 1763 2404 illum
1815 2348 2028 2420 Spiritu
2062 2359 2255 2405 sancto
2284 2350 2431 2421 (10);
2461 2362 2516 2406 et
2549 2351 2793 2421 loquitur
2836 2350 2891 2404 in
2944 2352 3101 2406 turba
3144 2353 3288 2409 sicut
3330 2351 3476 2412 Deus

220 2452 356 2507 vult.
391 2451 482 2508 Sic
512 2467 643 2523 ergo
663 2448 1004 2522 dignoscitur
1029 2444 1267 2518 Spiritus
1290 2445 1621 2513 divinitatis,
1654 2446 1711 2502 in
1747 2460 2080 2517 quocunque
2102 2444 2339 2516 Spiritus
2358 2446 2661 2502 divinitatis
2697 2446 2938 2519 loquitur
2970 2447 3106 2520 (11).

222 1402 462 1465 πάντων,
491 1418 544 1455 κ.
575 1417 626 1454 τ.
661 1399 712 1452 λ.
746 1398 880 1455 Vide
912 1411 1041 1452 mox
1069 1394 1233 1462 infra,
1257 1409 1375 1462 cap.
1408 1391 1462 1446 2.

1673 2612 1905 2669 CAPUT
1944 2613 2010 2671 ll.

288 2723 430 2778 Audi
460 2739 608 2779 nunc
631 2733 682 2779 et
704 2724 771 2779 de
800 2722 995 2794 spiritu
1028 2725 1298 2794 terrestri,
1322 2741 1499 2781 vacuo
1519 2735 1574 2781 et
1594 2726 1769 2795 fatuo,
1801 2728 2062 2784 virtutem
2087 2743 2196 2785 non
2224 2728 2479 2785 habente.
2506 2728 2753 2784 Primum
2780 2737 2962 2784 autem
2996 2730 3145 2785 hunc
3171 2732 3339 2787 homo
3367 2748 3469 2804 pua

221 2829 365 2875 tatur
389 2820 641 2889 spiritum
668 2821 895 2887 habere;
924 2821 1129 2877 exaltat
1159 2822 1305 2877 enim
1348 2838 1407 2878 se
1437 2823 1575 2894 (12),
1601 2832 1655 2878 et
1682 2824 1799 2878 vult
1827 2825 2063 2895 primam
2096 2827 2412 2882 cathedram
2460 2826 2694 2893 habere;
2725 2833 2779 2882 et
2808 2825 3094 2895 improbus
3137 2838 3242 2894 est,
3271 2835 3325 2883 et
3352 2845 3473 2884 ver-

216 2914 417 2983 bosus;
448 2924 503 2970 et
539 2915 593 2970 in
617 2914 829 2971 deliciis
860 2925 1241 2983 conversatur,
1275 2927 1330 2972 et
1362 2919 1417 2972 in
1445 2919 1821 2989 voluptatibus
1848 2922 2068 2989 multis;
2097 2929 2150 2977 et
2175 2919 2482 2978 mercedem
2530 2920 2730 2991 accipit
2764 2918 3119 2976 divinationis
3148 2934 3279 2977 suae.
3314 2922 3472 2990 Quod

217 3004 263 3057 si
290 3021 400 3060 non
434 3007 729 3076 acceperit,
760 3023 869 3060 non
897 3006 1126 3061 divinat.
1158 3006 1311 3064 itane
1336 3009 1449 3079 (l5)
1476 3007 1716 3081 Spiritus
1743 3009 1836 3065 Dei
1867 3019 2048 3081 potest
2071 3013 2351 3070 mercedes
2381 3012 2629 3083 accipere
2670 3019 2725 3065 et
2747 3010 3037 3066 divinare?
3062 3009 3185 3068 Non
3215 3016 3473 3069 convenit

217 3094 332 3151 haec
370 3094 549 3151 facere
580 3096 674 3151 Dei
700 3088 1076 3168 prophetam]

284 3188 507 3260 Πρῶτον
544 3188 762 3242 πάντων
800 3186 1064 3259 ἐπιθυμία
1106 3186 1400 3256 γυναικὸς,
1430 3187 1524 3238 καὶ
1562 3186 1787 3240 πολυτέ-
1816 3196 1842 3250 ε

1961 3187 2068 3242 Sed
2123 3186 2396 3258 cupiditas
2442 3191 2582 3246 mala
2618 3202 2741 3259 est,
2796 3197 3182 3266 concupiscere
3240 3214 3469 3255 uxorem

212 3279 332 3334 λεια
358 3279 609 3343 πλούτου,
630 3279 666 3348 ἦ
687 3279 803 3332 ἐστι
834 3279 1183 3350 φιλαργυρία,
1202 3279 1296 3331 καὶ
1324 3279 1635 3349 ἐδεσμάτων
1667 3279 1797 3332 πολ-

1902 3280 2151 3344 alienam,
2205 3280 2291 3335 vel
2344 3282 2629 3338 mulierem
2680 3290 3070 3358 concupiscere
3109 3293 3284 3346 virum
3334 3294 3470 3350 alie-

213 3369 322 3423 λῶν
344 3371 440 3423 καὶ
472 3371 741 3440 ματαίων,
777 3370 871 3423 καὶ
897 3369 1245 3441 μεθύσματος
1274 3368 1492 3434 πολλοῦ,
1525 3370 1796 3442 διαφόρων

1902 3386 2060 3436 num;
2097 3379 2151 3425 et
2176 3371 2418 3428 lautitias
2445 3377 2836 3445 concupiscere
2874 3381 3211 3451 divitiarum,
3240 3394 3294 3439 et
3324 3385 3471 3441 mul-

212 3461 477 3529 γεύσεων,
508 3462 602 3515 καὶ
642 3460 844 3531 ἐτέρων
884 3460 1105 3532 τρυφῶν
1144 3460 1388 3525 πολλῶν,
1434 3462 1526 3514 καὶ
1572 3461 1793 3532 μωρῶν,

1902 3461 2183 3517 litudinem
2220 3464 2468 3519 ciborum
2526 3482 3017 3539 supervacuorum,
3059 3483 3113 3535 et
3152 3475 3470 3532 ebrietatem

214 3554 309 3606 καὶ
352 3553 509 3625 δόξης
559 3552 906 3624 ἀνθρωπίνης
957 3553 1053 3606 καὶ
1099 3551 1356 3622 ματαίας.
1410 3553 1568 3607 Πᾶσα
1611 3553 1793 3624 τρυφὴ

1902 3555 2147 3624 multam,
2178 3565 2233 3611 et
2266 3558 2491 3614 delicias
2519 3560 2739 3616 multas.
2780 3560 2967 3619 Fatua:
2999 3567 3145 3621 enim
3173 3577 3302 3623 sunt
3330 3570 3469 3625 deli-

216 3645 379 3715 μωρά
406 3645 522 3699 ἐστι
550 3646 643 3698 καὶ
671 3645 801 3715 κενὴ
829 3646 941 3709 τοῖς
962 3642 1167 3709 δούλοις
1196 3643 1290 3697 τοῦ
1314 3643 1471 3698 Θεοῦ.

1902 3648 1989 3705 ciae
2017 3648 2130 3719 (14)
2180 3649 2400 3717 multa;
2439 3659 2495 3705 et
2536 3650 2844 3722 voluptates
2886 3657 3073 3712 multas
3117 3673 3470 3729 supervacua:

808 3787 812 3791 ,
1889 3748 2019 3793 sunt
2047 3742 2220 3796 servis
2246 3739 2364 3796 Dei.

285 3819 414 3877 Haec
432 3837 560 3893 ergo
582 3822 852 3892 cupiditas
882 3823 1025 3878 mala
1054 3832 1219 3880 estet
1246 3825 1577 3895 perniciosa,
1599 3844 1722 3898 qua:
1744 3831 2036 3888 mortificat
2065 3834 2177 3905 (15)
2196 3852 2385 3893 servos
2408 3836 2529 3893 Dei.
2563 3838 2690 3898 Haec
2712 3837 2859 3897 enim
2887 3840 3155 3909 cupiditas
3189 3856 3220 3896 a
3250 3842 3477 3897 diabolo

211 3924 317 3972 est.
346 3916 671 3989 Quicunque
696 3934 826 3989 ergo
847 3919 1176 3974 recesserint
1199 3936 1229 3973 a
1252 3922 1549 3990 cupiditate
1572 3924 1737 3993 mala,
1767 3926 1953 3982 vivent
1980 3928 2110 3984 Deo.
2144 3929 2281 3986 Nam
2311 3933 2627 4005 quicunque
2668 3935 2898 4007 subjecti
2932 3935 3138 3989 fuerint
3182 3934 3469 4005 cupiditati

212 4008 396 4104 malm,
422 4009 476 4063 in
502 4019 821 4104 perpetuum
848 4014 1172 4104 morientur.
1196 4013 1475 4072 Mortifera
1507 4018 1651 4073 enim
1681 4030 1769 4076 est
1803 4022 1919 4078 haec
1939 4025 2212 4095 cupiditas
2238 4030 2400 4085 mala.
2439 4030 2520 4085 Tu
2557 4047 2689 4104 ergo
2720 4033 2886 4089 induc
2914 4032 3266 4103 cupiditatem
3290 4032 3460 4103 justi-

212 4099 343 4166 tiaa;
370 4108 423 4154 et
443 4109 689 4154 armatus
721 4102 915 4157 timore
940 4101 1179 4172 Domini,
1203 4105 1398 4161 resiste
1426 4109 1713 4179 cupiditati
1754 4113 1932 4168 malae.
1966 4112 2154 4172 Timor
2180 4120 2327 4175 enim
2360 4122 2570 4177 habitat
2598 4099 2655 4178 in
2680 4099 3171 4195 cupiditate'bona.
3201 4124 3268 4179 Et
3291 4099 3458 4197 cupi-

209 4198 357 4258 ditas
385 4199 550 4269 mala,
582 4215 706 4255 cum
739 4199 935 4256 viderit
957 4209 1009 4258 te
1030 4211 1301 4257 armatum
1326 4204 1521 4261 timore
1555 4205 1774 4265 Domini
1804 4213 2093 4270 resistente
2126 4215 2239 4288 (16)
2273 4219 2399 4287 sibi,
2434 4220 2606 4293 fugiet
2638 4232 2672 4277 a
2710 4232 2764 4277 te
2788 4225 2970 4293 longe,
3013 4232 3070 4279 et
3102 4237 3211 4278 non
3240 4238 3466 4295 compa-

1313 4345 1548 4404 VARIIE
1586 4347 1969 4410 LECTIONES
2002 4354 2093 4412 ΕΤ
2127 4355 2360 4415 NOTAE.

424 4482 1122 4569 Lamb...cupitiilale_boua,
1153 4486 1319 4569 adies.
1401 4556 1412 4569 '
1529 4559 1583 4569 η
1603 4560 1641 4569 η
1814 4499 1857 4557 c
1891 4493 2017 4569 hinc
2040 4496 2391 4569 removenda,
2422 4507 2476 4554 et
2504 4499 2557 4554 in
2582 4498 2899 4555 mandatum
2921 4496 3232 4569 praecedens
3263 4501 3468 4556 immit-

310 4556 438 4637 lOQ)
468 4553 524 4609 In
548 4553 825 4637 editishic
855 4554 1340 4637 ipcipiun}_Grmca
1371 4556 1451 4637 sic
1480 4573 1510 4637 :_
1529 4559 1783 4637 Μάλιστα
1827 4553 1856 4557 ᾖ
1889 4564 2168 4637 tenda,_ex
2190 4553 2397 4637 Wakio
2430 4553 2744 4625 monuimus
2773 4570 2840 4624 ad
2869 4553 3059 4624 mund.
3081 4553 3169 4637 ixi,
3194 4553 3310 4626 not.
3325 4553 3426 4628 Si.

211 4626 357 4705 clay
390 4626 623 4705 ἐμπεσεῖ
656 4626 738 4687 είς
762 4626 932 4705 αρτὴν
965 4627 996 4677 ὁ
1026 4626 1210 4705 δοῦλος
1246 4626 1341 4680 τοῦ
1377 4626 1533 4705 Θεοῖι,
1567 4630 1660 4683 καὶ
1688 4630 1785 4705 ἐὰν

1962 4636 2040 4705 (5)
2060 4626 2163 4692 Sic
2188 4636 2318 4692 Felli
2356 4639 2484 4692 edit.
2510 4640 2686 4694 Oxon.
2719 4641 2804 4693 ΛΙ.
2838 4641 2935 4694 ita.

1962 4708 2040 4782 (ρ)
2067 4706 2260 4782 Lamb.
2291 4708 2525 4782 Spiritus
2546 4712 2845 4782 desursum,
2877 4708 3119 4777 omissis,
3142 4711 3234 4782 qui
3260 4722 3357 4767 est.

1962 4775 2040 4849 (ἶ)
2062 4775 2384 4849 Mslengl.
2421 4781 2655 4834 omnium
2679 4775 2968 4834 hominum.

324 4643 357 4696 ν
390 4623 623 4696 ἐμπεσεῖ
656 4625 738 4687 είς
762 4623 932 4695 αὐτὴν
965 4627 996 4677 ὁ
1026 4626 1210 4690 δοῦλος
1246 4625 1341 4680 τοῦ
1377 4626 1533 4692 Θεοῦ,
1567 4630 1660 4683 καὶ
1688 4630 1785 4683 ἐὰν

214 4693 347 4769 μὴῇ
377 4693 613 4769 συνετὸς,
645 4713 699 4749 κ.
725 4712 776 4748 τ.
800 4693 1054 4765 λ.,“‹ιυ;ε,
1094 4697 1141 4752 si
1184 4712 1371 4769 vocem
1417 4698 1661 4755 ultimam
1690 4702 1784 4755 de-

211 4766 355 4835 mas,
386 4766 577 4821 nullihi
612 4774 859 4837 exstant,
898 4781 1075 4837 neque
1123 4768 1267 4837 apud
1302 4769 1785 4837 pseudo-Athana-

210 4838 356 4920 sium
385 4852 561 4922 neque
588 4836 737 4922 apud
751 4836 1321 4922 Antiochumﬁllicta
1351 4839 1516 4922 igitur
1536 4856 1569 4922 ει
1595 4840 1786 4895 Fabri-
2063 4846 2256 4922 Lamb.
2290 4836 2462 4922 δείξει,
2489 4852 2863 4922 interrogatus.

212 4910 396 4987 cio_ex
420 4916 600 4987 vetere
635 4907 951 4976 lnterprete,
971 4907 1242 4987 _Clericus_
1270 4918 1336 4987 et.
1355 4907 1782 4987 Busselius__ex-
1959 4907 2039 4987 (9)
2068 4918 2153 4973 ΑΙ.
2188 4918 2425 4987 angelus.

212 4979 507 5048 scripsere.
558 4975 669 5032 Nos
714 4975 846 5031 vero
872 4980 1037 5033 verba
1073 4978 1619 5048 pseudooAthanasii,
1658 4982 1785 5036 licet
1959 4975 2073 5048 (lli)
2110 4975 2300 5044 Lamb.
2330 4988 2563 5048 Spiritus
2586 5000 2821 5047 sanctus.

213 4988 507 5048 scripsere.
558 4988 669 5032 nos
714 4992 846 5031 vero
872 4988 1037 5033 verba
1073 4988 1619 5048 pseudooAtuanasii,
1658 4988 1785 5036 licet
1986 4988 2052 5042 10
2110 4988 2300 5044 Lamb.
2330 4988 2369 5044 S
2408 4991 2563 5044 iritus
2586 5000 2821 5047 sanctus.

213 5048 456 5134 gustaris
488 5057 691 5130 textum
713 5056 912 5134 exacte
941 5063 1050 5134 non
1090 5049 1421 5134 exprimant,
1436 5051 1783 5134 exhibemus,
1932 4988 2073 5134 (ll;
2103 5058 2258 5134 [ξοιηξ
2289 5070 2343 5115 ει
2371 5006 2560 5134 ἱαιιιι).
2604 5062 2731 5134 quia
2766 5062 3061 5134 quicunque
3110 5063 3295 5134 spiritu
3327 5064 3462 5119 divi-

209 5118 1055 5202 Montfauconianain‘edi'tioinem
1081 5118 1278 5187 secuti,
1294 5120 1590 5190 supplenda
1604 5131 1784 5177 tamen

1902 5118 2073 5202 sitatis
2114 5128 2369 5202 loquitur,
2418 5118 2653 5202 loquitu'r
2681 5118 2819 5187 sicut
2866 5118 3281 5190 Dominas'vult.
3315 5118 3463 5191 Hauc

208 5190 375 5272 exiis
391 5189 706 5272 guw‘liabet
731 5188 1055 5272 Antiochus.
1251 5261 1285 5272 ﬁ
1364 5188 1413 5190 ’-
1888 5188 2191 5272 lectionem
2206 5188 2428 5272 retinuit
2456 5188 2639 5256 Fellus
2664 5202 2717 5255 in
2748 5217 2847 5257 sua
2879 5205 3008 5258 edit.
3040 5188 3214 5258 Οιιοιι.

285 5263 363 5334 (1)
390 5258 583 5341 Lamb.
615 5261 961 5341 consumitur:
988 5258 1066 5341 ita
1089 5275 1223 5345 sane
1245 5261 1453 5344 Graeca.
1748 5335 1761 5346 ο
1959 5269 2075 5393 (12)
2110 5269 2303 5326 Lamb.
2335 5270 2578 5326 Primum
2607 5275 2747 5327 enim
2786 5274 2940 5328 homo
2964 5285 3185 5345 putatur
3214 5291 3238 5327 δ
3280 5274 3463 5329 iritum

285 5332 365 5393 (2)
393 5330 450 5385 1η
477 5330 806 5393 quibusdam
834 5330 1113 5387 codicibus
1138 5332 1379 5393 mpltcat
1404 5348 1514 5393 eos.
1545 5347 1644 5393 pro
1670 5347 1787 5393 qui-
1888 5341 1957 5393 Im
1991 5358 2075 5393 ere
2123 5341 2447 5393 exultantem
2490 5360 2563 5393 se.
2599 5342 2753 5393 Bodl.
2802 5354 2983 5393 autem
3034 5346 3113 5393 sic.
3163 5362 3178 5393 ε
3223 5291 3462 5393 Iguuium

285 5330 806 5413 (QLl'n‘qttibust-latn
834 5330 1113 5413 codicibus
1138 5332 1379 5402 implicat
1404 5348 1514 5400 eos,
1545 5347 1644 5403 pro
1670 5335 1787 5404 qui-
1888 5330 2075 5413 habere
2123 5341 2447 5396 exaltantem
2490 5360 2563 5397 se.
2599 5342 2753 5397 Bodl.
2802 5330 2983 5400 autem
3034 5346 3113 5400 sic
3163 5362 3178 5397 :
3223 5330 3462 5399 Primum

209 5404 243 5459 ι)
265 5400 579 5483 εξδῗειιίίιξε
602 5401 731 5483 19$“
748 5400 1077 5483 ,ίιῗιριξξῖαίοε-
1315 5474 1326 5483 ,
1518 5400 1562 5483 κ’
1884 5413 2025 5483 enim
2048 5412 2201 5483 homo
2232 5414 2322 5483 qui
2348 5423 2563 5483 putetur
2587 5415 2831 5483 spiritum
2853 5415 3060 5483 habere,
3083 5415 3287 5483 exultat
3317 5433 3389 5470 se.

286 5475 368 5544 (5)
397 5472 593 5553 Lamb.
636 5471 831 5525 tradet.
852 5470 1154 5553 [Sicnmpx
1200 5474 1436 5553 tradent,
1478 5482 1538 5553 et
1586 5475 1783 5553 tradet.
1958 5481 2074 5552 (15)
2102 5470 2296 5539 Lamb.
2322 5470 2378 5539 εἰ
2403 5484 2590 5544 Carm.
2614 5470 2707 5538 'lta
2741 5502 2901 5542 nunc.
2934 5486 3000 5543 Et
3027 5470 3155 5542 mox
3189 5505 3203 5541 :
3230 5480 3333 5541 Sed
3359 5501 3461 5543 ιιυιι

212 5540 369 5602 sane
398 5542 683 5611 lectionem
713 5541 962 5611 sequitur
987 5540 1169 5599 Fellus
1199 5545 1253 5600 in
1298 5561 1396 5601 sua
1432 5544 1567 5600 edit.
1606 5543 1780 5600 Oxon.
1886 5540 2142 5607 convenit.

214 5614 277 5671 In
306 5613 466 5694 editis
493 5610 690 5694 Clerici
718 5620 775 5694 et
796 5610 1030 5668 ltusselii
1054 5614 1327 5671 omittitur
1347 5614 1664 5686 coniunctio
1694 5627 1743 5669 et
1764 5654 1784 5681 ,
1957 5622 2070 5694 (14)
2100 5623 2183 5694 an
2210 5624 2455 5679 divitiae?

214 5699 249 5754 q
275 5685 476 5765 ramal.
498 5683 804 5765 exhibent.“
844 5755 855 5765 _
1172 5758 1183 5765 _
1341 5754 1387 5765 η
1453 5683 1465 5686 ⁷
1957 5683 2073 5765 (15)
2100 5690 2234 5765 Mss.
2271 5694 2429 5763 Angl.
2459 5698 2618 5752 morti
2645 5698 2760 5754 dat.

288 5754 722 5837 (timeam.
747 5752 1001 5837 fruit-unt
1040 5758 1296 5809 omnium.
1341 5754 1690 5837 Rrec-autem
1730 5765 1784 5812 et
1955 5752 2071 5836 (l6)
2098 5762 2250 5822 Bodl.
2279 5752 2625 5827 resistentem.

218 5825 427 5886 relicua
458 5825 619 5890 huius
642 5826 833 5894 capitis
857 5825 1071 5897 aliaque
1085 5842 1208 5898 cap.
1232 5830 1527 5899 scq.,uncis
1549 5829 1782 5895 inclusa,
