  <div class='ocr_page' id='page_1' title='image "/cluster/home/n/w/nwhite01/storage/ocr_20150623/2/mdp.39015005182426/483.png"; bbox 0 0 4076 6142; ppageno 0'>
   <div class='ocr_carea' id='block_1_1' title="bbox 456 347 560 405">
    <p class='ocr_par' dir='ltr' id='par_1_1' title="bbox 456 347 560 405">
     <span class='ocr_line' id='line_1_1' title="bbox 456 347 560 405; baseline -0.038 0"><span class='ocrx_word' id='word_1_1' title='bbox 456 347 560 405; x_wconf 68' lang='grc' dir='ltr'>ξιτ</span> 
     </span>
    </p>
   </div>
   <div class='ocr_carea' id='block_1_2' title="bbox 1906 337 2268 396">
    <p class='ocr_par' dir='ltr' id='par_1_2' title="bbox 1906 337 2268 396">
     <span class='ocr_line' id='line_1_2' title="bbox 1906 337 2268 396; baseline -0.006 0"><span class='ocrx_word' id='word_1_2' title='bbox 1906 342 1964 396; x_wconf 92' lang='lat' dir='ltr'><strong>S.</strong></span> <span class='ocrx_word' id='word_1_3' title='bbox 2003 337 2268 396; x_wconf 63' lang='lat' dir='ltr'><strong>HERME</strong></span> 
     </span>
    </p>
   </div>
   <div class='ocr_carea' id='block_1_3' title="bbox 3609 326 3721 386">
    <p class='ocr_par' dir='ltr' id='par_1_3' title="bbox 3609 326 3721 386">
     <span class='ocr_line' id='line_1_3' title="bbox 3609 326 3721 386; baseline 0.018 -2"><span class='ocrx_word' id='word_1_4' title='bbox 3609 326 3721 386; x_wconf 65' lang='grc' dir='ltr'>ωε</span> 
     </span>
    </p>
   </div>
   <div class='ocr_carea' id='block_1_4' title="bbox 453 446 3721 531">
    <p class='ocr_par' dir='ltr' id='par_1_4' title="bbox 453 446 3721 531">
     <span class='ocr_line' id='line_1_4' title="bbox 453 446 3721 531; baseline -0.004 -17"><span class='ocrx_word' id='word_1_5' title='bbox 453 457 597 514; x_wconf 86' lang='lat' dir='ltr'><strong>rebit</strong></span> <span class='ocrx_word' id='word_1_6' title='bbox 626 457 748 531; x_wconf 83' lang='grc'>(17)</span> <span class='ocrx_word' id='word_1_7' title='bbox 777 467 905 515; x_wconf 90' lang='lat' dir='ltr'><strong>ante</strong></span> <span class='ocrx_word' id='word_1_8' title='bbox 946 469 1021 527; x_wconf 85' lang='lat' dir='ltr'><strong>te,</strong></span> <span class='ocrx_word' id='word_1_9' title='bbox 1051 460 1256 518; x_wconf 88' lang='lat' dir='ltr'><strong>timens</strong></span> <span class='ocrx_word' id='word_1_10' title='bbox 1279 475 1432 518; x_wconf 86' lang='lat' dir='ltr'><strong>arma</strong></span> <span class='ocrx_word' id='word_1_11' title='bbox 1464 469 1554 519; x_wconf 88' lang='lat' dir='ltr'><strong>tua</strong></span> <span class='ocrx_word' id='word_1_12' title='bbox 1589 475 1604 512; x_wconf 90' lang='lat'><strong>:</strong></span> <span class='ocrx_word' id='word_1_13' title='bbox 1649 458 2015 514; x_wconf 83' lang='lat' dir='ltr'><strong>et-obtiuebis</strong></span> <span class='ocrx_word' id='word_1_14' title='bbox 2043 455 2161 526; x_wconf 91' lang='grc'>(18)</span> <span class='ocrx_word' id='word_1_15' title='bbox 2189 453 2513 517; x_wconf 86' lang='lat' dir='ltr'><strong>victoriam,</strong></span> <span class='ocrx_word' id='word_1_16' title='bbox 2541 459 2597 506; x_wconf 89' lang='lat' dir='ltr'><strong>et</strong></span> <span class='ocrx_word' id='word_1_17' title='bbox 2635 449 2990 506; x_wconf 82' lang='lat' dir='ltr'><strong>coronaberis</strong></span> <span class='ocrx_word' id='word_1_18' title='bbox 3036 447 3109 504; x_wconf 92' lang='lat' dir='ltr'><strong>ob</strong></span> <span class='ocrx_word' id='word_1_19' title='bbox 3135 447 3287 502; x_wconf 83' lang='lat' dir='ltr'><strong>illam</strong></span> <span class='ocrx_word' id='word_1_20' title='bbox 3315 446 3453 518; x_wconf 78' lang='lat' dir='ltr'><strong>(i9),</strong></span> <span class='ocrx_word' id='word_1_21' title='bbox 3498 454 3556 503; x_wconf 92' lang='lat' dir='ltr'><strong>et</strong></span> <span class='ocrx_word' id='word_1_22' title='bbox 3592 460 3721 517; x_wconf 82' lang='lat' dir='ltr'><strong>per-</strong></span> 
     </span>
    </p>
   </div>
   <div class='ocr_carea' id='block_1_5' title="bbox 453 534 3723 622">
    <p class='ocr_par' dir='ltr' id='par_1_5' title="bbox 453 534 3723 622">
     <span class='ocr_line' id='line_1_5' title="bbox 453 534 3723 622; baseline -0.005 -18"><span class='ocrx_word' id='word_1_23' title='bbox 453 551 641 606; x_wconf 83' lang='lat' dir='ltr'><strong>venies</strong></span> <span class='ocrx_word' id='word_1_24' title='bbox 684 552 751 606; x_wconf 89' lang='lat' dir='ltr'><strong>ad</strong></span> <span class='ocrx_word' id='word_1_25' title='bbox 782 552 1132 622; x_wconf 73' lang='lat' dir='ltr'><strong>cupiditatem</strong></span> <span class='ocrx_word' id='word_1_26' title='bbox 1174 553 1410 616; x_wconf 84' lang='lat' dir='ltr'><strong>bonam,</strong></span> <span class='ocrx_word' id='word_1_27' title='bbox 1450 560 1504 606; x_wconf 92' lang='lat' dir='ltr'><strong>et</strong></span> <span class='ocrx_word' id='word_1_28' title='bbox 1538 550 1718 605; x_wconf 90' lang='lat' dir='ltr'><strong>trades</strong></span> <span class='ocrx_word' id='word_1_29' title='bbox 1754 547 2038 602; x_wconf 72' lang='lat' dir='ltr'><strong>victoriam</strong></span> <span class='ocrx_word' id='word_1_30' title='bbox 2079 545 2189 600; x_wconf 92' lang='lat' dir='ltr'><strong>Deo</strong></span> <span class='ocrx_word' id='word_1_31' title='bbox 2227 557 2389 614; x_wconf 90' lang='lat' dir='ltr'><strong>quam</strong></span> <span class='ocrx_word' id='word_1_32' title='bbox 2441 538 2752 609; x_wconf 86' lang='lat' dir='ltr'><strong>acceperis,</strong></span> <span class='ocrx_word' id='word_1_33' title='bbox 2787 547 2842 593; x_wconf 91' lang='lat' dir='ltr'><strong>et</strong></span> <span class='ocrx_word' id='word_1_34' title='bbox 2896 536 3103 593; x_wconf 80' lang='lat' dir='ltr'><strong>servies</strong></span> <span class='ocrx_word' id='word_1_35' title='bbox 3146 537 3196 590; x_wconf 90' lang='lat' dir='ltr'><strong>ei</strong></span> <span class='ocrx_word' id='word_1_36' title='bbox 3262 534 3540 605; x_wconf 84' lang='lat' dir='ltr'><strong>operando</strong></span> <span class='ocrx_word' id='word_1_37' title='bbox 3578 534 3723 589; x_wconf 77' lang='lat' dir='ltr'><strong>sicut</strong></span> 
     </span>
    </p>
   </div>
   <div class='ocr_carea' id='block_1_6' title="bbox 457 639 880 709">
    <p class='ocr_par' dir='ltr' id='par_1_6' title="bbox 457 639 880 709">
     <span class='ocr_line' id='line_1_6' title="bbox 457 639 880 709; baseline 0.009 -17"><span class='ocrx_word' id='word_1_38' title='bbox 457 639 572 709; x_wconf 85' lang='lat' dir='ltr'><strong>ipse</strong></span> <span class='ocrx_word' id='word_1_39' title='bbox 615 641 880 697; x_wconf 81' lang='lat' dir='ltr'><strong>volueris.</strong></span> 
     </span>
    </p>
   </div>
   <div class='ocr_carea' id='block_1_7' title="bbox 529 717 2112 806">
    <p class='ocr_par' dir='ltr' id='par_1_7' title="bbox 529 717 2112 806">
     <span class='ocr_line' id='line_1_7' title="bbox 529 717 2112 806; baseline -0.005 -15"><span class='ocrx_word' id='word_1_40' title='bbox 529 735 587 791; x_wconf 91' lang='lat' dir='ltr'><strong>Si</strong></span> <span class='ocrx_word' id='word_1_41' title='bbox 611 749 795 794; x_wconf 86' lang='lat' dir='ltr'><strong>autem</strong></span> <span class='ocrx_word' id='word_1_42' title='bbox 815 736 1072 794; x_wconf 88' lang='lat' dir='ltr'><strong>servieris</strong></span> <span class='ocrx_word' id='word_1_43' title='bbox 1089 734 1373 806; x_wconf 85' lang='lat' dir='ltr'><strong>cupiditati</strong></span> <span class='ocrx_word' id='word_1_44' title='bbox 1391 735 1567 799; x_wconf 76' lang='lat' dir='ltr'><strong>bonze,</strong></span> <span class='ocrx_word' id='word_1_45' title='bbox 1581 741 1634 787; x_wconf 89' lang='lat' dir='ltr'><strong>et</strong></span> <span class='ocrx_word' id='word_1_46' title='bbox 1649 731 1902 787; x_wconf 86' lang='lat' dir='ltr'><strong>subditus</strong></span> <span class='ocrx_word' id='word_1_47' title='bbox 1920 717 2035 800; x_wconf 86' lang='lat'>(20)</span> <span class='ocrx_word' id='word_1_48' title='bbox 2063 733 2112 792; x_wconf 76' lang='grc' dir='ltr'><strong>Α</strong></span> 
     </span>
    </p>
   </div>
   <div class='ocr_carea' id='block_1_8' title="bbox 455 825 2035 901">
    <p class='ocr_par' dir='ltr' id='par_1_8' title="bbox 455 825 2035 901">
     <span class='ocr_line' id='line_1_8' title="bbox 455 825 2035 901; baseline -0.002 -20"><span class='ocrx_word' id='word_1_49' title='bbox 455 828 505 882; x_wconf 90' lang='lat' dir='ltr'><strong>ei</strong></span> <span class='ocrx_word' id='word_1_50' title='bbox 537 827 717 887; x_wconf 83' lang='lat' dir='ltr'><strong>fueris</strong></span> <span class='ocrx_word' id='word_1_51' title='bbox 733 829 984 901; x_wconf 64' lang='lat' dir='ltr'><strong>,jpoteris</strong></span> <span class='ocrx_word' id='word_1_52' title='bbox 1023 829 1295 884; x_wconf 87' lang='lat' dir='ltr'><strong>dominari</strong></span> <span class='ocrx_word' id='word_1_53' title='bbox 1334 842 1501 897; x_wconf 90' lang='lat' dir='ltr'><strong>super</strong></span> <span class='ocrx_word' id='word_1_54' title='bbox 1531 825 1879 894; x_wconf 79' lang='lat' dir='ltr'><strong>cupiditatem</strong></span> <span class='ocrx_word' id='word_1_55' title='bbox 1915 838 2035 878; x_wconf 88' lang='lat' dir='ltr'><strong>ma-</strong></span> 
     </span>
    </p>
   </div>
   <div class='ocr_carea' id='block_1_9' title="bbox 457 917 1672 992">
    <p class='ocr_par' dir='ltr' id='par_1_9' title="bbox 457 917 1672 992">
     <span class='ocr_line' id='line_1_9' title="bbox 457 917 1672 992; baseline -0.002 -18"><span class='ocrx_word' id='word_1_56' title='bbox 457 921 566 976; x_wconf 85' lang='lat' dir='ltr'><strong>lam</strong></span> <span class='ocrx_word' id='word_1_57' title='bbox 592 962 612 992; x_wconf 96' lang='lat'><strong>,</strong></span> <span class='ocrx_word' id='word_1_58' title='bbox 639 932 697 980; x_wconf 90' lang='lat' dir='ltr'><strong>et</strong></span> <span class='ocrx_word' id='word_1_59' title='bbox 719 924 824 980; x_wconf 88' lang='lat' dir='ltr'><strong>erit</strong></span> <span class='ocrx_word' id='word_1_60' title='bbox 847 922 1061 980; x_wconf 86' lang='lat' dir='ltr'><strong>subdita</strong></span> <span class='ocrx_word' id='word_1_61' title='bbox 1091 921 1210 988; x_wconf 87' lang='lat' dir='ltr'><strong>tibi,</strong></span> <span class='ocrx_word' id='word_1_62' title='bbox 1239 921 1382 976; x_wconf 85' lang='lat' dir='ltr'><strong>sicut</strong></span> <span class='ocrx_word' id='word_1_63' title='bbox 1416 917 1672 972; x_wconf 74' lang='lat' dir='ltr'><strong>volueris.</strong></span> 
     </span>
    </p>
   </div>
   <div class='ocr_carea' id='block_1_10' title="bbox 2220 720 3724 798">
    <p class='ocr_par' dir='ltr' id='par_1_10' title="bbox 2220 720 3724 798">
     <span class='ocr_line' id='line_1_10' title="bbox 2220 720 3724 798; baseline -0.005 -17"><span class='ocrx_word' id='word_1_64' title='bbox 2220 726 2346 780; x_wconf 76' lang='grc' dir='ltr'><strong>Ἐὰν</strong></span> <span class='ocrx_word' id='word_1_65' title='bbox 2379 727 2436 781; x_wconf 88' lang='grc' dir='ltr'>δὲ</span> <span class='ocrx_word' id='word_1_66' title='bbox 2465 726 2759 798; x_wconf 79' lang='grc' dir='ltr'>δουλεύσῃς</span> <span class='ocrx_word' id='word_1_67' title='bbox 2785 728 2854 798; x_wconf 76' lang='grc' dir='ltr'>τῇ</span> <span class='ocrx_word' id='word_1_68' title='bbox 2871 724 3139 795; x_wconf 71' lang='grc' dir='ltr'>ἐπιθυμίᾳ</span> <span class='ocrx_word' id='word_1_69' title='bbox 3157 724 3224 793; x_wconf 78' lang='grc' dir='ltr'>τῇ</span> <span class='ocrx_word' id='word_1_70' title='bbox 3246 722 3448 794; x_wconf 74' lang='grc' dir='ltr'>ἀγαθῇ,</span> <span class='ocrx_word' id='word_1_71' title='bbox 3478 722 3577 775; x_wconf 71' lang='grc' dir='ltr'>καὶ</span> <span class='ocrx_word' id='word_1_72' title='bbox 3599 720 3724 776; x_wconf 76' lang='grc' dir='ltr'>ὕπο-</span> 
     </span>
    </p>
   </div>
   <div class='ocr_carea' id='block_1_11' title="bbox 2140 812 3727 891">
    <p class='ocr_par' dir='ltr' id='par_1_11' title="bbox 2140 812 3727 891">
     <span class='ocr_line' id='line_1_11' title="bbox 2140 812 3727 891; baseline -0.005 -18"><span class='ocrx_word' id='word_1_73' title='bbox 2140 822 2315 890; x_wconf 78' lang='grc' dir='ltr'>ταγῇς</span> <span class='ocrx_word' id='word_1_74' title='bbox 2345 819 2507 891; x_wconf 77' lang='grc' dir='ltr'>αὐτῇ,</span> <span class='ocrx_word' id='word_1_75' title='bbox 2547 820 2774 874; x_wconf 87' lang='grc' dir='ltr'>δύνασαι</span> <span class='ocrx_word' id='word_1_76' title='bbox 2822 819 3250 890; x_wconf 84' lang='grc' dir='ltr'>κατακυριεῦσαι</span> <span class='ocrx_word' id='word_1_77' title='bbox 3286 816 3388 886; x_wconf 82' lang='grc' dir='ltr'>τῆς</span> <span class='ocrx_word' id='word_1_78' title='bbox 3427 812 3727 886; x_wconf 73' lang='grc' dir='ltr'><strong>ἐπιθυμίας</strong></span> 
     </span>
    </p>
   </div>
   <div class='ocr_carea' id='block_1_12' title="bbox 2141 907 3565 984">
    <p class='ocr_par' dir='ltr' id='par_1_12' title="bbox 2141 907 3565 984">
     <span class='ocr_line' id='line_1_12' title="bbox 2141 907 3565 984; baseline -0.004 -19"><span class='ocrx_word' id='word_1_79' title='bbox 2141 912 2241 984; x_wconf 84' lang='grc' dir='ltr'>τῆς</span> <span class='ocrx_word' id='word_1_80' title='bbox 2268 913 2534 983; x_wconf 76' lang='grc' dir='ltr'>πονηρᾶς,</span> <span class='ocrx_word' id='word_1_81' title='bbox 2559 913 2654 966; x_wconf 76' lang='grc' dir='ltr'>καὶ</span> <span class='ocrx_word' id='word_1_82' title='bbox 2680 911 2945 976; x_wconf 82' lang='grc' dir='ltr'><strong>ὑποτάξαι</strong></span> <span class='ocrx_word' id='word_1_83' title='bbox 2966 910 3136 982; x_wconf 79' lang='grc' dir='ltr'>αὐτὴν</span> <span class='ocrx_word' id='word_1_84' title='bbox 3157 909 3340 973; x_wconf 83' lang='grc' dir='ltr'>καθὼς</span> <span class='ocrx_word' id='word_1_85' title='bbox 3369 907 3565 979; x_wconf 82' lang='grc' dir='ltr'><strong>βούλει.</strong></span> 
     </span>
    </p>
   </div>
   <div class='ocr_carea' id='block_1_13' title="bbox 1905 1027 2264 1086">
    <p class='ocr_par' dir='ltr' id='par_1_13' title="bbox 1905 1027 2264 1086">
     <span class='ocr_line' id='line_1_13' title="bbox 1905 1027 2264 1086; baseline -0.008 -1"><span class='ocrx_word' id='word_1_86' title='bbox 1905 1028 2135 1086; x_wconf 80' lang='lat' dir='ltr'><strong>CAPUT</strong></span> <span class='ocrx_word' id='word_1_87' title='bbox 2177 1027 2264 1083; x_wconf 83' lang='lat' dir='ltr'><strong>Ill.</strong></span> 
     </span>
    </p>
   </div>
   <div class='ocr_carea' id='block_1_14' title="bbox 540 1129 2036 1207">
    <p class='ocr_par' dir='ltr' id='par_1_14' title="bbox 540 1129 2036 1207">
     <span class='ocr_line' id='line_1_14' title="bbox 540 1129 2036 1207; baseline -0.004 -17"><span class='ocrx_word' id='word_1_88' title='bbox 540 1137 745 1191; x_wconf 83' lang='lat' dir='ltr'><strong>Vellem</strong></span> <span class='ocrx_word' id='word_1_89' title='bbox 777 1136 890 1207; x_wconf 92' lang='grc'>(21)</span> <span class='ocrx_word' id='word_1_90' title='bbox 920 1137 1082 1202; x_wconf 88' lang='lat' dir='ltr'><strong>scire,</strong></span> <span class='ocrx_word' id='word_1_91' title='bbox 1106 1134 1345 1201; x_wconf 88' lang='lat' dir='ltr'><strong>domine,</strong></span> <span class='ocrx_word' id='word_1_92' title='bbox 1383 1147 1493 1204; x_wconf 77' lang='lat' dir='ltr'><strong>quo</strong></span> <span class='ocrx_word' id='word_1_93' title='bbox 1521 1132 1686 1188; x_wconf 91' lang='lat' dir='ltr'><strong>modo</strong></span> <span class='ocrx_word' id='word_1_94' title='bbox 1713 1130 1917 1187; x_wconf 80' lang='lat' dir='ltr'><strong>servire</strong></span> <span class='ocrx_word' id='word_1_95' title='bbox 1940 1129 2036 1185; x_wconf 90' lang='lat' dir='ltr'><strong>de-</strong></span> 
     </span>
    </p>
   </div>
   <div class='ocr_carea' id='block_1_15' title="bbox 467 1223 2042 1299">
    <p class='ocr_par' dir='ltr' id='par_1_15' title="bbox 467 1223 2042 1299">
     <span class='ocr_line' id='line_1_15' title="bbox 467 1223 2042 1299; baseline -0.003 -16"><span class='ocrx_word' id='word_1_96' title='bbox 467 1230 624 1284; x_wconf 86' lang='lat' dir='ltr'><strong>beam</strong></span> <span class='ocrx_word' id='word_1_97' title='bbox 657 1229 937 1299; x_wconf 82' lang='lat' dir='ltr'><strong>cupiditati</strong></span> <span class='ocrx_word' id='word_1_98' title='bbox 963 1228 1139 1282; x_wconf 69' lang='lat' dir='ltr'><strong>bonae.</strong></span> <span class='ocrx_word' id='word_1_99' title='bbox 1167 1225 1330 1291; x_wconf 84' lang='lat' dir='ltr'><strong>Audi,</strong></span> <span class='ocrx_word' id='word_1_100' title='bbox 1359 1225 1539 1296; x_wconf 82' lang='lat' dir='ltr'><strong>inquit</strong></span> <span class='ocrx_word' id='word_1_101' title='bbox 1569 1243 1583 1279; x_wconf 90' lang='lat'><strong>:</strong></span> <span class='ocrx_word' id='word_1_102' title='bbox 1619 1223 1769 1279; x_wconf 84' lang='lat' dir='ltr'><strong>Habe</strong></span> <span class='ocrx_word' id='word_1_103' title='bbox 1789 1223 2042 1280; x_wconf 88' lang='lat' dir='ltr'><strong>timorem</strong></span> 
     </span>
    </p>
   </div>
   <div class='ocr_carea' id='block_1_16' title="bbox 470 1316 2044 1390">
    <p class='ocr_par' dir='ltr' id='par_1_16' title="bbox 470 1316 2044 1390">
     <span class='ocr_line' id='line_1_16' title="bbox 470 1316 2044 1390; baseline -0.002 -16"><span class='ocrx_word' id='word_1_104' title='bbox 470 1321 590 1388; x_wconf 88' lang='lat' dir='ltr'><strong>Dei,</strong></span> <span class='ocrx_word' id='word_1_105' title='bbox 621 1331 674 1376; x_wconf 93' lang='lat' dir='ltr'><strong>et</strong></span> <span class='ocrx_word' id='word_1_106' title='bbox 705 1320 860 1376; x_wconf 85' lang='lat' dir='ltr'><strong>[idem</strong></span> <span class='ocrx_word' id='word_1_107' title='bbox 901 1320 1015 1390; x_wconf 88' lang='lat'>(22)</span> <span class='ocrx_word' id='word_1_108' title='bbox 1050 1319 1101 1372; x_wconf 91' lang='lat' dir='ltr'><strong>in</strong></span> <span class='ocrx_word' id='word_1_109' title='bbox 1141 1319 1270 1383; x_wconf 86' lang='lat' dir='ltr'><strong>Deo,</strong></span> <span class='ocrx_word' id='word_1_110' title='bbox 1307 1327 1360 1373; x_wconf 92' lang='lat' dir='ltr'><strong>et</strong></span> <span class='ocrx_word' id='word_1_111' title='bbox 1390 1317 1670 1372; x_wconf 86' lang='lat' dir='ltr'><strong>veritatem</strong></span> <span class='ocrx_word' id='word_1_112' title='bbox 1699 1331 1842 1382; x_wconf 90' lang='lat' dir='ltr'><strong>ama,</strong></span> <span class='ocrx_word' id='word_1_113' title='bbox 1873 1326 1926 1372; x_wconf 85' lang='lat' dir='ltr'><strong>et</strong></span> <span class='ocrx_word' id='word_1_114' title='bbox 1952 1316 2044 1387; x_wconf 86' lang='lat' dir='ltr'><strong>ju-</strong></span> 
     </span>
    </p>
   </div>
   <div class='ocr_carea' id='block_1_17' title="bbox 471 1407 2044 1485">
    <p class='ocr_par' dir='ltr' id='par_1_17' title="bbox 471 1407 2044 1485">
     <span class='ocr_line' id='line_1_17' title="bbox 471 1407 2044 1485; baseline -0.003 -16"><span class='ocrx_word' id='word_1_115' title='bbox 471 1415 676 1469; x_wconf 87' lang='lat' dir='ltr'><strong>stitiam</strong></span> <span class='ocrx_word' id='word_1_116' title='bbox 717 1413 901 1485; x_wconf 82' lang='lat' dir='ltr'><strong>dilige,</strong></span> <span class='ocrx_word' id='word_1_117' title='bbox 934 1421 986 1466; x_wconf 84' lang='lat' dir='ltr'><strong>et</strong></span> <span class='ocrx_word' id='word_1_118' title='bbox 1027 1410 1112 1466; x_wconf 81' lang='lat' dir='ltr'><strong>fac</strong></span> <span class='ocrx_word' id='word_1_119' title='bbox 1159 1411 1364 1465; x_wconf 84' lang='lat' dir='ltr'><strong>bonum</strong></span> <span class='ocrx_word' id='word_1_120' title='bbox 1393 1408 1526 1480; x_wconf 85' lang='grc'>(25).</span> <span class='ocrx_word' id='word_1_121' title='bbox 1573 1407 1698 1464; x_wconf 68' lang='lat' dir='ltr'><strong>Haac</strong></span> <span class='ocrx_word' id='word_1_122' title='bbox 1741 1408 2044 1478; x_wconf 87' lang='lat' dir='ltr'><strong>operando,</strong></span> 
     </span>
    </p>
   </div>
   <div class='ocr_carea' id='block_1_18' title="bbox 470 1499 2051 1574">
    <p class='ocr_par' dir='ltr' id='par_1_18' title="bbox 470 1499 2051 1574">
     <span class='ocr_line' id='line_1_18' title="bbox 470 1499 2051 1574; baseline -0.001 -17"><span class='ocrx_word' id='word_1_123' title='bbox 470 1504 732 1574; x_wconf 89' lang='lat' dir='ltr'><strong>probatus</strong></span> <span class='ocrx_word' id='word_1_124' title='bbox 783 1503 890 1558; x_wconf 91' lang='lat' dir='ltr'><strong>eris</strong></span> <span class='ocrx_word' id='word_1_125' title='bbox 938 1517 1129 1556; x_wconf 80' lang='lat' dir='ltr'><strong>servus</strong></span> <span class='ocrx_word' id='word_1_126' title='bbox 1181 1500 1422 1565; x_wconf 87' lang='lat' dir='ltr'><strong>Domini,</strong></span> <span class='ocrx_word' id='word_1_127' title='bbox 1466 1508 1520 1554; x_wconf 90' lang='lat' dir='ltr'><strong>et</strong></span> <span class='ocrx_word' id='word_1_128' title='bbox 1563 1499 1766 1555; x_wconf 89' lang='lat' dir='ltr'><strong>servies</strong></span> <span class='ocrx_word' id='word_1_129' title='bbox 1801 1499 1911 1555; x_wconf 89' lang='lat' dir='ltr'><strong>Deo</strong></span> <span class='ocrx_word' id='word_1_130' title='bbox 1945 1517 1959 1554; x_wconf 89' lang='lat'><strong>:</strong></span> <span class='ocrx_word' id='word_1_131' title='bbox 1995 1510 2051 1555; x_wconf 88' lang='lat' dir='ltr'><strong>et</strong></span> 
     </span>
    </p>
   </div>
   <div class='ocr_carea' id='block_1_19' title="bbox 471 1592 2053 1665">
    <p class='ocr_par' dir='ltr' id='par_1_19' title="bbox 471 1592 2053 1665">
     <span class='ocr_line' id='line_1_19' title="bbox 471 1592 2053 1665; baseline 0.003 -21"><span class='ocrx_word' id='word_1_132' title='bbox 471 1610 662 1650; x_wconf 81' lang='lat' dir='ltr'><strong>omnes</strong></span> <span class='ocrx_word' id='word_1_133' title='bbox 693 1595 1006 1665; x_wconf 88' lang='lat' dir='ltr'><strong>quicunque</strong></span> <span class='ocrx_word' id='word_1_134' title='bbox 1033 1593 1320 1648; x_wconf 89' lang='lat' dir='ltr'><strong>servierint</strong></span> <span class='ocrx_word' id='word_1_135' title='bbox 1356 1592 1636 1661; x_wconf 80' lang='lat' dir='ltr'><strong>cupiditati</strong></span> <span class='ocrx_word' id='word_1_136' title='bbox 1664 1593 1839 1657; x_wconf 65' lang='lat' dir='ltr'><strong>bonae,</strong></span> <span class='ocrx_word' id='word_1_137' title='bbox 1867 1592 2053 1648; x_wconf 90' lang='lat' dir='ltr'><strong>vivent</strong></span> 
     </span>
    </p>
   </div>
   <div class='ocr_carea' id='block_1_20' title="bbox 477 1684 2052 1753">
    <p class='ocr_par' dir='ltr' id='par_1_20' title="bbox 477 1684 2052 1753">
     <span class='ocr_line' id='line_1_20' title="bbox 477 1684 2052 1753; baseline -0.001 -12"><span class='ocrx_word' id='word_1_138' title='bbox 477 1684 1051 1744; x_wconf 87' lang='lat' dir='ltr'><strong>Deo.Consummatis</strong></span> <span class='ocrx_word' id='word_1_139' title='bbox 1101 1687 1186 1742; x_wconf 85' lang='lat' dir='ltr'><strong>his</strong></span> <span class='ocrx_word' id='word_1_140' title='bbox 1239 1685 1512 1740; x_wconf 86' lang='lat' dir='ltr'><strong>mandatis</strong></span> <span class='ocrx_word' id='word_1_141' title='bbox 1559 1685 1880 1753; x_wconf 91' lang='lat' dir='ltr'><strong>duodecim,</strong></span> <span class='ocrx_word' id='word_1_142' title='bbox 1917 1685 2052 1740; x_wconf 77' lang='lat' dir='ltr'><strong>dixit</strong></span> 
     </span>
    </p>
   </div>
   <div class='ocr_carea' id='block_1_21' title="bbox 474 1777 2050 1845">
    <p class='ocr_par' dir='ltr' id='par_1_21' title="bbox 474 1777 2050 1845">
     <span class='ocr_line' id='line_1_21' title="bbox 474 1777 2050 1845; baseline 0.001 -13"><span class='ocrx_word' id='word_1_143' title='bbox 474 1779 607 1833; x_wconf 89' lang='lat' dir='ltr'><strong>mihi</strong></span> <span class='ocrx_word' id='word_1_144' title='bbox 643 1795 658 1831; x_wconf 88' lang='lat'><strong>:</strong></span> <span class='ocrx_word' id='word_1_145' title='bbox 692 1777 872 1835; x_wconf 81' lang='lat' dir='ltr'><strong>Habes</strong></span> <span class='ocrx_word' id='word_1_146' title='bbox 902 1778 1015 1833; x_wconf 74' lang='lat' dir='ltr'><strong>haac</strong></span> <span class='ocrx_word' id='word_1_147' title='bbox 1047 1779 1324 1845; x_wconf 79' lang='lat' dir='ltr'><strong>mandata,</strong></span> <span class='ocrx_word' id='word_1_148' title='bbox 1356 1778 1575 1832; x_wconf 87' lang='lat' dir='ltr'><strong>ambula</strong></span> <span class='ocrx_word' id='word_1_149' title='bbox 1619 1778 1673 1831; x_wconf 88' lang='lat' dir='ltr'><strong>in</strong></span> <span class='ocrx_word' id='word_1_150' title='bbox 1719 1778 1842 1845; x_wconf 88' lang='lat' dir='ltr'><strong>his;</strong></span> <span class='ocrx_word' id='word_1_151' title='bbox 1869 1787 1923 1833; x_wconf 89' lang='lat' dir='ltr'><strong>et</strong></span> <span class='ocrx_word' id='word_1_152' title='bbox 1951 1794 2050 1833; x_wconf 85' lang='lat' dir='ltr'><strong>au-</strong></span> 
     </span>
    </p>
   </div>
   <div class='ocr_carea' id='block_1_22' title="bbox 474 1870 2051 1941">
    <p class='ocr_par' dir='ltr' id='par_1_22' title="bbox 474 1870 2051 1941">
     <span class='ocr_line' id='line_1_22' title="bbox 474 1870 2051 1941; baseline 0.002 -17"><span class='ocrx_word' id='word_1_153' title='bbox 474 1871 686 1926; x_wconf 87' lang='lat' dir='ltr'><strong>dientes</strong></span> <span class='ocrx_word' id='word_1_154' title='bbox 713 1871 964 1925; x_wconf 88' lang='lat' dir='ltr'><strong>homines</strong></span> <span class='ocrx_word' id='word_1_155' title='bbox 1004 1870 1254 1936; x_wconf 89' lang='lat' dir='ltr'><strong>hortare,</strong></span> <span class='ocrx_word' id='word_1_156' title='bbox 1293 1880 1354 1924; x_wconf 93' lang='lat' dir='ltr'><strong>ut</strong></span> <span class='ocrx_word' id='word_1_157' title='bbox 1384 1871 1756 1940; x_wconf 74' lang='lat' dir='ltr'><strong>ptenitentiam</strong></span> <span class='ocrx_word' id='word_1_158' title='bbox 1781 1881 1963 1941; x_wconf 80' lang='lat' dir='ltr'><strong>agant,</strong></span> <span class='ocrx_word' id='word_1_159' title='bbox 1996 1881 2051 1927; x_wconf 80' lang='lat' dir='ltr'><strong>et</strong></span> 
     </span>
    </p>
   </div>
   <div class='ocr_carea' id='block_1_23' title="bbox 476 1963 2050 2034">
    <p class='ocr_par' dir='ltr' id='par_1_23' title="bbox 476 1963 2050 2034">
     <span class='ocr_line' id='line_1_23' title="bbox 476 1963 2050 2034; baseline 0.003 -17"><span class='ocrx_word' id='word_1_160' title='bbox 476 1964 791 2034; x_wconf 72' lang='lat' dir='ltr'><strong>pmnitentia</strong></span> <span class='ocrx_word' id='word_1_161' title='bbox 836 1977 1026 2018; x_wconf 90' lang='lat' dir='ltr'><strong>eorum</strong></span> <span class='ocrx_word' id='word_1_162' title='bbox 1074 1964 1277 2019; x_wconf 82' lang='lat' dir='ltr'><strong>munda</strong></span> <span class='ocrx_word' id='word_1_163' title='bbox 1307 1964 1401 2019; x_wconf 85' lang='lat' dir='ltr'><strong>ﬁat</strong></span> <span class='ocrx_word' id='word_1_164' title='bbox 1433 1963 1548 2034; x_wconf 86' lang='lat'>(25)</span> <span class='ocrx_word' id='word_1_165' title='bbox 1590 1964 1819 2034; x_wconf 89' lang='lat' dir='ltr'><strong>reliquis</strong></span> <span class='ocrx_word' id='word_1_166' title='bbox 1855 1966 2050 2022; x_wconf 90' lang='lat' dir='ltr'><strong>diebus</strong></span> 
     </span>
    </p>
   </div>
   <div class='ocr_carea' id='block_1_24' title="bbox 476 2052 841 2107">
    <p class='ocr_par' dir='ltr' id='par_1_24' title="bbox 476 2052 841 2107">
     <span class='ocr_line' id='line_1_24' title="bbox 476 2052 841 2107; baseline 0.005 -3"><span class='ocrx_word' id='word_1_167' title='bbox 476 2052 600 2107; x_wconf 71' lang='lat' dir='ltr'><strong>vita:</strong></span> <span class='ocrx_word' id='word_1_168' title='bbox 627 2065 841 2106; x_wconf 86' lang='lat' dir='ltr'><strong>eorum.</strong></span> 
     </span>
    </p>
   </div>
   <div class='ocr_carea' id='block_1_25' title="bbox 2217 1117 3728 1197">
    <p class='ocr_par' dir='ltr' id='par_1_25' title="bbox 2217 1117 3728 1197">
     <span class='ocr_line' id='line_1_25' title="bbox 2217 1117 3728 1197; baseline -0.006 -18"><span class='ocrx_word' id='word_1_169' title='bbox 2217 1126 2447 1180; x_wconf 83' lang='grc' dir='ltr'>ἭΘελον</span> <span class='ocrx_word' id='word_1_170' title='bbox 2491 1126 2696 1196; x_wconf 84' lang='grc' dir='ltr'>γνῶναι</span> <span class='ocrx_word' id='word_1_171' title='bbox 2740 1125 2914 1189; x_wconf 83' lang='grc' dir='ltr'>ποίοις</span> <span class='ocrx_word' id='word_1_172' title='bbox 2955 1124 3178 1197; x_wconf 81' lang='grc' dir='ltr'>τρόποις</span> <span class='ocrx_word' id='word_1_173' title='bbox 3217 1122 3300 1175; x_wconf 85' lang='grc' dir='ltr'><strong>δεῖ</strong></span> <span class='ocrx_word' id='word_1_174' title='bbox 3340 1137 3407 1192; x_wconf 88' lang='grc' dir='ltr'><strong>με</strong></span> <span class='ocrx_word' id='word_1_175' title='bbox 3443 1117 3728 1173; x_wconf 85' lang='grc' dir='ltr'>δουλεῦσαι</span> 
     </span>
    </p>
   </div>
   <div class='ocr_carea' id='block_1_26' title="bbox 2140 1208 3731 1290">
    <p class='ocr_par' dir='ltr' id='par_1_26' title="bbox 2140 1208 3731 1290">
     <span class='ocr_line' id='line_1_26' title="bbox 2140 1208 3731 1290; baseline -0.006 -19"><span class='ocrx_word' id='word_1_176' title='bbox 2140 1221 2207 1290; x_wconf 76' lang='grc' dir='ltr'>τῇ</span> <span class='ocrx_word' id='word_1_177' title='bbox 2240 1217 2507 1289; x_wconf 71' lang='grc' dir='ltr'>ἐπιθυμίᾳ</span> <span class='ocrx_word' id='word_1_178' title='bbox 2549 1220 2613 1290; x_wconf 82' lang='grc' dir='ltr'><strong>τῇ</strong></span> <span class='ocrx_word' id='word_1_179' title='bbox 2661 1216 2861 1288; x_wconf 81' lang='grc' dir='ltr'>ἀγαθῇ.</span> <span class='ocrx_word' id='word_1_180' title='bbox 2895 1217 3116 1269; x_wconf 78' lang='grc' dir='ltr'>Ἀκουεο</span> <span class='ocrx_word' id='word_1_181' title='bbox 3155 1215 3429 1285; x_wconf 82' lang='grc' dir='ltr'>Ἐργασαι</span> <span class='ocrx_word' id='word_1_182' title='bbox 3455 1208 3731 1264; x_wconf 85' lang='grc' dir='ltr'>δικαιοσύ-</span> 
     </span>
    </p>
   </div>
   <div class='ocr_carea' id='block_1_27' title="bbox 2142 1299 3732 1381">
    <p class='ocr_par' dir='ltr' id='par_1_27' title="bbox 2142 1299 3732 1381">
     <span class='ocr_line' id='line_1_27' title="bbox 2142 1299 3732 1381; baseline -0.007 -18"><span class='ocrx_word' id='word_1_183' title='bbox 2142 1326 2240 1380; x_wconf 79' lang='grc' dir='ltr'>νην</span> <span class='ocrx_word' id='word_1_184' title='bbox 2289 1310 2383 1364; x_wconf 62' lang='grc' dir='ltr'><strong>καὶ⁴</strong></span> <span class='ocrx_word' id='word_1_185' title='bbox 2429 1310 2631 1381; x_wconf 75' lang='grc' dir='ltr'>ἀρετὴν</span> <span class='ocrx_word' id='word_1_186' title='bbox 2677 1307 2954 1379; x_wconf 84' lang='grc' dir='ltr'>ἀληθείας,</span> <span class='ocrx_word' id='word_1_187' title='bbox 3003 1305 3097 1360; x_wconf 71' lang='grc' dir='ltr'><strong>καὶ</strong></span> <span class='ocrx_word' id='word_1_188' title='bbox 3143 1305 3306 1375; x_wconf 79' lang='grc' dir='ltr'>φόϐον</span> <span class='ocrx_word' id='word_1_189' title='bbox 3361 1302 3590 1374; x_wconf 80' lang='grc' dir='ltr'>Κυρίου,</span> <span class='ocrx_word' id='word_1_190' title='bbox 3635 1299 3732 1353; x_wconf 78' lang='grc' dir='ltr'>καὶ</span> 
     </span>
    </p>
   </div>
   <div class='ocr_carea' id='block_1_28' title="bbox 2149 1395 3733 1473">
    <p class='ocr_par' dir='ltr' id='par_1_28' title="bbox 2149 1395 3733 1473">
     <span class='ocr_line' id='line_1_28' title="bbox 2149 1395 3733 1473; baseline -0.008 -17"><span class='ocrx_word' id='word_1_191' title='bbox 2149 1403 2349 1466; x_wconf 84' lang='grc' dir='ltr'>πίστιν,</span> <span class='ocrx_word' id='word_1_192' title='bbox 2379 1403 2473 1456; x_wconf 75' lang='grc' dir='ltr'>καὶ</span> <span class='ocrx_word' id='word_1_193' title='bbox 2513 1401 2849 1473; x_wconf 76' lang='grc' dir='ltr'>άγάπην.....</span> <span class='ocrx_word' id='word_1_194' title='bbox 2881 1399 3067 1454; x_wconf 77' lang='grc' dir='ltr'>Ταῦτα</span> <span class='ocrx_word' id='word_1_195' title='bbox 3102 1396 3490 1470; x_wconf 80' lang='grc' dir='ltr'>ἐργαζόμενος,</span> <span class='ocrx_word' id='word_1_196' title='bbox 3539 1395 3733 1464; x_wconf 83' lang='grc' dir='ltr'>εὐάρε-</span> 
     </span>
    </p>
   </div>
   <div class='ocr_carea' id='block_1_29' title="bbox 2149 1488 3734 1567">
    <p class='ocr_par' dir='ltr' id='par_1_29' title="bbox 2149 1488 3734 1567">
     <span class='ocr_line' id='line_1_29' title="bbox 2149 1488 3734 1567; baseline -0.004 -18"><span class='ocrx_word' id='word_1_197' title='bbox 2149 1513 2271 1558; x_wconf 85' lang='grc' dir='ltr'>στος</span> <span class='ocrx_word' id='word_1_198' title='bbox 2317 1495 2414 1567; x_wconf 78' lang='grc' dir='ltr'><strong>ἔσῃ</strong></span> <span class='ocrx_word' id='word_1_199' title='bbox 2459 1495 2644 1559; x_wconf 81' lang='grc' dir='ltr'>δοῦλος</span> <span class='ocrx_word' id='word_1_200' title='bbox 2687 1494 2847 1547; x_wconf 76' lang='grc' dir='ltr'>Θεοῦ.</span> <span class='ocrx_word' id='word_1_201' title='bbox 2983 1492 3095 1564; x_wconf 74' lang='grc'>(24)</span> <span class='ocrx_word' id='word_1_202' title='bbox 3125 1493 3236 1546; x_wconf 77' lang='grc' dir='ltr'><strong>Καὶ</strong></span> <span class='ocrx_word' id='word_1_203' title='bbox 3272 1489 3594 1552; x_wconf 78' lang='grc' dir='ltr'>συντελέσας</span> <span class='ocrx_word' id='word_1_204' title='bbox 3631 1488 3734 1550; x_wconf 78' lang='grc' dir='ltr'>τὰς</span> 
     </span>
    </p>
   </div>
   <div class='ocr_carea' id='block_1_30' title="bbox 2146 1583 3736 1656">
    <p class='ocr_par' dir='ltr' id='par_1_30' title="bbox 2146 1583 3736 1656">
     <span class='ocr_line' id='line_1_30' title="bbox 2146 1583 3736 1656; baseline -0.004 -16"><span class='ocrx_word' id='word_1_205' title='bbox 2146 1586 2352 1641; x_wconf 82' lang='grc' dir='ltr'>δώδεκα</span> <span class='ocrx_word' id='word_1_206' title='bbox 2397 1587 2600 1651; x_wconf 85' lang='grc' dir='ltr'>ταύτας</span> <span class='ocrx_word' id='word_1_207' title='bbox 2638 1587 2879 1651; x_wconf 79' lang='grc' dir='ltr'>ἐντολὰς,</span> <span class='ocrx_word' id='word_1_208' title='bbox 2926 1585 3095 1656; x_wconf 77' lang='grc' dir='ltr'>λέγει’</span> <span class='ocrx_word' id='word_1_209' title='bbox 3243 1583 3485 1656; x_wconf 79' lang='grc' dir='ltr'>Πορεύου</span> <span class='ocrx_word' id='word_1_210' title='bbox 3521 1583 3584 1635; x_wconf 85' lang='grc' dir='ltr'><strong>ἐν</strong></span> <span class='ocrx_word' id='word_1_211' title='bbox 3611 1583 3736 1644; x_wconf 84' lang='grc' dir='ltr'>ταῖς</span> 
     </span>
    </p>
   </div>
   <div class='ocr_carea' id='block_1_31' title="bbox 2148 1673 3734 1751">
    <p class='ocr_par' dir='ltr' id='par_1_31' title="bbox 2148 1673 3734 1751">
     <span class='ocr_line' id='line_1_31' title="bbox 2148 1673 3734 1751; baseline -0.005 -19"><span class='ocrx_word' id='word_1_212' title='bbox 2148 1681 2386 1744; x_wconf 78' lang='grc' dir='ltr'>ἐντολαῖς</span> <span class='ocrx_word' id='word_1_213' title='bbox 2414 1681 2660 1745; x_wconf 81' lang='grc' dir='ltr'>ταύταις,</span> <span class='ocrx_word' id='word_1_214' title='bbox 2693 1681 2787 1734; x_wconf 76' lang='grc' dir='ltr'>καὶ</span> <span class='ocrx_word' id='word_1_215' title='bbox 2824 1678 3132 1751; x_wconf 75' lang='grc' dir='ltr'>παρακάλει</span> <span class='ocrx_word' id='word_1_216' title='bbox 3163 1677 3260 1732; x_wconf 71' lang='grc' dir='ltr'>καὶ</span> <span class='ocrx_word' id='word_1_217' title='bbox 3287 1678 3413 1738; x_wconf 82' lang='grc' dir='ltr'>τοὺς</span> <span class='ocrx_word' id='word_1_218' title='bbox 3440 1673 3734 1735; x_wconf 83' lang='grc' dir='ltr'>ἀκούοντας</span> 
     </span>
    </p>
   </div>
   <div class='ocr_carea' id='block_1_32' title="bbox 2148 1764 3737 1844">
    <p class='ocr_par' dir='ltr' id='par_1_32' title="bbox 2148 1764 3737 1844">
     <span class='ocr_line' id='line_1_32' title="bbox 2148 1764 3737 1844; baseline -0.004 -18"><span class='ocrx_word' id='word_1_219' title='bbox 2148 1772 2475 1844; x_wconf 87' lang='grc' dir='ltr'>πορεύεσθαι</span> <span class='ocrx_word' id='word_1_220' title='bbox 2497 1773 2556 1825; x_wconf 85' lang='grc' dir='ltr'><strong>ἐν</strong></span> <span class='ocrx_word' id='word_1_221' title='bbox 2586 1774 2792 1837; x_wconf 84' lang='grc' dir='ltr'>αὐταῖς,</span> <span class='ocrx_word' id='word_1_222' title='bbox 2829 1773 2917 1826; x_wconf 76' lang='grc' dir='ltr'>ἵνα</span> <span class='ocrx_word' id='word_1_223' title='bbox 2952 1774 2991 1844; x_wconf 78' lang='grc' dir='ltr'><strong>ἡ</strong></span> <span class='ocrx_word' id='word_1_224' title='bbox 3025 1771 3282 1844; x_wconf 82' lang='grc' dir='ltr'>μετάνοια</span> <span class='ocrx_word' id='word_1_225' title='bbox 3315 1769 3495 1823; x_wconf 84' lang='grc' dir='ltr'>αὐτῶν</span> <span class='ocrx_word' id='word_1_226' title='bbox 3517 1764 3737 1839; x_wconf 64' lang='grc' dir='ltr'>καθαρὰ</span> 
     </span>
    </p>
   </div>
   <div class='ocr_carea' id='block_1_33' title="bbox 2147 1861 3486 1938">
    <p class='ocr_par' dir='ltr' id='par_1_33' title="bbox 2147 1861 3486 1938">
     <span class='ocr_line' id='line_1_33' title="bbox 2147 1861 3486 1938; baseline 0.001 -23"><span class='ocrx_word' id='word_1_227' title='bbox 2147 1863 2371 1935; x_wconf 84' lang='grc' dir='ltr'>γένηται</span> <span class='ocrx_word' id='word_1_228' title='bbox 2394 1864 2494 1928; x_wconf 87' lang='grc' dir='ltr'>τὰς</span> <span class='ocrx_word' id='word_1_229' title='bbox 2515 1863 2710 1930; x_wconf 80' lang='grc' dir='ltr'>λοιπὰς</span> <span class='ocrx_word' id='word_1_230' title='bbox 2737 1865 2954 1938; x_wconf 79' lang='grc' dir='ltr'>ἡμέρας</span> <span class='ocrx_word' id='word_1_231' title='bbox 2989 1865 3089 1936; x_wconf 83' lang='grc' dir='ltr'>τῆς</span> <span class='ocrx_word' id='word_1_232' title='bbox 3118 1863 3265 1934; x_wconf 77' lang='grc' dir='ltr'><strong>ζωῆς</strong></span> <span class='ocrx_word' id='word_1_233' title='bbox 3285 1861 3486 1916; x_wconf 83' lang='grc' dir='ltr'>αὐτῶν.</span> 
     </span>
    </p>
   </div>
   <div class='ocr_carea' id='block_1_34' title="bbox 455 2142 3738 2225">
    <p class='ocr_par' dir='ltr' id='par_1_34' title="bbox 455 2142 3738 2225">
     <span class='ocr_line' id='line_1_34' title="bbox 455 2142 3738 2225; baseline 0.003 -27"><span class='ocrx_word' id='word_1_234' title='bbox 455 2142 545 2199; x_wconf 75' lang='lat' dir='ltr'><strong>‘Et</strong></span> <span class='ocrx_word' id='word_1_235' title='bbox 587 2143 950 2200; x_wconf 90' lang='lat' dir='ltr'><strong>ministerium</strong></span> <span class='ocrx_word' id='word_1_236' title='bbox 995 2143 1103 2199; x_wconf 90' lang='lat' dir='ltr'><strong>hoc</strong></span> <span class='ocrx_word' id='word_1_237' title='bbox 1141 2145 1286 2215; x_wconf 89' lang='lat' dir='ltr'><strong>quod</strong></span> <span class='ocrx_word' id='word_1_238' title='bbox 1316 2145 1410 2199; x_wconf 91' lang='lat' dir='ltr'><strong>tibi</strong></span> <span class='ocrx_word' id='word_1_239' title='bbox 1438 2145 1543 2214; x_wconf 92' lang='lat' dir='ltr'><strong>do,</strong></span> <span class='ocrx_word' id='word_1_240' title='bbox 1591 2147 1800 2216; x_wconf 83' lang='lat' dir='ltr'><strong>explica</strong></span> <span class='ocrx_word' id='word_1_241' title='bbox 1843 2148 2162 2220; x_wconf 84' lang='lat' dir='ltr'><strong>diligenter,</strong></span> <span class='ocrx_word' id='word_1_242' title='bbox 2189 2161 2245 2207; x_wconf 91' lang='lat' dir='ltr'><strong>et</strong></span> <span class='ocrx_word' id='word_1_243' title='bbox 2297 2153 2531 2208; x_wconf 87' lang='lat' dir='ltr'><strong>multum</strong></span> <span class='ocrx_word' id='word_1_244' title='bbox 2575 2152 2933 2225; x_wconf 87' lang='lat' dir='ltr'><strong>consequeris</strong></span> <span class='ocrx_word' id='word_1_245' title='bbox 2975 2151 3213 2209; x_wconf 83' lang='lat' dir='ltr'><strong>fructum</strong></span> <span class='ocrx_word' id='word_1_246' title='bbox 3247 2152 3381 2223; x_wconf 85' lang='lat'>(26),</span> <span class='ocrx_word' id='word_1_247' title='bbox 3408 2162 3462 2207; x_wconf 85' lang='lat' dir='ltr'><strong>et</strong></span> <span class='ocrx_word' id='word_1_248' title='bbox 3493 2152 3738 2208; x_wconf 82' lang='lat' dir='ltr'><strong>invenies</strong></span> 
     </span>
    </p>
   </div>
   <div class='ocr_carea' id='block_1_35' title="bbox 477 2236 3726 2330">
    <p class='ocr_par' dir='ltr' id='par_1_35' title="bbox 477 2236 3726 2330">
     <span class='ocr_line' id='line_1_35' title="bbox 477 2236 3726 2330; baseline 0.003 -39"><span class='ocrx_word' id='word_1_249' title='bbox 477 2237 708 2307; x_wconf 81' lang='lat' dir='ltr'><strong>gratiam</strong></span> <span class='ocrx_word' id='word_1_250' title='bbox 733 2236 878 2308; x_wconf 88' lang='lat' dir='ltr'><strong>apud</strong></span> <span class='ocrx_word' id='word_1_251' title='bbox 905 2252 1122 2304; x_wconf 91' lang='lat' dir='ltr'><strong>omnes,</strong></span> <span class='ocrx_word' id='word_1_252' title='bbox 1152 2239 1247 2308; x_wconf 92' lang='lat' dir='ltr'><strong>qui</strong></span> <span class='ocrx_word' id='word_1_253' title='bbox 1279 2238 1657 2308; x_wconf 64' lang='lat' dir='ltr'><strong>penitentiam</strong></span> <span class='ocrx_word' id='word_1_254' title='bbox 1687 2250 1850 2309; x_wconf 87' lang='lat' dir='ltr'><strong>agent</strong></span> <span class='ocrx_word' id='word_1_255' title='bbox 1881 2249 1936 2295; x_wconf 89' lang='lat' dir='ltr'><strong>et</strong></span> <span class='ocrx_word' id='word_1_256' title='bbox 1961 2242 2186 2298; x_wconf 87' lang='lat' dir='ltr'><strong>credent</strong></span> <span class='ocrx_word' id='word_1_257' title='bbox 2214 2245 2398 2301; x_wconf 86' lang='lat' dir='ltr'><strong>verbis</strong></span> <span class='ocrx_word' id='word_1_258' title='bbox 2426 2246 2558 2301; x_wconf 84' lang='lat' dir='ltr'><strong>tuis.</strong></span> <span class='ocrx_word' id='word_1_259' title='bbox 2591 2244 2709 2330; x_wconf 66' lang='lat' dir='ltr'><strong>Ego</strong></span> <span class='ocrx_word' id='word_1_260' title='bbox 2734 2245 2881 2301; x_wconf 90' lang='lat' dir='ltr'><strong>enim</strong></span> <span class='ocrx_word' id='word_1_261' title='bbox 2911 2253 3092 2300; x_wconf 82' lang='lat' dir='ltr'><strong>tecum</strong></span> <span class='ocrx_word' id='word_1_262' title='bbox 3121 2262 3267 2314; x_wconf 90' lang='lat' dir='ltr'><strong>sum,</strong></span> <span class='ocrx_word' id='word_1_263' title='bbox 3297 2254 3352 2301; x_wconf 87' lang='lat' dir='ltr'><strong>et</strong></span> <span class='ocrx_word' id='word_1_264' title='bbox 3381 2261 3570 2316; x_wconf 81' lang='lat' dir='ltr'><strong>cogam</strong></span> <span class='ocrx_word' id='word_1_265' title='bbox 3603 2245 3726 2300; x_wconf 91' lang='lat' dir='ltr'><strong>illos</strong></span> 
     </span>
    </p>
   </div>
   <div class='ocr_carea' id='block_1_36' title="bbox 477 2331 724 2387">
    <p class='ocr_par' dir='ltr' id='par_1_36' title="bbox 477 2331 724 2387">
     <span class='ocr_line' id='line_1_36' title="bbox 477 2331 724 2387; baseline 0 -1"><span class='ocrx_word' id='word_1_266' title='bbox 477 2331 724 2387; x_wconf 90' lang='lat' dir='ltr'><strong>credere.</strong></span> 
     </span>
    </p>
   </div>
   <div class='ocr_carea' id='block_1_37' title="bbox 544 2417 2048 2494">
    <p class='ocr_par' dir='ltr' id='par_1_37' title="bbox 544 2417 2048 2494">
     <span class='ocr_line' id='line_1_37' title="bbox 544 2417 2048 2494; baseline 0.003 -19"><span class='ocrx_word' id='word_1_267' title='bbox 544 2419 740 2476; x_wconf 77' lang='lat' dir='ltr'><strong>Etdixi</strong></span> <span class='ocrx_word' id='word_1_268' title='bbox 771 2419 846 2474; x_wconf 92' lang='lat' dir='ltr'><strong>illi</strong></span> <span class='ocrx_word' id='word_1_269' title='bbox 878 2438 892 2475; x_wconf 89' lang='lat'><strong>:</strong></span> <span class='ocrx_word' id='word_1_270' title='bbox 925 2417 1174 2488; x_wconf 86' lang='lat' dir='ltr'><strong>Domine,</strong></span> <span class='ocrx_word' id='word_1_271' title='bbox 1200 2422 1314 2480; x_wconf 69' lang='lat' dir='ltr'><strong>haec</strong></span> <span class='ocrx_word' id='word_1_272' title='bbox 1331 2423 1585 2478; x_wconf 89' lang='lat' dir='ltr'><strong>mandata</strong></span> <span class='ocrx_word' id='word_1_273' title='bbox 1615 2433 1882 2494; x_wconf 86' lang='lat' dir='ltr'><strong>magnaet</strong></span> <span class='ocrx_word' id='word_1_274' title='bbox 1905 2441 2048 2494; x_wconf 68' lang='lat' dir='ltr'><strong>prae-</strong></span> 
     </span>
    </p>
   </div>
   <div class='ocr_carea' id='block_1_38' title="bbox 2227 2425 3740 2502">
    <p class='ocr_par' dir='ltr' id='par_1_38' title="bbox 2227 2425 3740 2502">
     <span class='ocr_line' id='line_1_38' title="bbox 2227 2425 3740 2502; baseline -0.005 -17"><span class='ocrx_word' id='word_1_275' title='bbox 2227 2428 2338 2502; x_wconf 89' lang='grc'>(27)</span> <span class='ocrx_word' id='word_1_276' title='bbox 2371 2431 2564 2502; x_wconf 86' lang='grc' dir='ltr'>Κύριε,</span> <span class='ocrx_word' id='word_1_277' title='bbox 2613 2433 2669 2485; x_wconf 79' lang='lat' dir='ltr'><strong>ai</strong></span> <span class='ocrx_word' id='word_1_278' title='bbox 2704 2432 2911 2486; x_wconf 75' lang='grc' dir='ltr'>ἐντολαὶ</span> <span class='ocrx_word' id='word_1_279' title='bbox 2953 2425 3115 2485; x_wconf 73' lang='grc' dir='ltr'>αὗται</span> <span class='ocrx_word' id='word_1_280' title='bbox 3169 2429 3402 2501; x_wconf 80' lang='grc' dir='ltr'>μεγάλαι</span> <span class='ocrx_word' id='word_1_281' title='bbox 3446 2429 3541 2482; x_wconf 76' lang='grc' dir='ltr'>καὶ</span> <span class='ocrx_word' id='word_1_282' title='bbox 3578 2427 3740 2480; x_wconf 67' lang='grc' dir='ltr'>καλαὶ</span> 
     </span>
    </p>
   </div>
   <div class='ocr_carea' id='block_1_39' title="bbox 477 2509 2057 2597">
    <p class='ocr_par' dir='ltr' id='par_1_39' title="bbox 477 2514 2050 2588">
     <span class='ocr_line' id='line_1_39' title="bbox 477 2514 2050 2588; baseline 0.002 -19"><span class='ocrx_word' id='word_1_283' title='bbox 477 2514 623 2569; x_wconf 84' lang='lat' dir='ltr'><strong>clara</strong></span> <span class='ocrx_word' id='word_1_284' title='bbox 651 2523 800 2580; x_wconf 91' lang='lat' dir='ltr'><strong>sunt,</strong></span> <span class='ocrx_word' id='word_1_285' title='bbox 825 2523 880 2567; x_wconf 92' lang='lat' dir='ltr'><strong>et</strong></span> <span class='ocrx_word' id='word_1_286' title='bbox 907 2515 1215 2570; x_wconf 80' lang='lat' dir='ltr'><strong>exhilarare</strong></span> <span class='ocrx_word' id='word_1_287' title='bbox 1247 2530 1344 2570; x_wconf 90' lang='lat' dir='ltr'><strong>cor</strong></span> <span class='ocrx_word' id='word_1_288' title='bbox 1385 2516 1622 2571; x_wconf 90' lang='lat' dir='ltr'><strong>hominis</strong></span> <span class='ocrx_word' id='word_1_289' title='bbox 1653 2524 1904 2586; x_wconf 87' lang='lat' dir='ltr'><strong>possunt,</strong></span> <span class='ocrx_word' id='word_1_290' title='bbox 1955 2519 2050 2588; x_wconf 91' lang='lat' dir='ltr'><strong>qui</strong></span> 
     </span>
    </p>
   </div>
   <div class='ocr_carea' id='block_1_40' title="bbox 2156 2509 3739 2597">
    <p class='ocr_par' dir='ltr' id='par_1_40' title="bbox 2156 2521 3739 2597">
     <span class='ocr_line' id='line_1_40' title="bbox 2156 2521 3739 2597; baseline -0.004 -19"><span class='ocrx_word' id='word_1_291' title='bbox 2156 2526 2246 2578; x_wconf 76' lang='grc' dir='ltr'>καὶ</span> <span class='ocrx_word' id='word_1_292' title='bbox 2277 2525 2499 2579; x_wconf 87' lang='grc' dir='ltr'>δυναταί</span> <span class='ocrx_word' id='word_1_293' title='bbox 2542 2527 2716 2589; x_wconf 78' lang='grc' dir='ltr'>εἰσιν,</span> <span class='ocrx_word' id='word_1_294' title='bbox 2747 2526 3043 2597; x_wconf 88' lang='grc' dir='ltr'>δυνάμεναι</span> <span class='ocrx_word' id='word_1_295' title='bbox 3084 2525 3351 2594; x_wconf 82' lang='grc' dir='ltr'>εὐφρᾶναι</span> <span class='ocrx_word' id='word_1_296' title='bbox 3382 2523 3482 2593; x_wconf 81' lang='grc' dir='ltr'><strong>τὴν</strong></span> <span class='ocrx_word' id='word_1_297' title='bbox 3514 2521 3739 2593; x_wconf 75' lang='grc' dir='ltr'>καρδίαν</span> 
     </span>
    </p>
   </div>
   <div class='ocr_carea' id='block_1_41' title="bbox 477 2607 2048 2677">
    <p class='ocr_par' dir='ltr' id='par_1_41' title="bbox 477 2607 2048 2677">
     <span class='ocr_line' id='line_1_41' title="bbox 477 2607 2048 2677; baseline 0.004 -17"><span class='ocrx_word' id='word_1_298' title='bbox 477 2608 715 2676; x_wconf 89' lang='lat' dir='ltr'><strong>potuerit</strong></span> <span class='ocrx_word' id='word_1_299' title='bbox 758 2607 1034 2662; x_wconf 85' lang='lat' dir='ltr'><strong>custodire</strong></span> <span class='ocrx_word' id='word_1_300' title='bbox 1081 2609 1334 2661; x_wconf 90' lang='lat' dir='ltr'><strong>mandata</strong></span> <span class='ocrx_word' id='word_1_301' title='bbox 1379 2609 1512 2662; x_wconf 63' lang='lat' dir='ltr'><strong>hac.</strong></span> <span class='ocrx_word' id='word_1_302' title='bbox 1553 2607 1659 2664; x_wconf 88' lang='lat' dir='ltr'><strong>Sed</strong></span> <span class='ocrx_word' id='word_1_303' title='bbox 1699 2611 1904 2677; x_wconf 90' lang='lat' dir='ltr'><strong>nescio,</strong></span> <span class='ocrx_word' id='word_1_304' title='bbox 1945 2610 2048 2666; x_wconf 87' lang='lat' dir='ltr'><strong>do-</strong></span> 
     </span>
    </p>
   </div>
   <div class='ocr_carea' id='block_1_42' title="bbox 480 2698 2051 2768">
    <p class='ocr_par' dir='ltr' id='par_1_42' title="bbox 480 2698 2051 2768">
     <span class='ocr_line' id='line_1_42' title="bbox 480 2698 2051 2768; baseline 0.003 -15"><span class='ocrx_word' id='word_1_305' title='bbox 480 2700 647 2765; x_wconf 90' lang='lat' dir='ltr'><strong>mine,</strong></span> <span class='ocrx_word' id='word_1_306' title='bbox 670 2714 740 2754; x_wconf 90' lang='lat' dir='ltr'><strong>an</strong></span> <span class='ocrx_word' id='word_1_307' title='bbox 764 2698 975 2768; x_wconf 88' lang='lat' dir='ltr'><strong>possint</strong></span> <span class='ocrx_word' id='word_1_308' title='bbox 1000 2701 1257 2754; x_wconf 89' lang='lat' dir='ltr'><strong>mandata</strong></span> <span class='ocrx_word' id='word_1_309' title='bbox 1286 2701 1401 2755; x_wconf 63' lang='lat' dir='ltr'><strong>haec</strong></span> <span class='ocrx_word' id='word_1_310' title='bbox 1431 2702 1499 2755; x_wconf 91' lang='lat' dir='ltr'><strong>ab</strong></span> <span class='ocrx_word' id='word_1_311' title='bbox 1521 2701 1743 2756; x_wconf 89' lang='lat' dir='ltr'><strong>homine</strong></span> <span class='ocrx_word' id='word_1_312' title='bbox 1762 2703 2051 2758; x_wconf 85' lang='lat' dir='ltr'><strong>custodiri.</strong></span> 
     </span>
    </p>
   </div>
   <div class='ocr_carea' id='block_1_43' title="bbox 480 2789 2057 2861">
    <p class='ocr_par' dir='ltr' id='par_1_43' title="bbox 480 2789 2057 2861">
     <span class='ocr_line' id='line_1_43' title="bbox 480 2789 2057 2861; baseline 0.003 -16"><span class='ocrx_word' id='word_1_313' title='bbox 480 2793 570 2846; x_wconf 87' lang='lat' dir='ltr'><strong>Ait</strong></span> <span class='ocrx_word' id='word_1_314' title='bbox 611 2792 745 2847; x_wconf 89' lang='lat' dir='ltr'><strong>mihi</strong></span> <span class='ocrx_word' id='word_1_315' title='bbox 781 2808 801 2847; x_wconf 83' lang='lat'><strong>:</strong></span> <span class='ocrx_word' id='word_1_316' title='bbox 829 2789 956 2844; x_wconf 70' lang='lat' dir='ltr'><strong>Hzec</strong></span> <span class='ocrx_word' id='word_1_317' title='bbox 999 2791 1254 2851; x_wconf 86' lang='lat' dir='ltr'><strong>mandata</strong></span> <span class='ocrx_word' id='word_1_318' title='bbox 1307 2791 1466 2847; x_wconf 79' lang='lat' dir='ltr'><strong>facile</strong></span> <span class='ocrx_word' id='word_1_319' title='bbox 1517 2794 1816 2861; x_wconf 88' lang='lat' dir='ltr'><strong>custodies,</strong></span> <span class='ocrx_word' id='word_1_320' title='bbox 1847 2804 1902 2848; x_wconf 93' lang='lat' dir='ltr'><strong>et</strong></span> <span class='ocrx_word' id='word_1_321' title='bbox 1948 2811 2057 2850; x_wconf 91' lang='lat' dir='ltr'><strong>non</strong></span> 
     </span>
    </p>
   </div>
   <div class='ocr_carea' id='block_1_44' title="bbox 481 2881 2056 2954">
    <p class='ocr_par' dir='ltr' id='par_1_44' title="bbox 481 2881 2056 2954">
     <span class='ocr_line' id='line_1_44' title="bbox 481 2881 2056 2954; baseline 0.001 -15"><span class='ocrx_word' id='word_1_322' title='bbox 481 2892 640 2939; x_wconf 87' lang='lat' dir='ltr'><strong>erunt</strong></span> <span class='ocrx_word' id='word_1_323' title='bbox 662 2883 799 2939; x_wconf 90' lang='lat' dir='ltr'><strong>dura</strong></span> <span class='ocrx_word' id='word_1_324' title='bbox 829 2901 843 2937; x_wconf 88' lang='lat'><strong>:</strong></span> <span class='ocrx_word' id='word_1_325' title='bbox 867 2882 959 2937; x_wconf 86' lang='lat' dir='ltr'><strong>sed</strong></span> <span class='ocrx_word' id='word_1_326' title='bbox 983 2881 1028 2936; x_wconf 88' lang='lat' dir='ltr'><strong>si</strong></span> <span class='ocrx_word' id='word_1_327' title='bbox 1061 2889 1242 2936; x_wconf 89' lang='lat' dir='ltr'><strong>tamen</strong></span> <span class='ocrx_word' id='word_1_328' title='bbox 1274 2884 1328 2938; x_wconf 93' lang='lat' dir='ltr'><strong>in</strong></span> <span class='ocrx_word' id='word_1_329' title='bbox 1350 2900 1444 2940; x_wconf 87' lang='lat' dir='ltr'><strong>cor</strong></span> <span class='ocrx_word' id='word_1_330' title='bbox 1473 2892 1626 2939; x_wconf 90' lang='lat' dir='ltr'><strong>tuum</strong></span> <span class='ocrx_word' id='word_1_331' title='bbox 1649 2885 1916 2954; x_wconf 90' lang='lat' dir='ltr'><strong>posueris,</strong></span> <span class='ocrx_word' id='word_1_332' title='bbox 1947 2902 2056 2941; x_wconf 92' lang='lat' dir='ltr'><strong>non</strong></span> 
     </span>
    </p>
   </div>
   <div class='ocr_carea' id='block_1_45' title="bbox 483 2975 2056 3046">
    <p class='ocr_par' dir='ltr' id='par_1_45' title="bbox 483 2975 2056 3046">
     <span class='ocr_line' id='line_1_45' title="bbox 483 2975 2056 3046; baseline 0.003 -17"><span class='ocrx_word' id='word_1_333' title='bbox 483 2991 645 3046; x_wconf 80' lang='lat' dir='ltr'><strong>posse</strong></span> <span class='ocrx_word' id='word_1_334' title='bbox 669 2976 739 3032; x_wconf 91' lang='lat' dir='ltr'><strong>ab</strong></span> <span class='ocrx_word' id='word_1_335' title='bbox 778 2975 1000 3031; x_wconf 80' lang='lat' dir='ltr'><strong>homine</strong></span> <span class='ocrx_word' id='word_1_336' title='bbox 1029 2975 1316 3042; x_wconf 90' lang='lat' dir='ltr'><strong>custodiri,</strong></span> <span class='ocrx_word' id='word_1_337' title='bbox 1348 2991 1455 3030; x_wconf 88' lang='lat' dir='ltr'><strong>non</strong></span> <span class='ocrx_word' id='word_1_338' title='bbox 1479 2977 1754 3032; x_wconf 90' lang='lat' dir='ltr'><strong>custodies</strong></span> <span class='ocrx_word' id='word_1_339' title='bbox 1782 2994 1868 3033; x_wconf 89' lang='lat' dir='ltr'><strong>ea.</strong></span> <span class='ocrx_word' id='word_1_340' title='bbox 1899 2977 2056 3034; x_wconf 90' lang='lat' dir='ltr'><strong>Nunc</strong></span> 
     </span>
    </p>
   </div>
   <div class='ocr_carea' id='block_1_46' title="bbox 481 3068 2059 3138">
    <p class='ocr_par' dir='ltr' id='par_1_46' title="bbox 481 3068 2059 3138">
     <span class='ocr_line' id='line_1_46' title="bbox 481 3068 2059 3138; baseline 0 -12"><span class='ocrx_word' id='word_1_341' title='bbox 481 3077 662 3126; x_wconf 75' lang='lat' dir='ltr'><strong>autem</strong></span> <span class='ocrx_word' id='word_1_342' title='bbox 704 3069 828 3124; x_wconf 91' lang='lat' dir='ltr'><strong>dico</strong></span> <span class='ocrx_word' id='word_1_343' title='bbox 855 3070 950 3124; x_wconf 83' lang='lat' dir='ltr'><strong>tibi</strong></span> <span class='ocrx_word' id='word_1_344' title='bbox 977 3085 990 3121; x_wconf 91' lang='lat'><strong>:</strong></span> <span class='ocrx_word' id='word_1_345' title='bbox 1019 3068 1077 3123; x_wconf 91' lang='lat' dir='ltr'><strong>Si</strong></span> <span class='ocrx_word' id='word_1_346' title='bbox 1110 3084 1216 3123; x_wconf 92' lang='lat' dir='ltr'><strong>non</strong></span> <span class='ocrx_word' id='word_1_347' title='bbox 1247 3069 1574 3125; x_wconf 83' lang='lat' dir='ltr'><strong>custodieris</strong></span> <span class='ocrx_word' id='word_1_348' title='bbox 1622 3071 1738 3126; x_wconf 67' lang='lat' dir='ltr'><strong>haec</strong></span> <span class='ocrx_word' id='word_1_349' title='bbox 1782 3073 2059 3138; x_wconf 88' lang='lat' dir='ltr'><strong>mandata,</strong></span> 
     </span>
    </p>
   </div>
   <div class='ocr_carea' id='block_1_47' title="bbox 483 3162 2058 3234">
    <p class='ocr_par' dir='ltr' id='par_1_47' title="bbox 483 3162 2058 3234">
     <span class='ocr_line' id='line_1_47' title="bbox 483 3162 2058 3234; baseline 0 -15"><span class='ocrx_word' id='word_1_350' title='bbox 483 3175 537 3220; x_wconf 91' lang='lat' dir='ltr'><strong>ct</strong></span> <span class='ocrx_word' id='word_1_351' title='bbox 561 3163 816 3221; x_wconf 87' lang='lat' dir='ltr'><strong>omiseris</strong></span> <span class='ocrx_word' id='word_1_352' title='bbox 854 3162 1007 3234; x_wconf 89' lang='lat'>(28),</span> <span class='ocrx_word' id='word_1_353' title='bbox 1054 3162 1314 3218; x_wconf 72' lang='lat' dir='ltr'><strong>noueris</strong></span> <span class='ocrx_word' id='word_1_354' title='bbox 1353 3163 1573 3229; x_wconf 76' lang='lat' dir='ltr'><strong>salvus,</strong></span> <span class='ocrx_word' id='word_1_355' title='bbox 1608 3179 1786 3234; x_wconf 92' lang='lat' dir='ltr'><strong>neque</strong></span> <span class='ocrx_word' id='word_1_356' title='bbox 1823 3165 1918 3219; x_wconf 66' lang='lat' dir='ltr'><strong>tibi</strong></span> <span class='ocrx_word' id='word_1_357' title='bbox 1957 3166 2058 3230; x_wconf 90' lang='lat' dir='ltr'><strong>tui,</strong></span> 
     </span>
    </p>
   </div>
   <div class='ocr_carea' id='block_1_48' title="bbox 485 3253 2060 3326">
    <p class='ocr_par' dir='ltr' id='par_1_48' title="bbox 485 3253 2060 3326">
     <span class='ocr_line' id='line_1_48' title="bbox 485 3253 2060 3326; baseline 0.001 -18"><span class='ocrx_word' id='word_1_358' title='bbox 485 3269 660 3324; x_wconf 87' lang='lat' dir='ltr'><strong>neque</strong></span> <span class='ocrx_word' id='word_1_359' title='bbox 682 3254 880 3309; x_wconf 90' lang='lat' dir='ltr'><strong>domus</strong></span> <span class='ocrx_word' id='word_1_360' title='bbox 909 3261 1038 3320; x_wconf 88' lang='lat' dir='ltr'><strong>tua;</strong></span> <span class='ocrx_word' id='word_1_361' title='bbox 1075 3253 1201 3322; x_wconf 86' lang='lat' dir='ltr'><strong>quia</strong></span> <span class='ocrx_word' id='word_1_362' title='bbox 1246 3253 1359 3322; x_wconf 87' lang='lat' dir='ltr'><strong>ipse</strong></span> <span class='ocrx_word' id='word_1_363' title='bbox 1385 3254 1740 3324; x_wconf 89' lang='lat' dir='ltr'><strong>judicaveris,</strong></span> <span class='ocrx_word' id='word_1_364' title='bbox 1773 3257 1919 3326; x_wconf 88' lang='lat' dir='ltr'><strong>quod</strong></span> <span class='ocrx_word' id='word_1_365' title='bbox 1950 3271 2060 3310; x_wconf 93' lang='lat' dir='ltr'><strong>non</strong></span> 
     </span>
    </p>
   </div>
   <div class='ocr_carea' id='block_1_49' title="bbox 485 3347 1778 3418">
    <p class='ocr_par' dir='ltr' id='par_1_49' title="bbox 485 3347 1778 3418">
     <span class='ocr_line' id='line_1_49' title="bbox 485 3347 1778 3418; baseline 0.002 -17"><span class='ocrx_word' id='word_1_366' title='bbox 485 3348 702 3418; x_wconf 87' lang='lat' dir='ltr'><strong>possint</strong></span> <span class='ocrx_word' id='word_1_367' title='bbox 728 3347 843 3402; x_wconf 72' lang='lat' dir='ltr'><strong>lucc</strong></span> <span class='ocrx_word' id='word_1_368' title='bbox 867 3348 1121 3403; x_wconf 88' lang='lat' dir='ltr'><strong>mandata</strong></span> <span class='ocrx_word' id='word_1_369' title='bbox 1151 3347 1219 3403; x_wconf 90' lang='lat' dir='ltr'><strong>ab</strong></span> <span class='ocrx_word' id='word_1_370' title='bbox 1248 3349 1470 3406; x_wconf 83' lang='lat' dir='ltr'><strong>homine</strong></span> <span class='ocrx_word' id='word_1_371' title='bbox 1493 3348 1778 3406; x_wconf 82' lang='lat' dir='ltr'><strong>cuStodiri.</strong></span> 
     </span>
    </p>
   </div>
   <div class='ocr_carea' id='block_1_50' title="bbox 2146 2609 3731 2687">
    <p class='ocr_par' dir='ltr' id='par_1_50' title="bbox 2146 2609 3731 2687">
     <span class='ocr_line' id='line_1_50' title="bbox 2146 2609 3731 2687; baseline -0.004 -20"><span class='ocrx_word' id='word_1_372' title='bbox 2146 2613 2241 2666; x_wconf 85' lang='grc' dir='ltr'>τοῦ</span> <span class='ocrx_word' id='word_1_373' title='bbox 2273 2615 2572 2686; x_wconf 82' lang='grc' dir='ltr'>δυναμένου</span> <span class='ocrx_word' id='word_1_374' title='bbox 2613 2617 2852 2687; x_wconf 79' lang='grc' dir='ltr'>τηρῆσαι</span> <span class='ocrx_word' id='word_1_375' title='bbox 2893 2615 3082 2678; x_wconf 83' lang='grc' dir='ltr'>αὐτάς.</span> <span class='ocrx_word' id='word_1_376' title='bbox 3132 2615 3248 2667; x_wconf 87' lang='grc' dir='ltr'><strong>Ούκ</strong></span> <span class='ocrx_word' id='word_1_377' title='bbox 3293 2609 3439 2676; x_wconf 84' lang='grc' dir='ltr'>οἶδα,</span> <span class='ocrx_word' id='word_1_378' title='bbox 3482 2610 3659 2682; x_wconf 82' lang='grc' dir='ltr'>κύριε,</span> <span class='ocrx_word' id='word_1_379' title='bbox 3684 2609 3731 2665; x_wconf 85' lang='grc' dir='ltr'><strong>εί</strong></span> 
     </span>
    </p>
   </div>
   <div class='ocr_carea' id='block_1_51' title="bbox 2153 2700 3737 2774">
    <p class='ocr_par' dir='ltr' id='par_1_51' title="bbox 2153 2700 3737 2774">
     <span class='ocr_line' id='line_1_51' title="bbox 2153 2700 3737 2774; baseline -0.001 -19"><span class='ocrx_word' id='word_1_380' title='bbox 2153 2703 2408 2758; x_wconf 81' lang='grc' dir='ltr'>δύνανται</span> <span class='ocrx_word' id='word_1_381' title='bbox 2439 2708 2495 2758; x_wconf 88' lang='grc' dir='ltr'>αἱ</span> <span class='ocrx_word' id='word_1_382' title='bbox 2522 2707 2736 2760; x_wconf 73' lang='grc' dir='ltr'>ἐντολαὶ</span> <span class='ocrx_word' id='word_1_383' title='bbox 2781 2700 2941 2760; x_wconf 75' lang='grc' dir='ltr'>αὗται</span> <span class='ocrx_word' id='word_1_384' title='bbox 2987 2706 3092 2759; x_wconf 79' lang='grc' dir='ltr'><strong>ὑπὸ</strong></span> <span class='ocrx_word' id='word_1_385' title='bbox 3128 2705 3340 2758; x_wconf 81' lang='grc' dir='ltr'>πολλῶν</span> <span class='ocrx_word' id='word_1_386' title='bbox 3376 2703 3737 2774; x_wconf 82' lang='grc' dir='ltr'>φυλαχθῆναι,</span> 
     </span>
    </p>
   </div>
   <div class='ocr_carea' id='block_1_52' title="bbox 2154 2793 3744 2869">
    <p class='ocr_par' dir='ltr' id='par_1_52' title="bbox 2154 2793 3744 2869">
     <span class='ocr_line' id='line_1_52' title="bbox 2154 2793 3744 2869; baseline -0.001 -22"><span class='ocrx_word' id='word_1_387' title='bbox 2154 2795 2288 2850; x_wconf 73' lang='grc' dir='ltr'>διότι</span> <span class='ocrx_word' id='word_1_388' title='bbox 2317 2797 2548 2868; x_wconf 81' lang='grc' dir='ltr'>σκληραί</span> <span class='ocrx_word' id='word_1_389' title='bbox 2581 2800 2738 2851; x_wconf 73' lang='grc' dir='ltr'>εἰσιν.</span> <span class='ocrx_word' id='word_1_390' title='bbox 2783 2798 3087 2869; x_wconf 75' lang='grc' dir='ltr'>Ἐμὸλέψας</span> <span class='ocrx_word' id='word_1_391' title='bbox 3114 2798 3171 2851; x_wconf 84' lang='grc' dir='ltr'>δὲ</span> <span class='ocrx_word' id='word_1_392' title='bbox 3201 2796 3364 2850; x_wconf 79' lang='grc' dir='ltr'>αὑτὸν</span> <span class='ocrx_word' id='word_1_393' title='bbox 3385 2797 3414 2848; x_wconf 84' lang='grc' dir='ltr'>ὁ</span> <span class='ocrx_word' id='word_1_394' title='bbox 3437 2794 3622 2858; x_wconf 81' lang='grc' dir='ltr'>δοῦλος</span> <span class='ocrx_word' id='word_1_395' title='bbox 3647 2793 3744 2847; x_wconf 74' lang='grc' dir='ltr'>τοῦ</span> 
     </span>
    </p>
   </div>
   <div class='ocr_carea' id='block_1_53' title="bbox 2159 2886 3738 2963">
    <p class='ocr_par' dir='ltr' id='par_1_53' title="bbox 2159 2886 3738 2963">
     <span class='ocr_line' id='line_1_53' title="bbox 2159 2886 3738 2963; baseline 0.005 -25"><span class='ocrx_word' id='word_1_396' title='bbox 2159 2886 2295 2940; x_wconf 87' lang='grc' dir='ltr'><strong>Θεοῦ</strong></span> <span class='ocrx_word' id='word_1_397' title='bbox 2329 2889 2466 2959; x_wconf 83' lang='grc' dir='ltr'>μετὰ</span> <span class='ocrx_word' id='word_1_398' title='bbox 2507 2889 2708 2962; x_wconf 83' lang='grc' dir='ltr'>πολλῆς</span> <span class='ocrx_word' id='word_1_399' title='bbox 2739 2890 3038 2963; x_wconf 80' lang='grc' dir='ltr'>αὐστηρίας</span> <span class='ocrx_word' id='word_1_400' title='bbox 3078 2886 3248 2943; x_wconf 82' lang='grc' dir='ltr'>εἶπεν·</span> <span class='ocrx_word' id='word_1_401' title='bbox 3280 2889 3543 2960; x_wconf 81' lang='grc' dir='ltr'>Ἀνανδρε</span> <span class='ocrx_word' id='word_1_402' title='bbox 3565 2927 3581 2952; x_wconf 87' lang='grc'><strong>,</strong></span> <span class='ocrx_word' id='word_1_403' title='bbox 3606 2888 3738 2957; x_wconf 81' lang='grc' dir='ltr'><strong>ἀκη-</strong></span> 
     </span>
    </p>
   </div>
   <div class='ocr_carea' id='block_1_54' title="bbox 2161 2977 3746 3054">
    <p class='ocr_par' dir='ltr' id='par_1_54' title="bbox 2161 2977 3746 3054">
     <span class='ocr_line' id='line_1_54' title="bbox 2161 2977 3746 3054; baseline -0.002 -21"><span class='ocrx_word' id='word_1_404' title='bbox 2161 2980 2373 3044; x_wconf 81' lang='grc' dir='ltr'>διαστὰ,</span> <span class='ocrx_word' id='word_1_405' title='bbox 2401 2981 2629 3053; x_wconf 78' lang='grc' dir='ltr'>ρᾴθυμε,</span> <span class='ocrx_word' id='word_1_406' title='bbox 2656 2983 2750 3036; x_wconf 79' lang='grc' dir='ltr'>καὶ</span> <span class='ocrx_word' id='word_1_407' title='bbox 2784 2983 3096 3054; x_wconf 75' lang='grc' dir='ltr'>ὀλιγόψυχε,</span> <span class='ocrx_word' id='word_1_408' title='bbox 3128 2983 3229 3035; x_wconf 81' lang='grc' dir='ltr'>οὐκ</span> <span class='ocrx_word' id='word_1_409' title='bbox 3259 2977 3428 3044; x_wconf 74' lang='grc' dir='ltr'>οἶδας,</span> <span class='ocrx_word' id='word_1_410' title='bbox 3453 2981 3538 3033; x_wconf 81' lang='grc' dir='ltr'>ὅτι</span> <span class='ocrx_word' id='word_1_411' title='bbox 3567 2979 3661 3032; x_wconf 85' lang='grc' dir='ltr'><strong>ἐὰν</strong></span> <span class='ocrx_word' id='word_1_412' title='bbox 3685 2980 3746 3030; x_wconf 75' lang='grc' dir='ltr'><strong>ἐν</strong></span> 
     </span>
    </p>
   </div>
   <div class='ocr_carea' id='block_1_55' title="bbox 2161 3071 3740 3146">
    <p class='ocr_par' dir='ltr' id='par_1_55' title="bbox 2161 3071 3740 3146">
     <span class='ocr_line' id='line_1_55' title="bbox 2161 3071 3740 3146; baseline -0.002 -20"><span class='ocrx_word' id='word_1_413' title='bbox 2161 3075 2246 3126; x_wconf 71' lang='grc' dir='ltr'><strong>σοὶ</strong></span> <span class='ocrx_word' id='word_1_414' title='bbox 2277 3075 2458 3145; x_wconf 83' lang='grc' dir='ltr'>ἑαυτῷ</span> <span class='ocrx_word' id='word_1_415' title='bbox 2496 3075 2672 3146; x_wconf 74' lang='grc' dir='ltr'>προοῇ</span> <span class='ocrx_word' id='word_1_416' title='bbox 2702 3076 2786 3128; x_wconf 85' lang='grc' dir='ltr'>ὅτι</span> <span class='ocrx_word' id='word_1_417' title='bbox 2826 3075 3079 3128; x_wconf 83' lang='grc' dir='ltr'>δύνανται</span> <span class='ocrx_word' id='word_1_418' title='bbox 3112 3073 3480 3144; x_wconf 81' lang='grc' dir='ltr'>φυλαχθῆναι,</span> <span class='ocrx_word' id='word_1_419' title='bbox 3509 3071 3740 3132; x_wconf 83' lang='grc' dir='ltr'>εὐκόλως</span> 
     </span>
    </p>
   </div>
   <div class='ocr_carea' id='block_1_56' title="bbox 2159 3161 3740 3236">
    <p class='ocr_par' dir='ltr' id='par_1_56' title="bbox 2159 3161 3740 3236">
     <span class='ocr_line' id='line_1_56' title="bbox 2159 3161 3740 3236; baseline -0.003 -18"><span class='ocrx_word' id='word_1_420' title='bbox 2159 3165 2330 3228; x_wconf 81' lang='grc' dir='ltr'>αὐτάς</span> <span class='ocrx_word' id='word_1_421' title='bbox 2374 3165 2649 3236; x_wconf 81' lang='grc' dir='ltr'>φυλάξεις,</span> <span class='ocrx_word' id='word_1_422' title='bbox 2701 3167 2794 3219; x_wconf 77' lang='grc' dir='ltr'><strong>καὶ</strong></span> <span class='ocrx_word' id='word_1_423' title='bbox 2841 3168 2943 3220; x_wconf 81' lang='grc' dir='ltr'>οὐκ</span> <span class='ocrx_word' id='word_1_424' title='bbox 2988 3165 3203 3218; x_wconf 73' lang='grc' dir='ltr'>ἔσονται</span> <span class='ocrx_word' id='word_1_425' title='bbox 3255 3163 3523 3235; x_wconf 80' lang='grc' dir='ltr'>σκληραίς</span> <span class='ocrx_word' id='word_1_426' title='bbox 3584 3162 3646 3214; x_wconf 85' lang='grc' dir='ltr'><strong>Εἰ</strong></span> <span class='ocrx_word' id='word_1_427' title='bbox 3686 3161 3740 3213; x_wconf 83' lang='grc' dir='ltr'>δὲ</span> 
     </span>
    </p>
   </div>
   <div class='ocr_carea' id='block_1_57' title="bbox 2160 3250 3746 3330">
    <p class='ocr_par' dir='ltr' id='par_1_57' title="bbox 2160 3250 3746 3330">
     <span class='ocr_line' id='line_1_57' title="bbox 2160 3250 3746 3330; baseline -0.004 -20"><span class='ocrx_word' id='word_1_428' title='bbox 2160 3257 2338 3328; x_wconf 77' lang='grc' dir='ltr'>ἀναϐῇ</span> <span class='ocrx_word' id='word_1_429' title='bbox 2369 3259 2462 3311; x_wconf 77' lang='grc' dir='ltr'>ἐπὶ</span> <span class='ocrx_word' id='word_1_430' title='bbox 2488 3259 2589 3330; x_wconf 83' lang='grc' dir='ltr'>τὴν</span> <span class='ocrx_word' id='word_1_431' title='bbox 2621 3258 2850 3329; x_wconf 86' lang='grc' dir='ltr'>καρδίαν</span> <span class='ocrx_word' id='word_1_432' title='bbox 2892 3273 3008 3320; x_wconf 91' lang='grc' dir='ltr'>σου,</span> <span class='ocrx_word' id='word_1_433' title='bbox 3039 3257 3100 3309; x_wconf 85' lang='grc' dir='ltr'><strong>ού</strong></span> <span class='ocrx_word' id='word_1_434' title='bbox 3130 3255 3393 3309; x_wconf 82' lang='grc' dir='ltr'>δύνασθαι</span> <span class='ocrx_word' id='word_1_435' title='bbox 3432 3253 3602 3317; x_wconf 78' lang='grc' dir='ltr'>αὑτὰς</span> <span class='ocrx_word' id='word_1_436' title='bbox 3640 3250 3746 3305; x_wconf 69' lang='grc' dir='ltr'><strong>ὑπὸ</strong></span> 
     </span>
    </p>
   </div>
   <div class='ocr_carea' id='block_1_58' title="bbox 2161 3348 3442 3422">
    <p class='ocr_par' dir='ltr' id='par_1_58' title="bbox 2161 3348 3442 3422">
     <span class='ocr_line' id='line_1_58' title="bbox 2161 3348 3442 3422; baseline -0.002 -20"><span class='ocrx_word' id='word_1_437' title='bbox 2161 3348 2464 3421; x_wconf 84' lang='grc' dir='ltr'>ἀνθρώπων</span> <span class='ocrx_word' id='word_1_438' title='bbox 2489 3349 2846 3422; x_wconf 79' lang='grc' dir='ltr'>φυλαχθῆναι,</span> <span class='ocrx_word' id='word_1_439' title='bbox 2879 3350 2940 3403; x_wconf 86' lang='grc' dir='ltr'>οὑ</span> <span class='ocrx_word' id='word_1_440' title='bbox 2963 3349 3218 3418; x_wconf 77' lang='grc' dir='ltr'>φυλάξεις</span> <span class='ocrx_word' id='word_1_441' title='bbox 3250 3348 3442 3411; x_wconf 76' lang='grc' dir='ltr'>αὐτάς.</span> 
     </span>
    </p>
   </div>
   <div class='ocr_carea' id='block_1_59' title="bbox 1939 3464 2293 3520">
    <p class='ocr_par' dir='ltr' id='par_1_59' title="bbox 1939 3464 2293 3520">
     <span class='ocr_line' id='line_1_59' title="bbox 1939 3464 2293 3520; baseline 0.006 -2"><span class='ocrx_word' id='word_1_442' title='bbox 1939 3464 2169 3520; x_wconf 82' lang='lat' dir='ltr'><strong>CAPUT</strong></span> <span class='ocrx_word' id='word_1_443' title='bbox 2205 3464 2293 3520; x_wconf 80' lang='lat' dir='ltr'><strong>IV.</strong></span> 
     </span>
    </p>
   </div>
   <div class='ocr_carea' id='block_1_60' title="bbox 555 3551 3742 3621">
    <p class='ocr_par' dir='ltr' id='par_1_60' title="bbox 555 3551 3742 3621">
     <span class='ocr_line' id='line_1_60' title="bbox 555 3551 3742 3621; baseline 0.001 -15"><span class='ocrx_word' id='word_1_444' title='bbox 555 3551 684 3609; x_wconf 63' lang='lat' dir='ltr'><strong>llmc</strong></span> <span class='ocrx_word' id='word_1_445' title='bbox 713 3553 850 3610; x_wconf 87' lang='lat' dir='ltr'><strong>mihi</strong></span> <span class='ocrx_word' id='word_1_446' title='bbox 881 3554 1234 3609; x_wconf 84' lang='lat' dir='ltr'><strong>vehementer</strong></span> <span class='ocrx_word' id='word_1_447' title='bbox 1271 3553 1536 3609; x_wconf 86' lang='lat' dir='ltr'><strong>iracunde</strong></span> <span class='ocrx_word' id='word_1_448' title='bbox 1564 3554 1781 3610; x_wconf 84' lang='lat' dir='ltr'><strong>loeutus</strong></span> <span class='ocrx_word' id='word_1_449' title='bbox 1800 3564 1906 3621; x_wconf 91' lang='lat' dir='ltr'><strong>est,</strong></span> <span class='ocrx_word' id='word_1_450' title='bbox 1939 3556 2012 3610; x_wconf 89' lang='lat' dir='ltr'><strong>ita</strong></span> <span class='ocrx_word' id='word_1_451' title='bbox 2035 3567 2095 3612; x_wconf 91' lang='lat' dir='ltr'><strong>ut</strong></span> <span class='ocrx_word' id='word_1_452' title='bbox 2117 3565 2453 3612; x_wconf 86' lang='lat' dir='ltr'><strong>conterreret</strong></span> <span class='ocrx_word' id='word_1_453' title='bbox 2487 3573 2575 3613; x_wconf 86' lang='lat' dir='ltr'><strong>me</strong></span> <span class='ocrx_word' id='word_1_454' title='bbox 2595 3557 2775 3612; x_wconf 82' lang='lat' dir='ltr'><strong>valde.</strong></span> <span class='ocrx_word' id='word_1_455' title='bbox 2801 3555 3022 3613; x_wconf 82' lang='lat' dir='ltr'><strong>Vultum</strong></span> <span class='ocrx_word' id='word_1_456' title='bbox 3048 3555 3193 3611; x_wconf 93' lang='lat' dir='ltr'><strong>enim</strong></span> <span class='ocrx_word' id='word_1_457' title='bbox 3227 3570 3387 3610; x_wconf 91' lang='lat' dir='ltr'><strong>suum</strong></span> <span class='ocrx_word' id='word_1_458' title='bbox 3413 3562 3742 3619; x_wconf 80' lang='lat' dir='ltr'><strong>mutaverat,</strong></span> 
     </span>
    </p>
   </div>
   <div class='ocr_carea' id='block_1_61' title="bbox 485 3649 3744 3722">
    <p class='ocr_par' dir='ltr' id='par_1_61' title="bbox 485 3649 3744 3722">
     <span class='ocr_line' id='line_1_61' title="bbox 485 3649 3744 3722; baseline 0 -18"><span class='ocrx_word' id='word_1_459' title='bbox 485 3659 562 3705; x_wconf 79' lang='lat' dir='ltr'><strong>ita</strong></span> <span class='ocrx_word' id='word_1_460' title='bbox 591 3657 651 3704; x_wconf 86' lang='lat' dir='ltr'><strong>ut</strong></span> <span class='ocrx_word' id='word_1_461' title='bbox 684 3665 790 3705; x_wconf 88' lang='lat' dir='ltr'><strong>non</strong></span> <span class='ocrx_word' id='word_1_462' title='bbox 821 3658 1005 3719; x_wconf 80' lang='lat' dir='ltr'><strong>posset</strong></span> <span class='ocrx_word' id='word_1_463' title='bbox 1034 3649 1199 3704; x_wconf 86' lang='lat' dir='ltr'><strong>homo</strong></span> <span class='ocrx_word' id='word_1_464' title='bbox 1224 3652 1498 3707; x_wconf 84' lang='lat' dir='ltr'><strong>sustinere</strong></span> <span class='ocrx_word' id='word_1_465' title='bbox 1525 3652 1662 3707; x_wconf 89' lang='lat' dir='ltr'><strong>iram</strong></span> <span class='ocrx_word' id='word_1_466' title='bbox 1691 3651 1830 3722; x_wconf 89' lang='lat' dir='ltr'><strong>ejus.</strong></span> <span class='ocrx_word' id='word_1_467' title='bbox 1864 3652 1930 3707; x_wconf 89' lang='lat' dir='ltr'><strong>Et</strong></span> <span class='ocrx_word' id='word_1_468' title='bbox 1953 3669 2078 3708; x_wconf 94' lang='lat' dir='ltr'><strong>cum</strong></span> <span class='ocrx_word' id='word_1_469' title='bbox 2101 3654 2331 3712; x_wconf 88' lang='lat' dir='ltr'><strong>vidisset</strong></span> <span class='ocrx_word' id='word_1_470' title='bbox 2354 3671 2442 3710; x_wconf 90' lang='lat' dir='ltr'><strong>me</strong></span> <span class='ocrx_word' id='word_1_471' title='bbox 2467 3657 2853 3711; x_wconf 78' lang='lat' dir='ltr'><strong>conturbatum</strong></span> <span class='ocrx_word' id='word_1_472' title='bbox 2890 3666 3065 3712; x_wconf 91' lang='lat' dir='ltr'><strong>totum</strong></span> <span class='ocrx_word' id='word_1_473' title='bbox 3113 3663 3168 3710; x_wconf 88' lang='lat' dir='ltr'><strong>et</strong></span> <span class='ocrx_word' id='word_1_474' title='bbox 3211 3651 3504 3708; x_wconf 84' lang='lat' dir='ltr'><strong>confusum</strong></span> <span class='ocrx_word' id='word_1_475' title='bbox 3528 3693 3544 3720; x_wconf 92' lang='lat'><strong>,</strong></span> <span class='ocrx_word' id='word_1_476' title='bbox 3581 3651 3744 3722; x_wconf 62' lang='lat' dir='ltr'><strong>etrapit</strong></span> 
     </span>
    </p>
   </div>
   <div class='ocr_carea' id='block_1_62' title="bbox 487 3746 1607 3816">
    <p class='ocr_par' dir='ltr' id='par_1_62' title="bbox 487 3746 1607 3816">
     <span class='ocr_line' id='line_1_62' title="bbox 487 3746 1607 3816; baseline 0 -15"><span class='ocrx_word' id='word_1_477' title='bbox 487 3747 637 3816; x_wconf 87' lang='lat' dir='ltr'><strong>loqui</strong></span> <span class='ocrx_word' id='word_1_478' title='bbox 665 3746 998 3802; x_wconf 86' lang='lat' dir='ltr'><strong>moderatius</strong></span> <span class='ocrx_word' id='word_1_479' title='bbox 1024 3755 1076 3800; x_wconf 90' lang='lat' dir='ltr'><strong>et</strong></span> <span class='ocrx_word' id='word_1_480' title='bbox 1106 3746 1355 3811; x_wconf 86' lang='lat' dir='ltr'><strong>hilarius,</strong></span> <span class='ocrx_word' id='word_1_481' title='bbox 1378 3746 1566 3801; x_wconf 91' lang='lat' dir='ltr'><strong>dicens</strong></span> <span class='ocrx_word' id='word_1_482' title='bbox 1593 3765 1607 3801; x_wconf 90' lang='lat'><strong>:</strong></span> 
     </span>
    </p>
   </div>
   <div class='ocr_carea' id='block_1_63' title="bbox 489 3819 2057 3913">
    <p class='ocr_par' dir='ltr' id='par_1_63' title="bbox 489 3819 2057 3909">
     <span class='ocr_line' id='line_1_63' title="bbox 489 3819 2057 3909; baseline 0.001 -17"><span class='ocrx_word' id='word_1_483' title='bbox 489 3837 664 3893; x_wconf 88' lang='lat' dir='ltr'><strong>Stulte</strong></span> <span class='ocrx_word' id='word_1_484' title='bbox 695 3847 750 3893; x_wconf 92' lang='lat' dir='ltr'><strong>et</strong></span> <span class='ocrx_word' id='word_1_485' title='bbox 772 3838 1048 3894; x_wconf 88' lang='lat' dir='ltr'><strong>insensate</strong></span> <span class='ocrx_word' id='word_1_486' title='bbox 1073 3837 1210 3909; x_wconf 89' lang='lat'>(29),</span> <span class='ocrx_word' id='word_1_487' title='bbox 1228 3819 1548 3894; x_wconf 74' lang='lat' dir='ltr'><strong>inconstans</strong></span> <span class='ocrx_word' id='word_1_488' title='bbox 1577 3846 1632 3893; x_wconf 93' lang='lat' dir='ltr'><strong>et</strong></span> <span class='ocrx_word' id='word_1_489' title='bbox 1660 3838 1921 3909; x_wconf 81' lang='lat' dir='ltr'><strong>ignorans</strong></span> <span class='ocrx_word' id='word_1_490' title='bbox 1945 3837 2057 3908; x_wconf 86' lang='grc'>(50)</span> 
     </span>
    </p>
   </div>
   <div class='ocr_carea' id='block_1_64' title="bbox 2156 3819 3740 3913">
    <p class='ocr_par' dir='ltr' id='par_1_64' title="bbox 2163 3838 3740 3913">
     <span class='ocr_line' id='line_1_64' title="bbox 2163 3838 3740 3913; baseline 0 -21"><span class='ocrx_word' id='word_1_491' title='bbox 2163 3838 2239 3892; x_wconf 83' lang='grc' dir='ltr'><strong>Οὐ</strong></span> <span class='ocrx_word' id='word_1_492' title='bbox 2267 3840 2406 3902; x_wconf 83' lang='grc' dir='ltr'>νοεῖς</span> <span class='ocrx_word' id='word_1_493' title='bbox 2438 3838 2538 3911; x_wconf 78' lang='grc' dir='ltr'>τὴν</span> <span class='ocrx_word' id='word_1_494' title='bbox 2566 3838 2725 3905; x_wconf 82' lang='grc' dir='ltr'>δόξαν</span> <span class='ocrx_word' id='word_1_495' title='bbox 2767 3839 2862 3894; x_wconf 85' lang='grc' dir='ltr'>τοῦ</span> <span class='ocrx_word' id='word_1_496' title='bbox 2904 3839 3060 3904; x_wconf 79' lang='grc' dir='ltr'>Θεοῦ,</span> <span class='ocrx_word' id='word_1_497' title='bbox 3099 3841 3216 3905; x_wconf 88' lang='grc' dir='ltr'><strong>πῶς</strong></span> <span class='ocrx_word' id='word_1_498' title='bbox 3253 3840 3462 3913; x_wconf 80' lang='grc' dir='ltr'>μεγάλη</span> <span class='ocrx_word' id='word_1_499' title='bbox 3505 3840 3618 3893; x_wconf 69' lang='grc' dir='ltr'>ἐστὶ</span> <span class='ocrx_word' id='word_1_500' title='bbox 3652 3839 3740 3893; x_wconf 74' lang='grc' dir='ltr'>καὶ</span> 
     </span>
    </p>
   </div>
   <div class='ocr_carea' id='block_1_65' title="bbox 489 3929 2062 4002">
    <p class='ocr_par' dir='ltr' id='par_1_65' title="bbox 489 3929 2062 4002">
     <span class='ocr_line' id='line_1_65' title="bbox 489 3929 2062 4002; baseline 0.001 -20"><span class='ocrx_word' id='word_1_501' title='bbox 489 3929 828 3998; x_wconf 76' lang='lat' dir='ltr'><strong>maiestatem</strong></span> <span class='ocrx_word' id='word_1_502' title='bbox 861 3931 978 3997; x_wconf 89' lang='lat' dir='ltr'><strong>Dei,</strong></span> <span class='ocrx_word' id='word_1_503' title='bbox 1003 3946 1169 4000; x_wconf 89' lang='lat' dir='ltr'><strong>quam</strong></span> <span class='ocrx_word' id='word_1_504' title='bbox 1194 3945 1425 4000; x_wconf 84' lang='lat' dir='ltr'><strong>magnus</strong></span> <span class='ocrx_word' id='word_1_505' title='bbox 1453 3929 1567 4001; x_wconf 94' lang='grc'>(51)</span> <span class='ocrx_word' id='word_1_506' title='bbox 1590 3945 1868 4002; x_wconf 90' lang='lat' dir='ltr'><strong>quamque</strong></span> <span class='ocrx_word' id='word_1_507' title='bbox 1895 3930 2062 3984; x_wconf 86' lang='lat' dir='ltr'><strong>mira-</strong></span> 
     </span>
    </p>
   </div>
   <div class='ocr_carea' id='block_1_66' title="bbox 489 4021 2064 4094">
    <p class='ocr_par' dir='ltr' id='par_1_66' title="bbox 489 4021 2064 4094">
     <span class='ocr_line' id='line_1_66' title="bbox 489 4021 2064 4094; baseline 0.003 -20"><span class='ocrx_word' id='word_1_508' title='bbox 489 4021 614 4076; x_wconf 88' lang='lat' dir='ltr'><strong>bilis</strong></span> <span class='ocrx_word' id='word_1_509' title='bbox 641 4021 732 4088; x_wconf 90' lang='lat' dir='ltr'><strong>sit,</strong></span> <span class='ocrx_word' id='word_1_510' title='bbox 769 4021 861 4092; x_wconf 93' lang='lat' dir='ltr'><strong>qui</strong></span> <span class='ocrx_word' id='word_1_511' title='bbox 909 4022 1096 4078; x_wconf 87' lang='lat' dir='ltr'><strong>orbem</strong></span> <span class='ocrx_word' id='word_1_512' title='bbox 1145 4024 1351 4079; x_wconf 86' lang='lat' dir='ltr'><strong>creavit</strong></span> <span class='ocrx_word' id='word_1_513' title='bbox 1383 4032 1606 4094; x_wconf 85' lang='lat' dir='ltr'><strong>propter</strong></span> <span class='ocrx_word' id='word_1_514' title='bbox 1651 4023 1967 4090; x_wconf 88' lang='lat' dir='ltr'><strong>hominem,</strong></span> <span class='ocrx_word' id='word_1_515' title='bbox 2008 4031 2064 4078; x_wconf 90' lang='lat' dir='ltr'><strong>et</strong></span> 
     </span>
    </p>
   </div>
   <div class='ocr_carea' id='block_1_67' title="bbox 489 4115 2064 4186">
    <p class='ocr_par' dir='ltr' id='par_1_67' title="bbox 489 4115 2064 4186">
     <span class='ocr_line' id='line_1_67' title="bbox 489 4115 2064 4186; baseline 0.001 -17"><span class='ocrx_word' id='word_1_516' title='bbox 489 4128 706 4169; x_wconf 89' lang='lat' dir='ltr'><strong>omnem</strong></span> <span class='ocrx_word' id='word_1_517' title='bbox 737 4123 1042 4170; x_wconf 88' lang='lat' dir='ltr'><strong>creaturam</strong></span> <span class='ocrx_word' id='word_1_518' title='bbox 1070 4115 1299 4186; x_wconf 86' lang='lat' dir='ltr'><strong>subjecit</strong></span> <span class='ocrx_word' id='word_1_519' title='bbox 1325 4116 1556 4182; x_wconf 89' lang='lat' dir='ltr'><strong>homini,</strong></span> <span class='ocrx_word' id='word_1_520' title='bbox 1587 4123 1642 4171; x_wconf 87' lang='lat' dir='ltr'><strong>et</strong></span> <span class='ocrx_word' id='word_1_521' title='bbox 1670 4129 1890 4171; x_wconf 90' lang='lat' dir='ltr'><strong>omnem</strong></span> <span class='ocrx_word' id='word_1_522' title='bbox 1917 4123 2064 4185; x_wconf 85' lang='lat' dir='ltr'><strong>pote-</strong></span> 
     </span>
    </p>
   </div>
   <div class='ocr_carea' id='block_1_68' title="bbox 489 4205 2059 4273">
    <p class='ocr_par' dir='ltr' id='par_1_68' title="bbox 489 4205 2059 4273">
     <span class='ocr_line' id='line_1_68' title="bbox 489 4205 2059 4273; baseline -0.001 -11"><span class='ocrx_word' id='word_1_523' title='bbox 489 4215 684 4262; x_wconf 88' lang='lat' dir='ltr'><strong>statem</strong></span> <span class='ocrx_word' id='word_1_524' title='bbox 716 4206 863 4261; x_wconf 92' lang='lat' dir='ltr'><strong>dedit</strong></span> <span class='ocrx_word' id='word_1_525' title='bbox 886 4206 985 4273; x_wconf 89' lang='lat' dir='ltr'><strong>illi,</strong></span> <span class='ocrx_word' id='word_1_526' title='bbox 1020 4215 1080 4261; x_wconf 91' lang='lat' dir='ltr'><strong>ut</strong></span> <span class='ocrx_word' id='word_1_527' title='bbox 1099 4207 1409 4263; x_wconf 86' lang='lat' dir='ltr'><strong>dominetur</strong></span> <span class='ocrx_word' id='word_1_528' title='bbox 1431 4207 1628 4262; x_wconf 89' lang='lat' dir='ltr'><strong>horum</strong></span> <span class='ocrx_word' id='word_1_529' title='bbox 1654 4205 2059 4262; x_wconf 88' lang='lat' dir='ltr'><strong>mandatorum.</strong></span> 
     </span>
    </p>
   </div>
   <div class='ocr_carea' id='block_1_69' title="bbox 489 4297 2062 4369">
    <p class='ocr_par' dir='ltr' id='par_1_69' title="bbox 489 4297 2062 4369">
     <span class='ocr_line' id='line_1_69' title="bbox 489 4297 2062 4369; baseline 0.001 -16"><span class='ocrx_word' id='word_1_530' title='bbox 489 4297 795 4365; x_wconf 86' lang='lat' dir='ltr'><strong>Dominari,</strong></span> <span class='ocrx_word' id='word_1_531' title='bbox 823 4298 1019 4369; x_wconf 91' lang='lat' dir='ltr'><strong>inquit,</strong></span> <span class='ocrx_word' id='word_1_532' title='bbox 1053 4307 1230 4369; x_wconf 91' lang='lat' dir='ltr'><strong>potest</strong></span> <span class='ocrx_word' id='word_1_533' title='bbox 1261 4299 1508 4354; x_wconf 93' lang='lat' dir='ltr'><strong>omnium</strong></span> <span class='ocrx_word' id='word_1_534' title='bbox 1547 4299 1742 4354; x_wconf 90' lang='lat' dir='ltr'><strong>horum</strong></span> <span class='ocrx_word' id='word_1_535' title='bbox 1776 4298 2062 4354; x_wconf 87' lang='lat' dir='ltr'><strong>mandato-</strong></span> 
     </span>
    </p>
   </div>
   <div class='ocr_carea' id='block_1_70' title="bbox 489 4389 2060 4461">
    <p class='ocr_par' dir='ltr' id='par_1_70' title="bbox 489 4389 2060 4461">
     <span class='ocr_line' id='line_1_70' title="bbox 489 4389 2060 4461; baseline 0.001 -17"><span class='ocrx_word' id='word_1_536' title='bbox 489 4406 634 4457; x_wconf 92' lang='lat' dir='ltr'><strong>rum,</strong></span> <span class='ocrx_word' id='word_1_537' title='bbox 662 4390 756 4461; x_wconf 93' lang='lat' dir='ltr'><strong>qui</strong></span> <span class='ocrx_word' id='word_1_538' title='bbox 785 4390 947 4445; x_wconf 85' lang='lat' dir='ltr'><strong>habet</strong></span> <span class='ocrx_word' id='word_1_539' title='bbox 970 4389 1260 4446; x_wconf 90' lang='lat' dir='ltr'><strong>Dominum</strong></span> <span class='ocrx_word' id='word_1_540' title='bbox 1301 4391 1356 4445; x_wconf 92' lang='lat' dir='ltr'><strong>in</strong></span> <span class='ocrx_word' id='word_1_541' title='bbox 1399 4392 1563 4447; x_wconf 90' lang='lat' dir='ltr'><strong>corde</strong></span> <span class='ocrx_word' id='word_1_542' title='bbox 1594 4407 1714 4447; x_wconf 91' lang='lat' dir='ltr'><strong>suo.</strong></span> <span class='ocrx_word' id='word_1_543' title='bbox 1749 4389 1849 4456; x_wconf 86' lang='lat' dir='ltr'><strong>Qui</strong></span> <span class='ocrx_word' id='word_1_544' title='bbox 1878 4402 2060 4447; x_wconf 91' lang='lat' dir='ltr'><strong>autem</strong></span> 
     </span>
    </p>
   </div>
   <div class='ocr_carea' id='block_1_71' title="bbox 489 4481 2060 4552">
    <p class='ocr_par' dir='ltr' id='par_1_71' title="bbox 489 4481 2060 4552">
     <span class='ocr_line' id='line_1_71' title="bbox 489 4481 2060 4552; baseline 0.001 -15"><span class='ocrx_word' id='word_1_545' title='bbox 489 4482 692 4538; x_wconf 88' lang='lat' dir='ltr'><strong>habent</strong></span> <span class='ocrx_word' id='word_1_546' title='bbox 720 4481 1010 4538; x_wconf 85' lang='lat' dir='ltr'><strong>Dominum</strong></span> <span class='ocrx_word' id='word_1_547' title='bbox 1051 4482 1107 4537; x_wconf 92' lang='lat' dir='ltr'><strong>in</strong></span> <span class='ocrx_word' id='word_1_548' title='bbox 1135 4483 1296 4539; x_wconf 82' lang='lat' dir='ltr'><strong>labiis</strong></span> <span class='ocrx_word' id='word_1_549' title='bbox 1317 4483 1434 4538; x_wconf 89' lang='lat' dir='ltr'><strong>suis</strong></span> <span class='ocrx_word' id='word_1_550' title='bbox 1468 4483 1607 4552; x_wconf 89' lang='grc'>(52),</span> <span class='ocrx_word' id='word_1_551' title='bbox 1638 4493 1690 4538; x_wconf 92' lang='lat' dir='ltr'><strong>et</strong></span> <span class='ocrx_word' id='word_1_552' title='bbox 1721 4499 1818 4540; x_wconf 93' lang='lat' dir='ltr'><strong>cor</strong></span> <span class='ocrx_word' id='word_1_553' title='bbox 1843 4484 2060 4540; x_wconf 88' lang='lat' dir='ltr'><strong>illorum</strong></span> 
     </span>
    </p>
   </div>
   <div class='ocr_carea' id='block_1_72' title="bbox 489 4573 2061 4646">
    <p class='ocr_par' dir='ltr' id='par_1_72' title="bbox 489 4573 2061 4646">
     <span class='ocr_line' id='line_1_72' title="bbox 489 4573 2061 4646; baseline 0.003 -18"><span class='ocrx_word' id='word_1_554' title='bbox 489 4573 751 4630; x_wconf 88' lang='lat' dir='ltr'><strong>obtusum</strong></span> <span class='ocrx_word' id='word_1_555' title='bbox 773 4584 878 4644; x_wconf 90' lang='lat' dir='ltr'><strong>est,</strong></span> <span class='ocrx_word' id='word_1_556' title='bbox 909 4584 964 4631; x_wconf 92' lang='lat' dir='ltr'><strong>et</strong></span> <span class='ocrx_word' id='word_1_557' title='bbox 989 4574 1150 4645; x_wconf 78' lang='lat' dir='ltr'><strong>longe</strong></span> <span class='ocrx_word' id='word_1_558' title='bbox 1178 4584 1307 4631; x_wconf 90' lang='lat' dir='ltr'><strong>sunt</strong></span> <span class='ocrx_word' id='word_1_559' title='bbox 1336 4591 1366 4630; x_wconf 91' lang='lat' dir='ltr'><strong>a</strong></span> <span class='ocrx_word' id='word_1_560' title='bbox 1394 4573 1628 4631; x_wconf 87' lang='lat' dir='ltr'><strong>Domino</strong></span> <span class='ocrx_word' id='word_1_561' title='bbox 1653 4575 1733 4646; x_wconf 85' lang='grc'><strong>⁸¹;</strong></span> <span class='ocrx_word' id='word_1_562' title='bbox 1768 4577 1876 4634; x_wconf 89' lang='lat' dir='ltr'><strong>illis</strong></span> <span class='ocrx_word' id='word_1_563' title='bbox 1905 4593 2061 4633; x_wconf 90' lang='lat' dir='ltr'><strong>man-</strong></span> 
     </span>
    </p>
   </div>
   <div class='ocr_carea' id='block_1_73' title="bbox 559 4729 1966 4802">
    <p class='ocr_par' dir='ltr' id='par_1_73' title="bbox 559 4729 1966 4802">
     <span class='ocr_line' id='line_1_73' title="bbox 559 4729 1966 4802; baseline -0.002 -15"><span class='ocrx_word' id='word_1_564' title='bbox 559 4731 722 4790; x_wconf 75' lang='lat' dir='ltr'><strong>“lsa.</strong></span> <span class='ocrx_word' id='word_1_565' title='bbox 757 4747 909 4801; x_wconf 74' lang='lat' dir='ltr'><strong>xxix,</strong></span> <span class='ocrx_word' id='word_1_566' title='bbox 937 4731 1040 4802; x_wconf 88' lang='grc'>15;</span> <span class='ocrx_word' id='word_1_567' title='bbox 1074 4730 1234 4788; x_wconf 81' lang='lat' dir='ltr'><strong>Joan.</strong></span> <span class='ocrx_word' id='word_1_568' title='bbox 1266 4747 1367 4799; x_wconf 81' lang='lat' dir='ltr'><strong>xu,</strong></span> <span class='ocrx_word' id='word_1_569' title='bbox 1405 4729 1506 4799; x_wconf 73' lang='lat'><strong>40;</strong></span> <span class='ocrx_word' id='word_1_570' title='bbox 1532 4732 1578 4784; x_wconf 85' lang='grc'><strong>11</strong></span> <span class='ocrx_word' id='word_1_571' title='bbox 1616 4731 1744 4787; x_wconf 87' lang='lat' dir='ltr'><strong>Cor.</strong></span> <span class='ocrx_word' id='word_1_572' title='bbox 1771 4747 1852 4797; x_wconf 88' lang='lat' dir='ltr'><strong>tu,</strong></span> <span class='ocrx_word' id='word_1_573' title='bbox 1879 4731 1966 4785; x_wconf 69' lang='grc'><strong>14.</strong></span> 
     </span>
    </p>
   </div>
   <div class='ocr_carea' id='block_1_74' title="bbox 2164 3931 3742 4005">
    <p class='ocr_par' dir='ltr' id='par_1_74' title="bbox 2164 3931 3742 4005">
     <span class='ocr_line' id='line_1_74' title="bbox 2164 3931 3742 4005; baseline 0.001 -21"><span class='ocrx_word' id='word_1_574' title='bbox 2164 3931 2358 4004; x_wconf 78' lang='grc' dir='ltr'>ίσχυρὰ</span> <span class='ocrx_word' id='word_1_575' title='bbox 2405 3932 2500 3986; x_wconf 72' lang='grc' dir='ltr'>καὶ</span> <span class='ocrx_word' id='word_1_576' title='bbox 2547 3932 2856 4005; x_wconf 78' lang='grc' dir='ltr'><strong>Θαυμαστή⁹</strong></span> <span class='ocrx_word' id='word_1_577' title='bbox 2907 3935 2989 3987; x_wconf 85' lang='grc' dir='ltr'>ὅτι</span> <span class='ocrx_word' id='word_1_578' title='bbox 3035 3934 3247 3988; x_wconf 79' lang='grc' dir='ltr'>ἔκτισεν</span> <span class='ocrx_word' id='word_1_579' title='bbox 3294 3935 3387 3987; x_wconf 84' lang='grc' dir='ltr'>τὸν</span> <span class='ocrx_word' id='word_1_580' title='bbox 3421 3933 3622 4005; x_wconf 88' lang='grc' dir='ltr'>κόσμον</span> <span class='ocrx_word' id='word_1_581' title='bbox 3655 3931 3742 3986; x_wconf 81' lang='grc' dir='ltr'><strong>διά</strong></span> 
     </span>
    </p>
   </div>
   <div class='ocr_carea' id='block_1_75' title="bbox 2159 4021 3740 4097">
    <p class='ocr_par' dir='ltr' id='par_1_75' title="bbox 2159 4021 3740 4097">
     <span class='ocr_line' id='line_1_75' title="bbox 2159 4021 3740 4097; baseline 0.001 -23"><span class='ocrx_word' id='word_1_582' title='bbox 2159 4021 2251 4077; x_wconf 85' lang='grc' dir='ltr'>τὸν</span> <span class='ocrx_word' id='word_1_583' title='bbox 2293 4022 2612 4095; x_wconf 80' lang='grc' dir='ltr'>ἄνθρωπον,</span> <span class='ocrx_word' id='word_1_584' title='bbox 2661 4026 2756 4078; x_wconf 77' lang='grc' dir='ltr'>καὶ</span> <span class='ocrx_word' id='word_1_585' title='bbox 2813 4025 2913 4097; x_wconf 84' lang='grc' dir='ltr'>τὴν</span> <span class='ocrx_word' id='word_1_586' title='bbox 2972 4024 3220 4090; x_wconf 79' lang='grc' dir='ltr'>ἐξουσίαν</span> <span class='ocrx_word' id='word_1_587' title='bbox 3265 4026 3485 4081; x_wconf 82' lang='grc' dir='ltr'>ἃπασαν</span> <span class='ocrx_word' id='word_1_588' title='bbox 3547 4025 3740 4078; x_wconf 74' lang='grc' dir='ltr'>ἔδωκεν</span> 
     </span>
    </p>
   </div>
   <div class='ocr_carea' id='block_1_76' title="bbox 2160 4110 3741 4186">
    <p class='ocr_par' dir='ltr' id='par_1_76' title="bbox 2160 4110 3741 4186">
     <span class='ocr_line' id='line_1_76' title="bbox 2160 4110 3741 4186; baseline 0 -22"><span class='ocrx_word' id='word_1_589' title='bbox 2160 4111 2309 4182; x_wconf 73' lang='grc' dir='ltr'>αὐτῷ</span> <span class='ocrx_word' id='word_1_590' title='bbox 2332 4112 2604 4183; x_wconf 88' lang='grc' dir='ltr'>κυριεύειν</span> <span class='ocrx_word' id='word_1_591' title='bbox 2629 4114 2847 4167; x_wconf 87' lang='grc' dir='ltr'>πάντων</span> <span class='ocrx_word' id='word_1_592' title='bbox 2867 4113 2975 4167; x_wconf 90' lang='grc' dir='ltr'><strong>τῶν</strong></span> <span class='ocrx_word' id='word_1_593' title='bbox 3003 4115 3094 4167; x_wconf 73' lang='grc' dir='ltr'>ἐπὶ</span> <span class='ocrx_word' id='word_1_594' title='bbox 3122 4116 3221 4186; x_wconf 78' lang='grc' dir='ltr'>τῆς</span> <span class='ocrx_word' id='word_1_595' title='bbox 3249 4115 3380 4186; x_wconf 84' lang='grc' dir='ltr'><strong>γῆς;</strong></span> <span class='ocrx_word' id='word_1_596' title='bbox 3406 4116 3468 4168; x_wconf 82' lang='grc' dir='ltr'><strong>Εἰ</strong></span> <span class='ocrx_word' id='word_1_597' title='bbox 3497 4110 3589 4169; x_wconf 73' lang='grc' dir='ltr'>οὖν</span> <span class='ocrx_word' id='word_1_598' title='bbox 3613 4114 3741 4167; x_wconf 80' lang='grc' dir='ltr'>πάν-</span> 
     </span>
    </p>
   </div>
   <div class='ocr_carea' id='block_1_77' title="bbox 2160 4204 3740 4279">
    <p class='ocr_par' dir='ltr' id='par_1_77' title="bbox 2160 4204 3740 4279">
     <span class='ocr_line' id='line_1_77' title="bbox 2160 4204 3740 4279; baseline -0.002 -21"><span class='ocrx_word' id='word_1_599' title='bbox 2160 4221 2268 4259; x_wconf 86' lang='grc' dir='ltr'>των</span> <span class='ocrx_word' id='word_1_600' title='bbox 2308 4205 2514 4261; x_wconf 88' lang='grc' dir='ltr'>τούτων</span> <span class='ocrx_word' id='word_1_601' title='bbox 2563 4208 2592 4260; x_wconf 87' lang='grc' dir='ltr'><strong>ό</strong></span> <span class='ocrx_word' id='word_1_602' title='bbox 2635 4205 2921 4278; x_wconf 81' lang='grc' dir='ltr'>ἄνθρωπος</span> <span class='ocrx_word' id='word_1_603' title='bbox 2968 4205 3157 4279; x_wconf 85' lang='grc' dir='ltr'>κύριός</span> <span class='ocrx_word' id='word_1_604' title='bbox 3200 4207 3350 4270; x_wconf 85' lang='grc' dir='ltr'>ἐστι,</span> <span class='ocrx_word' id='word_1_605' title='bbox 3385 4207 3479 4259; x_wconf 76' lang='grc' dir='ltr'>καὶ</span> <span class='ocrx_word' id='word_1_606' title='bbox 3527 4204 3740 4260; x_wconf 85' lang='grc' dir='ltr'>πάντων</span> 
     </span>
    </p>
   </div>
   <div class='ocr_carea' id='block_1_78' title="bbox 2161 4296 3742 4372">
    <p class='ocr_par' dir='ltr' id='par_1_78' title="bbox 2161 4296 3742 4372">
     <span class='ocr_line' id='line_1_78' title="bbox 2161 4296 3742 4372; baseline -0.003 -17"><span class='ocrx_word' id='word_1_607' title='bbox 2161 4299 2384 4354; x_wconf 89' lang='grc' dir='ltr'>δύναται</span> <span class='ocrx_word' id='word_1_608' title='bbox 2413 4298 2864 4372; x_wconf 84' lang='grc' dir='ltr'>κατακυριεῦσαι,</span> <span class='ocrx_word' id='word_1_609' title='bbox 2907 4299 3026 4362; x_wconf 85' lang='grc' dir='ltr'><strong>πῶς</strong></span> <span class='ocrx_word' id='word_1_610' title='bbox 3072 4299 3134 4352; x_wconf 85' lang='grc' dir='ltr'>οὐ</span> <span class='ocrx_word' id='word_1_611' title='bbox 3163 4298 3451 4370; x_wconf 78' lang='grc' dir='ltr'>δυνήσεται</span> <span class='ocrx_word' id='word_1_612' title='bbox 3495 4298 3587 4352; x_wconf 76' lang='grc' dir='ltr'><strong>καὶ</strong></span> <span class='ocrx_word' id='word_1_613' title='bbox 3623 4296 3742 4350; x_wconf 86' lang='grc' dir='ltr'>τού-</span> 
     </span>
    </p>
   </div>
   <div class='ocr_carea' id='block_1_79' title="bbox 2167 4389 3742 4462">
    <p class='ocr_par' dir='ltr' id='par_1_79' title="bbox 2167 4389 3742 4462">
     <span class='ocr_line' id='line_1_79' title="bbox 2167 4389 3742 4462; baseline -0.001 -18"><span class='ocrx_word' id='word_1_614' title='bbox 2167 4409 2277 4446; x_wconf 86' lang='grc' dir='ltr'>των</span> <span class='ocrx_word' id='word_1_615' title='bbox 2321 4391 2428 4445; x_wconf 88' lang='grc' dir='ltr'><strong>τῶν</strong></span> <span class='ocrx_word' id='word_1_616' title='bbox 2476 4391 2701 4445; x_wconf 85' lang='grc' dir='ltr'>ἐντολῶν</span> <span class='ocrx_word' id='word_1_617' title='bbox 2750 4389 3207 4462; x_wconf 83' lang='grc' dir='ltr'>κατακυριεῦσαι;</span> <span class='ocrx_word' id='word_1_618' title='bbox 3354 4392 3516 4445; x_wconf 80' lang='grc' dir='ltr'>’Ὥστε</span> <span class='ocrx_word' id='word_1_619' title='bbox 3555 4390 3742 4444; x_wconf 82' lang='grc' dir='ltr'>πασῶν</span> 
     </span>
    </p>
   </div>
   <div class='ocr_carea' id='block_1_80' title="bbox 2167 4481 3741 4556">
    <p class='ocr_par' dir='ltr' id='par_1_80' title="bbox 2167 4481 3741 4556">
     <span class='ocr_line' id='line_1_80' title="bbox 2167 4481 3741 4556; baseline -0.003 -19"><span class='ocrx_word' id='word_1_620' title='bbox 2167 4485 2277 4537; x_wconf 88' lang='grc' dir='ltr'><strong>τῶν</strong></span> <span class='ocrx_word' id='word_1_621' title='bbox 2321 4484 2550 4538; x_wconf 87' lang='grc' dir='ltr'>ἐντολῶν</span> <span class='ocrx_word' id='word_1_622' title='bbox 2590 4483 2795 4536; x_wconf 83' lang='grc' dir='ltr'>τούτων</span> <span class='ocrx_word' id='word_1_623' title='bbox 2843 4481 3271 4554; x_wconf 84' lang='grc' dir='ltr'>κατακυριεῦσαι</span> <span class='ocrx_word' id='word_1_624' title='bbox 3315 4483 3344 4535; x_wconf 87' lang='grc' dir='ltr'><strong>ό</strong></span> <span class='ocrx_word' id='word_1_625' title='bbox 3391 4482 3741 4556; x_wconf 80' lang='grc' dir='ltr'>ἄνϐρωπος,ὁ</span> 
     </span>
    </p>
   </div>
   <div class='ocr_carea' id='block_1_81' title="bbox 2169 4573 3796 4650">
    <p class='ocr_par' dir='ltr' id='par_1_81' title="bbox 2169 4573 3796 4650">
     <span class='ocr_line' id='line_1_81' title="bbox 2169 4573 3796 4650; baseline -0.001 -22"><span class='ocrx_word' id='word_1_626' title='bbox 2169 4574 2308 4650; x_wconf 78' lang='grc' dir='ltr'><strong>ἔχων</strong></span> <span class='ocrx_word' id='word_1_627' title='bbox 2341 4575 2433 4630; x_wconf 81' lang='grc' dir='ltr'><strong>τὸν</strong></span> <span class='ocrx_word' id='word_1_628' title='bbox 2463 4577 2666 4649; x_wconf 85' lang='grc' dir='ltr'>Κύριον</span> <span class='ocrx_word' id='word_1_629' title='bbox 2709 4576 2768 4628; x_wconf 85' lang='grc' dir='ltr'><strong>ἐν</strong></span> <span class='ocrx_word' id='word_1_630' title='bbox 2801 4576 2868 4647; x_wconf 79' lang='grc' dir='ltr'><strong>τῇ</strong></span> <span class='ocrx_word' id='word_1_631' title='bbox 2909 4573 3106 4646; x_wconf 80' lang='grc' dir='ltr'>καρδίᾳ</span> <span class='ocrx_word' id='word_1_632' title='bbox 3133 4573 3320 4629; x_wconf 76' lang='grc' dir='ltr'>αύτοῦο</span> <span class='ocrx_word' id='word_1_633' title='bbox 3367 4575 3417 4628; x_wconf 79' lang='lat' dir='ltr'><strong>oi</strong></span> <span class='ocrx_word' id='word_1_634' title='bbox 3461 4574 3517 4628; x_wconf 81' lang='grc' dir='ltr'>δὲ</span> <span class='ocrx_word' id='word_1_635' title='bbox 3544 4573 3639 4627; x_wconf 75' lang='grc' dir='ltr'>ἐπὶ</span> <span class='ocrx_word' id='word_1_636' title='bbox 3675 4573 3744 4627; x_wconf 67' lang='grc' dir='ltr'>τὰ</span> <span class='ocrx_word' id='word_1_637' title='bbox 3789 4638 3796 4648; x_wconf 28' lang='grc' dir='ltr'>ι</span> 
     </span>
    </p>
   </div>
   <div class='ocr_carea' id='block_1_82' title="bbox 1588 4845 2644 4932">
    <p class='ocr_par' dir='ltr' id='par_1_82' title="bbox 1588 4845 2644 4932">
     <span class='ocr_line' id='line_1_82' title="bbox 1588 4845 2644 4932; baseline -0.004 -29"><span class='ocrx_word' id='word_1_638' title='bbox 1588 4845 1832 4904; x_wconf 68' lang='grc' dir='ltr'><strong>ἾΑΒΙιΕ</strong></span> <span class='ocrx_word' id='word_1_639' title='bbox 1867 4845 2252 4903; x_wconf 81' lang='lat' dir='ltr'><strong>LECTIONES</strong></span> <span class='ocrx_word' id='word_1_640' title='bbox 2290 4845 2382 4904; x_wconf 89' lang='lat' dir='ltr'><strong>ET</strong></span> <span class='ocrx_word' id='word_1_641' title='bbox 2412 4845 2644 4932; x_wconf 64' lang='lat' dir='ltr'><strong>NOTAE.</strong></span> 
     </span>
    </p>
   </div>
   <div class='ocr_carea' id='block_1_83' title="bbox 561 4963 1156 5036">
    <p class='ocr_par' dir='ltr' id='par_1_83' title="bbox 561 4963 1156 5036">
     <span class='ocr_line' id='line_1_83' title="bbox 561 4963 1156 5036; baseline -0.003 -17"><span class='ocrx_word' id='word_1_642' title='bbox 561 4963 675 5035; x_wconf 83' lang='grc'>(17)</span> <span class='ocrx_word' id='word_1_643' title='bbox 705 4965 896 5036; x_wconf 81' lang='lat' dir='ltr'><strong>Lamb.</strong></span> <span class='ocrx_word' id='word_1_644' title='bbox 929 4964 1156 5036; x_wconf 80' lang='lat' dir='ltr'><strong>parebit.</strong></span> 
     </span>
    </p>
   </div>
   <div class='ocr_carea' id='block_1_84' title="bbox 561 5035 1178 5106">
    <p class='ocr_par' dir='ltr' id='par_1_84' title="bbox 561 5035 1178 5106">
     <span class='ocr_line' id='line_1_84' title="bbox 561 5035 1178 5106; baseline -0.002 -15"><span class='ocrx_word' id='word_1_645' title='bbox 561 5037 675 5102; x_wconf 82' lang='grc'>(18)</span> <span class='ocrx_word' id='word_1_646' title='bbox 706 5035 898 5106; x_wconf 81' lang='lat' dir='ltr'><strong>Lamb.</strong></span> <span class='ocrx_word' id='word_1_647' title='bbox 929 5035 1178 5106; x_wconf 75' lang='lat' dir='ltr'><strong>accipies.</strong></span> 
     </span>
    </p>
   </div>
   <div class='ocr_carea' id='block_1_85' title="bbox 562 5105 1291 5176">
    <p class='ocr_par' dir='ltr' id='par_1_85' title="bbox 562 5105 1291 5176">
     <span class='ocr_line' id='line_1_85' title="bbox 562 5105 1291 5176; baseline 0.001 -17"><span class='ocrx_word' id='word_1_648' title='bbox 562 5105 676 5176; x_wconf 87' lang='lat' dir='ltr'>(l9)</span> <span class='ocrx_word' id='word_1_649' title='bbox 712 5105 844 5162; x_wconf 86' lang='lat' dir='ltr'><strong>Mss.</strong></span> <span class='ocrx_word' id='word_1_650' title='bbox 880 5105 1135 5176; x_wconf 81' lang='lat' dir='ltr'><strong>Angl.ab</strong></span> <span class='ocrx_word' id='word_1_651' title='bbox 1173 5105 1291 5160; x_wconf 82' lang='lat' dir='ltr'><strong>illa.</strong></span> 
     </span>
    </p>
   </div>
   <div class='ocr_carea' id='block_1_86' title="bbox 562 5125 2064 5250">
    <p class='ocr_par' dir='ltr' id='par_1_86' title="bbox 562 5125 2064 5250">
     <span class='ocr_line' id='line_1_86' title="bbox 562 5125 1506 5238; baseline 0.001 -79"><span class='ocrx_word' id='word_1_652' title='bbox 562 5125 676 5238; x_wconf 59' lang='grc' dir='ltr'>(ως</span> <span class='ocrx_word' id='word_1_653' title='bbox 712 5125 844 5162; x_wconf 79' lang='lat' dir='ltr'><strong>mss.</strong></span> <span class='ocrx_word' id='word_1_654' title='bbox 880 5125 1037 5176; x_wconf 70' lang='lat' dir='ltr'><strong>angi.</strong></span> <span class='ocrx_word' id='word_1_655' title='bbox 1071 5125 1135 5160; x_wconf 87' lang='lat' dir='ltr'><strong>au</strong></span> <span class='ocrx_word' id='word_1_656' title='bbox 1173 5125 1291 5160; x_wconf 87' lang='lat' dir='ltr'><strong>ma.</strong></span> <span class='ocrx_word' id='word_1_657' title='bbox 1495 5174 1506 5186; x_wconf 40' lang='grc' dir='ltr'>ι</span> 
     </span>
     <span class='ocr_line' id='line_1_87' title="bbox 562 5170 2064 5250; baseline -0.001 -20"><span class='ocrx_word' id='word_1_658' title='bbox 562 5176 672 5250; x_wconf 62' lang='grc' dir='ltr'>(2οῌ</span> <span class='ocrx_word' id='word_1_659' title='bbox 708 5175 1094 5250; x_wconf 64' lang='lat' dir='ltr'><strong>ApudFellum</strong></span> <span class='ocrx_word' id='word_1_660' title='bbox 1122 5173 1546 5250; x_wconf 36' lang='lat' dir='ltr'><strong>vulgataulectio</strong></span> <span class='ocrx_word' id='word_1_661' title='bbox 1591 5170 1956 5250; x_wconf 64' lang='lat' dir='ltr'><strong>conﬁrmatur</strong></span> <span class='ocrx_word' id='word_1_662' title='bbox 1995 5184 2064 5250; x_wconf 64' lang='lat' dir='ltr'><strong>ex</strong></span> 
     </span>
    </p>
   </div>
   <div class='ocr_carea' id='block_1_87' title="bbox 484 5241 2062 5316">
    <p class='ocr_par' dir='ltr' id='par_1_87' title="bbox 484 5241 2062 5316">
     <span class='ocr_line' id='line_1_88' title="bbox 484 5241 2062 5316; baseline -0.008 -11"><span class='ocrx_word' id='word_1_663' title='bbox 484 5241 598 5305; x_wconf 76' lang='lat' dir='ltr'><strong>ms.</strong></span> <span class='ocrx_word' id='word_1_664' title='bbox 641 5241 795 5302; x_wconf 79' lang='lat' dir='ltr'><strong>Bodl.</strong></span> <span class='ocrx_word' id='word_1_665' title='bbox 823 5245 915 5302; x_wconf 89' lang='lat' dir='ltr'><strong>Sic</strong></span> <span class='ocrx_word' id='word_1_666' title='bbox 944 5258 999 5301; x_wconf 92' lang='lat' dir='ltr'><strong>et</strong></span> <span class='ocrx_word' id='word_1_667' title='bbox 1036 5262 1184 5314; x_wconf 84' lang='lat' dir='ltr'><strong>mox,</strong></span> <span class='ocrx_word' id='word_1_668' title='bbox 1211 5241 1446 5300; x_wconf 64' lang='lat' dir='ltr'><strong>subdita.</strong></span> <span class='ocrx_word' id='word_1_669' title='bbox 1486 5247 1606 5316; x_wconf 84' lang='lat' dir='ltr'><strong>ipse</strong></span> <span class='ocrx_word' id='word_1_670' title='bbox 1638 5252 1819 5297; x_wconf 83' lang='lat' dir='ltr'><strong>tamen</strong></span> <span class='ocrx_word' id='word_1_671' title='bbox 1850 5241 2062 5308; x_wconf 81' lang='lat' dir='ltr'><strong>maluit,</strong></span> 
     </span>
    </p>
   </div>
   <div class='ocr_carea' id='block_1_88' title="bbox 483 5317 1140 5386">
    <p class='ocr_par' dir='ltr' id='par_1_88' title="bbox 483 5317 1140 5386">
     <span class='ocr_line' id='line_1_89' title="bbox 483 5317 1140 5386; baseline -0.006 -12"><span class='ocrx_word' id='word_1_672' title='bbox 483 5318 755 5381; x_wconf 69' lang='lat' dir='ltr'><strong>subiectus</strong></span> <span class='ocrx_word' id='word_1_673' title='bbox 885 5317 1140 5386; x_wconf 81' lang='lat' dir='ltr'><strong>subjecta.</strong></span> 
     </span>
    </p>
   </div>
   <div class='ocr_carea' id='block_1_89' title="bbox 564 5387 1959 5458">
    <p class='ocr_par' dir='ltr' id='par_1_89' title="bbox 564 5387 1959 5458">
     <span class='ocr_line' id='line_1_90' title="bbox 564 5387 1959 5458; baseline -0.003 -16"><span class='ocrx_word' id='word_1_674' title='bbox 564 5389 678 5458; x_wconf 91' lang='grc'>(21)</span> <span class='ocrx_word' id='word_1_675' title='bbox 705 5387 894 5458; x_wconf 84' lang='lat' dir='ltr'><strong>Lamb.</strong></span> <span class='ocrx_word' id='word_1_676' title='bbox 939 5387 1206 5442; x_wconf 82' lang='lat' dir='ltr'><strong>Volebam.</strong></span> <span class='ocrx_word' id='word_1_677' title='bbox 1236 5387 1303 5443; x_wconf 82' lang='lat' dir='ltr'><strong>Et</strong></span> <span class='ocrx_word' id='word_1_678' title='bbox 1323 5403 1450 5458; x_wconf 83' lang='lat' dir='ltr'><strong>mox</strong></span> <span class='ocrx_word' id='word_1_679' title='bbox 1477 5402 1492 5439; x_wconf 91' lang='lat'>:</span> <span class='ocrx_word' id='word_1_680' title='bbox 1518 5388 1959 5458; x_wconf 20' lang='lat' dir='ltr'><strong>possemiservire.</strong></span> 
     </span>
    </p>
   </div>
   <div class='ocr_carea' id='block_1_90' title="bbox 563 5457 2065 5530">
    <p class='ocr_par' dir='ltr' id='par_1_90' title="bbox 563 5457 2065 5530">
     <span class='ocr_line' id='line_1_91' title="bbox 563 5457 2065 5530; baseline -0.003 -16"><span class='ocrx_word' id='word_1_681' title='bbox 563 5457 677 5530; x_wconf 88' lang='lat'>(22)</span> <span class='ocrx_word' id='word_1_682' title='bbox 713 5457 845 5516; x_wconf 85' lang='lat' dir='ltr'><strong>Mss.</strong></span> <span class='ocrx_word' id='word_1_683' title='bbox 877 5459 1040 5530; x_wconf 84' lang='lat' dir='ltr'><strong>Angl.</strong></span> <span class='ocrx_word' id='word_1_684' title='bbox 1073 5459 1297 5528; x_wconf 83' lang='lat' dir='ltr'><strong>conﬁde.</strong></span> <span class='ocrx_word' id='word_1_685' title='bbox 1327 5457 1418 5513; x_wconf 91' lang='lat' dir='ltr'><strong>Sic</strong></span> <span class='ocrx_word' id='word_1_686' title='bbox 1459 5467 1514 5514; x_wconf 90' lang='lat' dir='ltr'><strong>et</strong></span> <span class='ocrx_word' id='word_1_687' title='bbox 1555 5458 1688 5514; x_wconf 86' lang='lat' dir='ltr'><strong>edit.</strong></span> <span class='ocrx_word' id='word_1_688' title='bbox 1727 5457 1859 5513; x_wconf 84' lang='lat' dir='ltr'><strong>Felli</strong></span> <span class='ocrx_word' id='word_1_689' title='bbox 1888 5457 2065 5512; x_wconf 78' lang='lat' dir='ltr'><strong>Oxon.</strong></span> 
     </span>
    </p>
   </div>
   <div class='ocr_carea' id='block_1_91' title="bbox 491 5530 1206 5669">
    <p class='ocr_par' dir='ltr' id='par_1_91' title="bbox 491 5530 1206 5669">
     <span class='ocr_line' id='line_1_92' title="bbox 491 5530 1206 5669; baseline 0 -17"><span class='ocrx_word' id='word_1_690' title='bbox 491 5530 843 5667; x_wconf 35' lang='lat'><strong>“(253163133</strong></span> <span class='ocrx_word' id='word_1_691' title='bbox 871 5600 1031 5669; x_wconf 80' lang='lat' dir='ltr'><strong>Angl.</strong></span> <span class='ocrx_word' id='word_1_692' title='bbox 1061 5599 1206 5654; x_wconf 85' lang='lat' dir='ltr'><strong>bene.</strong></span> 
     </span>
    </p>
   </div>
   <div class='ocr_carea' id='block_1_92' title="bbox 571 5668 2066 5796">
    <p class='ocr_par' dir='ltr' id='par_1_92' title="bbox 571 5668 2066 5796">
     <span class='ocr_line' id='line_1_93' title="bbox 571 5668 2066 5796; baseline 0.001 -74"><span class='ocrx_word' id='word_1_693' title='bbox 571 5670 686 5796; x_wconf 50' lang='grc' dir='ltr'>(ξι)</span> <span class='ocrx_word' id='word_1_694' title='bbox 717 5668 842 5724; x_wconf 77' lang='lat' dir='ltr'><strong>Haec</strong></span> <span class='ocrx_word' id='word_1_695' title='bbox 874 5668 1042 5725; x_wconf 86' lang='lat' dir='ltr'><strong>habet</strong></span> <span class='ocrx_word' id='word_1_696' title='bbox 1065 5669 1648 5740; x_wconf 73' lang='lat' dir='ltr'><strong>pseudo—Athanasius</strong></span> <span class='ocrx_word' id='word_1_697' title='bbox 1677 5671 1925 5740; x_wconf 71' lang='lat' dir='ltr'><strong>num.15,</strong></span> <span class='ocrx_word' id='word_1_698' title='bbox 1944 5685 2066 5741; x_wconf 87' lang='lat' dir='ltr'><strong>pag.</strong></span> 
     </span>
    </p>
   </div>
   <div class='ocr_carea' id='block_1_93' title="bbox 495 5741 2072 5879">
    <p class='ocr_par' dir='ltr' id='par_1_93' title="bbox 495 5741 2072 5879">
     <span class='ocr_line' id='line_1_94' title="bbox 495 5741 2072 5879; baseline 0 -13"><span class='ocrx_word' id='word_1_699' title='bbox 495 5741 693 5872; x_wconf 43' lang='lat'>25:25)</span> <span class='ocrx_word' id='word_1_700' title='bbox 721 5807 798 5865; x_wconf 88' lang='lat' dir='ltr'><strong>Ita</strong></span> <span class='ocrx_word' id='word_1_701' title='bbox 829 5824 964 5866; x_wconf 76' lang='lat' dir='ltr'><strong>mss.</strong></span> <span class='ocrx_word' id='word_1_702' title='bbox 1000 5807 1357 5879; x_wconf 74' lang='lat' dir='ltr'><strong>Vict.,(‘.arm.</strong></span> <span class='ocrx_word' id='word_1_703' title='bbox 1385 5820 1442 5868; x_wconf 91' lang='lat' dir='ltr'><strong>ct</strong></span> <span class='ocrx_word' id='word_1_704' title='bbox 1462 5810 1656 5870; x_wconf 82' lang='lat' dir='ltr'><strong>Lamb.</strong></span> <span class='ocrx_word' id='word_1_705' title='bbox 1681 5809 1761 5871; x_wconf 76' lang='lat' dir='ltr'><strong>Ita</strong></span> <span class='ocrx_word' id='word_1_706' title='bbox 1793 5821 1850 5870; x_wconf 85' lang='lat' dir='ltr'><strong>et</strong></span> <span class='ocrx_word' id='word_1_707' title='bbox 1867 5809 2072 5868; x_wconf 75' lang='lat' dir='ltr'><strong>Feilus.</strong></span> 
     </span>
    </p>
   </div>
   <div class='ocr_carea' id='block_1_94' title="bbox 2170 4957 3200 5030">
    <p class='ocr_par' dir='ltr' id='par_1_94' title="bbox 2170 4957 3200 5030">
     <span class='ocr_line' id='line_1_95' title="bbox 2170 4957 3200 5030; baseline -0.004 -13"><span class='ocrx_word' id='word_1_708' title='bbox 2170 4960 2378 5028; x_wconf 64' lang='lat' dir='ltr'><strong>Graeca,</strong></span> <span class='ocrx_word' id='word_1_709' title='bbox 2411 4961 2499 5014; x_wconf 78' lang='grc' dir='ltr'><strong>ἵνα</strong></span> <span class='ocrx_word' id='word_1_710' title='bbox 2622 4959 2866 5030; x_wconf 76' lang='grc' dir='ltr'>γένηται.</span> <span class='ocrx_word' id='word_1_711' title='bbox 2896 4957 3061 5025; x_wconf 86' lang='lat' dir='ltr'><strong>Editi,</strong></span> <span class='ocrx_word' id='word_1_712' title='bbox 3090 4959 3200 5028; x_wconf 77' lang='lat' dir='ltr'><strong>ﬁet.</strong></span> 
     </span>
    </p>
   </div>
   <div class='ocr_carea' id='block_1_95' title="bbox 2243 5031 3164 5101">
    <p class='ocr_par' dir='ltr' id='par_1_95' title="bbox 2243 5031 3164 5101">
     <span class='ocr_line' id='line_1_96' title="bbox 2243 5031 3164 5101; baseline -0.004 -15"><span class='ocrx_word' id='word_1_713' title='bbox 2243 5032 2356 5099; x_wconf 78' lang='lat'>(26)</span> <span class='ocrx_word' id='word_1_714' title='bbox 2384 5031 2515 5087; x_wconf 87' lang='lat' dir='ltr'><strong>Mss.</strong></span> <span class='ocrx_word' id='word_1_715' title='bbox 2542 5031 2701 5101; x_wconf 84' lang='lat' dir='ltr'><strong>Angl.</strong></span> <span class='ocrx_word' id='word_1_716' title='bbox 2730 5033 2883 5101; x_wconf 88' lang='lat' dir='ltr'><strong>deest</strong></span> <span class='ocrx_word' id='word_1_717' title='bbox 2909 5031 3164 5100; x_wconf 74' lang='lat' dir='ltr'><strong>fructum.</strong></span> 
     </span>
    </p>
   </div>
   <div class='ocr_carea' id='block_1_96' title="bbox 2243 5095 3713 5171">
    <p class='ocr_par' dir='ltr' id='par_1_96' title="bbox 2243 5095 3713 5171">
     <span class='ocr_line' id='line_1_97' title="bbox 2243 5095 3713 5171; baseline -0.001 -16"><span class='ocrx_word' id='word_1_718' title='bbox 2243 5095 2357 5171; x_wconf 85' lang='lat'>(27)</span> <span class='ocrx_word' id='word_1_719' title='bbox 2385 5101 2463 5156; x_wconf 80' lang='lat' dir='ltr'><strong>Ex</strong></span> <span class='ocrx_word' id='word_1_720' title='bbox 2493 5095 2676 5155; x_wconf 61' lang='lat' dir='ltr'><strong>Docti</strong></span> <span class='ocrx_word' id='word_1_721' title='bbox 2702 5101 2772 5157; x_wconf 83' lang='lat' dir='ltr'><strong>ad</strong></span> <span class='ocrx_word' id='word_1_722' title='bbox 2800 5095 3070 5171; x_wconf 69' lang='lat' dir='ltr'><strong>Amice/2.,</strong></span> <span class='ocrx_word' id='word_1_723' title='bbox 3101 5114 3254 5171; x_wconf 18' lang='lat' dir='ltr'><strong>nium.</strong></span> <span class='ocrx_word' id='word_1_724' title='bbox 3285 5096 3377 5171; x_wconf 82' lang='grc'><strong>21,</strong></span> <span class='ocrx_word' id='word_1_725' title='bbox 3410 5112 3533 5171; x_wconf 71' lang='lat' dir='ltr'><strong>pag.</strong></span> <span class='ocrx_word' id='word_1_726' title='bbox 3560 5095 3713 5171; x_wconf 55' lang='lat'><strong>263.?</strong></span> 
     </span>
    </p>
   </div>
   <div class='ocr_carea' id='block_1_97' title="bbox 2243 5168 3745 5242">
    <p class='ocr_par' dir='ltr' id='par_1_97' title="bbox 2243 5168 3745 5242">
     <span class='ocr_line' id='line_1_98' title="bbox 2243 5168 3745 5242; baseline -0.001 -16"><span class='ocrx_word' id='word_1_727' title='bbox 2243 5168 2359 5242; x_wconf 49' lang='lat'>(28&#39;)</span> <span class='ocrx_word' id='word_1_728' title='bbox 2393 5172 2584 5228; x_wconf 90' lang='lat' dir='ltr'><strong>Lamb.</strong></span> <span class='ocrx_word' id='word_1_729' title='bbox 2634 5170 3075 5225; x_wconf 65' lang='lat' dir='ltr'><strong>dissimulaverit.</strong></span> <span class='ocrx_word' id='word_1_730' title='bbox 3130 5170 3190 5224; x_wconf 91' lang='lat' dir='ltr'><strong>lu</strong></span> <span class='ocrx_word' id='word_1_731' title='bbox 3239 5168 3400 5223; x_wconf 90' lang='lat' dir='ltr'><strong>editis</strong></span> <span class='ocrx_word' id='word_1_732' title='bbox 3437 5168 3629 5224; x_wconf 68' lang='lat' dir='ltr'><strong>Graeca</strong></span> <span class='ocrx_word' id='word_1_733' title='bbox 3658 5169 3745 5224; x_wconf 80' lang='lat' dir='ltr'><strong>hic</strong></span> 
     </span>
    </p>
   </div>
   <div class='ocr_carea' id='block_1_98' title="bbox 2172 5245 2384 5298">
    <p class='ocr_par' dir='ltr' id='par_1_98' title="bbox 2172 5245 2384 5298">
     <span class='ocr_line' id='line_1_99' title="bbox 2172 5245 2384 5298; baseline 0 0"><span class='ocrx_word' id='word_1_734' title='bbox 2172 5245 2384 5298; x_wconf 89' lang='lat' dir='ltr'><strong>mutila.</strong></span> 
     </span>
    </p>
   </div>
   <div class='ocr_carea' id='block_1_99' title="bbox 2243 5308 3746 5384">
    <p class='ocr_par' dir='ltr' id='par_1_99' title="bbox 2243 5308 3746 5384">
     <span class='ocr_line' id='line_1_100' title="bbox 2243 5308 3746 5384; baseline -0.003 -17"><span class='ocrx_word' id='word_1_735' title='bbox 2243 5314 2357 5384; x_wconf 89' lang='lat'>(29)</span> <span class='ocrx_word' id='word_1_736' title='bbox 2385 5313 2516 5370; x_wconf 87' lang='lat' dir='ltr'><strong>Mss.</strong></span> <span class='ocrx_word' id='word_1_737' title='bbox 2547 5313 2704 5384; x_wconf 80' lang='lat' dir='ltr'><strong>Angl.</strong></span> <span class='ocrx_word' id='word_1_738' title='bbox 2745 5311 2912 5384; x_wconf 75' lang='lat' dir='ltr'><strong>fatue.</strong></span> <span class='ocrx_word' id='word_1_739' title='bbox 2963 5309 3224 5384; x_wconf 78' lang='lat' dir='ltr'><strong>Sequitur</strong></span> <span class='ocrx_word' id='word_1_740' title='bbox 3261 5308 3746 5380; x_wconf 86' lang='lat' dir='ltr'><strong>pseudo-Athana-</strong></span> 
     </span>
    </p>
   </div>
   <div class='ocr_carea' id='block_1_100' title="bbox 2176 5381 3142 5453">
    <p class='ocr_par' dir='ltr' id='par_1_100' title="bbox 2176 5381 3142 5453">
     <span class='ocr_line' id='line_1_101' title="bbox 2176 5381 3142 5453; baseline -0.007 -13"><span class='ocrx_word' id='word_1_741' title='bbox 2176 5381 2292 5440; x_wconf 90' lang='lat' dir='ltr'><strong>sius</strong></span> <span class='ocrx_word' id='word_1_742' title='bbox 2316 5385 2350 5439; x_wconf 93' lang='grc' dir='ltr'><strong>Ι.</strong></span> <span class='ocrx_word' id='word_1_743' title='bbox 2375 5401 2425 5440; x_wconf 92' lang='lat' dir='ltr'><strong>c.</strong></span> <span class='ocrx_word' id='word_1_744' title='bbox 2450 5381 2878 5453; x_wconf 65' lang='lat' dir='ltr'><strong>praecedentibus</strong></span> <span class='ocrx_word' id='word_1_745' title='bbox 2901 5381 3142 5453; x_wconf 85' lang='lat' dir='ltr'><strong>omissis.</strong></span> 
     </span>
    </p>
   </div>
   <div class='ocr_carea' id='block_1_101' title="bbox 2246 5449 3746 5594">
    <p class='ocr_par' dir='ltr' id='par_1_101' title="bbox 2246 5449 3746 5594">
     <span class='ocr_line' id='line_1_102' title="bbox 2270 5449 3746 5523; baseline -0.001 -15"><span class='ocrx_word' id='word_1_746' title='bbox 2270 5454 2360 5523; x_wconf 82' lang='lat'><strong>50)</strong></span> <span class='ocrx_word' id='word_1_747' title='bbox 2391 5449 2800 5514; x_wconf 79' lang='lat' dir='ltr'><strong>Carm..Victor.</strong></span> <span class='ocrx_word' id='word_1_748' title='bbox 2823 5462 2871 5507; x_wconf 91' lang='lat' dir='ltr'><strong>et</strong></span> <span class='ocrx_word' id='word_1_749' title='bbox 2900 5452 3090 5506; x_wconf 89' lang='lat' dir='ltr'><strong>Lamb.</strong></span> <span class='ocrx_word' id='word_1_750' title='bbox 3117 5454 3352 5522; x_wconf 79' lang='lat' dir='ltr'><strong>ignoras.</strong></span> <span class='ocrx_word' id='word_1_751' title='bbox 3376 5449 3511 5505; x_wconf 80' lang='lat' dir='ltr'><strong>Vide</strong></span> <span class='ocrx_word' id='word_1_752' title='bbox 3533 5449 3746 5506; x_wconf 63' lang='lat' dir='ltr'><strong>Graeca.</strong></span> 
     </span>
     <span class='ocr_line' id='line_1_103' title="bbox 2246 5460 3746 5594; baseline -0.003 -16"><span class='ocrx_word' id='word_1_753' title='bbox 2246 5460 2361 5594; x_wconf 65' lang='grc'>(51)</span> <span class='ocrx_word' id='word_1_754' title='bbox 2401 5524 2530 5579; x_wconf 84' lang='lat' dir='ltr'><strong>Mss.</strong></span> <span class='ocrx_word' id='word_1_755' title='bbox 2571 5523 2948 5594; x_wconf 78' lang='lat' dir='ltr'><strong>Angl.,Carm.</strong></span> <span class='ocrx_word' id='word_1_756' title='bbox 2981 5531 3034 5594; x_wconf 82' lang='lat' dir='ltr'><strong>et</strong></span> <span class='ocrx_word' id='word_1_757' title='bbox 3065 5520 3281 5594; x_wconf 61' lang='grc' dir='ltr'><strong>ΔἭδιον.</strong></span> <span class='ocrx_word' id='word_1_758' title='bbox 3308 5537 3522 5594; x_wconf 64' lang='lat' dir='ltr'><strong>magna.</strong></span> <span class='ocrx_word' id='word_1_759' title='bbox 3553 5519 3676 5594; x_wconf 80' lang='lat' dir='ltr'><strong>Sic</strong></span> <span class='ocrx_word' id='word_1_760' title='bbox 3695 5531 3746 5574; x_wconf 90' lang='lat' dir='ltr'><strong>et</strong></span> 
     </span>
    </p>
   </div>
   <div class='ocr_carea' id='block_1_102' title="bbox 2163 5519 3750 5593">
    <p class='ocr_par' dir='ltr' id='par_1_102' title="bbox 2163 5519 3750 5593">
     <span class='ocr_line' id='line_1_104' title="bbox 2163 5519 3750 5593; baseline -0.003 -15"><span class='ocrx_word' id='word_1_761' title='bbox 2163 5540 2174 5554; x_wconf 90' lang='grc'><strong>·</strong></span> <span class='ocrx_word' id='word_1_762' title='bbox 2247 5519 2361 5593; x_wconf 86' lang='grc'>(51)</span> <span class='ocrx_word' id='word_1_763' title='bbox 2401 5524 2530 5579; x_wconf 85' lang='lat' dir='ltr'><strong>Mss.</strong></span> <span class='ocrx_word' id='word_1_764' title='bbox 2571 5523 2948 5593; x_wconf 77' lang='lat' dir='ltr'><strong>Angl.,Carm.</strong></span> <span class='ocrx_word' id='word_1_765' title='bbox 2981 5531 3034 5593; x_wconf 84' lang='lat' dir='ltr'><strong>et</strong></span> <span class='ocrx_word' id='word_1_766' title='bbox 3066 5519 3281 5593; x_wconf 50' lang='lat' dir='ltr'><strong>Victor.</strong></span> <span class='ocrx_word' id='word_1_767' title='bbox 3308 5537 3522 5593; x_wconf 65' lang='lat' dir='ltr'><strong>magna.</strong></span> <span class='ocrx_word' id='word_1_768' title='bbox 3553 5519 3675 5593; x_wconf 81' lang='lat' dir='ltr'><strong>Sic</strong></span> <span class='ocrx_word' id='word_1_769' title='bbox 3695 5531 3750 5574; x_wconf 89' lang='lat' dir='ltr'><strong>et</strong></span> 
     </span>
    </p>
   </div>
   <div class='ocr_carea' id='block_1_103' title="bbox 2177 5591 3744 5662">
    <p class='ocr_par' dir='ltr' id='par_1_103' title="bbox 2177 5591 3744 5662">
     <span class='ocr_line' id='line_1_105' title="bbox 2177 5591 3744 5662; baseline -0.004 -11"><span class='ocrx_word' id='word_1_770' title='bbox 2177 5591 2385 5651; x_wconf 49' lang='grc' dir='ltr'>(ἰτέαι.</span> <span class='ocrx_word' id='word_1_771' title='bbox 2417 5594 2513 5648; x_wconf 85' lang='lat' dir='ltr'><strong>Hic</strong></span> <span class='ocrx_word' id='word_1_772' title='bbox 2534 5591 2791 5646; x_wconf 81' lang='lat' dir='ltr'><strong>mendum</strong></span> <span class='ocrx_word' id='word_1_773' title='bbox 2816 5592 3036 5662; x_wconf 87' lang='lat' dir='ltr'><strong>irrepsit</strong></span> <span class='ocrx_word' id='word_1_774' title='bbox 3063 5591 3116 5644; x_wconf 91' lang='lat' dir='ltr'><strong>in</strong></span> <span class='ocrx_word' id='word_1_775' title='bbox 3145 5593 3275 5646; x_wconf 86' lang='lat' dir='ltr'><strong>edit.</strong></span> <span class='ocrx_word' id='word_1_776' title='bbox 3303 5591 3482 5647; x_wconf 74' lang='lat' dir='ltr'><strong>Oxbn.</strong></span> <span class='ocrx_word' id='word_1_777' title='bbox 3513 5591 3603 5646; x_wconf 91' lang='lat' dir='ltr'><strong>ubi</strong></span> <span class='ocrx_word' id='word_1_778' title='bbox 3634 5591 3744 5646; x_wconf 90' lang='lat' dir='ltr'><strong>sic:</strong></span> 
     </span>
    </p>
   </div>
   <div class='ocr_carea' id='block_1_104' title="bbox 2175 5662 3341 5734">
    <p class='ocr_par' dir='ltr' id='par_1_104' title="bbox 2175 5662 3341 5734">
     <span class='ocr_line' id='line_1_106' title="bbox 2175 5662 3341 5734; baseline -0.004 -15"><span class='ocrx_word' id='word_1_779' title='bbox 2175 5682 2332 5733; x_wconf 86' lang='lat' dir='ltr'><strong>quam</strong></span> <span class='ocrx_word' id='word_1_780' title='bbox 2353 5681 2594 5734; x_wconf 80' lang='lat' dir='ltr'><strong>magnus,</strong></span> <span class='ocrx_word' id='word_1_781' title='bbox 2630 5678 2886 5734; x_wconf 72' lang='lat' dir='ltr'><strong>quamque</strong></span> <span class='ocrx_word' id='word_1_782' title='bbox 2911 5662 3235 5734; x_wconf 70' lang='lat' dir='ltr'><strong>miserabilis</strong></span> <span class='ocrx_word' id='word_1_783' title='bbox 3251 5663 3341 5734; x_wconf 71' lang='lat' dir='ltr'><strong>sit.</strong></span> 
     </span>
    </p>
   </div>
   <div class='ocr_carea' id='block_1_105' title="bbox 2171 5731 3748 5805">
    <p class='ocr_par' dir='ltr' id='par_1_105' title="bbox 2171 5731 3748 5805">
     <span class='ocr_line' id='line_1_107' title="bbox 2171 5731 3748 5805; baseline -0.003 -16"><span class='ocrx_word' id='word_1_784' title='bbox 2171 5731 2196 5802; x_wconf 52' lang='grc' dir='ltr'><em>ξ</em></span> <span class='ocrx_word' id='word_1_785' title='bbox 2249 5735 2365 5805; x_wconf 76' lang='grc'>(52)</span> <span class='ocrx_word' id='word_1_786' title='bbox 2395 5731 2581 5790; x_wconf 73' lang='lat' dir='ltr'><strong>carm.</strong></span> <span class='ocrx_word' id='word_1_787' title='bbox 2623 5731 2682 5788; x_wconf 84' lang='lat' dir='ltr'><strong>et</strong></span> <span class='ocrx_word' id='word_1_788' title='bbox 2714 5731 2906 5805; x_wconf 84' lang='lat' dir='ltr'><strong>Lamb.</strong></span> <span class='ocrx_word' id='word_1_789' title='bbox 2937 5731 3124 5797; x_wconf 88' lang='lat' dir='ltr'><strong>deest,</strong></span> <span class='ocrx_word' id='word_1_790' title='bbox 3154 5733 3302 5805; x_wconf 48' lang='lat' dir='ltr'><strong>sitis.</strong></span> <span class='ocrx_word' id='word_1_791' title='bbox 3329 5732 3404 5786; x_wconf 87' lang='lat' dir='ltr'><strong>Ita</strong></span> <span class='ocrx_word' id='word_1_792' title='bbox 3438 5741 3493 5787; x_wconf 89' lang='lat' dir='ltr'><strong>et</strong></span> <span class='ocrx_word' id='word_1_793' title='bbox 3531 5731 3748 5799; x_wconf 64' lang='lat' dir='ltr'><strong>Greca,</strong></span> 
     </span>
    </p>
   </div>
   <div class='ocr_carea' id='block_1_106' title="bbox 2180 5801 3511 5876">
    <p class='ocr_par' dir='ltr' id='par_1_106' title="bbox 2180 5801 3511 5876">
     <span class='ocr_line' id='line_1_108' title="bbox 2180 5801 3511 5876; baseline -0.004 -13"><span class='ocrx_word' id='word_1_794' title='bbox 2180 5801 2280 5863; x_wconf 75' lang='lat' dir='ltr'><strong>nec</strong></span> <span class='ocrx_word' id='word_1_795' title='bbox 2308 5801 2421 5862; x_wconf 77' lang='lat' dir='ltr'><strong>nun</strong></span> <span class='ocrx_word' id='word_1_796' title='bbox 2445 5819 2602 5863; x_wconf 83' lang='lat' dir='ltr'><strong>sacer</strong></span> <span class='ocrx_word' id='word_1_797' title='bbox 2627 5803 2800 5862; x_wconf 78' lang='lat' dir='ltr'><strong>codex</strong></span> <span class='ocrx_word' id='word_1_798' title='bbox 2821 5815 2987 5876; x_wconf 80' lang='lat' dir='ltr'><strong>quem</strong></span> <span class='ocrx_word' id='word_1_799' title='bbox 3013 5802 3241 5876; x_wconf 83' lang='lat' dir='ltr'><strong>respicit</strong></span> <span class='ocrx_word' id='word_1_800' title='bbox 3259 5801 3511 5861; x_wconf 77' lang='lat' dir='ltr'><strong>Hermas.</strong></span> 
     </span>
    </p>
   </div>
  </div>
