3944 6146
302 329 410 388 κο

1293 329 1593 387 PASTOR.
1626 361 1697 372 —
1733 331 1865 391 LIB.
1906 335 1973 401 11,
2015 333 2407 393 ΜΛΝυΑΤυΜ
2440 335 2557 394 XII.

3454 345 3574 401 950

302 445 464 522 xa’ﬂq
497 445 712 518 ἔχοντες
743 444 838 500 τδν
873 444 1098 516 Κύριον,
1127 445 1229 517 τὴν
1261 445 1320 499 δὲ
1349 447 1580 520 καρδίαν
1617 463 1874 520 πεπωρω-

1991 450 2116 506 data
2152 450 2266 506 hate
2285 451 2425 507 dura
2471 459 2602 508 sunt
2633 461 2698 507 et
2713 451 2973 509 dimcilia.
2999 454 3192 512 Ponite
3224 471 3353 526 ergo
3382 458 3555 523 vobis,

307 540 496 612 μένην,
541 540 636 595 καὶ
674 538 892 612 μακρὰν
926 538 1078 602 ὄντες
1121 538 1231 592 ἀπὸ
1263 539 1358 592 τοῦ
1407 538 1616 610 Κυρίου
1658 539 1766 593 διὰ.
1784 541 1884 612 τὴν

305 630 513 683 ἑαυτῶν
545 628 836 701 ρᾳθυμίαν,
870 627 1101 690 ἐκείνοις
1132 628 1189 679 αἱ
1220 627 1432 680 ἐντολαὶ
1459 620 1626 689 αὗται,
1652 628 1886 700 σκληραί

303 725 462 785 εἰσιν,
501 723 593 774 καὶ
621 719 1076 791 δυσκατόρθωτοι.
1111 719 1279 772 Θέσθε
1305 715 1421 784 οὖν,
1449 720 1607 790 ὑμεῖς
1631 721 1680 774 οἱ
1707 720 1882 790 ὀλιγό-

301 812 491 883 ψυχοι,
507 813 599 866 καὶ
621 811 846 885 ἐλαφροὶ
868 813 934 882 τῇ
959 811 1159 874 πίστει,
1180 811 1270 863 τὸν
1291 811 1494 883 Κύριον
1522 811 1880 877 ἀδιαλείπτως

299 907 381 968 εἰς
406 903 506 966 τὰς
535 903 762 974 καρδίαις
793 900 970 973 ὑμῶν,
1004 901 1100 954 καὶ
1131 900 1412 969 γνώσεσθε
1435 902 1516 956 ὅτι
1552 901 1703 960 οὐδέν
1731 904 1877 956 ἐστιν

297 994 660 1065 εὐκολώτερον
685 993 793 1046 τῶν
830 991 1058 1047 ἐντολῶν
1100 992 1335 1058 τούτων,
1368 991 1492 1046 οὔτε
1522 992 1882 1065 γλυκύτερον,

295 1087 417 1140 οὔτε
445 1085 908 1158 ήμερώτερον.....
945 1084 1055 1155 (55)
1074 1085 1248 1138 Βλέπε
1274 1083 1529 1156 στερεῶς,
1553 1086 1646 1146 καὶ
1669 1085 1728 1152 ἐξ
1751 1085 1878 1157 ὅλης

291 1183 390 1253 τῆς
415 1181 641 1251 καρδίας
664 1181 959 1251 ἐπίστρεφε
992 1179 1129 1250 πρὸς
1150 1177 1376 1250 Κύριον,
1405 1178 1500 1232 καὶ
1534 1179 1609 1251 μὴ
1633 1178 1876 1251 φοϐηθῇς

289 1274 382 1327 τὸν
403 1273 666 1335 διάϐολον·
706 1271 934 1344 δύναμις
957 1272 1067 1343 γὰρ
1108 1272 1166 1324 ἐν
1207 1271 1358 1342 αὐτῷ
1401 1273 1504 1327 οὐκ
1542 1273 1688 1326 ἔστιν
1734 1275 1877 1329 κατὰ

288 1364 397 1418 τῶν
431 1354 774 1428 δούλωντοῦ
819 1363 974 1417 Θεοῦ·
995 1365 1024 1416 ὁ
1051 1363 1182 1427 Θεὸς
1230 1363 1342 1434 γάρ
1383 1364 1529 1426 ἐστιν
1556 1366 1585 1418 ὁ
1617 1365 1883 1437 παρέχων,

287 1457 386 1528 τὴν
409 1456 600 1528 ν,ίκην.,
633 1457 689 1510 Ὀ
715 1455 956 1518 διάϐολος
1001 1454 1159 1527 μόνον
1198 1455 1362 1524 φόϐον
1406 1454 1539 1525 ἔχει·
1577 1458 1604 1508 ὁ
1626 1457 1683 1510 δὲ
1705 1456 1868 1526 φόϐος

287 1548 456 1604 αὐτοῦ
485 1549 670 1611 τόνους
700 1549 800 1602 οὐκ
841 1547 972 1619 ἔχει.
1005 1546 1097 1618 Μὴ
1119 1547 1373 1618 ,φοϐηθῇς
1410 1544 1504 1600 οὖν
1552 1548 1735 1614 αὑτὸν,
1775 1551 1880 1604 καὶ.

288 1639 540 1710 φεύξεται
571 1639 679 1693 ἀπὸ
701 1637 816 1692 σοῦ.

1989 541 2276 612 quivacui
2322 553 2377 598 et
2421 543 2735 600 levescstis
2766 544 2825 598 in
2874 546 3008 612 fide,
3043 546 3331 604 Dominum
3387 549 3556 604 Deum

1986 642 2225 688 vestrum
2262 636 2315 687 in
2349 635 2513 690 corde
2545 635 2746 690 habere
2776 637 2890 705 (55)
2913 655 2928 704 ;
2955 650 3011 692 et
3052 640 3382 710 intelligetis,
3410 643 3557 711 quod

1985 724 2123 778 nihil
2156 725 2370 780 facilius
2399 736 2484 782 est
2520 727 2608 788 his
2643 727 2953 796 mandatis,
2985 746 3162 801 neque
3201 733 3435 800 dulcius,
3464 749 3559 789 ne-

1984 829 2090 884 que
2125 818 2492 883 mansuetius,
2524 833 2701 888 neque
2731 820 2976 878 sanctius
3014 836 3028 873 :
3059 830 3113 877 et
3141 826 3448 884 convertite,
3462 840 3558 880 vos

1984 904 2051 958 ad
2078 904 2370 968 Dominum
2405 905 2597 974 Deum,
2624 916 2679 964 et
2708 909 2999 981 relinquite
3019 912 3379 978 diabolumet
3404 917 3558 971 volu-

1981 1003 2160 1064 ptates
2187 995 2299 1064 (54)
2323 995 2473 1064 ejus;
2503 997 2632 1066 quia
2661 999 2819 1054 mala:
2847 1009 2995 1066 sunt,
3028 1009 3083 1055 et
3118 1017 3337 1068 amarae,
3371 1013 3423 1058 et
3452 1006 3557 1058 im-

1983 1087 2222 1140 mundae.
2259 1085 2325 1144 Et
2358 1087 2526 1142 nolite
2576 1089 2766 1145 timere
2810 1091 3110 1162 diabolum,
3154 1095 3282 1164 quia
3324 1096 3376 1148 in
3403 1097 3557 1153 vobis

1981 1187 2303 1250 potestatem
2361 1195 2470 1234 non
2517 1180 2700 1242 habet.
2757 1181 2869 1253 Ego
2907 1185 3050 1239 enim
3099 1187 3381 1242 vobiscum
3431 1204 3554 1242 sum

1978 1266 2203 1324 nuntius
2242 1267 2593 1337 paenitentiae,
2638 1271 2734 1340 qui
2776 1273 3027 1328 dominor
3075 1275 3240 1342 illius.
3295 1277 3572 1341 Diabolus.

1977 1367 2157 1413 autem
2206 1360 2456 1414 timorem
2489 1361 2648 1424 facit;
2683 1365 2776 1418 sed
2823 1366 2986 1420 timor
3029 1369 3175 1440 illius
3226 1387 3400 1426 vanus
3447 1383 3569 1439 est,

1977 1449 2154 1506 Nolite
2188 1465 2319 1525 ergo
2343 1451 2535 1508 timere
2561 1464 2804 1523 cum,‘et_
2822 1457 2992 1528 fugiet
3013 1474 3043 1513 a
3079 1461 3263 1525 vobis.

1737 1758 1968 1826 CAPUT
2026 1761 2091 1818 γ.

357 1836 420 1892 Et
449 1837 561 1892 dixi
594 1838 673 1893 illi
707 1856 723 1894 :
753 1837 1002 1908 Domine,
1033 1842 1160 1902 audi
1195 1858 1282 1903 me
1315 1859 1490 1914 pauca
1524 1845 1692 1902 verba
1727 1847 1998 1910 dicentem
2036 1851 2161 1925 (56)
2189 1854 2310 1910 tibi.
2345 1855 2475 1923 Dic,
2503 1856 2708 1928 inquit,
2739 1858 2940 1930 Homo,
2963 1866 3210 1936 inquam,
3246 1870 3396 1938 cupit
3423 1871 3559 1941 qui-.

283 1928 407 1984 dem
451 1931 709 1986 mandata
750 1929 845 1986 Dei
872 1934 1190 2002 custodire;
1227 1943 1281 1990 et
1308 1951 1470 1990 nemo
1500 1948 1584 1992 est
1617 1938 1712 2009 qui
1743 1957 1853 1995 non
1886 1953 2032 2012 petat
2062 1961 2094 2000 a
2124 1945 2359 2004 Domino
2381 1991 2398 2019 ,
2453 1960 2512 2005 ut
2533 1954 2710 2022 possit
2744 1928 2999 2012 mandata
3019 1928 3139 2029 ejus
3166 1928 3404 2016 servare.
3442 1928 3551 2018 Sed

281 2022 532 2080 diabolus
553 2023 722 2080 durus
753 2035 871 2092 est;
916 2033 971 2082 et
1001 2028 1246 2097 potentia
1280 2045 1379 2084 sua
1405 2030 1725 2087 dominatur
1749 2034 1803 2089 in
1838 2035 1935 2091 Dei
1966 2054 2182 2097 servos.

353 2119 464 2192 (57)
512 2122 587 2174 Οὐ
637 2119 859 2176 δύναται
909 2121 1020 2195 γὰρ
1067 2125 1554 2180 καταδυναστεύειν
1595 2128 1704 2182 τῶν
1748 2129 1869 2183 δού-

2045 2132 2114 2190 Ει
2141 2136 2279 2192 dixit
2313 2137 2472 2194 :Non
2505 2148 2684 2210 potest
2721 2141 2992 2197 dominari
3019 2143 3072 2198 in
3099 2143 3193 2200 Dei
3224 2163 3432 2216 servos,
3455 2151 3548 2220 qui

279 2211 387 2266 λων
420 2213 514 2266 τοῦ
550 2213 710 2278 θεοῦ,
745 2214 853 2267 τῶν
886 2215 948 2280 ἐξ
991 2215 1119 2287 ὅλης
1158 2217 1385 2288 καρδίας
1417 2217 1744 2284 ἐλπιζόντων
1777 2222 1863 2275 ἐπ’

277 2303 460 2359 αὐτόν.
516 2305 747 2359 Δύναται
783 2301 876 2360 οὖν
921 2309 950 2360 ὁ
993 2305 1237 2371 διάϐολος
1286 2307 1564 2378 παλαῖσαι,
1616 2329 1865 2366 καταπα-

277 2394 460 2451 λαῖσαι
493 2397 549 2450 δὲ
585 2399 646 2451 οὐ
680 2397 924 2453 δύναται.
944 2399 1068 2453 Ἐὰν
1093 2396 1185 2454 οῦν
1218 2401 1474 2473 ἀντιστῇς
1498 2402 1679 2471 αὐτὸν,
1712 2422 1866 2476 νικη-

277 2489 392 2555 θεὶς
417 2492 668 2562 φεύξεται
701 2493 808 2547 ἀπὸ
842 2493 934 2546 σοῦ
958 2495 1430 2567 κατῃσχυμμένος.

1973 2239 2040 2280 ex
2089 2229 2218 2283 totis
2246 2231 2560 2299 praecordiis
2590 2233 2642 2286 in
2673 2233 2968 2289 Dominum
3005 2238 3236 2294 credunt
3268 2241 3406 2312 (58).
3444 2241 3551 2296 Ρο-

1972 2327 2079 2375 test
2100 2330 2282 2376 autent
2311 2323 2562 2379 diabolus
2589 2327 2821 2393 luctari;
2850 2331 2942 2384 sed
2971 2333 3188 2388 vincere
3215 2349 3326 2388 non
3348 2344 3546 2404 potest.

1973 2410 2033 2466 Si
2067 2412 2215 2467 enim
2262 2415 2522 2471 resistitis
2567 2416 2667 2484 illi,
2721 2416 2893 2488 fugiet
2941 2437 2971 2476 a
3014 2425 3168 2480 vobis
3189 2425 3454 2480 confusus
3477 2426 3545 2481 θ’.

1969 2501 2104 2557 Nam
2127 2505 2442 2578 quicunque
2464 2508 2567 2562 fide
2583 2509 2726 2579 pleni
2746 2527 2853 2566 non
2872 2523 3019 2583 sunt,
3039 2517 3230 2573 timent
3248 2519 3547 2587 diabolum,

275 2585 434 2660 quasi
470 2593 794 2655 potestatem
823 2585 1136 2639 habentem.
1176 2583 1434 2641 Diabolus
1469 2586 1615 2642 enim
1649 2597 1824 2645 tentat
1853 2606 2042 2648 servos
2090 2593 2217 2661 Dci,
2251 2605 2303 2652 et
2325 2639 2342 2664 ,
2393 2599 2440 2652 si
2475 2600 2742 2657 invenerit
2775 2619 2998 2673 vacuos,
3033 2611 3382 2669 exterminat.
3427 2583 3550 2677 Sic;

277 2693 338 2741 ut
353 2684 467 2757 (59)
490 2686 636 2742 enim
674 2684 859 2750 homo,
884 2699 1009 2738 cum
1043 2683 1286 2752 implevit
1313 2684 1607 2754 amphoras
1630 2687 1776 2743 bono
1797 2689 1941 2757 vino,
1955 2698 2010 2745 et
2038 2690 2178 2748 inter
2203 2693 2326 2750 illas
2355 2697 2652 2766 amphoras
2667 2714 2875 2769 paucas
2896 2701 3235 2772 semiplenas
3259 2705 3468 2775 posuit,
3491 2717 3548 2762 et

273 2783 424 2838 venit
450 2794 509 2838 ut
536 2790 707 2838 tentet
731 2791 784 2836 et
810 2788 991 2852 gustet
1017 2780 1353 2850 amphoras;
1390 2796 1498 2836 non
1527 2791 1698 2839 tentat
1723 2786 1946 2858 plenas;
1973 2788 2243 2844 scitenim
2275 2793 2422 2862 quod
2459 2795 2619 2850 bonae
2653 2808 2821 2866 sunt;
2867 2802 3197 2872 semiplenas
3231 2812 3413 2858 autem
3441 2820 3545 2876 gu-

272 2886 402 2944 stat,
437 2895 506 2934 ne
533 2879 646 2932 sint
676 2876 844 2932 acida:
872 2873 1028 2929 facta:
1061 2891 1076 2928 :
1111 2875 1219 2930 cito
1249 2875 1398 2930 enini
1436 2879 1748 2948 semiplenae
1781 2883 2061 2952 amphora:
2098 2897 2380 2952 acescunt,
2405 2900 2459 2945 et
2483 2893 2719 2961 perdunt
2743 2909 2996 2962 saporem
3034 2895 3166 2949 vini.
3207 2894 3300 2950 Sic
3333 2906 3387 2950 et
3416 2873 3538 2952 dia-

271 2973 432 3028 belus
456 2972 604 3027 venit
642 2970 710 3024 ad
749 2969 1000 3025 homines
1023 2986 1214 3026 servos
1244 2971 1361 3038 Dei,
1400 2983 1459 3028 ut
1480 2984 1648 3031 tentet
1683 2977 1826 3034 illos.
1863 2978 2191 3053 Quicunque
2215 2993 2399 3040 autem
2423 2987 2566 3056 pleni
2589 2997 2720 3044 sunt
2743 2990 2868 3052 ﬁde,
2912 2992 3177 3046 resistunt
3202 2992 3253 3046 ci
3280 2990 3534 3060 fortiter;

270 3080 326 3126 et
347 3071 436 3126 ille
474 3067 679 3124 recedit
704 3066 773 3136 ab
796 3067 899 3130 eis,
943 3067 1072 3137 quia
1103 3083 1212 3122 non
1245 3069 1407 3124 habet
1436 3070 1618 3129 locum
1661 3072 1924 3130 intrandi.
1968 3075 2124 3134 Tunc
2153 3080 2304 3135 vadit
2333 3082 2402 3135 ad
2451 3083 2577 3140 illos
2614 3085 2708 3154 qui
2753 3101 2864 3140 non
2928 3094 3057 3139 sunt
3116 3086 3220 3140 fide
3260 3087 3426 3155 pleni,
3478 3097 3536 3142 et

270 3161 532 3233 quoniam
566 3157 730 3214 habet
757 3157 964 3222 locum,
992 3159 1118 3214 inde
1154 3159 1322 3214 intrat
1355 3161 1412 3216 in
1439 3163 1593 3230 illos;
1627 3172 1682 3218 et
1717 3181 2058 3238 quaecunque
2084 3171 2224 3237 vult,
2253 3171 2387 3228 facit
2410 3174 2543 3242 illis,
2565 3185 2623 3230 et
2644 3179 2784 3233 fiunt
2815 3177 3004 3233 famuli
3035 3179 3177 3249 ejus.

1728 3280 1963 3339 CAPUT
1995 3284 2079 3340 Vl.

345 3373 453 3430 Sed
507 3374 666 3428 vobis
715 3371 841 3426 dico
886 3384 991 3440 ego
1030 3370 1259 3427 nuntius
1285 3372 1620 3442 pmnitentize
1649 3394 1664 3431 :
1691 3374 1770 3433 Ne
1809 3379 2052 3438 timcatis
2079 3381 2381 3441 diabolum.
2415 3387 2616 3446 Missus
2647 3391 2793 3447 enim
2828 3407 2974 3458 sum,
3007 3400 3068 3446 nt
3093 3392 3377 3448 vobiscum
3411 3395 3539 3460 sim,

270 3467 590 3538 quicunque
638 3480 702 3518 ex
755 3465 887 3519 totis
939 3464 1256 3534 praecordiis
1297 3466 1520 3535 egeritis
1565 3470 1970 3539 paenitentiam,
2005 3482 2069 3530 ut
2095 3477 2420 3535 conﬁrmem
2467 3497 2568 3537 vos
2598 3482 2652 3536 in
2687 3483 2811 3538 fide.
2853 3482 3075 3538 Credite
3115 3501 3248 3555 ergo
3277 3486 3414 3555 (40),
3446 3488 3542 3555 qui

269 3569 494 3630 propter
521 3557 719 3615 delicta
750 3567 933 3614 vestra
961 3557 1115 3612 obliti
1146 3559 1281 3614 estis
1311 3559 1507 3629 Deum,
1539 3573 1596 3619 et
1620 3565 1716 3634 qui
1742 3566 1972 3622 salutem
2012 3580 2248 3625 vestram
2275 3573 2598 3644 objicientes
2628 3577 2743 3648 (41)
2773 3581 3014 3649 peccatis
3045 3579 3265 3646 vestris,
3297 3581 3540 3650 gravatis

268 3652 438 3707 vitam
466 3663 704 3707 vestram
724 3650 912 3735 ,_quod
939 3652 983 3706 si
1010 3653 1264 3708 conversi
1293 3653 1510 3710 fueritis
1546 3657 1613 3712 ad
1638 3657 1933 3716 Dominum
1960 3679 2030 3718 ex
2061 3667 2194 3723 totis
2220 3671 2542 3738 prmcordiis
2567 3674 2790 3741 vestris,
2821 3687 2879 3734 et
2910 3677 3216 3733 servieritis
3247 3678 3299 3732 ei
3340 3693 3538 3732 secun-

267 3751 398 3805 dum
443 3739 777 3806 voluntatem
823 3751 1017 3820 ipsius,
1061 3749 1213 3804 dabit
1256 3753 1560 3808 remedium
1591 3756 1882 3814 animabus
1910 3762 2107 3818 vestris
2143 3763 2284 3835 (42),
2322 3768 2663 3837 posthabitis
2691 3739 2934 3842 peccatis
2972 3769 3171 3825 vestris
3214 3768 3537 3840 prioribus;

265 3850 324 3898 et
346 3843 619 3898 habebitis
648 3852 970 3914 potestatem
995 3847 1316 3903 dominandi
1349 3851 1608 3909 omnibus
1639 3855 1901 3924 operibus
1933 3857 2049 3930 (45)
2073 3859 2302 3918 diaboli.
3048 3868 3062 3919 ἶ
3172 3867 3176 3871 ”
3258 3867 3262 3870 ’

338 3937 450 4009 (44)
485 3939 577 4010 Μὴ
609 3938 669 3991 δὲ
699 3939 799 4012 τὴν
837 3941 1068 4012 ἀπειλὴν
1104 3942 1268 3996 αὑτοῦ
1303 3944 1578 4020 δειλιάσῃς
1601 3965 1616 3980 ·
1664 3950 1852 4015 ἄτονος

2026 3952 2415 4016 Minasautem
2454 3961 2604 4018 illius
2635 3963 2688 4017 in
2725 3973 2896 4019 totum
2929 3962 3120 4018 timere
3158 3962 3328 4017 nolite
3363 3978 3377 4016 :
3421 3959 3538 4015 sine

266 4029 379 4102 γὰρ
403 4030 480 4094 ὼς
514 4030 710 4102 νεκροῦ
752 4030 939 4103 νεῦρα.
1078 4035 1292 4088 Μᾶλλον
1318 4036 1581 4110 φοϐήθητι
1611 4039 1703 4093 τὸν
1737 4041 1852 4095 Κύ-

1979 4051 2161 4112 rirtute
2183 4053 2328 4107 enim
2365 4065 2516 4122 sunt,
2545 4054 2690 4113 sicut
2717 4053 2958 4108 hominis
2978 4053 3179 4107 mortui
3210 4053 3382 4108 nervi.
3424 4051 3535 4105 Au-

273 4137 385 4192 ριον
416 4122 510 4176 τὸν
534 4121 830 4193 δυνάμενον
862 4123 1032 4178 σῶσαι
1065 4125 1159 4178 καὶ
1181 4127 1460 4184 ἀπολέσαι.

1979 4143 2074 4199 lite
2121 4159 2252 4216 ergo
2295 4160 2422 4212 me;
2457 4121 2510 4200 ct
2549 4146 2734 4200 timete
2776 4147 3066 4205 Dominum
3099 4145 3532 4216 omnipotentem

267 4216 363 4285 qui
394 4224 573 4285 potest
601 4231 701 4272 vos
729 4216 911 4272 salvos
939 4217 1122 4273 facere
1158 4220 1273 4291 (45)
1313 4229 1367 4276 et
1403 4224 1628 4292 perdere
1653 4228 1736 4295 3';
1782 4241 1838 4287 et
1881 4237 2153 4293 custodite
2185 4239 2444 4293 mandata
2489 4239 2610 4310 ejus
2630 4279 2646 4305 ,
2677 4249 2736 4294 ut
2763 4239 2958 4292 vivatis
2989 4238 3120 4292 Deo.
3158 4235 3227 4290 Et
3265 4237 3376 4291 dixi
3413 4235 3488 4289 illi
3518 4253 3531 4288 :

267 4305 519 4372 Domine,
566 4308 733 4362 modo
766 4307 1128 4364 conﬁrmatus
1167 4325 1291 4365 sum
1322 4311 1376 4366 in
1409 4315 1669 4372 omnibus
1706 4323 1981 4381 mandatis
2017 4325 2256 4395 Domini,
2294 4305 2536 4399 quandiu
2573 4343 2788 4384 mecum
2831 4346 2930 4394 es;
2978 4340 3031 4385 et
3058 4329 3179 4384 scio
3216 4328 3362 4397 quod
3394 4341 3528 4381 con-

266 4399 471 4471 fringes
495 4417 714 4456 omnem
738 4401 988 4458 virtutem
1013 4401 1216 4457 diaboli
1241 4404 1376 4473 (46).
1408 4403 1519 4462 Sed
1540 4418 1593 4464 et
1618 4426 1720 4468 nos
1748 4419 2202 4486 exsuperahimus
2230 4420 2408 4487 illum,
2439 4421 2485 4475 si
2513 4434 2810 4492 possumus
2842 4422 2956 4491 (47)
2985 4411 3242 4475 mandata
3269 4419 3386 4472 haec
3411 4432 3544 4486 quae

267 4495 599 4565 praecepisti,
651 4493 886 4550 Domino
920 4495 1304 4560 conlirmante,
1352 4497 1653 4556 custodire.
1687 4501 1998 4576 Custodies,
2035 4511 2239 4580 inquit,
2264 4508 2311 4566 si
2358 4525 2454 4565 cor
2497 4519 2653 4566 tuum
2683 4513 3066 4582 puriticaveris
3115 4511 3182 4567 ad
3215 4509 3530 4562 Dominum.

270 4586 374 4643 Sed
407 4602 462 4644 et
491 4604 686 4645 omnes
715 4589 1026 4646 custodient
1047 4627 1064 4651 ,
1100 4588 1198 4658 qui
1235 4589 1647 4660 puriﬁcaverint
1666 4597 1838 4653 corda
1872 4615 1974 4656 sua
1995 4619 2028 4656 a
2053 4603 2214 4660 vanis
2242 4604 2638 4675 cupiditatibus
2673 4605 2840 4677 hujus
2875 4605 3085 4669 saeculi,
3113 4613 3170 4661 et
3195 4605 3378 4659 vivent
3401 4600 3529 4656 Deo.

407 4706 453 4738 ⁸³
475 4704 592 4762 Jac.
621 4723 695 4776 tv,
726 4708 780 4762 7-
855 4708 1109 4766 "Matth.
1135 4727 1193 4780 ι,
1216 4712 1322 4781 28;
1347 4713 1481 4770 Luc.
1508 4731 1609 4783 xu,
1636 4717 1690 4772 5.

1370 4853 1608 4912 VARIIE
1651 4853 2032 4913 LECTIONES
2066 4854 2156 4910 ET
2189 4854 2422 4912 NOTZE.

332 4938 448 5010 (55)
473 4937 562 5016 Al.
602 4945 831 5016 vestrarm
874 4948 923 5016 et
973 4942 1030 4994 in
1068 4941 1222 4996 corde
1269 4942 1476 4998 habere.
1526 4943 1661 5005 Felli
1704 4947 1836 5002 edit.
2018 4945 2132 5016 (40)
2163 4947 2270 5016 Ista
2299 4945 2591 5016 exscripsit
2615 4945 2917 5003 Antiochus
2943 4946 3132 5008 homiL
3159 4947 3232 5005 71

332 4953 448 5010 (ea)
473 4953 562 4992 AI.
602 4953 831 4991 vestrum
874 4953 923 4994 et
973 4958 1030 4994 nt
1068 4953 1222 4996 corde
1269 4953 1476 4998 habere.
1527 4953 1661 5005 Fetli
1704 4953 1836 5002 edit.
2046 4953 2112 5000 w
2163 4953 2270 5000 Ista
2299 4953 2591 5016 exscripsit
2615 4953 2917 5003 Antiochus
2943 4953 3132 5008 homit.
3159 4953 3232 5005 72

259 5006 518 5088 Oxon.et_
541 5009 777 5088 in_c_orde
805 5009 1008 5088 habete.
1209 5081 1249 5088 _
1501 5084 1516 5088 _
1637 5087 1646 5088 ί
1947 4953 2135 5088 mini
2193 5015 2324 5071 Mss.
2361 5016 2523 5088 Atigl.
2571 5027 2621 5071 et
2676 5015 2900 5072 salutent
2955 5031 3183 5072 vestram
3230 5018 3524 5088 ,adjictetts.

334 5080 448 5149 (54)
463 5078 575 5160 ⁹Με.
601 5077 808 5133 Victor.
845 5080 1162 5136 voluntates.
1209 5081 1276 5138 Et
1316 5098 1444 5140 mox
1498 5084 1689 5143 Lamb.
1721 5103 1840 5158 qua:
1947 5077 2180 5169 Wakius
2205 5077 2484 5169 autemita
2511 5087 2656 5169 hunc
2679 5090 2855 5142 locum
2886 5089 3169 5169 restituit:
3207 5077 3373 5143 0Μῖιὶ
3401 5094 3529 5169 estis

256 5150 531 5230 ιντο-σιμῇ
946 5222 960 5230 _
1048 5222 1061 5230 _
1106 5222 1120 5230 _
1285 5225 1295 5230 _
1587 5227 1607 5230 _
1628 5227 1641 5230 _
1734 5150 1745 5158 ’
1946 5157 2119 5230 Deum
2140 5167 2190 5212 et
2221 5157 2449 5230 salutem
2481 5167 2746 5223 vestram;
2771 5170 2819 5213 et
2856 5159 2948 5230 qui
2970 5159 3279 5227 adjicientes
3301 5166 3526 5230 peccatis

333 5220 467 5298 (55)
490 5217 762 5274 Hactenus
791 5222 1368 5298 pseudo-Athanasius
1393 5242 1546 5280 num.
1583 5227 1674 5294 21,
1703 5245 1831 5298 pag.
1945 5229 2156 5292 vestris,
2189 5228 2425 5298 gravatis
2457 5229 2619 5282 vitam
2651 5217 2896 5284 vestram'.

253 5289 384 5378 ᾖε.
428 5289 804 5378 ρυειξψεέδιιιειιι
829 5302 1134 5378 sequuntur
1185 5296 1406 5349 exhibet
1447 5289 1836 5378 auctor'tinm.
1961 5289 2151 5378 “(42)
2176 5289 2256 5378 l'ta
2299 5296 2484 5354 Fellus
2516 5299 2570 5352 in
2587 5316 2704 5378 sua
2727 5301 2857 5355 edit.
2887 5299 3063 5356 Oxon.
3095 5315 3162 5357 ex
3193 5315 3326 5356 mss.
3364 5301 3521 5374 Angl.

257 5357 665 5438 12,_p_agﬂ._95§_8,
689 5357 1034 5438 aliquantum
1059 5364 1294 5438 diversa,
1323 5374 1380 5420 ut
1401 5368 1628 5424 assolet.
1946 5357 2035 5424 Al.
2064 5357 2352 5438 remedium
2397 5371 2646 5438 peccatis.

330 5428 564 5524 (ἕλξις
589 5428 954 5524 BodlLFellps
985 5442 1190 5516 autem,
1219 5435 1536 5524 loqu-erlem.
1614 5507 1721 5524 mm
2157 5439 2286 5524 biss.
2320 5428 2504 5524 Angli,
2534 5442 2768 5524 omnium
2794 5458 3028 5522 operum.
3142 5512 3202 5524 η
3337 5511 3353 5524 ¹
3400 5512 3412 5524 ο
3461 5512 3472 5524 ⁸

331 5500 425 5569 (57
474 5501 549 5553 Ex
582 5502 1118 5569 pseudo—Athanasio
1144 5500 1294 5560 num:
1329 5507 1430 5572 12,
1459 5523 1580 5578 pag.
1614 5507 1744 5562 258.
2017 5500 2120 5581 (44
2163 5509 2290 5564 Haec
2319 5500 2889 5578 pseudo-Athanasius
2938 5530 3084 5568 num.
3139 5512 3224 5580 ιε,
3269 5511 3372 5570 sub
3398 5512 3518 5567 init.

331 5504 446 5634 (58)
477 5569 576 5625 .‘Is.
623 5571 762 5625 Vict.
807 5573 860 5625 in
896 5572 1062 5627 Deum
1100 5585 1334 5634 sperant.
1367 5576 1598 5633 Exhibet
1626 5589 1837 5634 sperant
1944 5594 2070 5634 natz.
2101 5511 2228 5634 $58.
2255 5594 2488 5634 auorum
2524 5581 2743 5634 quidem
2783 5583 2965 5634 priora
3017 5586 3086 5634 ab
3127 5585 3249 5634 aliis
3294 5585 3518 5634 omissa.

331 5569 444 5640 (58)
459 5569 584 5652 31s.
623 5571 762 5652 \fict.
792 5573 870 5652 Vin.
896 5572 1062 5627 Deum
1100 5585 1334 5645 sperant.
1367 5569 1598 5633 Exhibet
1626 5589 1837 5649 sperant
1944 5569 2070 5652 pag.
2101 5569 2488 5652 25§,_qu'orum
2524 5581 2743 5652 quidem
2781 5583 2965 5652 priora
3017 5586 3086 5641 ab
3127 5569 3249 5642 aliis
3284 5569 3522 5640 roruissa.

259 5638 432 5698 etiam
455 5639 608 5695 Bodl.
645 5639 718 5694 lta
751 5651 805 5695 et
831 5641 1038 5698 Grzcca.

334 5709 631 5791 (5tlj-Httnc
665 5713 842 5791 locum
875 5713 1356 5791 laudatOrigenes,
1378 5727 1534 5777 tract.
1567 5721 1656 5787 51,
1685 5719 1839 5775 Cont-

265 5779 433 5836 ment.
454 5781 506 5834 in
533 5779 725 5836 Hatth.
762 5799 906 5852 xxiv,
936 5783 1023 5839 42.

1944 5594 2070 5650 pag.
2101 5594 2234 5646 236,
2255 5594 2488 5650 quorum
2524 5594 2743 5650 qutdem
2781 5597 2958 5652 priora

2019 5651 2132 5722 (45)
2164 5649 2317 5722 Bodl.
2347 5655 2514 5719 poterit
2532 5650 2738 5722 salvum
2768 5653 2958 5722 facere.

2019 5719 2132 5785 (46)
2163 5719 2352 5775 Lamb.
2389 5721 2610 5777 inimici.

2030 5791 2143 5862 (47)
2174 5789 2302 5848 Mss.
2336 5792 2494 5864 Angl.
2526 5802 2574 5848 et
2609 5810 2912 5866 possumus.
