4076 6142
398 336 497 395 9'5!

1843 346 1903 401 S.
1944 343 2211 400 ΗΕΒκῶ

3550 346 3660 406 95!

1253 456 1587 525 Αιιτιοοιιυε,
1620 457 1839 514 Aemilia
1866 458 1958 528 7t,
1977 476 2044 516 es
2070 476 2189 529 cap.
2215 460 2269 525 l,
2295 457 2452 527 hujus
2480 459 2661 515 mund.
2706 475 2811 530 xu.

468 570 613 625 Dicit
639 585 779 625 cmm
798 585 819 625 :
838 569 984 627 Tolle
1003 588 1038 626 a
1068 581 1118 627 te
1140 585 1345 628 omnem
1375 574 1719 643 cupiditatem
1746 576 1967 641 malam,
2000 582 2048 640 Α

2143 574 2281 647 Φησὶ
2294 574 2403 647 γάρ
2424 591 2438 605 ο
2465 568 2636 646 Ἀρον
2649 574 2756 628 ἀπὸ
2773 573 2866 627 σοῦ
2880 574 3061 627 πᾶσαν
3079 566 3372 641 ἐπιθυμίαν
3388 569 3660 642 πονηράν⁹

398 670 448 715 et
475 662 635 717 indue
651 663 993 733 cupiditatem
1015 664 1204 719 bonam
1224 673 1275 719 et
1295 675 1558 722 sanctam.
1588 665 1817 721 Indutus
1838 667 1977 721 enim

399 756 746 825 cupiditatem
777 756 932 823 hanc,
965 758 1138 812 oderis
1176 758 1375 812 malam
1397 759 1760 828 cupiditatem,
1808 768 1858 813 et
1899 776 1981 813 re-

400 849 629 918 frenabis
660 866 799 912 eam,
826 851 967 903 sicut
999 850 1245 905 volueris.
1280 848 1420 904 Fera
1440 850 1581 904 enim
1608 858 1685 904 est
1715 850 1979 919 cupiditas

400 939 567 1003 mala,
620 948 670 994 et
707 940 917 1010 difﬁcile
940 940 1235 1010 mitigatur.
1279 939 1571 994 Horribilis
1601 942 1742 994 enim
1781 950 1880 1005 est,
1928 950 1981 996 et

399 1029 548 1083 valde
602 1029 817 1099 feritate
869 1045 967 1083 sua
1012 1031 1271 1084 consumit
1314 1030 1569 1085 homines.
1615 1030 1750 1086 Cum
1799 1042 1978 1087 autem

398 1122 553 1189 dicit,
585 1120 723 1178 Fera
752 1131 837 1179 est
859 1122 1127 1193 cupiditas
1159 1123 1323 1191 mala,
1362 1124 1651 1193 significat,
1685 1124 1847 1195 quod,
1870 1133 1975 1179 etc.

402 1211 659 1279 Quianam
700 1230 818 1271 vero
854 1225 903 1270 et
948 1217 1120 1286 qualis
1164 1217 1257 1281 sit,
1311 1232 1415 1272 non
1461 1216 1635 1272 solum
1677 1217 1843 1283 mala,
1888 1216 1980 1271 sed

400 1314 451 1360 et
481 1307 617 1360 bona
639 1307 905 1378 cupiditas
976 1309 1033 1363 in
1056 1310 1290 1372 sequenti
1328 1324 1563 1365 sermone
1583 1309 1861 1381 diligenter
1888 1324 1981 1364 ρει

401 1400 569 1471 ponit.

2078 664 2298 721 ἔνδυσαι
2341 663 2401 717 δὲ
2440 663 2735 735 ἐπιθυμίαν
2780 662 2989 736 ἀγαθὴν
3028 663 3122 715 καὶ
3156 662 3361 734 σεμνήν
3384 676 3400 693 ·
3454 660 3665 713 ἐνδεδυ-

2081 759 2346 831 σκόμενος
2529 757 2640 829 γὰρ
2675 757 2775 829 τὴν
2807 756 3099 827 ἐπιθυμίαν
3134 753 3376 827 ταύτην,
3412 754 3667 824 μισήσεις

2076 850 2176 921 τὴν
2220 849 2463 922 πονηρὰν
2488 848 2779 919 ἐπιθυμίαν
2801 890 2816 915 ,
2850 849 2944 902 καὶ
2975 847 3435 918 χαλιναγωγήσεις
3472 843 3665 915 αὐτὴν,

2080 940 2266 1005 καθὼς
2318 940 2520 1012 βούλει.
2554 937 2754 1012 Ἀγρία
2798 942 2908 1012 γάρ
2946 942 3093 993 ἐστιν
3126 940 3161 1010 ἠ
3203 937 3467 1009 ἐπιθυμία
3500 937 3536 1008 ἡ
3569 953 3671 990 πο-

2079 1032 2222 1105 νηρὰ
2240 1073 2255 1098 ,
2290 1033 2386 1086 καὶ
2415 1032 2691 1096 δυσκόλως
2719 1032 3039 1105 ἡμεροῦται.
3068 1028 3420 1103 Φοϐερωτέρα
3447 1029 3557 1101 γάρ
3578 1030 3671 1081 ὲσ-

2078 1141 2183 1189 τιν,
2220 1125 2314 1178 καὶ
2353 1124 2476 1178 λίαν
2504 1127 2570 1197 τῇ
2607 1125 2803 1197 ἑαυτῆς
2840 1123 3124 1196 ἀγριότητι
3161 1124 3376 1194 δαπανᾷ
3407 1123 3536 1184 τοὺς
3571 1122 3673 1199 ἁν-

2080 1215 2351 1288 θρώπους.
2369 1216 2458 1270 Ἐν
2478 1216 2535 1269 δὲ
2564 1196 2644 1288 τῷ
2675 1217 2877 1286 λέγειν,
2893 1217 3092 1285 Ἀτρία
3122 1215 3295 1270 ἐστὶν
3320 1216 3359 1285 ἠ
3388 1196 3671 1282 ἐπιθυμίά

2080 1308 2121 1376 ἡ
2157 1307 2391 1376 πονηρὰ
2410 1350 2425 1374 ,
2454 1308 2729 1380 σημαίνει,
2764 1310 2865 1375 ὅτι,
2891 1326 2945 1363 κ.
2974 1326 3026 1363 τ.
3050 1307 3101 1362 λ.
3120 1308 3216 1372 Τίς
3237 1308 3295 1361 δὲ
3326 1308 3421 1361 καὶ
3447 1306 3667 1376 ποταπή

2081 1398 2251 1465 ἐστιν,
2287 1399 2348 1453 οὐ
2400 1399 2559 1471 μόνον
2596 1401 2631 1471 ὴ
2670 1401 2927 1473 πονηρία,
2961 1401 3099 1455 ἀλλὰ
3129 1400 3224 1455 καὶ
3258 1400 3437 1472 ἀγαθὴ
3477 1399 3668 1453 ἐπιθυ-

2090 1492 2189 1563 μία
2237 1490 2371 1563 (49),
2419 1493 2477 1545 ὲν
2528 1491 2609 1563 τῷ
2666 1492 2906 1565 καθεξῆς
2947 1493 3179 1565 διαλόγῳ
3232 1492 3475 1565 ἀκριϐῶς
3514 1490 3667 1545 ἐκτί-

2086 1581 2257 1637 θεται.

1180 1693 1332 1750 ldem
1360 1693 1694 1763 Aunocnus,
1723 1692 1944 1748 nomilia
1976 1692 2065 1762 77,
2093 1707 2159 1748 ea:
2182 1709 2301 1763 cap.
2346 1692 2381 1748 6
2422 1693 2581 1763 hujus
2619 1695 2805 1751 mand.

475 1815 766 1874 Credamus
796 1832 919 1888 ergo
948 1815 1078 1882 Deo,
1100 1815 1192 1887 qui
1213 1822 1426 1885 propter
1457 1812 1653 1868 delicta
1684 1821 1867 1867 nostra
1894 1811 1987 1866 de-
2017 1819 2060 1879 Β

2157 1808 2546 1883 Πιπερσωμεν
2605 1803 2700 1863 οὖν
2738 1806 2817 1878 τῷ
2862 1806 3003 1879 Θεῷ,
3039 1808 3089 1860 οἱ
3121 1806 3211 1860 διὰ
3248 1805 3348 1871 τὰς
3398 1806 3671 1878 ἁμαρτίας

404 1912 710 1984 spondimus
735 1910 899 1965 vitam
926 1918 1163 1965 nostram
1194 1925 1212 1963 :
1239 1918 1289 1963 et
1318 1914 1685 1962 convertamur
1705 1906 1775 1959 ad
1799 1902 1987 1959 Domi-

405 2019 533 2062 num
574 2002 746 2059 Deum
779 2010 1019 2059 nostrum
1057 2017 1122 2056 ea;
1162 2003 1285 2056 totis
1312 1999 1622 2070 praecordiis
1660 1999 1856 2054 nostris
1886 2013 1907 2053 :
1934 2006 1986 2053 et

405 2110 680 2167 operemur
704 2094 978 2165 justitiam
1020 2093 1237 2163 reliquis
1282 2091 1466 2147 diebus
1502 2093 1625 2146 vitae
1669 2100 1866 2146 nostra:
1890 2106 1909 2145 :
1934 2100 1986 2145 et

406 2187 694 2242 serviamus
722 2188 771 2242 ei
813 2194 966 2262 recte,
1004 2186 1293 2240 secundum
1324 2186 1644 2240 voluntatem
1686 2184 1874 2255 ipsius.
1914 2182 1985 2238 Et

406 2275 559 2332 dabit
588 2277 875 2333 remedium
900 2279 1133 2349 peccatis
1166 2277 1363 2332 nostris
1393 2277 1663 2347 prioribus
1693 2293 1714 2332 :
1747 2285 1797 2331 et
1822 2276 1983 2331 habe-

408 2369 580 2425 bimus
607 2360 917 2441 potestatem
948 2370 1262 2425 dominandi
1288 2369 1527 2439 aperibus
1554 2368 1777 2423 diaboli.
1808 2366 1984 2422 Minas

407 2471 584 2517 autem
629 2461 776 2519 illius
816 2462 873 2517 in
921 2471 1091 2517 totum
1133 2463 1318 2517 timere
1359 2462 1587 2517 nolimus
1613 2462 1767 2517 :sine
1794 2462 1988 2515 virtute

406 2552 547 2609 enim
577 2563 721 2622 sunt,
751 2554 890 2609 sicut
908 2554 1136 2610 hominis
1160 2553 1359 2608 mortui
1386 2554 1552 2609 nervi.
1578 2551 1683 2608 Sed
1708 2554 1988 2608 timeamus

409 2645 693 2703 Dominum
740 2649 1181 2719 omnipotentem,
1219 2656 1271 2704 et
1321 2647 1685 2703 custodiamus
1734 2645 1990 2700 mandata

408 2740 523 2812 ejus
548 2753 570 2799 :
596 2750 648 2798 et
677 2742 903 2797 vivemus
931 2741 990 2795 in
1024 2754 1102 2798 eo.

2087 1906 2244 1979 ἡμῶν
2267 1905 2647 1977 ἀπεγνωκότες
2669 1905 2773 1975 τῆς
2804 1902 2949 1976 ζωῆς
2978 1903 3135 1975 ἡμῶν
3154 1921 3167 1933 ·
3203 1904 3299 1957 καὶ
3330 1904 3673 1975 ἐπιστρέψω-

2090 2015 2191 2069 μεν
2241 1999 2380 2071 πρὸς
2410 1997 2614 2067 Κύριον
2658 1995 2749 2049 τὸν
2780 1995 2911 2050 Θεὸν
2944 1995 3100 2068 ήμῶν
3132 1994 3190 2062 ἐξ
3222 1996 3349 2068 ὅλης
3390 1997 3489 2068 τῆς
3535 2013 3674 2067 καρ-

2084 2090 2202 2153 δίας
2233 2088 2391 2160 ἡμῶν
2409 2105 2423 2118 ⁸
2451 2087 2545 2141 καὶ
2568 2083 2930 2158 ὲργασώμεθα
2950 2086 3049 2157 τὴν
3076 2085 3421 2156 δικαιοσύνην
3443 2084 3540 2151 τὰς
3563 2086 3675 2137 λοι-

2085 2179 2196 2245 πὰς
2228 2181 2442 2253 ἡμέρας
2477 2179 2575 2251 τῆς
2609 2178 2752 2251 ζωῆς
2783 2176 2962 2249 ἡμῶνο
2997 2179 3093 2231 καὶ
3124 2177 3496 2249 δουλεύσωμεν
3521 2176 3673 2248 αὐτῷ

2089 2273 2265 2345 ὀρθῶς
2296 2272 2435 2328 κατὰ
2465 2271 2528 2325 τὸ
2560 2270 2771 2342 θέλημα
2790 2269 2974 2325 αὑτοῦ.
3011 2270 3122 2324 Καὶ
3154 2271 3367 2342 ποιήσει
3394 2269 3536 2323 ἴασιν
3557 2272 3675 2334 τοῖς

2092 2363 2379 2436 προτέροις
2416 2361 2573 2434 ήμῶν
2613 2360 3052 2434 παραπτώμασι·
3090 2361 3183 2415 καὶ
3214 2358 3405 2434 ἕξομεν
3444 2360 3675 2432 δύναμιν

2091 2454 2186 2511 τοῦ
2227 2455 2657 2527 κατακυριεῦσαι
2691 2452 2802 2508 τῶν
2834 2455 3009 2527 ἔργων
3044 2453 3138 2507 τοῦ
3176 2453 3441 2509 διαϐόλου.
3478 2454 3590 2526 Τὴν
3613 2453 3675 2509 δὲ

2090 2549 2320 2620 ἀπειλὴν
2353 2548 2514 2602 αὐτοῦ
2546 2548 2683 2611 ὅλως
2718 2548 2793 2620 μὴ
2827 2546 3152 2619 φοϐηθῶμεν
3177 2564 3191 2578 ·
3224 2546 3412 2611 ἄτονος
3439 2546 3547 2619 γάρ
3584 2548 3677 2600 ἑσ-

2088 2661 2194 2707 τιν,
2248 2641 2437 2712 ὥσπερ
2484 2640 2680 2713 νεκροῦ
2738 2639 2924 2712 νεῦρα.
2994 2637 3152 2693 Ἀλλὰ
3205 2639 3529 2711 φοϐηθῶμεν
3582 2637 3677 2693 τὸν

2092 2732 2501 2804 πανταδύναμον
2532 2731 2755 2803 Κύριον,
2783 2731 2877 2784 καὶ
2903 2729 3004 2796 τὰς
3034 2729 3251 2796 ἐντολὰς
3282 2730 3447 2786 αὑτοῦ
3501 2730 3675 2802 φυλά-

2092 2824 2273 2897 ξωμεν
2292 2842 2307 2856 ο
2350 2826 2445 2878 καὶ
2476 2822 2728 2897 ζήσωμεν
2754 2823 2814 2878 ἐν
2834 2822 3001 2895 αὐτῷ.

1466 3125 1886 3241 LIBER
1966 3124 2586 3244 TERTIUS

1766 3370 1877 3427 ρυι
1938 3370 2344 3417 ιπεοειιιιιτυιι

1547 3516 2525 3611 SIMILITUDINES.

1757 3744 1923 3811 SIMI
1934 3744 2234 3809 LITUDO
2267 3745 2320 3808 1.

416 3870 573 3945 Nos,
613 3872 762 3952 quia
786 3872 855 3935 in
909 3872 1024 3935 hoc
1078 3870 1309 3937 mundo
1334 3880 1809 3955 permanentem
1864 3873 2184 3934 civitatem
2234 3889 2365 3934 non
2406 3872 2721 3951 habemus,
2753 3872 2974 3937 debere
3003 3872 3330 3954 inquirere
3363 3871 3673 3947 futuram.

1752 3995 1985 4053 CAPUT
2020 3994 2328 4059 .UNICUM.

487 4113 557 4173 Et
589 4116 730 4174 dixit
749 4116 885 4172 mihi
911 4135 926 4174 :
954 4115 1119 4173 Scitis
1140 4132 1241 4172 vos
1272 4114 1488 4176 Domini
1510 4131 1697 4175 servos
1720 4115 1775 4171 in
1806 4114 2246 4190 peregrinatione
2265 4113 2381 4185 (50)
2410 4114 2663 4171 morari?
2690 4114 2896 4172 Civitas
2917 4118 3067 4174 enim
3091 4124 3274 4172 vestra
3303 4113 3465 4183 longe
3501 4118 3587 4166 est
3606 4107 3680 4164 ab

422 4206 526 4263 hac
549 4206 790 4262 civitate.
842 4205 901 4262 Si
924 4222 1056 4279 ergo
1081 4206 1235 4269 scitis
1258 4206 1535 4264 civitatem
1573 4214 1817 4262 vestram
1846 4206 1902 4260 in
1926 4220 2035 4276 qua
2065 4205 2367 4263 habitaturi
2391 4205 2505 4277 (51)
2527 4206 2685 4274 estis,
2724 4207 2856 4277 quid
2880 4208 2970 4264 hic
3000 4210 3186 4267 emitis
3211 4224 3398 4278 agros,
3423 4214 3479 4262 et
3512 4218 3682 4275 appa-

419 4305 556 4369 ratis
584 4303 829 4362 lautitias
860 4313 917 4362 et
942 4305 1195 4373 aedilicia,
1227 4314 1283 4363 et
1321 4303 1688 4363 habitationes
1716 4304 1833 4374 (52)
1884 4305 2292 4374 supervacuas?
2325 4300 2451 4360 Haec
2473 4303 2618 4358 enim
2641 4303 2735 4374 qui
2766 4313 3050 4380 comparat
3074 4305 3132 4361 in
3166 4305 3271 4361 hac
3300 4302 3543 4367 civitate,
3568 4312 3679 4351 non

419 4400 625 4472 cogitat
652 4398 708 4454 in
754 4413 911 4454 suam
943 4397 1219 4456 civitatem
1251 4397 1450 4457 redire.
1486 4394 1530 4451 Ο
1562 4396 1749 4465 stulte,
1790 4412 1824 4454 ο
1851 4395 2016 4452 dubie
2051 4395 2299 4463 etmiser
2336 4400 2507 4453 nomo
2528 4435 2547 4463 ,
2578 4395 2674 4466 qui
2706 4410 2817 4451 non
2848 4395 3111 4471 intelligis
3141 4400 3255 4455 haec
3282 4395 3471 4453 omnia
3502 4392 3683 4447 aliena

420 4508 566 4561 esse,
590 4503 647 4550 et
668 4493 772 4551 sub
799 4493 1026 4551 alterius
1068 4501 1363 4565 potestate.
1388 4494 1533 4551 Dicit
1562 4494 1709 4552 enim
1744 4494 1841 4551 tibi
1878 4492 1993 4567 (55)
2014 4493 2281 4551 Dominus
2307 4495 2546 4552 civitatis
2571 4496 2737 4566 hujus
2766 4516 2781 4553 :
2809 4497 2920 4553 Aut
2949 4497 3163 4569 legibus
3202 4502 3354 4550 utere
3394 4488 3553 4555 meis,
3586 4496 3685 4543 aut

418 4589 613 4646 recede
640 4587 710 4644 de
737 4588 957 4647 civitate
978 4603 1117 4645 mea.
1149 4587 1230 4647 Tu
1267 4602 1397 4661 ergo
1421 4587 1555 4659 quid
1582 4588 1775 4656 facies,
1804 4589 1902 4660 qui
1934 4588 2101 4645 habes
2132 4588 2306 4662 legem
2337 4589 2393 4645 in
2420 4589 2640 4646 civitate
2672 4598 2764 4645 tua
2792 4590 2946 4663 (54)?
2972 4589 3250 4661 Numquid
3270 4594 3494 4658 propter
3519 4595 3684 4652 agros

421 4692 567 4751 tuos,
599 4690 695 4737 aut
721 4691 946 4754 propter
976 4683 1194 4754 aliquos
1216 4692 1509 4755 apparatus
1532 4693 1677 4753 tuos,
1705 4686 1912 4756 poteris
1941 4700 2143 4757 negare
2170 4685 2351 4758 legem
2374 4686 2563 4742 tuam?
2592 4686 2752 4753 Quod
2776 4688 2820 4742 si
2836 4684 3141 4760 negaveris,
3158 4689 3215 4737 et
3240 4676 3481 4734 volueris
3502 4673 3682 4728 redire

420 4777 477 4833 in
513 4776 788 4834 civitatem
810 4786 982 4843 tuam,
1005 4792 1115 4833 non
1143 4777 1451 4849 recipietis,
1476 4778 1571 4834 sed
1600 4778 1908 4837 excluderis
1933 4777 2079 4835 inde.
2104 4776 2242 4834 Vide
2267 4793 2398 4849 ergo
2427 4786 2485 4834 tu
2503 4779 2618 4851 (55)
2647 4779 2789 4835 sicut
2805 4793 3029 4851 peregre
3050 4774 3380 4833 consistens,
3406 4766 3542 4822 nihil
3562 4780 3683 4819 am-

422 4869 569 4942 plius
597 4884 883 4949 compares
920 4869 1044 4938 tibi,
1082 4884 1248 4938 quam
1279 4868 1394 4940 (56)
1421 4870 1495 4926 sit
1522 4872 1900 4928 necessarium
1935 4880 1990 4927 et
2011 4869 2296 4928 sufﬁciens
2323 4871 2462 4938 tibi;
2508 4880 2564 4927 et
2590 4880 2818 4942 paratus
2847 4881 2987 4936 esto,
3031 4884 3098 4923 ne
3127 4866 3244 4937 (57)
3275 4878 3401 4920 cum
3441 4858 3685 4914 voluerit

424 4960 693 5020 Dominus
717 4961 832 5033 (58)
859 4962 1102 5019 civitatis
1130 4962 1296 5033 hujus
1324 4962 1596 5033 expellere
1633 4973 1709 5029 te,
1747 4964 2101 5046 contradicas
2136 4964 2241 5036 legi
2273 4965 2433 5035 ejus;
2462 4973 2517 5021 et
2545 4978 2643 5021 eas
2670 4964 2725 5020 in
2754 4964 3030 5021 civitatem
3060 4968 3235 5015 tuam.
3266 4964 3329 5012 ut
3361 4953 3537 5009 utaris
3565 4953 3683 5025 lege

1533 5100 1767 5157 VARUS
1806 5099 2192 5159 LEGTIONES
2225 5103 2316 5163 ET
2354 5100 2594 5191 NOTAE.

488 5196 605 5268 (48)
648 5192 742 5269 Sic
770 5196 942 5269 editio
973 5194 1190 5269 Paris,
1237 5213 1329 5255 an.
1367 5197 1734 5269 16M.7Editt.
1762 5197 1998 5268 Hermae,
2178 5198 2293 5269 (53)
2330 5198 2521 5269 Lamb.
2546 5199 2699 5254 deest
2725 5197 2840 5252 tibi.

413 5267 815 5340 lvbstcpévoc.
841 5267 1054 5340 Pseudo
1067 5267 1289 5327 Athan.
1303 5269 1481 5323 ἐνδεδυ
1489 5268 1669 5340 μένος,
1830 5339 1836 5340 7

2178 5267 2293 5340 (54)
2323 5267 2516 5340 Lamb.
2552 5269 3014 5340 civitatem__t7uam.

490 5341 603 5410 (t9)
628 5327 973 5412 ξιιίιζρειι-ῑβ.
1007 5338 1101 5395 cit.
1125 5340 1161 5412 η
1188 5327 1535 5412 πονηρίαι...ξ..
1555 5340 1605 5412 -ὴ
1629 5327 1894 5412 execute.
1932 5340 2001 5396 At

2109 5411 2119 5412 7
2178 5327 2294 5412 (55)
2329 5337 2407 5396 Ita
2431 5356 2565 5397 mss.
2596 5337 2950 5412 Carm7..Vict.
2977 5344 3032 5392 et
3065 5334 3257 5391 Lamb.
3287 5345 3390 5405 pro
3422 5337 3501 5396 ut,
3531 5327 3681 5401 quod

419 5408 591 5482 Editt.‘
627 5409 841 5466 Hermae
877 5410 947 5482 ad
988 5408 1159 5482 unum
1199 5408 1393 5482 omnes
1419 5451 1435 5482 ,7
1472 5410 1506 5480 ἡ
1550 5408 1815 5482 ἐπιθυμία
1841 5429 1856 5469 :
1880 5425 2000 5482 ma-
2107 5408 2491 5482 habentediti,
2521 5408 2923 5482 przeterOxon.

418 5481 666 5556 lupique,
716 5482 855 5556 duce
882 5480 1203 5556 _(_Jo_tele_rio,
1241 5480 1345 5552 leg.
1386 5480 1448 5535 οὐ
1494 5474 1659 5551 μόνον
1764 5481 1999 5556 πονηρὰ,

2178 5480 2451 5556 (§_6__)1t_tss.
2479 5474 2647 5556 'A'ngl.
2682 5481 2788 5536 nisi
2809 5481 2969 5556 quod.
3003 5478 3095 5533 Sic
3117 5486 3171 5533 et
3193 5474 3396 5556 Fellus.

418 5544 674 5623 ἀλλὰίκαξ
703 5553 739 5622 ἠ
763 5549 944 5622 ἀγαθὴ
977 5544 1258 5623 ἐπιθυμία.
1294 5544 1322 5552 ⁷
1498 5544 1513 5551 ’
1568 5622 1575 5623 7
1712 5544 1726 5555 ’
1890 5544 1923 5556 ”
1986 5544 1994 5547 ⁷

2179 5544 2294 5623 (57)
2325 5552 2534 5612 Carm.,
2559 5544 2965 5623 7Vict._et77Angl.
3003 5558 3061 5604 ut
3101 5564 3200 5618 pro
3226 5562 3305 5599 ne.
3336 5544 3512 5611 Quam
3544 5557 3680 5597 mss.

492 5622 606 5697 (750)
655 5618 1156 5697 Lamb.7_peregre_.'
1206 5620 1273 5697 Et
1314 5636 1443 5697 me;
1483 5638 1500 5677 :
1541 5622 1995 5697 Civitas7vestra,
2100 5618 2391 5697 lectionem
2423 5621 2671 5697 sequitur
2692 5618 2927 5697 Fellus;
3031 5690 3042 5697 _
3221 5687 3269 5697 __
3324 5685 3365 5697 η

419 5684 821 5761 omissoenim.
852 5684 1189 5746 Hécliudat
1212 5692 1518 5753 Antiochus
1539 5695 1730 5753 homil.
1764 5694 1853 5754 15.
1981 5684 1992 5693 ’
2173 5692 2287 5761 (58)
2333 5684 2523 5749 Lamb:
2589 5691 2730 5761 Deus
2776 5700 2834 5744 ut
2885 5690 3163 5761 Dominus.
3207 5687 3277 5742 At
3324 5684 3688 5761 Felliedjtio

517 5760 608 5834 §l)
632 5759 1241 5834 biss.7Angl7.7I_iabi_turi.
2100 5754 2281 5820 Oxon.
2318 5763 2459 5820 Deus
2494 5762 2572 5819 vel
2613 5760 2871 5818 Dominus
2910 5774 2929 5815 :
2959 5759 3108 5834 quod
3141 5771 3250 5815 non
3286 5755 3522 5815 advertit
3551 5754 3686 5814 Olus

397 5900 432 5935 ν
493 5828 609 5904 (52)
643 5828 836 5889 Lamb.
866 5828 1262 5901 tidiﬁcationes.
2102 5834 2276 5892 ricus.
