3944 6146
1369 330 1668 390 PASTOR.
1707 360 1780 375 υ·-
1816 329 1945 388 LIB.
1983 330 2072 398 lll,
2112 331 2315 388 SIMIL.
2353 332 2421 389 ll.
3424 328 3531 390 95b

243 337 354 397 955

244 462 363 523 tua,
398 452 519 510 sine
544 452 747 524 injuria
768 453 980 509 hilaris.
1014 454 1126 512 Vos
1155 452 1323 527 igitur
1343 455 1523 511 videte
1547 454 1642 527 qui
1670 454 1889 511 servitis
1930 453 2064 523 Deo,
2103 464 2157 511 et
2193 454 2410 511 habetis
2432 471 2560 512 eum
2583 456 2640 510 in
2663 453 2924 512 cordibus
2952 451 3155 510 vestris
3182 469 3195 507 :
3220 452 3527 523 operamini

156 550 197 625 χ
245 561 415 620 opera
442 545 560 615 Dei,
590 559 861 601 memores
891 547 1277 603 mandatorum
1304 554 1359 603 et
1385 547 1788 618 promissorum
1810 546 1932 616 ejus
1957 562 2081 617 qua!
2106 547 2221 617 (59)
2250 547 2540 618 promisit;
2574 555 2628 603 et
2656 548 2866 603 credite
2884 546 2958 614 ei,
2981 547 3129 618 quod
3157 546 3320 601 faciet
3346 546 3523 612 vobis,

247 643 296 699 si
342 643 602 698 mandata
632 638 752 711 ejus
792 640 1184 697 custodieritis.
1232 638 1341 697 Pro
1370 642 1517 712 agris
1546 657 1678 713 ergo
1710 656 1854 711 quos
1898 656 2086 697 emere
2107 642 2413 710 volueritis,
2448 643 2699 699 redimite
2741 644 2958 699 animas
2982 644 3050 699 de
3080 643 3522 705 necessitatibus,

247 745 414 807 prout
437 737 669 807 quisque
697 745 905 808 potest;
930 742 987 789 et
1013 734 1209 789 viduas
1230 734 1279 767 ⁸⁸
1297 733 1586 800 absolvite,
1615 733 1880 803 orphanis
1901 733 2017 805 (60)
2043 734 2306 804 judicate,
2330 744 2388 791 et
2408 750 2539 806 opes
2562 752 2627 792 ac
2649 736 2869 793 divitias
2896 746 3107 793 vestras
3131 738 3183 792 in
3211 735 3526 807 hujusmodi

210 846 215 853 ·
239 830 505 900 operibus
526 829 637 900 (61)
656 828 986 884 consumite.
1015 826 1070 881 In
1092 827 1198 881 hoc
1221 826 1368 881 enim
1394 840 1492 881 vos
1516 825 2167 895 Dominuslocupletavit,
2184 834 2243 880 ut
2263 825 2579 897 huiusmodi
2598 827 2901 883 ministeria
2921 829 3207 897 expleatis.
3227 828 3393 893 Multo
3412 842 3525 881 me-

239 923 351 979 lius
377 934 461 979 est
484 923 598 979 haec
626 922 830 990 facere,
854 936 1022 994 quam
1044 936 1209 991 agros
1239 930 1335 975 aut
1355 921 1550 976 domos
1570 934 1793 987 emere;
1826 920 2096 990 quoniam
2128 921 2246 976 haec
2278 923 2463 977 omnia
2495 924 2755 993 peribunt
2781 923 2834 977 in
2866 922 3068 977 saeculo
3102 939 3115 975 :
3148 929 3204 975 at
3247 919 3360 991 (62)
3403 932 3527 987 quas

205 1031 210 1034 ·
237 1028 341 1085 pro
375 1015 596 1071 nomine
628 1015 723 1071 Dei
760 1016 978 1084 feceris,
1013 1016 1263 1074 invenies
1289 1018 1345 1073 in
1376 1016 1600 1074 civitate
1624 1025 1741 1083 tua,
1766 1024 1822 1071 et
1848 1016 2077 1072 habebis
2094 1017 2362 1088 gaudium
2386 1019 2507 1074 sine
2531 1019 2756 1075 tristitia
2787 1027 2842 1073 et
2874 1018 3098 1073 timore.
3130 1013 3359 1068 Divitias
3393 1026 3527 1082 ergo

242 1110 488 1182 gentium
509 1110 680 1165 nolite
700 1126 923 1181 cupere,
955 1111 1280 1181 perniciosae
1308 1120 1439 1167 sunt
1467 1111 1614 1167 enim
1639 1110 1815 1166 servis
1848 1109 1979 1177 Dei;
2006 1110 2074 1165 de
2107 1112 2350 1181 propriis
2380 1122 2570 1168 autem
2598 1128 2739 1183 quas
2777 1111 3012 1177 habetis,
3033 1124 3096 1165 ea
3125 1107 3291 1178 agite,
3324 1103 3528 1175 quibus

241 1203 470 1273 possitis
508 1205 771 1276 consequi
798 1205 1083 1276 gaudium.
1116 1203 1179 1259 Et
1211 1204 1381 1261 nolite
1412 1204 1746 1268 adulterare,
1790 1216 1892 1259 nec
1920 1201 2148 1261 alterius
2172 1203 2286 1275 (65)
2324 1219 2552 1261 uxorem
2591 1214 2814 1277 tangere
2836 1244 2851 1274 ,
2896 1218 3074 1275 neque
3113 1197 3525 1269 concupiscere.

240 1298 586 1373 Concupisce
608 1308 762 1357 tuum
788 1316 950 1372 opus,
986 1310 1041 1357 et
1074 1302 1267 1358 salvus
1289 1301 1420 1356 eris.

994 1415 1077 1471 Ea:
1104 1418 1209 1473 ista
1236 1416 1588 1472 similitudine
1616 1414 1728 1471 haec
1768 1410 1922 1466 verba
1953 1412 2086 1482 facit
2123 1411 2463 1483 ANTIOCIIUS,
2497 1414 2717 1469 homilia
2746 1416 2833 1472 l5.

311 1533 378 1588 El
403 1527 497 1588 οὖν
537 1532 630 1587 ἐπὶ
660 1531 820 1605 ξένης
847 1533 1232 1606 κατοικοῦμεν,
1267 1533 1363 1588 καὶ
1404 1535 1439 1606 ἡ
1475 1532 1631 1596 πόλις
1669 1528 1823 1602 ἡμῶν

2003 1527 2063 1584 Si
2090 1547 2215 1601 ergo
2242 1532 2297 1584 in
2321 1532 2748 1602 peregrinatione
2778 1546 3078 1597 moramur,
3119 1535 3170 1582 et
3202 1525 3390 1580 civitas
3424 1536 3524 1576 no—

244 1623 462 1696 μακράν
484 1623 679 1694 ἀπέχει
712 1623 821 1676 ἀπὸ
858 1624 959 1696 τῆς
985 1623 1193 1687 πόλεως
1222 1623 1451 1696 ταύτης,
1479 1625 1574 1678 καὶ
1604 1622 1829 1693 οἴδαμεν

237 1716 341 1787 τὴν
373 1715 528 1769 πόλιν
563 1713 720 1787 ἡμῶν
751 1716 810 1768 ὲν
843 1710 876 1791 ᾗ
904 1715 1172 1788 μέλλομεν
1198 1718 1472 1774 κατοικεῖν
1495 1731 1509 1747 ο
1546 1715 1599 1769 τί
1625 1716 1705 1778 είς
1728 1714 1830 1784 τὴν

239 1806 528 1879 ἀλλοτρίαν
577 1806 941 1878 ἐτοιμάζομεν
980 1808 1204 1881 ἀγροὺς,
1239 1808 1333 1863 καὶ
1370 1806 1659 1879 οἰκοδομὰς
1684 1847 1700 1873 ,
1734 1806 1831 1859 καὶ

238 1898 512 1969 οίκήματα
547 1899 767 1969 μάταια,
801 1899 893 1953 καὶ
926 1898 1255 1971 παρατάξεις
1273 1899 1615 1965 πολυτελεῖς;
1645 1897 1829 1951 Ταῦτα

239 1987 334 2046 οὖν
373 1990 674 2063 ἑτοιμέιζων
706 1993 788 2057 εἰς
826 1992 1111 2064 ἀλλοτρίαν
1144 1991 1320 2058 πόλιν,
1356 1992 1515 2064 δῆλός
1541 1994 1711 2059 ἐστιν,
1747 1992 1830 2045 ὅτι

238 2081 301 2136 οὐ
326 2081 603 2155 προσδοκᾷ
627 2081 1023 2157 ὲπανακάμψαι
1056 2083 1137 2146 είς
1160 2083 1261 2154 τὴν
1301 2082 1435 2138 ίδίαν
1468 2082 1642 2149 πόλιν,
1670 2100 1829 2137 τουτ-

238 2177 405 2243 ἐστιν,
421 2178 501 2241 είς
527 2178 626 2248 τὴν
658 2177 771 2232 ἀνω
796 2176 1170 2249 Ἰερουσαλήμ.
1202 2174 1259 2231 '0
1274 2176 1384 2247 γὰρ
1404 2176 1663 2248 λογισμὸς
1677 2171 1833 2241 οὗτος

236 2268 507 2341 ἀφρόνων,
542 2269 639 2322 ita).
677 2268 939 2340 διψύχων,
983 2271 1078 2324 καὶ
1116 2268 1481 2339 ταλαιπώρων
1527 2268 1831 2342 ἀνθρώπων

236 2362 404 2421 ἐστίν.
422 2363 498 2416 Oi:
514 2362 623 2435 γὰρ
636 2363 827 2429 συνίει,
841 2363 922 2416 ὅτι
936 2362 1109 2416 ταῦτα
1124 2362 1303 2416 πάντα
1318 2362 1574 2435 ἀλλότριά
1593 2363 1720 2428 είσι,
1734 2362 1833 2416 καὶ

236 2455 343 2510 ύπὺ
374 2454 619 2521 ἐξουσίας
649 2455 837 2527 ἐτέρου
870 2454 998 2520 είσὶ,
1031 2453 1278 2509 τουτέστι
1308 2453 1405 2508 τοῦ
1444 2455 1703 2527 ἄρχοντος
1734 2452 1830 2509 τοῦ

234 2550 432 2615 αἰῶνος
462 2550 674 2606 τούτου.
697 2554 813 2607 Οὐκ
826 2547 920 2606 οὖν
937 2551 1249 2623 ὀφείλομεν,
1270 2551 1347 2615 ὡς
1363 2551 1454 2603 ἐπὶ
1470 2550 1629 2622 ξένης
1644 2564 1829 2603 κατοι-

236 2645 495 2711 κοῦντες,
533 2648 701 2719 μηδὲν
732 2647 895 2701 πλέον
928 2647 1240 2720 ἑτοιμάζειν
1278 2648 1515 2710 ἑαυτοῖς,
1551 2645 1600 2696 εί
1632 2644 1706 2715 μὴ
1730 2643 1833 2714 τὴν

234 2738 568 2812 αὐτάρκειαν
612 2740 712 2813 τὴν
760 2740 1017 2812 ἀρκετήν.
1082 2740 1147 2793 Ol
1200 2738 1312 2811 γὰρ
1361 2736 1686 2806 ἀγαπῶντες
1739 2735 1833 2789 τὸν

1929 1630 2043 1674 stra
2088 1620 2241 1691 longe
2285 1630 2364 1676 est
2405 1623 2470 1674 ab
2516 1622 2615 1676 hac
2656 1623 2893 1689 civitate,
2930 1629 2979 1673 et
3013 1620 3211 1673 scimus
3258 1615 3526 1669 civitatem

1931 1721 2166 1766 nostram
2216 1714 2267 1767 in
2308 1730 2414 1785 qua
2457 1714 2761 1767 habitaturi
2800 1729 3019 1777 sumus,
3062 1710 3188 1782 quid
3243 1708 3297 1761 in
3349 1702 3526 1758 aliena

1930 1822 2251 1876 apparamus
2292 1825 2486 1884 agros,
2539 1818 2588 1863 et
2628 1808 2883 1878 aediﬁcia,
2926 1816 2975 1861 et
3024 1803 3382 1859 habitationes
3432 1814 3524 1852 su-

1928 1915 2239 1969 pervacuas,
2288 1910 2338 1955 et
2378 1900 2555 1958 lautas
2607 1900 3073 1957 constructiones?
3115 1897 3245 1955 Htec
3272 1915 3394 1969 ergo
3432 1899 3524 1967 qui

1931 2001 2208 2061 comparat
2236 1993 2291 2046 in
2314 1993 2491 2047 aliena
2523 1994 2735 2049 civitate
2754 2036 2769 2061 ,
2799 1994 2982 2065 palam
3006 2002 3105 2058 est,
3136 1992 3274 2062 quod
3306 2007 3410 2045 non
3436 2007 3525 2045 co-

1931 2083 2063 2152 gitat
2092 2083 2146 2137 in
2176 2101 2329 2137 suam
2368 2086 2637 2140 civitatem
2677 2087 2869 2153 redire,
2911 2087 3008 2139 hoc
3043 2094 3120 2139 est
3157 2085 3211 2138 in
3243 2101 3525 2155 supernam

1933 2173 2386 2244 Hierosolymam.
2420 2175 2515 2229 Est
2552 2177 2695 2230 enim
2719 2176 2829 2231 lucc
2860 2177 3216 2229 consideratio
3238 2174 3523 2228 stultorum

1930 2276 1979 2322 et
2006 2267 2312 2333 dubiorum,
2343 2277 2393 2321 et
2432 2269 2750 2323 miserorum
2776 2268 3069 2322 hominum.
3102 2267 3226 2321 Non
3262 2268 3405 2322 enim
3440 2268 3524 2321 in-

1933 2359 2146 2432 telligit,
2179 2360 2291 2415 hare
2328 2362 2509 2415 omnia
2544 2361 2720 2415 aliena
2749 2378 2882 2428 esse,
2926 2372 2977 2416 et
3015 2361 3109 2415 sub
3157 2361 3379 2416 alterius
3423 2377 3524 2430 pa-

1933 2462 2141 2521 testate,
2164 2453 2346 2508 hocest
2358 2455 2614 2526 principis
2638 2454 2824 2511 swculi
2848 2455 3025 2525 hujus.
3052 2454 3311 2509 Debemus
3333 2454 3522 2525 igitur,

1930 2544 2070 2598 sicut
2097 2560 2309 2615 peregre
2346 2546 2720 2609 consistentes,
2764 2545 2901 2600 nihil
2944 2544 3177 2614 amplius
3211 2559 3524 2613 comparare

1933 2636 2106 2704 nobis,
2139 2654 2299 2708 quam
2326 2638 2401 2693 sit
2439 2639 2798 2692 necessariam:
2835 2647 2888 2693 et
2915 2638 3210 2707 sufﬁciens.
3246 2636 3351 2701 Qui
3380 2636 3523 2690 enim

1934 2740 2119 2784 amant
2153 2729 2445 2785 Dominum
2488 2748 2680 2796 suum,
2726 2742 2777 2787 et
2828 2730 3018 2785 habent
3066 2746 3186 2784 eum
3232 2744 3436 2799 semper
3466 2728 3524 2780 in

234 2829 445 2884 ἑαυτῶν
472 2828 677 2902 Κύριον
698 2867 715 2895 ,
749 2830 846 2884 καὶ
877 2828 1098 2900 ἔχοντες
1122 2828 1285 2882 αὐτὸν
1316 2826 1407 2882 ἀεὶ
1426 2828 1485 2881 ὲν
1510 2829 1577 2898 τῇ
1614 2826 1823 2879 ἑαυτῶν

1935 2822 2185 2877 cordibus
2219 2824 2355 2889 suis,
2390 2823 2448 2877 in
2480 2824 2749 2878 mandatis
2778 2823 2893 2893 ejus
2927 2822 3203 2887 incedent,
3234 2830 3284 2875 et
3317 2821 3373 2874 in
3398 2835 3522 2890 pro.

233 2922 448 2996 καρδίᾳ,
483 2923 542 2977 εν
570 2924 693 2987 ταῖς
723 2922 965 2986 ἐντολαῖς
990 2919 1156 2976 αὑτοῦ
1181 2918 1561 2993 πορεύσονται,
1587 2919 1683 2973 καὶ¹
1704 2919 1827 2981 ταῖς

232 3012 591 3083 ἐπαγγελίαις
643 3012 808 3068 αὐτοῦ
863 3013 1219 3079 πιστεύουσι,
1284 3012 1380 3067 καὶ⁹
1440 3010 1824 3085 καραδοκοῦσι.

232 3104 415 3159 Καλὸν
438 3099 532 3158 οὖν
562 3105 710 3158 ἐστιν
734 3104 856 3159 ἀντὶ
884 3103 995 3157 τῶν
1024 3102 1343 3174 κτισμάτων
1374 3104 1472 3157 καὶ
1502 3102 1825 3174 χρημάτων,

229 3196 341 3248 τῶν
386 3194 627 3266 σήμερον
661 3193 763 3265 μὲν
803 3192 1127 3265 ἡμετέρων,
1177 3192 1368 3264 αὔριον
1411 3193 1471 3247 δὲ
1508 3192 1825 3266 ἀλλοτρίων,

231 3286 549 3358 ὠνήσασθαι
598 3285 781 3356 ψυχὰς
823 3283 1168 3355 θλιϐομὲνας,
1207 3282 1392 3348 καθώς
1438 3301 1526 3347 τις
1564 3283 1825 3338 δύναται·

232 3379 329 3433 καὶ
351 3378 530 3449 χήρας
560 3376 655 3429 καὶ
696 3376 966 3448 ὀρφανοὺς
998 3374 1448 3441 ἐπισκέπτεσθαι,
1487 3376 1582 3430 καὶ
1608 3377 1683 3450 μὴ
1715 3394 1826 3430 πα-

234 3468 523 3542 ραδλέπειν
566 3466 800 3530 αὐτούς’
850 3465 1113 3530 ὡσαύτως
1158 3466 1255 3520 καὶ
1297 3468 1357 3522 ὲν
1408 3469 1822 3542 μοναστηρίοις,

232 3562 330 3616 καὶ
374 3559 518 3614 οὕτω
558 3557 739 3624 καλῶς
775 3557 997 3612 διοικεῖν
1038 3558 1109 3613 τὰ
1145 3558 1269 3612 καθ’
1308 3561 1571 3624 ἑαυτούς·
1608 3565 1704 3618 καὶ
1731 3564 1825 3619 τὸν

230 3653 481 3719 πλοῦτον,
532 3652 591 3707 ὃν
624 3650 774 3723 παρὰ
819 3649 957 3705 Θεοῦ
988 3650 1292 3723 εἰλήφαμεν
1328 3652 1388 3705 ὲν
1412 3650 1549 3724 τῷδε
1586 3652 1665 3725 τῷ
1695 3653 1823 3727 βίῳ,

230 3747 313 3811 είς
357 3745 554 3809 αὐτοὺς
586 3743 911 3799 ἀναλίσκειν.
961 3744 1057 3807 El;
1098 3743 1257 3796 τοῦτο
1280 3742 1390 3817 γὰρ
1416 3744 1511 3799 καὶ
1545 3746 1823 3818 παρέσχεν

230 3840 364 3909 ἡμῖν
387 3837 525 3891 αύτά
555 3836 585 3889 ό
607 3835 810 3907 ἀγαθὸς
832 3833 992 3907 ἡμῶν
1016 3832 1317 3905 Δεσπότης,
1352 3835 1439 3888 ἵνα
1465 3836 1547 3899 είς
1576 3836 1675 3910 τὴν
1704 3838 1821 3893 δια-

230 3929 414 3985 κονίαν
450 3929 655 4000 ταύτην
684 3924 1055 3998 δαπανηθῶσι,
1089 3925 1185 3980 καὶ
1222 3926 1337 3981 ἀντ’
1365 3926 1547 3981 αὐτῶν
1574 3931 1821 4001 κομισώ-

233 4023 372 4095 μεθα
404 4021 676 4095 θησαυρὸν
719 4019 1086 4075 ἀνέκλειπτον.
1123 4018 1265 4073 Πολὺ
1298 4016 1394 4074 οὗν
1434 4021 1643 4093 βέλτιόν
1680 4026 1819 4092 ἐστι,

230 4115 506 4179 τοιούτους
530 4114 755 4183 ἀγροὺς,
789 4110 884 4166 καὶ
906 4112 1161 4183 κτήματα
1185 4108 1296 4182 (64)
1323 4111 1634 4184 ἀγοράζειν,
1662 4117 1821 4173 ἅτινα

1930 2916 2097 2971 missa
2126 2915 2241 2986 ejus
2275 2916 2536 2987 credunt,
2580 2927 2739 2989 atque
2765 2926 3094 2987 exspectant.
3126 2915 3334 2970 Bonum
3356 2915 3523 2986 igitur

1928 3018 2027 3075 est,
2062 3025 2157 3079 pro
2186 3008 2431 3064 domibus
2466 3021 2517 3066 et
2554 3010 2815 3081 pecuniis,
2852 3009 3007 3064 hodie
3035 3009 3251 3081 quidem
3292 3009 3518 3071 nostris,

1929 3118 2051 3156 cras
2074 3117 2194 3157 vero
2224 3103 2441 3170 alienis,
2470 3103 2726 3158 redimere
2747 3104 2960 3157 animas
2988 3102 3053 3155 de
3089 3100 3518 3168 necessitatibus,

1928 3206 2085 3266 prout
2121 3197 2343 3267 quisque
2370 3205 2579 3266 potest;
2607 3207 2656 3251 et
2674 3197 2861 3252 viduas
2890 3212 2954 3249 ac
2982 3196 3247 3265 orphanos
3279 3196 3517 3261 uisitare,

1930 3303 2023 3342 nec
2062 3288 2329 3357 despicere
2369 3303 2388 3341 :
2419 3288 2673 3343 similiter
2713 3297 2765 3343 et
2816 3289 2869 3342 in
2931 3288 3292 3354 monasteriis,
3340 3288 3520 3358 sicque

1929 3387 2067 3433 recte
2099 3394 2197 3433 sua
2231 3379 2617 3435 administrare
2636 3394 2660 3442 ;
2693 3388 2745 3434 et
2778 3379 3024 3445 divitias,
3068 3395 3199 3450 quas
3238 3396 3271 3432 a
3302 3378 3409 3432 Deo
3426 3396 3519 3432 ac-

1928 3471 2163 3541 cepimus
2206 3471 2265 3525 in
2310 3470 2410 3524 hac
2441 3471 2570 3535 vita,
2615 3471 2672 3524 in
2702 3470 3009 3539 hujusmodi
3053 3471 3289 3524 homines
3326 3486 3518 3524 consu-

1926 3578 2088 3617 mere.
2127 3561 2198 3617 In
2228 3563 2325 3617 hac
2354 3562 2496 3617 enim
2526 3571 2579 3617 et
2610 3561 2836 3632 praebuit
2863 3559 3013 3615 nobis
3046 3578 3108 3616 ea
3148 3561 3315 3616 bonus
3340 3572 3519 3616 noster

1925 3654 2213 3723 Dominus,
2252 3665 2312 3711 ut
2344 3656 2399 3710 in
2424 3654 2691 3725 ejusmodi
2716 3656 3020 3711 ministeria
3059 3657 3435 3721 insumantur;
3464 3664 3517 3710 et

1922 3764 2021 3819 pro
2047 3749 2118 3805 iis
2142 3760 2466 3819 reportemus
2498 3748 2804 3803 thesaurum
2836 3765 2937 3803 non
2963 3749 3310 3819 deﬁcientem.
3341 3747 3514 3803 Mults

1924 3841 2102 3912 itaque
2144 3840 2333 3896 melius
2374 3850 2476 3907 est,
2514 3841 2645 3896 tales
2680 3841 2833 3896 villas
2864 3851 2915 3895 et
2944 3841 3128 3898 domos
3173 3859 3360 3906 emere,
3392 3859 3514 3913 quae

1922 3934 2143 3990 stabiles
2190 3945 2313 3989 sunt
2361 3943 2411 3990 et
2459 3934 2726 3989 deducunt
2770 3936 2825 3988 in
2867 3944 3105 3989 nostram
3155 3934 3509 4006 metropolim,

1921 4024 2134 4096 quando
2182 4025 2239 4078 in
2285 4041 2403 4079 eam
2439 4025 2806 4095 migrabimus.
2849 4024 3197 4097 Negligamus
3236 4042 3357 4097 ergo
3398 4026 3511 4097 [seu

1922 4118 2152 4173 nolimus
2192 4117 2426 4191 cupere],
2466 4118 2793 4187 charissimi,
2834 4120 3178 4190 temporalia,
3220 4129 3277 4174 ut
3313 4134 3512 4176 (eterna

231 4210 326 4263 καὶ
367 4205 661 4280 παράμονά
693 4206 821 4271 είσι,
862 4203 967 4269 ,καὶ⁵
1002 4201 1335 4274 προάγουσιν
1379 4205 1460 4267 είς
1510 4206 1611 4279 τὴν
1651 4210 1809 4281 ἡμῶν

1927 4212 2178 4266 aossimus
2206 4212 2473 4281 consequi.

232 4299 581 4375 μητρόπολιν,
630 4298 758 4352 ὅταν
812 4295 1252 4367 ἀποδημήσωμεν
1294 4295 1373 4361 είς
1418 4296 1607 4373 αύτήν.
1644 4301 2139 4383 Ἀμεριμνήσωμεν
2179 4303 2295 4375 οὖν,
2356 4305 2651 4379 ἀγαπητοὶ,
2685 4304 2796 4358 τῶν
2852 4308 3227 4381 προσκαίρων,
3262 4308 3350 4363 ἵνα
3400 4305 3510 4362 τῶν

226 4398 413 4457 ἀῐδίων
447 4394 817 4467 ὲπιτύχωμεν.

1552 4516 2029 4586 SIMILITUDO
2078 4520 2159 4582 II.

801 4644 880 4706 Ut
913 4641 1065 4704 vitis
1092 4638 1261 4702 ulmo
1287 4640 1601 4722 fulcitur,
1639 4647 1736 4708 sic
1772 4648 1945 4711 dives
1988 4648 2278 4710 oratione
2309 4644 2619 4727 pauperis
2632 4646 2935 4726 juvatur.

1574 4766 1807 4825 CAPUT
1860 4768 2152 4827 UNICUM.

296 4869 433 4926 Cum
463 4868 800 4924 ambularem
824 4864 877 4919 in
910 4876 1105 4935 agrum
1132 4867 1188 4915 et
1216 4859 1621 4919 considerarem
1645 4866 1857 4953 ulmum
1892 4876 1948 4923 et
1973 4869 2164 4935 vitem,
2189 4875 2244 4922 et
2260 4864 2561 4937 cogitarem
2596 4861 2711 4934 (65)
2738 4862 2885 4917 intra
2908 4875 2996 4916 me
3020 4859 3090 4917 de
3113 4859 3386 4918 fructibus
3412 4877 3508 4920 ea-

186 5014 193 5023 .
224 4977 383 5029 rum,
408 4961 660 5033 apparuit
684 4959 820 5015 mihi
847 4959 1099 5030 angelus,
1128 4964 1185 5014 et
1212 4956 1353 5013 dixit
1375 4957 1510 5015 mihi
1548 4978 1564 5016 :
1591 4960 1735 5029 Quid
1764 4962 1858 5019 diu
1887 4962 2004 5037 (66)
2041 4965 2185 5021 intra
2216 4972 2269 5019 te
2289 4962 2540 5034 cogitas?
2571 4959 2640 5015 Et
2666 4958 2780 5015 dixi
2807 4957 2885 5012 illi
2922 4976 2936 5013 ς
2970 4957 3046 5013 De
3070 4958 3176 5015 hac
3201 4959 3314 5016 vite
3341 4970 3395 5017 et
3425 4962 3503 5016 ul-

252 5092 303 5126 “
320 5094 429 5149 lsa.
455 5109 494 5162 ι,
516 5092 607 5147 17.

1323 5182 1566 5241 ἿΑΒΙΑΞ
1603 5187 1989 5247 LECTIONES
2026 5188 2116 5244 ET
2155 5183 2389 5243 ΝΟΤᾸΕ.

294 5281 409 5353 (59)
434 5281 519 5353 Al.
550 5282 959 5353 promissionum
982 5282 1121 5353 ejus,
1147 5297 1302 5353 quas.

210 5356 215 5363 ‘
296 5349 408 5423 (60)
443 5349 628 5408 Carm.
656 5349 798 5423 Χῖοι.
830 5363 883 5408 et
911 5349 1111 5409 Lamb.
1148 5349 1471 5423 iustiﬁcate,
1517 5354 1803 5423 orphanos.

213 5448 221 5463 ι
294 5420 409 5493 (6|)
437 5423 623 5493 Carm.
655 5420 795 5478 Vict.
823 5434 878 5479 et
904 5424 1095 5480 Lamb.
1132 5420 1577 5491 deestoperibus.

292 5492 407 5564 (6‘2)
442 5492 634 5564 Lamb.
668 5510 809 5547 nam.
838 5494 904 5548 Et
934 5511 1085 5562 mox,
1117 5496 1391 5552 civitatem
1419 5506 1589 5551 tuam.

294 5565 407 5635 (63)
459 5563 651 5638 L_amb.
703 5564 1028 5638 adullerari,
1079 5576 1130 5621 et
1174 5567 1395 5625 alterius
1448 5566 1675 5638 aliquid.
1735 5567 1805 5624 At

224 5634 362 5689 Vict.
390 5634 449 5691 et
476 5634 657 5689 Carm.
692 5635 914 5690 alterius
958 5653 1089 5691 rem.

293 5704 602 5781 (6t)_Forte
624 5705 918 5781 κτίσματα,
950 5717 1012 5761 ut
1039 5709 1215 5781 paulo
1256 5712 1512 5780 superius
1554 5710 1795 5781 κτισμά-

221 5776 544 5852 τωνεμίάςμο
575 5775 1005 5852 insinuatvctus
1038 5775 1251 5852 llernge
1290 5775 1581 5852 interpres.

288 5848 403 5921 (65)
438 5845 569 5905 Mss.
606 5845 766 5919 Angl.
795 5847 1149 5919 disputarem.
1174 5848 1243 5907 Et
1258 5867 1386 5910 mox
1416 5845 1582 5921 intra,
1607 5853 1793 5919 dispu-

1916 5297 2001 5340 tas
2036 5295 2091 5341 et
2112 5286 2351 5351 disputo.
2382 5280 2557 5349 Quem
2594 5284 2649 5340 in
2668 5284 2850 5341 locum
2871 5282 3017 5338 Cler.
3048 5302 3062 5339 2
3094 5301 3114 5335 ι
3151 5283 3499 5342 Ciceroniani

1913 5357 2181 5425 temporis
2213 5364 2316 5417 est,
2343 5354 2540 5423 inquit,
2579 5372 2682 5410 vox
2710 5357 3005 5424 disputare.
3036 5370 3137 5425 pro
3157 5371 3223 5409 eo
3248 5358 3392 5423 quod
3416 5369 3502 5415 est

1911 5442 2075 5497 agere
2100 5426 2168 5481 de
2201 5442 2259 5479 re
2274 5426 2538 5497 quapiam
2564 5443 2579 5492 ;
2611 5442 2735 5496 qua:
2761 5426 2960 5496 legitur
2978 5426 3031 5479 in
3057 5426 3219 5480 codd.
3247 5427 3502 5497 Anglica-

1909 5496 2021 5563 nis,
2057 5506 2113 5552 et
2137 5496 2342 5566 passim
2372 5504 2579 5567 mutata
2612 5507 2694 5553 est
2722 5498 2775 5552 in
2804 5496 3069 5567 cogitare;
3096 5498 3244 5567 quod
3282 5496 3498 5553 exscri~

1910 5577 2097 5693 pltlores
2120 5582 2229 5693 nng
2254 5566 2753 5637 intelligerenteam
2774 5566 2965 5624 vocem
2990 5568 3101 5623 alio
3117 5584 3305 5636 sensu,
3330 5584 3496 5640 quam

1910 5654 1939 5693 a
1987 5653 2152 5693 ercan
2195 5655 2233 5692 ι.
2272 5656 2291 5689 ι

1908 5639 2233 5694 altercandi.
2272 5656 2291 5689 ι

1980 5708 2097 5781 (66)
2128 5707 2205 5765 lta
2236 5724 2340 5765 ms.
2374 5705 2620 5785 Vict._lta
2648 5720 2706 5767 et
2732 5709 2867 5768 edit.
2905 5706 3087 5769 Oxon.
3113 5708 3201 5769 ΔΙ.
3235 5713 3498 5770 omittunt

1903 5780 2020 5835 diu.
