3944 6146
478 288 590 345 955
1692 304 1697 307 ’
1938 296 1998 352 S.
2030 296 2035 350 J

2250 294 2295 351 Ε
2342 317 2351 326 ι
3676 297 3807 354 οδε

479 419 571 459 mo
591 404 831 475 disputo.
859 405 1078 461 domine
1097 447 1113 472 ,
1143 408 1403 479 quoniam
1445 410 1664 468 fructus
1693 410 1911 468 illarum
1952 412 2138 467 decori
2170 420 2319 467 sunt.
2349 408 2416 467 Et
2443 410 2580 467 dixit
2615 411 2752 469 mihi
2782 432 2797 469 :
2823 411 2920 471 ιιω
2952 414 3077 473 dua:
3101 417 3330 476 arbores
3356 418 3412 475 lu
3437 418 3803 491 exemplum

476 497 668 564 posita:
692 507 820 553 sunt
839 498 1010 555 servis
1036 499 1151 557 Dei.
1178 504 1242 560 Et
1266 508 1379 563 dixi
1405 508 1482 564 illi
1509 528 1523 565 :
1546 508 1753 566 Vellem
1779 511 1942 580 scire,
1964 511 2209 580 domine,
2237 512 2430 567 harum
2462 512 2725 568 arborum
2755 513 3067 585 exemplum
3096 516 3246 586 quod
3279 515 3437 574 dicis.
3470 515 3676 582 Audi,
3700 517 3806 575 in-

476 591 596 681 quit
626 608 638 643 :
668 591 831 648 Vides
863 594 1003 651 hanc
1029 597 1191 652 vitem
1246 608 1302 655 et
1331 601 1711 681 hanclulmum
1740 625 1753 659 :
1784 603 1976 669 Video,
2010 604 2261 676 inquam,
2299 603 2539 659 domine.
2566 601 2694 660 llaec
2732 603 2849 675 (67)
2885 604 3038 670 vitis,
3074 606 3289 679 inquit,
3317 605 3629 666 fructifera
3666 618 3802 677 est;

476 680 658 738 ulmus
687 696 891 752 autem,
917 687 1125 759 lignum
1150 694 1269 750 sine
1293 680 1608 766 l‘ructuest;
1638 717 1732 757 sm
1755 700 1881 756 vitis
1898 701 2034 765 haec.
2064 700 2169 756 nisi
2196 700 2453 770 applicita
2483 698 2895 756 fuerit-ulmoet
2911 715 3078 771 super
3103 703 3253 759 illam
3267 704 3802 776 requieverit(68),

475 792 585 830 non
621 788 801 848 potest
832 784 1063 840 multum
1090 786 1328 846 fructum
1360 791 1558 850 facere.
1616 793 1815 851 Iacens
1873 795 2021 850 enim
2081 793 2137 849 in
2191 803 2337 849 terra
2364 835 2380 861 ,
2434 794 2609 850 malos
2645 792 2860 851 fruetus
2889 793 3005 862 dat,
3065 794 3194 865 quia
3216 811 3326 851 non
3357 797 3576 868 pendet
3605 813 3805 866 super

477 869 692 923 ulmum
719 889 732 926 :
762 882 816 927 et
838 890 938 943 pro
963 892 1022 931 se
1046 889 1100 933 et
1126 894 1223 949 pro
1255 880 1403 939 ulmo
1429 882 1669 941 fructum
1700 885 1815 939 dat.
1845 882 1977 939 Vide
2010 898 2164 954 ergo,
2195 883 2342 954 quod
2378 883 2491 954 (69)
2522 883 2705 941 ulmus
2741 881 2985 939 fructum
3013 884 3110 940 dat
3127 900 3237 939 non
3262 884 3801 958 minorem,,quaut

476 958 624 1024 vitis,
652 960 743 1015 sed
772 963 952 1030 potius
984 966 1269 1037 majorem.
1302 972 1612 1041 Quomodo,
1667 976 1916 1044 inquam,
1946 974 2190 1042 domine,
2227 974 2493 1046 majorem
2528 991 2697 1046 quam
2747 975 2914 1032 vitis?
2968 974 3281 1046 Suspensa,
3318 978 3521 1048 inquit,
3584 981 3673 1034 ad
3708 982 3803 1034 ul-

477 1072 627 1112 mum
652 1058 787 1130 (70),
818 1060 1055 1119 fructum
1084 1069 1314 1123 multum
1338 1079 1392 1124 et
1415 1071 1619 1126 bonum
1642 1072 1768 1137 dat;
1795 1071 1986 1142 jacens
2018 1081 2200 1127 autem
2235 1071 2290 1126 in
2329 1079 2496 1136 terra,
2521 1072 2780 1143 exiguum
2806 1082 2862 1128 et
2889 1072 3195 1143 pessimum
3226 1072 3467 1131 fructum
3486 1074 3603 1134 dat
3626 1078 3791 1147 (7t).

478 1150 603 1209 Haec
635 1155 799 1227 igitur
820 1160 1120 1218 similitudo
1141 1165 1317 1234 posita
1342 1175 1429 1222 est
1458 1168 1631 1223 servis
1666 1166 1781 1233 Dei,
1813 1167 2039 1237 pauperi
2068 1176 2125 1223 et
2144 1166 2296 1222 diviti
2330 1166 2468 1237 (η).
2500 1165 2799 1237 Respondi,
2824 1167 3079 1238 inquiens
3110 1185 3125 1222 :
3157 1166 3408 1237 Domine,
3429 1170 3796 1229 demonstra

479 1245 633 1301 mihi.
659 1246 823 1317 Audi,
846 1251 1021 1323 inquit
1053 1270 1067 1308 :
1099 1257 1258 1315 Dives
1288 1261 1451 1318 habet
1476 1279 1629 1334 opes,
1659 1279 1690 1318 a
1727 1262 1961 1319 Domino
1994 1277 2126 1318 vero
2174 1277 2380 1334 pauper
2408 1262 2872 1329 est;distrahitur
2905 1261 3055 1317 enim
3085 1260 3228 1318 circa
3255 1262 3480 1321 divitias
3501 1280 3660 1322 suas
3684 1308 3707 1335 ,
3736 1281 3795 1324 et

478 1336 633 1392 valde
655 1340 906 1411 exiguam
947 1345 1110 1401 habet
1134 1351 1435 1408 orationem
1469 1354 1536 1409 ad
1564 1353 1888 1419 Dominum;
1912 1363 1969 1408 et
1997 1367 2166 1424 quam
2193 1352 2358 1407 habet
2385 1392 2402 1418 ,
2435 1350 2665 1406 inertem
2688 1350 2874 1415 habet,
2907 1358 2965 1406 et
2994 1365 3105 1404 non
3131 1350 3424 1409 habentem
3455 1355 3787 1411 virtutem.

478 1432 613 1486 Cum
647 1435 812 1506 igitur
841 1439 994 1496 dives
1023 1454 1244 1512 praestat
1271 1451 1519 1522 pauperi,
1544 1468 1665 1523 qua:
1687 1452 1766 1507 illi
1795 1451 1909 1520 (73)
1944 1465 2085 1521 opus
2119 1459 2269 1512 sunt,
2297 1464 2505 1520 pauper
2551 1457 2675 1504 orat
2700 1449 2770 1504 ad
2813 1447 3109 1504 Dominum
3142 1464 3242 1518 pro
3269 1449 3479 1520 divite,
3511 1464 3572 1520 e_t
3624 1454 3791 1511 Deus

478 1534 698 1593 praestat
734 1528 889 1585 diviti
920 1533 1103 1588 omnia
1137 1535 1281 1594 bona
1310 1559 1324 1607 ;
1360 1543 1491 1613 quia
1517 1557 1724 1614 pauper
1745 1541 1902 1597 dives
1924 1548 2007 1597 est
2030 1540 2086 1594 in
2119 1539 2403 1602 oratione,
2432 1547 2488 1594 et
2516 1537 2774 1594 virtutem
2800 1553 3055 1609 m:.gnam
3086 1545 3250 1601 habet
3279 1549 3423 1618 apud
3454 1549 3783 1606 Dominum

477 1629 654 1681 oratio
682 1629 823 1699 ejus.
850 1628 1005 1688 Tunc
1029 1648 1159 1704 ergo
1181 1634 1334 1691 dives
1366 1644 1588 1707 praestat
1613 1633 1798 1690 omnia
1823 1647 2047 1703 pauperi
2074 1673 2089 1697 ,
2119 1630 2250 1702 quia
2284 1630 2451 1687 sentit
2479 1630 2637 1685 illum
2672 1629 2925 1685 exaudiri
2949 1647 2981 1685 a
3015 1633 3249 1694 Domino
3272 1658 3286 1705 ;
3306 1650 3362 1697 et
3384 1643 3676 1707 libentius
3715 1662 3781 1701 ac

478 1720 599 1774 sine
640 1721 981 1780 dubitatione
1003 1737 1227 1797 praestat
1253 1729 1301 1784 ei
1336 1729 1543 1798 omnia,
1575 1738 1629 1785 et
1654 1736 1810 1784 curat
1840 1745 1889 1782 n.
1931 1727 2063 1798 quid
2092 1727 2145 1782 ei
2187 1726 2347 1782 desit.
2375 1725 2590 1796 Pauper
2611 1724 2723 1781 Deo
2745 1726 2952 1799 gratias
2981 1727 3094 1798 agit
3121 1744 3221 1799 pro
3246 1730 3433 1797 divite,
3460 1735 3599 1804 quia
3629 1750 3779 1806 oti-us

478 1814 688 1873 faciunt
713 1835 744 1876 a
775 1820 1028 1878 Domino.
1060 1825 1217 1896 Apud
1248 1823 1498 1878 homines
1522 1837 1656 1894 ergo
1684 1822 1868 1879 ulmus
1895 1838 2004 1878 non
2036 1832 2258 1895 putatur
2287 1824 2428 1879 dare
2467 1822 2708 1878 fructum
2734 1822 2877 1894 (74);
2905 1834 2960 1877 et
2991 1825 3279 1891 nesciunt,
3328 1842 3521 1897 neque
3558 1829 3775 1884 intelli-

479 1924 635 1984 gunt,
658 1919 805 1987 quod
841 1920 887 1975 si
913 1920 1152 1978 societas
1196 1920 1478 1976 advenerit
1506 1919 1623 1991 (75)
1655 1919 1790 1987 viti;
1832 1926 1888 1974 et
1915 1919 2046 1976 vitis
2072 1919 2299 1991 duplum
2325 1919 2420 1975 dat
2446 1917 2689 1975 fructum
2721 1916 2857 1987 (76),
2888 1927 2943 1972 et
2967 1931 3068 1988 pro
3114 1933 3174 1973 se
3225 1927 3281 1974 et
3313 1933 3416 1990 pro
3438 1921 3632 1975 ulmo.
3680 1923 3774 1977 Sic

477 2019 534 2065 et
558 2027 823 2083 pauperes
853 2031 952 2085 pro
979 2016 1342 2088 locupletibus
1375 2014 1490 2085 (77)
1520 2023 1742 2069 orantes
1767 2014 1834 2070 ad
1865 2013 2161 2071 Dominum
2187 2058 2204 2085 ,
2231 2015 2641 2083 exaudiuntur;
2685 2025 2741 2071 et
2773 2022 3044 2085 augentur
3083 2031 3214 2091 opes
3244 2031 3463 2085 eorum,
3492 2021 3781 2089 quoniam

479 2121 517 2176 ιι
547 2116 745 2162 «stant
788 2112 1122 2180 pauperibus
1167 2127 1236 2167 ex
1277 2110 1475 2181 opibus
1522 2110 1659 2166 suis.
1692 2108 1832 2166 Sunt
1854 2109 2023 2182 igitur
2061 2112 2225 2167 ambo
2248 2118 2534 2167 consortes
2564 2110 2838 2166 bonorum
2872 2122 3100 2181 operum
3133 2121 3386 2167 suorum.
3421 2108 3772 2182 Quicunque

481 2197 615 2269 igitu
685 2199 800 2257 haec
834 2202 1043 2270 fecerit,
1082 2221 1190 2261 non
1220 2206 1503 2263 deseretur
1526 2222 1559 2261 a
1591 2205 1846 2275 Domino,
1881 2222 1947 2263 ac
1970 2208 2075 2263 erit
2104 2206 2345 2277 scriptus
2382 2204 2440 2261 in
2476 2207 2619 2262 libro
2654 2208 2799 2261 vitm.
2826 2205 3038 2262 Felices
3082 2201 3248 2273 igitur
3283 2203 3384 2275 qui
3423 2206 3727 2275 possident
3748 2250 3765 2269 ,

478 2298 536 2346 et
565 2294 810 2350 sentiunt
834 2311 894 2351 se
922 2297 1287 2369 locupletari;
1313 2300 1409 2372 qui
1440 2300 1545 2356 hoc
1579 2300 1729 2354 enim
1755 2298 2013 2367 senserit,
2041 2299 2243 2370 poterit
2273 2297 2481 2368 aliquid
2513 2296 2926 2353 administrare.

1793 2414 2268 2478 SIMILITUDO
2327 2415 2440 2477 III.

472 2512 563 2575 Ut
611 2512 808 2576 hieme
852 2515 1090 2579 virides
1144 2518 1401 2582 arbores
1456 2520 1533 2583 ab
1574 2518 1809 2590 aridis,
1873 2519 1967 2581 sic
2020 2518 2091 2580 in
2139 2519 2257 2581 hoc
2314 2517 2540 2579 saeculo
2584 2517 2753 2597 justi
2809 2515 2885 2578 ab
2918 2517 3179 2600 injusti:
3233 2518 3606 2578 internosci
3643 2536 3761 2578 non

1936 2608 2238 2681 possunt.

1826 2715 2063 2774 CAPUT
2111 2714 2397 2773 UNICUM.

551 2806 804 2864 Ostendit
854 2809 992 2865 mihi
1023 2810 1250 2868 arbores
1280 2813 1483 2870 multas
1531 2813 1761 2885 ahjectis
1814 2812 1960 2868 foliis
1988 2854 2003 2880 ,
2026 2828 2150 2883 qua:
2187 2811 2321 2866 mihi
2350 2810 2499 2867 velut
2524 2810 2697 2866 aridae
2724 2810 3055 2868 videbantur
3082 2826 3098 2877 ;
3134 2820 3331 2865 omnes
3357 2803 3521 2862 enim
3551 2802 3757 2859 Similes

478 2905 657 2952 erant.
683 2896 750 2953 Et
770 2898 911 2954 dixit
944 2899 1083 2955 mihi
1116 2918 1132 2955 :
1174 2899 1337 2958 Vides
1359 2904 1584 2962 arbores
1617 2905 1716 2960 has
1736 2905 1762 2958 ?
1787 2902 1973 2969 Video,
2008 2902 2256 2973 inquam,
2284 2901 2527 2967 domine,
2557 2902 2767 2958 similes
2795 2903 2986 2958 aridis.
3013 2897 3372 2968 Respondens
3403 2894 3560 2952 dixit
3590 2894 3750 2949 mihi:

482 2993 577 3047 tia:
611 2992 725 3064 (78)
750 2994 977 3050 arbores
1003 2994 1059 3049 in
1114 2995 1528 3051 similitudinem
1586 3003 1718 3050 sunt
1748 2994 1861 3065 (79)
1916 2994 2226 3061 hominum,
2277 2992 2372 3064 qui
2433 2993 2490 3048 in
2544 2994 2746 3050 saeculo
2776 3003 3082 3049 morantur.
3108 2987 3410 3058 Respondi,
3449 2986 3752 3056 inquiens:

481 3080 714 3139 Domine
738 3124 757 3154 ,
786 3100 886 3141 cur
909 3085 1058 3140 velut
1082 3084 1250 3143 aridis
1275 3086 1485 3142 similes
1509 3088 1683 3141 sunt?
1711 3085 2010 3153 Quoniam,
2044 3085 2242 3155 inquit,
2272 3098 2374 3139 nec
2400 3083 2533 3154 justi
2562 3098 2662 3138 nee
2693 3081 2885 3151 injusti
2927 3083 3357 3150 cognoscuntur.
3406 3074 3519 3130 sed
3550 3074 3753 3130 similes

478 3182 696 3236 suntin
742 3182 849 3237 hoc
876 3181 989 3255 (80)
1022 3184 1241 3239 saeculo.
1287 3184 1399 3256 (8|)
1440 3182 1555 3239 Hoc
1573 3184 1720 3240 enim
1769 3183 2028 3240 saeculum
2058 3184 2224 3255 justis
2263 3182 2439 3238 hiems
2459 3189 2573 3249 est;
2607 3180 2701 3251 qui
2723 3178 2837 3251 (82)
2866 3194 2975 3234 non
3025 3184 3421 3248 agnoscuntur,
3462 3190 3604 3231 cum
3644 3188 3754 3244 per

478 3274 759 3330 eatorihus
789 3273 1288 3333 habitantes.Sicut
1310 3276 1363 3330 in
1390 3276 1565 3331 hieme
1585 3290 1777 3330 omnes
1804 3275 2049 3341 arbores,
2076 3273 2304 3344 abiectis
2336 3271 2506 3341 foliis,
2536 3270 2708 3327 aridis
2737 3271 2944 3326 similes
2959 3277 3108 3333 sunt,
3134 3283 3236 3325 nec
3270 3274 3461 3339 potest
3497 3267 3751 3339 cognosd

478 3380 604 3435 quae
631 3376 760 3422 sunt
781 3366 984 3437 aridae,
1015 3376 1112 3424 aut
1143 3380 1267 3439 quae
1292 3366 1495 3422 virides
1525 3384 1539 3420 :
1580 3366 1661 3422 sic
1688 3374 1745 3422 et
1773 3366 1829 3420 in
1855 3365 1961 3420 hoc
1985 3364 2210 3431 saeculo,
2240 3377 2343 3419 nec
2379 3360 2517 3433 justi
2543 3375 2647 3417 nec
2678 3359 2872 3430 injusti
2908 3368 3350 3432 cognoscuntur;
3398 3359 3511 3416 sed
3556 3358 3753 3422 similes

479 3466 612 3514 sunt
637 3473 853 3517 omnes.

1755 3555 2231 3621 SIMILITUDO
2282 3556 2392 3618 IV.

484 3658 566 3720 Ut
590 3665 801 3720 astate
826 3659 1049 3722 vivida:
1080 3660 1340 3724 arbores
1370 3660 1445 3723 ab
1486 3659 1714 3751 aridis,
1732 3660 1980 3751 fracta
2016 3658 2463 3751 et‘pifentib‘us
2478 3657 2678 3751 foliis.
2691 3657 3224 3751 frteraoscuntur
3249 3674 3276 3720 :
3300 3656 3405 3721 sic
3427 3656 3509 3720 in
3537 3662 3747 3740 futuo

1320 3741 1549 3803 saeculo
1573 3734 1755 3824 justi
1774 3738 1851 3800 ab
1885 3739 2146 3819 injusti:
2177 3734 2573 3800 beatitudine
2609 3734 2931 3816 different.

1824 3859 2056 3919 CAPUT
2104 3858 2395 3918 UNICUM.

553 3960 807 4018 Ostendit
838 3962 972 4018 mihi
1000 3963 1198 4019 iterum
1228 3980 1454 4022 arnores
1482 3965 1703 4031 multas,
1729 3980 1963 4037 quarum
1994 3964 2117 4020 aliae
2138 3962 2364 4039 frondes
2391 3963 2715 4019 emittebant
2742 4001 2759 4029 ,
2791 3963 2912 4019 alite
2935 3959 3102 4019 aridae
3120 3966 3295 4014 erant.
3322 3955 3391 4011 Et
3411 3954 3567 4012 dixit
3591 3956 3751 4010 mihi:

482 4053 720 4114 Videsne
743 4059 843 4115 has
871 4061 985 4133 (85)
1026 4057 1295 4116 arbores?
1325 4055 1603 4127 Respondi
1637 4072 1649 4110 :
1683 4052 1876 4121 Video,
1909 4052 2160 4119 Domine,
2187 4052 2325 4108 alias
2362 4052 2570 4121 aridas,
2594 4061 2652 4108 et
2680 4051 2819 4108 alias
2862 4052 3181 4108 frondentes
3206 4045 3344 4120 (84).
3371 4043 3473 4102 Ha:
3496 4044 3757 4110 arbores,

483 4146 683 4217 inquit,
715 4164 838 4218 quae
857 4150 1060 4206 virides
1093 4156 1243 4216 sunt,
1278 4146 1414 4217 justi
1441 4154 1570 4201 sunt
1597 4144 1691 4217 qui
1724 4144 2027 4200 habitaturi
2057 4152 2188 4199 sunt
2212 4143 2267 4198 in
2296 4142 2484 4200 futuro
2514 4145 2715 4201 saeculo
2743 4144 2882 4217 (85).
2912 4143 3049 4201 Illud
3082 4142 3232 4198 enim
3273 4139 3533 4196 futurum
3588 4156 3755 4197 sacu-

483 4234 599 4289 lum
631 4245 793 4292 aestas
821 4247 905 4293 est
930 4238 1095 4308 justis
1123 4258 1137 4303 ;
1167 4241 1553 4310 peccatoribus
1582 4249 1762 4295 autem
1786 4238 1982 4293 hiems.
2014 4235 2151 4291 Cum
2173 4251 2305 4306 ergo
2335 4235 2578 4291 illuxerit
2616 4236 3001 4292 misericordia
3040 4232 3260 4289 deini
3279 4274 3295 4301 ,
3323 4239 3461 4286 tunc
3489 4231 3748 4286 declam-

483 4325 689 4383 buntur
712 4328 807 4398 qui
832 4330 1081 4385 serviunt
1106 4329 1241 4399 Deo,
1269 4340 1323 4387 et
1350 4330 1608 4387 omnibus
1632 4330 1746 4403 (86)
1800 4327 2080 4400 perspicui
2119 4336 2303 4383 erunt.
2350 4326 2508 4383 Sicut
2553 4328 2701 4382 enim
2732 4327 2788 4382 in
2825 4335 3015 4384 aestate
3049 4325 3261 4382 fructus
3295 4323 3517 4379 arboris
3554 4324 3751 4392 cujus-

485 4433 706 4491 cunque
733 4420 1066 4490 declaratur,
1091 4432 1146 4479 et
1170 4434 1320 4495 patet
1344 4425 1458 4497 (87)
1489 4443 1505 4482 :
1545 4425 1626 4481 sic
1653 4433 1710 4480 et
1742 4423 2019 4493 justorum
2070 4419 2278 4477 factum
2332 4422 2724 4489 declarabitur,
2772 4432 2830 4480 et
2873 4422 3117 4496 patebit;
3163 4431 3220 4479 et
3248 4434 3445 4477 omnes
3467 4419 3693 4475 hilares
3712 4430 3757 4474 et

1135 4524 1146 4536 “
1571 4542 1807 4600 vasta
1847 4537 2231 4597 LECTIONES
2265 4540 2354 4595 ET
2396 4540 2626 4598 Nom.

558 4640 672 4711 (67)
711 4639 924 4695 Laudat
951 4639 1304 4711 hunelo_ct_tm
1340 4635 1607 4711 Origenes
1640 4634 1836 4711 homil:
1865 4631 1954 4698 1ο,
2000 4632 2056 4684 in
2382 4629 2577 4711 Lamb.
2602 4630 3063 4711 (conﬂuentibus.

482 4701 731 4773 Iosua'm,
759 4712 890 4765 edit.
917 4712 1125 4766 noviss.
1165 4708 1269 4763 BB.
1299 4701 1553 4770 tomflll,
1582 4721 1707 4776 pag.
1733 4704 1917 4776 423._
1954 4772 1986 4776 η
2235 4701 2350 4776 (Z8)
2385 4701 2577 4776 Lami).
2611 4703 2776 4776 addit
2799 4702 2988 4776 arida.

557 4768 824 4849 (68)Mss.
858 4782 1017 4851 Angl.
1072 4794 1127 4836 ut
1170 4796 1329 4851 super
1368 4768 2058 4851 tllamrefrigeret.__Fcllus
2378 4769 2465 4851 _l_ta
2508 4770 2702 4851 Lamb.
2744 4772 2837 4851 _lta
2883 4782 2937 4827 et
2976 4770 3183 4829 Fellus.
3236 4768 3323 4827 Al.
3378 4780 3605 4825 horum.

482 4840 929 4925 paulo'sttpet'ius
946 4840 1164 4908 Exhibet
1187 4840 1476 4920 applicata,
1506 4840 1759 4918 rejieiens
1787 4844 2058 4901 editorum
2375 4840 2506 4925 idss.
2524 4842 2705 4925 Angl.
2734 4844 2877 4923 huic.

485 4912 759 4992 ἱιρριζείιαξ
1221 4912 1266 4920 ”
1462 4912 1470 4915 ’
1561 4912 1579 4918 ⁷
2166 4912 2351 4992 “(81)
2387 4912 2599 4967 Laudat
2625 4913 2770 4992 hanc
2802 4914 3215 4992 similitudinem
3259 4912 3532 4992 Brigenes
3585 4923 3752 4992 tract.

575 4988 673 5064 69)
699 4991 840 5064 _Mss_
861 4991 1021 5064 Angl.
1046 4993 1193 5064 quia,
1215 5005 1289 5054 et.
1385 5061 1397 5064 _
1467 5060 1513 5064 __
1575 5060 1587 5064 _
1704 5057 1715 5064 _

2345 4993 2583 5064 plttmettl.
2617 4983 2673 5037 iu
2696 4983 2889 5039 Matth.
2918 5000 3068 5051 χειν,
3087 4986 3180 5052 32,
3206 4980 3414 5040 noviss.
3434 4983 3603 5049 edit,
3632 4997 3673 5038 ι.
3692 4985 3753 5049 ιι,
3784 5002 3791 5012 ·

575 5053 666 5136 Ψ)
696 5061 775 5136 tta
800 5053 984 5136 ιῖειιιιξ
1010 5053 1077 5136 θῇ
1101 5053 1235 5118 mss.
1263 5053 1422 5136 angi.
1453 5060 1538 5136 ᾼι.
1568 5060 1624 5114 in
1658 5057 1821 5112 ulmo.
1875 5127 1888 5136 _
2163 5053 2445 5136 msh-“872-

556 5121 669 5203 (71)
692 5131 798 5206 Ms.
822 5131 1014 5189 Lamb.
1049 5134 1165 5206 haec
1186 5121 1389 5206 omittit
1420 5151 1433 5186 :
1451 5131 1636 5206 jace‘ns
1664 5138 1838 5183 autem
1869 5127 1923 5181 in
1944 5136 2051 5181 ter-
2166 5121 2178 5123 θ
2233 5122 2348 5206 (82)
2383 5123 2513 5179 Mss.
2546 5121 2685 5179 Vict.
2711 5137 2765 5182 et
2795 5124 2981 5182 Carm.
3014 5126 3162 5197 quia.
3192 5125 3329 5182 Felli
3358 5124 3536 5182 editio
3561 5125 3755 5184 Oxon.

486 5200 572 5274 ra,
612 5200 860 5275 estigitur"
887 5220 915 5257 ε
962 5204 1247 5275 pessimum
1277 5203 1519 5275 [ructant
1544 5200 1660 5254 dat.
1997 5267 2028 5275 __
2161 5200 2434 5275 quoniam.

556 5261 671 5344 (72)
696 5261 836 5346 iiss.
877 5261 1038 5346 An'gl.
1070 5276 1127 5328 in
1152 5261 1325 5329 servos
1351 5272 1466 5346 Dei,
1501 5272 1558 5346 ig
1577 5285 1866 5346 pauperem
1890 5277 1943 5323 et
1971 5267 2057 5321 di-
2175 5261 2183 5263 ⁷
2377 5262 2574 5346 liamb:
2617 5267 2771 5346 deest
2802 5266 2927 5346 has;
3052 5302 3059 5306 -

482 5334 664 5400 vitem.
694 5344 845 5401 llanc
900 5334 1188 5401 lectionem
1235 5334 1486 5415 sequitur
1517 5334 1732 5410 Féllus,
1780 5340 2054 5411 vulgatam
2376 5334 2510 5415 Mss.
2534 5335 3069 5415 dugLﬁrondescere.

484 5431 769 5476 respuens.
1314 5405 1329 5415 ’
1717 5405 1727 5410 ⁷
1875 5405 1900 5411 ⁷
2237 5405 2352 5481 (ἓξ)
2385 5405 2590 5481 _Lamb.
2627 5405 2867 5481 habituri
2902 5420 3024 5464 sunt
3050 5412 3289 5481 futurum
3314 5407 3598 5464 siccatum.

554 5487 667 5550 (73)
710 5486 837 5558 Mss.
882 5488 1040 5558 Angl.
1074 5487 1227 5543 deest
1251 5486 1354 5540 illi.
2170 5546 2210 5558 ﬂ
2236 5475 2460 5558 (§G)Alta
2496 5491 2627 5558 mss.
2663 5478 2823 5549 Angl.
2867 5489 2927 5535 et
2971 5475 3155 5536 Carm.
3193 5482 3271 5537 Ita
3314 5494 3539 5550 quoque
3577 5479 3754 5536 editio

556 5544 667 5624 (74)
708 5557 839 5613 Msa.
867 5544 1023 5624 Angl.
1052 5559 1254 5625 [ructus
1277 5558 1425 5610 dare.

1302 5558 1425 5610 lare.
2167 5544 2305 5625 Fell.
2333 5544 2518 5625 Οἷς-οη.
2549 5549 2634 5625 at.
2662 5544 2859 5625 omnes.

555 5614 665 5694 (75,
708 5625 865 5683 Bodl.
891 5614 1107 5682 sicut;
1134 5644 1237 5683 non
1280 5628 1569 5683 advenerit.
1599 5625 1791 5685 Lamb.
1839 5627 2055 5685 siccitas

2234 5618 2359 5687 \b‘t)
2387 5614 2519 5671 Mss.
2543 5618 2729 5700 Carm.
2747 5619 3009 5700 etLamb.
3035 5633 3204 5691 paret.
3234 5620 3464 5688 Etmov,
3481 5622 3754 5691 parebant

496 5701 672 5765 “em.”
712 5764 729 5765 7
847 5763 859 5765 Α
2173 5705 2351 5745 omnes
2382 5703 2480 5759 pro
2508 5699 2745 5758 ραιυυηίκ
2769 5699 2820 5746 ει
2857 5708 3058 5765 οηιηει.

563 5764 672 5839 (Ἱιὶς
708 5763 903 5825 lauti).
937 5765 1177 5824 abundat
1197 5767 1398 5836 fructu.
