4076 6142
420 347 522 401 957
1526 344 1818 402 pasron.
1860 377 1928 386 —
1962 305 2090 402 ua.
2131 345 2218 411 ιιι,
2258 318 2460 408 sunt.
2505 345 2569 399 v.
3575 344 3677 399 953

419 459 719 525 gaudentes
757 460 811 516 in
843 461 935 517 illo
973 461 1173 517 saeculo
1202 463 1576 522 restituentur.
1608 466 1746 524 Nam
1773 476 1984 524 exterae
2013 468 2129 538 (88)
2161 474 2370 538 gentes,
2393 475 2712 537 peccatores
2734 463 2943 520 scilicet
2966 463 3102 536 (89),
3134 464 3277 520 sicut
3298 463 3524 519 arbores
3539 479 3678 534 quas

419 550 601 605 vidisti
638 550 844 617 aridas,
871 553 1004 609 tales
1034 554 1377 618 invenientur
1406 563 1544 619 aridi
1581 573 1636 619 et
1659 565 1782 620 sine
1823 564 2000 620 fructu
2029 565 2084 618 in
2125 564 2218 618 illo
2238 563 2443 618 saeculo
2469 580 2482 628 ;
2516 569 2570 616 et
2591 562 2737 616 sicut
2765 559 2918 615 arida
2949 559 3121 630 ligna,
3149 558 3546 615 comburentur
3582 578 3596 615 :
3623 568 3680 614 et

417 641 598 712 palam
628 642 716 698 fiet
740 643 876 716 (90),
901 647 1159 716 quoniam
1190 655 1332 710 male
1357 654 1607 711 fecerunt
1628 657 1683 710 in
1707 657 1858 712 omni
1889 666 2134 728 tempore
2163 656 2288 710 vita:
2311 670 2456 721 suae;
2487 664 2542 708 et
2571 653 2966 709 eomburentur
2994 655 3140 721 ideo,
3165 656 3292 727 quia
3318 664 3679 728 peccaverunt

417 751 471 795 et
496 751 844 810 peccatorum
873 761 1097 803 suorum
1123 765 1231 804 non
1255 761 1484 822 egerunt
1517 753 1893 824 ptenitentiam
1926 753 1994 808 ⁸⁸.
2032 751 2140 808 Sed
2171 761 2226 807 et
2251 760 2463 809 czeterat
2495 759 2685 823 gentes
2715 750 3131 816 comburentur,
3167 753 3296 821 quia
3324 767 3432 807 non
3482 767 3661 822 agno-

418 843 615 888 verunt
647 833 817 891 Deum
841 848 1140 895 creatorem
1167 855 1349 895 suum.
1386 838 1468 897 Tu
1497 856 1628 912 ergo
1663 841 1749 897 fac
1782 842 2021 898 fructum
2058 843 2286 908 bonum,
2322 851 2383 898 ut
2411 843 2465 896 in
2488 849 2678 897 aestate
2699 839 2814 912 (91)
2851 853 3220 911 cognoscatur
3252 841 3468 899 fruetus
3495 850 3625 898 tuus
3653 860 3672 910 ;

419 936 474 984 et
496 929 711 984 abstine
737 939 787 986 te
811 946 841 986 a
868 932 1056 988 multis
1089 932 1341 1002 negotiis,
1376 943 1430 988 et
1463 933 1598 988 nihil
1623 934 1928 1005 delinques.
1958 934 2283 1003 Quicunque
2302 935 2450 990 enim
2476 934 2646 988 multa
2664 932 2879 1003 negotia
2913 940 3102 1003 agunt,
3122 933 3291 987 multa
3319 933 3675 1004 delinquunt;

421 1021 549 1090 quia
577 1023 859 1079 constricti
894 1033 1024 1079 sunt
1047 1027 1192 1083 circa
1226 1029 1452 1097 negotia
1476 1045 1598 1094 sua,
1640 1039 1694 1085 et
1729 1047 1840 1086 non
1877 1031 2127 1086 serviunt
2161 1033 2290 1086 Deo.
2328 1029 2466 1086 Nam
2491 1030 2771 1101 quomodo
2821 1037 3001 1100 potest
3035 1029 3200 1084 homo
3235 1029 3328 1099 qui
3366 1045 3477 1084 non
3511 1031 3681 1086 servit

426 1117 556 1184 Deo,
582 1119 786 1190 aliquid
819 1130 1002 1192 petere
1031 1132 1085 1178 et
1116 1124 1363 1195 accipere
1395 1143 1427 1180 a
1457 1125 1610 1181 Deo?
1641 1124 1745 1193 Qui
1775 1127 1923 1182 enim
1958 1128 2204 1183 serviunt
2229 1126 2341 1182 Deo
2371 1167 2386 1191 ,
2413 1135 2607 1197 petunt
2638 1133 2694 1180 et
2727 1126 3004 1194 accipiunt
3049 1142 3149 1181 sua
3189 1125 3482 1182 desideria.
3519 1127 3679 1193 Quod

426 1207 472 1260 si
515 1223 684 1263 unum
717 1214 992 1280 negotium
1030 1224 1226 1274 tractat
1257 1221 1476 1292 aliquis,
1512 1225 1716 1294 poterit
1746 1221 1950 1280 servire
1984 1224 2130 1292 Deo;
2161 1226 2424 1290 quoniam
2463 1238 2572 1278 non
2607 1222 2878 1277 alienatur
2909 1221 3128 1278 animus
3163 1223 3284 1292 ejus
3328 1239 3358 1278 a
3399 1221 3631 1276 Domino
3655 1263 3670 1286 ,

427 1306 520 1363 sed
556 1321 689 1376 pura
723 1321 903 1364 mente
933 1312 1098 1368 servit
1132 1314 1264 1372 Deo.
1301 1317 1415 1374 Hoc
1446 1335 1576 1392 ergo
1610 1322 1655 1378 si
1685 1321 1901 1388 feceris,
1935 1322 2142 1392 poteris
2177 1322 2232 1376 in
2257 1330 2488 1375 venturo
2521 1318 2724 1374 saaeulo
2751 1317 2952 1372 habere
2974 1317 3250 1385 fructum;
3276 1321 3372 1376 sed
3408 1329 3461 1376 et
3489 1336 3680 1376 omnes

425 1398 520 1470 qui
554 1398 783 1456 fecerint
805 1402 941 1469 haec,
977 1403 1215 1462 fructum
1254 1406 1449 1464 ferent.

1752 1506 2231 1567 SIMILITUDO
2270 1506 2349 1568 V.

945 1616 1035 1677 De
1061 1636 1208 1679 vero
1227 1619 1504 1700 jejunio,
1540 1633 1596 1684 et
1629 1626 1760 1706 ejus
1785 1626 2060 1688 mercede
2080 1651 2098 1697 ,-
2130 1637 2264 1690 tum
2302 1637 2359 1690 et
2391 1628 2466 1690 de
2500 1632 2795 1711 corporis
2825 1634 3165 1696 munditia.

1775 1754 2004 1810 CAPUT
2037 1755 2334 1812 PRIMUM.

503 1827 638 1927 Cum
668 1828 973 1901 jejunarem
1001 1843 1056 1889 et
1079 1837 1325 1896 sederem
1357 1844 1412 1898 in
1447 1858 1633 1902 monte.
1659 1849 1921 1920 quodam,
1953 1862 2009 1908 et
2037 1855 2242 1924 gratias
2262 1870 2480 1926 agerem
2516 1856 2627 1912 Deo
2659 1871 2758 1927 pro
2779 1857 3034 1912 omnibus
3065 1871 3188 1926 qua:
3211 1852 3686 1913 feceratmceum;

426 1925 585 2016 video
618 1937 891 1996 pastorem
926 1930 1077 1986 illum
1113 1933 1389 1992 sedentem
1419 1936 1578 2006 juxta
1603 1956 1710 2008 me,
1737 1959 1802 1997 ac
1835 1943 1947 2012 (92)
1975 1945 2246 2001 dicentem
2287 1925 2422 2003 mihi
2462 1967 2477 2003 :
2512 1925 2795 2016 Quid—tam
2825 1964 2986 2005 mane
3017 1925 3125 2002 huc
3159 1945 3398 2002 venisti?
3435 1942 3687 2012 Respon-

512 2016 844 2118 i-Qflnniam,
878 2021 1126 2118 domine,
1163 2025 1456 2081 stationem
1491 2029 1686 2087 habeo.
1713 2031 1857 2099 Quid
1879 2044 1982 2100 est,
2016 2037 2214 2107 inquit,
2241 2040 2449 2095 statio?
2575 2042 2689 2096 dixi
2727 2061 2740 2097 :
2777 2041 3075 2111 Jejunium.
3115 2039 3181 2093 Et
3213 2038 3350 2092 dixit
3377 2056 3390 2091 :
3423 2035 3566 2102 Quid
3605 2041 3716 2109 est.

432 2107 560 2208 illud
590 2107 900 2208 jejunium?
938 2110 1091 2208 Sicut
1125 2119 1388 2208 solebam,
1425 2127 1674 2197 inquam,
1712 2131 1794 2185 sic
1824 2131 2038 2202 jejuno.
2066 2132 2323 2206 Nescitis,
2372 2136 2592 2206 inquit,
2619 2137 2731 2193 Deo
2760 2107 3014 2208 jejunare
3041 2151 3055 2199 ;
3087 2148 3264 2203 neque
3303 2142 3387 2186 est
3410 2129 3685 2200 jejunium

431 2201 535 2255 hoc
581 2202 744 2304 1":de
775 2201 1096 2304 1:91.“.“3li33.
1125 2207 1237 2266 Deo
1272 2215 1410 2270 nihil
1442 2219 1811 2287 proficientes.
1830 2201 2050 2290 Quare,
2087 2201 2334 2296 inquam,
2361 2201 2587 2283 domine
2602 2269 2618 2292 ,
2647 2229 2722 2282 ita
2751 2201 2934 2282 dicis?
2966 2224 3098 2278 Dico
3124 2201 3273 2277 certe
3295 2262 3310 2286 ,
3344 2220 3543 2290 inquit,
3579 2233 3690 2272 non

429 2307 551 2346 0590
581 2291 696 2363 (95)
726 2292 995 2363 jejunium
1033 2297 1156 2365 hoc.
1182 2307 1327 2373 quod
1355 2311 1560 2378 putatis
1593 2328 1693 2368 vos
1713 2313 2000 2385 jejunare;
2051 2318 2147 2372 sed
2164 2291 2281 2390 ego
2321 2291 2381 2373 te
2411 2291 2625 2374 docebo
2652 2319 2800 2389 quod
2835 2318 2907 2373 sit
2934 2319 3206 2390 jejunium
3241 2320 3464 2389 plenum
3491 2331 3690 2384 accep-

430 2397 656 2459 tumque
681 2390 812 2444 Deo.
841 2393 1003 2453 Audi.
1033 2394 1212 2464 inquit
1236 2416 1250 2452 :
1276 2395 1542 2455 Dominus
1573 2418 1682 2456 non
1726 2403 2001 2460 desiderat
2031 2407 2140 2463 tale
2167 2407 2438 2478 jejunium
2475 2424 2875 2480 supervacuum
2905 2426 2920 2475 ;
2957 2412 3039 2467 sic
3087 2411 3234 2466 enim
3272 2407 3575 2479 jejunando
3603 2405 3690 2459 ni-

431 2487 508 2541 hil
541 2499 765 2557 praestas
792 2490 1060 2560 aequitati.
1097 2491 1292 2565 Jejuna
1325 2508 1472 2553 certe
1504 2515 1695 2556 verum
1721 2503 1997 2574 jejunium
2025 2505 2130 2561 tale
2170 2507 2306 2578 (94).
2335 2506 2483 2562 Nihil
2513 2508 2568 2562 in
2593 2508 2703 2562 vita
2741 2518 2830 2562 tua
2865 2504 3115 2576 nequiter
3142 2501 3350 2566 facias;
3388 2500 3482 2555 sed
3507 2505 3693 2552 mente

431 2599 565 2654 pura
592 2585 732 2639 servi
764 2584 896 2653 Deo,
925 2587 1238 2644 custodiens
1269 2589 1526 2646 mandata
1553 2593 1693 2663 ejus,
1729 2605 1784 2650 et
1812 2594 1867 2648 in
1909 2607 2174 2666 praecepta
2220 2597 2341 2667 ejus
2377 2599 2488 2668 (95)
2526 2598 2868 2670 ingrediaris,
2905 2609 3081 2665 neque
3128 2590 3416 2648 admiseris
3460 2586 3684 2642 deside—

433 2676 573 2730 rium
611 2692 813 2734 nocens
847 2679 901 2733 in
941 2680 1129 2736 animo
1157 2691 1270 2737 tuo.
1306 2681 1478 2739 Crede
1511 2695 1691 2740 autem
1735 2684 1991 2754 Domino,
2024 2689 2083 2744 si
2121 2690 2234 2744 haec
2273 2688 2488 2758 feceris,
2518 2689 2880 2760 timoremque
2912 2691 3032 2760 ejus
3059 2690 3338 2754 habueris,
3363 2697 3531 2757 atque
3561 2686 3694 2740 abs-

434 2772 661 2829 tinueris
695 2774 763 2828 ab
805 2776 953 2830 omni
991 2776 1207 2849 negotio
1250 2778 1415 2844 malo,
1450 2777 1560 2834 Deo
1593 2789 1645 2835 te
1675 2763 1969 2836 victurum.
2007 2778 2133 2837 Haec
2167 2782 2214 2837 si
2259 2779 2475 2846 feceris,
2503 2781 2774 2853 jejunium
2823 2797 3082 2855 maguum
3121 2780 3536 2838 consummabis
3591 2789 3690 2832 ac-

433 2875 762 2936 ceptumque
786 2865 1041 2924 Domino.
2006 2861 2008 2863 ’

1903 2962 2134 3020 CAPUT
2166 2963 2231 3018 ll.

503 3055 644 3111 Audi
673 3055 1088 3112 similitudinem
1113 3071 1278 3125 quam
1303 3056 1552 3114 dicturus
1581 3073 1701 3112 sum
1731 3057 1828 3112 tibi
1862 3058 1929 3112 ad
1950 3057 2222 3127 jejunium
2249 3060 2632 3129 pertinentem.
2660 3060 2895 3128 Quidam
2917 3075 3042 3117 cum
3064 3061 3290 3115 haberet
3321 3058 3550 3113 fundum
3580 3073 3697 3113 ser-

433 3163 641 3218 vosque
673 3148 900 3211 multos,
932 3147 986 3200 in
1012 3147 1248 3215 quadam
1284 3156 1438 3215 parte
1466 3145 1619 3200 fundi
1655 3148 1740 3202 sui
1776 3148 1961 3216 posuit
1993 3148 2206 3201 vineam
2234 3150 2650 3205 successoribus
2681 3151 2793 3220 (96)
2820 3169 2835 3216 ;
2871 3152 3069 3208 deinde
3103 3168 3328 3223 peregre
3385 3151 3694 3220 profectus,

435 3245 604 3316 elegit
636 3259 856 3299 servum
893 3258 1053 3312 quem
1075 3241 1311 3295 habebat
1340 3240 1718 3297 fidelissimum
1740 3258 1804 3296 ac
1837 3243 1941 3297 sibi
1970 3243 2297 3312 probatum;
2332 3244 2494 3314 eique
2529 3246 2831 3314 assignavit
2865 3249 3107 3318 vineam,
3143 3248 3467 3319 praecipiens
3487 3257 3548 3300 ut
3574 3247 3700 3301 viti-

435 3335 538 3391 bus
560 3335 813 3405 juugeret
840 3333 1026 3403 palos;
1053 3333 1198 3401 quod
1234 3333 1278 3388 si
1301 3333 1522 3389 fecisset
1541 3346 1594 3390 et
1612 3336 1930 3389 mandatum
1950 3351 2110 3390 suum
2129 3349 2568 3394 consummasset
2586 3383 2602 3405 ,
2640 3341 2948 3397 libertatem
2979 3345 3152 3400 eidem
3189 3361 3248 3400 se
3271 3345 3528 3399 daturqu
3548 3383 3550 3385 -
3568 3359 3699 3412 pro-

435 3433 614 3488 misit.
640 3429 748 3485 Nec
798 3439 1057 3499 praeterea
1109 3431 1409 3500 quidquam
1445 3433 1593 3487 aliud
1635 3433 1889 3503 praecepit
1927 3432 2029 3496 illi,
2056 3433 2202 3502 quod
2234 3434 2287 3487 iu
2319 3450 2381 3489 ea
2412 3434 2615 3490 faceret
2650 3438 2764 3506 (97)
2793 3479 2808 3503 ,
2841 3447 3008 3509 atque
3043 3440 3116 3492 ita
3161 3453 3385 3508 peregre
3419 3435 3700 3508 profectus

438 3535 543 3583 est.
568 3525 864 3596 Postquam
894 3532 1075 3580 autem
1101 3537 1292 3579 servus
1313 3521 1403 3575 ille
1426 3535 1616 3575 curam
1651 3520 2010 3590 apprehendit
2043 3520 2157 3591 (98)
2179 3563 2194 3588 ,
2232 3520 2364 3577 fecit
2395 3540 2740 3596 quaecunque
2771 3536 3107 3597 praeceperat
3145 3527 3424 3582 dominus.
3451 3526 3702 3596 Cumque

439 3621 746 3694 depalasset
771 3623 984 3676 vineam
1012 3615 1180 3686 illam,
1206 3627 1260 3674 et
1282 3616 1757 3672 animadvertisset
1787 3631 1908 3671 eam
1937 3616 2120 3673 herbis
2155 3619 2454 3689 repletam,
2483 3623 2649 3692 coepit
2671 3637 2856 3677 secum
2898 3622 2972 3677 ita
3013 3620 3254 3691 cogitare
3290 3620 3429 3689 (99),
3467 3619 3657 3675 dicens
3683 3639 3698 3675 :

438 3711 630 3784 Peregi
666 3712 811 3783 quod
840 3712 972 3767 mihi
1001 3719 1328 3782 praeceperat
1352 3709 1644 3774 dominus;
1671 3707 1874 3763 fodiam
1909 3724 2055 3763 nunc
2080 3709 2300 3765 vineam
2327 3711 2492 3774 hanc.
2515 3713 2691 3767 eterit
2712 3712 3006 3768 formosior
3029 3726 3153 3766 cum
3175 3709 3507 3766 fueritfossa
3527 3708 3701 3778 (100);

439 3814 496 3860 et
527 3804 791 3859 extractis
834 3801 1043 3865 herbis,
1102 3803 1367 3874 majorem
1420 3799 1576 3856 dabit
1608 3798 1847 3854 fructum
1873 3839 1889 3866 ,
1920 3810 1969 3855 et
2000 3815 2108 3854 non
2156 3801 2514 3856 suﬂ‘oeabitur
2561 3804 2630 3858 ab
2665 3803 2871 3859 herbis.
2906 3802 3212 3874 Aggressus
3235 3803 3430 3857 deinde
3457 3801 3613 3865 fodit,
3648 3808 3704 3854 et

445 3915 636 3956 omnes
660 3899 858 3955 herbas
891 3914 1015 3970 quae
1051 3898 1104 3952 in
1140 3875 1203 3951 ea
1237 3900 1416 3957 erant,
1447 3891 1725 3956 extraxit;
1767 3897 1932 3960 atque
1982 3888 2056 3946 ita
2087 3895 2261 3947 evasit
2286 3893 2448 3948 vinea
2476 3895 2887 3964 speciosissima
2928 3911 2994 3950 ac
3015 3895 3166 3958 laeta,
3201 3908 3311 3949 non
3346 3892 3610 3949 suli‘ocata
3633 3891 3704 3946 ab

447 3993 649 4048 herbis.
680 3990 813 4046 Post
844 3991 1189 4061 aliquantum
1213 4003 1344 4042 vero
1365 3984 1628 4055 temporis
1660 3983 1810 4039 venit
1832 3984 2089 4040 dominus
2110 3985 2250 4054 ejus,
2285 3995 2340 4040 et
2373 3987 2654 4059 ingressus
2683 3997 2766 4044 est
2799 3989 3013 4042 vineam
3046 4005 3060 4040 :
3096 4001 3262 4053 quam
3313 4000 3437 4039 cum
3477 3983 3699 4052 depala-

445 4089 556 4136 tam
584 4080 813 4136 vidisset
837 4081 1112 4144 decenter,
1147 4095 1215 4134 ac
1246 4074 1669 4133 cireumfossam
1705 4075 1806 4146 (i),
1833 4083 2178 4131 etextraetas
2213 4076 2415 4132 nerbas
2445 4078 2514 4131 ab
2559 4093 2644 4142 ea,
2671 4086 2727 4133 et
2758 4078 2911 4133 laetas
2951 4089 3074 4130 esse
3105 4076 3276 4139 vites;
3310 4089 3374 4128 ex
3413 4072 3557 4128 facto
3599 4073 3706 4126 hoc

449 4173 595 4230 servi
630 4175 715 4229 sui
742 4173 1000 4244 gaudium
1037 4172 1196 4242 cepit.
1253 4169 1514 4226 Adhibito
1549 4169 1735 4238 itaque
1773 4167 1887 4222 filio
1907 4183 2071 4238 quem
2095 4169 2324 4223 charum
2352 4177 2406 4224 et
2442 4169 2711 4224 haeredem
2747 4170 3001 4236 habebat,
3028 4180 3081 4226 et
3106 4170 3297 4226 amicis
3319 4185 3460 4240 quos
3493 4172 3548 4222 in
3571 4185 3706 4222 cou-

451 4265 576 4322 silio
612 4265 943 4330 advocabat,
971 4264 1177 4322 indicat
1208 4285 1270 4325 ea
1306 4284 1426 4340 quae
1456 4281 1615 4323 servo
1654 4280 1757 4322 suo
1789 4262 2042 4320 facienda
2068 4265 2404 4330 mandasset,
2429 4282 2552 4337 qua:
2577 4279 2836 4338 praeterea
2861 4267 2952 4322 ille
2983 4269 3222 4324 fecisset.
3257 4269 3323 4322 At
3352 4266 3426 4320 illi
3455 4265 3707 4335 protinus

452 4360 707 4432 gratulati
739 4368 870 4415 sunt
897 4375 1059 4416 servo
1093 4362 1194 4427 illi,
1222 4363 1369 4435 quod
1402 4371 1514 4418 tam
1554 4361 1779 4432 plenum
1832 4360 2210 4416 testimonium
2247 4362 2458 4417 domini
2495 4363 2581 4419 sui
2623 4376 2912 4420 assecutus
2951 4362 3166 4417 fuisset.
3202 4361 3293 4414 Ait
3331 4359 3529 4412 deinde
3555 4357 3703 4411 illis:

452 4454 568 4527 Ego
595 4455 812 4527 quidem
854 4456 984 4511 huic
1011 4472 1172 4512 servo
1201 4457 1504 4512 libertatem
1528 4451 1782 4524 promisi,
1813 4451 1861 4506 si
1894 4451 2224 4508 custodisset
2251 4453 2571 4509 mandatum
2609 4471 2795 4510 meum
2827 4453 2977 4526 quod
3021 4453 3309 4515 dederam;
3335 4457 3390 4504 et
3413 4446 3707 4503 custodit-it

454 4551 607 4619 illud,
633 4560 687 4608 et
712 4561 973 4623 praeterea
998 4567 1138 4621 opus
1160 4550 1364 4606 bonum
1387 4548 1589 4621 adjecit
1612 4548 1668 4602 in
1706 4548 1947 4628 vineam,
1983 4548 2130 4618 quod
2161 4550 2324 4621 {mihi
2352 4552 2818 4622 quamplurimum
2873 4552 2953 4624 (2)
2999 4550 3224 4621 placuit.
3259 4546 3367 4602 Pro
3410 4545 3516 4600 hoe
3542 4544 3708 4614 igitur

522 4667 780 4724 "Matth.
824 4682 910 4736 ut,
943 4665 1038 4734 10;
1066 4682 1164 4729 vu,
1201 4663 1286 4718 l9.
2419 4681 2430 4692 -

1534 4750 1771 4808 VARIAS
1808 4747 2194 4806 LECTIONES
2230 4747 2320 4805 ET
2355 4746 2588 4804 NOTAE.

530 4881 644 4950 (88)
668 4879 802 4936 Mss.
831 4878 988 4950 Angl.
1014 4887 1068 4934 et
1088 4877 1276 4950 Carm.
1313 4881 1528 4928 exterae.
2129 4869 2387 4950 exhibere
2407 4871 2462 4924 in
2489 4871 2765 4940 praeceptis
2799 4887 2936 4940 ejus.
2962 4872 3047 4926 Al.
3083 4871 3136 4923 in
3186 4873 3463 4940 prwceptis
3490 4871 3605 4940 ejus
3633 4872 3711 4925 in-

553 4941 644 5010 89)
677 4951 868 5004 Lamb.
899 4941 1053 5005 deest
1077 4947 1299 5002 scilicet.
1951 5009 1955 5010 ν
2130 4941 2390 5010 grediens.

553 4954 644 5019 89)
677 4954 868 5004 Lamb.
899 4954 1053 5005 deest
1077 4954 1299 5002 scilicet.
2130 4954 2390 5010 greatens.

529 4954 646 5147 £39)
669 5019 743 5076 Ita
777 5035 912 5075 mss.
937 5020 1097 5091 Angl.
1135 5017 1214 5072 Ita
1259 5023 1314 5072 et
1340 5010 1475 5068 Felli
1524 5011 1655 5068 edit.
1704 5010 1884 5067 Oxon.
1931 5009 2020 5065 Al.
2131 5009 2484 5154 fugit-Sitiﬁm.
2513 5011 2672 5082 Angl.
2704 5012 3000 5082 adfuturis.
3036 5011 3127 5069 Sic
3152 5023 3208 5069 et
3228 5013 3369 5070 Vict.
3396 5013 3466 5069 At
3511 5011 3708 5067 Lamb.

450 5093 512 5147 lie
529 5091 608 5147 πε.
2131 5091 2352 5147 futuris.

557 5162 649 5232 91)
681 5160 870 5216 Lamb.
904 5161 1046 5232 ineo
1078 5170 1241 5216 stare.
2047 5221 2053 5228 ~
2132 5151 2162 5232 Ἀ
2205 5151 2486 5232 (θῖῌξίεξ.
2518 5152 2677 5221 Angl.
2715 5156 2887 5221 facere
2920 5159 3142 5232 deberet.
3174 5157 3266 5232 Sic
3294 5165 3347 5232 et
3371 5157 3500 5232 edit.
3529 5152 3712 5232 Oxon.

558 5221 649 5302 92)
691 5232 844 5302 Bodl.
879 5231 1029 5285 addit
1052 5232 1184 5302 haec.
1517 5294 1569 5302 __
1736 5295 1772 5302 __
1941 5294 1975 5302 __
2047 5221 2053 5228 ”
2133 5221 2292 5292 Apud
2327 5225 2757 5302 Clericuut_v_ero
2788 5243 2892 5302 ms.
2913 5228 3116 5302 Lamb.
3144 5229 3225 5302 sic
3241 5243 3300 5282 se
3330 5229 3493 5302 habet
3518 5244 3531 5280 :
3556 5224 3711 5291 quid-

534 5294 651 5372 (93)
681 5301 874 5357 Lamb.
919 5302 1058 5355 enim
1081 5301 1223 5372 (quia
1245 5315 1349 5352 non
1372 5306 1470 5372 est.
1515 5294 1608 5351 Sic
1641 5302 1694 5348 et
1732 5294 1864 5372 Felli
1891 5294 2025 5372 edit.
2135 5295 2560 5372 quaAnlprtecepit
2581 5294 2764 5372 illita}
2795 5298 2922 5367 quid
2949 5301 3012 5372 in
3033 5315 3096 5353 ea
3129 5300 3303 5365 facere
3343 5296 3570 5352 deberet.

462 5363 644 5431 Ox‘on.’
687 5387 810 5441 quae
852 5380 1031 5425 tamen
1078 5363 1241 5425 habet
1287 5369 1542 5441 quoniam
1586 5379 1685 5441 pro
1709 5367 1854 5441 quia.
1891 5363 2032 5441 Hine
2444 5365 2616 5441 Codd.
2642 5363 2855 5441 addunt
2883 5363 3146 5438 σωρὶιηεξ

463 5435 726 5500 nonnulla
749 5441 1022 5507 excerpsit
1041 5435 1612 5510 pseudo-Athanasius
1654 5435 1727 5489 iu
1750 5435 1934 5510 Doctr.
1959 5435 2030 5510 a_d
2207 5435 2322 5506 (99)
2351 5437 2480 5492 Mss.
2519 5436 2680 5507 Angl.
2736 5435 3030 5508 disputare,
3056 5449 3119 5495 ut
3157 5439 3322 5496 modo
3349 5454 3470 5509 sup.
3506 5451 3628 5508 cap.
3667 5451 3712 5506 ι,

463 5515 708 5569 Antioch.
739 5528 890 5567 num.
911 5505 997 5574 16,
1015 5505 1276 5581 p'ag.260,
1293 5524 1528 5580 quorum
1550 5522 1679 5579 pars
1704 5505 2028 5577 proferenda
2136 5505 2404 5581 notatum.

464 5601 591 5640 mox
621 5585 761 5640 infra
802 5576 1031 5653 cap.75._
1089 5576 1111 5581 ⁷
1551 5576 1568 5579 ⁷
1645 5649 1655 5653 _
1705 5576 1709 5577 ⁷
1857 5645 1902 5653 __
1939 5647 1953 5653 _
2208 5577 2358 5653 (illi)
2394 5576 2535 5653 Mss.
2565 5576 2726 5653 ᾼιιει.
2765 5577 3051 5648 formosior
3076 5582 3243 5653 fossa.

535 5655 647 5727 (94)
679 5645 886 5709 Lamb:
919 5652 1051 5708 Leve
1090 5655 1231 5727 enin}
1254 5652 1538 5727 jejunium
1576 5649 1684 5705 tale
1731 5657 1830 5704 est.
1857 5645 2030 5704 Habet
2312 5647 2510 5727 Lamb.
2560 5645 2782 5727 (essent.

464 5717 985 5852 φ’ῗόὲξθέἓίῗεὲἰὶἒ
1009 5717 1464 5852 ἓῗ¹ιῖιέἒ⁶ῗ¹ῖέιῗῗὲἶῖ
1494 5721 1824 5849 Eram...
1869 5789 2025 5848 Βοαι.
2201 5717 2282 5790 (2)
2311 5717 2440 5776 "55'
2467 5719 2629 5790 “3"
2658 5720 3001 5778 "“““““"“"

537 5789 650 5868 (93)
683 5796 776 5853 Sic
805 5789 984 5852 Feilus
1010 5811 1076 5851 ex
1108 5809 1244 5851 mss.
1295 5795 1454 5864 Angl.
1503 5793 1594 5849 ubi
1641 5799 1824 5849 monet
1869 5789 2025 5848 Bodl.
