4076 6142
433 321 538 379 959
1870 333 1930 390 S.
1967 333 2231 391 HERMIE
3584 344 3696 402 960

433 456 599 512 opere
623 441 766 512 quod
792 441 940 510 fecit,
969 443 1092 500 volo
1116 456 1247 499 eum
1271 441 1387 498 lilio
1410 458 1534 500 meo
1563 441 1746 502 facere
1769 447 2108 506 cohaeredem
2133 469 2148 519 ;
2176 454 2437 524 quoniam
2487 471 2614 513 cum
2652 459 2916 516 sensisset
2948 459 3080 532 quid
3121 469 3269 516 esset
3308 459 3546 525 bonum,
3582 474 3695 517 non

433 537 622 592 omisit
675 536 776 607 (5),
805 537 901 594 sed
961 537 1090 594 fecit
1118 536 1278 592 illud.
1308 537 1425 596 Hoc
1453 540 1744 595 consilium
1778 541 2010 608 domini,
2044 554 2098 600 et
2147 547 2293 604 Illius
2316 549 2478 621 (4))et
2519 552 2682 607 amici
2729 553 2852 624 ejus
2879 553 3413 623 comprobaverunt;
3443 563 3503 608 ut
3542 553 3698 609 ﬂeret

432 632 645 687 scilicet
682 632 774 688 hic
807 649 1000 688 servus
1025 633 1271 689 cohaeres
1299 629 1431 683 tilio.
1467 627 1599 684 Post
1619 629 1740 685 dies
1769 629 1965 688 deinde
1991 649 2101 688 non
2134 635 2340 692 multos
2364 636 2466 707 (5),
2495 641 2814 696 convocatis
2855 641 3049 696 amicis
3076 679 3092 705 ,
3144 637 3543 710 paterfamilias
3591 641 3699 694 mi-

432 727 506 782 sit
533 728 611 798 (6)
643 729 710 784 de
739 745 896 784 ctena
930 745 1030 785 sua
1057 741 1216 784 servo
1248 725 1326 781 illi
1349 725 1504 780 cibos
1523 725 1857 794 complures.
1894 726 2047 794 Quos
2075 745 2204 785 cum
2229 733 2534 802 accepisset
2559 735 2672 800 ille,
2701 735 2930 791 sustulit
2968 751 3035 790 ex
3069 735 3152 791 eis
3203 736 3351 804 quod
3383 734 3694 792 sufficiebat

432 820 512 891 (7)
530 822 671 888 sibi;
700 823 968 893 reliquum
1005 831 1188 878 autem
1219 820 1500 877 conservis
1522 821 1640 875 suis
1660 821 1964 877 distribuit.
1997 821 2210 888 Quibus
2234 827 2496 898 acceptis,
2533 828 2612 884 illi
2640 829 2804 886 lzetati
2835 838 3006 895 sunt,
3044 837 3098 883 et
3115 839 3405 898 coeperunt
3440 829 3519 883 illi
3543 840 3698 899 opta-

429 927 510 976 re,
541 922 600 968 ut
626 914 889 984 majorem
923 914 1152 984 gratiam
1180 912 1324 984 apud
1347 911 1630 966 dominum
1658 909 1951 975 inveniret,
1993 915 2066 968 ob
2095 931 2161 970 ea
2189 931 2313 986 qua:
2353 918 2563 975 fecerat
2583 920 2739 992 ipsis.
2777 919 2903 978 limo
2943 919 3130 975 omnia
3157 933 3282 976 cum
3316 921 3564 977 audisset
3597 922 3699 975 do-

395 1031 402 1068 ;
430 1006 615 1061 minus
657 1005 798 1076 ejus,
843 1005 1090 1076 percepit
1127 1005 1326 1060 iterum
1386 1003 1690 1057 maximum
1736 1004 2038 1074 gaudium;
2078 1016 2135 1062 et
2156 1011 2477 1068 convocatis
2513 1029 2733 1070 rursum
2776 1015 2972 1070 amicis
2995 1023 3050 1069 et
3089 1015 3219 1080 ﬁlio,
3245 1015 3468 1085 exponit
3489 1015 3695 1071 factum

433 1099 579 1153 servi
607 1100 692 1154 sui
727 1100 796 1154 de
817 1099 956 1154 cibis
984 1099 1100 1154 suis
1133 1111 1274 1168 quos
1305 1093 1356 1150 ei
1389 1094 1635 1150 miserat.
1667 1094 1748 1150 Illi
1789 1096 1975 1168 itaque
1997 1105 2154 1155 tanto
2180 1102 2358 1173 magis
2381 1113 2742 1160 assenserunt
2785 1104 3169 1177 patrifamilias
3193 1145 3208 1170 ,
3251 1105 3428 1176 ipsum
3477 1117 3698 1162 servum

429 1189 769 1246 coluerede
803 1190 914 1244 tilio
935 1190 1133 1245 debere
1167 1185 1306 1241 fieri.

1898 1276 2130 1335 CAPUT
2163 1278 2252 1336 Ill.

503 1369 636 1425 Dico
667 1372 717 1425 ei
752 1388 767 1426 :
803 1370 1052 1436 Domine,
1083 1369 1186 1424 has
1235 1366 1627 1423 similitudines
1671 1381 1783 1422 non
1832 1369 1979 1433 novi,
2022 1385 2200 1440 neque
2233 1372 2541 1444 intelligere
2587 1389 2816 1445 possum
2838 1415 2854 1442 ,
2890 1378 2998 1435 nisi
3032 1393 3126 1436 eas
3157 1389 3217 1436 tu
3251 1380 3388 1436 mihi
3431 1395 3694 1453 exponas.

428 1459 645 1526 Omnia,
681 1462 879 1531 inquit,
910 1476 1178 1531 exponam
1201 1458 1298 1513 tibi
1324 1474 1668 1530 quacunque
1695 1459 1915 1516 locutus
1950 1461 2112 1517 fuero
2145 1470 2348 1528 tecum,
2384 1474 2480 1520 aut
2507 1467 2800 1524 ostendero
2834 1468 2950 1525 tibi.
2980 1456 3235 1524 Mandata
3263 1469 3483 1526 Domini
3509 1482 3696 1528 custo-

430 1552 508 1617 di,
543 1562 598 1608 et
615 1553 733 1608 .eris
756 1555 1038 1623 probatus,
1065 1561 1120 1606 et
1151 1551 1411 1608 scriberis
1439 1552 1491 1606 in
1525 1566 1755 1608 numero
1783 1567 1975 1607 eorum
1994 1553 2090 1623 qui
2107 1555 2426 1611 custodiunt
2447 1561 2707 1614 mandata
2726 1560 2866 1630 ejus.
2890 1562 3152 1630 Sijautem
3167 1572 3361 1632 praeter
3377 1579 3442 1619 ea
3466 1581 3589 1635 quae
3615 1566 3696 1636 (8)

428 1645 710 1699 mandavit
733 1644 1019 1708 Dominus,
1047 1643 1252 1714 aliquid
1287 1643 1417 1698 boni
1451 1643 1717 1712 adjeceris
1748 1643 1826 1714 (9)
1848 1685 1864 1711 ,
1894 1645 2158 1715 majorem
2197 1646 2522 1719 dignitatem
2550 1651 2648 1706 tibi
2677 1653 2970 1722 conquires
3000 1655 3134 1729 (10),
3157 1667 3212 1712 et
3245 1657 3696 1731 honoratior(ll)

430 1741 572 1809 apud
596 1737 888 1794 Dominum
923 1739 1055 1804 eris,
1090 1756 1256 1810 quam
1286 1754 1410 1795 eras
1440 1737 1678 1812 futurus.
1711 1737 1880 1810 Igitur
1903 1742 1950 1798 si
1984 1744 2313 1800 custodieris
2347 1747 2604 1802 mandata
2631 1746 2871 1814 Domini,
2905 1759 2962 1806 et
3005 1753 3276 1823 adjeceris
3312 1755 3478 1810 etiam
3532 1757 3599 1811 ad
3631 1774 3698 1812 ea

427 1831 694 1887 stationes
718 1831 839 1896 has,
871 1829 1170 1904 gaudebis;
1200 1836 1462 1899 maxime,
1498 1835 1544 1891 si
1575 1837 1876 1892 secundum
1915 1840 2235 1895 mandatum
2271 1857 2452 1897 meum
2501 1846 2810 1902 servaveris
2834 1861 2920 1902 ea.
2953 1846 3087 1905 Dico
3121 1851 3171 1906 ei
3207 1871 3220 1906 :
3249 1851 3527 1923 Quidquid
3561 1855 3696 1908 mihi

428 1929 773 1999 praeceperis,
811 1930 1054 1994 domine,
1091 1927 1356 1992 servabo;
1397 1926 1514 1982 scio
1547 1928 1696 1982 enim
1727 1935 1777 1982 te
1813 1944 2028 1984 mecum
2055 1929 2324 1986 futurum.
2362 1933 2470 1990 Ero
2491 1972 2507 1998 ,
2541 1936 2762 2006 inquit,
2818 1947 3004 1995 tecum
3029 1983 3044 2007 ,
3073 1945 3170 2014 qui
3209 1945 3317 2000 tale
3351 1948 3697 2016 propositum

428 2021 619 2077 habes.
658 2020 762 2078 Sed
789 2033 843 2078 et
867 2040 996 2080 cum
1026 2023 1283 2079 omnibus
1309 2035 1427 2085 ero,
1471 2020 1789 2092 quicunque
1819 2023 1961 2078 idem
1988 2028 2329 2095 propositum
2357 2030 2653 2086 habuerint
2672 2032 2810 2104 (12).
2836 2031 3116 2106 Jejunium
3140 2033 3265 2100 hoc,
3295 2035 3493 2106 inquit,
3513 2039 3700 2092 custo-

393 2110 408 2122 ’
427 2118 559 2174 ditis
585 2121 858 2176 mandatis
883 2120 1125 2184 Domini,
1148 2118 1308 2174 valde
1333 2117 1538 2172 bonum
1569 2125 1671 2172 est.
1705 2115 1796 2172 Sic
1831 2118 1997 2189 igitur
2025 2123 2270 2179 servabis
2293 2125 2424 2181 illud
2460 2126 2598 2198 (1'5).

513 2255 762 2313 Primum
799 2260 1044 2316 omnium
1079 2277 1212 2318 cave
1238 2263 1308 2317 ab
1330 2261 1480 2317 omni
1506 2259 1731 2332 probro,
1754 2268 1810 2316 et
1855 2260 2003 2332 turpi

424 2349 616 2414 verbo,
649 2361 702 2406 et
751 2352 821 2406 ab
879 2355 1026 2408 omni
1063 2355 1225 2409 noxia
1269 2354 1601 2426 cupiditate;
1666 2361 1720 2408 et
1775 2351 2006 2423 purifica

426 2457 652 2498 sensum
699 2451 852 2499 tuum
891 2445 961 2501 ab
1003 2445 1154 2502 omni
1197 2447 1440 2502 vanitate
1480 2444 1664 2500 saeculi
1702 2444 1886 2514 hujus.
1939 2443 2001 2500 Si

427 2534 544 2590 haec
575 2537 928 2605 custodieris,
968 2538 1075 2594 erit
1107 2539 1213 2594 hoc
1236 2537 1506 2609 jejunium
1531 2537 1765 2607 justum.
1803 2534 1895 2590 Sic
1921 2549 2009 2590 er-

425 2643 496 2699 go
520 2627 710 2684 facies.
734 2627 977 2686 Peractis
1019 2646 1143 2702 quae
1172 2646 1341 2702 supra
1372 2629 1577 2699 scripta
1617 2637 1768 2693 sunt,
1801 2629 1894 2683 illo
1921 2627 2009 2682 die

425 2735 537 2790 quo
561 2718 864 2790 jejunabis,
892 2721 1031 2776 nihil
1066 2723 1294 2778 omnino
1318 2721 1708 2794 gustabis,nisi
1738 2737 1934 2793 panem
1954 2730 2010 2776 et

425 2827 663 2880 aquam;
693 2820 749 2867 et
785 2821 1099 2883 computata
1133 2815 1441 2884 quantitate
1465 2815 1572 2870 cibi
1597 2830 1765 2885 quem
1795 2813 2008 2872 caneris

424 2903 623 2958 diebus
654 2913 1002 2964 comestut‘us
1035 2921 1184 2972 eras,
1211 2914 1491 2976 sumptum
1524 2907 1633 2964 diei
1669 2908 1818 2965 illius
1843 2924 2006 2980 quem

426 2995 674 3054 facturus
703 3013 858 3066 cras,
886 3013 1139 3069 repones,
1183 3009 1238 3056 et
1281 2999 1438 3058 dabis
1486 3001 1600 3074 (15)
1628 3002 1838 3068 vidum,
1901 3017 2008 3072 pu-

426 3087 581 3158 pilio,
607 3099 704 3144 aut
726 3089 874 3161 inopi
909 3109 922 3146 :
962 3098 1018 3146 et
1068 3091 1150 3146 sic
1197 3079 1610 3151 consummabis
1644 3095 2006 3150 humilitatem

425 3178 626 3236 anima:
647 3189 790 3246 tuae;
819 3189 880 3236 ut
904 3182 998 3252 qui
1022 3197 1090 3238 ex
1125 3197 1191 3238 eo
1220 3185 1527 3254 acceperit,
1558 3187 1724 3241 satiet
1759 3187 2005 3242 animam

425 3287 605 3338 suam,
636 3281 692 3329 et
728 3289 829 3344 pro
851 3283 904 3330 te
938 3278 1099 3330 adeat
1124 3274 1417 3332 Dominum
1446 3278 1618 3334 Deum
1647 3281 1824 3336 oratio
1865 3280 2004 3350 ejus.

426 3364 486 3421 Si
515 3366 681 3436 igitur
707 3368 789 3424 sic
819 3370 1584 3442 consummaverisjejunium
1614 3383 1791 3439 tuum,
1815 3389 2010 3444 quem-

421 3457 720 3515 admodum
758 3461 1017 3531 praacipio
1089 3462 1228 3527 tibi,
1288 3463 1396 3518 erit
1429 3464 1613 3521 hostia
1663 3475 1755 3521 tua
1781 3474 2007 3537 accepta

2185 2267 2296 2342 (14)
2338 2271 2560 2344 Πρῶτον
2595 2271 2811 2327 πάντων
2837 2271 3068 2344 φύλαξαι
3099 2273 3379 2344 νηστεύειν
3418 2269 3529 2325 ἀπὸ
3553 2286 3696 2323 παν-

2108 2362 2203 2425 τὸς
2235 2361 2480 2432 ῥήματος
2515 2361 2754 2434 πονηροῦ
2779 2401 2794 2428 ,
2834 2365 2927 2417 καὶ
2963 2363 3132 2434 ἀκοῆς
3175 2363 3452 2434 πονηρᾶς·
3481 2360 3577 2415 καὶ
3599 2376 3699 2413 κα-

2111 2451 2330 2524 θάρισόν
2358 2469 2450 2506 σου
2483 2453 2583 2525 τὴν
2609 2454 2834 2526 καρδίαν
2879 2454 2986 2507 ἀπὸ
3018 2452 3220 2517 παντὸς
3263 2450 3542 2524 μολυσμοῦ
3561 2491 3576 2518 ,
3604 2452 3700 2505 καὶ

2113 2544 2498 2614 μνησικακίας,
2546 2545 2640 2598 καὶ
2691 2544 3128 2618 αἰσχροκερδίας.
3193 2545 3303 2598 Καὶ
3348 2544 3405 2597 ὲν
3439 2543 3622 2616 ἡμέρᾳ

2110 2633 2409 2706 νηστεύεις,
2435 2634 2732 2706 ἀρκέσοητι
2757 2636 2905 2708 ἄρτῳ
2948 2637 3040 2688 καὶ
3072 2634 3324 2707 λαχάνοις
3367 2635 3462 2688 καὶ⁹
3505 2632 3654 2686 ὕδατι
3681 2673 3698 2698 ,

2109 2725 2447 2798 εὐχαριστῶν
2471 2727 2552 2798 τῷ
2577 2727 2728 2798 Θεῷ·
2785 2727 3139 2800 συμψηφίσας
3175 2725 3234 2778 δὲ
3283 2723 3383 2796 τὴν
3428 2724 3698 2794 ποσότητα

2107 2817 2210 2889 τῆς
2233 2818 2478 2892 δαπάνης
2522 2819 2618 2874 τοῦ
2657 2820 2906 2893 ἀρίστου,
2957 2815 3017 2875 οὗ
3062 2819 3286 2890 ἔμελλες
3327 2817 3525 2871 ἐσθίειν
3577 2817 3699 2871 κατ’

2109 2910 2324 2981 ἐκείνην
2337 2911 2435 2983 τὴν
2447 2911 2680 2984 ἡμέραν,
2693 2911 2780 2976 δὸς
2794 2914 2862 2984 χὴ
2871 2928 2962 2983 pa,
2979 2911 3011 2981 ἢ
3030 2910 3250 2982 ὀρφανῷ
3272 2910 3305 2982 ἦ
3333 2909 3698 2980 στερουμένῳ,

2110 3001 2246 3074 πρὸς
2264 3003 2322 3056 ὃν
2339 3003 2403 3075 δὴ
2426 3004 2611 3074 σαφῶς
2633 3002 2918 3075 ἐμπλήσας
2933 3002 3032 3074 τὴν
3055 3001 3247 3056 ἑαυτοῦ
3270 3001 3466 3074 ψυχὴν,
3483 3000 3699 3066 εὔξεται

2111 3094 2250 3168 ὑπὲρ
2307 3094 2400 3150 σοῦ
2447 3095 2584 3168 πρὸς
2631 3096 2853 3168 Κύριον.
2905 3095 3029 3149 Ἐὰν
3061 3091 3155 3149 οὖν
3187 3093 3412 3165 τελέσῃς
3454 3091 3553 3164 τὴν
3585 3108 3686 3163 νη-·

2112 3188 2314 3254 στείαν,
2348 3189 2425 3254 ὡς
2458 3188 2811 3260 ἐνετειλάμην
2830 3207 2946 3252 σοι,
2971 3188 3174 3260 ἔσταιὴ
3211 3186 3370 3241 θυσία
3405 3203 3498 3240 σου
3531 3185 3699 3255 δεκτὴ

2110 3280 2340 3335 ἐνώπιον
2355 3280 2582 3353 Κυρίου,
2603 3281 2698 3335 καὶ
2727 3279 3154 3352 ὲγγεγραμμένη
3181 3280 3237 3331 ἐν
3268 3279 3385 3340 τοῖς
3417 3275 3700 3348 οὐρανοῖς,

2110 3372 2168 3426 ὲν
2202 3373 2234 3443 ἡ
2243 3371 2385 3444 μέρᾳ
2409 3373 2507 3445 τῆς
2540 3371 2964 3436 ἀνταποδόσεως
2981 3371 3094 3424 τῶν
3118 3368 3534 3441 ἡτοιμασμένων
3557 3369 3698 3436 ἁγα-

2112 3465 2220 3520 οῶν
2251 3468 2362 3529 τοῖς
2385 3464 2635 3530 δικαίοις.

423 3548 682 3622 Domino,
714 3562 769 3610 et
791 3554 1064 3611 scribetur
1087 3555 1192 3612 hoc
1210 3555 1481 3628 jejunium
1521 3566 1699 3614 tuum.
1736 3557 1862 3615 Haec
1909 3558 2076 3616 statio
2122 3559 2203 3615 sic
2245 3570 2377 3615 acta'
2425 3561 2538 3632 (16)
2590 3569 2674 3618 est
2725 3560 2891 3630 bona,
2959 3560 3151 3616 hilaris
3191 3571 3245 3617 ct
3317 3569 3542 3630 accepta
3589 3555 3687 3609 Do-

422 3646 598 3704 mino.

1650 3743 1793 3800 Hinc
1818 3745 2153 3808 ANTIOCBUS,
2183 3737 2404 3794 liomilia
2435 3734 2489 3792 7.

497 3857 777 3928 Jejunium
807 3861 945 3915 enim
971 3877 1149 3916 verum
1176 3875 1279 3936 est,
1304 3884 1408 3922 non
1457 3870 1612 3925 modo
1664 3887 1718 3924 se
1763 3869 2006 3924 tabidum

429 3951 626 4022 facere,
657 3952 748 4006 sed
776 3962 827 4008 et
852 3958 1204 4026 quantitatem
1259 3972 1499 4032 sumptus
1543 3978 1696 4032 quem
1745 3971 2007 4016 comesta-

430 4060 522 4097 rus
543 4054 678 4112 erat,
705 4045 834 4100 dare
863 4049 1036 4105 vidum
1057 4062 1106 4106 et
1141 4053 1284 4122 inopi
1311 4069 1330 4109 :
1353 4063 1412 4108 ut
1459 4055 1551 4124 qui
1586 4055 1847 4123 acceperit
1874 4095 1890 4121 ,
1917 4070 2008 4108 sa-

427 4137 618 4205 tiatus,
647 4148 758 4193 oret
771 4157 874 4210 pro
896 4158 980 4211 eo,
1010 4156 1060 4199 et
1088 4155 1306 4216 accepta
1329 4147 1425 4218 ﬁat
1459 4146 1567 4202 Deo
1591 4147 1765 4201 hostia
1793 4147 1932 4216 ejus.

2183 3863 2426 3938 Νηστεία
2479 3861 2590 3935 γὰρ
2635 3859 2864 3934 ἀληθινὴ
2913 3863 3082 3927 ἐστιν,
3116 3861 3179 3916 οὐ
3215 3860 3375 3933 μόνον
3407 3859 3467 3913 τὸ
3506 3858 3700 3914 ἑαυτὸν

2110 3957 2384 4028 ὲκτὴξειν,
2419 3955 2555 4010 ἀλλὰ
2603 3955 2696 4009 καὶ
2727 3956 2828 4027 τὴν
2867 3955 3143 4025 ποσότητα
3185 3955 3285 4024 τῆς
3331 3953 3594 4022 δαπάνης,
3628 3953 3700 4022 ἢν

2110 4049 2335 4122 ἔμελλεν
2369 4048 2590 4113 ἐσθίειν,
2624 4047 2809 4102 δοῦναι
2830 4050 2996 4120 χήρα,
3031 4048 3064 4119 ἦ
3106 4046 3305 4119 πτωχῷ
3328 4063 3340 4077 ’
3377 4047 3516 4101 ἴναὸ
3545 4045 3698 4115 εἱλη-

2113 4139 2252 4212 φὼς,
2297 4139 2653 4212 ἐμπλησθεὶς,
2704 4138 2929 4210 εὔξηται
2970 4140 3110 4211 ὑπὲρ
3147 4139 3349 4204 αὑτοῦ,
3401 4139 3496 4193 καὶ
3531 4137 3697 4208 δεκτὴ

2114 4232 2339 4306 γένηται
2364 4233 2400 4303 ἡ
2433 4231 2588 4286 Θυσία
2620 4229 2784 4284 αὐτοῦ
2808 4229 2957 4303 παρὰ
2978 4231 3058 4303 τῷ
3083 4230 3223 4301 Θεῷ.

429 4339 559 4396 llaec
584 4349 642 4396 tu
667 4340 713 4397 si
741 4356 1046 4398 servaveris
1076 4359 1202 4400 cum
1229 4345 1416 4402 uberis
1448 4348 1557 4402 tuis
1581 4339 1644 4402 ‘et
1669 4354 1782 4402 tota
1812 4359 1977 4402 nomo
2006 4354 2099 4400 tua
2125 4385 2141 4410 ,
2176 4343 2468 4400 custoditis
2501 4342 2610 4407 his,
2638 4341 2768 4397 felix
2813 4341 2927 4412 (17)
2954 4342 3084 4398 eris.
3129 4340 3198 4395 Et
3227 4342 3546 4412 quicunque
3579 4340 3698 4396 haec

429 4439 616 4495 audita
647 4439 1028 4504 custodierint,
1053 4439 1238 4498 felices
1262 4453 1454 4510 erunt;
1480 4452 1535 4500 et
1567 4443 1832 4514 quidquid
1860 4441 2115 4514 petierint
2146 4456 2178 4496 a
2207 4439 2460 4506 Domino,
2491 4437 2841 4496 obtinebunt.

1878 4563 2108 4622 CAPUT
2147 4564 2238 4619 ιν.

501 4662 567 4716 Et
587 4670 841 4732 precatus
869 4660 983 4734 (18)
1019 4675 1142 4716 sum
1172 4672 1320 4720 cum,
1347 4665 1408 4711 ut
1427 4655 1562 4709 mihi
1590 4655 1910 4726 explanaret
1936 4657 2080 4711 hanc
2105 4653 2525 4712 similitudinem
2557 4653 2626 4708 de
2653 4651 2826 4706 fundo
2856 4659 2911 4707 et
2942 4649 3203 4743 domino3
3231 4664 3297 4706 ac
3321 4651 3478 4704 vinea
3502 4660 3556 4706 et
3580 4667 3693 4706 ser-

431 4774 500 4815 vo
523 4761 620 4832 qui
651 4761 999 4832 depalaverat
1023 4759 1241 4814 vineam
1267 4757 1360 4810 :et
1381 4747 1566 4804 herbis
1590 4762 1714 4818 quae
1732 4756 1994 4804 extractae
2024 4747 2096 4804 de
2125 4747 2285 4803 vinea
2307 4755 2500 4813 erant;
2540 4754 2596 4802 et
2627 4746 2695 4800 de
2727 4745 2840 4801 tilio
2863 4752 2919 4801 et
2949 4745 3018 4802 de
3051 4747 3426 4816 amicis,quos
3457 4745 3512 4802 in
3550 4761 3689 4802 con-

1516 4893 1751 4951 VARI/ﬁ
1787 4893 2170 4954 LECTIONES
2205 4895 2296 4952 ET
2328 4893 2561 4952 NOTAE.

455 5018 467 5066 -’
501 5023 582 5091 (5)
615 5021 806 5078 Lamb.
838 5020 1217 5076 dissimulavit.

501 5095 579 5163 (4)
623 5092 815 5148 Lamb.
855 5106 905 5147 et
939 5093 1063 5162 fecit
1089 5093 1256 5162 ﬁlius.

503 5166 583 5235 (ὅ)
616 5163 934 5235 ΜεςηΛηεΙ.
973 5163 1084 5217 dies
1109 5177 1332 5230 paucos.

505 5229 582 5304 (ti)
623 5234 816 5289 Lamb.
848 5229 1146 5288 convocatis
1197 5229 1586 5302 paterfamilias
1636 5231 1822 5286 amicis
1859 5232 2010 5286 anti-

431 5309 570 5377 quis,
604 5306 771 5377 misit.

508 5376 588 5445 (7)
618 5375 820 5446 Lamb.
853 5376 1131 5446 sufﬁceret.

509 5441 591 5511 (8)
617 5444 810 5501 Lamb.
846 5441 945 5501 Sin
971 5457 1150 5502 autem
1187 5453 1382 5514 prater
1416 5459 1481 5497 ea
1513 5457 1674 5513 quant
1715 5441 1876 5513 quod.

508 5519 589 5586 (9)
610 5515 811 5586 Lamb.
838 5517 1038 5585 feceris.

539 5585 626 5657 10)
657 5586 789 5657 Mss.
837 5588 996 5657 Angl.
1030 5585 1294 5657 nequires.

542 5654 628 5712 11)
679 5656 872 5711 Lamb.
901 5654 1190 5712 honestior.
1219 5655 1312 5709 Sic
1341 5664 1397 5709 et
1415 5654 1616 5710 Fellus.

513 5722 628 5794 112)
657 5725 748 5778 Sic
777 5742 910 5780 mss.
939 5726 1087 5784 Vict.
1117 5727 1303 5782 Carm.
1336 5736 1390 5780 ct
1434 5725 1625 5784 Lamb.
1661 5723 1755 5782 Sic
1781 5731 1836 5783 et
1873 5722 2002 5782 edit.

437 5798 620 5854 Oxon.
642 5794 727 5851 Al.
754 5795 961 5851 habent.

2194 5020 2241 5086 (1
2254 5021 2310 5088 Ξ)
2341 5018 2535 5090 Lamb.
2565 5018 2624 5075 Si
2650 5017 2812 5090 igitur
2831 5014 3114 5090 servaveris
3137 5012 3276 5090 illud
3294 5054 3308 5078 ,
3333 5013 3584 5090 primum.

2192 5083 2311 5160 (14)
2348 5083 2928 5160 Ρεθυόο-Αιῖιοῃοξιίιιε
2959 5101 3112 5160 num.
3145 5083 3231 5160 16,
3258 5099 3379 5153 pag.
3408 5083 3535 5160 261,

2193 5151 2308 5230 (15)
2343 5160 2537 5215 Lamb.
2571 5160 2712 5230 apud
2738 5159 2948 5213 Fellum
2969 5151 3479 5230 sic_:_eibi,gca;t_erjs
3508 5151 3692 5230 diebus

2117 5223 2236 5299 quis
2267 5223 2664 5285 cbmesturus...
2712 5244 2983 5298 reponens,
3028 5227 3202 5299 dabis.
3235 5223 3391 5294 Apud
3419 5223 3687 5278 Clericum

2118 5297 2298 5381 autem
2323 5302 2394 5355 ita
2422 5303 2592 5381 :_cihi,
2618 5297 2922 5381 creterisque
2939 5313 3065 5381 qua:
3110 5297 3350 5350 editurus
3389 5309 3690 5381 erasa")?-

2154 5374 2268 5426 om's
2323 5381 2372 5425 et
2422 5365 2596 5426 dabis.
2642 5371 2712 5424 At
2760 5365 2890 5423 edit.
2936 5365 3112 5423 Oxon.
3167 5382 3380 5434 sepones
3422 5375 3470 5418 et
3508 5365 3682 5418 dabis.

2171 5459 2277 5497 unc
2303 5443 2486 5497 locum
2529 5440 2752 5510 respicit
2773 5439 3077 5496 Antiochus
3107 5437 3296 5491 homil.
3333 5436 3382 5490 7.

2188 5513 2304 5580 (16)
2334 5511 2526 5567 Lamb.
2566 5519 2731 5580 gesta.

2115 5653 2156 5708 Γ
2187 5573 2305 5655 (17)
2336 5581 2529 5638 Lamb.
2559 5573 2758 5635 Salvus.
2791 5579 2856 5636 Et
2897 5579 3061 5652 paulo
3109 5589 3256 5652 post,
3311 5577 3444 5635 salvi
3486 5590 3586 5649 pro
3610 5573 3691 5640 fe—

2138 5669 2262 5708 tces.

2138 5669 2262 5709 tces.

2188 5723 2304 5796 (18)
2334 5721 2466 5781 Mss.
2497 5721 2659 5796 Angl.
2703 5723 3040 5794 deprecatus.

3274 5877 3323 5892 ..θ
3458 5872 3477 5881 ,ο
3489 5865 3609 5884 ...μω
