4076 6142
398 243 494 300 961
749 252 751 255 ’
1498 243 1795 301 PASTOR.
1831 274 1901 286 —
1941 243 2068 299 LIB.
2111 242 2202 312 lli,
2239 245 2445 303 SIMIL.
3546 259 3652 318 963

399 356 526 446 7s7ilio
558 355 904 413 adhibuerat.
939 355 1183 416 Intellexi
1213 361 1384 428 enim,
1420 377 1546 419 esse
1575 363 1709 419 illud
1744 363 2184 421 similitudinem.
2211 365 2300 421 Ait
2322 367 2459 422 mihi
2488 386 2503 422 :
2529 367 2699 426 Valde
2732 371 2911 428 audax
2963 385 3026 428 es
3061 370 3129 426 ad
3175 370 3649 446 interrogandum.

396 444 544 500 Nihil
577 448 723 502 enim
758 448 924 504 debes
981 449 1317 524 interrogare
1351 471 1366 508 :
1403 468 1530 508 nam
1585 453 1632 508 si
1684 455 1988 524 oportuerit
2013 455 2382 511 demonstrari
2406 497 2421 521 ,
2447 457 2914 518 demonstrabitur
2943 465 3063 521 tibi.
3093 466 3228 524 Dico
3261 469 3350 525 ei:
3391 444 3649 537 Domine,

395 558 739 613 quacunque
772 545 1078 602 ostenderis
1103 545 1262 609 mihi,
1301 559 1402 601 nec
1432 545 1822 610 declaraveris,
1851 544 2054 601 frustra
2089 546 2278 601 videro
2315 545 2431 620 (19)
2463 549 2576 614 illa,
2605 551 2652 605 si
2686 567 2796 606 non
2834 555 3152 612 intellexero
3194 559 3457 629 quidnam
3503 564 3649 631 sint,

395 643 450 690 et
478 635 870 726 similitudines
904 637 950 692 si
989 653 1130 709 quas
1158 639 1535 708 proposueris,
1570 646 1626 692 et
1654 635 1764 692 non
1788 639 2135 709 exposueris,
2167 638 2374 695 frustra
2403 642 2634 698 audiero
2659 643 2772 717 (20)
2798 663 2910 704 eas.
2938 647 3391 722 Responditmibi
3429 674 3648 726 rursus,

394 727 633 822 dicens:
669 724 996 798 Quicunque
1031 727 1126 822 Dei
1173 743 1367 822 servus
1393 737 1500 793 est,
1536 727 1942 822 Dominamque
1983 728 2097 822 (2|)
2129 729 2293 822 habet
2316 730 2369 784 in
2395 733 2714 822 praecordiis
2738 737 2874 803 suis,
2922 741 3056 810 petit
3090 745 3160 798 ab
3192 761 3259 802 eo
3291 724 3650 822 intellectura,

393 827 450 916 et
485 815 732 916 obtinet;
762 825 816 870 et
840 830 1060 916 omnem
1083 819 1499 916 similitudinem
1510 819 1750 916 explicat
1775 820 1920 916 (722);
1948 820 2283 916 et77in7tel7|igit
2326 822 2490 876 verba
2517 821 2759 916 Domini,
2790 844 2914 900 quae
2936 829 3293 904 inquisitione
3318 852 3477 913 egent
3509 815 3647 916 (23);

395 907 723 978 Quicunque
760 908 1124 965 vero-inertes
1149 920 1279 966 sunt
1313 922 1368 966 et
1389 911 1526 983 pigri
1554 910 1622 966 ad
1643 911 1936 976 orandum,
1966 910 2045 965 illi
2069 911 2326 966 dubitant
2356 921 2540 982 petere
2577 929 2609 969 a
2653 914 2924 988 Domino;
2961 935 3089 978 cum
3133 927 3206 982 sit
3235 907 3649 991 Dominustam

395 1004 682 1075 profunda:
707 1005 992 1073 bonitatis,
1016 1015 1078 1061 ut
1106 1003 1417 1076 petentibus
1445 1019 1478 1058 a
1501 1018 1560 1059 se
1600 1011 1799 1058 cuncta
1829 1002 1948 1073 (24)
1980 1002 2100 1058 sine
2120 1003 2532 1060 intermissione
2549 1006 2772 1063 tribuat.
2800 1008 2880 1065 Tu
2911 1027 3064 1084 ergo,
3088 1017 3183 1087 qui
3211 1021 3564 1082 conm-maius
3588 1041 3653 1084 ρ,

395 1097 466 1150 ab
494 1096 586 1150 illo
613 1095 909 1151 venerabili
942 1096 1138 1169 nuntio
1178 1091 1319 1163 (25),
1342 1103 1397 1148 et
1424 1091 1682 1162 accepisti
1710 1091 2016 1146 orationem
2049 1098 2162 1146 tam
2209 1100 2519 1161 potentem,
2551 1108 2679 1150 cum
2718 1096 2870 1168 piger
2895 1116 3008 1158 non
3047 1106 3128 1177 sis
3153 1145 3170 1172 ,
3203 1124 3304 1164 cur
3341 1111 3456 1181 jam
3485 1131 3516 1170 a
3545 1117 3651 1170 Do-

397 1186 547 1284 mino
585 1186 919 1241 intellectum
957 1203 1066 1284 non
1094 1189 1256 1259 petis,
1279 1201 1340 1284 et
1373 1191 1612 1284 accipis?
1638 1191 1771 1284 Dico
1792 1191 1844 1247 ei
1871 1209 1902 1284 :7
1926 1191 2065 1246 Cum
2091 1200 2142 1284 te
2169 1199 2496 1284 prmsentem
2520 1193 2765 1284 liabeam
2783 1237 2800 1262 ,
2827 1214 3053 1259 necesse
3086 1175 3172 1262 est
3200 1218 3260 1265 ut
3284 1225 3316 1265 a
3341 1175 3403 1268 ite
3439 1224 3652 1284 petam,

394 1287 449 1332 et
483 1277 854 1373 interrogem;
877 1286 948 1373 tu
972 1279 1120 1373 enim
1143 1283 1326 1336 omnia
1352 1282 1485 1338 mihi
1510 1283 1776 1349 ostendis,
1799 1291 1855 1338 et
1889 1282 2157 1352 loqueris,
2183 1299 2311 1338 cum
2341 1283 2490 1340 ades.
2516 1283 2652 1342 Nam
2689 1289 2805 1360 (26)
2829 1291 2877 1347 si
2907 1293 3028 1350 sine
3057 1304 3108 1352 te
3139 1311 3203 1352 ea
3252 1277 3494 1358 viderem
3524 1347 3540 1373 ,
3569 1277 3653 1361 vel

393 1369 639 1425 audirem
657 1407 674 1435 ,
711 1377 840 1424 tunc
872 1369 1166 1428 Dominum
1196 1389 1470 1446 rogarem,
1494 1383 1556 1430 ut
1581 1375 1890 1431 ostenderet
1915 1373 2034 1446 (27.)
2059 1373 2218 1429 mihi.

1859 1485 2090 1543 CAPUT
2119 1485 2188 1543 ν.

463 1581 532 1638 Et
555 1581 842 1655 respondit
876 1602 888 1639 :
914 1580 1168 1638 Dixeram
1196 1581 1294 1638 tibi
1332 1581 1496 1654 paulo
1551 1592 1696 1648 ante,
1719 1579 1979 1636 callidum
2011 1589 2065 1635 te
2092 1595 2214 1637 esse
2239 1587 2296 1636 et
2321 1561 2606 1651 audacem,
2638 1583 2734 1656 qui
2763 1584 3068 1654 solutiones
3097 1587 3521 1649 similitudinum
3566 1597 3650 1652 in-

397 1690 656 1752 terrogas.
702 1678 810 1735 Sed
833 1680 960 1750 quia
987 1677 1103 1751 (28)
1135 1681 1211 1736 ita
1242 1695 1304 1736 es
1336 1680 1607 1751 pertinax,
1641 1677 1851 1735 solvam
1873 1677 1970 1732 tibi
1999 1677 2143 1732 hanc
2170 1679 2336 1748 quam
2362 1679 2644 1736 desideras
2680 1681 3132 1752 similitudinem,
3157 1697 3218 1743 ut
3247 1692 3506 1748 omnibus
3545 1710 3648 1749 no—

394 1784 506 1832 tam
540 1774 711 1831 facias
737 1789 880 1830 eam.
920 1772 1064 1829 Audi
1097 1787 1266 1840 nunc,
1291 1770 1489 1843 inquit,
1519 1778 1574 1825 et
1587 1769 1806 1840 percipe
1837 1767 2047 1824 animo.
2071 1765 2272 1823 Orbem
2298 1778 2568 1826 terrarum
2605 1770 2807 1827 fundus
2837 1771 2930 1829 ille
2966 1777 3257 1847 signiﬁcat,
3291 1782 3387 1852 qui
3417 1784 3472 1840 in
3499 1785 3650 1841 simi-

393 1872 678 1928 litudinem
701 1877 785 1926 est
808 1870 1040 1942 positus.
1069 1867 1336 1926 Dominus
1369 1878 1552 1922 autem
1579 1864 1734 1921 fundi
1765 1864 2178 1920 demonstratur
2205 1878 2326 1920 esse
2354 1863 2422 1932 is,
2459 1865 2553 1936 qui
2601 1865 2810 1922 creavit
2859 1876 3058 1922 cuncta
3108 1879 3162 1924 et
3209 1881 3646 1948 consummavit,

391 1975 449 2021 et
476 1966 733 2021 virtutem
761 1963 869 2019 illis
893 1962 1061 2018 dedit.
1093 1959 1268 2014 Filius
1293 1963 1499 2022 autem,
1533 1952 1771 2039 Spiritus
1794 1961 2022 2008 sanctus
2043 1961 2156 2019 est;
2187 1967 2380 2010 servus
2409 1969 2539 2010 vero
2566 1955 2656 2010 ilie
2675 1997 2692 2022 ,
2735 1955 2910 2012 Filius
2937 1955 3035 2013 Dei
3081 1970 3195 2027 est;
3235 1963 3392 2020 vinea
3438 1979 3646 2039 autem,

391 2055 628 2127 populus
655 2061 737 2110 est
762 2068 924 2123 quem
951 2060 1133 2109 servat
1160 2050 1313 2120 ipse;
1347 2045 1458 2116 pali
1481 2059 1634 2110 vero,
1658 2038 1842 2098 nuntii
1880 2051 2031 2109 sunt,
2055 2042 2151 2114 qui
2191 2057 2224 2098 a
2267 2041 2501 2099 Domino
2537 2046 2814 2116 praepositi
2857 2055 2986 2102 sunt
3013 2048 3083 2104 ad
3125 2052 3513 2112 continendum
3552 2038 3648 2130 po?

392 2147 582 2217 pulum
605 2145 762 2216 ejus;
795 2143 977 2199 herba:
999 2142 1181 2196 autem
1215 2153 1339 2209 qua:
1369 2135 1574 2192 evulsa;
1601 2143 1734 2190 sunt
1758 2132 1828 2189 de
1849 2133 2034 2200 vinea,
2057 2131 2300 2188 admissa
2325 2133 2442 2205 (29)
2471 2143 2600 2190 sunt
2629 2150 2914 2191 servorum
2944 2135 3040 2192 Dei
3069 2155 3084 2192 :
3117 2139 3226 2194 cibi
3254 2157 3384 2198 vero
3409 2161 3550 2216 quos
3579 2150 3648 2204 de

391 2256 549 2298 cinna
574 2240 725 2295 misit
755 2239 869 2306 illi,
899 2236 1158 2293 mandata
1187 2239 1316 2289 sunt
1336 2245 1460 2302 qua:
1484 2244 1582 2300 per
1608 2227 1812 2286 Filium
1834 2227 1985 2283 dedit
2013 2227 2216 2298 populo
2243 2243 2382 2295 suo;
2408 2229 2570 2285 amici
2591 2241 2772 2286 autem
2802 2231 2879 2286 illi
2907 2248 3050 2302 quos
3079 2232 3133 2287 in
3159 2237 3390 2292 consilio
3410 2243 3646 2298 advoca-

392 2334 490 2401 vit,
513 2332 691 2406 angeli
716 2329 832 2403 (50)
864 2338 994 2386 sunt
1022 2325 1197 2384 sancti
1218 2338 1359 2396 quos
1385 2321 1565 2392 primo
1597 2317 1713 2391 (51)
1743 2318 1972 2375 creavit.
2006 2318 2268 2375 Abscntia
2297 2333 2428 2375 vero
2462 2320 2609 2376 illius
2634 2321 3066 2393 patrisfamilias,
3097 2322 3312 2398 tempus
3360 2343 3447 2390 est
3497 2338 3645 2405 quod

392 2427 450 2481 in
492 2426 784 2481 adventum
816 2421 938 2492 ejus
965 2427 1154 2474 restat.
1188 2413 1324 2468 Dico
1343 2411 1394 2466 ei
1424 2428 1438 2465 :
1468 2407 1717 2474 Domine,
1750 2407 2039 2478 magnifice
2066 2415 2121 2462 et
2142 2406 2281 2462 mire
2309 2407 2493 2462 omnia
2517 2408 2634 2464 haec
2662 2424 2721 2464 se
2748 2409 2969 2480 habent,
2999 2422 3164 2483 atque
3191 2415 3450 2484 ιιοηεειθ,
3475 2437 3644 2479 num-

394 2519 526 2588 quid
561 2531 714 2588 ergo,
747 2512 989 2575 domine,
1024 2510 1274 2578 inquam,
1296 2493 2163 2588 baacpoteramintelligereilie
2185 2495 2404 2588 quidem
2437 2497 2710 2588 quispiam
2741 2507 3000 2568 praeterea
3032 2505 3220 2576 homo,
3249 2514 3465 2568 tametsi
3491 2517 3646 2572 valde

391 2585 750 2679 ῥι-ιιάεηεέίι,
790 2601 994 2676 poterit
1040 2595 1157 2672 (52)
1206 2591 1510 2662 intelligere
1551 2586 1793 2682 ea.7sed
1823 2585 2151 2682 nunc77niilii
2190 2585 2815 2682 demonstra,domine,
2860 2597 3006 2662 quod
3035 2614 3245 2668 quaero.
3268 2602 3463 2671 Quaere
3492 2611 3643 2682 quod

391 2678 478 2756 ἧιίε
519 2698 658 2772 (55),
690 2694 892 2768 inquit.
918 2692 1122 2761 Quare,
1145 2688 1394 2758 inquam,
1442 2682 1619 2738 Filius
1647 2678 1744 2735 Dei
1776 2679 1831 2736 in
1864 2678 2225 2737 similitudine
2266 2679 2396 2746 hac,
2418 2681 2602 2736 servili
2631 2683 2754 2740 loco
2783 2685 3053 2754 ponitur?

1838 2797 2072 2855 CAPUT
2113 2798 2201 2855 Vl.
2297 2861 2300 2866 _

462 2906 627 2971 Audi,
656 2904 835 2985 inquit
867 2923 882 2960 :
916 2901 973 2957 in
1003 2899 1184 2958 servili
1214 2895 1530 2955 conditione
1555 2907 1668 2986 no7n7
1703 2890 2120 2986 ponitu7r7Filius
2145 2892 2264 2986 Dei,
2289 2893 2387 2950 sed
2415 2894 2470 2949 in
2498 2910 2697 2966 magna
2741 2908 3008 2967 potestate
3046 2913 3102 2960 et
3143 2905 3374 2979 imperio
3413 2912 3550 2986 (54).
3577 2915 3641 2970 Ei

389 3000 504 3056 dm
536 2983 861 3066 ;Quom'odo
889 2995 1029 3068 (35),
1054 2994 1302 3064 inquam,
1331 2986 1590 3044 domine?
1625 2983 1746 3041 Non
1776 2984 2040 3056 intelligo.
2073 2983 2368 3054 Quoniam,
2389 2986 2598 3057 inquit,
2617 2987 2700 3042 eis
2720 3003 2862 3058 quos
2889 2989 3003 3062 (36)
3031 2995 3171 3052 Filio
3219 3017 3323 3056 suo
3375 2983 3640 3074 tradidit,

392 3095 562 3154 Filius
583 3097 702 3168 ejus
725 3095 949 3151 nuntios
977 3087 1297 3162 praeposuit,
1321 3085 1388 3140 ad
1407 3082 1812 3139 conservandos
1838 3080 1962 3150 (57)
1988 3081 2270 3150 singulos;
2302 3082 2422 3152 ipse
2457 3091 2642 3138 autem
2683 3083 2978 3152 plurimum
3003 3086 3292 3156 laboravit,
3315 3091 3643 3161 plurimum-

389 3210 497 3267 que
523 3208 816 3266 perpessus
849 3199 954 3255 est,
1003 3196 1064 3242 ut
1097 3183 1342 3239 aboleret
1386 3180 1584 3234 delicta
1615 3191 1829 3231 eorum.
1868 3174 2029 3231 Nulla
2054 3177 2202 3232 enim
2232 3177 2393 3233 vinea
2420 3186 2601 3248 potest
2633 3177 2747 3232 fodi
2771 3179 2894 3234 sine
2954 3178 3146 3234 labore
3201 3196 3269 3237 ac
3290 3181 3500 3239 dolore.
3528 3183 3639 3240 Dc-

390 3285 516 3342 letis
541 3285 711 3357 igitur
729 3279 975 3354 peccatis
995 3277 1184 3350 populi
1214 3276 1322 3341 sui,
1355 3275 1472 3344 ipse
1496 3270 1704 3344 eisdem
1733 3271 2059 3325 monstravit
2086 3271 2282 3326 itinera
2316 3272 2462 3338 vitae,
2502 3273 2630 3328 data
2659 3272 2741 3329 eis
2780 3274 2898 3344 lege
2939 3291 3104 3346 quam
3131 3292 3161 3332 a
3205 3275 3368 3333 Patre
3409 3294 3640 3350 accepe-

386 3394 494 3440 rat.
526 3383 692 3438 Vidcs
717 3381 905 3452 igitur,
942 3392 1064 3434 esse
1100 3374 1391 3431 Dominum
1417 3370 1625 3444 populi,
1649 3377 1923 3438 acceptaa
1961 3365 2124 3422 Patre
2159 3382 2261 3422 suo
2287 3369 2438 3422 omni
2469 3376 2758 3438 potestate.
2803 3367 2986 3435 Quare
3031 3382 3212 3426 autem
3269 3371 3535 3428 Dominus
3578 3375 3633 3430 in

388 3479 621 3534 consilio
641 3475 954 3531 adhibuerit
976 3472 1178 3527 Filium
1198 3470 1265 3524 de
1283 3468 1616 3533 haereditate,
1634 3476 1688 3522 et
1705 3465 1882 3522 bonos
1898 3462 2012 3534 (38)
2032 3462 2254 3534 angelos
2269 3463 2443 3530 ?Quia
2474 3463 2699 3519 nuntius
2717 3465 2870 3520 audit
2887 3462 3038 3518 illum
3066 3460 3181 3531 (59)
3217 3458 3478 3529 Spiritum
3503 3477 3634 3516 san-

389 3579 562 3631 ctum,
583 3567 677 3638 qui
695 3565 912 3622 infusus
931 3566 1044 3638 (40)
1073 3565 1414 3622 estomnium
1442 3563 1656 3635 primus
1675 3563 1730 3618 in
1748 3559 2069 3631 corpore,in
2099 3576 2210 3632 quo
2235 3561 2509 3618 habitaret
2526 3561 2688 3617 Deus.
2709 3561 3006 3618 Collocavit
3023 3560 3304 3615 enimeum
3327 3559 3634 3617 intellectus

391 3661 447 3714 in
475 3674 724 3730 corpore,
766 3668 826 3714 ut
853 3659 904 3715 ci
935 3659 1224 3715 videbatur
1265 3657 1401 3730 (41).
1434 3655 1694 3728 Hocergo
1735 3658 1966 3725 corpus,
2005 3654 2060 3709 in
2093 3655 2240 3725 quod
2270 3655 2526 3711 inductus
2554 3655 2667 3728 (42)
2705 3665 2789 3712 est
2829 3654 3067 3726 Spiritus
3112 3661 3364 3718 sanctus,
3407 3651 3634 3707 servivit

389 3759 469 3814 illi
495 3757 744 3828 Spiritui,
777 3765 920 3813 recte
952 3758 1006 3812 in
1037 3755 1308 3813 modestia
1350 3753 1642 3810 ambulans
1668 3763 1723 3810 et
1748 3765 1918 3820 caste,
1951 3768 2130 3825 neque
2157 3752 2385 3808 omnino
2427 3752 2726 3808 maculavit
2757 3751 3024 3823 Spiritum
3073 3749 3247 3805 illum.
3280 3748 3418 3804 Cum
3466 3748 3632 3817 igitur

387 3867 590 3923 corpus
612 3850 744 3906 illud
782 3851 1054 3921 paruisset
1079 3848 1230 3905 omni
1261 3855 1508 3918 tempore
1535 3843 1760 3918 Spiritui
1790 3831 2281 3914 sancto,'reeteque
2300 3852 2355 3898 et
2380 3851 2529 3899 caste
2558 3842 2860 3898 laborasset
2899 3858 3024 3898 cum
3053 3857 3140 3905 eo,
3176 3855 3276 3896 nec
3312 3840 3635 3895 succubuis-

389 3947 473 3994 set
504 3940 559 3994 in
583 3940 733 3995 omni
760 3949 1036 4012 tempore;
1063 3937 1350 4010 fatigatum
1393 3954 1596 4010 corpus
1631 3938 1764 3994 illud
1795 3940 2064 3995 serviliter
2099 3945 2486 3994 conversatum
2517 3937 2629 4008 (45)
2654 3946 2738 3992 est
2763 3977 2778 4002 ,
2815 3937 2911 3993 sed
2968 3936 3183 3992 fortiter
3233 3951 3359 3990 cum
3423 3933 3631 4006 Spiritu

387 4044 580 4092 sancto
606 4035 1023 4107 comprobatum
1058 4035 1169 4093 Deo
1206 4043 1486 4124 receptum
1522 4033 1637 4107 (44)
1654 4043 1759 4090 est.
1785 4033 1999 4090 Placuit
2026 4034 2194 4104 igitur
2215 4031 2325 4087 Deo
2346 4031 2662 4102 huiusmodi
2707 4031 2822 4105 (45)
2855 4041 3048 4103 potens
3088 4045 3323 4095 cursus;
3361 4030 3492 4101 quia
3513 4044 3632 4084 ma-

1471 4123 1704 4184 VARUE
1744 4126 2126 4184 LECTIONES
2158 4125 2249 4180 ΕΤ
2279 4125 2511 4183 NOTAE.

459 4222 576 4290 (l9)
622 4221 816 4276 Lamb.
845 4218 1311 4282 demonstraveris,
1345 4218 1782 4290 frustraoidebo.
1882 4283 1896 4290 _
2063 4217 2450 4290 leretpegeata.

613 4292 804 4346 Lamb.
835 4291 1137 4360 exposueris
1163 4298 1214 4343 et
1261 4283 1366 4343 non
1409 4289 1718 4356 absolveris,
1749 4283 1962 4360 frust'ra'
2060 4283 2248 4412 Α
2269 4286 2576 4423 ὒόεδεΑηςι.
2597 4287 2960 4358 honestosque.
2979 4283 3174 4339 Fell.et
3191 4283 3352 4338 bonos
3375 4287 3628 4341 nuntios?

498 4378 626 4416 tam.
2184 4375 2204 4411 ι
2229 4373 2248 4410 :
2337 4374 2448 4412 um.

387 4373 626 4418 audiam.
2060 4373 2204 4412 Αααι
2229 4373 2248 4410 .'
2285 4373 2448 4418 ωιτα.

463 4432 578 4498 (21)
605 4431 798 4487 Lamb.
823 4430 1107 4486 Dominum
1137 4445 1307 4500 quem.
2135 4427 2250 4500 (59)
2274 4427 2471 4500 Lamb.
2499 4425 2652 4500 deest
2674 4426 2848 4500 ill_um.
3184 4456 3187 4458 -

460 4497 580 4570 (22)
605 4502 796 4556 Lamb.
822 4501 1061 4556 exsolvit.
1147 4497 1157 4500 “
1355 4569 1361 4570 7
2133 4497 2248 4570 (Ψ)
2276 4497 2606 4570 MSS-Angl.
2632 4508 2686 4552 et
2713 4498 2895 4553 Carm.
2929 4505 3165 4570 creatus.
3209 4567 3217 4570 7
3329 4547 3331 4550 .

602 4571 752 4654 9133.7
778 4571 1306 4654 Angquumstionent
1336 4569 1534 4640 ferunt.
2132 4565 2246 4638 (41)
2283 4565 2474 4654 Lamb.
2515 4565 2572 4620 in
2600 4584 2816 4654 corpore
2838 4569 2977 4654 quod
3007 4568 3055 4621 ei
3081 4567 3380 4654 videbatur.
3401 4565 3518 4654 {7107c
3535 4583 3628 4654 εν-

462 4637 579 4712 (24)
602 4641 795 4712 Lamb.
839 4637 892 4697 et
925 4637 1063 4698 Vict.
1096 4637 1345 4712 cunctim
1692 4711 1700 4712 7
1790 4710 1807 4712 _
2059 4654 2124 4708 go
2144 4654 2331 4712 corpus
2363 4638 2418 4692 in
2460 4654 2563 4708 quo
2597 4637 3065 4712 Itabitaret7Deua7,
3106 4637 3382 4712 collocavit
3416 4637 3626 4712 intelle-

464 4705 577 4784 (25)
738 4728 868 4768 mss.
903 4713 1061 4786 Angl.
1105 4722 1160 4768 et
1189 4711 1374 4768 Carm.
1401 4712 1494 4769 Sic
1521 4720 1576 4768 et
1618 4711 1750 4768 edit.
1775 4710 1953 4769 Oxon.
2060 4705 2648 4786 clususeilicetforpore
2676 4708 2814 4778 quod
2842 4709 2892 4761 ei
2918 4707 3212 4786 videbatur.
3241 4709 3311 4762 At
3338 4723 3442 4762 ms.
3469 4705 3622 4786 Χῖοι.

391 4776 484 4841 Al.
505 4776 568 4836 αὖ
594 4782 738 4837 illius
765 4785 967 4838 nuntio.
989 4776 1017 4786 ⁷
2056 4776 2552 4848 intellectoacilicet
2575 4776 2788 4847 corpore
2819 4779 2956 4848 quod
2985 4779 3034 4831 ei
3057 4778 3348 4848 videbatur.
3379 4776 3626 4833 ——Hnnc

484 4855 576 4920 26)
607 4852 796 4907 Lamb.
823 4855 1048 4922 loqueris
1090 4854 1240 4908 mihi.
1266 4854 1426 4908 Ades.
1464 4851 1630 4921 Nam,
1655 4862 1760 4909 etc.
2056 4847 2236 4922 locum
2259 4847 2414 4922 valde
2436 4857 2778 4922 corruptum,
2798 4847 2864 4922 ex
2887 4863 3028 4922 mss.
3044 4847 3420 4922 oteditionum
3451 4849 3622 4902 colla-

485 4916 577 4989 27)
602 4922 755 4977 Bodl.
785 4916 1188 4981 demonstraret.
1215 4923 1409 4980 Lamb.
1432 4916 1905 4979 demonstraretur.
2057 4917 2307 4989 tione7sic
2328 4918 2555 4987 corrigit
2603 4916 2960 4989 doctissimus
2989 4916 3229 4989 Grabius
3255 4935 3270 4970 :
3311 4917 3488 4989 Quare
3523 4936 3622 4970 au-

462 4986 576 5062 (28)
604 4993 790 5064 Lamb.
824 4998 1075 5064 quamvis.
2057 4997 2168 5064 (ent
2189 4987 2449 5064 Dominus
2484 4986 2552 5044 in
2582 4988 2803 5042 consilio
2849 4989 3148 5064 adhibuerit
3184 4986 3385 5064 [ilium
3423 4988 3486 5040 de
3510 4989 3623 5041 lue-

465 5056 579 5134 (29)
606 5063 796 5120 Lamb.
830 5056 1140 5120 commissa.
1207 5133 1219 5134 7
1456 5133 1463 5134 7
1584 5133 1600 5134 7
2053 5059 2308 5134 reditate,7
2330 5060 2672 5129 honestosque
2714 5059 2948 5134 nuntios,
2997 5058 3124 5134 audi
3148 5072 3170 5110 :
3198 5056 3460 5134 Spiritum
3495 5075 3620 5134 san-

465 5129 578 5205 (50)
603 5134 749 5206 _Mss.7
769 5136 929 5206 Angl.
962 5137 1156 5192 nuntii.
1199 5133 1292 5193 Sic
1319 5142 1375 5193 et
1401 5133 1536 5191 edit.
1568 5133 1746 5192 Oxon.
2052 5130 2318 5206 ctum7qui
2339 5137 2547 5206 creatus
2574 5137 2650 5182 est
2681 5129 2914 5206 omnium
2937 5130 3164 5206 primus,
3201 5129 3271 5206 7in
3321 5143 3536 5196 corpore
3561 5131 3618 5182 in

463 5198 577 5275 (51)
601 5203 792 5259 Lamb.
817 5198 1034 5274 primos.
1194 5243 1201 5249 .
2051 5215 2154 5268 quo
2180 5198 2455 5275 habitaret
2494 5198 2969 5275 Deu§,_collocavit
2989 5215 3008 5264 ;
3042 5199 3098 5252 in
3127 5198 3325 5252 delecto
3362 5213 3614 5266 corpore,

461 5268 577 5347 (52)
605 5275 799 5347 Lamb,
817 5268 916 5347 qui
938 5277 1127 5347 possit.
1261 5346 1264 5347 7
1297 5346 1304 5347 7
2050 5268 2778 5347 quodAei7videl3attt7r.7WAIt.

460 5338 574 5416 (55)
601 5345 732 5417 Mss.
775 5338 948 5417 Δῆμ’
965 5346 1086 5412 Dic,
1111 5346 1306 5417 siquid
1334 5347 1433 5402 vis.
1650 5414 1660 5417 _
1822 5415 1831 5417 7
2123 5339 2381 5417 (42)Mss.
2400 5339 2560 5412 Angl.
2588 5341 2644 5393 in
2667 5356 2770 5410 quo
2793 5339 3072 5396 deductus.
3099 5338 3192 5397 Sic
3221 5351 3276 5397 et
3300 5339 3442 5397 Vict.
3477 5339 3610 5396 abs-

599 5416 747 5500 75185.7
765 5411 921 5500 Angl.
948 5411 1201 5500 magnai]!
1225 5424 1537 5500 potestatein
1561 5422 1611 5469 et
1643 5414 1944 5485 imperium.
2049 5411 2254 5500 qulelirt.

459 5435 571 5488 (ολιι)
608 5435 742 5472 mss.
765 5435 921 5541 angi.
948 5435 1191 5500 magnam
1225 5435 1537 5486 patestatem
1561 5435 1611 5469 et
1643 5435 1944 5485 imperium.
2049 5435 2157 5479 que
2178 5435 2254 5466 ιη.

459 5488 572 5560 (557)
599 5486 788 5560 Lamb.
889 5499 908 5542 t
940 5488 1094 5541 dixi:
1139 5487 1738 5560 Quemadmodum._7_7
1872 5555 1883 5560 7
2260 5479 2870 5560 Lamb.nconservat7u7m.
2953 5505 2956 5508 ~

603 5556 792 5612 Lamb.
833 5572 954 5613 eum
1001 5549 1179 5628 quem.
1231 5558 1295 5614 Et
1347 5573 1472 5612 mox
1498 5573 1512 5612 :
1542 5566 1592 5611 et
1624 5553 1802 5610 Filius
1831 5555 1946 5625 ejus
2273 5551 2420 5640 lliss.
2443 5549 2625 5605 Germ.
2653 5561 2709 5608 et
2742 5551 2878 5609 Vict.
2917 5560 3295 5626 receptumque.
3327 5551 3396 5608 At
3423 5553 3612 5609 Carm.

387 5632 608 5687 nuntiis.
2048 5632 2428 5676 conservatum.

457 5699 569 5771 (57)
609 5697 797 5755 Lamb.
829 5697 1235 5770 conﬁrmandos.
1265 5697 1329 5753 Et
1351 5698 1513 5768 paulo
1543 5707 1665 5770 post
1693 5715 1706 5752 :
1736 5707 1793 5754 ut
1815 5695 1942 5752 abo-
2125 5691 2237 5764 (45)
2269 5691 2371 5749 Ms.
2410 5689 2544 5748 Vict.
2575 5693 2729 5762 hujus
2775 5701 2906 5752 esse.
