4076 6142
273 221 399 279 965

1387 196 1682 256 PASTOR.
1721 228 1790 240 -—
1825 197 1957 256 LIB.
1995 197 2092 265 111,
2131 196 2332 254 SIMIL.
2376 199 2466 257 Vl.

3459 197 3566 256 968

1736 307 1968 365 CAPUT
2025 310 2093 364 ll.

356 402 467 460 Καὶ
495 399 645 474 λέγει
681 422 790 476 μοι·
827 403 1055 469 Βλέπεις
1086 401 1178 458 τὸν
1212 402 1448 474 ποιμένα
1484 399 1705 469 τοῦτον;
1737 402 1870 455 Βλέ-

2045 401 2137 456 Ait
2157 401 2291 456 mihi
2306 402 2536 473 angelus
2559 419 2575 458 :
2595 400 2759 458 Vides
2773 411 2954 459 autem
2974 402 3086 476 (65)
3104 403 3250 462 hunc
3261 403 3565 476 pastorem?

288 516 394 561 πω,
420 496 583 567 φημὶ,
617 495 794 568 κύριε.
825 491 1011 563 Οὗτος,
1051 496 1236 568 φησὶν,
1273 495 1502 565 ἄγγελος
1532 497 1746 568 τρυφῆς
1777 495 1873 550 καὶ

287 587 503 658 ἀπάτης
533 585 702 639 ἐστίν.
737 585 906 651 Οὗτος
939 585 1180 658 ἐκτρίϐει
1223 585 1323 651 τὰς
1366 585 1546 657 ψυχὰς
1593 587 1704 639 τῶν
1749 586 1871 640 δού-

287 676 392 730 λων
427 673 522 728 τοῦ
560 674 720 739 Θεοῦ,
773 676 865 728 καὶ
909 676 1276 748 καταστρέφει
1315 676 1425 730 ἀπὸ
1455 676 1558 747 τῆς
1593 675 1870 747 ἀληθείας,

287 765 511 820 ἀπατῶν
535 764 708 828 αύτάς
739 767 861 828 ταῖς
891 765 1210 838 ἐπιθυμίαις
1242 769 1362 831 ταῖς
1386 769 1671 838 πονηραῖς,
1698 767 1756 821 ἐν
1789 765 1877 831 αἷς

290 858 617 912 ἀπόλλυνται
645 857 1127 931 ἐπιλανθανόμενοι
1147 859 1259 913 τῶν
1286 859 1515 914 ἐντολῶν
1544 858 1640 912 τοῦ
1675 859 1876 925 ζῶντος

285 951 378 1006 τοῦ
412 951 570 1016 Θεοῦ,
605 951 700 1005 καὶ
717 951 1070 1024 πορευόμενοι
1105 952 1204 1024 (ἐν)
1227 955 1348 1016 ταῖς
1379 951 1878 1025 ματαίαιςτρυφαῖς

286 1047 379 1101 καὶ¹
413 1045 648 1110 ἀπάταις
676 1045 770 1099 τοῦ
807 1045 923 1116 βίου
957 1045 1168 1100 τούτου.
1193 1047 1284 1100 Διὸ
1310 1047 1402 1100 καὶ
1423 1046 1753 1101 ἀπόλλυνται
1772 1047 1877 1101 ὑπὸ

285 1136 380 1192 τοῦ
407 1133 640 1207 ἀγγέλου
661 1137 850 1191 τούτου
869 1138 950 1202 είς
967 1137 1196 1194 θάνατον
1211 1139 1306 1193 καὶ
1329 1138 1698 1211 καταφθοράν.
1716 1139 1877 1208 Λέγω

287 1230 459 1303 αύτῷο
492 1230 570 1284 Οὐ
601 1229 877 1300 γινώσκω,
908 1229 1087 1304 κύριε,
1118 1233 1173 1285 τί
1201 1234 1348 1286 ἐστιν
1375 1235 1463 1300 εὶς
1498 1230 1757 1286 θάνατον
1784 1232 1878 1285 καὶ

289 1321 685 1392 καταφθοράν.
720 1323 829 1376 Καὶ
874 1322 1022 1392 λέγει
1059 1341 1168 1395 μοι’
1207 1325 1404 1378 Ἄκουε
1429 1363 1447 1390 ,
1482 1325 1668 1396 φησιν·
1705 1325 1772 1378 Ἀ
1799 1320 1879 1378 εἷ-

287 1417 374 1481 δες
407 1415 654 1490 πρόϐατα
689 1416 849 1489 ἱλαρά
873 1419 967 1472 καὶ
993 1419 1317 1492 σκιρτῶντα,
1333 1413 1479 1474 οὗτοί
1513 1405 1648 1474 εἰσιν
1675 1421 1724 1472 οἱ
1747 1420 1882 1473 ἀπε-

290 1507 594 1578 σπασμένοι
633 1509 742 1562 ἀπὸ
773 1509 869 1562 τοῦ
897 1509 1033 1564 Θεοῦ
1055 1513 1136 1575 είς
1159 1511 1335 1576 τέλος,
1362 1511 1459 1566 καὶ
1491 1511 1878 1584 παραδεδωκό-

286 1618 379 1665 τες
411 1601 635 1665 έαυτοὺς
663 1605 786 1666 ταῖς
812 1603 1131 1676 ἐπιθυμίαις
1161 1605 1256 1658 τοῦ
1299 1605 1493 1672 αἰῶνος
1530 1606 1742 1660 τούτου.
1791 1607 1879 1662 Ἑν

287 1691 500 1756 τούτοις
535 1695 792 1764 μετάνοια
833 1695 981 1766 ζωῆς
1017 1697 1120 1749 οὐκ
1150 1695 1316 1751 ἔστιν’
1363 1698 1446 1752 ὅτι
1479 1699 1575 1753 καὶ
1612 1699 1675 1753 τὸ
1705 1700 1880 1772 ὄνομα

1979 490 2174 559 Video,
2219 493 2467 563 inquam,
2502 495 2744 550 domine.
2788 495 2856 549 Et
2891 496 3030 551 dixit
3071 497 3205 552 mihi
3241 515 3254 553 :
3291 497 3390 553 llic
3419 513 3566 554 nun-

1977 587 2090 642 tius
2116 585 2424 642 dulcedinis
2455 602 2519 642 ac
2551 587 2848 659 voluptatis
2875 597 2961 644 est
2989 589 3124 657 (66).
3153 589 3254 647 Hic
3274 607 3404 664 ergo
3434 605 3562 648 cor-

1976 673 2180 743 rumpit
2209 683 2420 729 mentes
2453 691 2740 731 servorum
2773 675 2889 742 Dei,
2917 687 2970 734 et
3001 681 3195 735 avertit
3234 696 3328 737 eos
3351 699 3390 738 ‘a
3417 682 3565 739 veri-

1979 773 2108 831 tate,
2146 765 2432 820 obiectans
2465 766 2901 836 cupiditatibus;
2955 777 3010 822 et
3055 781 3302 839 pereunt.
3352 772 3562 828 Oblivio

1979 865 2215 913 scuutur
2241 857 2390 912 enim
2428 857 2686 912 mandata
2726 856 2821 912 Dei
2847 857 2979 924 vivi,
3015 868 3070 914 et
3095 860 3150 913 in
3174 861 3408 919 luxuriis
3431 881 3566 930 con-

1979 944 2273 1005 versantur
2299 957 2353 1004 et
2380 948 2594 1006 deliciis
2623 949 2800 1016 vanis,
2824 958 2878 1004 et
2902 963 3336 1022 corrumpuntur
3362 953 3430 1010 ab
3456 956 3563 1012 hoc

1978 1040 2174 1094 nuntio
2194 1040 2340 1094 malo
2364 1039 2476 1111 (67)
2493 1041 2662 1114 aliqui
2682 1057 2856 1112 usque
2873 1042 2941 1097 ad
2964 1051 3220 1110 mortem,
3239 1044 3409 1114 aliqui
3435 1063 3565 1102 vero

1982 1146 2158 1201 usque
2178 1130 2247 1186 ad
2266 1130 2628 1188 defectionem
2646 1133 2782 1205 (68).
2802 1132 2936 1189 Dico
2955 1135 3005 1190 ei
3031 1154 3044 1190 :
3068 1135 3319 1203 Domine,
3342 1153 3450 1191 non
3483 1137 3570 1191 in-

1979 1225 2183 1294 telligo,
2210 1223 2343 1294 quid
2369 1226 2441 1281 sit
2469 1226 2539 1278 ad
2566 1237 2808 1291 mortem,
2845 1236 2900 1282 et
2933 1227 3065 1299 quid
3096 1234 3165 1280 ad
3195 1229 3562 1298 defectionem.

1979 1318 2144 1384 Audi,
2176 1317 2356 1389 inquit
2383 1337 2396 1374 :
2427 1317 2781 1389 Quaecunque
2813 1334 3014 1390 pecora
3041 1319 3225 1375 vidisti
3261 1321 3416 1376 valde
3445 1321 3568 1375 laeta

1981 1421 2037 1466 et
2057 1411 2410 1475 exsultantia,
2444 1412 2480 1465 ii
2508 1421 2639 1466 sunt
2665 1411 2760 1482 qui
2792 1411 2846 1466 in
2876 1421 3201 1482 perpetuum
3238 1411 3350 1482 (69)
3381 1428 3410 1466 a
3454 1411 3567 1466 Deo

1982 1503 2375 1571 discesserunt,
2416 1513 2471 1558 et
2493 1503 2836 1558 tradiderunt
2859 1519 2918 1559 se
2944 1504 3232 1559 desideriis
3266 1505 3431 1574 hujus
3459 1519 3565 1560 saa-

1983 1595 2115 1652 culi.
2144 1595 2215 1652 lis
2241 1611 2372 1667 ergo
2401 1589 2618 1652 non'cst
2640 1611 2735 1666 per
2768 1597 3150 1666 paenitentiam
3181 1612 3468 1668 regressus
3497 1599 3566 1653 ad

1983 1689 2150 1744 vitam
2180 1707 2196 1756 ;
2221 1687 2480 1759 quoniam
2509 1687 2730 1759 quidem
2763 1688 3084 1759 adjecerunt
3116 1690 3183 1744 ad
3230 1691 3438 1760 reliqua
3469 1691 3581 1744 de-‘

285 1783 384 1837 τοῦ
417 1782 550 1837 Θεοῦ
585 1785 652 1839 δι’
687 1786 884 1855 αὐτοὺς
921 1786 1342 1863 βλασφημεῖται.
1394 1793 1516 1847 Τῶν
1546 1792 1803 1849 τοιούτων
1842 1795 1876 1866 ἡ

1983 1781 2106 1836 licta
2127 1796 2248 1846 sua,
2262 1788 2526 1835 etnomen
2545 1779 2658 1852 (70)
2677 1779 2893 1837 Domini
2913 1781 3162 1837 nefandis
3185 1782 3432 1838 insectati
3450 1782 3564 1855 (7i)

289 1878 406 1952 ζωὴ
439 1880 666 1946 θάνατός
692 1883 858 1936 ἐστιν.
900 1884 968 1936 ’Ἀ
1007 1883 1064 1938 δὲ
1093 1881 1234 1950 εἶδες
1267 1886 1342 1958 μὴ
1369 1886 1670 1957 σκιρτῶντα
1692 1927 1706 1951 ,
1742 1885 1905 1941 ἀλλὰ’

288 1974 386 2028 καὶ
417 1974 474 2027 ἐν
505 1974 658 2046 τόπῳ
691 1974 1027 2047 βοσκόμενα,
1060 1972 1204 2031 οὗτοί
1236 1979 1372 2032 εἰσιν
1416 1981 1465 2032 οἱ
1498 1980 1880 2052 παραδεδωκό-

287 2083 382 2130 τες
407 2066 504 2136 μὲν
526 2068 594 2138 τῇ
626 2070 807 2140 τρυφῇ
828 2067 924 2121 καὶ
951 2068 1135 2143 ἀπάτῃ
1169 2071 1514 2136 ἑαυτοὺς,είς
1545 2071 1602 2125 δὲ
1637 2072 1730 2126 τὸν
1761 2073 1878 2127 Κύ-

286 2176 410 2231 ριον
431 2158 504 2230 μὴ
535 2158 1027 2232 βλασφημήσαντες
1043 2177 1056 2191 ·
1075 2157 1218 2216 οὗτοι
1233 2159 1326 2216 οὖν
1353 2163 1786 2237 κατεφθαρμένοι
1802 2167 1882 2219 εί-

291 2256 380 2309 σὶν
413 2255 521 2310 ἀπὸ
550 2255 652 2326 τῆς
697 2255 972 2326 ἀληθείας
1019 2257 1078 2311 ἐν
1108 2257 1318 2322 τούτοις
1361 2257 1518 2322 ἐλπίς
1549 2260 1666 2312 ἐστι
1715 2276 1880 2331 μετα-

291 2347 465 2410 νοίας,
499 2346 558 2399 ἐν
667 2344 923 2398 δύνανται
965 2345 1152 2416 ζῆσαι.
1204 2347 1268 2399 Ἡ
1305 2345 1627 2420 καταφθορά
1667 2343 1761 2402 οῦν
1793 2347 1881 2401 ἐλ-

289 2433 426 2488 πίδα
451 2433 564 2505 ἔχει
597 2435 948 2498 ἀναστάσεως
980 2433 1085 2499 ἕως
1123 2437 1287 2500 τινόςο
1323 2439 1350 2490 ὁ
1379 2436 1437 2490 δὲ
1463 2436 1692 2500 θάνατος
1724 2437 1879 2492 ἀπώ-

290 2527 443 2582 λειαν
487 2527 599 2598 ἔχει
640 2527 877 2581 αἰώνιον.
930 2527 1098 2582 Πάλιν
1147 2529 1461 2602 προέϐημεν
1510 2530 1736 2602 μικρὸν,
1787 2531 1882 2586 καὶ

1981 1872 2340 1929 sunt'verbis.
2380 1870 2707 1943 Hujusmodi
2739 1873 2987 1930 homines
3031 1875 3197 1929 morti
3231 1884 3358 1929 sunt
3389 1876 3562 1930 desti-

1979 1965 2116 2020 nati.
2148 1963 2282 2032 Quae
2312 1979 2440 2020 vero
2485 1963 2671 2019 vidisti
2715 1979 2914 2035 pecora
2951 1981 3057 2021 non
3089 1966 3440 2034 exsultantia,
3467 1965 3567 2023 sed

1983 2073 2094 2114 uno
2122 2057 2244 2112 loco
2269 2057 2574 2123 vescentia;
2609 2056 2646 2110 ii
2671 2067 2819 2124 sunt,
2853 2057 2948 2129 qui
2979 2057 3318 2113 tradiderunt
3353 2074 3412 2114 se
3437 2060 3566 2130 qui-

1984 2150 2107 2203 dem
2138 2148 2351 2204 deliciis
2380 2163 2446 2203 ac
2491 2147 2863 2218 voluptatibus
2883 2189 2898 2215 ,
2933 2147 3070 2202 nihil
3108 2164 3237 2203 vero
3267 2148 3565 2206 nefandum

1983 2239 2039 2294 in
2054 2238 2348 2296 Dominum
2365 2241 2533 2297 locuti
2555 2250 2704 2297 sunt.
2729 2240 2794 2296 ili
2809 2242 2974 2313 igitur
2989 2257 3098 2296 non
3115 2242 3233 2313 (72)
3249 2242 3566 2299 deiecerunt

1983 2334 2294 2401 averitate,
2335 2333 2569 2404 ideoque
2599 2335 2899 2405 repositam
2937 2334 3120 2388 adhuc
3167 2334 3371 2390 habent
3413 2351 3564 2407 spem

1984 2426 2109 2482 vitae
2122 2427 2178 2481 in
2194 2426 2534 2494 poenitentia.
2549 2425 2791 2482 Deiectio
2812 2425 2958 2482 enim
2975 2425 3141 2480 habet
3157 2441 3306 2496 spem
3325 2427 3566 2496 aliquam

1983 2515 2490 2586 redintegrationis;
2525 2531 2677 2572 mors
2718 2531 2849 2572 vero
2882 2524 3146 2588 perpetuo
3173 2524 3388 2571 tenetur
3414 2513 3576 2568 inter-

289 2618 534 2673 δείκνυσί
581 2637 671 2690 μοι
715 2620 901 2692 ἕτερον
948 2621 1181 2692 ποιμένα
1230 2621 1421 2693 μέγαν,
1474 2622 1550 2686 ὡς
1590 2621 1780 2696 ἄγριον
1811 2625 1879 2696 τῇ

1983 2607 2078 2662 itu.
2147 2605 2387 2662 Rursum
2413 2607 2690 2677 progressi
2713 2623 2906 2663 sumus
2935 2608 3258 2677 paululum:
3293 2617 3349 2663 et
3377 2617 3567 2663 osten-

295 2712 433 2784 ἰδέᾳ,
475 2713 853 2784 περικείμενον
895 2712 1070 2785 δέρμα
1101 2714 1278 2784 αἴγιον
1313 2714 1524 2779 λευκὸν,
1559 2717 1654 2770 καὶ
1699 2719 1881 2790 πήραν

288 2803 422 2858 τινὰ
450 2800 594 2874 εἶχεν
629 2805 719 2858 ἐπὶ
750 2805 842 2859 τὸν
876 2799 1045 2878 ὦμον,
1081 2807 1174 2859 καὶ
1209 2807 1402 2880 ῥάϐδον
1449 2809 1693 2882 σκληρὰν
1737 2809 1878 2877 λίαν,

290 2901 393 2953 καὶ
419 2899 574 2964 ὄζους
601 2900 843 2971 ἔχουσαν,
868 2902 963 2956 καὶ
980 2901 1041 2955 τὸ
1073 2901 1289 2974 βλέμμα
1319 2897 1463 2975 εἶχεν
1497 2905 1712 2975 πικρὸν,
1738 2904 1882 2960 ὥστε

292 2991 604 3062 φοϐηθῆναι
639 3011 706 3064 με
737 2994 920 3048 αὐτόν.
970 2989 1137 3058 Οὗτος
1168 2991 1261 3049 οὖν
1292 2995 1320 3047 ό
1355 2997 1558 3067 ποιμὴν
1592 2997 1882 3069 παρελάμ-

1989 2698 2071 2753 dit
2099 2697 2234 2753 mihi
2267 2707 2542 2768 pastorem
2569 2713 2847 2769 magnum,
2878 2708 2933 2754 et
2957 2700 3106 2754 velut
3136 2709 3404 2770 agrestem
3431 2702 3569 2772 ligu-

1981 2805 2101 2846 ram
2157 2790 2445 2846 habentem
2485 2790 2633 2862 (7'5),
2664 2792 2925 2847 amictum
2967 2793 3107 2862 pelle
3149 2793 3273 2847 alba
3319 2793 3569 2864 caprina,

1983 2899 2168 2953 peram
2201 2892 2505 2955 gestantem
2533 2884 2588 2938 in
2613 2885 2865 2948 humero,
2893 2892 2948 2940 et
2973 2901 3138 2939 manu
3163 2886 3370 2956 virgam
3399 2887 3571 2942 nodo-

1983 2994 2101 3034 sam
2123 2985 2178 3032 et
2196 2977 2351 3032 valde
2380 2976 2596 3043 duram,
2615 2975 2954 3047 etflagellum
2981 2976 3093 3046 (74)
3113 2977 3165 3031 in
3189 2993 3386 3042 manu;
3412 2993 3571 3048 aspe-

293 3085 429 3138 6ανε
460 3084 530 3138 τά
562 3086 809 3158 πρόϐατα
838 3087 946 3140 ἀπὸ
983 3087 1078 3140 τοῦ
1116 3087 1373 3158 ποιμένος
1402 3087 1496 3140 τοῦ
1536 3088 1752 3159 πρώτου
1784 3089 1880 3144 τοῦ

1987 3080 2134 3124 ctum
2167 3079 2346 3124 autem
2372 3079 2580 3123 trucem
2605 3067 2719 3139 (75)
2743 3076 2797 3123 et
2823 3082 3025 3123 saavum
3055 3070 3316 3137 habebat,
3348 3078 3409 3124 ut
3437 3085 3566 3140 pos-

292 3174 602 3238 νεανίσκου,
639 3176 822 3230 ἐκεῖνα
847 3175 916 3229 τά
947 3175 1327 3240 σπαταλῶντα,
1349 3176 1443 3229 καὶ
1473 3176 1783 3246 τρυφῶντα,
1805 3178 1880 3250 μὴ

1991 3171 2072 3215 set
2119 3169 2326 3215 terrere
2357 3161 2572 3229 aliquos
2605 3160 2717 3231 (76)
2758 3177 2771 3213 :
2819 3161 2944 3216 talis
2970 3170 3090 3216 erat
3139 3171 3393 3232 aspectus
3424 3161 3566 3231 ejus.

293 3267 608 3340 σκιρτῶντα
635 3269 713 3334 δέ,
752 3268 848 3320 κα)⁹
880 3267 1101 3320 ἔϐαλλεν
1129 3267 1269 3320 αὐτὰ
1290 3268 1370 3330 εἰς
1393 3285 1519 3321 τινα
1548 3269 1712 3321 τόπον
1744 3286 1882 3341 κρη-

295 3360 508 3432 μνώδη,
545 3361 638 3413 κα)⁹
671 3357 975 3428 ἀκανθώδη,
1010 3359 1103 3410 καὶ
1134 3357 1449 3430 τριϐολὼδη·
1479 3358 1621 3413 ὥστε
1641 3360 1750 3414 ἀπὸ
1772 3359 1884 3413 τῶν

294 3454 555 3510 ἀκανθῶν
572 3454 664 3506 καὶ
693 3451 956 3522 τριϐόλων
983 3451 1057 3522 μὴ
1073 3451 1328 3504 δύνασθαι
1361 3453 1618 3521 ἐκπλέξαι
1649 3452 1720 3507 τά
1749 3453 1884 3527 πρό-

294 3549 461 3610 ϐατα,
495 3544 611 3598 ἀλλ’
641 3543 1009 3614 ἐμπλέκεσθαι
1033 3547 1154 3608 ταῖς
1185 3545 1448 3608 ἀκάνθαις
1469 3546 1564 3599 καὶ
1592 3546 1882 3618 τριϐόλοις,

293 3640 398 3694 καὶ
426 3637 545 3690 λίαν
579 3634 983 3706 ἐταλαιπώρουν
1013 3637 1276 3708 δερόμενα
1311 3639 1401 3691 ὑπ’
1435 3637 1621 3691 αὐτοῦ’
1658 3641 1751 3694 καὶ
1784 3635 1885 3694 ὧδε

295 3733 468 3787 κάκεῖ
499 3730 848 3804 περιέλαυνεν
881 3730 1039 3785 αύτά“
1073 3733 1168 3786 καὶ
1206 3732 1343 3796 ὅλως
1363 3732 1671 3788 ἀνάπαυσιν
1702 3735 1885 3802 αὐτοῖς

293 3825 404 3878 οὐκ
437 3822 629 3888 ἐδίδου,
666 3823 786 3875 ούδέ
820 3822 1056 3876 ἵσταντο.

1989 3252 2088 3306 llic
2109 3266 2239 3322 ergo
2259 3251 2559 3320 accipiebat
2574 3251 2642 3305 ab
2669 3251 2762 3305 illo
2782 3251 2981 3321 juvene
3010 3261 3230 3322 pastore
3253 3268 3318 3307 ea
3349 3268 3572 3323 pecora,

1989 3360 2112 3417 quae
2140 3343 2364 3399 delicias
2389 3343 2502 3415 (77)
2534 3343 2752 3414 quidem
2781 3345 3037 3414 agebant,
3072 3345 3167 3400 sed
3195 3360 3303 3400 non
3329 3346 3575 3402 exsulta—

1991 3455 2154 3523 bant;
2182 3463 2238 3510 et
2267 3453 2629 3524 compellebat
2652 3469 2715 3509 ea
2744 3454 2799 3508 in
2822 3455 3158 3525 praecipitem
3177 3454 3356 3510 locum
3380 3471 3574 3525 quem—

1992 3551 2142 3617 dam,
2172 3563 2237 3604 ac
2274 3548 2559 3618 spinosum
2584 3546 2913 3618 tribulisque
2929 3546 3260 3613 confertum,
3286 3563 3461 3618 usque
3475 3550 3574 3604 ad-

1991 3659 2058 3700 eo
2082 3652 2142 3698 ut
2165 3645 2232 3699 de
2258 3643 2433 3712 spinis
2469 3650 2524 3698 et
2561 3641 2776 3696 tribulis
2803 3655 2863 3696 se
2887 3655 2996 3695 non
3024 3649 3247 3711 possent
3275 3641 3570 3712 explicare;

1992 3736 2088 3793 sed
2119 3735 2384 3806 implicita
2422 3734 2497 3790 ibi
2527 3735 2894 3804 pascebantur
2932 3732 3105 3802 spinis
3135 3741 3189 3788 et
3235 3733 3486 3801 tribulis;
3519 3742 3576 3790 et

1991 3845 2184 3902 graves
2199 3826 2595 3900 (78)cruciatus
2606 3825 3030 3896 experiebantur
3045 3840 3114 3881 ex
3128 3825 3446 3883 verberibus
3459 3825 3573 3897 (79)

294 3919 426 3989 ejus
453 3932 468 3970 :
499 3915 695 3986 agebat
719 3915 864 3971 enim
889 3931 976 3980 ea,
1007 3922 1063 3970 et
1092 3928 1192 3970 nec
1215 3915 1554 3971 consistendi
1577 3916 1659 3973 eis
1683 3917 1866 3974 locum
1891 3929 1986 3974 aut
2011 3927 2231 3988 tempus
2258 3915 2370 3987 (80)
2399 3916 2772 3986 permittebat.

1746 4028 1976 4086 CAPUT
2015 4030 2107 4084 IIl.

376 4124 601 4187 Βλέπων
630 4117 722 4177 οὖν
754 4121 893 4175 αύτά
917 4119 1028 4190 ἐγὼ
1060 4119 1232 4184 οὕτως
1269 4118 1638 4191 μαστιζόμενα
1668 4121 1763 4174 καὶ
1793 4139 1880 4175 τα-

2072 4117 2211 4174 Cum
2251 4118 2494 4174 viderem
2537 4133 2670 4189 ergo
2713 4117 2796 4174 sic
2841 4133 2905 4173 ea
2941 4117 3202 4190 ﬂagellari
3231 4128 3286 4175 et
3318 4121 3576 4177 miserias

295 4214 718 4287 λαιπωροῦντα,
756 4212 1068 4283 ἐλυπούμην
1101 4211 1188 4264 ἐπ’
1221 4211 1422 4275 αὐτοῖς,
1456 4212 1538 4266 ὃτι
1560 4211 1732 4275 οὕτως
1761 4213 1880 4266 ἐϐα-

2001 4211 2262 4282 experiri,
2291 4211 2544 4266 dolebam
2575 4225 2675 4281 pro
2701 4209 2803 4277 eis,
2835 4209 2965 4280 quia
2987 4210 3144 4266 valde
3164 4212 3572 4279 cruciabantur,

299 4306 606 4371 σανίζοντο,
644 4306 737 4358 καὶ
761 4303 958 4375 ἀνοχὴν
984 4303 1122 4366 ὅλως
1152 4302 1251 4356 οὐκ
1287 4300 1449 4373 εἶχον.
1500 4304 1611 4357 Καὶ
1643 4303 1785 4373 λέγω
1815 4304 1880 4376 τᾷ

2002 4319 2104 4361 nec
2134 4305 2244 4359 ulla
2293 4303 2514 4374 requies
2554 4304 2636 4358 eis
2659 4302 2914 4358 dabatur.
2944 4301 3075 4358 Dico
3101 4301 3168 4356 ad
3198 4311 3469 4372 pastorem
3502 4305 3574 4359 il-

295 4397 524 4468 ἀγγέλῳ
549 4395 628 4466 τῷ
664 4395 780 4466 μετ’
813 4394 949 4465 ἐμοῦ
982 4391 1250 4447 λαλοῦντι·
1288 4393 1481 4465 Κύριε,
1515 4394 1600 4458 τίς
1636 4394 1782 4449 ἐστιν
1808 4392 1880 4452 οἶν

2005 4399 2118 4454 lum
2141 4398 2236 4468 qui
2267 4405 2387 4453 erat
2413 4412 2628 4452 mecum
2659 4413 2674 4450 :
2707 4394 2842 4463 Quis
2866 4403 2971 4464 est,
2994 4393 3242 4463 Domine,
3273 4396 3364 4452 hic
3388 4404 3576 4466 pastor

1418 4505 1654 4561 VARUE
1693 4507 2080 4569 LECTIONES
2110 4513 2199 4572 ET
2232 4511 2465 4568 ΝΟΤᾸΞ.

295 4608 466 4664 sione
485 4602 697 4674 librarii
717 4600 931 4674 incuria
953 4599 1890 4674 videnturexcidisse.Apudipsum
1995 4605 2125 4659 edit.
2159 4607 2330 4660 Oxon.
2364 4603 2592 4659 Graeca:
2633 4601 2934 4674 Hiquidem
2955 4600 3189 4670 corrupti
3211 4608 3262 4653 et
3295 4617 3328 4654 a
3353 4601 3580 4656 veritate

299 4689 552 4744 namque
580 4673 740 4743 paulo
769 4680 892 4744 post
919 4670 1036 4744 [nec
1059 4669 1317 4744 leguntur
1341 4686 1354 4720 :
1387 4669 1518 4734 Qua:
1559 4686 1678 4744 vero
1709 4669 1892 4726 vidisti
1995 4676 2198 4730 seducti
2229 4683 2374 4730 sunt.

295 4737 498 4818 pecora
526 4737 628 4818 non
667 4737 1018 4818 exsultantia,
1043 4737 1134 4792 sed
1165 4754 1268 4791 uno
1299 4737 1712 4818 (octonveicentia
1725 4759 1744 4804 ;
1771 4759 1893 4818 quae
2070 4745 2187 4818 (7'5)
2216 4745 2419 4818 _Lam_b.
2449 4743 2603 4818 deest
2632 4743 2930 4818 habentem.

296 4809 446 4875 sane
472 4815 676 4885 omissa
702 4810 1055 4885 praecedentia
1079 4818 1338 4880 arguunt.
1364 4809 1464 4864 Cll.
1494 4809 1739 4866 Pastoris
1771 4809 1891 4868 édi-
2069 4809 2184 4885 (74)
2216 4815 2408 4869 Lamb.
2439 4823 2490 4867 et
2520 4814 2842 4885 vehementer
2868 4813 3061 4885 durum
3099 4809 3392 4881 ﬂagellum.

301 4898 473 4958 mres
497 4880 792 4958 id_i‘ugi_Sse
817 4883 1006 4958 miror.
1194 4948 1205 4958 _
1851 4925 1860 4933 .
2067 4880 2179 4958 (75)
2215 4885 2408 4941 Lamb.
2442 4900 2704 4958 amarum.
2725 4880 2816 4938 Sic
2836 4892 2891 4936 et
2911 4882 3042 4937 edit.
3071 4880 3245 4934 Oxdn.
3266 4897 3387 4950 quae
3407 4883 3574 4938 etiam

381 4957 499 5025 (ϋὸ)
557 4948 748 5008 Lamb.
804 4954 1000 5008 desunt
1050 4948 1272 5020 angelus
1327 4958 1382 5006 et
1434 4958 1630 5005 autem.
1694 4952 1786 5008 Sic
1839 4962 1893 5009 et
1996 4948 2345 5026 sev'erumpro
2373 4970 2568 5009 smvum
2615 4953 2821 5026 habet._
2902 5022 2914 5026 _
3029 5022 3074 5026 __
3222 5022 3231 5026 _
3291 4948 3299 4950 “
3515 5023 3542 5026 Δί
3639 4965 3642 4968 '

297 5022 522 5086 Graeca.
645 5093 753 5098 _u
1118 5094 1128 5098 _
1227 5091 1240 5098 _
1379 5092 1410 5098 __
1546 5090 1561 5098 _

2067 5023 2179 5098 (76)
2230 5022 2422 5082 Lamb.
2481 5025 2692 5078 horrere
2746 5022 2961 5092 aliquis.
3011 5022 3099 5077 Al.
3144 5022 3422 5079 exhorrere
3469 5023 3576 5079 ali-

379 5100 498 5169 (Uli)
537 5099 615 5150 Ita
645 5093 826 5170 Folius
849 5110 916 5170 ex
947 5109 1078 5170 mss.
1106 5091 1261 5170 Angl.
1297 5092 1498 5163 quibus
1529 5090 1679 5149 deest
1715 5093 1891 5148 illece-
1994 5090 2171 5170 quis;
2219 5165 2236 5170 _
2355 5166 2367 5170 _
2642 5164 2675 5170 __
2766 5166 2789 5170 _
2833 5090 2845 5092 _
2936 5161 2941 5167 ,

300 5163 553 5230 brdrum,
585 5167 729 5236 quod
761 5165 967 5238 addunt
994 5163 1144 5238 editi.
2007 5163 2017 5170 ’
2069 5168 2183 5238 (77)
2216 5165 2408 5238 Lamb.
2443 5181 2568 5220 cum
2593 5164 2721 5219 edit.
2756 5163 2941 5238 Oxon.
2962 5165 3184 5219 deliciis.

380 5238 499 5308 (67)
533 5233 723 5311 Lamb.
749 5237 900 5311 deest
923 5233 1105 5311 ηῑίιίοἰ
2069 5233 2181 5311 (78)
2219 5236 2413 5293 Lamb.
2438 5247 2796 5308 pascerentur.
2830 5233 3024 5304 Spiuas
3053 5247 3101 5289 et
3130 5234 3352 5289 tribulos
3380 5243 3430 5288 el
3457 5251 3555 5306 gra

380 5305 498 5376 ((58)
534 5310 740 5371 Gra'ca,
773 5306 839 5358 ad
871 5305 1283 5373 corruptionem.
1995 5305 2098 5366 ves.

378 5380 497 5451 (99)
531 5378 721 5451 Lamb.
749 5385 1016 5451 perpetuo.
1135 5447 1144 5451 _
1393 5447 1402 5451 _
1709 5447 1757 5451 __
2065 5379 2176 5451 (79)
2211 5379 2304 5451 Sic
2336 5392 2476 5435 mss.
2509 5378 2668 5450 Angl;
2703 5387 2759 5432 et
2799 5377 2983 5434 Carm.
3011 5377 3102 5432 Sic
3129 5386 3184 5432 et
3223 5376 3354 5433 cdit.
3394 5376 3552 5433 Oxon

382 5450 501 5520 (70)
536 5448 725 5503 Lamb.
773 5463 892 5513 sua,
927 5447 1086 5499 etiam
1124 5447 1220 5500 hoc
1266 5447 1402 5502 quod
1446 5462 1653 5501 nomen.
1705 5447 1796 5502 Sic
1833 5457 1887 5503 et
1991 5447 2082 5508 Al.
2109 5447 2305 5506 verbis.

305 5517 578 5598 Fidius."
709 5591 719 5598 _
817 5591 828 5598 _
894 5591 904 5598 _
1100 5587 1111 5598 .
2067 5523 2180 5592 (80)
2209 5523 2290 5578 Ita
2319 5520 2505 5579 Fcllus
2556 5535 2623 5576 ex
2652 5533 2788 5578 mss.
2821 5517 2975 5576 Bodl.
3016 5528 3068 5576 ct
3098 5517 3292 5575 Lamb.
3321 5519 3410 5575 Al.
3452 5528 3575 5574 ante

385 5590 500 5662 (7i)
532 5589 662 5662 Mss.
695 5591 851 5660 Angl.
886 5589 1132 5643 insecuti.
1577 5659 1588 5662 _
1850 5659 1860 5662 Α
1997 5589 2219 5662 (emptis.

385 5661 502 5730 (ἴε)
536 5660 663 5718 Mss.
691 5659 846 5732 Angl.
891 5662 1042 5717 deest
1069 5674 1172 5712 non
1197 5673 1215 5711 :
1243 5674 1418 5730 neque
1448 5659 1608 5733 illud,
1643 5659 1889 5733 agnoscit
