  <div class='ocr_page' id='page_1' title='image "/cluster/home/n/w/nwhite01/storage/ocr_20150623/2/mdp.39015005182426/493.png"; bbox 0 0 4076 6142; ppageno 0'>
   <div class='ocr_carea' id='block_1_1' title="bbox 470 143 576 203">
    <p class='ocr_par' dir='ltr' id='par_1_1' title="bbox 470 143 576 203">
     <span class='ocr_line' id='line_1_1' title="bbox 470 143 576 203; baseline -0.028 0"><span class='ocrx_word' id='word_1_1' title='bbox 470 143 576 203; x_wconf 72' lang='grc' dir='ltr'><strong>9ζοῖ</strong></span> 
     </span>
    </p>
   </div>
   <div class='ocr_carea' id='block_1_2' title="bbox 1937 141 2304 199">
    <p class='ocr_par' dir='ltr' id='par_1_2' title="bbox 1937 141 2304 199">
     <span class='ocr_line' id='line_1_2' title="bbox 1937 141 2304 199; baseline 0 -1"><span class='ocrx_word' id='word_1_2' title='bbox 1937 142 1994 198; x_wconf 88' lang='lat' dir='ltr'><strong>S.</strong></span> <span class='ocrx_word' id='word_1_3' title='bbox 2034 141 2304 199; x_wconf 71' lang='lat' dir='ltr'><strong>HERIE</strong></span> 
     </span>
    </p>
   </div>
   <div class='ocr_carea' id='block_1_3' title="bbox 3622 140 3741 196">
    <p class='ocr_par' dir='ltr' id='par_1_3' title="bbox 3622 140 3741 196">
     <span class='ocr_line' id='line_1_3' title="bbox 3622 140 3741 196; baseline 0 0"><span class='ocrx_word' id='word_1_4' title='bbox 3622 140 3741 196; x_wconf 73' lang='lat'><strong>968</strong></span> 
     </span>
    </p>
   </div>
   <div class='ocr_carea' id='block_1_4' title="bbox 468 227 2070 334">
    <p class='ocr_par' dir='ltr' id='par_1_4' title="bbox 468 227 2052 332">
     <span class='ocr_line' id='line_1_4' title="bbox 468 227 2052 332; baseline 0.003 -20"><span class='ocrx_word' id='word_1_5' title='bbox 468 262 580 312; x_wconf 85' lang='lat' dir='ltr'><strong>tam</strong></span> <span class='ocrx_word' id='word_1_6' title='bbox 610 255 970 327; x_wconf 72' lang='lat' dir='ltr'><strong>implacabilis</strong></span> <span class='ocrx_word' id='word_1_7' title='bbox 1013 264 1067 312; x_wconf 89' lang='lat' dir='ltr'><strong>et</strong></span> <span class='ocrx_word' id='word_1_8' title='bbox 1105 227 1217 315; x_wconf 68' lang='lat' dir='ltr'><strong>tam</strong></span> <span class='ocrx_word' id='word_1_9' title='bbox 1263 275 1490 316; x_wconf 79' lang='lat' dir='ltr'><strong>amarus</strong></span> <span class='ocrx_word' id='word_1_10' title='bbox 1515 301 1531 326; x_wconf 85' lang='lat'><strong>,</strong></span> <span class='ocrx_word' id='word_1_11' title='bbox 1567 261 1664 332; x_wconf 86' lang='lat' dir='ltr'><strong>qui</strong></span> <span class='ocrx_word' id='word_1_12' title='bbox 1699 261 1852 317; x_wconf 91' lang='lat' dir='ltr'><strong>nullo</strong></span> <span class='ocrx_word' id='word_1_13' title='bbox 1885 260 2052 316; x_wconf 90' lang='lat' dir='ltr'><strong>modo</strong></span> 
     </span>
    </p>
   </div>
   <div class='ocr_carea' id='block_1_5' title="bbox 2167 227 3743 334">
    <p class='ocr_par' dir='ltr' id='par_1_5' title="bbox 2167 256 3743 334">
     <span class='ocr_line' id='line_1_5' title="bbox 2167 256 3743 334; baseline 0.002 -21"><span class='ocrx_word' id='word_1_14' title='bbox 2167 277 2246 325; x_wconf 73' lang='grc' dir='ltr'>τος</span> <span class='ocrx_word' id='word_1_15' title='bbox 2265 263 2296 314; x_wconf 82' lang='grc' dir='ltr'><strong>ὁ</strong></span> <span class='ocrx_word' id='word_1_16' title='bbox 2328 256 2555 332; x_wconf 78' lang='grc' dir='ltr'>ποιμὴν,</span> <span class='ocrx_word' id='word_1_17' title='bbox 2605 261 2637 315; x_wconf 81' lang='grc' dir='ltr'><strong>ὁ</strong></span> <span class='ocrx_word' id='word_1_18' title='bbox 2671 259 3022 333; x_wconf 76' lang='grc' dir='ltr'><strong>ἄσπλαγχνος</strong></span> <span class='ocrx_word' id='word_1_19' title='bbox 3066 262 3163 316; x_wconf 73' lang='grc' dir='ltr'>καὶ</span> <span class='ocrx_word' id='word_1_20' title='bbox 3194 262 3426 334; x_wconf 74' lang='grc' dir='ltr'>πικρόςς</span> <span class='ocrx_word' id='word_1_21' title='bbox 3458 261 3570 314; x_wconf 70' lang='grc' dir='ltr'><strong>Καὶ</strong></span> <span class='ocrx_word' id='word_1_22' title='bbox 3593 259 3743 330; x_wconf 79' lang='grc' dir='ltr'>λέγει</span> 
     </span>
    </p>
   </div>
   <div class='ocr_carea' id='block_1_6' title="bbox 471 347 2049 423">
    <p class='ocr_par' dir='ltr' id='par_1_6' title="bbox 471 347 2049 423">
     <span class='ocr_line' id='line_1_6' title="bbox 471 347 2049 423; baseline 0.005 -24"><span class='ocrx_word' id='word_1_23' title='bbox 471 347 819 402; x_wconf 68' lang='lat' dir='ltr'><strong>miseratione</strong></span> <span class='ocrx_word' id='word_1_24' title='bbox 860 347 976 417; x_wconf 90' lang='grc'>(81)</span> <span class='ocrx_word' id='word_1_25' title='bbox 1033 359 1285 406; x_wconf 75' lang='lat' dir='ltr'><strong>movetur</strong></span> <span class='ocrx_word' id='word_1_26' title='bbox 1333 352 1601 408; x_wconf 82' lang='lat' dir='ltr'><strong>adversus</strong></span> <span class='ocrx_word' id='word_1_27' title='bbox 1647 353 1764 407; x_wconf 66' lang='lat' dir='ltr'><strong>haec</strong></span> <span class='ocrx_word' id='word_1_28' title='bbox 1811 354 2049 423; x_wconf 79' lang='lat' dir='ltr'><strong>pecora?</strong></span> 
     </span>
    </p>
   </div>
   <div class='ocr_carea' id='block_1_7' title="bbox 470 436 2050 514">
    <p class='ocr_par' dir='ltr' id='par_1_7' title="bbox 470 436 2050 514">
     <span class='ocr_line' id='line_1_7' title="bbox 470 436 2050 514; baseline 0.006 -23"><span class='ocrx_word' id='word_1_29' title='bbox 470 436 589 504; x_wconf 88' lang='lat' dir='ltr'><strong>llic,</strong></span> <span class='ocrx_word' id='word_1_30' title='bbox 637 439 830 507; x_wconf 88' lang='lat' dir='ltr'><strong>inquit,</strong></span> <span class='ocrx_word' id='word_1_31' title='bbox 861 450 1072 508; x_wconf 91' lang='lat' dir='ltr'><strong>pastor,</strong></span> <span class='ocrx_word' id='word_1_32' title='bbox 1105 457 1208 512; x_wconf 82' lang='lat' dir='ltr'><strong>pro</strong></span> <span class='ocrx_word' id='word_1_33' title='bbox 1227 442 1392 513; x_wconf 89' lang='lat' dir='ltr'><strong>justis</strong></span> <span class='ocrx_word' id='word_1_34' title='bbox 1427 443 1542 514; x_wconf 73' lang='grc'>(82)</span> <span class='ocrx_word' id='word_1_35' title='bbox 1572 443 1792 514; x_wconf 87' lang='lat' dir='ltr'><strong>quidem</strong></span> <span class='ocrx_word' id='word_1_36' title='bbox 1823 443 2050 500; x_wconf 89' lang='lat' dir='ltr'><strong>nuntius</strong></span> 
     </span>
    </p>
   </div>
   <div class='ocr_carea' id='block_1_8' title="bbox 467 528 2050 605">
    <p class='ocr_par' dir='ltr' id='par_1_8' title="bbox 467 528 2050 605">
     <span class='ocr_line' id='line_1_8' title="bbox 467 528 2050 605; baseline 0.004 -22"><span class='ocrx_word' id='word_1_37' title='bbox 467 541 572 595; x_wconf 83' lang='lat' dir='ltr'><strong>est,</strong></span> <span class='ocrx_word' id='word_1_38' title='bbox 598 528 690 582; x_wconf 86' lang='lat' dir='ltr'><strong>sed</strong></span> <span class='ocrx_word' id='word_1_39' title='bbox 721 530 1048 598; x_wconf 58' lang='lat' dir='ltr'><strong>praepositus</strong></span> <span class='ocrx_word' id='word_1_40' title='bbox 1075 547 1270 600; x_wconf 64' lang='lat' dir='ltr'><strong>pinum.</strong></span> <span class='ocrx_word' id='word_1_41' title='bbox 1300 530 1442 588; x_wconf 81' lang='lat' dir='ltr'><strong>Huic</strong></span> <span class='ocrx_word' id='word_1_42' title='bbox 1467 549 1599 604; x_wconf 87' lang='lat' dir='ltr'><strong>ergo</strong></span> <span class='ocrx_word' id='word_1_43' title='bbox 1633 535 1928 590; x_wconf 86' lang='lat' dir='ltr'><strong>traduntur</strong></span> <span class='ocrx_word' id='word_1_44' title='bbox 1955 536 2050 605; x_wconf 89' lang='lat' dir='ltr'><strong>qui</strong></span> 
     </span>
    </p>
   </div>
   <div class='ocr_carea' id='block_1_9' title="bbox 467 619 2052 680">
    <p class='ocr_par' dir='ltr' id='par_1_9' title="bbox 467 619 2052 680">
     <span class='ocr_line' id='line_1_9' title="bbox 467 619 2052 680; baseline 0.002 -5"><span class='ocrx_word' id='word_1_45' title='bbox 467 637 497 675; x_wconf 89' lang='lat' dir='ltr'><strong>a</strong></span> <span class='ocrx_word' id='word_1_46' title='bbox 527 619 638 674; x_wconf 86' lang='lat' dir='ltr'><strong>Deo</strong></span> <span class='ocrx_word' id='word_1_47' title='bbox 659 619 1077 680; x_wconf 88' lang='lat' dir='ltr'><strong>aberraverunt.</strong></span> <span class='ocrx_word' id='word_1_48' title='bbox 1118 631 1174 677; x_wconf 91' lang='lat' dir='ltr'><strong>et</strong></span> <span class='ocrx_word' id='word_1_49' title='bbox 1203 625 1514 679; x_wconf 83' lang='lat' dir='ltr'><strong>servierunt</strong></span> <span class='ocrx_word' id='word_1_50' title='bbox 1541 624 1834 680; x_wconf 85' lang='lat' dir='ltr'><strong>desideriis</strong></span> <span class='ocrx_word' id='word_1_51' title='bbox 1862 640 1929 680; x_wconf 88' lang='lat' dir='ltr'><strong>ac</strong></span> <span class='ocrx_word' id='word_1_52' title='bbox 1953 639 2052 678; x_wconf 84' lang='lat' dir='ltr'><strong>vo-</strong></span> 
     </span>
    </p>
   </div>
   <div class='ocr_carea' id='block_1_10' title="bbox 466 713 2052 786">
    <p class='ocr_par' dir='ltr' id='par_1_10' title="bbox 466 713 2052 786">
     <span class='ocr_line' id='line_1_10' title="bbox 466 713 2052 786; baseline 0.004 -21"><span class='ocrx_word' id='word_1_53' title='bbox 466 713 766 782; x_wconf 82' lang='lat' dir='ltr'><strong>luptatibus</strong></span> <span class='ocrx_word' id='word_1_54' title='bbox 793 713 978 767; x_wconf 67' lang='lat' dir='ltr'><strong>saeculi</strong></span> <span class='ocrx_word' id='word_1_55' title='bbox 1022 714 1207 784; x_wconf 83' lang='lat' dir='ltr'><strong>hujus.</strong></span> <span class='ocrx_word' id='word_1_56' title='bbox 1231 713 1398 770; x_wconf 86' lang='lat' dir='ltr'><strong>Punit</strong></span> <span class='ocrx_word' id='word_1_57' title='bbox 1438 731 1570 786; x_wconf 89' lang='lat' dir='ltr'><strong>ergo</strong></span> <span class='ocrx_word' id='word_1_58' title='bbox 1611 732 1728 783; x_wconf 90' lang='lat' dir='ltr'><strong>eos,</strong></span> <span class='ocrx_word' id='word_1_59' title='bbox 1757 719 1902 772; x_wconf 81' lang='lat' dir='ltr'><strong>sicut</strong></span> <span class='ocrx_word' id='word_1_60' title='bbox 1937 730 2052 771; x_wconf 84' lang='lat' dir='ltr'><strong>me-</strong></span> 
     </span>
    </p>
   </div>
   <div class='ocr_carea' id='block_1_11' title="bbox 466 805 2048 878">
    <p class='ocr_par' dir='ltr' id='par_1_11' title="bbox 466 805 2048 878">
     <span class='ocr_line' id='line_1_11' title="bbox 466 805 2048 878; baseline 0.004 -21"><span class='ocrx_word' id='word_1_61' title='bbox 466 808 576 858; x_wconf 87' lang='lat' dir='ltr'><strong>ruit</strong></span> <span class='ocrx_word' id='word_1_62' title='bbox 611 805 993 874; x_wconf 78' lang='lat' dir='ltr'><strong>unusquisque</strong></span> <span class='ocrx_word' id='word_1_63' title='bbox 1036 821 1225 862; x_wconf 87' lang='lat' dir='ltr'><strong>eorum</strong></span> <span class='ocrx_word' id='word_1_64' title='bbox 1252 847 1268 869; x_wconf 87' lang='lat'><strong>,</strong></span> <span class='ocrx_word' id='word_1_65' title='bbox 1311 807 1474 862; x_wconf 63' lang='lat' dir='ltr'><strong>saevis</strong></span> <span class='ocrx_word' id='word_1_66' title='bbox 1525 809 1806 878; x_wconf 86' lang='lat' dir='ltr'><strong>variisque</strong></span> <span class='ocrx_word' id='word_1_67' title='bbox 1849 809 2048 878; x_wconf 75' lang='lat' dir='ltr'><strong>poenis.</strong></span> 
     </span>
    </p>
   </div>
   <div class='ocr_carea' id='block_1_12' title="bbox 472 895 2050 969">
    <p class='ocr_par' dir='ltr' id='par_1_12' title="bbox 472 895 2050 969">
     <span class='ocr_line' id='line_1_12' title="bbox 472 895 2050 969; baseline 0.005 -23"><span class='ocrx_word' id='word_1_68' title='bbox 472 895 696 962; x_wconf 83' lang='lat' dir='ltr'><strong>Vellem,</strong></span> <span class='ocrx_word' id='word_1_69' title='bbox 726 895 972 966; x_wconf 83' lang='lat' dir='ltr'><strong>inquam,</strong></span> <span class='ocrx_word' id='word_1_70' title='bbox 999 912 1182 961; x_wconf 87' lang='lat' dir='ltr'><strong>nosse,</strong></span> <span class='ocrx_word' id='word_1_71' title='bbox 1210 896 1461 965; x_wconf 85' lang='lat' dir='ltr'><strong>Domine,</strong></span> <span class='ocrx_word' id='word_1_72' title='bbox 1488 899 1672 954; x_wconf 88' lang='lat' dir='ltr'><strong>varias</strong></span> <span class='ocrx_word' id='word_1_73' title='bbox 1700 899 1801 954; x_wconf 83' lang='lat' dir='ltr'><strong>bas</strong></span> <span class='ocrx_word' id='word_1_74' title='bbox 1839 915 2050 969; x_wconf 55' lang='lat' dir='ltr'><strong>pugnas,</strong></span> 
     </span>
    </p>
   </div>
   <div class='ocr_carea' id='block_1_13' title="bbox 467 985 2054 1062">
    <p class='ocr_par' dir='ltr' id='par_1_13' title="bbox 467 985 2054 1062">
     <span class='ocr_line' id='line_1_13' title="bbox 467 985 2054 1062; baseline 0.005 -23"><span class='ocrx_word' id='word_1_75' title='bbox 467 985 779 1054; x_wconf 86' lang='lat' dir='ltr'><strong>cujusmodi</strong></span> <span class='ocrx_word' id='word_1_76' title='bbox 811 986 970 1041; x_wconf 85' lang='lat' dir='ltr'><strong>sunt?</strong></span> <span class='ocrx_word' id='word_1_77' title='bbox 1001 988 1183 1054; x_wconf 85' lang='lat' dir='ltr'><strong>Audi,</strong></span> <span class='ocrx_word' id='word_1_78' title='bbox 1217 988 1430 1058; x_wconf 89' lang='lat' dir='ltr'><strong>inquit:</strong></span> <span class='ocrx_word' id='word_1_79' title='bbox 1466 988 1645 1046; x_wconf 69' lang='lat' dir='ltr'><strong>Variae</strong></span> <span class='ocrx_word' id='word_1_80' title='bbox 1688 1007 1863 1061; x_wconf 66' lang='lat' dir='ltr'><strong>poena</strong></span> <span class='ocrx_word' id='word_1_81' title='bbox 1890 1001 2054 1062; x_wconf 84' lang='lat' dir='ltr'><strong>atque</strong></span> 
     </span>
    </p>
   </div>
   <div class='ocr_carea' id='block_1_14' title="bbox 470 1079 2052 1154">
    <p class='ocr_par' dir='ltr' id='par_1_14' title="bbox 470 1079 2052 1154">
     <span class='ocr_line' id='line_1_14' title="bbox 470 1079 2052 1154; baseline 0.003 -21"><span class='ocrx_word' id='word_1_82' title='bbox 470 1087 741 1133; x_wconf 86' lang='lat' dir='ltr'><strong>tormenta</strong></span> <span class='ocrx_word' id='word_1_83' title='bbox 774 1079 889 1134; x_wconf 64' lang='lat' dir='ltr'><strong>haec</strong></span> <span class='ocrx_word' id='word_1_84' title='bbox 914 1089 1062 1146; x_wconf 90' lang='lat' dir='ltr'><strong>sunt,</strong></span> <span class='ocrx_word' id='word_1_85' title='bbox 1099 1096 1222 1150; x_wconf 69' lang='lat' dir='ltr'><strong>quae</strong></span> <span class='ocrx_word' id='word_1_86' title='bbox 1267 1081 1524 1137; x_wconf 85' lang='lat' dir='ltr'><strong>homines</strong></span> <span class='ocrx_word' id='word_1_87' title='bbox 1561 1082 1809 1154; x_wconf 87' lang='lat' dir='ltr'><strong>quotidie</strong></span> <span class='ocrx_word' id='word_1_88' title='bbox 1850 1083 1907 1138; x_wconf 91' lang='lat' dir='ltr'><strong>in</strong></span> <span class='ocrx_word' id='word_1_89' title='bbox 1938 1083 2052 1138; x_wconf 82' lang='lat' dir='ltr'><strong>vita</strong></span> 
     </span>
    </p>
   </div>
   <div class='ocr_carea' id='block_1_15' title="bbox 470 1171 2055 1244">
    <p class='ocr_par' dir='ltr' id='par_1_15' title="bbox 470 1171 2055 1244">
     <span class='ocr_line' id='line_1_15' title="bbox 470 1171 2055 1244; baseline 0.002 -17"><span class='ocrx_word' id='word_1_90' title='bbox 470 1188 571 1227; x_wconf 89' lang='lat' dir='ltr'><strong>sua</strong></span> <span class='ocrx_word' id='word_1_91' title='bbox 595 1173 1026 1241; x_wconf 86' lang='lat' dir='ltr'><strong>patiuntur.Alii</strong></span> <span class='ocrx_word' id='word_1_92' title='bbox 1055 1173 1203 1226; x_wconf 84' lang='lat' dir='ltr'><strong>enim</strong></span> <span class='ocrx_word' id='word_1_93' title='bbox 1233 1171 1561 1229; x_wconf 88' lang='lat' dir='ltr'><strong>detrimenta</strong></span> <span class='ocrx_word' id='word_1_94' title='bbox 1602 1178 1918 1244; x_wconf 88' lang='lat' dir='ltr'><strong>patiuntur;</strong></span> <span class='ocrx_word' id='word_1_95' title='bbox 1961 1175 2055 1230; x_wconf 85' lang='lat' dir='ltr'><strong>alii</strong></span> 
     </span>
    </p>
   </div>
   <div class='ocr_carea' id='block_1_16' title="bbox 472 1261 2060 1337">
    <p class='ocr_par' dir='ltr' id='par_1_16' title="bbox 472 1261 2060 1337">
     <span class='ocr_line' id='line_1_16' title="bbox 472 1261 2060 1337; baseline 0.003 -22"><span class='ocrx_word' id='word_1_96' title='bbox 472 1261 745 1331; x_wconf 87' lang='lat' dir='ltr'><strong>inopiam;</strong></span> <span class='ocrx_word' id='word_1_97' title='bbox 771 1261 864 1316; x_wconf 83' lang='lat' dir='ltr'><strong>alii</strong></span> <span class='ocrx_word' id='word_1_98' title='bbox 894 1263 1143 1319; x_wconf 89' lang='lat' dir='ltr'><strong>diversas</strong></span> <span class='ocrx_word' id='word_1_99' title='bbox 1171 1264 1504 1320; x_wconf 90' lang='lat' dir='ltr'><strong>acrimonias</strong></span> <span class='ocrx_word' id='word_1_100' title='bbox 1534 1265 1672 1337; x_wconf 78' lang='lat'><strong>(85).</strong></span> <span class='ocrx_word' id='word_1_101' title='bbox 1700 1264 1936 1332; x_wconf 85' lang='lat' dir='ltr'><strong>Quidam</strong></span> <span class='ocrx_word' id='word_1_102' title='bbox 1972 1267 2060 1320; x_wconf 84' lang='lat' dir='ltr'><strong>in-</strong></span> 
     </span>
    </p>
   </div>
   <div class='ocr_carea' id='block_1_17' title="bbox 475 1355 2059 1428">
    <p class='ocr_par' dir='ltr' id='par_1_17' title="bbox 475 1355 2059 1428">
     <span class='ocr_line' id='line_1_17' title="bbox 475 1355 2059 1428; baseline 0.004 -21"><span class='ocrx_word' id='word_1_103' title='bbox 475 1355 836 1408; x_wconf 83' lang='lat' dir='ltr'><strong>constantiam</strong></span> <span class='ocrx_word' id='word_1_104' title='bbox 854 1373 868 1420; x_wconf 88' lang='lat'><strong>;</strong></span> <span class='ocrx_word' id='word_1_105' title='bbox 886 1355 979 1409; x_wconf 89' lang='lat' dir='ltr'><strong>alii</strong></span> <span class='ocrx_word' id='word_1_106' title='bbox 1010 1355 1243 1426; x_wconf 76' lang='lat' dir='ltr'><strong>injurias</strong></span> <span class='ocrx_word' id='word_1_107' title='bbox 1263 1356 1333 1412; x_wconf 91' lang='lat' dir='ltr'><strong>ab</strong></span> <span class='ocrx_word' id='word_1_108' title='bbox 1357 1357 1596 1428; x_wconf 81' lang='lat' dir='ltr'><strong>indignis</strong></span> <span class='ocrx_word' id='word_1_109' title='bbox 1610 1359 1899 1428; x_wconf 83' lang='lat' dir='ltr'><strong>patientes,</strong></span> <span class='ocrx_word' id='word_1_110' title='bbox 1915 1359 2059 1414; x_wconf 88' lang='lat' dir='ltr'><strong>mul-</strong></span> 
     </span>
    </p>
   </div>
   <div class='ocr_carea' id='block_1_18' title="bbox 472 1447 2060 1521">
    <p class='ocr_par' dir='ltr' id='par_1_18' title="bbox 472 1447 2060 1521">
     <span class='ocr_line' id='line_1_18' title="bbox 472 1447 2060 1521; baseline 0.004 -22"><span class='ocrx_word' id='word_1_111' title='bbox 472 1453 636 1514; x_wconf 88' lang='lat' dir='ltr'><strong>taque</strong></span> <span class='ocrx_word' id='word_1_112' title='bbox 682 1447 788 1500; x_wconf 91' lang='lat' dir='ltr'><strong>alia</strong></span> <span class='ocrx_word' id='word_1_113' title='bbox 832 1447 1090 1502; x_wconf 80' lang='lat' dir='ltr'><strong>exercitia</strong></span> <span class='ocrx_word' id='word_1_114' title='bbox 1139 1457 1192 1503; x_wconf 88' lang='lat' dir='ltr'><strong>et</strong></span> <span class='ocrx_word' id='word_1_115' title='bbox 1246 1449 1595 1505; x_wconf 83' lang='lat' dir='ltr'><strong>incommoda</strong></span> <span class='ocrx_word' id='word_1_116' title='bbox 1648 1450 1784 1521; x_wconf 70' lang='lat'><strong>(84).</strong></span> <span class='ocrx_word' id='word_1_117' title='bbox 1829 1450 2060 1507; x_wconf 87' lang='lat' dir='ltr'><strong>Plurimi</strong></span> 
     </span>
    </p>
   </div>
   <div class='ocr_carea' id='block_1_19' title="bbox 2156 349 3744 426">
    <p class='ocr_par' dir='ltr' id='par_1_19' title="bbox 2156 349 3744 426">
     <span class='ocr_line' id='line_1_19' title="bbox 2156 349 3744 426; baseline 0.001 -19"><span class='ocrx_word' id='word_1_118' title='bbox 2156 371 2267 425; x_wconf 88' lang='grc' dir='ltr'><strong>μοι⁹</strong></span> <span class='ocrx_word' id='word_1_119' title='bbox 2292 349 2462 418; x_wconf 75' lang='grc' dir='ltr'>Οὗτός</span> <span class='ocrx_word' id='word_1_120' title='bbox 2494 355 2644 407; x_wconf 75' lang='grc' dir='ltr'>ἐστιν</span> <span class='ocrx_word' id='word_1_121' title='bbox 2671 354 2702 404; x_wconf 81' lang='grc' dir='ltr'><strong>ὁ</strong></span> <span class='ocrx_word' id='word_1_122' title='bbox 2731 353 2963 422; x_wconf 76' lang='grc' dir='ltr'>ἄγγελος</span> <span class='ocrx_word' id='word_1_123' title='bbox 2993 353 3097 424; x_wconf 90' lang='grc' dir='ltr'><strong>τῆς</strong></span> <span class='ocrx_word' id='word_1_124' title='bbox 3126 355 3418 426; x_wconf 72' lang='grc' dir='ltr'><strong>τιμωρίας·</strong></span> <span class='ocrx_word' id='word_1_125' title='bbox 3455 355 3520 407; x_wconf 79' lang='grc' dir='ltr'>ὲκ</span> <span class='ocrx_word' id='word_1_126' title='bbox 3549 354 3606 407; x_wconf 80' lang='grc' dir='ltr'>δὲ</span> <span class='ocrx_word' id='word_1_127' title='bbox 3633 356 3744 408; x_wconf 82' lang='grc' dir='ltr'>τῶν</span> 
     </span>
    </p>
   </div>
   <div class='ocr_carea' id='block_1_20' title="bbox 2153 445 3744 518">
    <p class='ocr_par' dir='ltr' id='par_1_20' title="bbox 2153 445 3744 518">
     <span class='ocr_line' id='line_1_20' title="bbox 2153 445 3744 518; baseline 0 -19"><span class='ocrx_word' id='word_1_128' title='bbox 2153 445 2400 514; x_wconf 86' lang='grc' dir='ltr'>ἀγγέλων</span> <span class='ocrx_word' id='word_1_129' title='bbox 2430 445 2654 499; x_wconf 85' lang='grc' dir='ltr'>δικαίων</span> <span class='ocrx_word' id='word_1_130' title='bbox 2685 446 2824 509; x_wconf 77' lang='grc' dir='ltr'>ἐστὶ,</span> <span class='ocrx_word' id='word_1_131' title='bbox 2857 446 3192 517; x_wconf 74' lang='grc' dir='ltr'><strong>τεταγμένος</strong></span> <span class='ocrx_word' id='word_1_132' title='bbox 3223 447 3281 500; x_wconf 84' lang='grc' dir='ltr'>δὲ</span> <span class='ocrx_word' id='word_1_133' title='bbox 3315 447 3409 500; x_wconf 73' lang='grc' dir='ltr'><strong>ἐπὶ</strong></span> <span class='ocrx_word' id='word_1_134' title='bbox 3440 446 3543 518; x_wconf 87' lang='grc' dir='ltr'><strong>τῆς</strong></span> <span class='ocrx_word' id='word_1_135' title='bbox 3568 463 3744 517; x_wconf 82' lang='grc' dir='ltr'>τιμω-</span> 
     </span>
    </p>
   </div>
   <div class='ocr_carea' id='block_1_21' title="bbox 2155 536 3744 610">
    <p class='ocr_par' dir='ltr' id='par_1_21' title="bbox 2155 536 3744 610">
     <span class='ocr_line' id='line_1_21' title="bbox 2155 536 3744 610; baseline 0.002 -19"><span class='ocrx_word' id='word_1_136' title='bbox 2155 538 2296 609; x_wconf 85' lang='grc' dir='ltr'>ρίας.</span> <span class='ocrx_word' id='word_1_137' title='bbox 2342 539 2769 610; x_wconf 76' lang='grc' dir='ltr'>Παραλαμδάνει</span> <span class='ocrx_word' id='word_1_138' title='bbox 2800 536 2894 594; x_wconf 74' lang='grc' dir='ltr'>οὖν</span> <span class='ocrx_word' id='word_1_139' title='bbox 2930 542 3061 604; x_wconf 75' lang='grc' dir='ltr'>τοὺς</span> <span class='ocrx_word' id='word_1_140' title='bbox 3107 539 3592 610; x_wconf 81' lang='grc' dir='ltr'>ἀποπλανηθέντας</span> <span class='ocrx_word' id='word_1_141' title='bbox 3639 541 3744 594; x_wconf 67' lang='grc' dir='ltr'><strong>ἀπὺ</strong></span> 
     </span>
    </p>
   </div>
   <div class='ocr_carea' id='block_1_22' title="bbox 2149 629 3744 704">
    <p class='ocr_par' dir='ltr' id='par_1_22' title="bbox 2149 629 3744 704">
     <span class='ocr_line' id='line_1_22' title="bbox 2149 629 3744 704; baseline 0.001 -20"><span class='ocrx_word' id='word_1_142' title='bbox 2149 629 2245 684; x_wconf 87' lang='grc' dir='ltr'><strong>τοῦ</strong></span> <span class='ocrx_word' id='word_1_143' title='bbox 2262 631 2420 696; x_wconf 91' lang='grc' dir='ltr'>Θεοῦ,</span> <span class='ocrx_word' id='word_1_144' title='bbox 2455 632 2551 686; x_wconf 77' lang='grc' dir='ltr'>καὶ</span> <span class='ocrx_word' id='word_1_145' title='bbox 2566 631 2930 703; x_wconf 77' lang='grc' dir='ltr'><strong>πορευθέντας</strong></span> <span class='ocrx_word' id='word_1_146' title='bbox 2961 633 3020 685; x_wconf 78' lang='grc' dir='ltr'>ὲν</span> <span class='ocrx_word' id='word_1_147' title='bbox 3041 636 3164 698; x_wconf 81' lang='grc' dir='ltr'>ταῖς</span> <span class='ocrx_word' id='word_1_148' title='bbox 3196 633 3513 704; x_wconf 72' lang='grc' dir='ltr'><strong>ἐπιθυμίαις</strong></span> <span class='ocrx_word' id='word_1_149' title='bbox 3542 633 3744 687; x_wconf 78' lang='grc' dir='ltr'><strong>αὐτῶν⁴</strong></span> 
     </span>
    </p>
   </div>
   <div class='ocr_carea' id='block_1_23' title="bbox 2151 723 3747 795">
    <p class='ocr_par' dir='ltr' id='par_1_23' title="bbox 2151 723 3747 795">
     <span class='ocr_line' id='line_1_23' title="bbox 2151 723 3747 795; baseline 0 -19"><span class='ocrx_word' id='word_1_150' title='bbox 2151 723 2247 776; x_wconf 74' lang='grc' dir='ltr'>καὶ</span> <span class='ocrx_word' id='word_1_151' title='bbox 2276 727 2600 795; x_wconf 82' lang='grc' dir='ltr'>τιμωρεῖται</span> <span class='ocrx_word' id='word_1_152' title='bbox 2632 725 2850 788; x_wconf 76' lang='grc' dir='ltr'>αὐτοὺς,</span> <span class='ocrx_word' id='word_1_153' title='bbox 2885 723 3068 788; x_wconf 83' lang='grc' dir='ltr'>καθὼς</span> <span class='ocrx_word' id='word_1_154' title='bbox 3094 725 3233 791; x_wconf 78' lang='grc' dir='ltr'>ἄξιοί</span> <span class='ocrx_word' id='word_1_155' title='bbox 3251 726 3409 789; x_wconf 76' lang='grc' dir='ltr'>εἰσιν,</span> <span class='ocrx_word' id='word_1_156' title='bbox 3427 724 3628 789; x_wconf 80' lang='grc' dir='ltr'>δειναῖς</span> <span class='ocrx_word' id='word_1_157' title='bbox 3655 725 3747 778; x_wconf 79' lang='grc' dir='ltr'>καὶ</span> 
     </span>
    </p>
   </div>
   <div class='ocr_carea' id='block_1_24' title="bbox 2151 816 3748 890">
    <p class='ocr_par' dir='ltr' id='par_1_24' title="bbox 2151 816 3748 890">
     <span class='ocr_line' id='line_1_24' title="bbox 2151 816 3748 890; baseline 0.001 -22"><span class='ocrx_word' id='word_1_158' title='bbox 2151 816 2427 880; x_wconf 80' lang='grc' dir='ltr'>ποικίλαις</span> <span class='ocrx_word' id='word_1_159' title='bbox 2467 816 2780 890; x_wconf 77' lang='grc' dir='ltr'>τιμωρίαις.</span> <span class='ocrx_word' id='word_1_160' title='bbox 2823 816 2985 885; x_wconf 78' lang='grc' dir='ltr'>Λέγω</span> <span class='ocrx_word' id='word_1_161' title='bbox 3021 816 3188 888; x_wconf 77' lang='grc' dir='ltr'>αὐτῷ’</span> <span class='ocrx_word' id='word_1_162' title='bbox 3239 816 3470 870; x_wconf 86' lang='grc' dir='ltr'>Ἥθελον</span> <span class='ocrx_word' id='word_1_163' title='bbox 3521 817 3748 884; x_wconf 84' lang='grc' dir='ltr'>γνῶναι,</span> 
     </span>
    </p>
   </div>
   <div class='ocr_carea' id='block_1_25' title="bbox 2153 905 3750 979">
    <p class='ocr_par' dir='ltr' id='par_1_25' title="bbox 2153 905 3750 979">
     <span class='ocr_line' id='line_1_25' title="bbox 2153 905 3750 979; baseline 0.002 -19"><span class='ocrx_word' id='word_1_164' title='bbox 2153 905 2333 979; x_wconf 86' lang='grc' dir='ltr'>κύριε,</span> <span class='ocrx_word' id='word_1_165' title='bbox 2355 907 2456 970; x_wconf 81' lang='grc' dir='ltr'>τὰς</span> <span class='ocrx_word' id='word_1_166' title='bbox 2485 907 2738 971; x_wconf 81' lang='grc' dir='ltr'>ποικίλας</span> <span class='ocrx_word' id='word_1_167' title='bbox 2760 905 2964 970; x_wconf 86' lang='grc' dir='ltr'>ταύτας</span> <span class='ocrx_word' id='word_1_168' title='bbox 2989 906 3278 978; x_wconf 84' lang='grc' dir='ltr'>τιμωρίας,</span> <span class='ocrx_word' id='word_1_169' title='bbox 3313 909 3552 961; x_wconf 87' lang='grc' dir='ltr'>ποταπαί</span> <span class='ocrx_word' id='word_1_170' title='bbox 3588 909 3750 964; x_wconf 79' lang='grc' dir='ltr'>εἰσιν.</span> 
     </span>
    </p>
   </div>
   <div class='ocr_carea' id='block_1_26' title="bbox 2157 997 3747 1070">
    <p class='ocr_par' dir='ltr' id='par_1_26' title="bbox 2157 997 3747 1070">
     <span class='ocr_line' id='line_1_26' title="bbox 2157 997 3747 1070; baseline 0.002 -20"><span class='ocrx_word' id='word_1_171' title='bbox 2157 999 2379 1064; x_wconf 82' lang='grc' dir='ltr'>Ἀκουε,</span> <span class='ocrx_word' id='word_1_172' title='bbox 2439 998 2604 1070; x_wconf 82' lang='grc' dir='ltr'>φησίν</span> <span class='ocrx_word' id='word_1_173' title='bbox 2625 1016 2639 1030; x_wconf 75' lang='grc' dir='ltr'><strong>ο</strong></span> <span class='ocrx_word' id='word_1_174' title='bbox 2675 1000 2743 1052; x_wconf 83' lang='grc' dir='ltr'>Δί</span> <span class='ocrx_word' id='word_1_175' title='bbox 2775 997 3016 1052; x_wconf 84' lang='grc' dir='ltr'>ποικίλαι</span> <span class='ocrx_word' id='word_1_176' title='bbox 3070 1000 3334 1070; x_wconf 79' lang='grc' dir='ltr'>τιμωρίαι</span> <span class='ocrx_word' id='word_1_177' title='bbox 3384 999 3478 1052; x_wconf 79' lang='grc' dir='ltr'>καὶ</span> <span class='ocrx_word' id='word_1_178' title='bbox 3505 999 3747 1070; x_wconf 84' lang='grc' dir='ltr'>βάσανοι,</span> 
     </span>
    </p>
   </div>
   <div class='ocr_carea' id='block_1_27' title="bbox 2157 1087 3744 1161">
    <p class='ocr_par' dir='ltr' id='par_1_27' title="bbox 2157 1087 3744 1161">
     <span class='ocr_line' id='line_1_27' title="bbox 2157 1087 3744 1161; baseline 0.001 -18"><span class='ocrx_word' id='word_1_179' title='bbox 2157 1087 2407 1159; x_wconf 87' lang='grc' dir='ltr'>βιωτικαί</span> <span class='ocrx_word' id='word_1_180' title='bbox 2438 1090 2545 1142; x_wconf 84' lang='grc' dir='ltr'>εἰσι</span> <span class='ocrx_word' id='word_1_181' title='bbox 2573 1090 2816 1161; x_wconf 78' lang='grc' dir='ltr'>βάσανοι.</span> <span class='ocrx_word' id='word_1_182' title='bbox 2847 1089 3015 1143; x_wconf 84' lang='grc' dir='ltr'>Ἐπάν</span> <span class='ocrx_word' id='word_1_183' title='bbox 3030 1089 3141 1161; x_wconf 80' lang='grc' dir='ltr'><strong>γὰρ</strong></span> <span class='ocrx_word' id='word_1_184' title='bbox 3163 1089 3441 1144; x_wconf 75' lang='grc' dir='ltr'>ἀποστῶσι</span> <span class='ocrx_word' id='word_1_185' title='bbox 3471 1091 3566 1144; x_wconf 84' lang='grc' dir='ltr'><strong>τοῦ</strong></span> <span class='ocrx_word' id='word_1_186' title='bbox 3583 1090 3744 1156; x_wconf 85' lang='grc' dir='ltr'>Θεοῦ,</span> 
     </span>
    </p>
   </div>
   <div class='ocr_carea' id='block_1_28' title="bbox 2155 1179 3750 1255">
    <p class='ocr_par' dir='ltr' id='par_1_28' title="bbox 2155 1179 3750 1255">
     <span class='ocr_line' id='line_1_28' title="bbox 2155 1179 3750 1255; baseline 0.003 -21"><span class='ocrx_word' id='word_1_187' title='bbox 2155 1179 2466 1252; x_wconf 81' lang='grc' dir='ltr'>νομίζοντες</span> <span class='ocrx_word' id='word_1_188' title='bbox 2498 1184 2558 1236; x_wconf 69' lang='grc' dir='ltr'>ἰν</span> <span class='ocrx_word' id='word_1_189' title='bbox 2589 1183 2895 1236; x_wconf 83' lang='grc' dir='ltr'>ἀναπαύσει</span> <span class='ocrx_word' id='word_1_190' title='bbox 2926 1179 3067 1237; x_wconf 79' lang='grc' dir='ltr'>εἷναι</span> <span class='ocrx_word' id='word_1_191' title='bbox 3105 1183 3202 1237; x_wconf 75' lang='grc' dir='ltr'>καὶ</span> <span class='ocrx_word' id='word_1_192' title='bbox 3233 1183 3471 1255; x_wconf 82' lang='grc' dir='ltr'>πλούτῳ,</span> <span class='ocrx_word' id='word_1_193' title='bbox 3506 1184 3631 1237; x_wconf 82' lang='grc' dir='ltr'>τότε</span> <span class='ocrx_word' id='word_1_194' title='bbox 3667 1201 3750 1238; x_wconf 79' lang='grc' dir='ltr'>τι·</span> 
     </span>
    </p>
   </div>
   <div class='ocr_carea' id='block_1_29' title="bbox 2159 1271 3748 1348">
    <p class='ocr_par' dir='ltr' id='par_1_29' title="bbox 2159 1271 3748 1348">
     <span class='ocr_line' id='line_1_29' title="bbox 2159 1271 3748 1348; baseline 0.004 -25"><span class='ocrx_word' id='word_1_195' title='bbox 2159 1271 2542 1348; x_wconf 68' lang='grc' dir='ltr'>ψυροῦνταιοί</span> <span class='ocrx_word' id='word_1_196' title='bbox 2579 1273 2678 1344; x_wconf 82' lang='grc' dir='ltr'>μὲν</span> <span class='ocrx_word' id='word_1_197' title='bbox 2707 1272 3082 1344; x_wconf 81' lang='grc' dir='ltr'>ζημιούμενοι,</span> <span class='ocrx_word' id='word_1_198' title='bbox 3109 1275 3158 1326; x_wconf 82' lang='grc' dir='ltr'><strong>οῖ</strong></span> <span class='ocrx_word' id='word_1_199' title='bbox 3180 1275 3237 1328; x_wconf 81' lang='grc' dir='ltr'>δὲ</span> <span class='ocrx_word' id='word_1_200' title='bbox 3265 1273 3748 1346; x_wconf 82' lang='grc' dir='ltr'>ὑστερούμενοι,οί</span> 
     </span>
    </p>
   </div>
   <div class='ocr_carea' id='block_1_30' title="bbox 2155 1363 3738 1438">
    <p class='ocr_par' dir='ltr' id='par_1_30' title="bbox 2155 1363 3738 1438">
     <span class='ocr_line' id='line_1_30' title="bbox 2155 1363 3738 1438; baseline 0.002 -21"><span class='ocrx_word' id='word_1_201' title='bbox 2155 1363 2215 1416; x_wconf 80' lang='grc' dir='ltr'>δὲ</span> <span class='ocrx_word' id='word_1_202' title='bbox 2243 1363 2548 1428; x_wconf 76' lang='grc' dir='ltr'>ἀσθενείαις</span> <span class='ocrx_word' id='word_1_203' title='bbox 2565 1365 2834 1430; x_wconf 82' lang='grc' dir='ltr'>ποικίλαις</span> <span class='ocrx_word' id='word_1_204' title='bbox 2852 1367 3293 1438; x_wconf 77' lang='grc' dir='ltr'>περιπίπτοντες.</span> <span class='ocrx_word' id='word_1_205' title='bbox 3320 1366 3504 1419; x_wconf 74' lang='grc' dir='ltr'>Ἄλλοι</span> <span class='ocrx_word' id='word_1_206' title='bbox 3522 1367 3581 1420; x_wconf 83' lang='grc' dir='ltr'>ὲν</span> <span class='ocrx_word' id='word_1_207' title='bbox 3609 1367 3738 1421; x_wconf 84' lang='grc' dir='ltr'>ἀκα-</span> 
     </span>
    </p>
   </div>
   <div class='ocr_carea' id='block_1_31' title="bbox 2161 1445 3743 1522">
    <p class='ocr_par' dir='ltr' id='par_1_31' title="bbox 2161 1445 3743 1522">
     <span class='ocr_line' id='line_1_31' title="bbox 2161 1445 3743 1522; baseline -0.004 -14"><span class='ocrx_word' id='word_1_208' title='bbox 2161 1452 2500 1515; x_wconf 69' lang='grc' dir='ltr'>ταστασίαις,</span> <span class='ocrx_word' id='word_1_209' title='bbox 2533 1451 2714 1522; x_wconf 73' lang='grc' dir='ltr'>ἕτεροι</span> <span class='ocrx_word' id='word_1_210' title='bbox 2757 1447 3103 1521; x_wconf 69' lang='grc' dir='ltr'>ὑδριζόμενοι</span> <span class='ocrx_word' id='word_1_211' title='bbox 3136 1445 3243 1498; x_wconf 80' lang='grc' dir='ltr'><strong>ὑπὸ</strong></span> <span class='ocrx_word' id='word_1_212' title='bbox 3273 1446 3382 1500; x_wconf 85' lang='grc' dir='ltr'><strong>τῶν</strong></span> <span class='ocrx_word' id='word_1_213' title='bbox 3411 1446 3743 1511; x_wconf 66' lang='grc' dir='ltr'>ἐλαττόνων,</span> 
     </span>
    </p>
   </div>
   <div class='ocr_carea' id='block_1_32' title="bbox 473 1538 2070 1618">
    <p class='ocr_par' dir='ltr' id='par_1_32' title="bbox 473 1539 2060 1618">
     <span class='ocr_line' id='line_1_32' title="bbox 473 1539 2060 1618; baseline 0.003 -25"><span class='ocrx_word' id='word_1_214' title='bbox 473 1539 618 1593; x_wconf 88' lang='lat' dir='ltr'><strong>enim</strong></span> <span class='ocrx_word' id='word_1_215' title='bbox 654 1539 986 1594; x_wconf 89' lang='lat' dir='ltr'><strong>inconstanti</strong></span> <span class='ocrx_word' id='word_1_216' title='bbox 1003 1541 1434 1618; x_wconf 74' lang='lat' dir='ltr'><strong>consiliomulta</strong></span> <span class='ocrx_word' id='word_1_217' title='bbox 1457 1551 1748 1611; x_wconf 85' lang='lat' dir='ltr'><strong>conantur,</strong></span> <span class='ocrx_word' id='word_1_218' title='bbox 1773 1559 1874 1598; x_wconf 88' lang='lat' dir='ltr'><strong>nec</strong></span> <span class='ocrx_word' id='word_1_219' title='bbox 1899 1544 2060 1614; x_wconf 87' lang='lat' dir='ltr'><strong>quid-</strong></span> 
     </span>
    </p>
   </div>
   <div class='ocr_carea' id='block_1_33' title="bbox 2167 1538 3746 1618">
    <p class='ocr_par' dir='ltr' id='par_1_33' title="bbox 2167 1538 3746 1616">
     <span class='ocr_line' id='line_1_33' title="bbox 2167 1538 3746 1616; baseline -0.004 -17"><span class='ocrx_word' id='word_1_220' title='bbox 2167 1545 2256 1599; x_wconf 80' lang='grc' dir='ltr'>κα).</span> <span class='ocrx_word' id='word_1_221' title='bbox 2281 1543 2494 1616; x_wconf 81' lang='grc' dir='ltr'>ἑτέραις</span> <span class='ocrx_word' id='word_1_222' title='bbox 2522 1542 2794 1605; x_wconf 86' lang='grc' dir='ltr'>ποικίλαις</span> <span class='ocrx_word' id='word_1_223' title='bbox 2826 1538 3306 1614; x_wconf 67' lang='grc' dir='ltr'>πραξεσινΠολλο).</span> <span class='ocrx_word' id='word_1_224' title='bbox 3329 1538 3436 1612; x_wconf 74' lang='grc' dir='ltr'><strong>γὰρ</strong></span> <span class='ocrx_word' id='word_1_225' title='bbox 3464 1539 3746 1594; x_wconf 81' lang='grc' dir='ltr'>ἀποκατα-</span> 
     </span>
    </p>
   </div>
   <div class='ocr_carea' id='block_1_34' title="bbox 473 1620 2070 1706">
    <p class='ocr_par' dir='ltr' id='par_1_34' title="bbox 473 1630 2053 1702">
     <span class='ocr_line' id='line_1_34' title="bbox 473 1630 2053 1702; baseline 0.004 -18"><span class='ocrx_word' id='word_1_226' title='bbox 473 1647 638 1700; x_wconf 78' lang='lat' dir='ltr'><strong>quani</strong></span> <span class='ocrx_word' id='word_1_227' title='bbox 667 1630 926 1686; x_wconf 86' lang='lat' dir='ltr'><strong>conducit</strong></span> <span class='ocrx_word' id='word_1_228' title='bbox 952 1632 1064 1701; x_wconf 81' lang='grc'>(85)</span> <span class='ocrx_word' id='word_1_229' title='bbox 1097 1634 1211 1698; x_wconf 88' lang='lat' dir='ltr'><strong>eis;</strong></span> <span class='ocrx_word' id='word_1_230' title='bbox 1255 1644 1310 1688; x_wconf 91' lang='lat' dir='ltr'><strong>et</strong></span> <span class='ocrx_word' id='word_1_231' title='bbox 1347 1633 1540 1689; x_wconf 85' lang='lat' dir='ltr'><strong>dicunt</strong></span> <span class='ocrx_word' id='word_1_232' title='bbox 1570 1634 1625 1688; x_wconf 89' lang='lat' dir='ltr'><strong>in</strong></span> <span class='ocrx_word' id='word_1_233' title='bbox 1666 1635 1882 1690; x_wconf 87' lang='lat' dir='ltr'><strong>actibus</strong></span> <span class='ocrx_word' id='word_1_234' title='bbox 1915 1636 2053 1702; x_wconf 83' lang='lat' dir='ltr'><strong>suis,</strong></span> 
     </span>
    </p>
   </div>
   <div class='ocr_carea' id='block_1_35' title="bbox 2167 1620 3746 1706">
    <p class='ocr_par' dir='ltr' id='par_1_35' title="bbox 2167 1629 3746 1706">
     <span class='ocr_line' id='line_1_35' title="bbox 2167 1629 3746 1706; baseline -0.005 -13"><span class='ocrx_word' id='word_1_235' title='bbox 2167 1635 2387 1700; x_wconf 75' lang='grc' dir='ltr'>πάντες</span> <span class='ocrx_word' id='word_1_236' title='bbox 2401 1637 2464 1690; x_wconf 69' lang='grc' dir='ltr'>ιν</span> <span class='ocrx_word' id='word_1_237' title='bbox 2479 1638 2600 1701; x_wconf 86' lang='grc' dir='ltr'>ταῖς</span> <span class='ocrx_word' id='word_1_238' title='bbox 2621 1634 2838 1706; x_wconf 82' lang='grc' dir='ltr'>βουλαῖς</span> <span class='ocrx_word' id='word_1_239' title='bbox 2862 1630 3041 1687; x_wconf 77' lang='grc' dir='ltr'>αὐτῶν</span> <span class='ocrx_word' id='word_1_240' title='bbox 3063 1629 3445 1684; x_wconf 79' lang='grc' dir='ltr'>ὲπιὸάλλονται</span> <span class='ocrx_word' id='word_1_241' title='bbox 3468 1632 3549 1695; x_wconf 81' lang='grc' dir='ltr'><strong>είς</strong></span> <span class='ocrx_word' id='word_1_242' title='bbox 3573 1629 3746 1686; x_wconf 78' lang='grc' dir='ltr'>πολλά</span> 
     </span>
    </p>
   </div>
   <div class='ocr_carea' id='block_1_36' title="bbox 475 1723 2056 1796">
    <p class='ocr_par' dir='ltr' id='par_1_36' title="bbox 475 1723 2056 1796">
     <span class='ocr_line' id='line_1_36' title="bbox 475 1723 2056 1796; baseline 0.001 -16"><span class='ocrx_word' id='word_1_243' title='bbox 475 1740 797 1783; x_wconf 85' lang='lat' dir='ltr'><strong>successum</strong></span> <span class='ocrx_word' id='word_1_244' title='bbox 835 1739 894 1782; x_wconf 87' lang='lat' dir='ltr'><strong>se</strong></span> <span class='ocrx_word' id='word_1_245' title='bbox 920 1740 1030 1778; x_wconf 89' lang='lat' dir='ltr'><strong>non</strong></span> <span class='ocrx_word' id='word_1_246' title='bbox 1081 1725 1302 1780; x_wconf 88' lang='lat' dir='ltr'><strong>habere.</strong></span> <span class='ocrx_word' id='word_1_247' title='bbox 1344 1723 1687 1781; x_wconf 89' lang='lat' dir='ltr'><strong>Succurrunt</strong></span> <span class='ocrx_word' id='word_1_248' title='bbox 1710 1727 1778 1781; x_wconf 85' lang='lat' dir='ltr'><strong>iis</strong></span> <span class='ocrx_word' id='word_1_249' title='bbox 1798 1765 1813 1790; x_wconf 84' lang='lat'><strong>,</strong></span> <span class='ocrx_word' id='word_1_250' title='bbox 1839 1742 1903 1782; x_wconf 86' lang='lat' dir='ltr'><strong>ea</strong></span> <span class='ocrx_word' id='word_1_251' title='bbox 1933 1742 2056 1796; x_wconf 68' lang='lat' dir='ltr'><strong>quae</strong></span> 
     </span>
    </p>
   </div>
   <div class='ocr_carea' id='block_1_37' title="bbox 2161 1721 3752 1796">
    <p class='ocr_par' dir='ltr' id='par_1_37' title="bbox 2161 1721 3752 1796">
     <span class='ocr_line' id='line_1_37' title="bbox 2161 1721 3752 1796; baseline -0.003 -19"><span class='ocrx_word' id='word_1_252' title='bbox 2161 1726 2484 1796; x_wconf 84' lang='grc' dir='ltr'>πράγματα,</span> <span class='ocrx_word' id='word_1_253' title='bbox 2518 1725 2613 1776; x_wconf 78' lang='grc' dir='ltr'>καὶ</span> <span class='ocrx_word' id='word_1_254' title='bbox 2635 1723 2784 1779; x_wconf 74' lang='grc' dir='ltr'>οὐδὲν</span> <span class='ocrx_word' id='word_1_255' title='bbox 2811 1724 2990 1788; x_wconf 82' lang='grc' dir='ltr'>αὐτοῖς</span> <span class='ocrx_word' id='word_1_256' title='bbox 3007 1723 3142 1788; x_wconf 70' lang='grc' dir='ltr'>ὅλως</span> <span class='ocrx_word' id='word_1_257' title='bbox 3163 1721 3463 1786; x_wconf 79' lang='grc' dir='ltr'>ὑποϐαίνει,</span> <span class='ocrx_word' id='word_1_258' title='bbox 3497 1723 3590 1775; x_wconf 82' lang='grc' dir='ltr'>καὶ</span> <span class='ocrx_word' id='word_1_259' title='bbox 3621 1721 3752 1774; x_wconf 90' lang='grc' dir='ltr'>δυσ-</span> 
     </span>
    </p>
   </div>
   <div class='ocr_carea' id='block_1_38' title="bbox 476 1810 2070 1888">
    <p class='ocr_par' dir='ltr' id='par_1_38' title="bbox 476 1813 2056 1888">
     <span class='ocr_line' id='line_1_38' title="bbox 476 1813 2056 1888; baseline 0.001 -19"><span class='ocrx_word' id='word_1_260' title='bbox 476 1817 730 1886; x_wconf 86' lang='lat' dir='ltr'><strong>nequiter</strong></span> <span class='ocrx_word' id='word_1_261' title='bbox 757 1815 1025 1881; x_wconf 77' lang='lat' dir='ltr'><strong>fecerunt,</strong></span> <span class='ocrx_word' id='word_1_262' title='bbox 1049 1823 1105 1868; x_wconf 92' lang='lat' dir='ltr'><strong>et</strong></span> <span class='ocrx_word' id='word_1_263' title='bbox 1122 1813 1412 1870; x_wconf 90' lang='lat' dir='ltr'><strong>Dominum</strong></span> <span class='ocrx_word' id='word_1_264' title='bbox 1438 1827 1756 1872; x_wconf 88' lang='lat' dir='ltr'><strong>causantur.</strong></span> <span class='ocrx_word' id='word_1_265' title='bbox 1786 1815 1924 1872; x_wconf 90' lang='lat' dir='ltr'><strong>Cum</strong></span> <span class='ocrx_word' id='word_1_266' title='bbox 1950 1817 2056 1888; x_wconf 80' lang='lat' dir='ltr'><strong>igi-</strong></span> 
     </span>
    </p>
   </div>
   <div class='ocr_carea' id='block_1_39' title="bbox 2167 1810 3756 1888">
    <p class='ocr_par' dir='ltr' id='par_1_39' title="bbox 2167 1810 3756 1887">
     <span class='ocr_line' id='line_1_39' title="bbox 2167 1810 3756 1887; baseline -0.003 -18"><span class='ocrx_word' id='word_1_267' title='bbox 2167 1816 2523 1887; x_wconf 80' lang='grc' dir='ltr'>χεραίνουσιν,</span> <span class='ocrx_word' id='word_1_268' title='bbox 2559 1815 2654 1868; x_wconf 79' lang='grc' dir='ltr'>καὶ</span> <span class='ocrx_word' id='word_1_269' title='bbox 2682 1815 2742 1867; x_wconf 83' lang='grc' dir='ltr'><strong>ού</strong></span> <span class='ocrx_word' id='word_1_270' title='bbox 2777 1814 3158 1883; x_wconf 79' lang='grc' dir='ltr'>γινώσκουσιν,</span> <span class='ocrx_word' id='word_1_271' title='bbox 3193 1814 3276 1866; x_wconf 84' lang='grc' dir='ltr'>ὅτι</span> <span class='ocrx_word' id='word_1_272' title='bbox 3316 1811 3405 1866; x_wconf 88' lang='grc' dir='ltr'><strong>διά</strong></span> <span class='ocrx_word' id='word_1_273' title='bbox 3437 1811 3508 1865; x_wconf 88' lang='grc' dir='ltr'><strong>τά</strong></span> <span class='ocrx_word' id='word_1_274' title='bbox 3539 1810 3756 1883; x_wconf 78' lang='grc' dir='ltr'>πονηρά</span> 
     </span>
    </p>
   </div>
   <div class='ocr_carea' id='block_1_40' title="bbox 475 1904 2058 1977">
    <p class='ocr_par' dir='ltr' id='par_1_40' title="bbox 475 1904 2058 1977">
     <span class='ocr_line' id='line_1_40' title="bbox 475 1904 2058 1977; baseline 0.001 -16"><span class='ocrx_word' id='word_1_275' title='bbox 475 1914 569 1961; x_wconf 88' lang='lat' dir='ltr'><strong>tur</strong></span> <span class='ocrx_word' id='word_1_276' title='bbox 594 1907 841 1977; x_wconf 84' lang='lat' dir='ltr'><strong>perpessi</strong></span> <span class='ocrx_word' id='word_1_277' title='bbox 884 1904 1088 1960; x_wconf 77' lang='lat' dir='ltr'><strong>fuerint</strong></span> <span class='ocrx_word' id='word_1_278' title='bbox 1133 1920 1353 1960; x_wconf 90' lang='lat' dir='ltr'><strong>omnem</strong></span> <span class='ocrx_word' id='word_1_279' title='bbox 1399 1907 1742 1961; x_wconf 79' lang='lat' dir='ltr'><strong>vexationem</strong></span> <span class='ocrx_word' id='word_1_280' title='bbox 1793 1915 1850 1962; x_wconf 91' lang='lat' dir='ltr'><strong>et</strong></span> <span class='ocrx_word' id='word_1_281' title='bbox 1893 1921 2058 1963; x_wconf 85' lang='lat' dir='ltr'><strong>omne</strong></span> 
     </span>
    </p>
   </div>
   <div class='ocr_carea' id='block_1_41' title="bbox 480 1996 2056 2064">
    <p class='ocr_par' dir='ltr' id='par_1_41' title="bbox 480 1996 2056 2064">
     <span class='ocr_line' id='line_1_41' title="bbox 480 1996 2056 2064; baseline 0.001 -12"><span class='ocrx_word' id='word_1_282' title='bbox 480 1998 926 2064; x_wconf 82' lang='lat' dir='ltr'><strong>incommodum;</strong></span> <span class='ocrx_word' id='word_1_283' title='bbox 957 2005 1088 2052; x_wconf 91' lang='lat' dir='ltr'><strong>tunc</strong></span> <span class='ocrx_word' id='word_1_284' title='bbox 1125 1997 1418 2052; x_wconf 88' lang='lat' dir='ltr'><strong>traduntur</strong></span> <span class='ocrx_word' id='word_1_285' title='bbox 1445 1996 1579 2051; x_wconf 86' lang='lat' dir='ltr'><strong>mihi</strong></span> <span class='ocrx_word' id='word_1_286' title='bbox 1618 1997 1686 2052; x_wconf 85' lang='lat' dir='ltr'><strong>ad</strong></span> <span class='ocrx_word' id='word_1_287' title='bbox 1717 1997 1914 2052; x_wconf 81' lang='lat' dir='ltr'><strong>bonam</strong></span> <span class='ocrx_word' id='word_1_288' title='bbox 1953 1997 2056 2053; x_wconf 91' lang='lat' dir='ltr'><strong>ad-</strong></span> 
     </span>
    </p>
   </div>
   <div class='ocr_carea' id='block_1_42' title="bbox 478 2087 2056 2158">
    <p class='ocr_par' dir='ltr' id='par_1_42' title="bbox 478 2087 2056 2158">
     <span class='ocr_line' id='line_1_42' title="bbox 478 2087 2056 2158; baseline -0.001 -13"><span class='ocrx_word' id='word_1_289' title='bbox 478 2090 876 2156; x_wconf 83' lang='lat' dir='ltr'><strong>monitionem,</strong></span> <span class='ocrx_word' id='word_1_290' title='bbox 926 2099 980 2145; x_wconf 88' lang='lat' dir='ltr'><strong>et</strong></span> <span class='ocrx_word' id='word_1_291' title='bbox 1009 2090 1300 2144; x_wconf 76' lang='lat' dir='ltr'><strong>ﬁrmantur</strong></span> <span class='ocrx_word' id='word_1_292' title='bbox 1333 2089 1388 2144; x_wconf 91' lang='lat' dir='ltr'><strong>in</strong></span> <span class='ocrx_word' id='word_1_293' title='bbox 1430 2089 1536 2144; x_wconf 81' lang='lat' dir='ltr'><strong>lida</strong></span> <span class='ocrx_word' id='word_1_294' title='bbox 1579 2087 1831 2156; x_wconf 86' lang='lat' dir='ltr'><strong>Domini,</strong></span> <span class='ocrx_word' id='word_1_295' title='bbox 1862 2097 1918 2144; x_wconf 89' lang='lat' dir='ltr'><strong>et</strong></span> <span class='ocrx_word' id='word_1_296' title='bbox 1959 2105 2056 2158; x_wconf 86' lang='lat' dir='ltr'><strong>per</strong></span> 
     </span>
    </p>
   </div>
   <div class='ocr_carea' id='block_1_43' title="bbox 480 2179 2062 2252">
    <p class='ocr_par' dir='ltr' id='par_1_43' title="bbox 480 2179 2062 2252">
     <span class='ocr_line' id='line_1_43' title="bbox 480 2179 2062 2252; baseline 0 -15"><span class='ocrx_word' id='word_1_297' title='bbox 480 2182 722 2252; x_wconf 87' lang='lat' dir='ltr'><strong>reliquos</strong></span> <span class='ocrx_word' id='word_1_298' title='bbox 741 2181 860 2236; x_wconf 90' lang='lat' dir='ltr'><strong>dies</strong></span> <span class='ocrx_word' id='word_1_299' title='bbox 883 2182 1006 2237; x_wconf 68' lang='lat' dir='ltr'><strong>vitae</strong></span> <span class='ocrx_word' id='word_1_300' title='bbox 1033 2181 1146 2252; x_wconf 87' lang='lat'><strong>(86)</strong></span> <span class='ocrx_word' id='word_1_301' title='bbox 1167 2181 1414 2237; x_wconf 76' lang='lat' dir='ltr'><strong>serviunt</strong></span> <span class='ocrx_word' id='word_1_302' title='bbox 1439 2179 1674 2236; x_wconf 89' lang='lat' dir='ltr'><strong>Domino</strong></span> <span class='ocrx_word' id='word_1_303' title='bbox 1703 2190 1884 2237; x_wconf 84' lang='lat' dir='ltr'><strong>mente</strong></span> <span class='ocrx_word' id='word_1_304' title='bbox 1905 2196 2062 2252; x_wconf 89' lang='lat' dir='ltr'><strong>pura.</strong></span> 
     </span>
    </p>
   </div>
   <div class='ocr_carea' id='block_1_44' title="bbox 482 2273 2064 2346">
    <p class='ocr_par' dir='ltr' id='par_1_44' title="bbox 482 2273 2064 2346">
     <span class='ocr_line' id='line_1_44' title="bbox 482 2273 2064 2346; baseline 0 -16"><span class='ocrx_word' id='word_1_305' title='bbox 482 2273 550 2330; x_wconf 86' lang='lat' dir='ltr'><strong>Et</strong></span> <span class='ocrx_word' id='word_1_306' title='bbox 595 2290 720 2330; x_wconf 89' lang='lat' dir='ltr'><strong>cum</strong></span> <span class='ocrx_word' id='word_1_307' title='bbox 766 2275 1036 2345; x_wconf 68' lang='lat' dir='ltr'><strong>coeperint</strong></span> <span class='ocrx_word' id='word_1_308' title='bbox 1076 2275 1400 2330; x_wconf 91' lang='lat' dir='ltr'><strong>delictorum</strong></span> <span class='ocrx_word' id='word_1_309' title='bbox 1443 2289 1607 2345; x_wconf 87' lang='lat' dir='ltr'><strong>agere</strong></span> <span class='ocrx_word' id='word_1_310' title='bbox 1659 2275 2064 2346; x_wconf 62' lang='lat' dir='ltr'><strong>penitentiam,</strong></span> 
     </span>
    </p>
   </div>
   <div class='ocr_carea' id='block_1_45' title="bbox 483 2363 2064 2435">
    <p class='ocr_par' dir='ltr' id='par_1_45' title="bbox 483 2363 2064 2435">
     <span class='ocr_line' id='line_1_45' title="bbox 483 2363 2064 2435; baseline 0.002 -18"><span class='ocrx_word' id='word_1_311' title='bbox 483 2372 616 2420; x_wconf 88' lang='lat' dir='ltr'><strong>tunc</strong></span> <span class='ocrx_word' id='word_1_312' title='bbox 651 2365 961 2420; x_wconf 88' lang='lat' dir='ltr'><strong>ascendunt</strong></span> <span class='ocrx_word' id='word_1_313' title='bbox 989 2363 1043 2417; x_wconf 93' lang='lat' dir='ltr'><strong>in</strong></span> <span class='ocrx_word' id='word_1_314' title='bbox 1074 2363 1375 2435; x_wconf 68' lang='lat' dir='ltr'><strong>praecordia</strong></span> <span class='ocrx_word' id='word_1_315' title='bbox 1404 2379 1596 2419; x_wconf 90' lang='lat' dir='ltr'><strong>eorum</strong></span> <span class='ocrx_word' id='word_1_316' title='bbox 1641 2378 1808 2435; x_wconf 81' lang='lat' dir='ltr'><strong>Opera</strong></span> <span class='ocrx_word' id='word_1_317' title='bbox 1849 2379 1973 2429; x_wconf 87' lang='lat' dir='ltr'><strong>sua,</strong></span> <span class='ocrx_word' id='word_1_318' title='bbox 2009 2364 2064 2421; x_wconf 92' lang='lat' dir='ltr'><strong>in</strong></span> 
     </span>
    </p>
   </div>
   <div class='ocr_carea' id='block_1_46' title="bbox 482 2455 2070 2526">
    <p class='ocr_par' dir='ltr' id='par_1_46' title="bbox 482 2455 2070 2526">
     <span class='ocr_line' id='line_1_46' title="bbox 482 2455 2070 2526; baseline 0.001 -16"><span class='ocrx_word' id='word_1_319' title='bbox 482 2456 685 2526; x_wconf 89' lang='lat' dir='ltr'><strong>quibus</strong></span> <span class='ocrx_word' id='word_1_320' title='bbox 708 2471 767 2511; x_wconf 88' lang='lat' dir='ltr'><strong>se</strong></span> <span class='ocrx_word' id='word_1_321' title='bbox 798 2455 1049 2526; x_wconf 84' lang='lat' dir='ltr'><strong>nequiter</strong></span> <span class='ocrx_word' id='word_1_322' title='bbox 1088 2463 1453 2511; x_wconf 80' lang='lat' dir='ltr'><strong>exercuerunt</strong></span> <span class='ocrx_word' id='word_1_323' title='bbox 1498 2455 1649 2526; x_wconf 87' lang='lat'><strong>(88);</strong></span> <span class='ocrx_word' id='word_1_324' title='bbox 1696 2464 1751 2512; x_wconf 90' lang='lat' dir='ltr'><strong>et</strong></span> <span class='ocrx_word' id='word_1_325' title='bbox 1776 2466 1905 2513; x_wconf 89' lang='lat' dir='ltr'><strong>tunc</strong></span> <span class='ocrx_word' id='word_1_326' title='bbox 1935 2457 2070 2512; x_wconf 86' lang='lat' dir='ltr'><strong>dant</strong></span> 
     </span>
    </p>
   </div>
   <div class='ocr_carea' id='block_1_47' title="bbox 488 2547 2065 2616">
    <p class='ocr_par' dir='ltr' id='par_1_47' title="bbox 488 2547 2065 2616">
     <span class='ocr_line' id='line_1_47' title="bbox 488 2547 2065 2616; baseline 0.002 -15"><span class='ocrx_word' id='word_1_327' title='bbox 488 2547 599 2603; x_wconf 90' lang='lat' dir='ltr'><strong>Deo</strong></span> <span class='ocrx_word' id='word_1_328' title='bbox 624 2549 916 2612; x_wconf 84' lang='lat' dir='ltr'><strong>honorem,</strong></span> <span class='ocrx_word' id='word_1_329' title='bbox 957 2548 1223 2612; x_wconf 87' lang='lat' dir='ltr'><strong>dicentes,</strong></span> <span class='ocrx_word' id='word_1_330' title='bbox 1243 2547 1453 2616; x_wconf 89' lang='lat' dir='ltr'><strong>justum</strong></span> <span class='ocrx_word' id='word_1_331' title='bbox 1481 2547 1721 2616; x_wconf 84' lang='lat' dir='ltr'><strong>judicem</strong></span> <span class='ocrx_word' id='word_1_332' title='bbox 1761 2563 1888 2604; x_wconf 89' lang='lat' dir='ltr'><strong>eum</strong></span> <span class='ocrx_word' id='word_1_333' title='bbox 1921 2563 2065 2613; x_wconf 86' lang='lat' dir='ltr'><strong>esse,</strong></span> 
     </span>
    </p>
   </div>
   <div class='ocr_carea' id='block_1_48' title="bbox 2160 1903 3755 1977">
    <p class='ocr_par' dir='ltr' id='par_1_48' title="bbox 2160 1903 3755 1977">
     <span class='ocr_line' id='line_1_48' title="bbox 2160 1903 3755 1977; baseline -0.003 -16"><span class='ocrx_word' id='word_1_334' title='bbox 2160 1907 2198 1961; x_wconf 76' lang='grc' dir='ltr'><strong>ἀ</strong></span> <span class='ocrx_word' id='word_1_335' title='bbox 2221 1906 2462 1977; x_wconf 77' lang='grc' dir='ltr'>ἔπραξαν</span> <span class='ocrx_word' id='word_1_336' title='bbox 2485 1905 2584 1960; x_wconf 82' lang='grc' dir='ltr'>οὐκ</span> <span class='ocrx_word' id='word_1_337' title='bbox 2605 1905 2935 1960; x_wconf 74' lang='grc' dir='ltr'>εὐοδοῦνταιο</span> <span class='ocrx_word' id='word_1_338' title='bbox 2963 1907 3058 1959; x_wconf 77' lang='grc' dir='ltr'>καὶ</span> <span class='ocrx_word' id='word_1_339' title='bbox 3081 1904 3266 1960; x_wconf 79' lang='grc' dir='ltr'>λοιπὸν</span> <span class='ocrx_word' id='word_1_340' title='bbox 3284 1907 3342 1959; x_wconf 75' lang='grc' dir='ltr'>αἱ</span> <span class='ocrx_word' id='word_1_341' title='bbox 3364 1903 3634 1976; x_wconf 85' lang='grc' dir='ltr'>[τιῶνται]</span> <span class='ocrx_word' id='word_1_342' title='bbox 3660 1903 3755 1957; x_wconf 73' lang='grc' dir='ltr'>τὸν</span> 
     </span>
    </p>
   </div>
   <div class='ocr_carea' id='block_1_49' title="bbox 2161 1996 3754 2070">
    <p class='ocr_par' dir='ltr' id='par_1_49' title="bbox 2161 1996 3754 2070">
     <span class='ocr_line' id='line_1_49' title="bbox 2161 1996 3754 2070; baseline -0.003 -16"><span class='ocrx_word' id='word_1_343' title='bbox 2161 1998 2386 2070; x_wconf 81' lang='grc' dir='ltr'>Κύριον,</span> <span class='ocrx_word' id='word_1_344' title='bbox 2414 1998 2511 2052; x_wconf 81' lang='grc' dir='ltr'>καὶ</span> <span class='ocrx_word' id='word_1_345' title='bbox 2534 1999 2635 2052; x_wconf 85' lang='grc' dir='ltr'>οὐκ</span> <span class='ocrx_word' id='word_1_346' title='bbox 2671 1998 2953 2068; x_wconf 83' lang='grc' dir='ltr'>ἀνέχονται</span> <span class='ocrx_word' id='word_1_347' title='bbox 2982 1997 3083 2060; x_wconf 81' lang='grc' dir='ltr'>τὰς</span> <span class='ocrx_word' id='word_1_348' title='bbox 3115 1996 3310 2060; x_wconf 76' lang='grc' dir='ltr'>λοιπὰς</span> <span class='ocrx_word' id='word_1_349' title='bbox 3337 1996 3551 2068; x_wconf 81' lang='grc' dir='ltr'>ἡμέρας</span> <span class='ocrx_word' id='word_1_350' title='bbox 3572 1996 3754 2049; x_wconf 81' lang='grc' dir='ltr'>αὐτῶν</span> 
     </span>
    </p>
   </div>
   <div class='ocr_carea' id='block_1_50' title="bbox 2164 2089 3750 2164">
    <p class='ocr_par' dir='ltr' id='par_1_50' title="bbox 2164 2089 3750 2164">
     <span class='ocr_line' id='line_1_50' title="bbox 2164 2089 3750 2164; baseline -0.001 -20"><span class='ocrx_word' id='word_1_351' title='bbox 2164 2091 2588 2164; x_wconf 75' lang='grc' dir='ltr'>ἐπιστρέψαντες</span> <span class='ocrx_word' id='word_1_352' title='bbox 2616 2092 2897 2148; x_wconf 89' lang='grc' dir='ltr'>δουλεῦσαι</span> <span class='ocrx_word' id='word_1_353' title='bbox 2925 2092 3004 2164; x_wconf 83' lang='grc' dir='ltr'>τῷ</span> <span class='ocrx_word' id='word_1_354' title='bbox 3034 2092 3154 2164; x_wconf 83' lang='grc' dir='ltr'>Θεῷ</span> <span class='ocrx_word' id='word_1_355' title='bbox 3184 2093 3242 2145; x_wconf 82' lang='grc' dir='ltr'>ὲν</span> <span class='ocrx_word' id='word_1_356' title='bbox 3286 2091 3503 2162; x_wconf 73' lang='grc' dir='ltr'>καθαρᾷ</span> <span class='ocrx_word' id='word_1_357' title='bbox 3532 2089 3750 2161; x_wconf 75' lang='grc' dir='ltr'>καρδίᾳ.</span> 
     </span>
    </p>
   </div>
   <div class='ocr_carea' id='block_1_51' title="bbox 2167 2180 3751 2256">
    <p class='ocr_par' dir='ltr' id='par_1_51' title="bbox 2167 2180 3751 2256">
     <span class='ocr_line' id='line_1_51' title="bbox 2167 2180 3751 2256; baseline -0.001 -18"><span class='ocrx_word' id='word_1_358' title='bbox 2167 2183 2265 2238; x_wconf 82' lang='grc' dir='ltr'>Ἂν</span> <span class='ocrx_word' id='word_1_359' title='bbox 2292 2183 2349 2237; x_wconf 83' lang='grc' dir='ltr'>δὲ</span> <span class='ocrx_word' id='word_1_360' title='bbox 2385 2186 2762 2256; x_wconf 82' lang='grc' dir='ltr'>μετανοήσωσι</span> <span class='ocrx_word' id='word_1_361' title='bbox 2809 2185 2904 2240; x_wconf 76' lang='grc' dir='ltr'>καὶ</span> <span class='ocrx_word' id='word_1_362' title='bbox 2945 2184 3296 2256; x_wconf 80' lang='grc' dir='ltr'>ἀνανήψωσι,</span> <span class='ocrx_word' id='word_1_363' title='bbox 3337 2183 3460 2237; x_wconf 79' lang='grc' dir='ltr'>τότε</span> <span class='ocrx_word' id='word_1_364' title='bbox 3507 2180 3751 2246; x_wconf 81' lang='grc' dir='ltr'>συνιῶσι,</span> 
     </span>
    </p>
   </div>
   <div class='ocr_carea' id='block_1_52' title="bbox 2164 2272 3757 2348">
    <p class='ocr_par' dir='ltr' id='par_1_52' title="bbox 2164 2272 3757 2348">
     <span class='ocr_line' id='line_1_52' title="bbox 2164 2272 3757 2348; baseline -0.002 -19"><span class='ocrx_word' id='word_1_365' title='bbox 2164 2275 2247 2329; x_wconf 83' lang='grc' dir='ltr'>ὅτι</span> <span class='ocrx_word' id='word_1_366' title='bbox 2275 2275 2362 2330; x_wconf 79' lang='grc' dir='ltr'><strong>διὰ</strong></span> <span class='ocrx_word' id='word_1_367' title='bbox 2382 2275 2452 2332; x_wconf 77' lang='grc' dir='ltr'><strong>τὰ</strong></span> <span class='ocrx_word' id='word_1_368' title='bbox 2475 2275 2616 2347; x_wconf 81' lang='grc' dir='ltr'>ἔργα</span> <span class='ocrx_word' id='word_1_369' title='bbox 2644 2275 2827 2330; x_wconf 83' lang='grc' dir='ltr'>αὐτῶν</span> <span class='ocrx_word' id='word_1_370' title='bbox 2858 2275 2928 2330; x_wconf 83' lang='grc' dir='ltr'>τὰ</span> <span class='ocrx_word' id='word_1_371' title='bbox 2961 2275 3178 2348; x_wconf 84' lang='grc' dir='ltr'>πονηρά</span> <span class='ocrx_word' id='word_1_372' title='bbox 3207 2274 3309 2329; x_wconf 82' lang='grc' dir='ltr'>οὐκ</span> <span class='ocrx_word' id='word_1_373' title='bbox 3330 2272 3626 2329; x_wconf 68' lang='grc' dir='ltr'>εὐοδοῦντοο</span> <span class='ocrx_word' id='word_1_374' title='bbox 3659 2273 3757 2327; x_wconf 81' lang='grc' dir='ltr'>καὶ</span> 
     </span>
    </p>
   </div>
   <div class='ocr_carea' id='block_1_53' title="bbox 2168 2365 3752 2439">
    <p class='ocr_par' dir='ltr' id='par_1_53' title="bbox 2168 2365 3752 2439">
     <span class='ocr_line' id='line_1_53' title="bbox 2168 2365 3752 2439; baseline -0.001 -19"><span class='ocrx_word' id='word_1_375' title='bbox 2168 2366 2341 2431; x_wconf 75' lang='grc' dir='ltr'>οὕτως</span> <span class='ocrx_word' id='word_1_376' title='bbox 2358 2366 2639 2432; x_wconf 79' lang='grc' dir='ltr'>δοξάζουσι</span> <span class='ocrx_word' id='word_1_377' title='bbox 2653 2367 2746 2421; x_wconf 85' lang='grc' dir='ltr'>τὸν</span> <span class='ocrx_word' id='word_1_378' title='bbox 2771 2367 2995 2439; x_wconf 80' lang='grc' dir='ltr'>Κύριον,</span> <span class='ocrx_word' id='word_1_379' title='bbox 3024 2368 3106 2420; x_wconf 83' lang='grc' dir='ltr'>ὅτι</span> <span class='ocrx_word' id='word_1_380' title='bbox 3128 2366 3336 2428; x_wconf 88' lang='grc' dir='ltr'>δίκαιος</span> <span class='ocrx_word' id='word_1_381' title='bbox 3356 2368 3550 2438; x_wconf 88' lang='grc' dir='ltr'>κριτής</span> <span class='ocrx_word' id='word_1_382' title='bbox 3583 2365 3752 2430; x_wconf 71' lang='grc' dir='ltr'>ἐστιν,</span> 
     </span>
    </p>
   </div>
   <div class='ocr_carea' id='block_1_54' title="bbox 2167 2456 3756 2530">
    <p class='ocr_par' dir='ltr' id='par_1_54' title="bbox 2167 2456 3756 2530">
     <span class='ocr_line' id='line_1_54' title="bbox 2167 2456 3756 2530; baseline -0.003 -17"><span class='ocrx_word' id='word_1_383' title='bbox 2167 2460 2261 2513; x_wconf 76' lang='grc' dir='ltr'>καὶ</span> <span class='ocrx_word' id='word_1_384' title='bbox 2292 2459 2518 2523; x_wconf 81' lang='grc' dir='ltr'>δικαίως</span> <span class='ocrx_word' id='word_1_385' title='bbox 2550 2459 2770 2525; x_wconf 79' lang='grc' dir='ltr'>ἔπαθον,</span> <span class='ocrx_word' id='word_1_386' title='bbox 2804 2459 2901 2514; x_wconf 72' lang='grc' dir='ltr'>καὶ</span> <span class='ocrx_word' id='word_1_387' title='bbox 2920 2458 3317 2530; x_wconf 78' lang='grc' dir='ltr'>ὲπαιδεύθησαν</span> <span class='ocrx_word' id='word_1_388' title='bbox 3335 2456 3475 2512; x_wconf 82' lang='grc' dir='ltr'><strong>κατά</strong></span> <span class='ocrx_word' id='word_1_389' title='bbox 3497 2456 3598 2521; x_wconf 79' lang='grc' dir='ltr'><strong>τὰς</strong></span> <span class='ocrx_word' id='word_1_390' title='bbox 3613 2457 3756 2529; x_wconf 79' lang='grc' dir='ltr'>πρά-</span> 
     </span>
    </p>
   </div>
   <div class='ocr_carea' id='block_1_55' title="bbox 2167 2550 2651 2622">
    <p class='ocr_par' dir='ltr' id='par_1_55' title="bbox 2167 2550 2651 2622">
     <span class='ocr_line' id='line_1_55' title="bbox 2167 2550 2651 2622; baseline 0 -18"><span class='ocrx_word' id='word_1_391' title='bbox 2167 2550 2279 2618; x_wconf 80' lang='grc' dir='ltr'>ξεις</span> <span class='ocrx_word' id='word_1_392' title='bbox 2310 2550 2492 2605; x_wconf 75' lang='grc' dir='ltr'>αὐτῶν</span> <span class='ocrx_word' id='word_1_393' title='bbox 2517 2551 2651 2622; x_wconf 86' lang='grc'>(87).</span> 
     </span>
    </p>
   </div>
   <div class='ocr_carea' id='block_1_56' title="bbox 487 2639 3728 2714">
    <p class='ocr_par' dir='ltr' id='par_1_56' title="bbox 487 2639 3728 2714">
     <span class='ocr_line' id='line_1_56' title="bbox 487 2639 3728 2714; baseline -0 -19"><span class='ocrx_word' id='word_1_394' title='bbox 487 2640 795 2710; x_wconf 89' lang='lat' dir='ltr'><strong>meritoque</strong></span> <span class='ocrx_word' id='word_1_395' title='bbox 817 2656 876 2696; x_wconf 85' lang='lat' dir='ltr'><strong>se</strong></span> <span class='ocrx_word' id='word_1_396' title='bbox 900 2641 1084 2694; x_wconf 84' lang='lat' dir='ltr'><strong>omnia</strong></span> <span class='ocrx_word' id='word_1_397' title='bbox 1116 2655 1240 2694; x_wconf 86' lang='lat' dir='ltr'><strong>esse</strong></span> <span class='ocrx_word' id='word_1_398' title='bbox 1267 2655 1554 2708; x_wconf 84' lang='lat' dir='ltr'><strong>perpessos</strong></span> <span class='ocrx_word' id='word_1_399' title='bbox 1592 2639 1895 2696; x_wconf 87' lang='lat' dir='ltr'><strong>secundum</strong></span> <span class='ocrx_word' id='word_1_400' title='bbox 1922 2641 2063 2695; x_wconf 75' lang='lat' dir='ltr'><strong>facta</strong></span> <span class='ocrx_word' id='word_1_401' title='bbox 2095 2655 2196 2696; x_wconf 89' lang='lat' dir='ltr'><strong>sua</strong></span> <span class='ocrx_word' id='word_1_402' title='bbox 2225 2642 2360 2712; x_wconf 88' lang='lat'><strong>(89).</strong></span> <span class='ocrx_word' id='word_1_403' title='bbox 2387 2642 2444 2696; x_wconf 90' lang='lat' dir='ltr'><strong>In</strong></span> <span class='ocrx_word' id='word_1_404' title='bbox 2475 2643 2749 2714; x_wconf 87' lang='lat' dir='ltr'><strong>reliquum</strong></span> <span class='ocrx_word' id='word_1_405' title='bbox 2791 2659 2924 2698; x_wconf 88' lang='lat' dir='ltr'><strong>vero</strong></span> <span class='ocrx_word' id='word_1_406' title='bbox 2953 2643 3200 2699; x_wconf 87' lang='lat' dir='ltr'><strong>serviunt</strong></span> <span class='ocrx_word' id='word_1_407' title='bbox 3225 2643 3337 2697; x_wconf 87' lang='lat' dir='ltr'><strong>Deo</strong></span> <span class='ocrx_word' id='word_1_408' title='bbox 3364 2652 3559 2697; x_wconf 90' lang='lat' dir='ltr'><strong>mente</strong></span> <span class='ocrx_word' id='word_1_409' title='bbox 3591 2657 3728 2710; x_wconf 88' lang='lat' dir='ltr'><strong>pura</strong></span> 
     </span>
    </p>
   </div>
   <div class='ocr_carea' id='block_1_57' title="bbox 488 2730 3744 2806">
    <p class='ocr_par' dir='ltr' id='par_1_57' title="bbox 488 2730 3744 2806">
     <span class='ocr_line' id='line_1_57' title="bbox 488 2730 3744 2806; baseline 0.001 -18"><span class='ocrx_word' id='word_1_410' title='bbox 488 2744 543 2788; x_wconf 84' lang='lat' dir='ltr'><strong>et</strong></span> <span class='ocrx_word' id='word_1_411' title='bbox 584 2748 901 2787; x_wconf 84' lang='lat' dir='ltr'><strong>successum</strong></span> <span class='ocrx_word' id='word_1_412' title='bbox 931 2733 1134 2786; x_wconf 87' lang='lat' dir='ltr'><strong>habent</strong></span> <span class='ocrx_word' id='word_1_413' title='bbox 1160 2731 1216 2786; x_wconf 90' lang='lat' dir='ltr'><strong>in</strong></span> <span class='ocrx_word' id='word_1_414' title='bbox 1244 2730 1480 2799; x_wconf 83' lang='lat' dir='ltr'><strong>negotiis</strong></span> <span class='ocrx_word' id='word_1_415' title='bbox 1501 2730 1618 2784; x_wconf 85' lang='lat' dir='ltr'><strong>suis</strong></span> <span class='ocrx_word' id='word_1_416' title='bbox 1641 2730 1920 2797; x_wconf 87' lang='lat' dir='ltr'><strong>omnibus,</strong></span> <span class='ocrx_word' id='word_1_417' title='bbox 1951 2731 2282 2801; x_wconf 84' lang='lat' dir='ltr'><strong>accipientes</strong></span> <span class='ocrx_word' id='word_1_418' title='bbox 2302 2747 2333 2786; x_wconf 93' lang='lat' dir='ltr'><strong>a</strong></span> <span class='ocrx_word' id='word_1_419' title='bbox 2361 2731 2593 2788; x_wconf 87' lang='lat' dir='ltr'><strong>Domino</strong></span> <span class='ocrx_word' id='word_1_420' title='bbox 2615 2748 2960 2803; x_wconf 66' lang='lat' dir='ltr'><strong>quaecunque</strong></span> <span class='ocrx_word' id='word_1_421' title='bbox 2984 2745 3240 2803; x_wconf 89' lang='lat' dir='ltr'><strong>poscunt.</strong></span> <span class='ocrx_word' id='word_1_422' title='bbox 3269 2735 3336 2791; x_wconf 89' lang='lat' dir='ltr'><strong>Et</strong></span> <span class='ocrx_word' id='word_1_423' title='bbox 3361 2744 3494 2791; x_wconf 90' lang='lat' dir='ltr'><strong>tunc</strong></span> <span class='ocrx_word' id='word_1_424' title='bbox 3537 2736 3744 2806; x_wconf 79' lang='lat' dir='ltr'><strong>gratias</strong></span> 
     </span>
    </p>
   </div>
   <div class='ocr_carea' id='block_1_58' title="bbox 490 2822 3094 2899">
    <p class='ocr_par' dir='ltr' id='par_1_58' title="bbox 490 2822 3094 2899">
     <span class='ocr_line' id='line_1_58' title="bbox 490 2822 3094 2899; baseline 0.002 -19"><span class='ocrx_word' id='word_1_425' title='bbox 490 2833 661 2898; x_wconf 89' lang='lat' dir='ltr'><strong>agunt</strong></span> <span class='ocrx_word' id='word_1_426' title='bbox 689 2822 942 2891; x_wconf 84' lang='lat' dir='ltr'><strong>Domino.</strong></span> <span class='ocrx_word' id='word_1_427' title='bbox 968 2824 1115 2895; x_wconf 92' lang='lat' dir='ltr'><strong>quod</strong></span> <span class='ocrx_word' id='word_1_428' title='bbox 1141 2824 1254 2881; x_wconf 85' lang='lat' dir='ltr'><strong>sint</strong></span> <span class='ocrx_word' id='word_1_429' title='bbox 1283 2825 1419 2882; x_wconf 84' lang='lat' dir='ltr'><strong>mihi</strong></span> <span class='ocrx_word' id='word_1_430' title='bbox 1444 2826 1664 2894; x_wconf 84' lang='lat' dir='ltr'><strong>traditi;</strong></span> <span class='ocrx_word' id='word_1_431' title='bbox 1697 2841 1800 2883; x_wconf 86' lang='lat' dir='ltr'><strong>nec</strong></span> <span class='ocrx_word' id='word_1_432' title='bbox 1817 2825 1932 2897; x_wconf 89' lang='lat' dir='ltr'><strong>jam</strong></span> <span class='ocrx_word' id='word_1_433' title='bbox 1957 2826 2257 2897; x_wconf 88' lang='lat' dir='ltr'><strong>quidquam</strong></span> <span class='ocrx_word' id='word_1_434' title='bbox 2281 2827 2618 2884; x_wconf 82' lang='lat' dir='ltr'><strong>crudelitatis</strong></span> <span class='ocrx_word' id='word_1_435' title='bbox 2646 2827 2760 2899; x_wconf 88' lang='lat'><strong>(90)</strong></span> <span class='ocrx_word' id='word_1_436' title='bbox 2789 2828 3094 2899; x_wconf 86' lang='lat' dir='ltr'><strong>patiuntur.</strong></span> 
     </span>
    </p>
   </div>
   <div class='ocr_carea' id='block_1_59' title="bbox 1936 2960 2303 3018">
    <p class='ocr_par' dir='ltr' id='par_1_59' title="bbox 1936 2960 2303 3018">
     <span class='ocr_line' id='line_1_59' title="bbox 1936 2960 2303 3018; baseline -0.005 0"><span class='ocrx_word' id='word_1_437' title='bbox 1936 2961 2168 3018; x_wconf 79' lang='lat' dir='ltr'><strong>CAPUT</strong></span> <span class='ocrx_word' id='word_1_438' title='bbox 2213 2960 2303 3017; x_wconf 82' lang='lat' dir='ltr'><strong>IV.</strong></span> 
     </span>
    </p>
   </div>
   <div class='ocr_carea' id='block_1_60' title="bbox 564 3053 3763 3126">
    <p class='ocr_par' dir='ltr' id='par_1_60' title="bbox 564 3053 3763 3126">
     <span class='ocr_line' id='line_1_60' title="bbox 564 3053 3763 3126; baseline -0.002 -8"><span class='ocrx_word' id='word_1_439' title='bbox 564 3062 698 3118; x_wconf 92' lang='lat' dir='ltr'><strong>Dico</strong></span> <span class='ocrx_word' id='word_1_440' title='bbox 724 3061 799 3117; x_wconf 87' lang='lat' dir='ltr'><strong>illi</strong></span> <span class='ocrx_word' id='word_1_441' title='bbox 835 3079 849 3117; x_wconf 90' lang='lat'>:</span> <span class='ocrx_word' id='word_1_442' title='bbox 887 3058 1064 3115; x_wconf 86' lang='lat' dir='ltr'><strong>Etiam</strong></span> <span class='ocrx_word' id='word_1_443' title='bbox 1098 3074 1266 3126; x_wconf 92' lang='lat' dir='ltr'><strong>nunc,</strong></span> <span class='ocrx_word' id='word_1_444' title='bbox 1295 3057 1536 3122; x_wconf 90' lang='lat' dir='ltr'><strong>domine,</strong></span> <span class='ocrx_word' id='word_1_445' title='bbox 1559 3057 1875 3112; x_wconf 89' lang='lat' dir='ltr'><strong>demonstra</strong></span> <span class='ocrx_word' id='word_1_446' title='bbox 1913 3056 2070 3111; x_wconf 88' lang='lat' dir='ltr'><strong>mihi.</strong></span> <span class='ocrx_word' id='word_1_447' title='bbox 2104 3055 2245 3123; x_wconf 86' lang='lat' dir='ltr'><strong>Quid</strong></span> <span class='ocrx_word' id='word_1_448' title='bbox 2275 3054 2528 3126; x_wconf 88' lang='lat' dir='ltr'><strong>inquiris,</strong></span> <span class='ocrx_word' id='word_1_449' title='bbox 2572 3054 2784 3125; x_wconf 78' lang='lat' dir='ltr'><strong>inquit?</strong></span> <span class='ocrx_word' id='word_1_450' title='bbox 2825 3053 2946 3109; x_wconf 80' lang='lat' dir='ltr'><strong>Dixi</strong></span> <span class='ocrx_word' id='word_1_451' title='bbox 2978 3055 3026 3109; x_wconf 92' lang='lat' dir='ltr'><strong>ei</strong></span> <span class='ocrx_word' id='word_1_452' title='bbox 3056 3073 3071 3111; x_wconf 94' lang='lat'><strong>:</strong></span> <span class='ocrx_word' id='word_1_453' title='bbox 3108 3054 3191 3109; x_wconf 85' lang='lat' dir='ltr'><strong>An</strong></span> <span class='ocrx_word' id='word_1_454' title='bbox 3235 3070 3328 3126; x_wconf 90' lang='lat' dir='ltr'><strong>per</strong></span> <span class='ocrx_word' id='word_1_455' title='bbox 3360 3055 3501 3111; x_wconf 87' lang='lat' dir='ltr'><strong>idem</strong></span> <span class='ocrx_word' id='word_1_456' title='bbox 3549 3064 3763 3126; x_wconf 85' lang='lat' dir='ltr'><strong>tempus</strong></span> 
     </span>
    </p>
   </div>
   <div class='ocr_carea' id='block_1_61' title="bbox 493 3149 3759 3222">
    <p class='ocr_par' dir='ltr' id='par_1_61' title="bbox 493 3149 3759 3222">
     <span class='ocr_line' id='line_1_61' title="bbox 493 3149 3759 3222; baseline -0.002 -12"><span class='ocrx_word' id='word_1_457' title='bbox 493 3155 829 3217; x_wconf 86' lang='lat' dir='ltr'><strong>crucientur,</strong></span> <span class='ocrx_word' id='word_1_458' title='bbox 859 3153 951 3222; x_wconf 89' lang='lat' dir='ltr'><strong>qui</strong></span> <span class='ocrx_word' id='word_1_459' title='bbox 979 3151 1267 3208; x_wconf 91' lang='lat' dir='ltr'><strong>discedunt</strong></span> <span class='ocrx_word' id='word_1_460' title='bbox 1291 3169 1322 3208; x_wconf 91' lang='lat' dir='ltr'><strong>a</strong></span> <span class='ocrx_word' id='word_1_461' title='bbox 1359 3154 1554 3208; x_wconf 91' lang='lat' dir='ltr'><strong>timore</strong></span> <span class='ocrx_word' id='word_1_462' title='bbox 1592 3151 1710 3220; x_wconf 91' lang='lat' dir='ltr'><strong>Dei,</strong></span> <span class='ocrx_word' id='word_1_463' title='bbox 1752 3160 2018 3222; x_wconf 91' lang='lat' dir='ltr'><strong>quantum</strong></span> <span class='ocrx_word' id='word_1_464' title='bbox 2059 3151 2142 3207; x_wconf 92' lang='lat' dir='ltr'><strong>usi</strong></span> <span class='ocrx_word' id='word_1_465' title='bbox 2183 3149 2383 3206; x_wconf 79' lang='lat' dir='ltr'><strong>iuerint</strong></span> <span class='ocrx_word' id='word_1_466' title='bbox 2414 3149 2549 3204; x_wconf 81' lang='lat' dir='ltr'><strong>falsa</strong></span> <span class='ocrx_word' id='word_1_467' title='bbox 2589 3150 2874 3204; x_wconf 87' lang='lat' dir='ltr'><strong>dulcedine</strong></span> <span class='ocrx_word' id='word_1_468' title='bbox 2903 3165 2970 3204; x_wconf 90' lang='lat' dir='ltr'><strong>ac</strong></span> <span class='ocrx_word' id='word_1_469' title='bbox 2997 3149 3404 3219; x_wconf 80' lang='lat' dir='ltr'><strong>voluptatibus?</strong></span> <span class='ocrx_word' id='word_1_470' title='bbox 3452 3151 3542 3205; x_wconf 86' lang='lat' dir='ltr'><strong>Ait</strong></span> <span class='ocrx_word' id='word_1_471' title='bbox 3579 3151 3710 3204; x_wconf 81' lang='lat' dir='ltr'><strong>mihi</strong></span> <span class='ocrx_word' id='word_1_472' title='bbox 3744 3169 3759 3205; x_wconf 89' lang='lat'>:</span> 
     </span>
    </p>
   </div>
   <div class='ocr_carea' id='block_1_62' title="bbox 495 3227 3764 3314">
    <p class='ocr_par' dir='ltr' id='par_1_62' title="bbox 495 3227 3764 3314">
     <span class='ocr_line' id='line_1_62' title="bbox 495 3227 3764 3314; baseline 0 -15"><span class='ocrx_word' id='word_1_473' title='bbox 495 3244 599 3299; x_wconf 86' lang='lat' dir='ltr'><strong>Per</strong></span> <span class='ocrx_word' id='word_1_474' title='bbox 635 3243 775 3298; x_wconf 89' lang='lat' dir='ltr'><strong>idem</strong></span> <span class='ocrx_word' id='word_1_475' title='bbox 817 3250 1030 3311; x_wconf 83' lang='lat' dir='ltr'><strong>tempus</strong></span> <span class='ocrx_word' id='word_1_476' title='bbox 1055 3241 1220 3295; x_wconf 90' lang='lat' dir='ltr'><strong>etiam</strong></span> <span class='ocrx_word' id='word_1_477' title='bbox 1255 3227 1593 3299; x_wconf 83' lang='lat' dir='ltr'><strong>cruciantur.</strong></span> <span class='ocrx_word' id='word_1_478' title='bbox 1625 3241 1691 3296; x_wconf 79' lang='lat' dir='ltr'><strong>Et</strong></span> <span class='ocrx_word' id='word_1_479' title='bbox 1717 3243 1828 3297; x_wconf 75' lang='lat' dir='ltr'><strong>dixi</strong></span> <span class='ocrx_word' id='word_1_480' title='bbox 1871 3241 1920 3296; x_wconf 89' lang='lat' dir='ltr'><strong>ei</strong></span> <span class='ocrx_word' id='word_1_481' title='bbox 1951 3258 1966 3296; x_wconf 88' lang='lat'><strong>:</strong></span> <span class='ocrx_word' id='word_1_482' title='bbox 1993 3240 2261 3312; x_wconf 80' lang='lat' dir='ltr'><strong>Exiguum</strong></span> <span class='ocrx_word' id='word_1_483' title='bbox 2300 3242 2467 3312; x_wconf 80' lang='lat' dir='ltr'><strong>igitur</strong></span> <span class='ocrx_word' id='word_1_484' title='bbox 2506 3242 2864 3297; x_wconf 90' lang='lat' dir='ltr'><strong>cruciantur:</strong></span> <span class='ocrx_word' id='word_1_485' title='bbox 2896 3245 3183 3310; x_wconf 86' lang='lat' dir='ltr'><strong>oportebat</strong></span> <span class='ocrx_word' id='word_1_486' title='bbox 3217 3252 3401 3299; x_wconf 89' lang='lat' dir='ltr'><strong>autem</strong></span> <span class='ocrx_word' id='word_1_487' title='bbox 3433 3259 3530 3299; x_wconf 91' lang='lat' dir='ltr'><strong>eos</strong></span> <span class='ocrx_word' id='word_1_488' title='bbox 3557 3245 3652 3314; x_wconf 90' lang='lat' dir='ltr'><strong>qui</strong></span> <span class='ocrx_word' id='word_1_489' title='bbox 3684 3245 3764 3301; x_wconf 90' lang='lat' dir='ltr'><strong>sic</strong></span> 
     </span>
    </p>
   </div>
   <div class='ocr_carea' id='block_1_63' title="bbox 497 3332 3760 3411">
    <p class='ocr_par' dir='ltr' id='par_1_63' title="bbox 497 3332 3760 3411">
     <span class='ocr_line' id='line_1_63' title="bbox 497 3332 3760 3411; baseline -0.001 -17"><span class='ocrx_word' id='word_1_490' title='bbox 497 3339 806 3411; x_wconf 84' lang='lat' dir='ltr'><strong>percipiunt</strong></span> <span class='ocrx_word' id='word_1_491' title='bbox 831 3338 1140 3407; x_wconf 89' lang='lat' dir='ltr'><strong>voluptates</strong></span> <span class='ocrx_word' id='word_1_492' title='bbox 1193 3345 1251 3390; x_wconf 93' lang='lat' dir='ltr'><strong>ut</strong></span> <span class='ocrx_word' id='word_1_493' title='bbox 1297 3333 1589 3389; x_wconf 90' lang='lat' dir='ltr'><strong>Dominum</strong></span> <span class='ocrx_word' id='word_1_494' title='bbox 1627 3332 2043 3398; x_wconf 86' lang='lat' dir='ltr'><strong>obliviscantur,</strong></span> <span class='ocrx_word' id='word_1_495' title='bbox 2081 3332 2280 3402; x_wconf 88' lang='lat' dir='ltr'><strong>septies</strong></span> <span class='ocrx_word' id='word_1_496' title='bbox 2317 3341 2528 3386; x_wconf 90' lang='lat' dir='ltr'><strong>tantum</strong></span> <span class='ocrx_word' id='word_1_497' title='bbox 2580 3332 2690 3402; x_wconf 87' lang='lat' dir='ltr'><strong>pati</strong></span> <span class='ocrx_word' id='word_1_498' title='bbox 2740 3347 3050 3402; x_wconf 65' lang='lat' dir='ltr'><strong>poenarum.</strong></span> <span class='ocrx_word' id='word_1_499' title='bbox 3089 3333 3178 3388; x_wconf 89' lang='lat' dir='ltr'><strong>Ait</strong></span> <span class='ocrx_word' id='word_1_500' title='bbox 3223 3334 3401 3390; x_wconf 84' lang='lat' dir='ltr'><strong>mihi:</strong></span> <span class='ocrx_word' id='word_1_501' title='bbox 3437 3333 3642 3389; x_wconf 88' lang='lat' dir='ltr'><strong>Fatuus</strong></span> <span class='ocrx_word' id='word_1_502' title='bbox 3679 3351 3760 3400; x_wconf 84' lang='lat' dir='ltr'><strong>es.</strong></span> 
     </span>
    </p>
   </div>
   <div class='ocr_carea' id='block_1_64' title="bbox 498 3421 3766 3499">
    <p class='ocr_par' dir='ltr' id='par_1_64' title="bbox 498 3421 3766 3499">
     <span class='ocr_line' id='line_1_64' title="bbox 498 3421 3766 3499; baseline -0.001 -15"><span class='ocrx_word' id='word_1_503' title='bbox 498 3447 599 3486; x_wconf 91' lang='lat' dir='ltr'><strong>nec</strong></span> <span class='ocrx_word' id='word_1_504' title='bbox 624 3429 878 3499; x_wconf 79' lang='lat' dir='ltr'><strong>intelligis</strong></span> <span class='ocrx_word' id='word_1_505' title='bbox 908 3427 1076 3497; x_wconf 86' lang='lat' dir='ltr'><strong>hujus</strong></span> <span class='ocrx_word' id='word_1_506' title='bbox 1105 3441 1279 3499; x_wconf 65' lang='lat' dir='ltr'><strong>poma:</strong></span> <span class='ocrx_word' id='word_1_507' title='bbox 1299 3425 1577 3480; x_wconf 89' lang='lat' dir='ltr'><strong>virtutem.</strong></span> <span class='ocrx_word' id='word_1_508' title='bbox 1610 3421 1678 3478; x_wconf 82' lang='lat' dir='ltr'><strong>Et</strong></span> <span class='ocrx_word' id='word_1_509' title='bbox 1709 3423 1823 3478; x_wconf 78' lang='lat' dir='ltr'><strong>dixi</strong></span> <span class='ocrx_word' id='word_1_510' title='bbox 1847 3426 1875 3478; x_wconf 86' lang='lat'><strong>&#39;:</strong></span> <span class='ocrx_word' id='word_1_511' title='bbox 1915 3422 1975 3477; x_wconf 90' lang='lat' dir='ltr'><strong>Si</strong></span> <span class='ocrx_word' id='word_1_512' title='bbox 2012 3423 2159 3479; x_wconf 91' lang='lat' dir='ltr'><strong>enim</strong></span> <span class='ocrx_word' id='word_1_513' title='bbox 2185 3424 2562 3495; x_wconf 61' lang='lat' dir='ltr'><strong>intelligerent,</strong></span> <span class='ocrx_word' id='word_1_514' title='bbox 2589 3424 2832 3490; x_wconf 89' lang='lat' dir='ltr'><strong>domine,</strong></span> <span class='ocrx_word' id='word_1_515' title='bbox 2870 3440 2977 3478; x_wconf 92' lang='lat' dir='ltr'><strong>non</strong></span> <span class='ocrx_word' id='word_1_516' title='bbox 3010 3424 3403 3495; x_wconf 84' lang='lat' dir='ltr'><strong>interrogarem</strong></span> <span class='ocrx_word' id='word_1_517' title='bbox 3448 3435 3509 3481; x_wconf 90' lang='lat' dir='ltr'><strong>ut</strong></span> <span class='ocrx_word' id='word_1_518' title='bbox 3543 3426 3766 3480; x_wconf 89' lang='lat' dir='ltr'><strong>demon-</strong></span> 
     </span>
    </p>
   </div>
   <div class='ocr_carea' id='block_1_65' title="bbox 497 3522 889 3582">
    <p class='ocr_par' dir='ltr' id='par_1_65' title="bbox 497 3522 889 3582">
     <span class='ocr_line' id='line_1_65' title="bbox 497 3522 889 3582; baseline -0.02 1"><span class='ocrx_word' id='word_1_519' title='bbox 497 3537 704 3582; x_wconf 84' lang='lat' dir='ltr'><strong>strares</strong></span> <span class='ocrx_word' id='word_1_520' title='bbox 733 3522 889 3578; x_wconf 86' lang='lat' dir='ltr'><strong>mihi.</strong></span> 
     </span>
    </p>
   </div>
   <div class='ocr_carea' id='block_1_66' title="bbox 573 3613 2145 3688">
    <p class='ocr_par' dir='ltr' id='par_1_66' title="bbox 573 3613 2145 3688">
     <span class='ocr_line' id='line_1_66' title="bbox 573 3613 2145 3688; baseline -0.004 -12"><span class='ocrx_word' id='word_1_521' title='bbox 573 3621 738 3686; x_wconf 82' lang='lat' dir='ltr'><strong>Audi,</strong></span> <span class='ocrx_word' id='word_1_522' title='bbox 771 3618 969 3688; x_wconf 90' lang='lat' dir='ltr'><strong>inquit,</strong></span> <span class='ocrx_word' id='word_1_523' title='bbox 995 3627 1198 3688; x_wconf 85' lang='lat' dir='ltr'><strong>quanta</strong></span> <span class='ocrx_word' id='word_1_524' title='bbox 1225 3617 1297 3672; x_wconf 86' lang='lat' dir='ltr'><strong>sit</strong></span> <span class='ocrx_word' id='word_1_525' title='bbox 1321 3616 1403 3672; x_wconf 89' lang='lat' dir='ltr'><strong>vis</strong></span> <span class='ocrx_word' id='word_1_526' title='bbox 1437 3615 1748 3685; x_wconf 88' lang='lat' dir='ltr'><strong>utriusque,</strong></span> <span class='ocrx_word' id='word_1_527' title='bbox 1770 3613 2075 3670; x_wconf 89' lang='lat' dir='ltr'><strong>dulcedinis</strong></span> <span class='ocrx_word' id='word_1_528' title='bbox 2102 3622 2145 3681; x_wconf 85' lang='lat' dir='ltr'><strong><em>C</em></strong></span> 
     </span>
    </p>
   </div>
   <div class='ocr_carea' id='block_1_67' title="bbox 499 3707 2084 3783">
    <p class='ocr_par' dir='ltr' id='par_1_67' title="bbox 499 3707 2084 3783">
     <span class='ocr_line' id='line_1_67' title="bbox 499 3707 2084 3783; baseline -0.005 -15"><span class='ocrx_word' id='word_1_529' title='bbox 499 3728 567 3768; x_wconf 84' lang='lat' dir='ltr'><strong>ac</strong></span> <span class='ocrx_word' id='word_1_530' title='bbox 602 3727 796 3783; x_wconf 55' lang='lat' dir='ltr'><strong>parum.</strong></span> <span class='ocrx_word' id='word_1_531' title='bbox 826 3709 1137 3764; x_wconf 91' lang='lat' dir='ltr'><strong>Dulccdinis</strong></span> <span class='ocrx_word' id='word_1_532' title='bbox 1169 3724 1276 3764; x_wconf 88' lang='lat' dir='ltr'><strong>una</strong></span> <span class='ocrx_word' id='word_1_533' title='bbox 1306 3709 1445 3765; x_wconf 82' lang='lat' dir='ltr'><strong>hora</strong></span> <span class='ocrx_word' id='word_1_534' title='bbox 1473 3723 1575 3763; x_wconf 89' lang='lat' dir='ltr'><strong>suo</strong></span> <span class='ocrx_word' id='word_1_535' title='bbox 1604 3708 1785 3777; x_wconf 89' lang='lat' dir='ltr'><strong>spatio</strong></span> <span class='ocrx_word' id='word_1_536' title='bbox 1821 3707 2084 3762; x_wconf 79' lang='lat' dir='ltr'><strong>termina—</strong></span> 
     </span>
    </p>
   </div>
   <div class='ocr_carea' id='block_1_68' title="bbox 505 3798 2081 3874">
    <p class='ocr_par' dir='ltr' id='par_1_68' title="bbox 505 3798 2081 3874">
     <span class='ocr_line' id='line_1_68' title="bbox 505 3798 2081 3874; baseline -0.005 -14"><span class='ocrx_word' id='word_1_537' title='bbox 505 3815 592 3860; x_wconf 86' lang='lat' dir='ltr'><strong>tur</strong></span> <span class='ocrx_word' id='word_1_538' title='bbox 617 3823 630 3860; x_wconf 89' lang='lat'><strong>:</strong></span> <span class='ocrx_word' id='word_1_539' title='bbox 657 3820 830 3874; x_wconf 63' lang='lat' dir='ltr'><strong>pana:</strong></span> <span class='ocrx_word' id='word_1_540' title='bbox 851 3819 982 3858; x_wconf 90' lang='lat' dir='ltr'><strong>vero</strong></span> <span class='ocrx_word' id='word_1_541' title='bbox 1006 3818 1112 3857; x_wconf 91' lang='lat' dir='ltr'><strong>una</strong></span> <span class='ocrx_word' id='word_1_542' title='bbox 1145 3803 1279 3856; x_wconf 77' lang='lat' dir='ltr'><strong>liora</strong></span> <span class='ocrx_word' id='word_1_543' title='bbox 1319 3799 1434 3872; x_wconf 85' lang='grc'>(91)</span> <span class='ocrx_word' id='word_1_544' title='bbox 1458 3799 1682 3870; x_wconf 75' lang='lat' dir='ltr'><strong>triginta</strong></span> <span class='ocrx_word' id='word_1_545' title='bbox 1723 3798 1936 3853; x_wconf 87' lang='lat' dir='ltr'><strong>dierum</strong></span> <span class='ocrx_word' id='word_1_546' title='bbox 1970 3799 2081 3852; x_wconf 86' lang='lat' dir='ltr'><strong>vim</strong></span> 
     </span>
    </p>
   </div>
   <div class='ocr_carea' id='block_1_69' title="bbox 504 3885 2086 3968">
    <p class='ocr_par' dir='ltr' id='par_1_69' title="bbox 504 3885 2086 3968">
     <span class='ocr_line' id='line_1_69' title="bbox 504 3885 2086 3968; baseline -0.003 -17"><span class='ocrx_word' id='word_1_547' title='bbox 504 3885 765 3967; x_wconf 77' lang='lat' dir='ltr'><strong>possidet.</strong></span> <span class='ocrx_word' id='word_1_548' title='bbox 806 3897 1130 3966; x_wconf 89' lang='lat' dir='ltr'><strong>Quicunque</strong></span> <span class='ocrx_word' id='word_1_549' title='bbox 1170 3896 1336 3968; x_wconf 91' lang='lat' dir='ltr'><strong>igitur</strong></span> <span class='ocrx_word' id='word_1_550' title='bbox 1369 3910 1482 3950; x_wconf 91' lang='lat' dir='ltr'><strong>uno</strong></span> <span class='ocrx_word' id='word_1_551' title='bbox 1510 3893 1598 3948; x_wconf 85' lang='lat' dir='ltr'><strong>die</strong></span> <span class='ocrx_word' id='word_1_552' title='bbox 1635 3893 1940 3964; x_wconf 88' lang='lat' dir='ltr'><strong>perceperit</strong></span> <span class='ocrx_word' id='word_1_553' title='bbox 1983 3891 2086 3947; x_wconf 77' lang='lat' dir='ltr'><strong>fal-</strong></span> 
     </span>
    </p>
   </div>
   <div class='ocr_carea' id='block_1_70' title="bbox 504 3982 2085 4060">
    <p class='ocr_par' dir='ltr' id='par_1_70' title="bbox 504 3982 2085 4060">
     <span class='ocr_line' id='line_1_70' title="bbox 504 3982 2085 4060; baseline -0.003 -19"><span class='ocrx_word' id='word_1_554' title='bbox 504 3988 678 4042; x_wconf 90' lang='lat' dir='ltr'><strong>lacem</strong></span> <span class='ocrx_word' id='word_1_555' title='bbox 710 3988 824 4060; x_wconf 69' lang='lat'><strong>(9‘2)</strong></span> <span class='ocrx_word' id='word_1_556' title='bbox 848 3987 1191 4043; x_wconf 88' lang='lat' dir='ltr'><strong>dulcedinem</strong></span> <span class='ocrx_word' id='word_1_557' title='bbox 1235 4003 1299 4042; x_wconf 89' lang='lat' dir='ltr'><strong>ac</strong></span> <span class='ocrx_word' id='word_1_558' title='bbox 1331 3987 1691 4056; x_wconf 87' lang='lat' dir='ltr'><strong>voluptatem,</strong></span> <span class='ocrx_word' id='word_1_559' title='bbox 1722 3986 1942 4054; x_wconf 87' lang='lat' dir='ltr'><strong>unoque</strong></span> <span class='ocrx_word' id='word_1_560' title='bbox 1971 3982 2085 4052; x_wconf 78' lang='lat'><strong>(95)</strong></span> 
     </span>
    </p>
   </div>
   <div class='ocr_carea' id='block_1_71' title="bbox 505 4073 2088 4145">
    <p class='ocr_par' dir='ltr' id='par_1_71' title="bbox 505 4073 2088 4145">
     <span class='ocr_line' id='line_1_71' title="bbox 505 4073 2088 4145; baseline -0.001 -15"><span class='ocrx_word' id='word_1_561' title='bbox 505 4074 595 4130; x_wconf 88' lang='lat' dir='ltr'><strong>die</strong></span> <span class='ocrx_word' id='word_1_562' title='bbox 630 4076 905 4130; x_wconf 85' lang='lat' dir='ltr'><strong>cruciatus</strong></span> <span class='ocrx_word' id='word_1_563' title='bbox 932 4077 1037 4141; x_wconf 88' lang='lat' dir='ltr'><strong>sit,</strong></span> <span class='ocrx_word' id='word_1_564' title='bbox 1075 4075 1204 4130; x_wconf 86' lang='lat' dir='ltr'><strong>anni</strong></span> <span class='ocrx_word' id='word_1_565' title='bbox 1248 4078 1480 4145; x_wconf 86' lang='lat' dir='ltr'><strong>spatium</strong></span> <span class='ocrx_word' id='word_1_566' title='bbox 1517 4075 1639 4130; x_wconf 88' lang='lat' dir='ltr'><strong>dies</strong></span> <span class='ocrx_word' id='word_1_567' title='bbox 1685 4074 1776 4128; x_wconf 90' lang='lat' dir='ltr'><strong>ille</strong></span> <span class='ocrx_word' id='word_1_568' title='bbox 1811 4073 2088 4131; x_wconf 81' lang='lat' dir='ltr'><strong>cruciatus</strong></span> 
     </span>
    </p>
   </div>
   <div class='ocr_carea' id='block_1_72' title="bbox 505 4162 2084 4237">
    <p class='ocr_par' dir='ltr' id='par_1_72' title="bbox 505 4162 2084 4237">
     <span class='ocr_line' id='line_1_72' title="bbox 505 4162 2084 4237; baseline -0.005 -13"><span class='ocrx_word' id='word_1_569' title='bbox 505 4165 628 4237; x_wconf 84' lang='lat' dir='ltr'><strong>ejus</strong></span> <span class='ocrx_word' id='word_1_570' title='bbox 648 4165 865 4221; x_wconf 85' lang='lat' dir='ltr'><strong>valebit.</strong></span> <span class='ocrx_word' id='word_1_571' title='bbox 895 4165 994 4232; x_wconf 88' lang='lat' dir='ltr'><strong>Ita,</strong></span> <span class='ocrx_word' id='word_1_572' title='bbox 1023 4176 1158 4236; x_wconf 92' lang='lat' dir='ltr'><strong>quot</strong></span> <span class='ocrx_word' id='word_1_573' title='bbox 1183 4165 1303 4222; x_wconf 88' lang='lat' dir='ltr'><strong>dies</strong></span> <span class='ocrx_word' id='word_1_574' title='bbox 1331 4165 1632 4236; x_wconf 87' lang='lat' dir='ltr'><strong>perceperit</strong></span> <span class='ocrx_word' id='word_1_575' title='bbox 1662 4163 1896 4233; x_wconf 88' lang='lat' dir='ltr'><strong>quisque</strong></span> <span class='ocrx_word' id='word_1_576' title='bbox 1925 4162 2084 4218; x_wconf 67' lang='lat' dir='ltr'><strong>volu-o</strong></span> 
     </span>
    </p>
   </div>
   <div class='ocr_carea' id='block_1_73' title="bbox 506 4257 2086 4331">
    <p class='ocr_par' dir='ltr' id='par_1_73' title="bbox 506 4257 2086 4331">
     <span class='ocr_line' id='line_1_73' title="bbox 506 4257 2086 4331; baseline -0.003 -15"><span class='ocrx_word' id='word_1_577' title='bbox 506 4268 731 4331; x_wconf 87' lang='lat' dir='ltr'><strong>ptatem,</strong></span> <span class='ocrx_word' id='word_1_578' title='bbox 765 4260 987 4316; x_wconf 87' lang='lat' dir='ltr'><strong>totidem</strong></span> <span class='ocrx_word' id='word_1_579' title='bbox 1039 4259 1200 4316; x_wconf 90' lang='lat' dir='ltr'><strong>annis</strong></span> <span class='ocrx_word' id='word_1_580' title='bbox 1250 4260 1547 4316; x_wconf 89' lang='lat' dir='ltr'><strong>cruciatur.</strong></span> <span class='ocrx_word' id='word_1_581' title='bbox 1581 4257 1746 4315; x_wconf 79' lang='lat' dir='ltr'><strong>Vides</strong></span> <span class='ocrx_word' id='word_1_582' title='bbox 1783 4257 1968 4329; x_wconf 90' lang='lat' dir='ltr'><strong>igitur,</strong></span> <span class='ocrx_word' id='word_1_583' title='bbox 1997 4258 2086 4312; x_wconf 78' lang='lat' dir='ltr'><strong>in-</strong></span> 
     </span>
    </p>
   </div>
   <div class='ocr_carea' id='block_1_74' title="bbox 507 4349 2087 4423">
    <p class='ocr_par' dir='ltr' id='par_1_74' title="bbox 507 4349 2087 4423">
     <span class='ocr_line' id='line_1_74' title="bbox 507 4349 2087 4423; baseline -0.003 -16"><span class='ocrx_word' id='word_1_584' title='bbox 507 4353 647 4422; x_wconf 88' lang='lat' dir='ltr'><strong>quit,</strong></span> <span class='ocrx_word' id='word_1_585' title='bbox 677 4353 934 4423; x_wconf 79' lang='lat' dir='ltr'><strong>exiguum</strong></span> <span class='ocrx_word' id='word_1_586' title='bbox 976 4367 1100 4408; x_wconf 83' lang='lat' dir='ltr'><strong>esse</strong></span> <span class='ocrx_word' id='word_1_587' title='bbox 1142 4361 1359 4422; x_wconf 84' lang='lat' dir='ltr'><strong>tempus</strong></span> <span class='ocrx_word' id='word_1_588' title='bbox 1385 4351 1675 4408; x_wconf 66' lang='lat' dir='ltr'><strong>mundana</strong></span> <span class='ocrx_word' id='word_1_589' title='bbox 1702 4349 1817 4421; x_wconf 66' lang='lat'><strong>(94)</strong></span> <span class='ocrx_word' id='word_1_590' title='bbox 1844 4349 2087 4405; x_wconf 82' lang='lat' dir='ltr'><strong>dulcedi-</strong></span> 
     </span>
    </p>
   </div>
   <div class='ocr_carea' id='block_1_75' title="bbox 507 4446 2088 4518">
    <p class='ocr_par' dir='ltr' id='par_1_75' title="bbox 507 4446 2088 4518">
     <span class='ocr_line' id='line_1_75' title="bbox 507 4446 2088 4518; baseline -0.003 -20"><span class='ocrx_word' id='word_1_591' title='bbox 507 4446 595 4500; x_wconf 88' lang='lat' dir='ltr'><strong>nis</strong></span> <span class='ocrx_word' id='word_1_592' title='bbox 644 4460 709 4500; x_wconf 92' lang='lat' dir='ltr'><strong>ac</strong></span> <span class='ocrx_word' id='word_1_593' title='bbox 767 4446 1101 4516; x_wconf 80' lang='lat' dir='ltr'><strong>voluptatis;</strong></span> <span class='ocrx_word' id='word_1_594' title='bbox 1157 4461 1336 4518; x_wconf 63' lang='lat' dir='ltr'><strong>preme</strong></span> <span class='ocrx_word' id='word_1_595' title='bbox 1392 4460 1522 4500; x_wconf 88' lang='lat' dir='ltr'><strong>vero</strong></span> <span class='ocrx_word' id='word_1_596' title='bbox 1581 4451 2088 4513; x_wconf 87' lang='lat' dir='ltr'><strong>tormentorumque</strong></span> 
     </span>
    </p>
   </div>
   <div class='ocr_carea' id='block_1_76' title="bbox 507 4538 762 4608">
    <p class='ocr_par' dir='ltr' id='par_1_76' title="bbox 507 4538 762 4608">
     <span class='ocr_line' id='line_1_76' title="bbox 507 4538 762 4608; baseline 0 -16"><span class='ocrx_word' id='word_1_597' title='bbox 507 4538 762 4608; x_wconf 83' lang='lat' dir='ltr'><strong>amplius.</strong></span> 
     </span>
    </p>
   </div>
   <div class='ocr_carea' id='block_1_77' title="bbox 583 4742 1636 4815">
    <p class='ocr_par' dir='ltr' id='par_1_77' title="bbox 583 4742 1636 4815">
     <span class='ocr_line' id='line_1_77' title="bbox 583 4742 1636 4815; baseline -0.003 -16"><span class='ocrx_word' id='word_1_598' title='bbox 583 4744 695 4812; x_wconf 90' lang='grc'>(81)</span> <span class='ocrx_word' id='word_1_599' title='bbox 731 4743 858 4815; x_wconf 83' lang='lat' dir='ltr'><strong>Mss.</strong></span> <span class='ocrx_word' id='word_1_600' title='bbox 885 4743 1044 4815; x_wconf 88' lang='lat' dir='ltr'><strong>Angl.</strong></span> <span class='ocrx_word' id='word_1_601' title='bbox 1076 4745 1248 4811; x_wconf 76' lang='lat' dir='ltr'><strong>deest,</strong></span> <span class='ocrx_word' id='word_1_602' title='bbox 1273 4742 1636 4815; x_wconf 65' lang='lat' dir='ltr'><strong>miseratione.</strong></span> 
     </span>
    </p>
   </div>
   <div class='ocr_carea' id='block_1_78' title="bbox 2251 3611 3766 3688">
    <p class='ocr_par' dir='ltr' id='par_1_78' title="bbox 2251 3611 3766 3688">
     <span class='ocr_line' id='line_1_78' title="bbox 2251 3611 3766 3688; baseline 0.005 -21"><span class='ocrx_word' id='word_1_603' title='bbox 2251 3615 2448 3668; x_wconf 78' lang='grc' dir='ltr'>’Ἄκουε</span> <span class='ocrx_word' id='word_1_604' title='bbox 2492 3611 2584 3670; x_wconf 78' lang='grc' dir='ltr'><strong>οὖν</strong></span> <span class='ocrx_word' id='word_1_605' title='bbox 2630 3617 2953 3688; x_wconf 80' lang='grc' dir='ltr'>ἀμφοτέρων</span> <span class='ocrx_word' id='word_1_606' title='bbox 2993 3615 3090 3688; x_wconf 79' lang='grc' dir='ltr'>τὴν</span> <span class='ocrx_word' id='word_1_607' title='bbox 3129 3613 3376 3686; x_wconf 85' lang='grc' dir='ltr'>δύναμιν,</span> <span class='ocrx_word' id='word_1_608' title='bbox 3422 3612 3524 3684; x_wconf 88' lang='grc' dir='ltr'><strong>τῆς</strong></span> <span class='ocrx_word' id='word_1_609' title='bbox 3553 3611 3766 3683; x_wconf 77' lang='grc' dir='ltr'>τρυφῆς</span> 
     </span>
    </p>
   </div>
   <div class='ocr_carea' id='block_1_79' title="bbox 2181 3702 3766 3779">
    <p class='ocr_par' dir='ltr' id='par_1_79' title="bbox 2181 3702 3766 3779">
     <span class='ocr_line' id='line_1_79' title="bbox 2181 3702 3766 3779; baseline -0.001 -22"><span class='ocrx_word' id='word_1_610' title='bbox 2181 3705 2393 3758; x_wconf 74' lang='grc' dir='ltr'>καὶτοῦ</span> <span class='ocrx_word' id='word_1_611' title='bbox 2430 3704 2684 3776; x_wconf 82' lang='grc' dir='ltr'>βασάνου.</span> <span class='ocrx_word' id='word_1_612' title='bbox 2716 3707 2829 3777; x_wconf 89' lang='grc' dir='ltr'>Τῆς</span> <span class='ocrx_word' id='word_1_613' title='bbox 2851 3706 3063 3779; x_wconf 81' lang='grc' dir='ltr'>τρυφῆς</span> <span class='ocrx_word' id='word_1_614' title='bbox 3086 3705 3304 3775; x_wconf 78' lang='grc' dir='ltr'>καὶτῆς</span> <span class='ocrx_word' id='word_1_615' title='bbox 3335 3704 3552 3772; x_wconf 80' lang='grc' dir='ltr'>ἀπάτης</span> <span class='ocrx_word' id='word_1_616' title='bbox 3582 3705 3610 3756; x_wconf 84' lang='grc' dir='ltr'>ὁ</span> <span class='ocrx_word' id='word_1_617' title='bbox 3641 3702 3766 3774; x_wconf 82' lang='grc' dir='ltr'><strong>χρό-</strong></span> 
     </span>
    </p>
   </div>
   <div class='ocr_carea' id='block_1_80' title="bbox 2183 3790 3765 3869">
    <p class='ocr_par' dir='ltr' id='par_1_80' title="bbox 2183 3790 3765 3869">
     <span class='ocr_line' id='line_1_80' title="bbox 2183 3790 3765 3869; baseline -0.009 -8"><span class='ocrx_word' id='word_1_618' title='bbox 2183 3813 2273 3860; x_wconf 84' lang='grc' dir='ltr'>νος</span> <span class='ocrx_word' id='word_1_619' title='bbox 2305 3796 2424 3869; x_wconf 83' lang='grc' dir='ltr'>ὥρα</span> <span class='ocrx_word' id='word_1_620' title='bbox 2453 3797 2570 3851; x_wconf 75' lang='grc' dir='ltr'>ἐστὶ</span> <span class='ocrx_word' id='word_1_621' title='bbox 2605 3799 2700 3869; x_wconf 86' lang='grc' dir='ltr'><strong>μία</strong></span> <span class='ocrx_word' id='word_1_622' title='bbox 2721 3815 2735 3828; x_wconf 80' lang='grc'><strong><em>⁸</em></strong></span> <span class='ocrx_word' id='word_1_623' title='bbox 2769 3799 2869 3869; x_wconf 85' lang='grc' dir='ltr'><strong>τῆς</strong></span> <span class='ocrx_word' id='word_1_624' title='bbox 2899 3799 2956 3852; x_wconf 86' lang='grc' dir='ltr'>δὲ</span> <span class='ocrx_word' id='word_1_625' title='bbox 3000 3798 3232 3869; x_wconf 86' lang='grc' dir='ltr'>βασάνου</span> <span class='ocrx_word' id='word_1_626' title='bbox 3263 3790 3425 3869; x_wconf 81' lang='grc' dir='ltr'>ὧραι,</span> <span class='ocrx_word' id='word_1_627' title='bbox 3468 3796 3765 3868; x_wconf 84' lang='grc' dir='ltr'>τριάκοντα</span> 
     </span>
    </p>
   </div>
   <div class='ocr_carea' id='block_1_81' title="bbox 2185 3885 3766 3962">
    <p class='ocr_par' dir='ltr' id='par_1_81' title="bbox 2185 3885 3766 3962">
     <span class='ocr_line' id='line_1_81' title="bbox 2185 3885 3766 3962; baseline -0.003 -20"><span class='ocrx_word' id='word_1_628' title='bbox 2185 3887 2408 3960; x_wconf 85' lang='grc' dir='ltr'>ἡμερῶν</span> <span class='ocrx_word' id='word_1_629' title='bbox 2439 3888 2667 3961; x_wconf 89' lang='grc' dir='ltr'>δύναμιν</span> <span class='ocrx_word' id='word_1_630' title='bbox 2707 3890 2946 3962; x_wconf 73' lang='grc' dir='ltr'>ἔχουσαι.</span> <span class='ocrx_word' id='word_1_631' title='bbox 2997 3889 3121 3942; x_wconf 82' lang='grc' dir='ltr'><strong>Ἐὰν</strong></span> <span class='ocrx_word' id='word_1_632' title='bbox 3155 3885 3247 3942; x_wconf 82' lang='grc' dir='ltr'><strong>οῦν</strong></span> <span class='ocrx_word' id='word_1_633' title='bbox 3278 3889 3405 3960; x_wconf 89' lang='grc' dir='ltr'>μίαν</span> <span class='ocrx_word' id='word_1_634' title='bbox 3437 3887 3652 3958; x_wconf 75' lang='grc' dir='ltr'>ἡμέραν</span> <span class='ocrx_word' id='word_1_635' title='bbox 3683 3902 3766 3949; x_wconf 88' lang='grc' dir='ltr'><strong>τις</strong></span> 
     </span>
    </p>
   </div>
   <div class='ocr_carea' id='block_1_82' title="bbox 2185 3977 3764 4055">
    <p class='ocr_par' dir='ltr' id='par_1_82' title="bbox 2185 3977 3764 4055">
     <span class='ocr_line' id='line_1_82' title="bbox 2185 3977 3764 4055; baseline -0.002 -21"><span class='ocrx_word' id='word_1_636' title='bbox 2185 3985 2458 4054; x_wconf 76' lang='grc' dir='ltr'>τρυφήσῃ,</span> <span class='ocrx_word' id='word_1_637' title='bbox 2490 3983 2587 4036; x_wconf 80' lang='grc' dir='ltr'>καὶ</span> <span class='ocrx_word' id='word_1_638' title='bbox 2617 3983 2894 4055; x_wconf 80' lang='grc' dir='ltr'>ἀπατηθῇ,</span> <span class='ocrx_word' id='word_1_639' title='bbox 2929 3983 3057 4055; x_wconf 87' lang='grc' dir='ltr'>μίαν</span> <span class='ocrx_word' id='word_1_640' title='bbox 3101 3981 3157 4035; x_wconf 80' lang='grc' dir='ltr'>δὲ</span> <span class='ocrx_word' id='word_1_641' title='bbox 3199 3981 3410 4053; x_wconf 80' lang='grc' dir='ltr'>ἡμέραν</span> <span class='ocrx_word' id='word_1_642' title='bbox 3446 3977 3764 4051; x_wconf 78' lang='grc' dir='ltr'>βασανισθῇ,</span> 
     </span>
    </p>
   </div>
   <div class='ocr_carea' id='block_1_83' title="bbox 2185 4070 3767 4150">
    <p class='ocr_par' dir='ltr' id='par_1_83' title="bbox 2185 4070 3767 4150">
     <span class='ocr_line' id='line_1_83' title="bbox 2185 4070 3767 4150; baseline -0.004 -21"><span class='ocrx_word' id='word_1_643' title='bbox 2185 4077 2436 4131; x_wconf 69' lang='grc' dir='ltr'>ἐνιαυτοῦ</span> <span class='ocrx_word' id='word_1_644' title='bbox 2463 4077 2756 4150; x_wconf 83' lang='grc' dir='ltr'>ὁλοκλήρου</span> <span class='ocrx_word' id='word_1_645' title='bbox 2795 4077 2946 4147; x_wconf 76' lang='grc' dir='ltr'>ἰσχὺν</span> <span class='ocrx_word' id='word_1_646' title='bbox 2987 4074 3099 4146; x_wconf 75' lang='grc' dir='ltr'>ἔχει</span> <span class='ocrx_word' id='word_1_647' title='bbox 3138 4077 3172 4142; x_wconf 80' lang='grc' dir='ltr'>ἠ</span> <span class='ocrx_word' id='word_1_648' title='bbox 3220 4073 3404 4145; x_wconf 77' lang='grc' dir='ltr'>ἡμέρα</span> <span class='ocrx_word' id='word_1_649' title='bbox 3451 4073 3636 4142; x_wconf 79' lang='grc' dir='ltr'>ἐκείνη</span> <span class='ocrx_word' id='word_1_650' title='bbox 3667 4070 3767 4140; x_wconf 77' lang='grc' dir='ltr'><strong>τῆς</strong></span> 
     </span>
    </p>
   </div>
   <div class='ocr_carea' id='block_1_84' title="bbox 2193 4163 3768 4240">
    <p class='ocr_par' dir='ltr' id='par_1_84' title="bbox 2193 4163 3768 4240">
     <span class='ocr_line' id='line_1_84' title="bbox 2193 4163 3768 4240; baseline -0.005 -16"><span class='ocrx_word' id='word_1_651' title='bbox 2193 4169 2448 4240; x_wconf 81' lang='grc' dir='ltr'>βασάνου.</span> <span class='ocrx_word' id='word_1_652' title='bbox 2499 4169 2672 4232; x_wconf 85' lang='grc' dir='ltr'>Ὅσας</span> <span class='ocrx_word' id='word_1_653' title='bbox 2702 4163 2794 4221; x_wconf 80' lang='grc' dir='ltr'><strong>οῦν</strong></span> <span class='ocrx_word' id='word_1_654' title='bbox 2825 4167 3035 4238; x_wconf 77' lang='grc' dir='ltr'>ἡμέρας</span> <span class='ocrx_word' id='word_1_655' title='bbox 3067 4166 3321 4237; x_wconf 77' lang='grc' dir='ltr'>τρυφήσῃ</span> <span class='ocrx_word' id='word_1_656' title='bbox 3345 4182 3448 4229; x_wconf 86' lang='grc' dir='ltr'>τις,</span> <span class='ocrx_word' id='word_1_657' title='bbox 3482 4167 3768 4228; x_wconf 84' lang='grc' dir='ltr'>τοσούτους</span> 
     </span>
    </p>
   </div>
   <div class='ocr_carea' id='block_1_85' title="bbox 2187 4251 3764 4332">
    <p class='ocr_par' dir='ltr' id='par_1_85' title="bbox 2187 4251 3764 4332">
     <span class='ocr_line' id='line_1_85' title="bbox 2187 4251 3764 4332; baseline -0.003 -17"><span class='ocrx_word' id='word_1_658' title='bbox 2187 4263 2465 4324; x_wconf 73' lang='grc' dir='ltr'>ἐνιαυτοὺς</span> <span class='ocrx_word' id='word_1_659' title='bbox 2495 4259 2966 4332; x_wconf 80' lang='grc' dir='ltr'>βασανισθήσεται.</span> <span class='ocrx_word' id='word_1_660' title='bbox 2999 4257 3226 4320; x_wconf 84' lang='grc' dir='ltr'>Βλέπεις</span> <span class='ocrx_word' id='word_1_661' title='bbox 3251 4251 3364 4320; x_wconf 80' lang='grc' dir='ltr'>οὖν,</span> <span class='ocrx_word' id='word_1_662' title='bbox 3397 4257 3478 4309; x_wconf 86' lang='grc' dir='ltr'>ὅτι</span> <span class='ocrx_word' id='word_1_663' title='bbox 3499 4255 3602 4326; x_wconf 86' lang='grc' dir='ltr'><strong>τῆς</strong></span> <span class='ocrx_word' id='word_1_664' title='bbox 3634 4273 3764 4329; x_wconf 81' lang='grc' dir='ltr'>τρυ-</span> 
     </span>
    </p>
   </div>
   <div class='ocr_carea' id='block_1_86' title="bbox 2189 4347 3771 4429">
    <p class='ocr_par' dir='ltr' id='par_1_86' title="bbox 2189 4347 3771 4429">
     <span class='ocr_line' id='line_1_86' title="bbox 2189 4347 3771 4429; baseline -0.012 -15"><span class='ocrx_word' id='word_1_665' title='bbox 2189 4358 2296 4429; x_wconf 80' lang='grc' dir='ltr'><strong>φῆς</strong></span> <span class='ocrx_word' id='word_1_666' title='bbox 2322 4355 2417 4410; x_wconf 73' lang='grc' dir='ltr'>καὶ</span> <span class='ocrx_word' id='word_1_667' title='bbox 2449 4354 2665 4423; x_wconf 82' lang='grc' dir='ltr'>ἀπάτης</span> <span class='ocrx_word' id='word_1_668' title='bbox 2705 4353 2735 4404; x_wconf 87' lang='grc' dir='ltr'>ὁ</span> <span class='ocrx_word' id='word_1_669' title='bbox 2766 4351 2955 4423; x_wconf 88' lang='grc' dir='ltr'>χρόνος</span> <span class='ocrx_word' id='word_1_670' title='bbox 2997 4349 3153 4403; x_wconf 79' lang='grc' dir='ltr'>οὐδέν</span> <span class='ocrx_word' id='word_1_671' title='bbox 3191 4351 3358 4413; x_wconf 75' lang='grc' dir='ltr'>ἐστιν,</span> <span class='ocrx_word' id='word_1_672' title='bbox 3390 4348 3489 4418; x_wconf 90' lang='grc' dir='ltr'><strong>τῆς</strong></span> <span class='ocrx_word' id='word_1_673' title='bbox 3518 4347 3577 4400; x_wconf 74' lang='grc' dir='ltr'>δὲ</span> <span class='ocrx_word' id='word_1_674' title='bbox 3599 4365 3771 4420; x_wconf 77' lang='grc' dir='ltr'>τιμω-</span> 
     </span>
    </p>
   </div>
   <div class='ocr_carea' id='block_1_87' title="bbox 2194 4442 2909 4520">
    <p class='ocr_par' dir='ltr' id='par_1_87' title="bbox 2194 4442 2909 4520">
     <span class='ocr_line' id='line_1_87' title="bbox 2194 4442 2909 4520; baseline -0.011 -16"><span class='ocrx_word' id='word_1_675' title='bbox 2194 4449 2316 4520; x_wconf 83' lang='grc' dir='ltr'>ρίας</span> <span class='ocrx_word' id='word_1_676' title='bbox 2346 4447 2441 4501; x_wconf 78' lang='grc' dir='ltr'>καὶ</span> <span class='ocrx_word' id='word_1_677' title='bbox 2465 4445 2697 4516; x_wconf 87' lang='grc' dir='ltr'>βασάνου</span> <span class='ocrx_word' id='word_1_678' title='bbox 2726 4442 2909 4506; x_wconf 83' lang='grc' dir='ltr'>πολύς.</span> 
     </span>
    </p>
   </div>
   <div class='ocr_carea' id='block_1_88' title="bbox 1592 4621 2644 4682">
    <p class='ocr_par' dir='ltr' id='par_1_88' title="bbox 1592 4621 2644 4682">
     <span class='ocr_line' id='line_1_88' title="bbox 1592 4621 2644 4682; baseline -0.007 -1"><span class='ocrx_word' id='word_1_679' title='bbox 1592 4624 1829 4681; x_wconf 75' lang='lat' dir='ltr'><strong>VARLE</strong></span> <span class='ocrx_word' id='word_1_680' title='bbox 1868 4621 2253 4682; x_wconf 72' lang='lat' dir='ltr'><strong>LECTIONES</strong></span> <span class='ocrx_word' id='word_1_681' title='bbox 2291 4623 2380 4678; x_wconf 86' lang='lat' dir='ltr'><strong>ET</strong></span> <span class='ocrx_word' id='word_1_682' title='bbox 2413 4621 2644 4678; x_wconf 67' lang='lat' dir='ltr'><strong>NOTAE.</strong></span> 
     </span>
    </p>
   </div>
   <div class='ocr_carea' id='block_1_89' title="bbox 2265 4731 3771 4808">
    <p class='ocr_par' dir='ltr' id='par_1_89' title="bbox 2265 4731 3771 4808">
     <span class='ocr_line' id='line_1_89' title="bbox 2265 4731 3771 4808; baseline -0.004 -17"><span class='ocrx_word' id='word_1_683' title='bbox 2265 4737 2379 4808; x_wconf 86' lang='lat'><strong>(87)</strong></span> <span class='ocrx_word' id='word_1_684' title='bbox 2400 4733 2978 4808; x_wconf 83' lang='lat' dir='ltr'><strong>Pseudo-Athanasius</strong></span> <span class='ocrx_word' id='word_1_685' title='bbox 2998 4742 3128 4808; x_wconf 80' lang='lat' dir='ltr'><strong>post</strong></span> <span class='ocrx_word' id='word_1_686' title='bbox 3139 4733 3366 4808; x_wconf 76' lang='grc' dir='ltr'>πράξεις</span> <span class='ocrx_word' id='word_1_687' title='bbox 3384 4731 3586 4798; x_wconf 78' lang='grc' dir='ltr'>αὑτῶν,</span> <span class='ocrx_word' id='word_1_688' title='bbox 3612 4731 3771 4808; x_wconf 67' lang='lat' dir='ltr'><strong>inter-</strong></span> 
     </span>
    </p>
   </div>
   <div class='ocr_carea' id='block_1_90' title="bbox 585 4799 3768 4886">
    <p class='ocr_par' dir='ltr' id='par_1_90' title="bbox 585 4799 3768 4886">
     <span class='ocr_line' id='line_1_90' title="bbox 585 4799 3768 4886; baseline -0.005 -17"><span class='ocrx_word' id='word_1_689' title='bbox 585 4799 698 4886; x_wconf 76' lang='lat'><strong>(82)</strong></span> <span class='ocrx_word' id='word_1_690' title='bbox 736 4799 927 4870; x_wconf 83' lang='lat' dir='ltr'><strong>Lamb.</strong></span> <span class='ocrx_word' id='word_1_691' title='bbox 959 4799 1015 4870; x_wconf 72' lang='grc' dir='ltr'>ἕι</span> <span class='ocrx_word' id='word_1_692' title='bbox 1035 4799 1311 4886; x_wconf 53' lang='grc' dir='ltr'>(ἰαιῖιηξάε</span> <span class='ocrx_word' id='word_1_693' title='bbox 1332 4811 1539 4886; x_wconf 75' lang='lat' dir='ltr'><strong>justis._</strong></span> <span class='ocrx_word' id='word_1_694' title='bbox 1558 4809 1742 4886; x_wconf 84' lang='lat' dir='ltr'><strong>Sic__et</strong></span> <span class='ocrx_word' id='word_1_695' title='bbox 1767 4809 1978 4886; x_wconf 63' lang='lat' dir='ltr'><strong>_Grajca.</strong></span> <span class='ocrx_word' id='word_1_696' title='bbox 2009 4807 2095 4886; x_wconf 82' lang='lat' dir='ltr'><strong>Ad</strong></span> <span class='ocrx_word' id='word_1_697' title='bbox 2194 4799 2389 4863; x_wconf 76' lang='lat' dir='ltr'><strong>mediis</strong></span> <span class='ocrx_word' id='word_1_698' title='bbox 2429 4806 2676 4886; x_wconf 75' lang='lat' dir='ltr'><strong>omissis,</strong></span> <span class='ocrx_word' id='word_1_699' title='bbox 2707 4806 2970 4860; x_wconf 89' lang='lat' dir='ltr'><strong>continuo</strong></span> <span class='ocrx_word' id='word_1_700' title='bbox 2995 4799 3227 4860; x_wconf 57' lang='lat' dir='ltr'><strong>subdit&#39;:</strong></span> <span class='ocrx_word' id='word_1_701' title='bbox 3262 4799 3481 4866; x_wconf 71' lang='grc' dir='ltr'>Ἄκουε,</span> <span class='ocrx_word' id='word_1_702' title='bbox 3529 4820 3584 4856; x_wconf 86' lang='grc' dir='ltr'><strong>κ.</strong></span> <span class='ocrx_word' id='word_1_703' title='bbox 3613 4819 3666 4855; x_wconf 94' lang='grc' dir='ltr'><strong>τ.</strong></span> <span class='ocrx_word' id='word_1_704' title='bbox 3694 4799 3768 4866; x_wconf 85' lang='grc' dir='ltr'><strong>λ.,</strong></span> 
     </span>
    </p>
   </div>
   <div class='ocr_carea' id='block_1_91' title="bbox 511 4880 2091 4956">
    <p class='ocr_par' dir='ltr' id='par_1_91' title="bbox 511 4880 2091 4956">
     <span class='ocr_line' id='line_1_91' title="bbox 511 4880 2091 4956; baseline -0.003 -16"><span class='ocrx_word' id='word_1_705' title='bbox 511 4880 895 4941; x_wconf 73' lang='grc' dir='ltr'>ὶιυιιοἸοουιιι</span> <span class='ocrx_word' id='word_1_706' title='bbox 945 4887 1167 4956; x_wconf 85' lang='lat' dir='ltr'><strong>respicit</strong></span> <span class='ocrx_word' id='word_1_707' title='bbox 1210 4880 1718 4956; x_wconf 71' lang='lat' dir='ltr'><strong>Origeiies_bomil.</strong></span> <span class='ocrx_word' id='word_1_708' title='bbox 1761 4881 1816 4947; x_wconf 83' lang='grc'><strong>1,</strong></span> <span class='ocrx_word' id='word_1_709' title='bbox 1869 4882 1922 4936; x_wconf 86' lang='lat' dir='ltr'><strong>in</strong></span> <span class='ocrx_word' id='word_1_710' title='bbox 1949 4880 2091 4950; x_wconf 80' lang='lat' dir='ltr'><strong>psal.</strong></span> 
     </span>
    </p>
   </div>
   <div class='ocr_carea' id='block_1_92' title="bbox 515 4952 1612 5026">
    <p class='ocr_par' dir='ltr' id='par_1_92' title="bbox 515 4952 1612 5026">
     <span class='ocr_line' id='line_1_92' title="bbox 515 4952 1612 5026; baseline -0.007 -12"><span class='ocrx_word' id='word_1_711' title='bbox 515 4971 724 5021; x_wconf 79' lang='lat' dir='ltr'><strong>xsxvu,</strong></span> <span class='ocrx_word' id='word_1_712' title='bbox 746 4956 889 5026; x_wconf 6' lang='lat' dir='ltr'><strong>pedit.</strong></span> <span class='ocrx_word' id='word_1_713' title='bbox 921 4952 1052 5011; x_wconf 63' lang='lat' dir='ltr'><strong>nov;</strong></span> <span class='ocrx_word' id='word_1_714' title='bbox 1077 4966 1212 5012; x_wconf 91' lang='lat' dir='ltr'><strong>tom.</strong></span> <span class='ocrx_word' id='word_1_715' title='bbox 1239 4952 1453 5026; x_wconf 62' lang='lat' dir='ltr'><strong>ll,&#39;pag.</strong></span> <span class='ocrx_word' id='word_1_716' title='bbox 1485 4952 1612 5026; x_wconf 85' lang='grc'>681.</span> 
     </span>
    </p>
   </div>
   <div class='ocr_carea' id='block_1_93' title="bbox 586 5022 2096 5109">
    <p class='ocr_par' dir='ltr' id='par_1_93' title="bbox 586 5022 2096 5109">
     <span class='ocr_line' id='line_1_93' title="bbox 586 5022 2096 5109; baseline -0.006 -28"><span class='ocrx_word' id='word_1_717' title='bbox 741 5025 871 5108; x_wconf 74' lang='lat' dir='ltr'><strong>Mss.</strong></span> <span class='ocrx_word' id='word_1_718' title='bbox 899 5029 1055 5109; x_wconf 73' lang='lat' dir='ltr'><strong>Angl.</strong></span> <span class='ocrx_word' id='word_1_719' title='bbox 1085 5022 1754 5109; x_wconf 54' lang='lat' dir='ltr'><strong>detrimentiipuniuntur,</strong></span> <span class='ocrx_word' id='word_1_720' title='bbox 1775 5022 2096 5109; x_wconf 40' lang='lat' dir='ltr'><strong>alit-tinopiq,</strong></span> 
     </span>
    </p>
   </div>
   <div class='ocr_carea' id='block_1_94' title="bbox 516 5091 2094 5222">
    <p class='ocr_par' dir='ltr' id='par_1_94' title="bbox 516 5091 2094 5222">
     <span class='ocr_line' id='line_1_94' title="bbox 516 5091 2094 5168; baseline -0.007 -16"><span class='ocrx_word' id='word_1_721' title='bbox 516 5091 615 5152; x_wconf 79' lang='lat' dir='ltr'><strong>alii</strong></span> <span class='ocrx_word' id='word_1_722' title='bbox 647 5097 866 5152; x_wconf 74' lang='lat' dir='ltr'><strong>diversis</strong></span> <span class='ocrx_word' id='word_1_723' title='bbox 899 5113 944 5152; x_wconf 67' lang='lat' dir='ltr'><strong>ae</strong></span> <span class='ocrx_word' id='word_1_724' title='bbox 983 5091 1243 5152; x_wconf 38' lang='lat' dir='ltr'><strong>r&#39;imoniis.</strong></span> <span class='ocrx_word' id='word_1_725' title='bbox 1272 5095 1340 5150; x_wconf 88' lang='lat' dir='ltr'><strong>Et</strong></span> <span class='ocrx_word' id='word_1_726' title='bbox 1371 5091 1498 5149; x_wconf 67' lang='lat' dir='ltr'><strong>mo:</strong></span> <span class='ocrx_word' id='word_1_727' title='bbox 1526 5110 1622 5168; x_wconf 86' lang='lat' dir='ltr'><strong>pro</strong></span> <span class='ocrx_word' id='word_1_728' title='bbox 1640 5094 1986 5149; x_wconf 79' lang='lat' dir='ltr'><strong>acrimonias.</strong></span> <span class='ocrx_word' id='word_1_729' title='bbox 2021 5091 2094 5143; x_wconf 83' lang='lat' dir='ltr'><strong>al.</strong></span> 
     </span>
     <span class='ocr_line' id='line_1_95' title="bbox 516 5115 2089 5222; baseline -0.005 0"><span class='ocrx_word' id='word_1_730' title='bbox 516 5170 876 5222; x_wconf 68' lang='lat' dir='ltr'><strong>(acrimonias.</strong></span> <span class='ocrx_word' id='word_1_731' title='bbox 921 5115 1052 5222; x_wconf 54' lang='lat' dir='ltr'><strong>Facili</strong></span> <span class='ocrx_word' id='word_1_732' title='bbox 1094 5179 1275 5222; x_wconf 89' lang='lat' dir='ltr'><strong>tamen</strong></span> <span class='ocrx_word' id='word_1_733' title='bbox 1324 5166 1493 5222; x_wconf 87' lang='lat' dir='ltr'><strong>editio</strong></span> <span class='ocrx_word' id='word_1_734' title='bbox 1528 5169 1704 5220; x_wconf 79' lang='lat' dir='ltr'><strong>Oxon.</strong></span> <span class='ocrx_word' id='word_1_735' title='bbox 1729 5162 2089 5222; x_wconf 66' lang='lat' dir='ltr'><strong>(egritudines.</strong></span> 
     </span>
    </p>
   </div>
   <div class='ocr_carea' id='block_1_95' title="bbox 515 5162 2089 5251">
    <p class='ocr_par' dir='ltr' id='par_1_95' title="bbox 515 5162 2089 5251">
     <span class='ocr_line' id='line_1_96' title="bbox 515 5162 2089 5251; baseline -0.006 -28"><span class='ocrx_word' id='word_1_736' title='bbox 515 5170 876 5251; x_wconf 48' lang='lat' dir='ltr'><strong>aegrimoniae.</strong></span> <span class='ocrx_word' id='word_1_737' title='bbox 921 5162 1058 5251; x_wconf 74' lang='lat' dir='ltr'><strong>Felli</strong></span> <span class='ocrx_word' id='word_1_738' title='bbox 1094 5179 1275 5251; x_wconf 63' lang='lat' dir='ltr'><strong>tamen</strong></span> <span class='ocrx_word' id='word_1_739' title='bbox 1324 5166 1493 5222; x_wconf 87' lang='lat' dir='ltr'><strong>editio</strong></span> <span class='ocrx_word' id='word_1_740' title='bbox 1528 5162 1704 5220; x_wconf 76' lang='lat' dir='ltr'><strong>Oxon.</strong></span> <span class='ocrx_word' id='word_1_741' title='bbox 1729 5162 2089 5234; x_wconf 63' lang='lat' dir='ltr'><strong>(egritudines.</strong></span> 
     </span>
    </p>
   </div>
   <div class='ocr_carea' id='block_1_96' title="bbox 518 5239 1362 5304">
    <p class='ocr_par' dir='ltr' id='par_1_96' title="bbox 518 5239 1362 5304">
     <span class='ocr_line' id='line_1_97' title="bbox 518 5239 1362 5304; baseline -0.006 -9"><span class='ocrx_word' id='word_1_742' title='bbox 518 5239 611 5295; x_wconf 91' lang='lat' dir='ltr'><strong>Sic</strong></span> <span class='ocrx_word' id='word_1_743' title='bbox 638 5255 771 5294; x_wconf 88' lang='lat' dir='ltr'><strong>sane</strong></span> <span class='ocrx_word' id='word_1_744' title='bbox 800 5239 1008 5304; x_wconf 69' lang='lat' dir='ltr'><strong>Graeca,</strong></span> <span class='ocrx_word' id='word_1_745' title='bbox 1035 5239 1362 5300; x_wconf 81' lang='grc' dir='ltr'>ἀσθενείαις.</span> 
     </span>
    </p>
   </div>
   <div class='ocr_carea' id='block_1_97' title="bbox 590 5305 2098 5381">
    <p class='ocr_par' dir='ltr' id='par_1_97' title="bbox 590 5305 2098 5381">
     <span class='ocr_line' id='line_1_98' title="bbox 590 5305 2098 5381; baseline -0.007 -17"><span class='ocrx_word' id='word_1_746' title='bbox 590 5309 701 5381; x_wconf 72' lang='grc'>(84)</span> <span class='ocrx_word' id='word_1_747' title='bbox 735 5309 927 5381; x_wconf 68' lang='lat' dir='ltr'><strong>Lamb.</strong></span> <span class='ocrx_word' id='word_1_748' title='bbox 958 5310 1243 5381; x_wconf 72' lang='lat' dir='ltr'><strong>multisque</strong></span> <span class='ocrx_word' id='word_1_749' title='bbox 1274 5308 1398 5381; x_wconf 68' lang='lat' dir='ltr'><strong>aliis</strong></span> <span class='ocrx_word' id='word_1_750' title='bbox 1427 5305 1696 5381; x_wconf 43' lang='lat' dir='ltr'><strong>exercitiis</strong></span> <span class='ocrx_word' id='word_1_751' title='bbox 1725 5314 1776 5360; x_wconf 84' lang='lat' dir='ltr'><strong>et</strong></span> <span class='ocrx_word' id='word_1_752' title='bbox 1807 5305 2098 5381; x_wconf 63' lang='lat' dir='ltr'><strong>incontine-</strong></span> 
     </span>
    </p>
   </div>
   <div class='ocr_carea' id='block_1_98' title="bbox 517 5375 2099 5437">
    <p class='ocr_par' dir='ltr' id='par_1_98' title="bbox 517 5375 2099 5437">
     <span class='ocr_line' id='line_1_99' title="bbox 517 5375 2099 5437; baseline -0.006 -2"><span class='ocrx_word' id='word_1_753' title='bbox 517 5375 621 5435; x_wconf 53' lang='lat' dir='ltr'><strong>dis&#39;.</strong></span> <span class='ocrx_word' id='word_1_754' title='bbox 653 5375 721 5435; x_wconf 79' lang='lat' dir='ltr'><strong>At</strong></span> <span class='ocrx_word' id='word_1_755' title='bbox 742 5379 874 5434; x_wconf 88' lang='lat' dir='ltr'><strong>Felli</strong></span> <span class='ocrx_word' id='word_1_756' title='bbox 897 5381 1063 5436; x_wconf 91' lang='lat' dir='ltr'><strong>editio</strong></span> <span class='ocrx_word' id='word_1_757' title='bbox 1092 5375 1172 5437; x_wconf 79' lang='lat' dir='ltr'><strong>sic</strong></span> <span class='ocrx_word' id='word_1_758' title='bbox 1197 5397 1211 5434; x_wconf 91' lang='lat'><strong>:</strong></span> <span class='ocrx_word' id='word_1_759' title='bbox 1241 5379 1337 5432; x_wconf 85' lang='lat' dir='ltr'><strong>alii</strong></span> <span class='ocrx_word' id='word_1_760' title='bbox 1363 5376 1542 5432; x_wconf 78' lang='lat' dir='ltr'><strong>multis</strong></span> <span class='ocrx_word' id='word_1_761' title='bbox 1571 5375 1696 5430; x_wconf 83' lang='lat' dir='ltr'><strong>aliis</strong></span> <span class='ocrx_word' id='word_1_762' title='bbox 1719 5375 1984 5431; x_wconf 77' lang='lat' dir='ltr'><strong>exercitiis</strong></span> <span class='ocrx_word' id='word_1_763' title='bbox 2017 5375 2099 5426; x_wconf 82' lang='lat' dir='ltr'><strong>in-</strong></span> 
     </span>
    </p>
   </div>
   <div class='ocr_carea' id='block_1_99' title="bbox 519 5452 1272 5522">
    <p class='ocr_par' dir='ltr' id='par_1_99' title="bbox 519 5452 1272 5522">
     <span class='ocr_line' id='line_1_100' title="bbox 519 5452 1272 5522; baseline 0 -18"><span class='ocrx_word' id='word_1_764' title='bbox 519 5452 909 5522; x_wconf 68' lang='lat' dir='ltr'><strong>commodisque</strong></span> <span class='ocrx_word' id='word_1_765' title='bbox 940 5452 1272 5522; x_wconf 80' lang='lat' dir='ltr'><strong>afﬁciuntur.</strong></span> 
     </span>
    </p>
   </div>
   <div class='ocr_carea' id='block_1_100' title="bbox 591 5520 1354 5593">
    <p class='ocr_par' dir='ltr' id='par_1_100' title="bbox 591 5520 1354 5593">
     <span class='ocr_line' id='line_1_101' title="bbox 591 5520 1354 5593; baseline 0.005 -20"><span class='ocrx_word' id='word_1_766' title='bbox 591 5521 702 5593; x_wconf 56' lang='lat'><strong>(85)</strong></span> <span class='ocrx_word' id='word_1_767' title='bbox 739 5520 1059 5593; x_wconf 65' lang='lat' dir='ltr'><strong>MsS.Angl.</strong></span> <span class='ocrx_word' id='word_1_768' title='bbox 1098 5521 1354 5593; x_wconf 83' lang='lat' dir='ltr'><strong>provenit.</strong></span> 
     </span>
    </p>
   </div>
   <div class='ocr_carea' id='block_1_101' title="bbox 595 5588 2098 5660">
    <p class='ocr_par' dir='ltr' id='par_1_101' title="bbox 595 5588 2098 5660">
     <span class='ocr_line' id='line_1_102' title="bbox 595 5588 2098 5660; baseline -0.004 -16"><span class='ocrx_word' id='word_1_769' title='bbox 595 5589 706 5656; x_wconf 65' lang='lat'><strong>€86)</strong></span> <span class='ocrx_word' id='word_1_770' title='bbox 736 5591 921 5647; x_wconf 77' lang='lat' dir='ltr'><strong>Lamb.</strong></span> <span class='ocrx_word' id='word_1_771' title='bbox 958 5588 1157 5648; x_wconf 69' lang='lat' dir='ltr'><strong>desunt</strong></span> <span class='ocrx_word' id='word_1_772' title='bbox 1183 5609 1274 5660; x_wconf 85' lang='lat' dir='ltr'><strong>per</strong></span> <span class='ocrx_word' id='word_1_773' title='bbox 1304 5600 1357 5648; x_wconf 85' lang='lat' dir='ltr'><strong>et</strong></span> <span class='ocrx_word' id='word_1_774' title='bbox 1401 5593 1535 5648; x_wconf 74' lang='lat' dir='ltr'><strong>t&#39;ita’.</strong></span> <span class='ocrx_word' id='word_1_775' title='bbox 1572 5589 1754 5648; x_wconf 76' lang='lat' dir='ltr'><strong>Fcllus</strong></span> <span class='ocrx_word' id='word_1_776' title='bbox 1781 5607 1793 5643; x_wconf 90' lang='lat'><strong>:</strong></span> <span class='ocrx_word' id='word_1_777' title='bbox 1820 5588 1938 5644; x_wconf 73' lang='lat' dir='ltr'><strong>vim</strong></span> <span class='ocrx_word' id='word_1_778' title='bbox 1969 5601 2098 5640; x_wconf 72' lang='lat' dir='ltr'><strong>sure.</strong></span> 
     </span>
    </p>
   </div>
   <div class='ocr_carea' id='block_1_102' title="bbox 2197 4874 2597 4934">
    <p class='ocr_par' dir='ltr' id='par_1_102' title="bbox 2197 4874 2597 4934">
     <span class='ocr_line' id='line_1_103' title="bbox 2197 4874 2597 4934; baseline -0.013 0"><span class='ocrx_word' id='word_1_779' title='bbox 2197 4887 2259 4934; x_wconf 87' lang='lat' dir='ltr'><strong>ut</strong></span> <span class='ocrx_word' id='word_1_780' title='bbox 2283 4893 2412 4932; x_wconf 75' lang='lat' dir='ltr'><strong>mox</strong></span> <span class='ocrx_word' id='word_1_781' title='bbox 2433 4874 2597 4930; x_wconf 79' lang='lat' dir='ltr'><strong>infra.</strong></span> 
     </span>
    </p>
   </div>
   <div class='ocr_carea' id='block_1_103' title="bbox 2271 4946 3065 5017">
    <p class='ocr_par' dir='ltr' id='par_1_103' title="bbox 2271 4946 3065 5017">
     <span class='ocr_line' id='line_1_104' title="bbox 2271 4946 3065 5017; baseline -0.001 -16"><span class='ocrx_word' id='word_1_782' title='bbox 2271 4947 2382 5016; x_wconf 90' lang='lat'><strong>(88)</strong></span> <span class='ocrx_word' id='word_1_783' title='bbox 2413 4947 2542 5017; x_wconf 79' lang='lat' dir='ltr'><strong>Mss.</strong></span> <span class='ocrx_word' id='word_1_784' title='bbox 2575 4946 2736 5017; x_wconf 82' lang='lat' dir='ltr'><strong>Angl.</strong></span> <span class='ocrx_word' id='word_1_785' title='bbox 2775 4956 3065 5017; x_wconf 84' lang='lat' dir='ltr'><strong>gesserunt.</strong></span> 
     </span>
    </p>
   </div>
   <div class='ocr_carea' id='block_1_104' title="bbox 2271 5011 3773 5089">
    <p class='ocr_par' dir='ltr' id='par_1_104' title="bbox 2271 5011 3773 5089">
     <span class='ocr_line' id='line_1_105' title="bbox 2271 5011 3773 5089; baseline -0.005 -16"><span class='ocrx_word' id='word_1_786' title='bbox 2271 5011 2384 5089; x_wconf 88' lang='lat'><strong>(89)</strong></span> <span class='ocrx_word' id='word_1_787' title='bbox 2414 5016 2545 5073; x_wconf 82' lang='lat' dir='ltr'><strong>Mss.</strong></span> <span class='ocrx_word' id='word_1_788' title='bbox 2574 5011 2732 5087; x_wconf 76' lang='lat' dir='ltr'><strong>Angl.</strong></span> <span class='ocrx_word' id='word_1_789' title='bbox 2762 5011 2945 5089; x_wconf 61' lang='lat' dir='ltr'><strong>passos</strong></span> <span class='ocrx_word' id='word_1_790' title='bbox 2971 5015 3254 5071; x_wconf 84' lang='lat' dir='ltr'><strong>secundum</strong></span> <span class='ocrx_word' id='word_1_791' title='bbox 3283 5014 3428 5085; x_wconf 81' lang='lat' dir='ltr'><strong>facta</strong></span> <span class='ocrx_word' id='word_1_792' title='bbox 3459 5031 3594 5080; x_wconf 78' lang='lat' dir='ltr'><strong>sua;</strong></span> <span class='ocrx_word' id='word_1_793' title='bbox 3627 5011 3773 5067; x_wconf 73' lang='lat' dir='ltr'><strong>scili—</strong></span> 
     </span>
    </p>
   </div>
   <div class='ocr_carea' id='block_1_105' title="bbox 2201 5087 2995 5159">
    <p class='ocr_par' dir='ltr' id='par_1_105' title="bbox 2201 5087 2995 5159">
     <span class='ocr_line' id='line_1_106' title="bbox 2201 5087 2995 5159; baseline -0.003 -15"><span class='ocrx_word' id='word_1_794' title='bbox 2201 5087 2288 5159; x_wconf 30' lang='lat' dir='ltr'><strong>cet:</strong></span> <span class='ocrx_word' id='word_1_795' title='bbox 2301 5091 2530 5159; x_wconf 7' lang='lat' dir='ltr'><strong>quisque,</strong></span> <span class='ocrx_word' id='word_1_796' title='bbox 2543 5105 2744 5159; x_wconf 81' lang='lat' dir='ltr'><strong>eorum.</strong></span> <span class='ocrx_word' id='word_1_797' title='bbox 2763 5087 2801 5159; x_wconf 82' lang='lat' dir='ltr'><strong>_l</strong></span> <span class='ocrx_word' id='word_1_798' title='bbox 2810 5105 2864 5155; x_wconf 90' lang='lat' dir='ltr'><strong>n,</strong></span> <span class='ocrx_word' id='word_1_799' title='bbox 2890 5097 2995 5142; x_wconf 91' lang='lat' dir='ltr'><strong>etc.</strong></span> 
     </span>
    </p>
   </div>
   <div class='ocr_carea' id='block_1_106' title="bbox 2267 5157 3312 5300">
    <p class='ocr_par' dir='ltr' id='par_1_106' title="bbox 2267 5157 3312 5300">
     <span class='ocr_line' id='line_1_107' title="bbox 2291 5157 2820 5230; baseline -0.002 -17"><span class='ocrx_word' id='word_1_800' title='bbox 2291 5157 2383 5230; x_wconf 83' lang='lat'><strong>90)</strong></span> <span class='ocrx_word' id='word_1_801' title='bbox 2408 5157 2561 5213; x_wconf 88' lang='lat' dir='ltr'><strong>Bodl.</strong></span> <span class='ocrx_word' id='word_1_802' title='bbox 2589 5157 2820 5212; x_wconf 82' lang='lat' dir='ltr'><strong>crudele.</strong></span> 
     </span>
     <span class='ocr_line' id='line_1_108' title="bbox 2267 5157 3312 5300; baseline -0.002 -16"><span class='ocrx_word' id='word_1_803' title='bbox 2267 5157 2383 5300; x_wconf 52' lang='grc'>(91)</span> <span class='ocrx_word' id='word_1_804' title='bbox 2410 5229 2604 5300; x_wconf 79' lang='lat' dir='ltr'><strong>Lamb.</strong></span> <span class='ocrx_word' id='word_1_805' title='bbox 2634 5243 2786 5300; x_wconf 54' lang='lat' dir='ltr'><strong>plena</strong></span> <span class='ocrx_word' id='word_1_806' title='bbox 2820 5243 2939 5300; x_wconf 78' lang='lat' dir='ltr'><strong>vero</strong></span> <span class='ocrx_word' id='word_1_807' title='bbox 2963 5227 3119 5281; x_wconf 82' lang='lat' dir='ltr'><strong>unius</strong></span> <span class='ocrx_word' id='word_1_808' title='bbox 3150 5225 3312 5300; x_wconf 60' lang='lat' dir='ltr'><strong>(torte.</strong></span> 
     </span>
    </p>
   </div>
   <div class='ocr_carea' id='block_1_107' title="bbox 2271 5291 3773 5382">
    <p class='ocr_par' dir='ltr' id='par_1_107' title="bbox 2271 5291 3773 5382">
     <span class='ocr_line' id='line_1_109' title="bbox 2271 5291 3773 5382; baseline -0.007 -27"><span class='ocrx_word' id='word_1_809' title='bbox 2271 5291 2385 5382; x_wconf 70' lang='lat'><strong>(92)</strong></span> <span class='ocrx_word' id='word_1_810' title='bbox 2415 5299 2607 5382; x_wconf 81' lang='lat' dir='ltr'><strong>Lamb.</strong></span> <span class='ocrx_word' id='word_1_811' title='bbox 2636 5291 3100 5382; x_wconf 26' lang='lat' dir='ltr'><strong>Ldee‘stfallfacem.</strong></span> <span class='ocrx_word' id='word_1_812' title='bbox 3148 5295 3360 5382; x_wconf 64' lang='lat' dir='ltr'><strong>Laudat</strong></span> <span class='ocrx_word' id='word_1_813' title='bbox 3386 5291 3773 5382; x_wconf 15' lang='lat' dir='ltr'><strong>illunc-locum</strong></span> 
     </span>
    </p>
   </div>
   <div class='ocr_carea' id='block_1_108' title="bbox 2199 5359 3773 5442">
    <p class='ocr_par' dir='ltr' id='par_1_108' title="bbox 2199 5359 3773 5442">
     <span class='ocr_line' id='line_1_110' title="bbox 2199 5359 3773 5442; baseline -0.01 -14"><span class='ocrx_word' id='word_1_814' title='bbox 2199 5359 2462 5442; x_wconf 79' lang='lat' dir='ltr'><strong>Origenes</strong></span> <span class='ocrx_word' id='word_1_815' title='bbox 2509 5369 2698 5425; x_wconf 87' lang='lat' dir='ltr'><strong>bomil.</strong></span> <span class='ocrx_word' id='word_1_816' title='bbox 2725 5367 2780 5436; x_wconf 88' lang='lat'><strong>8,</strong></span> <span class='ocrx_word' id='word_1_817' title='bbox 2811 5359 2868 5424; x_wconf 77' lang='lat' dir='ltr'><strong>in</strong></span> <span class='ocrx_word' id='word_1_818' title='bbox 2893 5367 3176 5434; x_wconf 74' lang='lat' dir='ltr'><strong>Numeros,</strong></span> <span class='ocrx_word' id='word_1_819' title='bbox 3208 5368 3339 5426; x_wconf 84' lang='lat' dir='ltr'><strong>edit.</strong></span> <span class='ocrx_word' id='word_1_820' title='bbox 3382 5381 3508 5424; x_wconf 88' lang='lat' dir='ltr'><strong>nov.</strong></span> <span class='ocrx_word' id='word_1_821' title='bbox 3545 5374 3684 5421; x_wconf 81' lang='lat' dir='ltr'><strong>tom.</strong></span> <span class='ocrx_word' id='word_1_822' title='bbox 3710 5359 3773 5426; x_wconf 83' lang='lat' dir='ltr'><strong>ll,</strong></span> 
     </span>
    </p>
   </div>
   <div class='ocr_carea' id='block_1_109' title="bbox 2204 5441 2728 5581">
    <p class='ocr_par' dir='ltr' id='par_1_109' title="bbox 2204 5441 2728 5581">
     <span class='ocr_line' id='line_1_111' title="bbox 2204 5441 2474 5512; baseline 0 -16"><span class='ocrx_word' id='word_1_823' title='bbox 2204 5441 2325 5512; x_wconf 78' lang='lat' dir='ltr'><strong>pag.</strong></span> <span class='ocrx_word' id='word_1_824' title='bbox 2348 5441 2474 5496; x_wconf 70' lang='lat'><strong>294.</strong></span> 
     </span>
     <span class='ocr_line' id='line_1_112' title="bbox 2276 5511 2728 5581; baseline -0.002 -15"><span class='ocrx_word' id='word_1_825' title='bbox 2276 5512 2389 5581; x_wconf 79' lang='lat'><strong>(9&#39;5)</strong></span> <span class='ocrx_word' id='word_1_826' title='bbox 2413 5511 2496 5581; x_wconf 74' lang='lat' dir='ltr'><strong>Al.</strong></span> <span class='ocrx_word' id='word_1_827' title='bbox 2527 5511 2573 5565; x_wconf 79' lang='lat' dir='ltr'><strong>si</strong></span> <span class='ocrx_word' id='word_1_828' title='bbox 2604 5527 2728 5565; x_wconf 84' lang='lat' dir='ltr'><strong>uno.</strong></span> 
     </span>
    </p>
   </div>
   <div class='ocr_carea' id='block_1_110' title="bbox 2280 5579 3122 5653">
    <p class='ocr_par' dir='ltr' id='par_1_110' title="bbox 2280 5579 3122 5653">
     <span class='ocr_line' id='line_1_113' title="bbox 2280 5579 3122 5653; baseline 0.008 -21"><span class='ocrx_word' id='word_1_829' title='bbox 2280 5579 2390 5653; x_wconf 57' lang='lat'><strong>{94)</strong></span> <span class='ocrx_word' id='word_1_830' title='bbox 2421 5579 2610 5638; x_wconf 83' lang='lat' dir='ltr'><strong>Lamb.</strong></span> <span class='ocrx_word' id='word_1_831' title='bbox 2640 5583 2792 5640; x_wconf 75' lang='lat' dir='ltr'><strong>deest</strong></span> <span class='ocrx_word' id='word_1_832' title='bbox 2825 5582 3122 5637; x_wconf 68' lang='lat' dir='ltr'><strong>mandatur.</strong></span> 
     </span>
    </p>
   </div>
  </div>
