3944 6146
213 319 326 375 969
1339 307 1632 364 PASTOR.
1674 305 1888 362 —LIB.
1931 302 2019 363 ill.
2057 305 2259 362 SlMlL.
2308 304 2417 359 Vll.
3361 302 3468 357 970

1686 425 1915 482 CAPUT
1959 425 2018 481 ν.

293 535 412 589 Dixi
443 503 492 587 ei
527 551 542 589 :
577 531 827 594 Domine,
855 526 1119 599 quoniam
1150 537 1258 578 non
1294 522 1537 592 intelligo
1568 520 1752 575 omnia
1781 519 1897 588 (95)
1929 528 2171 590 tempora
2220 519 2335 574 haec
2362 515 2665 573 dulcedinis
2688 515 2977 587 voluptatis
3014 531 3076 572 ac
3103 530 3302 586 pmnte,
3337 514 3476 571 luci-

211 628 347 682 dius
377 625 512 681 mihi
543 626 609 681 de
641 625 725 679 his
755 634 985 693 expone.
1019 614 1320 687 Respondit
1359 613 1514 680 mihi,
1541 612 1730 667 dicens
1761 630 1774 664 :
1810 610 2125 681 lnsipientia
2154 610 2267 680 (96)
2297 621 2387 665 tua
2432 610 2530 664 tibi
2564 621 2975 680 perseveranter
3009 613 3255 669 inhaeret.
3289 610 3479 669 Nonne

214 719 305 773 vis
333 716 515 788 potius
546 725 781 770 mentem
814 721 960 767 tuam
988 708 1299 781 puritlcare,
1317 713 1371 758 et
1396 702 1506 757 Deo
1534 702 1771 758 servire?

1921 716 1958 766 ξ,
1982 716 2049 757 ne
2080 700 2220 756 forte
2244 700 2612 772 (97)tempore
2639 711 2851 768 exacto,
2879 712 2929 756 tu
2958 704 3217 774 insipiens
3241 707 3478 778 reperia-

220 810 325 864 ris.
355 806 497 861 Audi
531 799 1174 873 nunc,quemadmodum
1202 797 1307 862 vis,
1338 811 1449 865 quo
1485 792 1701 848 facilius
1723 794 1776 847 in

456 806 497 861 ii
531 799 1174 873 nunc,quemadmodum
1202 797 1307 862 vis,
1338 811 1449 865 quo
1485 792 1701 848 facilius
1723 794 2013 864 intelligas.

296 901 405 971 (98)
446 901 504 953 '0
539 895 760 969 τρυφῶν
802 895 897 948 καὶ
932 889 1310 961 ἀπατώμενος,
1341 886 1436 939 καὶ
1478 885 1737 955 πράσσων
1768 883 1806 938 ἃ

1979 883 2084 950 Qui
2118 900 2227 938 uno
2248 884 2334 939 die
2355 883 2692 940 commiserit
2715 902 2772 942 se
2802 879 3191 957 voluptatibus,
3215 907 3267 948 et
3291 890 3478 951 fecerit

218 993 471 1064 βούλεται
492 1032 508 1056 ,
566 986 765 1059 πολλὴν
815 983 1126 1057 ἀφροσύνην
1177 980 1480 1035 ὲνδέδυταιο
1527 975 1648 1034 ἀντὶ
1695 976 1775 1047 γά,

1918 976 2168 1046 ιιιίιιίιιιίιι
2222 975 2424 1045 appetit
2474 976 2691 1032 animus
2743 978 2903 1050 ejus,
2954 981 3185 1050 plurima
3240 985 3475 1055 repletur

213 1085 320 1154 τῆς
358 1082 569 1155 τρυφῆς
607 1080 702 1135 καὶ
748 1079 962 1149 ἀπάτης
1001 1075 1239 1143 ἑκάστης
1283 1069 1517 1144 ἡμέρας,
1554 1067 1770 1122 ἀποτίσε

1918 1066 2153 1133 stultitia,
2187 1082 2287 1122 nec
2318 1066 2567 1138 intelligit
2588 1068 2718 1138 quid
2746 1070 3019 1140 admittat;
3052 1089 3114 1129 ac
3139 1075 3226 1129 die
3256 1087 3475 1147 postero

215 1176 454 1245 βάσανον
480 1172 744 1247 μεγάλην,
776 1167 1018 1224 ἐνιαυτὸν
1045 1169 1113 1238 τῇ
1138 1163 1339 1238 ἡμέρᾳ.

1918 1159 2267 1226 obliviscitur,
2306 1160 2436 1230 quid
2474 1158 2661 1216 fecerit
2690 1160 2801 1232 (99)
2838 1165 3043 1234 pridie;
3070 1167 3301 1224 dulcedo
3331 1171 3475 1227 enim

210 1282 269 1326 et
298 1272 547 1342 voluptas
574 1269 848 1324 mundana
875 1261 1023 1333 (100)
1057 1260 1259 1316 nullam
1306 1257 1627 1313 memoriam
1657 1255 1882 1323 habent,
1922 1267 2142 1326 propter
2172 1256 2457 1311 stultitiam
2507 1272 2629 1327 quae
2677 1256 2838 1314 insita
2873 1271 2958 1317 est
3000 1260 3128 1319 illis.
3168 1263 3304 1320 Cum
3349 1281 3479 1325 vero

207 1363 437 1418 unodie
465 1362 757 1417 accesserit
786 1357 995 1414 homini
1039 1355 1319 1411 cruciatus
1365 1367 1429 1407 ac
1486 1366 1670 1422 paena,
1722 1358 1834 1405 toto
1883 1364 2029 1404 anno
2060 1359 2377 1419 torquetur;
2416 1367 2670 1423 magnam
2702 1353 2848 1409 enim
2885 1361 3207 1415 memoriam
3240 1362 3480 1432 possidet

200 1470 401 1524 paena.
434 1453 574 1509 Toto
605 1452 768 1522 igitur
798 1467 944 1510 anno
981 1453 1173 1508 dolens
1215 1450 1468 1505 meminit
1495 1466 1509 1515 ;
1555 1456 1604 1503 et
1656 1460 1790 1505 tunc
1836 1446 2155 1503 recordatur
2175 1446 2486 1504 dulcedinis
2534 1449 2681 1505 illius
2707 1467 2859 1507 vanae
2884 1454 2961 1524 (l)
2992 1471 3056 1511 ac
3087 1458 3400 1529 voluptatis,
3424 1475 3481 1517 et

201 1548 387 1604 sentit
415 1553 699 1617 propterea
726 1561 783 1601 se
805 1561 997 1616 poenas
1026 1547 1156 1616 pati.
1193 1546 1519 1617 Quicunque
1578 1545 1745 1617 Igitur
1798 1559 1858 1601 se
1904 1546 2175 1601 dulcedini
2212 1554 2267 1600 et
2297 1545 2559 1615 voluptati
2607 1548 2699 1603 tali
2746 1549 3084 1619 tradiderint,
3122 1553 3202 1610 sic
3234 1558 3477 1627 puniun-

206 1650 313 1696 tur
347 1641 463 1710 (2);
499 1640 759 1711 quoniam
792 1640 959 1695 vitam
990 1640 1277 1709 habentes,
1308 1639 1410 1712 ipsi
1446 1657 1505 1698 se
1532 1640 2059 1702 redduntobnoxios
2096 1641 2278 1696 morti.

286 1735 400 1789 Καὶ
430 1735 573 1804 λέγω
603 1734 681 1807 τῷ
714 1733 959 1805 ἀγγέλῳ⁹
995 1736 1152 1790 Ποῖαι
1200 1736 1404 1808 τρυφαί
1453 1737 1556 1788 εισι
1603 1733 1797 1805 βλαϐε-

1980 1734 2098 1789 Dixi
2157 1738 2247 1790 ei:
2282 1735 2413 1803 Qua':
2458 1746 2610 1804 sunt,
2655 1737 2891 1804 domine,
2924 1740 3222 1812 voluptates
3269 1748 3478 1804 noxiaa?

212 1828 348 1899 put;
375 1826 499 1896 λέγε
541 1845 648 1898 μοι.
700 1828 854 1880 Πᾶσα
891 1828 1087 1899 πρᾶξις
1131 1828 1366 1901 σαρκικὴ
1398 1828 1575 1900 τρυφή
1626 1829 1769 1880 ἐστιν

1920 1826 2084 1895 )mni,
2144 1828 2339 1900 inquit,
2404 1829 2611 1884 homini
2655 1828 2905 1901 voluptas
2972 1843 3049 1889 est
3112 1838 3477 1910 quodcunque

208 1918 313 1972 νῦν
357 1918 432 1990 (5)
475 1918 649 1991 ἡδέως
695 1920 841 1971 ποιεῖ
890 1919 1076 1991 αὑτήν.
1114 1917 1208 1992 ['0
1248 1918 1379 1992 γὰρ]
1431 1918 1681 1991 ὀξύχολος
1722 1922 1765 1970 τι

1913 1920 2134 1976 libenter
2162 1921 2311 1977 facit.
2351 1920 2563 1977 Etenim
2593 1924 2889 1980 iracundus
2922 1928 3268 1985 satisfaciens
3305 1935 3470 1989 mori-

209 2013 410 2067 ἑαυτοῦ
440 2012 599 2067 πάθει
636 2011 697 2064 τὺ
732 2012 913 2066 ἱκανὸν
945 2012 1115 2067 ποιῶν
1160 2015 1374 2085 τρυφᾷ*
1413 2012 1615 2084 ὁμοίως
1648 2011 1742 2065 καὶ

1919 2029 2009 2069 ius
2037 2013 2152 2069 suis
2202 2014 2430 2085 percipit
2468 2017 2798 2085 voluptatem
2851 2032 3040 2085 suam;
3087 2030 3139 2075 ct
3161 2023 3393 2088 adulter,
3422 2036 3476 2080 et

213 2106 425 2179 μοιχὸς,
450 2105 542 2175 καὶ
565 2107 593 2158 6
622 2104 871 2177 μέθυσος,
916 2107 1009 2159 καὶ
1054 2107 1082 2158 6
1131 2105 1456 2169 κατάλαλος,
1484 2105 1579 2158 καὶ
1611 2106 1639 2158 6
1666 2103 1768 2173 ψεύ

1920 2104 2151 2162 :briosus
2178 2104 2276 2178 (4),
2305 2116 2358 2161 et
2378 2107 2673 2174 detractor,
2700 2116 2749 2163 et
2782 2111 3011 2165 mendax
3043 2120 3097 2167 et
3140 2117 3389 2184 cupidus,
3422 2127 3477 2174 ct

213 2214 372 2269 στης,
400 2198 495 2251 καὶ
523 2197 551 2251 6
579 2196 929 2267 πλεονέκτης,
969 2198 1059 2250 καὶ
1088 2196 1116 2250 6
1150 2196 1545 2268 ἀποστερητὴς,
1580 2196 1672 2250 καὶ
1704 2196 1769 2249 δσ

1914 2195 2208 2264 fraudator,
2235 2208 2289 2253 et
2318 2199 2630 2269 quicunque
2671 2201 2740 2255 iis
2778 2202 2956 2257 simile
2986 2204 3189 2274 aliquid
3216 2209 3471 2278 admittit,

206 2288 471 2344 τοιαῦτα·
516 2287 764 2361 τρυφῶσι
806 2289 914 2362 γὰρ
952 2292 1008 2342 ὲν
1030 2293 1097 2363 τῇ
1141 2288 1323 2343 αὐτῶν
1373 2288 1586 2358 πράξει.
1635 2282 1763 2341 Aine

1919 2288 2098 2343 morbo
2126 2306 2225 2344 suo
2247 2304 2467 2360 parens,
2492 2290 2720 2360 percipit
2741 2307 2805 2346 ex
2834 2309 2896 2347 ea
2922 2309 2981 2349 re
3005 2296 3357 2367 voluptatem.
3382 2300 3476 2358 liae

208 2382 272 2436 δὲ
310 2383 368 2436 αἱ
416 2380 642 2454 πράξεις
676 2380 932 2454 βλαϐεραί
971 2382 1076 2435 εἰσι
1118 2385 1231 2444 τοῖς
1271 2380 1476 2443 δούλοις
1508 2379 1604 2432 τοῦ
1641 2379 1765 2433 Θεοί

1943 2393 2097 2433 mnes
2127 2379 2441 2435 dulcedines
2478 2396 2542 2435 ac
2566 2381 2870 2452 voluptates
2919 2385 3097 2443 noxia:
3136 2396 3268 2445 sunt
3301 2394 3500 2449 servis

210 2474 339 2529 Εἰσὶ
369 2474 426 2527 δὲ
460 2473 554 2527 καὶ
579 2474 783 2544 τρυφαὶ
800 2471 1068 2537 σώζουσαι
1094 2475 1218 2537 τοὺς
1242 2471 1580 2544 ἀνθρώπους.
1612 2470 1767 2523 nam

1919 2467 2019 2524 Dei.
2069 2470 2300 2541 Propter
2340 2476 2441 2529 has
2492 2474 2679 2544 itaque
2724 2477 3040 2533 cruciantur
3089 2490 3145 2536 et
3195 2484 3476 2553 patiuntur

209 2567 326 2639 γὰρ
354 2566 533 2636 ἀγαθὰ
559 2564 914 2638 ἐργαζόμενοι
946 2566 1240 2638 τρυφῶσιν.
1272 2564 1419 2634 Αὕτη
1440 2558 1531 2617 οὖν
1556 2565 1589 2633 ἡ
1616 2580 1766 2633 τρυφλ

1919 2576 2112 2617 uenas.
2168 2561 2307 2617 Sunt
2344 2564 2507 2620 etiam
2545 2563 2873 2637 voluptates,
2904 2569 3132 2626 salutem
3160 2572 3476 2634 hominibus

206 2663 330 2724 τοῖς
380 2659 584 2724 δούλοις
634 2658 728 2713 τοῦ
784 2657 919 2711 Θεοῦ
968 2661 1329 2727 περιποιεῖται
1386 2653 1564 2729 ζωήν·
1624 2658 1680 2710 αἱ
1736 2656 1763 2710 δ

1916 2652 2207 2709 ifl‘erentes.
2275 2652 2427 2709 Multi
2475 2655 2622 2709 enim
2677 2670 2838 2725 opera
2895 2657 3151 2717 bonitatis
3193 2662 3473 2732 facientes,

208 2747 608 2821 προειρημέναι
640 2746 842 2818 τρυφαὶ
868 2746 1114 2817 βάσανον.

1920 2746 2207 2816 iercipiunt
2247 2747 2597 2817 voluptatem,
2641 2747 2927 2804 dulcedine
2974 2766 3074 2805 sua
3116 2756 3295 2810 tracti.
3352 2755 3477 2813 [iam

206 2853 346 2908 ergo
375 2838 624 2907 voluptas
661 2836 809 2891 utilis
843 2845 927 2891 est
957 2837 1128 2893 servis
1159 2835 1275 2903 Dei,
1305 2846 1360 2892 et
1393 2837 1561 2891 vitam
1592 2846 1749 2908 parat
1782 2837 2097 2908 hujusmodi
2119 2839 2457 2893 hominibus.
2488 2838 2597 2895 illa:
2620 2855 2748 2894 vero
2778 2842 2954 2897 noxiae
2978 2859 3102 2913 qua:
3127 2862 3289 2917 supra
3318 2851 3477 2906 dictat

208 2940 363 2998 sunt,
393 2940 660 2984 tormenta
690 2936 745 2984 et
779 2942 971 2998 poenas
1004 2928 1245 2996 pariunt.
1277 2926 1602 2998 Quicunque
1634 2945 1765 2984 vero
1795 2931 2199 3000 permanserint
2233 2932 2290 2987 in
2332 2932 2461 2998 illis,
2488 2947 2587 2988 nec
2627 2933 2993 2990 admissorum
3017 2952 3243 2996 suorum
3268 2946 3477 3015 egerint

208 3016 621 3090 pmnitentiam,
654 3027 885 3072 mortem
924 3016 1027 3072 sibi
1057 3017 1367 3087 acquirent.

1553 3110 2029 3172 SIMILITUDO
2060 3110 2203 3169 VII.

876 3207 1328 3271 Pamt'tentibus
1370 3211 1696 3290 faciendos
1748 3231 1876 3273 esse
1909 3213 2290 3292 pwnitentiw
2324 3211 2549 3291 dignos
2582 3215 2857 3293 fructus.

1590 3340 1821 3397 CAPUT
1872 3340 2163 3397 UNICUM.

287 3434 418 3490 post
438 3433 556 3490 dies
590 3444 796 3503 paucos
824 3430 983 3487 video
1016 3432 1170 3489 illum
1201 3435 1257 3490 in
1286 3450 1353 3491 eo
1377 3450 1593 3507 campo,
1626 3437 1681 3491 in
1722 3452 1834 3508 quo
1877 3447 2124 3509 pastores
2172 3435 2295 3492 illos
2339 3443 2465 3491 ante
2497 3435 2737 3492 videram
2775 3438 2877 3507 (5).
2907 3437 2975 3495 Et
3013 3441 3090 3497 ait
3126 3442 3262 3501 mihi
3288 3461 3304 3503 :
3330 3444 3473 3515 Quid

214 3529 490 3601 inquiris?
512 3525 670 3594 Veni,
700 3526 945 3597 inquam,
978 3541 1172 3596 rogare
1206 3534 1277 3597 te,
1312 3528 1553 3594 domine,
1583 3537 1644 3583 ut
1675 3538 1953 3601 pastorem
1986 3529 2139 3584 illum
2176 3527 2531 3600 praepositum
2581 3541 2757 3598 poma:
2797 3530 2994 3600 jubeas
3034 3532 3101 3589 de
3140 3551 3259 3592 mea
3306 3540 3473 3597 domo

212 3626 389 3693 exire,
420 3624 550 3697 quia
579 3623 931 3678 vehementer
960 3639 1048 3678 me
1082 3621 1290 3694 aﬂligit.
1324 3623 1392 3679 Et
1438 3625 1769 3694 respondens

1913 3642 2086 3683 acesse
2122 3634 2224 3694 est,
2273 3625 2469 3697 inquit,
2502 3624 2729 3697 patiaris
2772 3623 3116 3682 incommoda
3148 3637 3201 3683 et
3228 3632 3470 3688 vexatio-

213 3736 318 3777 nes
348 3722 460 3794 (6);
492 3720 574 3777 sic
602 3718 747 3776 enim
778 3714 1034 3789 pracepit
1074 3711 1141 3768 de
1170 3722 1223 3767 te
1262 3712 1352 3768 ille
1393 3714 1623 3769 nuntius
1666 3714 1843 3771 bonus
1883 3715 1997 3787 (7):
2032 3716 2159 3787 Quia
2211 3724 2422 3772 tentare
2466 3725 2517 3771 te
2558 3715 2693 3771 vult.
2747 3712 2924 3783 Quod,
2952 3714 3198 3793 inquam,
3230 3719 3469 3781 domine.

214 3829 330 3876 tam
363 3833 525 3890 grave
557 3826 843 3887 peccatum
880 3807 1097 3877 admisi,
1122 3817 1185 3862 ut
1231 3806 1359 3863 huic
1382 3807 1575 3865 nuntio
1596 3808 1877 3864 traderer?
1904 3807 2159 3875 Advorte,
2203 3809 2403 3879 inquit.
2434 3809 2727 3878 Complura
2756 3807 2974 3877 quidem
3008 3809 3177 3866 habes
3207 3825 3424 3884 peccata
3453 3834 3469 3883 ;

206 3913 313 3967 sed
342 3920 583 3967 nontam
608 3909 799 3975 multa,
829 3912 891 3960 ut
923 3905 1050 3960 huic
1078 3902 1274 3957 nuntio
1302 3901 1502 3957 debeas
1549 3902 1688 3959 tradi
1720 3903 1830 3974 (8);
1864 3904 1960 3961 sed
1996 3904 2167 3959 multa
2195 3904 2395 3960 delicta
2435 3914 2490 3960 et
2540 3905 2747 3960 scelera
2779 3903 2976 3959 domus
3022 3914 3113 3960 tua
3152 3910 3467 3978 commisit,

204 4007 449 4079 ideoque
472 4005 630 4063 factis
650 4018 837 4060 eorum
862 4001 951 4056 ille
975 3998 1151 4055 bonus
1181 3997 1409 4053 nuntius
1435 3999 1856 4065 exarcerbatus,
1889 3997 2057 4069 jussit
2090 4009 2140 4055 te
2162 4000 2501 4071 aliquantum
2530 3998 2792 4069 temporis
2822 3996 3164 4052 vexationem
3195 4002 3468 4071 experiri;

206 4107 271 4156 ut
309 4111 364 4157 et
394 4100 469 4155 illi
501 4097 869 4155 admissorum
902 4108 1126 4149 suorum
1154 4100 1317 4163 agant
1340 4091 1739 4161 paenitentiam,
1779 4100 1834 4147 et
1872 4092 2097 4147 abluant
2140 4108 2201 4148 se
2241 4092 2310 4147 ab
2357 4091 2506 4147 omni
2530 4091 2826 4161 cupiditate
2858 4088 3025 4158 hujus
3070 4090 3276 4147 saeculi.
3329 4091 3471 4150 Cum

210 4196 406 4263 itaque
435 4192 647 4262 egerint
670 4186 1046 4259 pmnitentiam
1076 4192 1131 4239 et
1167 4182 1439 4254 purificati
1475 4180 1697 4249 fuerint,
1726 4193 1853 4239 tunc
1888 4184 2130 4240 discedet
2160 4200 2192 4239 a
2224 4192 2277 4239 te
2306 4188 2529 4241 nuntius
2558 4184 2651 4240 ille
2686 4184 2781 4255 qui
2808 4183 3132 4253 praepositus
3156 4196 3241 4242 est
3270 4203 3466 4259 parum.

211 4283 354 4339 Dico
381 4282 431 4338 ei
459 4298 473 4334 :
505 4280 754 4342 Domine,
780 4277 827 4333 si
856 4277 928 4331 ita
957 4276 1035 4331 illi
1065 4290 1123 4331 se
1152 4282 1459 4346 gesserunt,
1492 4283 1552 4329 ut
1597 4275 1973 4344 exasperarint
2019 4277 2271 4331 nuntium
2316 4276 2558 4344 bonum;
2589 4293 2689 4349 ego
2732 4276 2864 4345 quid
2896 4275 3033 4330 feci?
3072 4276 3466 4347 Respondeas:

212 4374 415 4439 Aliter,
446 4372 643 4441 inquit,
676 4385 783 4425 uon
820 4377 1049 4439 possunt
1086 4366 1163 4421 illi
1191 4365 1534 4419 vexationem
1567 4365 1699 4431 pati,
1735 4366 1843 4421 nisi
1890 4375 1944 4420 tu
1984 4367 2077 4437 qui
2118 4376 2280 4436 caput
2328 4382 2388 4422 es
2436 4367 2605 4422 totius
2647 4367 2865 4435 domus,
2913 4369 3145 4426 labores.
3193 4371 3466 4445 Quidquid

212 4466 366 4521 enim
390 4474 448 4520 tu
478 4478 671 4534 passus
704 4463 892 4528 fueris,
923 4478 1145 4520 necesse
1168 4472 1250 4518 est
1280 4470 1338 4515 ut
1367 4470 1422 4516 et
1454 4460 1530 4514 illi
1558 4461 1837 4529 sentiant;
1873 4463 2115 4533 quandiu
2154 4478 2281 4518 vero
2323 4472 2380 4517 tu
2426 4465 2562 4519 bene
2603 4462 2877 4519 stabilitus
2925 4464 3115 4532 fueris,
3149 4466 3225 4521 illi
3261 4469 3465 4526 nullam

216 4554 565 4611 vexationem
592 4561 826 4624 possunt
853 4552 1111 4623 experiri.
1136 4550 1203 4606 Et
1244 4550 1358 4605 dixi
1389 4568 1402 4604 :
1438 4549 1543 4604 Sed
1574 4564 1704 4605 ecce
1743 4550 1857 4620 jam
1898 4567 2066 4619 nunc,
2109 4550 2348 4619 domine,
2381 4561 2550 4623 agunt
2594 4554 2962 4625 pmnitentiam
2987 4558 3113 4613 totis
3153 4561 3466 4628 praecordiis

221 4653 369 4708 suis.
399 4651 466 4707 Et
489 4666 590 4719 ego
618 4650 755 4715 scio,
788 4650 985 4720 inquit,
1011 4650 1140 4706 totis
1168 4649 1483 4720 praecordiis
1513 4662 1607 4704 eos
1646 4664 1807 4721 agere
1832 4651 2231 4721 paenitentiam.
2275 4649 2530 4722 Nunquid
2556 4668 2705 4722 ergo,
2743 4655 2841 4722 ait,
2869 4656 3118 4724 protinus
3144 4668 3304 4728 putas
3332 4662 3466 4715 alio-

218 4749 324 4805 leri
367 4747 565 4803 delicta
598 4760 791 4802 eorum
817 4745 911 4815 qui
948 4755 1117 4818 agunt
1140 4742 1551 4815 paenitentiam?
1578 4740 1697 4797 Non
1722 4742 1951 4811 proinde
1990 4744 2285 4809 continuo;
2316 4743 2411 4799 sed
2434 4754 2648 4815 oportet
2665 4759 2791 4800 eum
2814 4746 2909 4815 qui
2944 4746 3055 4818 agit
3087 4749 3464 4817 pmaitentiam

1304 4838 1543 4894 VARIIE
1584 4838 1969 4896 LECTIONES
2005 4840 2094 4896 ET
2132 4838 2372 4896 ΝΟΤίΕ.

296 4936 413 5009 (95)
435 4934 625 4990 Lamb.
661 4934 835 5000 deest,
878 4933 1074 4989 omnia.
1106 4931 1229 4988 Mox
1276 4929 1455 4986 Fellus
1482 4947 1495 4983 :
1528 4932 1581 4983 d.
1611 4946 1673 4983 ac
1703 4945 1791 4983 vo-
1970 4932 2049 5001 (5)
2080 4930 2155 4986 Ita
2185 4928 2372 5009 Graeca
2403 4931 2546 5009 edita
2581 4946 2612 4985 a
2647 4930 2717 4987 cl.
2746 4929 3464 5009 Montfaucono._Fabrit-ius

223 4999 478 5079 luptatis,
493 5018 564 5064 et.
602 5073 613 5079 _
707 5075 721 5079 _
888 5074 898 5079 _
929 5075 940 5079 Α
973 5074 985 5079 Α
1090 5072 1127 5079 _
1306 5072 1319 5079 _
1664 5070 1676 5079 7
1895 4999 2077 5079 tamen
2105 5018 2206 5073 pro
2230 4999 2326 5055 νῦν
2358 5001 2618 5079 legit76jct,
2653 5003 2814 5079 veteri
2853 5002 3131 5079 interpreti
3153 5002 3460 5079 ἰιιιιηλιξυιιμ

296 5077 409 5146 (96)
432 5076 561 5131 Mss.
588 5073 746 5144 Angl.
789 5074 1040 5146 stultitia.
1090 5072 1357 5146 Et__pau_lo
1391 5079 1533 5141 post,
1566 5070 1785 5125 stultus.
1889 5070 2136 5146 glericus
2182 5082 2362 5146 autem
2402 5070 2583 5126 omisit
2619 5071 2736 5135 νῦν,
2778 5086 2878 5126 nec
2920 5070 3121 5141 rect-pit
3149 5074 3248 5127 ὅτι.
3282 5074 3372 5131 Sic
3412 5087 3467 5131 et

296 5143 411 5218 (97)
445 5146 634 5201 Lamb.
661 5143 1014 5218 quando._Sic
1035 5154 1087 5198 et
1115 5143 1248 5218 edit.
1279 5143 1453 5218 Oxon.
1516 5211 1528 5218 _
1679 5212 1690 5218 _
1892 5143 2179 5218 Russelius
2206 5144 2382 5218 ipsum
2405 5152 2653 5218 secutus.

298 5211 411 5288 (98)
438 5218 567 5288 Post
581 5211 751 5288 verba
780 5214 1011 5288 βασάνου
1046 5213 1231 5288 πολύς,
1265 5211 1790 5288 modo_relata,_haac

1963 5215 2052 5288 (Ii)
2072 5211 2262 5269 Lamb.
2305 5213 2502 5267 ebrius.
2545 5212 2608 5267 Et
2652 5228 2779 5267 mox
2827 5229 2952 5268 cum
2987 5212 3143 5270 Bodl.
3175 5216 3466 5273 infamatur

224 5280 411 5347 statim
437 5286 614 5344 subdit
648 5280 1231 5356 pseudo-Athanasius,
1257 5280 1536 5356 paululum
1561 5281 1788 5356 variata,
1891 5280 1991 5355 pro
2018 5280 2307 5356 detractor.
2589 5355 2592 5356 7
2629 5353 2638 5356 7
2805 5355 2812 5356 7
2843 5355 2849 5356 7
3059 5288 3111 5356 _‘

223 5360 440 5416 caeteris
466 5352 684 5413 interim
719 5356 961 5411 omissis.
994 5354 1084 5408 Sic
1119 5364 1173 5408 et
1221 5352 1349 5408 mox
1379 5352 1542 5423 infra,
1570 5361 1692 5423 post
1722 5352 1790 5422 τῇ
1892 5352 1909 5355 “
1964 5356 2042 5422 (5)
2072 5354 2259 5409 Lamb.
2288 5364 2549 5423 pastorem
2576 5353 2730 5407 illum
2766 5355 3019 5409 viderant.
3059 5352 3239 5410 Editio
3280 5364 3462 5410 autem

224 5428 721 5504 nasoqncontinuo
752 5424 997 5504 sequitur
1023 5442 1037 5478 :
1072 5425 1178 5477 Kal.
1209 5423 1351 5493 λέγω
1376 5422 1454 5494 τῷ
1480 5420 1717 5492 ἀγγέλῳ.
1764 5420 1772 5422 “

1080 5425 1178 5477 Καὶ
1209 5423 1351 5493 λέγω
1376 5422 1454 5494 τῷ
1480 5420 1717 5492 ἀγγέλῳ.
1764 5420 1787 5422 ”
1895 5420 2037 5504 Ἐθψῇ
2058 5425 2235 5504 onn_.
2268 5420 2471 5504 omittit
2496 5422 2637 5477 illos.

317 5495 409 5568 99')
439 5498 628 5568 Lamo.
655 5496 834 5568 fuerit.
931 5566 939 5568 7
1050 5564 1071 5568 _
1532 5564 1542 5568 _
1636 5563 1650 5568 _
1717 5563 1729 5568 _
1751 5562 1764 5568 _
1966 5496 2045 5568 (θ)
2076 5495 2272 5568 Lamb.
2300 5504 2357 5547 ut
2385 5496 2722 5568 incommoda.
2738 5504 2787 5568 et
2809 5495 3113 5568 vexationes
3137 5495 3267 5559 sint,

246 5500 276 5504 ’ἡ
317 5500 409 5568 99)
439 5500 628 5552 Lamb.
655 5500 834 5565 fuerit.
1990 5500 2045 5562 6)
2076 5500 2266 5551 Lamb.
2300 5504 2357 5547 ut
2385 5500 2722 5549 incommoda.
2738 5504 2787 5548 et
2816 5500 3113 5549 vexationes
3137 5500 3257 5549 sint.

222 5624 232 5633 ,
293 5502 446 5652 (ιοο)
472 5568 563 5623 Sic
588 5565 768 5621 Fellus
802 5566 854 5620 in
880 5566 1009 5621 edit.
1038 5564 1213 5620 Oxon.
1247 5581 1314 5621 ex
1348 5580 1482 5623 mss.
1516 5563 1676 5635 Angl.
1704 5562 1788 5618 Al.
1966 5500 2049 5706 37g
2075 5566 2228 5621 Bodl.
2253 5565 2520 5619 honestus.
2550 5563 2640 5620 Sic
2661 5575 2716 5620 et
2744 5564 2905 5648 infra:
2996 5636 3006 5647 _
3256 5574 3257 5577 ‘

227 5648 489 5697 omittunt
513 5637 799 5691 mundana.
1991 5635 2023 5691 8
2074 5636 2263 5693 Lamb.
2288 5637 2506 5701 desunt,
2529 5635 2618 5689 sed
2657 5637 2724 5693 ad
2753 5636 2916 5693 tradi.
2945 5634 3211 5693 Videntur
3239 5636 3257 5693 Ι

227 5634 489 5697 omittunt
513 5637 799 5691 mundana.
1612 5634 1621 5635 ί
1967 5634 2046 5701 (8)
2074 5636 2263 5693 Lamb.
2288 5637 2506 5701 desunt,
2529 5635 2618 5689 sed
2657 5637 2724 5693 ad
2753 5636 2916 5693 tradi.
2945 5634 3211 5693 Videntur
3239 5636 3469 5696 librario

298 5711 378 5777 (t)
414 5708 545 5764 Mss.
576 5708 734 5777 Angl.
759 5707 931 5771 deest,
962 5708 1154 5761 vanw.‘
1896 5707 2166 5766 excidisse
2194 5707 2264 5763 ob
2289 5721 2523 5777 sequens
2552 5706 2662 5761 sed.

299 5780 378 5851 (2)
411 5779 597 5836 Lamb.
621 5779 918 5847 patiuntur.

546 5874 816 5932 Pn'uoL.
859 5872 974 5931 Gn.
1014 5870 1090 5930 ll.
3076 5866 3150 5928 31
