3944 6146
506 289 608 350 9η
1943 295 2003 350 S.
2047 292 2315 351 HERME
3691 304 3803 361 972

509 412 751 484 affligere
785 412 864 484 (9)
889 413 1129 468 animam
1165 425 1344 476 suam,
1379 418 1434 465 et
1469 409 1726 465 humilem
1765 425 1952 465 animo
1987 427 2047 467 se
2082 420 2344 483 praestare
2378 412 2492 484 (1ο)
2535 411 2592 466 in
2643 415 2798 468 omni
2847 414 3086 486 negotio,
3121 425 3177 472 et
3217 418 3545 478 vexationes
3585 425 3801 482 multas

511 505 800 576 variasque
834 505 946 578 (11)
980 505 1258 576 perferre;
1312 521 1548 577 cumque
1580 523 1879 577 perpessus
1925 505 2091 563 fuerit
2137 509 2322 563 omnia
2354 523 2478 579 qua:
2523 509 2599 564 illi
2653 509 2901 566 instituta
2949 510 3154 570 fuerint
3187 515 3338 586 (12),
3385 527 3521 575 tunc
3551 496 3799 579 forsitan

507 600 603 672 qui
629 616 754 656 eum
788 601 996 657 creavit
1028 611 1082 656 et
1113 603 1205 671 qui
1233 600 1486 657 formavit
1510 604 1764 678 universa
1801 603 1936 673 (15),
1972 605 2414 660 commovebitur
2447 620 2574 674 erga
2617 620 2743 660 eum
2786 607 3074 664 clementia
3101 624 3220 676 sua,
3254 620 3309 666 et
3339 612 3575 683 aliquod
3614 632 3800 674 reme-

507 699 660 754 dium
694 697 842 753 dabit
870 716 884 763 ;
912 697 1075 767 idque
1099 697 1195 764 ita,
1223 697 1266 751 si
1303 697 1500 752 viderit
1521 698 1640 767 ejus
1675 698 1770 768 qui
1804 699 2178 769 paenitentiam
2226 701 2358 771 agit,
2409 715 2504 754 cor
2549 715 2747 770 purum
2783 717 2906 758 esse
2938 704 3007 758 ab
3039 706 3188 761 omni
3218 723 3383 778 opere
3407 713 3798 782 nequissimo.

505 792 627 850 Tibi
652 805 830 851 autem
853 803 908 849 et
938 792 1123 848 domui
1159 802 1264 846 tua:
1289 795 1470 848 vexari
1506 811 1651 850 nunc
1683 795 1921 864 expedit,
1956 803 2010 850 et
2043 796 2271 850 multam
2305 796 2645 851 vexationem
2692 799 2800 867 pati
2837 813 3063 856 necesse
3095 810 3180 856 est
3212 804 3324 875 (14)
3352 823 3366 871 ;
3400 806 3559 862 sicut
3588 826 3801 879 praxis-

506 893 586 962 pit
609 893 836 948 nuntius
869 890 1089 945 Domini
1124 889 1216 960 qui
1263 895 1315 942 te
1353 885 1488 940 mihi
1526 885 1772 940 tradidit.
1819 884 1962 952 Quin
2008 887 2192 957 potius
2240 887 2443 959 gratias
2490 904 2622 960 agas
2677 890 2940 957 Domino;
2971 895 3118 964 quod
3150 900 3410 966 praescius
3446 903 3643 958 futuri
3683 905 3800 975 (15)

504 988 729 1059 dignum
763 995 816 1042 te
841 986 1051 1052 habuit,
1086 986 1174 1040 cui
1208 982 1528 1055 praediceret
1581 983 1986 1037 tribulationem
2038 983 2245 1038 instare
2297 984 2604 1041 valentibus
2649 1003 2769 1042 eam
2827 989 3120 1044 sustinere.
3158 989 3288 1046 Dico
3331 993 3426 1048 ei:
3463 993 3536 1050 Et
3577 1007 3668 1061 tu,
3705 1000 3803 1056 de-

503 1081 676 1145 mine,
703 1093 918 1134 mecum
947 1087 1103 1145 esto;
1131 1087 1184 1132 et
1218 1076 1380 1134 facile
1410 1094 1626 1133 omnem
1656 1079 2001 1134 vexationem
2039 1078 2345 1133 sustinebo.
2390 1077 2522 1149 Ego,
2564 1080 2760 1150 inquit,
2786 1097 2882 1135 ero
2917 1092 3097 1137 tecum
3126 1101 3140 1138 :
3169 1085 3262 1139 sed
3289 1094 3344 1138 et
3375 1089 3603 1156 rogabo
3651 1107 3798 1146 nun-

503 1173 640 1229 tium
674 1174 826 1231 illum
860 1173 954 1244 qui
989 1175 1313 1243 praepositus
1345 1180 1434 1227 est
1469 1188 1664 1243 poenae,
1709 1182 1767 1228 ut
1812 1173 1985 1228 levius
2028 1182 2080 1228 te
2116 1173 2360 1244 afﬂigat;
2417 1174 2512 1229 sed
2545 1185 2598 1229 et
2629 1176 2828 1246 exiguo
2852 1187 3098 1247 tempore
3139 1178 3361 1248 patieris
3393 1179 3670 1242 adversa.
3702 1184 3800 1239 ite-

502 1286 736 1342 rumque
768 1281 863 1324 tuo
909 1269 1030 1324 loco
1071 1268 1415 1336 restitueris;
1461 1268 1843 1326 tantummodo
1879 1271 1932 1324 in
1963 1269 2272 1324 humilitate
2296 1285 2606 1339 persevera.
2637 1269 2774 1328 Pare
2808 1271 3040 1328 Domino
3069 1283 3247 1330 mente
3269 1291 3431 1345 pura,
3468 1277 3798 1349 domusque

503 1382 597 1428 tua
630 1386 694 1426 ac
726 1370 841 1424 nati
867 1368 1014 1435 (16);
1064 1375 1119 1422 et
1151 1368 1206 1422 in
1241 1367 1518 1424 mandatis
1562 1369 1683 1438 ejus
1717 1367 1958 1433 ambula,
1993 1383 2117 1438 quae
2150 1367 2407 1438 praecepit
2445 1367 2556 1437 (17)
2595 1367 2733 1423 tibi:
2766 1377 2822 1424 et
2853 1369 3172 1441 pmnitentia
3207 1371 3404 1438 poterit
3447 1386 3588 1427 esse
3641 1373 3798 1427 firma

501 1474 665 1533 atque
697 1477 852 1532 pura.
888 1459 957 1514 Et
989 1459 1034 1514 si
1063 1459 1178 1513 haec
1210 1458 1538 1514 custodieris
1562 1474 1686 1513 cum
1720 1458 1886 1512 domo
1922 1467 2035 1523 tua,
2065 1456 2415 1512 incommoda
2438 1471 2470 1510 a
2506 1465 2559 1510 te
2599 1458 2855 1513 recedent
2881 1477 2895 1512 :
2924 1458 3020 1513 sed
3050 1466 3106 1512 et
3140 1457 3210 1512 ab
3243 1459 3512 1516 omnibus
3553 1461 3797 1531 quicun-

499 1572 607 1628 que
641 1556 696 1610 in
731 1554 817 1610 his
850 1551 1122 1608 mandatis
1156 1549 1556 1606 ambulaverint
1589 1549 1768 1604 omnis
1795 1549 2010 1602 vexatio
2055 1548 2294 1602 recedet.

1809 1660 2282 1725 SIMILITUDO
2309 1661 2476 1723 VIII.

499 1779 887 1850 Electorum,
923 1785 980 1836 et
1007 1771 1450 1854 penitentiam
1477 1774 1882 1846 peccatorum
1917 1763 2116 1823 multa
2151 1773 2299 1824 sunt
2328 1779 2559 1854 genere
2581 1783 2622 1854 ε.
2669 1781 2876 1854 omnes
2927 1773 3154 1854 autem,
3208 1784 3334 1846 pro
3381 1769 3785 1848 paenitentia

1171 1860 1226 1911 et
1266 1841 1572 1910 bonoritm
1601 1861 1864 1919 operum
1893 1859 2153 1902 suorum
2203 1841 2408 1916 modo,
2439 1841 2753 1904 habebunt
2781 1841 3139 1908 mercedem.

1843 1950 2074 2010 CAPUT
2110 1950 2404 2008 PRIMUM.

567 2061 817 2120 Ostendit
841 2059 972 2115 mihi
1002 2057 1221 2114 salicem
1259 2063 1528 2126 tegentem
1555 2065 1780 2120 campos
1805 2064 1870 2104 ac
1895 2056 2132 2113 montes,
2157 2047 2262 2101 sub
2287 2046 2447 2116 cujus
2481 2046 2732 2100 umbram
2764 2054 3030 2102 venerunt
3061 2062 3251 2104 omnes
3275 2047 3370 2118 qui
3397 2049 3597 2104 vocati
3634 2061 3781 2105 eum

495 2159 552 2212 in
579 2155 800 2211 nomine
832 2151 1068 2207 Domini.
1103 2148 1171 2203 Et
1199 2149 1355 2220 juxta
1389 2145 1611 2201 salicem
1639 2143 1820 2199 stabat
1862 2140 2090 2194 nuntius
2124 2138 2342 2193 Domini
2387 2137 2545 2193 valde
2578 2138 2876 2207 prteclarus
2897 2147 2953 2193 et
2985 2137 3264 2204 sublimis;
3291 2147 3346 2193 et
3377 2140 3628 2195 secabat
3663 2158 3777 2196 cum

413 2269 422 2281 '
494 2254 634 2311 falce
656 2266 854 2322 magna
879 2250 948 2306 ab
981 2248 1074 2303 illa
1097 2245 1263 2302 salice
1291 2243 1404 2316 (18)
1441 2258 1664 2309 ramos;
1693 2249 1748 2296 et
1771 2237 1975 2310 populo
2002 2237 2081 2292 illi
2125 2237 2219 2306 qui
2253 2248 2372 2292 erat
2405 2236 2509 2291 sub
2543 2235 2737 2290 umbra
2779 2235 2964 2291 salicis
3003 2235 3171 2303 illius,
3225 2235 3463 2306 exiguas
3522 2248 3584 2293 et
3624 2247 3773 2310 quasi

491 2345 758 2402 cubitales
793 2343 972 2412 virgas
1004 2337 1334 2412 porrigebat.
1365 2334 1664 2404 Postquam
1698 2341 1881 2386 autem
1925 2327 2268 2399 accepissent
2292 2324 2559 2390 universi,
2585 2323 2837 2394 deposuit
2883 2323 3107 2393 falcem;
3134 2336 3189 2381 et
3219 2327 3387 2382 arbor
3420 2329 3527 2385 illa
3571 2333 3774 2403 integra

493 2430 814 2502 permansit,
851 2429 993 2484 sicut
1017 2437 1180 2484 antea
1223 2431 1469 2486 videram
1504 2444 1625 2483 eam
1655 2445 1668 2481 :
1697 2440 1862 2496 quam
1905 2438 2006 2494 ego
2040 2437 2154 2478 rem
2190 2421 2432 2476 mirabar
2466 2419 2602 2490 (19),
2649 2429 2813 2490 atque
2847 2419 2988 2476 intra
3036 2439 3123 2479 me
3155 2425 3518 2496 disputabam
3547 2426 3676 2498 (20)
3697 2431 3774 2485 Ait

491 2528 561 2584 ad
586 2542 674 2583 me
694 2534 880 2597 pastor
907 2525 995 2580 ille
1021 2544 1034 2580 :
1061 2525 1261 2581 Desine
1283 2525 1474 2580 mirari
1499 2523 1647 2594 quod
1687 2521 1852 2576 arbor
1884 2519 1977 2574 illa
2011 2527 2091 2573 tot
2117 2517 2232 2588 (21)
2257 2517 2430 2572 ramis
2461 2516 2711 2587 praecisis
2753 2518 3117 2587 permanserit
3150 2519 3397 2591 integra;
3425 2521 3533 2575 sed
3580 2538 3771 2593 exspe-

489 2631 578 2676 cta
602 2638 620 2675 :
655 2634 804 2674 nunc
839 2618 1310 2674 demonstrabitur
1343 2617 1442 2672 tibi
1475 2615 1622 2686 quod
1662 2612 1932 2684 signiﬁcet
1964 2609 2193 2680 angelus
2229 2609 2316 2664 ille
2363 2607 2459 2678 qui
2493 2606 2696 2677 popqu
2728 2606 2969 2676 porrexit
2995 2611 3196 2680 virgas.
3239 2608 3304 2664 Et
3335 2625 3548 2666 rursus
3584 2627 3684 2667 eas
3711 2615 3769 2668 ab

490 2716 580 2770 bis
603 2713 926 2784 reposcebat
957 2713 1110 2782 (2‘2);
1149 2723 1204 2769 et
1242 2728 1354 2784 quo
1399 2713 1638 2783 quisque
1667 2724 1763 2765 eas
1808 2715 2127 2778 perceperat
2148 2705 2362 2771 ordine,
2411 2705 2604 2759 eodem
2637 2706 2802 2760 etiam
2836 2704 3136 2759 vocabatur
3160 2701 3226 2756 ad
3254 2701 3433 2769 illum,
3469 2703 3768 2776 virgasque

489 2810 607 2882 (25)
629 2810 924 2876 reddebat;
952 2825 1092 2880 quas
1115 2825 1240 2864 cum
1275 2814 1561 2867 acceperat
1583 2803 1693 2867 ille,
1720 2801 2130 2860 considerabat.
2167 2800 2214 2853 A
2247 2799 2576 2870 quibusdam
2621 2799 2769 2855 enim
2815 2797 3115 2868 accipiebat
3164 2795 3346 2850 aridas
3389 2804 3447 2850 et
3481 2800 3765 2867 putridas,

487 2900 637 2954 velut
667 2916 698 2954 a
726 2899 875 2953 tinea
900 2907 1074 2954 tactas
1102 2916 1116 2952 :
1142 2907 1195 2954 et
1219 2897 1446 2968 jubebat
1476 2908 1572 2949 eos
1604 2893 1699 2963 qui
1723 2891 2040 2962 hnjusniodi
2066 2889 2248 2960 virgas
2275 2887 2635 2954 tradiderant,
2675 2889 2890 2944 secerni
2915 2897 2970 2943 et
3001 2901 3252 2944 seorsum
3283 2887 3476 2941 statui.
3508 2889 3626 2944 Alii
3657 2906 3771 2962 por-

486 2995 736 3067 rigebant
764 2994 947 3051 aridas
969 2995 1212 3065 quidem.
1241 2991 1334 3050 sed
1365 3008 1474 3047 non
1520 3000 1693 3046 tactas
1733 3004 1765 3043 a
1801 2989 1944 3042 tinea
1980 3005 1994 3040 :
2031 2995 2086 3042 et
2119 2986 2220 3040 bos
2254 2999 2504 3040 seorsum
2541 2983 2708 3040 statui
2745 2983 2993 3054 jubebat.
3041 2983 3151 3037 Alii
3197 2982 3569 3053 porrigebant
3603 2988 3763 3041 semi-

485 3085 668 3149 aridas
701 3086 884 3158 virgas
910 3109 924 3142 :
952 3095 1008 3142 et
1039 3085 1095 3140 1ιὶ
1121 3098 1340 3154 quoque
1365 3097 1613 3138 seorsum
1641 3079 2042 3137 statuebantur.
2090 3075 2325 3145 Quidam
2350 3085 2532 3131 autem
2556 3077 2760 3132 dabant
2792 3076 2976 3148 virgas
3016 3092 3146 3133 suas
3181 3077 3515 3133 semiaridas
3551 3089 3612 3134 et
3637 3081 3764 3135 scis-

485 3190 647 3232 suras
670 3175 933 3232 habentes
959 3195 973 3230 :
999 3185 1055 3230 et
1080 3176 1136 3230 lii
1156 3192 1407 3234 seorsum
1432 3176 1835 3232 statuebantur.
1861 3173 1968 3228 Alii
1995 3174 2179 3244 virgas
2217 3187 2348 3227 suas
2387 3169 2504 3241 (24)
2541 3171 2858 3238 efferebant,
2895 3188 3130 3244 quarum
3163 3172 3392 3228 dimidia
3441 3189 3586 3244 pars
3616 3179 3760 3231 arida

483 3279 622 3335 erat,
647 3267 872 3325 dimidia
898 3271 1012 3341 (25)
1040 3286 1167 3326 vero
1207 3272 1399 3328 viridis
1440 3281 1540 3327 :et
1589 3271 1644 3324 bi
1691 3284 1942 3326 seorsum
1993 3267 2388 3324 statuebantur.
2446 3267 2552 3321 Alii
2602 3266 2788 3338 virgas
2836 3284 2965 3325 suas
2997 3272 3328 3341 efferebant;
3358 3289 3614 3345 quarum
3651 3277 3760 3331 de:

484 3377 669 3439 partes
696 3369 887 3425 viridte
925 3379 1101 3438 erant,
1129 3371 1288 3426 tertia
1316 3384 1446 3425 vero
1493 3368 1643 3424 arida
1679 3386 1692 3422 :
1726 3376 1781 3422 et
1827 3366 1883 3421 1ιί
1924 3381 2176 3422 seorsum
2211 3364 2609 3420 statuebantur.
2649 3365 2755 3419 Alii
2782 3364 2964 3436 virgas
2994 3384 3124 3425 suas
3167 3369 3490 3439 afferebant,
3518 3389 3755 3443 quarum

483 3465 606 3520 duae
633 3474 815 3536 partes
844 3475 1003 3521 erant
1027 3467 1216 3534 aridae,
1246 3466 1406 3522 tertia
1432 3479 1563 3519 vero
1597 3462 1787 3518 viridis
1813 3481 1826 3518 :
1857 3471 1911 3517 et
1952 3462 2007 3516 hi
2035 3476 2285 3517 seorsum
2317 3460 2718 3516 statuebantur.
2759 3459 2992 3527 Quidam
3019 3467 3368 3537 porrigebant
3397 3468 3597 3540 virgas
3638 3486 3755 3524 suas

479 3557 765 3626 paululum
793 3556 908 3628 (26)
929 3557 1114 3613 aridas
1156 3553 1595 3626 (exiguissimum
1625 3552 1771 3607 enim
1818 3551 2032 3607 aridum
2076 3560 2194 3606 erat
2227 3551 2280 3605 in
2327 3551 2496 3622 virgis
2541 3566 2755 3618 eorum,
2799 3551 2852 3607 id
2879 3561 2962 3608 est
2989 3554 3233 3625 ipsarum
3272 3574 3548 3615 cacumen
3590 3561 3750 3634 [27]».

481 3653 756 3707 scissuras
785 3666 915 3707 vero
939 3652 1209 3707 habebant
1238 3668 1252 3704 :
1287 3660 1341 3706 et
1372 3651 1426 3704 1ιὶ
1459 3663 1707 3706 seorsum
1731 3647 2130 3703 statuebantur.
2165 3645 2414 3702 Aliorum
2441 3655 2624 3703 autem
2659 3648 2714 3701 in
2748 3647 2916 3719 virgis
2938 3647 3193 3718 exiguum
3230 3661 3351 3704 erat
3379 3650 3594 3720 viride,
3631 3655 3750 3708 reli-

481 3759 652 3809 quum
676 3759 806 3798 vero
840 3743 1096 3798 aridum:
1131 3752 1186 3799 et
1213 3744 1270 3798 hi
1304 3759 1551 3800 seorsum
1584 3742 1985 3798 statuebantur.
2025 3741 2133 3795 Alii
2166 3741 2454 3798 veniebant
2498 3742 2788 3800 afferentes
2827 3743 3011 3817 virgas
3064 3761 3192 3802 suas
3237 3746 3380 3802 sicut
3422 3759 3750 3820 acceperant

479 3839 704 3908 virides,
732 3841 1079 3912 maximaque
1107 3857 1235 3912 pars
1265 3842 1451 3913 populi
1480 3839 1798 3910 hnjusmodi
1823 3839 2003 3910 virgas
2034 3839 2374 3911 porrigebat;
2405 3849 2459 3895 et
2493 3855 2752 3911 magnum
2777 3856 2845 3896 ex
2867 3842 2951 3897 his
2981 3841 3208 3897 nunlius
3240 3839 3328 3895 ille
3357 3841 3637 3910 gaudium
3667 3859 3749 3898 ee-

479 3933 599 4004 pit:
639 3943 693 3988 et
719 3933 775 3987 Ill
800 3949 1049 3990 seorsum
1077 3934 1481 3990 statuebantur.
1509 3933 1615 3988 Alii
1637 3932 1937 3987 efferebant
1965 3931 2148 4003 virgas
2182 3947 2312 3987 snas
2341 3932 2542 3987 virides
2571 3942 2626 3988 et
2662 3934 2951 4004 pampinos
2983 3934 3243 3989 habentes
3270 3951 3283 3987 :
3311 3941 3364 3987 et
3398 3933 3457 3988 bi
3494 3951 3747 3992 seorsum

480 4024 894 4093 statuebantur;
931 4025 1118 4080 ethos
1150 4040 1376 4096 quoque
1421 4023 1651 4079 nuntius
1699 4022 1789 4078 ille
1836 4037 2032 4092 magna
2066 4038 2192 4078 cum
2233 4022 2504 4078 hilaritate
2552 4025 2856 4094 excipiebat
2889 4025 3024 4095 (28).
3060 4024 3165 4079 Alii
3213 4025 3525 4081 efferebant
3571 4029 3748 4098 virgas

478 4137 609 4178 suas
631 4122 853 4189 virides,
881 4137 950 4177 ex
983 4121 1182 4192 quibus
1211 4130 1559 4177 excreveranl
1591 4119 1835 4190 pampini
1881 4135 2070 4174 earum
2097 4119 2244 4190 (29);
2287 4119 2381 4191 qui
2426 4121 2665 4190 pampini
2696 4122 2966 4192 quosdam
3012 4121 3226 4178 fructus
3275 4121 3611 4179 efferebant.
3652 4126 3745 4193 Qui

481 4216 934 4288 hujusmodi(50)
965 4216 1145 4286 virgas
1191 4215 1543 4288 porrigebant
1606 4213 1762 4268 valde
1804 4214 2004 4270 hilares
2065 4220 2224 4275 erant
2286 4213 2475 4280 vultu;
2533 4214 2627 4270 sed
2670 4223 2725 4270 et
2786 4216 3014 4272 nuntius
3069 4216 3184 4286 ipse
3246 4215 3474 4283 quidem
3549 4234 3621 4273 ex
3675 4220 3743 4273 eis

1557 4307 1794 4365 VARUS
1834 4307 2221 4364 LECTIONES
2255 4308 2343 4363 ET
2381 4307 2617 4364 NOTAE.

547 4410 624 4480 (9)
653 4409 784 4466 Mss.
814 4409 973 4480 Angl.
997 4411 1261 4480 craciare.
1389 4478 1398 4480 Α
1643 4475 1653 4480 _
1711 4475 1721 4480 _
1895 4473 1929 4480 _
1989 4474 2024 4480 __
2227 4404 2341 4480 (21)
2365 4403 2444 4480 l_t_a
2475 4403 2656 4480 Fellus
2681 4421 2916 4480 extritis.
2943 4404 3289 4480 Ειίἰιίη-ιοιιιἶ

547 4472 659 4551 (ill)
707 4479 799 4536 Sic
841 4472 1022 4536 Fellus
1072 4479 1264 4534 Lamb.
1287 4478 1486 4551 _a_nt'mo
1533 4493 1586 4551 se
1632 4475 1840 4530 habere.
1895 4473 2048 4551 Bodl.
2223 4472 2334 4551 (22)
2366 4474 2457 4530 Sic
2485 4476 2651 4531 editio
2679 4475 2812 4530 Felli
2841 4474 3017 4532 Oxon.
3047 4493 3113 4530 ex
3138 4474 3328 4529 Lamb.
3361 4472 3450 4526 Al.
3503 4477 3624 4530 illis
3665 4493 3739 4530 re-

474 4545 652 4605 animo
679 4569 732 4606 se
760 4568 952 4620 gerere.
991 4551 1173 4606 Carm.
1207 4558 1261 4604 et
1283 4547 1425 4602 Vict.
1470 4549 1704 4620 animam
1750 4562 1920 4616 agere.
1945 4545 2045 4620 __Al'.
2147 4548 2337 4620 possit.
2362 4615 2384 4620 Α
2500 4616 2511 4620 _
2596 4617 2605 4620 Α
2854 4561 2860 4568 “

475 4623 710 4700 animose
733 4615 935 4700 _'agere_.
1001 4621 1297 4700 Exhibent
1330 4633 1564 4700 quoque
1590 4615 1858 4700 animose
1892 4616 2046 4671 cditt.
2219 4616 2333 4700 (2S)
2360 4615 2554 4700 Lamb.
2587 4617 2695 4672 ista
2725 4633 2843 4700 qua:
2872 4626 3140 4684 acceperat
3181 4615 3387 4677 ordine,
3418 4616 3616 4671 eodem
3658 4634 3736 4672 re-

473 4693 618 4747 Cler.
649 4707 704 4749 et
732 4686 953 4749 Russel.
977 4694 1158 4747 minus
1193 4686 1364 4752 recte;
1386 4686 1694 4756 utquidem
1722 4688 1953 4743 videtur.
2149 4686 2372 4739 cabatur
2397 4687 2466 4740 ad
2493 4687 2664 4743 illum.
2699 4686 3018 4756 virgamque.

791 4745 1094 4834 iamque
1119 4776 1217 4834 pro
1242 4745 1539 4834 variasque.
2023 4761 2027 4766 ’
2184 4827 2194 4834 _
2219 4757 2332 4826 (2.1)
2380 4756 2616 4827 Conjicit
2647 4759 2716 4811 cl.
2752 4745 3188 4834 Waliiustanle
3232 4755 3333 4811 ista
3380 4756 3560 4834 verba
3585 4779 3602 4814 :

545 4827 659 4905 (12)
696 4827 888 4890 Lamb:
919 4827 1036 4905 qua:
1062 4827 1372 4905 instituerit.
1432 4827 1441 4830 ’
1520 4899 1537 4905 Α
1721 4899 1732 4905 _
1861 4899 1872 4905 _
2145 4827 2319 4905 virgas
2357 4837 2665 4905 agam-etc"
2701 4827 2970 4905 excidisse
3000 4829 3228 4905 librario
3267 4830 3564 4905 sequentia
3589 4849 3605 4881 :
3631 4829 3727 4905 Alii

543 4897 657 4974 (15)
681 4905 879 4974 Lamb.
900 4897 1197 4974 qitt'creavit
1229 4900 1406 4974 omnia
1426 4908 1477 4974 et
1508 4899 1760 4974 formavit
1779 4899 2043 4953 universa.
2145 4897 2318 4974 ρει-θαι
2347 4897 2659 4974 αίῖενεὸαηρ,
2687 4899 2880 4952 virides
2922 4899 3156 4974 quidem,
3186 4899 3285 4974 sed_
3318 4897 3596 4974 εςίδςιιιςε
3638 4901 3724 4974 by;

542 4966 824 5046 (14)Ε(11ι.
851 4966 1029 5030 Oion.
1068 4983 1116 5026 et
1145 4971 1284 5042 quod
1327 4966 1550 5023 multam
1589 4969 1911 5023 vexationem
1952 4986 2048 5038 pa-
2146 4966 2340 5046 bentes.
2384 4967 2507 5023 Haec
2542 4970 2688 5046 enim
2707 4966 2993 5046 _memorat
3015 4967 3243 5024 Hermas
3270 4967 3327 5021 in
3363 4966 3467 5023 hac
3497 4985 3622 5039 ipsa
3650 4969 3726 5022 Si-

473 5038 868 5101 tiaris'necesse
900 5055 997 5100 est.
1158 5038 1167 5042 ’
2146 5038 2333 5108 milit.,
2360 5053 2516 5108 capp.
2558 5039 2592 5092 5
2618 5049 2673 5092 et
2707 5040 2758 5092 7.

543 5119 656 5187 (15)
680 5117 812 5173 Mss.
843 5115 1002 5186 Angl.
1036 5115 1174 5187 quod
1193 5115 1416 5187 (dignum
1443 5121 1492 5166 te
1519 5109 1737 5187 babait,‘
1757 5127 2046 5187 cumprw-
2357 5107 2553 5187 Lamb.
2589 5109 2699 5187 alia
2725 5126 2842 5187 vero
2867 5109 3113 5187 dimidia.

469 5176 664 5243 diceret
691 5176 1074 5242 incommodum
1106 5186 1201 5239 tibi
1229 5176 1426 5238 instare
1453 5181 1648 5236 valenti
1683 5180 1737 5234 id
1767 5176 2042 5248 sustinere,
2215 5179 2327 5250 (26)
2352 5178 2482 5234 Mss.
2515 5180 2672 5250 Angl.
2699 5179 2859 5250 paulo
2882 5181 3073 5234 minus.
3103 5177 3194 5234 Sic
3223 5187 3276 5232 et
3302 5177 3473 5250 editio
3503 5176 3686 5250 Oxon.

468 5261 722 5330 prwtcius
748 5259 937 5329 futuri.
1350 5325 1361 5330 _
2030 5247 2035 5248 ν
2147 5319 2189 5330 __
2217 5249 2330 5317 (27)
2361 5249 2451 5330 Sic
2492 5247 2708 5330 Fell:us_.’
2729 5251 2816 5330 Al.
2843 5251 3016 5330 ipsum
3039 5247 3442 5330 _caeumen._‘l.ta
3470 5259 3532 5330 _et

541 5331 656 5402 (16)
691 5318 881 5402 Lamb.
905 5330 1129 5402 desunt,
1155 5344 1220 5381 ac
1246 5325 1404 5402 nati._
1565 5395 1576 5402 _
1737 5395 1747 5402 _
1807 5395 1818 5402 _
2143 5319 2374 5402 llermas
2395 5321 2636 5402 ipse_sub
2666 5318 2911 5402 init.cap.
2946 5319 3014 5373 10
3039 5320 3203 5388 hujus
3223 5318 3435 5402 simila.
3469 5318 3590 5373 haec
3628 5322 3717 5371 ba-

541 5332 634 5402 (16
691 5332 881 5385 Lamb.
905 5332 1129 5392 desunt,
1155 5344 1220 5381 ac
1246 5332 1379 5380 nati.
2145 5332 2374 5376 Hermas
2395 5336 2511 5390 ipse
2534 5332 2636 5376 sub
2666 5332 2911 5389 nnt.cap.
2946 5332 3014 5373 tu
3041 5332 3203 5388 hujus
3223 5332 3435 5372 sumunt.
3469 5332 3590 5373 nec
3628 5332 3709 5371 na-

541 5332 656 5472 (17)
683 5402 815 5456 Mss.
856 5400 1019 5472 Angl.
1065 5401 1146 5472 ἱηΔ
1165 5395 1432 5451 mandatis
1476 5395 1601 5448 meis
1641 5395 1888 5463 ambula,
1927 5409 2044 5464 quia
2143 5393 2236 5472 liet
2267 5389 2946 5472 i-Exceptiscacuminibas
2990 5406 3191 5444 earum.
3229 5389 3548 5469 Sic.rursus
3591 5403 3709 5458 cap.

507 5459 714 5543 reace'pi.
747 5473 840 5526 Sic
869 5479 923 5524 et
943 5459 1088 5543 "edit.
1112 5468 1290 5543 Oxon.
1461 5535 1493 5543 η
1873 5459 1883 5463 ⁷
1938 5459 1950 5464 ’
2145 5459 2404 5543 “ulline
2432 5459 2788 5543 confirmatur
2804 5462 2975 5543 le‘ctio
3000 5476 3165 5529 quam
3191 5459 3501 5543 sequimur.

540 5530 653 5612 (18)
683 5543 872 5597 Lamb.
899 5557 1016 5594 cum
1043 5541 1180 5610 falce
1207 5540 1270 5592 de
1295 5554 1364 5612 Aea
1391 5535 1572 5612 salice.
1699 5607 1735 5612 _
1758 5607 1789 5612 ᾖ
1825 5609 1834 5612 _
1907 5606 1946 5612 _
2354 5530 2546 5612 Lamb.
2577 5548 2768 5602 magna
2795 5531 3068 5612 hilaritate
3084 5531 3358 5612 rapiebat.

541 5601 654 5682 (19)
684 5612 812 5682 Mss.
843 5612 997 5680 Angl.
1030 5601 1131 5681 quo
1160 5610 1371 5682 (nomine
1415 5607 1669 5662 mirabar.
1697 5607 1875 5664 Editio
1905 5605 2040 5664 Felli
2357 5601 2518 5682 _Bod|.
2547 5601 2832 5682 caramque
2857 5602 3116 5682 pampini.

471 5669 648 5738 Ox‘on.’
679 5681 761 5734 Ea:
784 5697 886 5751 quo
915 5669 1064 5749 ὅρετὲ
1096 5679 1350 5751 mirabar.
1417 5749 1446 5751 η
2181 5669 2326 5751 (50)
2355 5670 2547 5751 Lamb.
2578 5669 2865 5751 quemdam
2888 5669 3120 5739 fructum
3151 5669 3448 5738 aﬂ‘erebant
3489 5683 3508 5725 :
3537 5683 3712 5724 eam

541 5752 654 5824 (20)
683 5753 766 5804 AI.
791 5744 1106 5815 cogitabam.
1140 5750 1230 5806 Sic
1259 5760 1309 5804 cl
1339 5749 1540 5804 Fellus.
2144 5744 2375 5801 virbrum
2401 5745 2490 5814 qui
2522 5744 2849 5814 hujusmodt’.
