3944 6146
202 314 323 372 973
1319 320 1606 381 PASTOR.
1645 356 1707 363 ——
1770 323 1899 379 LIB.
1939 324 2027 381 Ill.
2062 325 2265 382 SIMIL.
2310 327 2447 385 VIII.
3367 349 3474 404 9η

201 453 479 511 magnam
518 438 760 496 laetitiam
804 436 1165 511 percipiebat;
1200 453 1302 495 nec
1330 440 1517 497 minus
1543 447 1730 512 pastor
1764 441 2002 500 illecum
2051 459 2119 501 eo
2149 444 2263 517 (51)
2290 462 2357 503 ex
2398 446 2590 505 eadem
2622 464 2789 507 causa
2835 453 3165 515 hilaritatem
3201 463 3469 533 capiebat.

1664 562 1894 619 CAPUT
1943 563 2007 620 ll.

282 649 452 709 Tunc
476 651 703 710 nuntius
737 650 953 709 Domini
988 669 1223 712 coronas
1246 656 1415 728 jussit
1449 658 1653 716 aﬂ‘erri.
1690 660 1881 747 Allata:
1920 671 2049 718 sunt
2092 674 2275 720 autem
2308 681 2526 722 coronae
2556 668 2704 724 velut
2729 685 2795 725 ex
2822 673 3018 743 palmis
3053 676 3237 746 factas;
3277 688 3331 735 et
3374 696 3469 736 co-

200 751 440 807 ronavit
487 764 586 806 eos
614 750 764 805 viros
807 750 1061 819 nuntius,
1111 752 1168 807 in
1198 768 1434 823 quorum
1473 755 1647 827 virgis
1688 758 1978 828 pampinos
2007 761 2290 816 invenerat
2318 771 2373 817 et
2400 762 2640 818 fructum
2678 763 2829 834 (52);
2881 775 2936 821 et
2958 768 3124 839 jussit
3159 789 3253 829 eos
3286 775 3367 831 ire
3410 777 3465 831 in

199 850 439 906 turrim.
473 849 581 905 Sed
625 857 679 905 et
705 847 829 904 illos
858 847 1008 903 viros
1038 846 1187 903 misit
1218 847 1273 902 in
1306 851 1525 917 turrim,
1564 851 1621 905 in
1656 866 1893 922 quorum
1924 853 2095 925 virgis
2124 856 2244 912 sine
2278 856 2460 913 fructu
2508 858 2623 928 (55)
2656 860 2943 919 invenerat
2984 869 3294 938 pampinos,
3340 872 3469 928 dato

197 944 292 1001 eis
324 944 530 1016 sigillo.
561 941 699 1034 Nam
730 950 937 1034 vestem
968 944 1228 1034 eamdem
1248 943 1542 1012 habebant,
1575 946 1627 1000 id
1659 955 1746 1001 est
1769 949 2059 1005 candidam
2094 950 2237 1008 sicut
2264 953 2483 1021 nivem;
2518 970 2644 1011 cum
2681 971 2789 1026 qua
2818 957 3045 1029 jubebat
3074 960 3225 1031 ipsos
3247 963 3326 1019 ire
3349 964 3466 1034 (54)

197 1037 260 1092 in
299 1036 524 1091 turrim.
554 1032 666 1091 Nec
695 1033 883 1090 minus
919 1043 974 1089 et
1002 1048 1099 1088 eos
1140 1032 1237 1103 qui
1264 1034 1616 1090 reddiderant
1642 1036 1828 1108 virgas
1857 1052 1988 1094 suas
2010 1081 2026 1106 ,
2058 1040 2223 1096 sicuti
2256 1053 2582 1114 acceperant
2608 1043 2832 1116 virides,
2874 1049 2997 1105 data
3041 1051 3123 1107 eis
3150 1060 3299 1107 veste
3331 1032 3466 1109 cali?-

189 1131 366 1199 dida;
401 1142 459 1188 et
485 1132 566 1189 sic
595 1147 689 1189 eos
720 1130 931 1188 dimisit
961 1130 1039 1186 ire
1071 1131 1185 1201 (55)
1222 1132 1278 1186 in
1314 1133 1533 1187 turrim.
1572 1132 1670 1189 His
1696 1138 2116 1205 consummatis,
2148 1139 2224 1193 ait
2251 1138 2320 1193 ad
2369 1149 2645 1212 pastorem
2676 1140 2829 1197 illum
2861 1160 2875 1197 :
2914 1141 3028 1214 Ego
3053 1143 3222 1211 vado;
3256 1152 3313 1199 tu
3338 1161 3470 1201 vero

187 1221 427 1279 dimitte
458 1223 561 1280 hos
592 1224 734 1279 intra
769 1239 980 1291 muros,
1014 1222 1070 1279 in
1100 1240 1167 1280 eo
1196 1226 1320 1313 loco
1349 1242 1460 1298 quo
1491 1228 1725 1299 quisque
1768 1233 1963 1287 metuit
2006 1231 2276 1298 habitare,
2310 1234 2675 1292 consideratis
2720 1239 2874 1308 prius
2901 1240 3072 1310 virgis
3102 1256 3295 1296 eorum
3341 1240 3467 1296 dilio

182 1327 443 1387 genter:
475 1329 685 1388 tamen,
735 1336 805 1376 ne
833 1321 960 1390 quis
1009 1324 1061 1375 te
1104 1321 1277 1389 fallat,
1321 1327 1632 1381 considera.
1664 1324 1771 1382 Sed
1800 1336 1856 1382 et
1878 1328 1924 1384 si
1954 1329 2080 1399 quis
2111 1337 2163 1384 te
2205 1330 2550 1399 praeterierit,
2597 1332 2794 1402 inquit,
2833 1346 2936 1403 ego
2981 1347 3077 1387 eos
3115 1347 3281 1403 super
3310 1348 3467 1388 aram

176 1411 480 1481 probabo.
520 1410 618 1468 His
648 1414 717 1468 ad
760 1422 1038 1484 pastorem
1081 1417 1545 1485 dictis,'recessit.
1579 1421 1883 1495 Postquam
1914 1425 2005 1481 ille
2032 1425 2383 1495 discesserat,
2435 1430 2517 1483 ait
2562 1429 2700 1484 mihi
2748 1439 2974 1500 pastor:
3007 1431 3355 1501 Accipiamus
3392 1432 3465 1488 ab

182 1504 470 1561 omnibus
512 1505 727 1577 virgas;
760 1516 815 1563 et
850 1509 1161 1579 plantemus
1188 1510 1333 1572 illas.
1383 1512 1429 1567 si
1459 1513 1677 1582 possint
1719 1515 2051 1571 revirescere
2089 1515 2225 1587 (56).
2257 1515 2390 1573 Dico
2412 1519 2462 1573 ei
2494 1536 2509 1572 :
2544 1517 2795 1587 Domine,
2832 1522 2951 1579 istae
2976 1536 3099 1592 qum
3134 1533 3264 1577 sunt
3298 1524 3466 1579 aridae

182 1597 398 1668 virgas,
434 1614 545 1669 quo
580 1602 746 1657 modo
775 1615 1010 1673 possunt
1024 1605 1515 1679 revirescere?(57)
1545 1610 1633 1663 Ait
1659 1610 1797 1665 mihi
1824 1629 1838 1665 :
1866 1612 2048 1667 Arbor
2069 1613 2172 1667 ista
2203 1613 2342 1669 salix
2373 1624 2482 1683 est,
2516 1624 2573 1670 et
2604 1629 2821 1686 semper
2842 1623 2991 1669 amat
3007 1614 3193 1670 vitam.
3222 1613 3278 1669 Si
3307 1616 3464 1685 plan-

188 1698 330 1745 ιλιαδ
360 1705 492 1762 ergo
517 1689 723 1748 fuerint
769 1695 852 1750 hae
894 1698 1080 1767 virgae,
1116 1705 1484 1773 exiguumque
1511 1704 1762 1762 humoris
1801 1709 2114 1778 acceperint
2154 1708 2291 1780 (58),
2332 1711 2583 1780 plurima:
2608 1726 2672 1766 ex
2706 1711 2787 1767 eis
2816 1711 3174 1768 revirescent.
3208 1710 3460 1767 Tentabo

183 1781 374 1848 enim,
406 1792 461 1839 et
489 1784 799 1843 suﬂundam
833 1789 945 1860 (59)
982 1791 1063 1846 eis
1089 1806 1286 1863 aquam
1322 1812 1334 1846 :
1368 1803 1423 1849 et
1446 1795 1494 1849 si
1523 1811 1631 1865 qua
1662 1811 1853 1851 earum
1899 1799 2143 1868 potuerit
2173 1798 2378 1865 vivere,
2407 1799 2726 1869 gratulabor
2754 1799 2841 1867 ei;
2882 1801 3026 1871 quod
3067 1801 3115 1856 si
3148 1816 3281 1868 non,
3312 1811 3461 1858 certe

184 1887 309 1926 non
341 1873 567 1930 videbor
596 1891 698 1948 ego
731 1880 1010 1953 negligens
1040 1885 1233 1943 fuisse.
1275 1885 1453 1945 Jussit
1479 1890 1677 1947 deinde
1706 1908 1797 1949 me
1822 1906 2023 1949 vocare
2054 1908 2174 1949 eos.
2204 1893 2270 1949 Et
2305 1894 2450 1951 sicut
2490 1903 2761 1950 steterunt
2786 1896 3023 1966 quisque
3045 1911 3261 1963 eorum,
3294 1912 3460 1953 vene-

184 1974 335 2020 runt
361 1966 552 2023 ordine
580 1982 703 2036 suo,
733 1971 1029 2047 virgasque
1067 1995 1197 2035 suas
1229 1980 1610 2036 tradiderunt:
1667 1999 1805 2055 quas
1835 1996 2092 2057 acceptas
2135 1985 2226 2042 ille
2270 1986 2516 2058 singulas
2565 1987 2831 2058 plantavit
2870 1986 3157 2044 ordinibus
3202 1989 3343 2045 suis.
3390 1989 3459 2045 Et

184 2068 490 2131 postquam
519 2063 819 2133 plantasset
847 2083 1061 2138 omnes,
1090 2087 1292 2143 aquam
1323 2073 1554 2130 multam
1597 2077 1955 2147 supereﬂ'udit
1991 2078 2107 2149 (40)
2138 2078 2275 2148 illis;
2307 2079 2382 2134 ita
2421 2088 2481 2135 ut
2509 2087 2820 2151 tegerentur
2857 2079 2927 2135 ab
2963 2095 3128 2151 aqua,
3170 2095 3349 2152 neque
3385 2081 3458 2136 ab

184 2166 259 2207 ea
289 2162 595 2211 exstarent.
629 2155 835 2215 Deinde
879 2175 1005 2217 cum
1036 2163 1319 2235 irrigasset
1365 2166 1510 2234 illas,
1540 2168 1617 2222 ait
1659 2169 1795 2224 mihi
1825 2188 1839 2224 :
1871 2169 2108 2238 Eamus;
2150 2181 2206 2227 et
2235 2180 2360 2242 post
2390 2186 2596 2243 paucos
2637 2171 2755 2228 dies
2785 2180 3144 2241 revertamur,
3173 2182 3229 2228 et
3270 2174 3457 2230 visite-

183 2262 325 2305 mus
356 2264 470 2307 eas.
506 2249 613 2318 Qui
643 2253 852 2309 creavit
876 2254 1024 2310 enim
1051 2256 1194 2311 hanc
1221 2257 1500 2325 arborem,
1533 2259 1719 2315 vivere
1748 2262 1868 2317 vult
1903 2258 2018 2333 (41)
2050 2278 2243 2318 omnes
2273 2278 2390 2331 eos,
2425 2264 2520 2334 qui
2549 2278 2616 2318 ex
2644 2277 2708 2317 ea
2745 2275 3075 2336 acceperunt
3109 2266 3313 2337 virgas.
3341 2265 3455 2337 Ego

183 2356 384 2404 autem
418 2363 603 2420 spero,
635 2364 762 2407 cum
793 2351 906 2407 sint
936 2366 1080 2424 aqua
1122 2354 1487 2426 superinfusae
1515 2356 1601 2412 ba:
1631 2358 1744 2427 (42)
1781 2360 1963 2430 virgas,
1996 2360 2263 2429 plurimas
2294 2360 2536 2415 victuras
2568 2360 2799 2417 humore
2840 2371 3000 2433 capto
3030 2362 3167 2431 (45).

1644 2479 1874 2536 CAPUT
1922 2480 2009 2536 lll.

261 2565 406 2625 Dico
434 2570 485 2626 ei
520 2589 535 2627 :
580 2573 760 2631 Arbor
798 2575 935 2640 hac,
976 2577 1229 2647 Domine,
1263 2578 1580 2636 demonstra
1618 2581 1778 2646 mihi,
1820 2581 1950 2652 quid
1983 2581 2057 2637 sit
2087 2602 2100 2636 :
2136 2583 2297 2638 valde
2338 2582 2485 2638 enim
2523 2598 2768 2649 moveor,
2802 2580 2952 2653 quod
2985 2589 3066 2636 tot
3094 2579 3267 2634 ramis
3303 2577 3446 2632 reci.

175 2663 264 2721 sis
318 2665 440 2736 (44)
481 2666 695 2741 integra
744 2670 999 2727 videatur
1042 2688 1197 2743 esse;
1251 2690 1352 2731 nec
1392 2676 1617 2732 omnino
1667 2678 1971 2749 quidquam
2008 2678 2077 2733 de
2099 2693 2165 2734 ea
2209 2679 2395 2735 minus
2440 2680 2657 2735 videtur
2696 2692 2821 2734 esse
2847 2692 2865 2741 ;
2895 2689 3006 2744 quo
3053 2670 3295 2725 maxime
3333 2666 3451 2739 (45)

166 2766 409 2829 stupeo.
434 2757 617 2828 Audi,
650 2764 828 2834 inquit
861 2764 1081 2820 :Arbor
1119 2765 1234 2822 haec
1269 2782 1465 2838 magna
1515 2783 1637 2837 qua:
1677 2748 1902 2840 campos
1932 2769 2065 2840 tegit
2113 2785 2179 2825 ac
2235 2780 2453 2827 montes
2502 2780 2781 2841 totamque
2836 2779 3039 2825 terram
3065 2806 3080 2833 ,
3127 2765 3213 2819 lex
3242 2771 3324 2817 est
3355 2748 3449 2815 Dei

167 2850 231 2905 in
279 2860 467 2907 totum
524 2856 712 2912 orbem
761 2868 1034 2913 terrarum
1075 2859 1224 2917 data.
1257 2857 1371 2915 Hac
1416 2867 1599 2914 autem
1656 2861 1772 2931 lege
1822 2858 1996 2916 Filius
2040 2861 2137 2916 Dei
2195 2862 2524 2932 praedicatus
2564 2863 2679 2934 (46)
2712 2871 2799 2919 est
2852 2862 2910 2915 in
2950 2857 3211 2914 omnibus
3243 2851 3450 2908 linibus

172 2943 341 3000 orbis
366 2956 548 3003 terras.
576 2945 772 3020 Populi
794 2967 927 3007 vero
951 2960 1162 3009 stantes
1192 2953 1296 3008 sub
1323 2956 1516 3010 umbra
1537 2998 1552 3024 ,
1578 2950 1617 3010 ii
1642 2964 1771 3011 sunt
1796 2955 1891 3027 qui
1908 2955 2203 3013 audierunt
2228 2959 2640 3028 praedicationes
2661 2957 2803 3027 ejus,
2826 2964 2880 3011 et
2901 2951 3273 3010 crediderunt.
3297 2944 3450 3000 Nun-

175 3035 297 3092 tius
333 3046 519 3094 autem
552 3037 643 3096 ille
668 3042 995 3114 magnificus
1016 3052 1071 3097 et
1095 3044 1276 3100 bonus
1300 3044 1413 3115 (47)
1438 3044 1668 3100 Michael
1696 3054 1782 3101 est
1804 3085 1822 3112 ,
1854 3047 1947 3116 qui
2000 3047 2187 3118 p0puli
2216 3048 2380 3120 hujus
2407 3050 2572 3104 habet
2600 3054 2925 3120 potessatem
2950 3052 3005 3099 et
3036 3042 3302 3113 gubernat
3324 3052 3443 3094 eos.

172 3129 284 3188 Hic
346 3133 492 3188 enim
537 3133 593 3188 in
622 3137 789 3192 corde
827 3152 1019 3192 eorum
1050 3138 1145 3208 qni
1175 3138 1545 3203 crediderunt,
1580 3140 1775 3195 inserit
1812 3140 1985 3211 legem
2013 3141 2149 3213 (48).
2184 3140 2383 3198 Visitat
2409 3142 2575 3213 igitur
2599 3158 2719 3209 eos,
2753 3138 2954 3210 quibus
2984 3134 3132 3190 dedit
3167 3133 3362 3201 legem,
3395 3131 3445 3185 si

173 3238 306 3279 eam
346 3225 747 3282 custodierunt.
780 3224 941 3282 Videt
966 3238 1149 3283 autem
1184 3230 1626 3301 uniuscujusque
1660 3231 1894 3303 virgam,
1926 3243 1979 3288 et
2006 3249 2071 3288 ex
2099 3234 2181 3289 eis
2210 3235 2413 3290 multas
2444 3234 2761 3290 labefactas.
2804 3231 2916 3285 ιιιω
2939 3227 3087 3282 enim
3117 3224 3302 3291 Virgins
3339 3219 3447 3275 DO-

178 3318 327 3374 mini
352 3316 438 3372 lex
462 3326 609 3373 sunt.
638 3317 936 3390 Cognoscit
960 3328 1144 3375 autem
1172 3320 1288 3389 (49)
1314 3320 1513 3377 deinde
1541 3336 1736 3378 omnes
1760 3338 1879 3390 eos,
1920 3324 2015 3393 qui
2047 3339 2157 3379 non
2186 3334 2545 3380 servaverunt
2575 3325 2781 3395 legem;
2814 3321 2994 3378 sciens
3024 3315 3209 3373 sedem
3244 3313 3442 3368 unius-

180 3408 461 3479 cujusque
488 3423 703 3465 eorum.
740 3409 874 3465 Dico
898 3410 991 3465 ei:
1029 3409 1232 3477 Quare,
1262 3412 1505 3482 inquam,
1544 3411 1802 3480 Domine,
1837 3412 1978 3469 alios
2007 3413 2217 3469 dimisit
2243 3414 2299 3468 in
2332 3415 2550 3481 turrim,
2603 3414 2741 3468 alios
2774 3402 2870 3467 tibi
2916 3409 3005 3464 hic
3040 3403 3301 3474 reliquit?
3338 3400 3441 3461 “is

181 3497 391 3569 inquit,
419 3498 733 3570 quicunque
762 3499 1104 3570 supergressi
1132 3511 1261 3556 sunt
1288 3501 1460 3572 legem
1491 3518 1655 3573 quam
1692 3502 1761 3559 ab
1794 3516 1863 3559 eo
1896 3513 2247 3573 acceperunt,
2289 3504 2344 3558 in
2374 3518 2496 3559 mea
2535 3504 2710 3559 relicti
2741 3510 2871 3559 sunt
2904 3505 3207 3571 potestate;
3240 3501 3303 3549 ιιι
3346 3494 3445 3549 ad-

183 3595 488 3651 missorum
527 3596 641 3667 (50)
675 3612 904 3652 suorum
952 3602 1116 3665 agant
1143 3593 1559 3662 pmnitentiam;
1592 3595 1685 3665 qui
1722 3604 1905 3651 autem
1943 3593 2330 3651 satisfecerunt
2358 3596 2460 3664 legi
2488 3604 2543 3651 et
2576 3601 2934 3651 servaverunt
2974 3604 3120 3655 eam,
3144 3587 3249 3644 sub
3291 3585 3440 3640 illius

181 3695 460 3758 potestate
484 3697 632 3744 sunt.
666 3687 770 3756 Qui
800 3696 929 3743 sunt
964 3700 1116 3756 ergo,
1143 3683 1395 3750 Domine,
1427 3684 1674 3755 inquam,
1705 3685 1759 3739 in
1788 3685 1983 3740 turrim
2013 3693 2207 3741 euntes
2239 3684 2528 3740 coronati?
2552 3684 2645 3738 Ait
2680 3680 2816 3737 mihi
2843 3699 2857 3736 :
2888 3678 3214 3747 Quicunque
3250 3673 3440 3730 luctati

182 3792 319 3832 cum
344 3778 563 3834 diabolo
592 3778 843 3835 vicerunt
865 3791 1014 3843 eum,
1047 3777 1127 3832 illi
1154 3784 1284 3833 sunt
1319 3777 1591 3832 coronati.
1623 3775 1704 3831 llli
1734 3787 1919 3833 autem
1953 3785 2104 3844 sunt,
2131 3777 2228 3848 qui
2259 3787 2320 3833 ut
2364 3784 2646 3833 servarent
2668 3778 2865 3847 legem,
2912 3769 3154 3843 perpessi
3182 3778 3313 3825 sunt
3336 3766 3444 3821 iui-

176 3885 296 3943 qua
322 3873 460 3944 (51).
499 3871 581 3929 illi
614 3887 765 3941 vero,
793 3873 890 3943 qui
921 3871 1124 3927 virides
1164 3870 1349 3942 virgas
1383 3871 1791 3942 pampinosque
1831 3870 1952 3927 sine
1985 3869 2169 3926 fructu
2211 3869 2477 3926 habentes
2510 3868 2882 3932 tradiderunt,
2932 3870 3156 3935 propter
3189 3860 3439 3915 eamdem

178 3962 410 4033 quidem
441 3965 613 4036 legem
659 3965 1004 4022 vexationem
1042 3966 1443 4034 sustinuerunt,
1487 3980 1598 4021 non
1629 3966 1887 4023 obierunt
1914 3974 2097 4022 autem
2126 3976 2359 4022 mortem
2403 3965 2557 4036 (52);
2597 3963 2692 4021 sed
2726 3977 2825 4017 nec
2865 3960 3271 4031 abnegaverunt
3312 3970 3444 4010 san-

177 4063 330 4110 ctam
356 4056 471 4126 (55)
497 4058 691 4129 legem.
717 4056 784 4113 Hi
815 4071 967 4123 vero,
999 4059 1095 4130 qui
1129 4058 1353 4124 virides,
1379 4056 1524 4112 sicut
1551 4066 1896 4129 acceperant,
1926 4057 2298 4126 tradiderunt;
2326 4057 2559 4113 modesti
2581 4065 2711 4114 sunt
2730 4068 2894 4130 atque
2917 4057 3075 4129 justi,
3092 4066 3146 4112 et
3167 4055 3261 4127 qui
3283 4054 3440 4111 valde

175 4165 322 4220 pura
351 4164 533 4208 mente
568 4154 821 4209 vixerunt
844 4163 899 4209 et
924 4154 1303 4210 custodierunt
1328 4153 1584 4210 mandata
1629 4154 1744 4211 Dei.
1777 4153 2012 4224 Reliqua
2048 4164 2233 4211 autem
2273 4154 2436 4221 scies,
2464 4169 2593 4209 cum
2624 4154 3052 4210 consideravero
3095 4151 3219 4208 illas
3246 4150 3435 4223 virgas

175 4261 323 4317 quas
352 4247 595 4319 plantavi
633 4259 688 4305 et
716 4250 965 4321 irrigavi.

1636 4323 1866 4380 CAPUT
1911 4323 2004 4381 ιγ.

246 4426 385 4487 Post
408 4447 616 4503 paucos
642 4448 776 4490 vero
804 4434 923 4490 dies
942 4431 1146 4492 reversi
1171 4450 1401 4503 sumus;
1433 4435 1735 4505 eodemque
1762 4435 1886 4490 loco
1912 4434 2159 4491 consedit
2180 4433 2410 4489 nuntius
2437 4432 2531 4488 ille
2553 4431 2911 4504 magniﬁcus;
2942 4446 3045 4502 ego
3077 4438 3258 4486 autem
3282 4427 3433 4484 astili

1290 4570 1529 4627 VABUE
1568 4570 1954 4628 LECTIONES
1989 4570 2080 4629 ET
2117 4570 2347 4629 NOTIE.

267 4691 365 4760 51)
395 4692 487 4750 Sic
514 4692 698 4749 Fellus
720 4708 786 4749 ex
813 4692 1005 4748 Lamb.
1042 4693 1129 4746 Al.
1166 4691 1449 4756 omittunt,
1482 4707 1602 4744 cum
1622 4706 1702 4744 eo.
1924 4690 2038 4760 (45)
2063 4689 2255 4745 Lamb.
2287 4691 2445 4743 humo
2464 4700 2723 4760 receptas.
2739 4688 2893 4743 Bodl.
2923 4689 3142 4760 [rumore
3161 4701 3419 4756 percepta.

308 4754 363 4834 2)
392 4764 583 4819 Lamb.
610 4781 695 4819 eos
724 4767 884 4831 viros,
914 4766 968 4817 in
1009 4779 1237 4834 quorum
1268 4754 1443 4834 virgis
1473 4762 1751 4830 pampino-~
2067 4760 2199 4834 Mss.
2228 4760 2388 4834 Angl.
2418 4760 2673 4834 praecisis.
2704 4758 2797 4815 Sic
2823 4768 2879 4814 et
2904 4758 3038 4814 edit.
3066 4754 3245 4813 Oxon.

174 4830 296 4888 rain
324 4830 592 4889 invenerat
616 4836 846 4904 fructum
874 4848 888 4887 ;
916 4830 1148 4904 omisso,
1174 4832 1413 4886 nuntius.
1922 4832 2036 4904 (45)
2070 4830 2200 4904 Mss.
2228 4830 2394 4904 _Ang_|_.
2422 4831 2650 4885 nomine.

246 4905 361 4975 (55)
384 4904 577 4960 Lamb.
609 4896 826 4970 desunt,
857 4906 967 4975 sine
995 4896 1230 4975 fructu,
1315 4969 1376 4975 ___
1497 4970 1507 4975 _
1569 4970 1579 4975 _
1632 4970 1642 4975 _
1876 4974 1883 4975 ί
1922 4896 2037 4972 (46)
2088 4900 2281 4956 Lamb.
2326 4896 2463 4954 Ἠωο
2504 4907 2684 4954 autem
2711 4898 2798 4953 [ex
2827 4898 3006 4953 Filius
3037 4896 3135 4952 Dei
3165 4907 3263 4966 est,
3292 4913 3429 4965 prae-

250 4969 375 5047 (54)
392 4975 583 5030 Lamb.
612 4969 817 5045 quibus
824 4969 1044 5044 jubeant
1075 4973 1177 5027 ire.
1205 4972 1278 5026 At
1315 4969 1458 5026 Vict.
1488 4970 1749 5025 habebant
1849 4969 2073 5047 dimittis.

172 5037 275 5120 pro
290 5037 543 5120 jubebat.
624 5037 645 5120 '_
1846 5111 1887 5120 _
1922 5040 2207 5120 (47)_1_)iss;
2249 5040 2416 5120 Αηεξζ
2439 5056 2661 5120 magpys
2694 5051 2742 5095 es
2770 5040 3072 5120 _honestiis._
3093 5037 3167 5091 lta
3209 5052 3430 5120 quoque

243 5105 358 5190 (55)
389 5115 586 5190 _Lamb.
616 5115 910 5190 deest,_ire.
980 5185 992 5190 _
1030 5185 1041 5190 Δ
1242 5183 1258 5190 _
1564 5180 1617 5190 __
1846 5105 1981 5167 Felli
2007 5105 2139 5190 edit.
2168 5105 2363 5190 Oson;
2376 5105 2737 5190 Hunc'loc'un]
2770 5109 2959 5190 laudat
2981 5105 3245 5190 Origenes
3266 5105 3427 5190 Cont-

243 5175 537 5261 (56)_Bodl.
569 5196 634 5261 et_
653 5175 851 5261 Lamb;
887 5185 1206 5261 reviviscere.
1239 5183 1317 5261 _lta
1356 5197 1540 5261 saepe;
1564 5180 1655 5237 Sic
1694 5192 1748 5261 et_
1845 5184 2113 5261 manauit}
2179 5182 2372 5237 Matth.
2423 5188 2556 5235 tom.
2612 5178 2759 5246 XIV,
2790 5180 2922 5235 edit.
2974 5175 3104 5233 nov.
3151 5188 3284 5234 tom.
3342 5175 3425 5242 ll,

169 5250 306 5316 mss.
342 5250 480 5312 Vict.
515 5267 568 5311 et
595 5256 779 5311 Carm.
813 5256 992 5310 Fellus
1022 5265 1205 5311 autem
1238 5254 1293 5308 in
1330 5250 1462 5317 edit.
1501 5250 1677 5307 Oxon.
1702 5255 1748 5306 si
1844 5267 1969 5321 pag.
2002 5252 2129 5308 644.

170 5333 309 5401 forte
335 5330 536 5401 possint
566 5328 949 5401 reuirescere.”
1071 5396 1082 5401 _
1280 5395 1290 5401 _
1396 5380 1399 5381 ,
1848 5320 1859 5321 ί
2058 5320 2251 5401 Lamb.
2284 5320 2445 5401 legent
2470 5332 2644 5401 suam.

238 5389 358 5470 (57')
383 5397 577 5470 Lamb.
606 5397 805 5470 desunt
831 5415 847 5451 :
884 5394 1011 5450 Dico
1035 5396 1154 5450 ei...
1187 5395 1517 5452 revirescere.
1859 5461 1870 5470 ‘
1919 5389 2033 5461 (49)
2058 5393 2251 5470 Lamb.
2274 5389 2345 5445 ea:
2364 5394 2428 5443 iis
2454 5389 2649 5470 multas
2675 5403 2911 5446 vexatas.
2941 5389 3063 5446 ιιιω
3091 5391 3233 5445 enim
3260 5390 3420 5458 virga

388 5468 579 5539 Lamb.
609 5468 897 5539 humorem.
1852 5459 2425 5539 le1§_est._Coguoscens
2450 5459 2658 5539 deinde.

237 5531 356 5610 (59)
388 5538 580 5593 Lamb.
612 5554 639 5591 e
685 5536 901 5591 undam.
1923 5533 2017 5603 (δυ
2078 5532 2267 5586 Lamb.
2293 5531 2716 5585 commissorum.

238 5611 355 5676 (40)
388 5608 576 5664 Lamb.
604 5538 814 5676 Jun.
852 5606 1006 5663 Bodl.
1032 5606 1283 5676 suffudit.
1923 5532 2041 5676 (5!;
2068 5601 2223 5676 Bodl.
2254 5601 2473 5676 injusla.
2706 5672 2716 5676 Α

261 5671 355 5747 41)
388 5678 579 5733 Lamb.
603 5671 789 5748 jussit.
1048 5745 1057 5748 _
1097 5671 1121 5677 ’⁷
2068 5671 2264 5748 Lamb.
2295 5671 2519 5748 odermtt
2551 5688 2671 5726 vero
2697 5672 2880 5748 Legem.

261 5601 355 5674 40)
388 5608 576 5664 Lamb.
604 5601 814 5676 effudit.
852 5606 1006 5663 Bodl.
1032 5606 1283 5677 suffudit.
2068 5601 2223 5677 Bodl.
2254 5601 2473 5677 injttsla.

261 5611 355 5674 40)
388 5611 576 5664 Lamb.
604 5611 814 5676 eﬂ'udit.
852 5611 1006 5663 Bodl.
1032 5611 1283 5677 suffudit.
1949 5611 2007 5657 51
2070 5611 2223 5655 Bodl.
2254 5611 2473 5670 injusta.

239 5612 355 5751 (41)
388 5678 579 5733 Lamb.
603 5678 789 5748 jussit.
1923 5611 2042 5814 £52;
2068 5671 2260 5726 Lamb.
2295 5671 2519 5751 oderunt
2551 5688 2671 5726 vero
2697 5672 2880 5743 legem.

239 5751 356 5821 (42)
383 5749 512 5804 Mss.
542 5749 701 5818 Angl.
728 5749 1009 5821 adaquari:
1037 5745 1141 5802 Ius.
1955 5744 2047 5817 55)
2080 5741 2215 5799 Mss.
2239 5740 2575 5812 Angl.,Vict.
2608 5751 2662 5799 et
2690 5742 2875 5800 Carm.
2905 5761 3082 5802 suam.
