3944 6146
494 320 602 378 975
1930 316 1987 372 S.
2029 317 2051 371 Ι

2210 316 2298 374 LE
3651 323 3767 380 976

488 439 558 492 ei.
613 435 766 490 Tunc
807 434 888 488 ait
937 430 1068 488 mihi
1101 448 1130 486 ‘:
1219 431 1490 502 Succinge
1552 429 1690 498 (54)
1752 438 1803 484 te
1872 429 2111 497 sabano,
2155 438 2210 486 et
2269 429 2519 486 ministra
2555 429 2711 485 mihi.
2771 429 3032 493 Succlnxi
3087 447 3176 490 me
3245 436 3454 493 sabano
3493 441 3770 508 mundo,

487 531 636 600 quod
680 535 796 584 erat
840 525 1043 581 factum
1091 539 1158 579 ex
1194 537 1377 578 sacco.
1430 520 1500 576 Ut
1541 531 1722 576 autem
1781 520 1916 574 vidit
1972 537 2059 576 me
2114 523 2376 589 cinctum,
2407 531 2461 577 et
2512 533 2764 592 paratum
2824 525 2900 580 illi
2945 526 3061 598 (55)
3086 530 3417 600 ministrare,
3453 537 3577 593 ait:
3611 537 3770 596 Voca

487 627 636 681 viros
684 625 830 691 illos,
871 635 1111 694 quorum
1173 617 1340 686 virga
1381 614 1636 684 plantata
1685 620 1836 677 sunt,
1892 627 1993 668 suo
2051 628 2329 685 quemque
2386 613 2598 681 ordine,
2651 616 2795 672 sicut
2848 633 3209 687 porrexerunt
3262 627 3400 684 illas.
3470 629 3542 685 Et
3600 632 3776 689 duxit

487 736 577 775 mc
633 719 688 774 ίη
748 729 1032 787 campum;
1087 722 1139 768 et
1196 708 1388 764 vocavi
1441 706 1555 776 (56)
1603 720 1830 772 omnes;
1885 707 1979 777 qui
2033 709 2199 763 etiam
2256 709 2492 765 universi
2542 711 2915 768 constiterunt
2955 720 3242 779 ordinibus
3286 725 3399 796 (57)
3460 728 3608 783 suis.
3679 729 3775 786 Ait

487 805 685 862 deinde
714 805 780 859 ad
807 803 968 857 illos:
997 798 1243 869 Quisque
1269 799 1476 869 virgam
1503 813 1660 853 suam
1685 797 1960 863 extrahat,
1987 807 2043 853 et
2073 800 2142 854 ad
2167 815 2254 855 me
2287 799 2500 856 afferat.
2539 800 2604 856 Et
2627 803 2804 872 primo
2832 806 3192 880 tradiderunt,
3229 817 3324 885 qui
3351 817 3543 874 aridas
3567 827 3633 874 et
3663 836 3774 890 pu-

489 905 659 960 tridas
685 901 1013 957 habuerunt.
1045 897 1116 952 Et
1139 912 1376 967 quorum
1401 895 1514 966 (58)
1546 895 1778 965 putrida
1801 903 1856 950 et
1881 895 2051 951 arida
2092 905 2320 965 reperta
2352 908 2483 953 sunt
2504 897 2690 968 virga,
2712 898 2879 969 jussit
2909 915 3004 958 eos
3045 913 3194 960 stare
3220 921 3491 963 seorsum,
3545 907 3776 966 Deinde

485 1003 848 1068 porrexerunt
875 994 969 1064 qui
1000 993 1184 1048 aridas
1217 987 1461 1059 quidem,
1494 985 1589 1042 sed
1623 1001 1727 1041 non
1757 987 2006 1056 putridas
2051 987 2380 1043 habuerunt.
2416 988 2599 1060 Aliqui
2628 1007 2823 1046 eorum
2868 994 3211 1054 tradiderunt
3237 1001 3416 1072 virgas
3462 1001 3592 1072 (59)
3632 1005 3774 1058 viri-

483 1093 623 1150 des:
654 1093 877 1164 quidam
926 1105 1055 1146 vero
1098 1088 1282 1143 aridas
1312 1093 1367 1140 et
1412 1082 1683 1154 putridas.
1717 1085 1865 1139 velut
1893 1100 1923 1138 a
1970 1085 2114 1140 tinea
2148 1093 2346 1141 tactas.
2380 1083 2488 1141 Eos
2515 1087 2611 1155 qui
2638 1087 2841 1145 virides
2890 1091 3254 1159 tradiderunt,
3299 1097 3465 1165 jussit
3496 1113 3773 1154 seorsum

473 1195 676 1240 'Stare:
705 1183 828 1239 illos
857 1196 988 1238 vero
1018 1180 1111 1250 qui
1143 1177 1326 1232 aridas
1353 1184 1407 1232 et
1437 1174 1684 1247 putridas
1712 1176 2076 1242 tradiderunt,
2103 1192 2226 1232 cum
2247 1177 2441 1247 primis
2473 1186 2618 1233 stare
2649 1176 2764 1248 (60)
2791 1179 2980 1248 jussit.
3026 1180 3402 1241 Porrexerunt
3441 1186 3658 1243 deinde
3692 1189 3771 1243 illi

469 1283 579 1354 qui
607 1281 930 1338 semiaridas
959 1279 1288 1340 habuerant,
1321 1285 1375 1331 et
1404 1275 1678 1331 scissuras
1722 1274 1986 1330 habentes
2016 1291 2029 1328 :
2069 1274 2226 1329 multi
2273 1291 2340 1329 ex
2391 1275 2500 1330 illis
2546 1274 2749 1330 virides
2794 1286 3180 1346 porrexerunt,
3211 1293 3310 1333 nec
3339 1279 3634 1335 scissuras
3669 1283 3769 1336 ha-

485 1376 710 1440 bentes;
741 1373 962 1444 quidam
994 1387 1126 1428 vcro
1151 1373 1379 1438 virides,
1409 1371 1694 1443 pampinos
1725 1371 2011 1434 habentes,
2041 1382 2096 1426 et
2124 1372 2178 1426 in
2212 1373 2486 1442 pampinis
2514 1370 2781 1437 fructum,
2816 1372 2960 1428 sicut
2989 1373 3065 1428 illi
3094 1375 3188 1446 qui
3218 1375 3272 1430 in
3305 1377 3500 1431 turrim
3532 1377 3771 1433 iverunt

484 1471 750 1528 coronati.
794 1471 899 1525 Alii
946 1481 1308 1541 porrexerunt
1355 1469 1563 1533 aridas,
1613 1477 1671 1524 et
1701 1484 1810 1523 non
1849 1469 2117 1538 putridas.
2153 1468 2386 1535 Quidam
2414 1484 2547 1525 vero
2575 1469 2719 1525 sicut
2749 1470 2988 1539 fuerant,
3036 1468 3362 1524 semiaridas
3391 1477 3448 1522 ct
3478 1469 3767 1527 scissuras

478 1568 766 1624 habentes.
807 1565 982 1624 Jussit
1015 1581 1463 1638 unumquemque
1490 1580 1681 1620 eorum
1710 1581 1958 1622 seorsum
1990 1573 2166 1632 stare;
2201 1566 2338 1622 alios
2365 1580 2468 1622 suo
2500 1580 2776 1636 quemque
2808 1568 3002 1624 ordine
3025 1561 3159 1636 (61),
3189 1563 3326 1619 alios
3361 1579 3656 1620 seorsum.

1938 1660 2168 1717 CAPUT
2226 1660 2292 1717 γ.

551 1758 758 1815 Deinde
781 1765 1143 1828 porrexerunt
1173 1757 1267 1828 qui
1314 1757 1618 1813 habuerant
1646 1757 1759 1828 (62)
1787 1757 1990 1812 virides
2020 1758 2241 1828 quidem
2287 1759 2492 1830 virgas,
2523 1761 2620 1815 sed
2667 1759 2944 1816 scissuras
2973 1759 3258 1817 habentes.
3289 1757 3355 1814 Ili
3389 1773 3602 1814 omnes
3633 1758 3760 1813 viri-

481 1856 578 1911 des
603 1854 964 1918 tradiderunt,
997 1868 1206 1924 suoque
1234 1853 1428 1908 ordine
1457 1862 1746 1908 steterunt.
1769 1914 1772 1917 _
1793 1852 2066 1908 Gaudium
2102 1862 2284 1908 autem
2327 1869 2393 1910 ex
2427 1855 2515 1910 his
2545 1856 2785 1926 percepit
2812 1855 2902 1912 hic
2933 1855 3130 1910 Pastor
3157 1893 3174 1920 ,
3196 1852 3344 1923 quod
3375 1866 3587 1907 omnes
3616 1850 3755 1922 poli-

481 1961 550 2006 ta
580 1951 692 2022 (63)
729 1959 936 2015 essent,
970 1959 1023 2004 et
1045 1949 1431 2020 deposuissent
1460 1950 1734 2006 scissuras
1781 1965 1932 2006 suas.
1964 1949 2170 2006 Deinde
2203 1961 2592 2022 porrexerunt,
2639 1954 2733 2024 qui
2764 1952 3052 2009 dimidiam
3080 1951 3334 2014 viridem,
3363 1957 3420 2005 et
3457 1948 3756 2004 dimidiam

481 2049 690 2104 aridam
723 2049 1067 2103 habuerant:
1099 2047 1461 2117 quorumdam
1493 2061 1624 2102 vero
1653 2048 1884 2104 inventa
1913 2059 2042 2104 sunt
2066 2057 2197 2104 tota
2223 2047 2457 2115 virides;
2503 2050 2736 2106 aliorum
2770 2047 3108 2105 semiarida:
3176 2040 3412 2097 aliorum
3455 2039 3681 2094 virides
3706 2047 3756 2092 et

481 2142 766 2211 pampinos
790 2141 1051 2196 habentes
1073 2139 1208 2212 (64).
1231 2139 1294 2193 lii
1314 2155 1505 2196 omnes
1519 2138 1733 2196 dimissi
1761 2149 1890 2196 sunt
1919 2141 2302 2212 unusquisque
2325 2142 2380 2196 in
2398 2157 2558 2197 suum
2583 2143 2827 2204 ordinem
2847 2141 2983 2211 (65).
3013 2135 3383 2192 Tradiderunt
3408 2130 3535 2202 (66)
3561 2132 3755 2186 deinde

481 2236 574 2303 qui
594 2235 900 2290 habuerant
933 2236 1072 2290 duas
1094 2243 1280 2305 partes
1302 2234 1578 2305 virgarum
1605 2251 1834 2291 suarum
1862 2236 2084 2300 virides,
2111 2237 2442 2308 tertiamque
2463 2237 2670 2292 aridam
2699 2237 2891 2292 :multi
2916 2251 2984 2291 ex
3019 2236 3100 2291 eis
3127 2232 3328 2288 virides
3356 2238 3753 2301 porrexerunt;

484 2331 638 2386 multi
669 2331 1034 2398 semiaridas;
1059 2331 1248 2388 .cateri
1279 2346 1413 2386 vero
1447 2333 1630 2388 aridas
1665 2340 1718 2388 et
1745 2349 1852 2387 non
1876 2335 2148 2404 putridas.
2188 2333 2254 2389 ili
2287 2349 2479 2390 omnes
2499 2333 2714 2392 dimissi
2761 2342 2891 2390 sunt
2939 2333 2993 2388 in
3019 2346 3177 2388 suum
3209 2331 3443 2401 quisque
3466 2328 3750 2383 ordinem.

482 2428 687 2484 Deinde
712 2427 1088 2498 porrigebant,
1124 2424 1219 2496 qui
1250 2425 1555 2480 habuerant
1585 2426 1638 2480 in
1668 2427 1836 2497 virgis
1865 2429 1981 2483 suis
2012 2429 2151 2484 duas
2205 2436 2388 2498 partes
2417 2427 2622 2492 aridas,
2655 2427 2988 2495 tertiamque
3012 2425 3243 2480 viridem
3280 2440 3296 2477 :
3322 2421 3490 2476 multi
3528 2436 3751 2491 quoque

479 2541 547 2581 ex
577 2524 661 2578 eis
688 2530 1052 2594 porrexerunt
1077 2521 1432 2589 semiaridas;
1465 2521 1688 2592 quidam
1716 2538 1846 2577 vero
1877 2523 2058 2579 aridas
2087 2532 2143 2578 et
2164 2523 2439 2593 putridas;
2473 2522 2565 2576 alii
2598 2530 2779 2577 autem
2809 2505 3135 2577 semiaridas
3155 2529 3210 2576 et
3238 2519 3520 2576 scissuras
3549 2521 3749 2576 hahea-

489 2630 608 2675 tes:
643 2619 804 2690 pauci
836 2633 966 2673 vero
997 2615 1220 2672 virides.
1260 2613 1324 2669 lii
1357 2599 1522 2685 igitur
1548 2631 1740 2670 omnes
1784 2618 2151 2672 constiterunt
2191 2617 2244 2671 in
2290 2633 2392 2673 suo
2444 2618 2678 2688 quisque
2713 2617 2906 2672 ordine
2953 2616 3092 2687 (67).
3123 2615 3324 2671 Deinde
3351 2627 3746 2686 porrexerunt,

477 2715 570 2782 qui
596 2711 816 2768 tertium
843 2709 960 2779 (68)
993 2708 1298 2763 habuerant
1347 2705 1542 2770 viride,
1596 2707 1870 2777 reliquum
1910 2725 2040 2764 vero
2066 2709 2280 2763 aridum
2314 2729 2328 2764 :
2361 2711 2557 2765 horum
2593 2711 2759 2782 virga
2800 2710 2996 2777 maiori
3047 2728 3113 2768 ex
3157 2723 3310 2782 parte
3340 2709 3598 2768 inventa
3632 2719 3748 2768 sunt

482 2802 709 2867 virides,
740 2799 1087 2855 ramusculos
1118 2796 1405 2862 habentes,
1437 2808 1490 2850 et
1519 2796 1572 2850 in
1604 2797 1686 2851 eis
1716 2798 2047 2853 ramusculis
2081 2797 2356 2866 fructum;
2387 2810 2441 2855 et
2483 2802 2707 2870 reliqua
2735 2802 2936 2857 virides
2976 2810 3125 2858 tota.
3160 2801 3236 2858 Ex
3274 2803 3361 2860 his
3395 2803 3582 2875 virgis
3624 2819 3745 2876 gau—

477 2897 626 2951 dium
652 2893 1001 2948 vehementer
1032 2887 1270 2959 percepit
1294 2898 1480 2959 pastor
1511 2890 1622 2958 ille,
1653 2891 1780 2961 quia
1809 2893 1893 2947 sic
1921 2892 2202 2948 invenerat
2231 2909 2344 2948 eas.
2373 2893 2640 2948 Abierant
2664 2903 2718 2950 et
2750 2893 2828 2948 illi
2854 2895 2908 2949 in
2937 2895 3158 2950 ordines
3208 2911 3357 2952 suos.

1935 2999 2164 3056 CAPUT
2215 3001 2298 3056 Vl.

545 3098 842 3168 Postquam
873 3102 1058 3150 autem
1089 3094 1334 3150 omnium
1362 3095 1476 3166 (69)
1509 3096 1689 3166 virgas
1715 3077 2140 3160 considerasset,
2184 3097 2262 3151 ait
2287 3097 2420 3151 mihi
2449 3115 2461 3151 :
2493 3096 2748 3153 Dixeram
2778 3098 2896 3162 tibi,
2931 3099 3185 3157 arborem
3230 3103 3371 3158 hanc
3397 3104 3644 3174 diligere
3665 3109 3739 3159 τί.

475 3204 609 3251 tam.
641 3193 822 3259 Vides,
855 3193 1000 3262 quod
1030 3192 1144 3261 (70)
1171 3190 1328 3244 multi
1355 3199 1585 3262 egerunt
1612 3191 2023 3261 panitentiam,
2057 3201 2111 3246 et
2139 3192 2375 3246 assecuti
2409 3200 2537 3246 sunt
2566 3191 2826 3246 salutem.
2865 3189 3060 3258 Video,
3092 3193 3347 3262 inquam,
3381 3193 3648 3252 domine.
3682 3195 3741 3250 Et

475 3285 640 3352 scias,
670 3284 866 3354 inquit,
892 3284 1188 3338 bonitatem
1221 3292 1275 3339 et
1295 3285 1640 3340 clementiam
1672 3283 1890 3340 Domini
1921 3301 2197 3356 magnam,
2235 3295 2290 3341 et
2336 3285 2715 3341 honorandam
2746 3286 2861 3358 (7i)
2888 3303 3032 3352 esse,
3074 3290 3173 3360 qui
3200 3289 3352 3345 dedit
3376 3292 3658 3362 spiritum
3681 3293 3739 3347 iis

475 3377 569 3446 qui
606 3375 752 3447 digiti
779 3383 937 3430 erant
957 3389 1118 3444 agere
1146 3374 1259 3445 (72)
1292 3375 1692 3444 pmnitentiam.
1723 3374 1790 3430 Et
1815 3375 1971 3431 dixi:
2004 3375 2186 3442 Quare
2220 3391 2373 3448 ergo,
2403 3375 2654 3445 Domine,
2687 3392 2798 3432 non
2831 3392 3022 3437 omnes
3060 3390 3288 3453 egerunt
3314 3385 3740 3452 pauitantia?

473 3474 568 3528 Ait
599 3472 732 3528 mihi
761 3491 776 3527 :
815 3471 1063 3539 Quorum
1091 3473 1302 3528 viderat
1332 3471 1720 3543 (75)Dominus
1757 3489 1929 3543 puras
1951 3483 2164 3530 mentes
2206 3472 2443 3540 futuras,
2474 3484 2531 3532 et
2563 3476 2865 3532 servituros
2893 3476 2942 3532 ei
2987 3491 3056 3531 ex
3081 3477 3208 3533 totis
3235 3477 3606 3547 pracordiis;
3643 3479 3737 3532 illis

475 3569 668 3623 tribuit
711 3568 1111 3637 panitentiam.
1149 3567 1218 3622 At
1259 3582 1498 3638 quorum
1543 3568 1755 3639 aspexit
1799 3569 1986 3624 dolum
2017 3579 2072 3625 et
2102 3570 2399 3641 nequitias,
2442 3581 2496 3626 et
2537 3571 2926 3628 animadvertit
2970 3571 3038 3627 ad
3083 3585 3140 3627 se
3167 3569 3440 3625 fallaciter
3488 3585 3739 3627 reversu-

476 3680 568 3719 ros
595 3663 732 3734 (74),
758 3663 972 3734 negavit
1000 3662 1066 3718 iis
1097 3664 1164 3718 ad
1187 3664 1565 3733 paenitentiam
1600 3679 1932 3736 regressum,
1961 3681 2030 3720 ne
2069 3681 2264 3721 rursus
2303 3665 2479 3736 legem
2505 3665 2634 3735 ejus
2663 3664 2916 3722 nefandis
2943 3665 3335 3721 maledicercut
3359 3665 3583 3722 verbis.
3623 3667 3737 3722 Dico

475 3759 524 3811 ei
555 3777 567 3811 :
601 3755 760 3812 Nunc
783 3757 945 3823 mihi,
981 3757 1221 3825 domine,
1253 3759 1596 3827 demonstra,
1621 3760 1801 3830 qualis
1833 3759 2050 3830 sit-(75)
2075 3760 2231 3816 locus
2255 3761 2528 3831 cujusque
2549 3777 2740 3816 eorum
2767 3761 2861 3832 qui
2883 3762 3068 3832 virgas
3096 3758 3479 3826 reddiderunt,
3508 3770 3568 3816 et
3594 3761 3737 3815 sedes

473 3870 664 3909 eorum
695 3851 807 3924 (76)
837 3871 849 3907 :
883 3862 944 3908 ut
974 3853 1177 3908 auditis
1211 3854 1296 3909 his
1326 3865 1381 3910 et
1408 3856 1654 3923 creditis,
1681 3855 1718 3910 ii
1742 3856 1836 3926 qui
1880 3869 1989 3910 non
2010 3856 2396 3912 custodierunt
2434 3857 2730 3928 integrum,
2755 3856 2851 3913 sed
2885 3856 3290 3926 dissipaverunt
3314 3854 3573 3925 sigillum
3603 3855 3734 3926 quod

473 3957 820 4018 acceperunt,
866 3945 1064 4018 agnitis
1090 3946 1206 4000 suis
1248 3945 1430 4013 factis,
1461 3949 1837 4020 paenitentiam
1881 3957 2079 4016 agant;
2121 3956 2177 4003 et
2199 3956 2425 4018 accepto
2453 3963 2483 4003 a
2513 3958 2566 4004 te
2595 3949 2797 4020 sigillo,
2825 3947 3060 4004 Domino
3103 3947 3234 4002 dent
3257 3947 3540 4001 honorem
3584 3947 3733 4017 (77),

473 4041 618 4111 quod
643 4041 716 4096 sit
737 4055 900 4112 super
927 4038 1040 4110 (78)
1071 4055 1166 4095 eos
1198 4050 1382 4097 motus
1406 4042 1699 4097 clementia
1727 4056 1848 4108 sua,
1879 4051 1933 4096 et
1956 4041 2174 4098 miserit
2201 4050 2274 4108 te,
2297 4051 2360 4097 ut
2381 4041 2612 4112 spiritus
2633 4056 2826 4096 eorum
2856 4055 3107 4096 renoves.
3134 4037 3301 4104 Audi,
3329 4036 3526 4106 inquit
3554 4057 3569 4093 :
3594 4037 3732 4103 Quo-

471 4154 594 4194 rum
621 4138 784 4208 virga
813 4137 979 4192 arida
1007 4146 1061 4192 et
1089 4133 1322 4206 putrida
1349 4145 1581 4204 reperta
1609 4144 1758 4198 sunt,
1789 4144 1844 4189 et
1869 4135 2016 4189 velut
2041 4150 2072 4189 a
2093 4134 2239 4192 tinea
2264 4143 2452 4198 tacta;
2483 4135 2538 4188 hi
2571 4143 2701 4191 sunt
2724 4131 3041 4204 transfuga,
3065 4140 3119 4187 et
3151 4129 3266 4202 (79)
3293 4128 3570 4186 Ecclesia
3610 4144 3729 4199 pro-

1559 4256 1798 4313 VABIAS
1838 4255 2222 4312 LECTIONES
2257 4255 2348 4312 ET
2384 4254 2627 4311 NOTIE.

544 4357 657 4427 (54)
688 4354 820 4411 Mss.
857 4354 1272 4427 Angl'._‘incinge.
1317 4351 1548 4427 Etmox
1580 4351 2045 4427 incinxi.__Usita-
2145 4348 2700 4427 tunt__Tr7adi_derunt.

473 4412 585 4482 tam
633 4412 813 4481 autem
865 4412 1069 4495 Gracis
1120 4412 1306 4477 vocem
1342 4420 1594 4495 ad6avov,
1644 4437 1783 4495 qua
1813 4421 2044 4495 linteum
2217 4421 2330 4495 (67)
2362 4419 2893 4495 ConjicitWaltius,
2926 4413 3388 4495 librarii7in7curia
3416 4412 3529 4495 7hic
3562 4413 3724 4469 fuisse

474 4495 589 4550 sive
620 4495 912 4549 lintcamen
946 4493 1187 4551 denotat.
1230 4503 1385 4547 vetus
1429 4493 1696 4562 interpres
1734 4493 1824 4549 hic
1859 4491 1918 4545 in
1946 4501 2051 4546 sua
2143 4489 2348 4562 omissa
2379 4492 2660 4562 sequentia
2689 4509 2702 4544 :
2733 4490 2969 4555 Quidam
3009 4489 3346 4562 porrigebant
3379 4489 3569 4554 virgas
3609 4502 3726 4538 sus

476 4565 724 4635 versione
751 4563 1014 4635 retinuit_._
1571 4558 1589 4562 ’
2142 4561 2423 4635 paululum
2449 4558 2633 4635 aridas
2651 4561 3091 4635 ;_(aridun3en_int
3116 4567 3231 4635 erat
3255 4558 3425 4635 ipsum
3452 4569 3726 4635 carnales)

539 4633 655 4704 (55}
684 4631 880 4704 Lamb.
914 4632 1063 4704 s_ibi.7
1154 4703 1157 4704 7
1223 4703 1230 4704 7
1789 4703 1793 4704 7
2142 4627 2406 4704 scissuras
2435 4647 2552 4704 vero
2593 4627 2874 4704 habebant.
2895 4631 2986 4704 7I_)e
3018 4630 3104 4683 his
3141 4628 3288 4683 enim
3329 4627 3390 4680 ﬁt
3418 4627 3638 4680 mentio
3674 4627 3722 4678 in

538 4700 654 4772 (56)
683 4701 873 4756 Lamb.
910 4701 976 4754 Et
1002 4703 1185 4757 eduxit
1215 4703 1269 4754 in
1309 4716 1518 4768 campo,
1544 4710 1593 4752 et
1621 4703 1841 4756 voravit.
2143 4703 2310 4772 hujus
2343 4702 2556 4772 similit.
2587 4717 2708 4772 cap.
2744 4703 2767 4755 i
2801 4711 2855 4755 et
2886 4700 2973 4755 10.

539 4767 654 4842 (57)
682 4772 816 4844 lilss.
848 4773 1007 4842 Angl.
1041 4773 1364 4843 agminibus.
1434 4767 1437 4768 ⁷
1592 4833 1597 4840 η
2149 4767 2327 4844 _7(68)
2348 4771 2449 4844 Ἐκ
2481 4770 2632 4828 Fello
2655 4767 2798 4826 'mss.
2831 4773 2991 4842 Angl.
3024 4771 3305 4824 minimum
3347 4781 3450 4836 pro
3487 4767 3714 4821 tertium.

539 4840 654 4913 (58)
681 4841 874 4898 Lamb.
903 4840 1042 4913 qua.
1077 4840 1092 4843 ⁷
1241 4911 1248 4913 _
2143 4840 2236 4898 Sic
2265 4840 2319 4896 et
2348 4841 2553 4913 Yictor.

537 4911 651 4982 (59)
671 4914 860 4984 L_amb.
889 4911 1036 4969 addit
1061 4931 1205 4969 suas.
1235 4911 1300 4968 Et
1321 4929 1446 4968 mox
1465 4913 1666 4984 omittit
1692 4915 1876 4968 aridas
1905 4921 1974 4966 et.
2215 4913 2329 4984 (69)
2361 4911 2558 4984 Lamb.
2591 4929 2791 4968 omnes.

539 4984 652 5054 (60)
698 4982 891 5040 Lamb.
943 4987 1214 5053 primariis
1265 4985 1496 5040 tradere.
1554 4983 1708 5038 Bodl.
1763 4987 2038 5054 primariis
2213 4982 2328 5054 (70)
2358 4982 2490 5054 Mss.
2523 4984 2892 5054 Augl.quam.

465 5052 638 5110 stare.
944 5052 950 5053 ⁷
1763 5052 1772 5054 “
2213 5052 2326 5124 (7t)
2361 5052 2461 5124 his.
2493 5052 2653 5124 Angl.
2683 5052 2976 5110 honestam.

535 5127 648 5197 (6|)
678 5124 778 5181 Ms.
805 5127 963 5196 Augl.
995 5142 1319 5197 suoquoque
1351 5127 1580 5195 agmine.
1618 5125 1692 5180 Ita
1726 5142 1885 5196 sape.
1931 5125 2034 5180 lla-
2363 5121 2553 5197 Lamb.
2579 5121 2804 5197 diligunt
2833 5141 3010 5196 agere.

464 5193 595 5252 bent
623 5193 785 5267 etiam
817 5193 1024 5267 agmine
1059 5193 1196 5251 ViCt.
1228 5193 1281 5250 et
1308 5193 1492 5250 Carm.
1806 5193 1817 5196 ’
2204 5193 2330 5267 «15)
2362 5193 2462 5267 Ms.
2493 5195 2651 5267 Angl.
2690 5197 2843 5250 vidit.

535 5267 650 5337 (62)
674 5263 870 5322 Lauth
901 5268 1214 5322 habuerunt.
1255 5267 1346 5322 Sic
1373 5280 1428 5322 et
1457 5268 1621 5337 paulo
1652 5276 1797 5337 post,
1829 5278 1882 5323 et
1913 5283 2041 5338 pas-
2204 5263 2328 5338 (Zfl)
2359 5263 2551 5338 Lamb.
2592 5281 2843 5338 reversos.

467 5333 586 5393 sim.
632 5333 640 5384 Σ
807 5383 809 5385 .
1458 5333 1473 5337 “
1914 5333 1929 5338 ⁷
2214 5333 2328 5407 (75)
2357 5333 2448 5392 Sic
2478 5351 2611 5392 mss.
2645 5337 2803 5407 Angl.
2833 5347 2887 5392 et
2915 5335 3056 5393 Vict.
3089 5335 3180 5391 Sic
3202 5345 3258 5392 et
3285 5335 3422 5392 edit.
3451 5335 3631 5393 Oxon.
3651 5333 3710 5381 Αι

535 5409 646 5479 (65)
671 5407 902 5475 Quidam
929 5426 995 5464 ex
1019 5411 1302 5478 impressis
1335 5409 1533 5463 habent
1567 5411 1813 5464 imitata.
1841 5409 1926 5463 Al.
1960 5408 2039 5462 in-
2139 5407 2811 5479 edit._l’aris.7quis,7quid
2841 5409 2910 5462 is.

469 5475 660 5534 ritataé.
687 5484 757 5533 At
785 5496 888 5532 ms.
919 5475 1111 5538 Lamb.
1148 5481 1358 5532 mutati.
1389 5481 1481 5534 Sic
1513 5491 1565 5534 et
1595 5479 1799 5536 Victor.
2212 5475 2326 5548 (76)
2358 5475 2550 5548 Lamb.
2588 5475 2833 5533 sederunt
2866 5479 3105 5534 seorsim.

533 5551 646 5620 (64)
678 5549 810 5604 Mss.
843 5553 1000 5620 Augl.
1037 5552 1268 5603 aliorum
1299 5553 1571 5619 pampinos
1596 5551 1879 5604 habebant.
2212 5543 2326 5616 (77)
2366 5546 2558 5602 Lamb.
2607 5561 2817 5615 accepto
2849 5552 2923 5602 ait
2962 5548 3163 5620 sigillo,
3198 5549 3444 5612 Domine,
3477 5549 3598 5601 dent
3623 5543 3706 5594 Ito-

534 5619 646 5691 (65)
693 5621 779 5675 Al.
837 5623 1193 5691 unusquisque
1241 5623 1295 5672 in
1353 5638 1448 5674 suo
1509 5623 1693 5676 ordine
1750 5631 2031 5676 steterunt.
2140 5635 2405 5691 norem.__
2506 5689 2514 5691 7
2612 5675 2616 5691 7,

471 5687 695 5760 Deinde.
807 5756 845 5760 _
886 5759 894 5760 7
987 5686 995 5689 ’
1107 5686 1118 5691 ’
1327 5754 1331 5757 7
2213 5689 2327 5759 (78)
2356 5686 2454 5742 Ms.
2489 5689 2648 5760 Angl.
2687 5692 2743 5743 in
2774 5705 2873 5759 pro
2898 5707 3073 5760 super.

536 5758 648 5825 (66)
681 5756 758 5811 lta
805 5756 938 5812 Felli
968 5761 1135 5815 editio
1179 5754 1356 5819 Oxon.
1410 5778 1474 5816 cx
1520 5762 1710 5819 Lamb.
1743 5763 1826 5817 Al.
1863 5761 2028 5817 omit-
2213 5754 2326 5831 (79)
2355 5760 2441 5812 Al.
2477 5754 2736 5815 omittunt
2774 5754 2851 5827 ξι,
2886 5754 3050 5832 ,ᾳύοιι
3079 5763 3296 5819 exhibet
3347 5761 3483 5817 edit.
3528 5758 3683 5816 01οη
