3944 6146
527 174 633 231 979
1972 192 2031 246 S.
2073 192 2337 250 IIERMAEZ
3635 208 3704 262 980

519 304 574 348 et
610 301 665 350 in
701 301 1011 408 superbiam
1061 320 1313 377 magnam
1358 309 1669 369 inciderunt
1713 311 1790 380 (1)
1812 352 1827 377 .
1862 322 1915 369 et
1947 316 2076 370 subl

2143 318 2201 372 lia
2245 334 2531 390 coeperunt
2572 322 2783 393 spirare
2813 321 2888 392 (2)
2914 359 2929 384 ,
2966 328 3019 376 et
3058 320 3338 379 veritatem
3376 322 3606 381 deserere
3626 328 3700 403 ('5);

518 406 697 486 neque
746 396 987 466 appliciti
1030 408 1158 455 sunt
1193 401 1393 471 justis,
1434 404 1531 460 sed
1563 406 1640 479 (4)
1667 422 1792 461 eum
1823 414 2028 466 exteris
2056 414 2308 483 gentibus
2338 381 2734 486 convixerunt;
2765 381 2966 474 et‘haac
2994 417 3101 473 illis
3130 418 3237 473 vita
3269 416 3478 474 dulcior
3506 381 3704 477 visa

520 501 551 590 tt
579 485 694 590 Deo
724 498 905 590 tamen
936 508 1045 549 non
1076 507 1453 590 recesserunt,
1486 510 1541 555 et
1570 500 1623 555 in
1657 501 1763 557 ﬁde
1798 518 2286 573 perseveraverunt
2337 512 2449 581 (5);
2505 513 2603 569 sed
2654 529 2821 585 opera
2869 514 2995 569 ﬁdei
3037 525 3149 568 non
3196 519 3566 565 exercuerunt.
3602 509 3704 565 Multi

520 578 685 687 igitur
711 595 788 691 ex.
811 584 918 639 illis
944 596 1172 656 egerunt
1201 589 1614 659 pmnilentiam;
1646 602 1700 648 et
1724 595 1884 650 sedes
1908 611 2099 652 eorum
2134 600 2188 655 in
2220 578 2355 656 turri
2388 578 2509 659 esse
2537 578 2846 676 creperum.
2879 605 2984 660 Alii
3024 622 3155 662 vero
3191 606 3438 663 viventes
3468 621 3581 663 cum
3605 618 3705 663 exte-

519 680 897 784 risgentibus,
930 693 983 784 et
1013 685 1505 784 elati-vanitatibus
1530 688 1646 744 suis
1670 690 1791 784 (6),
1824 691 1875 745 in
1908 705 2229 764 perpetuum
2263 714 2292 753 a
2332 698 2444 755 Deo
2488 700 2808 757 defecerunt
2838 700 2916 773 (7)
2937 742 2953 767 ,
3001 704 3290 759 nationum
3344 701 3645 759 facinoribus
3673 716 3706 759 et

517 768 774 833 operibus
804 773 1119 832 servientes.
1151 776 1477 849 Hujusmodi
1505 794 1637 852 ergo
1667 782 1920 840 homines
1955 784 2298 845 adnumerati
2346 803 2477 849 sunt
2524 794 2726 850 exteris
2772 768 3109 853 nationibus.
3158 798 3262 853 Alii
3312 814 3382 853 ex
3426 797 3508 853 his
3547 798 3703 856 dubiam

519 875 755 975 mentem
785 870 986 929 habere
1014 885 1321 946 creperum,
1352 892 1460 933 non
1492 889 1776 949 sperantes
1807 896 1866 936 sc
1893 893 2076 954 propte

2146 884 2284 942 facta
2312 904 2409 944 sua
2443 892 2661 961 assequi
2692 906 2856 962 posse
2886 892 2965 963 (8)
2997 891 3269 948 salutem:
3308 890 3401 945 alii
3442 891 3579 946 dubii
3604 892 3703 959 facti,

517 958 888 1021 dissensiones
913 971 1307 1032 excitaverunt.
1349 977 1443 1033 His
1472 977 1638 1048 igitur
1665 990 1719 1035 et
1748 980 1855 1035 illis
1884 982 1980 1052 qui
2010 995 2234 1055 propter
2264 986 2405 1043 facta
2440 1004 2538 1046 sua
2571 958 2725 1045 dubii
2754 1005 2877 1047 esse
2895 958 3214 1062 coeperunt,
3247 990 3432 1046 adhuc
3455 998 3533 1046 est
3557 1006 3705 1062 regres-

517 1076 648 1167 sus;
682 1066 775 1120 sed
804 1068 921 1167 base
945 1074 1267 1141 pcenitentia
1294 1078 1400 1134 cita
1430 1078 1508 1150 (9)
1542 1096 1665 1135 esse
1691 1080 1893 1148 debet,
1927 1093 1989 1138 ut
2016 1084 2090 1139 sit
2120 1085 2173 1139 in
2205 1086 2345 1140 turri
2378 1085 2783 1147 sedeseorum.
2820 1084 2917 1143 His
2947 1102 3078 1143 vero
3111 1089 3205 1159 qui
3242 1103 3355 1144 non
3396 1097 3552 1160 agunt
3583 1089 3704 1157 peni-

516 1162 767 1227 tentiam,
800 1163 893 1218 sed
925 1179 1246 1234 permanent
1276 1171 1331 1226 in
1363 1172 1734 1243 voluptatibus
1763 1173 1901 1241 suis,
1936 1189 2085 1231 mors
2118 1190 2285 1247 prope
2312 1188 2414 1233 est.
3424 1203 3432 1211 '

1983 1301 2213 1358 CAPUT
2252 1303 2322 1360 X.

586 1369 659 1423 At
688 1371 743 1468 hi
769 1375 865 1468 qui
896 1378 1080 1449 virgas
1104 1384 1310 1442 virides
1339 1401 1706 1457 porrexerunt
1730 1433 1745 1454 .
1776 1394 2027 1464 exceptis
2046 1395 2429 1451 cacuminibus
2456 1410 2648 1451 earum
2677 1409 2800 1468 qua:
2829 1396 2946 1451 sola
2976 1396 3132 1452 arida
3162 1394 3277 1465 (10)
3310 1401 3501 1456 erant,
3544 1398 3589 1447 et
3610 1390 3701 1446 scis-

516 1476 677 1518 sllras
710 1464 1015 1536 habebant;
1046 1489 1263 1547 semper
1289 1483 1419 1539 boni
1447 1495 1611 1556 atque
1639 1488 1826 1545 ﬁdeles
1860 1499 1916 1545 et
1946 1492 2100 1562 probi
2134 1507 2263 1563 erga
2298 1492 2468 1547 Deum
2500 1491 2616 1562 (11)
2655 1464 2912 1557 fuerunt;
2958 1491 3054 1546 sed
3100 1464 3401 1559 parumper
3438 1483 3701 1553 deliquerunt

516 1564 951 1674 {r2?ter_i"‘f“‘fs
980 1572 1308 1645 Vomplates,
1340 1590 1397 1637 et
1424 1583 1665 1639 minutas
1693 1586 2052 1656 cogitationes
2082 1586 2220 1657 (12),
2252 1603 2390 1657 quas
2420 1588 2563 1642 intra
2586 1586 2703 1660 (15)
2732 1601 2792 1642 se
2824 1585 3158 1641 habuerunt.
3190 1582 3413 1666 Auditis
3440 1593 3557 1651 ergo
3579 1576 3698 1633 verbis

515 1658 922 1770 {'ffif'P'Pfim‘
944 1680 1170 1770 ῗξθτυηῑ
1205 1676 1581 1743 Pcenitentiam
1615 1679 1894 1748 celeriter;
1928 1690 1984 1738 et
2018 1682 2072 1738 in
2106 1682 2243 1738 turri
2273 1683 2523 1739 habitare
2554 1658 2861 1753 cmperunt.
2893 1679 3126 1749 Quidam
3162 1661 3349 1736 autem
3380 1694 3446 1735 ex
3475 1677 3551 1733 his
3572 1690 3699 1731 evase-

517 1760 646 1806 runt
674 1753 857 1822 dubii;
884 1761 1105 1829 quidam
1135 1766 1452 1836 adjecerunt
1476 1771 1543 1826 ad
1570 1772 1790 1828 dubiam
1823 1785 2060 1829 mentem
2082 1816 2097 1842 ,
2150 1776 2315 1830 etiam
2346 1774 2719 1831 dissensiones
2762 1788 3001 1828 movere.
3035 1772 3093 1827 ln
3135 1771 3221 1827 his
3249 1769 3419 1841 igitur
3440 1767 3584 1825 etiam
3605 1781 3696 1821 nunc

517 1863 644 1949 spes
669 1861 754 1907 est
778 1870 1084 1926 regressus,
1113 1865 1244 1932 quia
1272 1866 1403 1920 boni
1436 1883 1651 1939 semper
1692 1869 1951 1938 fuerunt;
1995 1871 2074 1925 dill

2140 1870 2209 1926 ile
2256 1880 2438 1927 autem
2491 1870 2860 1927 movebuntur
2906 1867 3044 1939 (14).
3094 1861 3202 1929 Qui
3245 1876 3380 1917 vero
3425 1859 3586 1930 virgas
3617 1872 3696 1913 stus

516 1937 700 1993 aridas
724 1956 1104 2016 porrexerunt,
1128 1954 1370 2023 exceptis
1394 1937 1779 2014 cacuminibus
1805 1937 1997 2015 earum
2025 1975 2147 2031 qua:
2174 1961 2293 2015 sola
2340 1968 2499 2015 erant
2544 1959 2739 2014 viridia
2782 1937 2932 2029 (15),
2976 1955 3338 2013 crediderunt
3368 1951 3571 2023 quidem
3602 1950 3694 2011 Deo.

614 2037 913 2135 sceleribus
950 2060 1080 2101 vero
1129 2052 1439 2105 conversati
1480 2062 1608 2107 sunt
1632 2052 1782 2123 (16);
1812 2070 2092 2124 nunquam
2126 2064 2308 2109 tamen
2341 2069 2372 2110 a
2402 2051 2512 2109 Deo
2541 2060 2922 2117 recesserunt,
2952 2051 3048 2107 sed
3078 2065 3298 2122 semper
3329 2063 3517 2105 nomen
3545 2045 3695 2101 Domini

514 2123 744 2184 libenter
761 2132 1020 2201 tulerunt,
1036 2146 1090 2191 et
1110 2137 1338 2194 libenter
1355 2141 1409 2195 in
1427 2141 1679 2214 hOSpitiis
1696 2145 1812 2200 suis
1832 2144 1924 2201 Dei
1948 2123 2138 2202 servos
2159 2144 2669 2216 susceperunt(l7).
2687 2145 2889 2200 Audito
2905 2144 3069 2216 igitur
3088 2142 3213 2209 hoc,
3238 2140 3471 2212 regressi
3489 2138 3605 2210 (l8),
3621 2137 3695 2191 sine

515 2232 672 2273 mora
721 2235 950 2293 egerunt
992 2230 1403 2297 paenitentiam,
1446 2244 1501 2288 et
1547 2250 1764 2290 omnem
1810 2236 2029 2294 virtutis
2070 2259 2072 2288 ;

2134 2238 2382 2308 {nitatem
2424 2237 2537 2308 (l9)
2580 2246 2965 2295 exercuerunt.
3012 2237 3196 2308 Aliqui
3234 2251 3370 2294 vero
3403 2251 3574 2293 eorum
3596 2247 3691 2288 mor-

516 2316 624 2363 tem
656 2311 944 2384 obierunt;
972 2329 1024 2374 et
1052 2320 1147 2375 alii
1175 2323 1411 2383 libenter
1440 2328 1669 2384 adversa
1698 2329 1845 2399 passi
1873 2341 2023 2394 sunt,
2052 2344 2325 2385 memores
2349 2328 2462 2401 (20)
2492 2328 2758 2385 factorum
2785 2343 3038 2384 suorum.

1958 2445 2189 2501 CAPUT
2227 2446 2318 2501 XI.

586 2525 883 2633 Postquam
929 2534 1139 2591 ﬁnisset
1186 2538 1432 2592 omnium
1471 2539 1745 2610 virgarum
1788 2538 2201 2609 explanationes
2237 2539 2374 2610 (21),
2422 2547 2502 2593 ait
2540 2539 2714 2594 mihi:
2746 2534 2927 2602 Vade,
2970 2545 3025 2592 et
3065 2535 3155 2593 die
3194 2535 3475 2599 omnibus,
3516 2532 3691 2602 utagzni

516 2623 925 2689 paenitentiam;
968 2636 1022 2681 et
1070 2629 1253 2684 vivent
1292 2627 1435 2695 Deo,
1482 2629 1611 2699 quia
1658 2638 1841 2684 motus
1870 2628 2138 2686 Dominus
2174 2645 2371 2700 magna
2402 2630 2691 2685 clementia
2718 2645 2817 2685 sua
2841 2628 2976 2697 (22),
3005 2628 3156 2683 misit
3186 2643 3276 2683 me
3309 2637 3370 2683 ut
3396 2626 3690 2699 pmnrtentian

516 2715 826 2771 nuntiarem
854 2718 1131 2785 omnibus,
1163 2720 1248 2777 his
1276 2725 1441 2779 etiam
1471 2726 1566 2794 qui
1598 2740 1709 2780 non
1760 2735 2038 2781 merentur
2088 2726 2201 2797 (25)
2247 2734 2470 2796 propter
2510 2724 2653 2780 facta
2701 2740 2800 2779 sua
2842 2722 3061 2793 assequi
3110 2723 3371 2779 salutem.
3415 2721 3510 2777 Sed
3546 2720 3690 2790 patiens

516 2824 602 2868 est
653 2814 953 2884 Dominus,
998 2826 1052 2872 et
1100 2819 1479 2877 invitationem
1523 2838 1619 2893 per
1664 2821 1865 2878 Filium
1912 2838 2072 2878 suum
2120 2821 2319 2878 factam
2363 2821 2483 2876 vult
2527 2834 2876 2877 conservare.
2924 2818 3059 2875 Dico
3102 2816 3195 2870 ei:
3243 2815 3459 2886 Spero,
3500 2812 3689 2871 Domine.

518 2903 647 3004 in'ore.
685 2914 745 2958 ut
780 2906 991 2969 auditis
1040 2907 1125 3004 his
1168 2908 1410 2965 universi
1471 2923 1637 2983 agant
1678 2913 1794 2981 (24)
1845 2913 2242 2983 ptenitentiam.
2302 2911 2481 2967 Credo
2525 2911 2707 2979 enim,
2756 2922 3203 2980 unumquemque
3244 2907 3447 2977 agnitis
3489 2901 3585 2975 (25)
3619 2897 3691 2954 sui!

519 2993 681 3050 factis
705 3004 760 3049 et
788 3007 1013 3067 accepto
1044 2996 1139 3053 Dei
1174 2998 1393 3065 timore,
1429 3002 1496 3056 ad
1536 3003 1915 3072 paenitentiam
1949 3018 2349 3074 regressurum.
2386 3003 2477 3058 Ait
2508 3003 2683 3059 mihi:
2718 3002 3041 3072 Quicunque
3086 3012 3198 3059 toto
3229 3004 3397 3059 corde
3427 3000 3691 3072 egerintpe-

520 3091 829 3161 nitentiam,
860 3105 916 3151 et
944 3096 1352 3167 puriﬁcaverint
1384 3110 1443 3149 se
1477 3095 1545 3150 ab
1578 3095 1730 3149 omni
1759 3094 2002 3165 nequitia
2033 3110 2155 3165 qua:
2185 3109 2353 3165 supra
2384 3093 2528 3149 dicta
2561 3102 2646 3149 est
2678 3092 2793 3163 (26)
2819 3133 2836 3158 ,
2869 3101 2924 3147 et
2971 3106 3080 3148 non
3130 3092 3437 3161 adiecerint
3479 3089 3622 3144 adhuc
3650 3082 3691 3137 ad

518 3190 718 3248 delicta
753 3205 853 3248 sua
886 3193 1221 3264 quidquam;
1254 3192 1529 3263 accipient
1557 3206 1589 3246 a
1614 3190 1850 3247 Domino
1880 3190 2184 3246 remedium
2219 3190 2464 3260 priorum
2494 3187 2610 3258 (27)
2641 3195 2990 3258 peccatorum
3027 3202 3276 3258 suorum,
3314 3192 3362 3248 si
3392 3189 3517 3245 nihil
3544 3184 3691 3242 dubiu-
3808 3236 3809 3267 ξ

519 3290 701 3344 verint
744 3290 811 3345 de
852 3290 1126 3346 mandatis
1164 3290 1251 3345 his
1284 3288 1433 3359 (28);
1464 3298 1519 3344 et
1545 3286 1728 3343 vivent
1754 3286 1888 3342 Deo.
1922 3286 2028 3353 Qui
2069 3300 2200 3342 vero
2246 3284 2581 3354 adiecerint,
2615 3283 2829 3353 inquit,
2870 3282 2940 3338 ad
2971 3277 3165 3338 delicta
3194 3298 3300 3337 sua
3324 3324 3341 3348 ,
3382 3290 3437 3339 et
3467 3270 3691 3338 conversali

520 3380 726 3439 fuerint
755 3387 813 3441 in
842 3385 1229 3457 cupiditatibus
1259 3382 1372 3453 (29)
1403 3380 1588 3439 saeculi
1631 3380 1831 3450 hujus;
1868 3378 2209 3434 damnabunt
2236 3377 2448 3447 seipsos
2481 3374 2549 3431 ad
2595 3384 2848 3431 mortem.
2881 3372 2961 3428 Tu
2994 3390 3126 3431 vero
3157 3378 3383 3433 ambula
3418 3378 3469 3432 in
3497 3367 3690 3429 mandatis

521 3478 678 3547 istis;
712 3489 768 3536 et
795 3482 945 3537 vives
972 3480 1119 3536 Deo:
1149 3490 1203 3535 et
1232 3479 1549 3548 quicunque
1574 3474 1979 3530 ambulaverint
2003 3474 2059 3528 in
2096 3474 2183 3529 his
2205 3515 2220 3539 ,
2259 3480 2315 3527 et
2353 3481 2499 3527 recte
2539 3486 2603 3526 ea
2648 3470 3036 3538 exercuerint,
3076 3470 3260 3527 vivent
3304 3471 3434 3528 Deo.
3476 3468 3690 3534 Postquam
3808 3468 3809 3548 ξ

524 3586 653 3628 vero
680 3573 795 3631 haec
822 3574 1007 3631 omnia
1036 3573 1171 3631 mihi
1200 3576 1458 3642 ostendit,
1487 3574 1566 3629 ait
1595 3572 1766 3627 mihi:
1802 3569 2034 3642 Reliqua
2060 3580 2185 3641 post
2212 3569 2332 3626 dies
2361 3582 2566 3639 paucos
2594 3567 2690 3643 tibi
2727 3567 3034 3623 ostendam.

1864 3690 2336 3755 SIMILITUDO
2379 3690 2492 3751 ΙΧ.

977 3821 1385 3901 Αἰάίβοαηάω
1409 3823 1743 3886 militanti:
1776 3830 1833 3881 et
1866 3819 2316 3898 triumphantis
2361 3814 2670 3878 Ecclesia
2706 3816 3010 3894 mysteria
3035 3814 3334 3876 maxima.

1879 3944 2110 4001 CAPUT
2146 3940 2438 3998 PRIMUM.

598 4042 894 4112 Postquam
945 4049 1141 4119 scripsi
1193 4046 1445 4105 Mandata
1492 4058 1546 4104 et
1585 4046 1984 4105 Similitudines
2013 4043 2250 4115 pastoris
2279 4041 2426 4096 illius
2450 4082 2465 4107 .
2502 4040 2729 4095 nuntius
2760 4036 3093 4110 pmnitentiac
3129 4032 3278 4088 venit
3310 4030 3377 4087 ad
3405 4040 3518 4088 me.
3540 4006 3689 4075 θιάίιίί

527 4142 698 4195 mihi:
736 4140 870 4198 Volo
896 4145 1182 4200 ostendere
1213 4147 1308 4201 tibi
1348 4161 1689 4217 quaecunque
1719 4144 1958 4215 Spiritus
1990 4140 2087 4195 tibi
2120 4137 2400 4201 ostendit,
2434 4135 2529 4206 qui
2565 4135 2619 4189 in
2647 4132 2825 4203 efﬁgie
2870 4130 3128 4187 Ecclesiae
3174 4131 3393 4185 locutus
3435 4130 3510 4178 est
3548 4121 3685 4217 me“:

526 4233 621 4289 Ille
645 4234 789 4290 enim
820 4236 1060 4307 Spiritus
1082 4281 1097 4304 ,
1127 4239 1299 4295 Filius
1328 4203 1421 4294 Dei
1449 4247 1552 4294 est.
1589 4203 1655 4293 iit
1686 4203 1814 4309 quia
1846 4233 2116 4290 inﬁrmior
2143 4244 2269 4285 eras
2299 4203 2528 4296 corpore
2555 4267 2570 4291 ,
2610 4239 2722 4280 nou
2757 4233 2882 4279 ante
2911 4238 3008 4293 per
3037 4220 3291 4276 nuntium
3322 4214 3614 4272 declaratum
3637 4203 3689 4251 εει

1636 4374 1876 4434 νΑΙῖΙᾹΞ
1917 4369 2301 4430 LECTIONES
2338 4367 2428 4423 ET
2468 4365 2696 4436 ΝΟΠἍΞ.

602 4498 680 4563 (1)
722 4497 913 4553 Lamb.
949 4499 1247 4567 superbiam
1274 4515 1522 4567 magnam
1549 4496 1853 4550 induerunt.
2430 4487 2560 4567 Mss.
2593 4485 2751 4567 Angl.
2787 4490 3110 4567 receperunt.

602 4555 681 4636 (2)
721 4567 799 4622 lla
824 4569 977 4623 Bodl.
1004 4555 1195 4623 Lamb.
1220 4579 1276 4624 et
1310 4555 1450 4623 Vict.
1481 4568 1644 4633 Editi,
1678 4581 1905 4637 sperare.
2432 4557 2564 4637 Mss.
2590 4556 2763 4637 Angl.
2782 4555 2879 4637 hoc
2904 4563 3171 4637 regressa-.1

725 4638 853 4710 Mss.
882 4622 1046 4710 Angl.
1082 4622 1490 4710 deserit—erunt.”
1536 4622 1541 4623 ν
1632 4622 1644 4633 ⁷
1823 4706 1844 4710 Δ
2036 4706 2079 4710 __
2432 4628 2638 4710 Υἱοιρτο
2665 4622 2907 4710 ιξξζψεηι
2931 4622 3219 4710 ωφξξξξξξλ

603 4689 682 4777 eis
723 4689 1224 4766 asservare
1237 4689 1444 4765 "celat
1459 4707 1552 4763 Sic
1575 4717 1630 4763 ει
1650 4708 1781 4763 edit.
1811 4706 1988 4763 Oxon.
2020 4706 2105 4759 Al.
2279 4689 2393 4777 (go)
2434 4697 2625 4777 Lamb.
2652 4706 2703 4777 ις
2729 4696 2952 4777 ea..."
2979 4689 3275 4763 patiuntur.
3300 4689 3548 4735 mom-

531 4766 814 4847 omittunt,
842 4780 953 4834 sed.
1916 4818 1921 4823 .
2280 4766 2394 4847 (21
2431 4768 2515 4847 Al.
2542 4766 2919 4847 emsolutiones.

606 4800 1130 4920 iguﬂa’nftcfpdeles
1158 4861 1615 4920 perseveraverant
1648 4866 1778 4904 esse.
1916 4818 1921 4823 1
2431 4800 3169 4894 ῖέιιξῖῗυλιῗῖἦῖῗᾙοηιὶηαε
3215 4826 3271 4879 in
3319 4819 3477 4875 multa
3511 4824 3589 4866 sua
3620 4800 3685 4855 ἅδ’

606 4911 685 4987 (6)
724 4920 854 4991 Mss.
884 4911 1042 4991 Angl.
1067 4911 1228 4976 everti
1251 4923 1569 4976 ranitatibus
1599 4935 1799 4975 eorum.
2210 4911 2486 4991 megtjgz.“
2619 4978 2635 4991 ⁸
2727 4978 2742 4991 ἱ
2934 4973 2965 4991 η
3090 4971 3263 4991 Δ-Μῌ
3337 4971 3381 4991 Α
3417 4957 3587 4991 Mum
3606 4942 3665 4991 ηε

605 4957 684 5061 iii
722 4957 856 5047 »ἰὲἒζ
883 4957 1042 5061 Κὲἒῑζ
1067 4957 1569 5047 ἓὲἒῖὶὶἇῖὶἰὶῗ⁶⁶⁹⁸⁹⁰
1694 4957 1799 4974 ”””’

2212 4957 2567 5061 ῒηίξέῖθίεε-
2606 4973 3044 5061 Anngmnibus
3080 4971 3298 5032 darem,
3332 4971 3381 5016 et
3414 4957 3588 5029 quidem
3606 4959 3682 5015 σει·

606 5047 685 5133 l8)
727 5061 919 5133 Lamb-
953 5047 1124 5122 deest.
1164 5079 1334 5133 posse.
2209 5047 2565 5133 haemon
2593 5047 3042 5133 'nefen‘im-.,.,-
3592 5083 3654 5133 sui

608 5083 685 5133 (δ)
727 5083 919 5117 manu).
953 5083 1124 5122 uees‘t.
1164 5083 1334 5133 posse.
2209 5083 2431 5105 υσωαιιιη
2461 5083 2565 5103 ηυη
2596 5083 2934 5130 .uwfmw'”
2959 5115 2971 5126 .
3005 5114 3017 5127 .
3106 5112 3119 5124 .
3272 5108 3285 5119 .
3400 5103 3413 5115 ο
3592 5083 3668 5140 ﬁdi:

608 5135 688 5203 (9)
728 5132 882 5203 Bodl.
910 5132 1096 5187 citata.
2213 5190 2247 5203 λ
2281 5120 2396 5203 (24)
2438 5120 2524 5174 Al.
2548 5116 3045 5203 quoniamut-satiras
3065 5113 3169 5178 his,
3192 5102 3573 5169 unwersragenl-

764 5185 959 5276 Lamb.
985 5185 1172 5276 solida:
1196 5204 1386 5259 aridw.
1521 5274 1531 5276 _
2210 5185 2393 5276 Paris.
2413 5185 2931 5276 q'uoniamgrtt‘ditis
2954 5185 3058 5238 his.

609 5259 724 5342 (‘ll'l
764 5274 958 5329 Lamb.
986 5274 1190 5328 honesti
1217 5291 1343 5345 erga
1374 5274 1681 5327 Dominum.
1796 5343 1805 5345 _
2428 5259 2629 5345 (Lamb.
2656 5259 2877 5345 auditis.

608 5320 723 5417 (12)
761 5320 958 5417 iiiis."
982 5320 1953 5417 5555;}?$3.5m};"Hammone.
2285 5320 2399 5417 (ἓξ)
2438 5330 2633 5417 Eamb‘.
2661 5331 3221 5417 desup_t._quaf_gnp_rg
3234 5320 3374 5374 dicta
3397 5321 3483 5366 εει·

608 5398 722 5487 (1⁵5)
764 5398 1019 5487 BodLin.
1055 5398 1245 5471 Lamb.
1277 5417 1439 5487 inter.
1462 5485 1471 5487 Α
1515 5484 1547 5487 Α
1633 5398 1643 5411 ’
1761 5485 1769 5487 Α
2438 5400 2757 5487 Mss.‘Angl._
2780 5398 3247 5487 detestaprioruntt‘.

1340 5455 1576 5554 [icile
1589 5555 1594 5556 ν
1606 5485 1964 5542 movebuntur.

1949 5525 1964 5542 .
2650 5455 2805 5556 ﬁcis.
2837 5455 3009 5524 Sicci.
3032 5467 3162 5521 edit.
3190 5460 3319 5517 Felli
3347 5455 3503 5513 Oxon.

610 5484 723 5556 (M)
764 5486 954 5541 Lamb.
984 5486 1103 5539 boni
1130 5502 1329 5553 semper
1353 5484 1576 5554 difﬁcile
1606 5485 1964 5542 movebuntur.
2283 5484 2374 5539 (28
2436 5484 2629 5526 Lamb.
2650 5486 2805 5552 .mets:
2837 5484 2850 5520 :

610 5558 725 5623 (15)
765 5557 958 5611 Lamb.
987 5572 1105 5625 qua:
1127 5556 1255 5609 sola:
1283 5565 1433 5610 erant
1461 5555 1674 5609 virides.
2284 5484 2397 5614 (‘29;
2437 5543 2522 5596 AI.
2548 5539 2850 5596 desideriis.

611 5627 728 5696 (16)
767 5628 849 5681 Al.
877 5627 974 5681 etsi
1000 5628 1067 5680 ad
1099 5628 1293 5681 scelera
1320 5626 1500 5695 aliqua
1532 5628 1765 5697 prolapsi
1793 5636 1934 5683 sunt.
