4076 6142
450 199 554 253 985
1890 202 1948 256 S.
1982 199 2060 255 HE

2083 200 2246 255 ΒΜιΕ
3587 216 3693 273 983

450 334 575 372 esse
602 331 879 371 curiosus.
919 313 1030 385 Ego
1055 324 1233 369 autem
1269 314 1656 370 demonstrabo
1687 314 1780 368 tibi
1806 326 2021 379 cuncta,
2052 331 2388 385 quaecunque
2412 317 2582 375 debeo
2626 320 2741 395 (56)
2783 324 3104 382 ostendere;
3143 342 3289 384 nunc
3333 335 3514 383 autem
3563 331 3691 385 ι-ειι-

446 434 554 490 qua
596 416 901 473 considera.
922 412 937 427 '

1882 533 2111 590 CAPUT
2152 534 2235 592 ΙΙΙ.

515 649 583 705 Et
605 662 729 706 eum
754 650 870 707 lucc
897 651 1125 710 dixisset
1148 655 1304 720 mibi,
1330 659 1551 726 suspexi
1583 657 1697 727 (57)
1728 674 1740 709 :
1767 666 1820 712 et
1843 672 1970 713 ecce
1999 658 2110 713 vidi
2136 660 2351 715 venisse
2373 674 2468 715 sex
2486 661 2629 716 viros
2662 662 2910 718 excelsos
2937 676 3000 717 ac
3030 663 3393 727 venerandos,
3416 671 3469 717 et
3497 676 3689 717 omnes

443 746 659 802 similes
691 746 809 818 (58)
842 748 1032 817 vultu;
1069 760 1123 805 et
1156 768 1384 809 vocasse
1406 754 1700 825 quamdam
1732 754 2133 811 multitudinem
2157 755 2399 810 virorum
2424 774 2437 823 ;
2458 765 2511 813 et
2538 756 2592 810 lii
2619 758 2712 826 qui
2738 768 2999 813 venerant
3029 760 3208 813 vocati
3240 758 3308 812 ab
3335 756 3463 824 illis,
3494 765 3549 811 et
3583 758 3685 826 ipsi

443 859 667 914 quoque
695 844 897 899 excelsi
921 854 977 901 et
1003 845 1173 903 fortes
1216 861 1389 906 erant.
1425 849 1717 905 Jusserunt
1747 861 1926 907 autem
1960 852 2038 906 illi
2088 869 2183 909 sex
2212 869 2309 908 eos
2356 854 2550 908 turrim
2585 856 2879 925 quamdam
2932 853 3045 925 (59)
3097 866 3261 921 super
3320 865 3439 904 eam
3474 859 3685 920 portam

441 938 737 992 mditlcare.
768 936 999 1008 Magnus
1023 954 1154 994 vero
1186 948 1316 993 tunc
1343 936 1594 993 fremitus
1620 940 1786 1007 cmpit
1807 956 1928 996 esse
1961 941 2370 996 decurrentium
2401 944 2548 999 circa
2598 954 2809 1014 portam
2845 947 2950 1000 huc
2976 954 3139 1014 atque
3167 943 3295 996 illuc
3329 940 3463 1013 (60),
3494 956 3684 995 eorum

442 1032 687 1095 virorum
710 1036 803 1104 qui
836 1035 901 1090 ad
926 1036 1298 1091 mdillcandam
1332 1037 1529 1089 turrim
1561 1046 1928 1091 convenerant
1960 1037 2094 1110 (61).
2131 1036 2377 1111 Virgines
2400 1037 3161 1111 veroillaaqumstabantcirca
3176 1038 3687 1109 portam,jubebaut

436 1130 522 1185 eis
546 1131 957 1188 aediﬁcationem
979 1134 1144 1189 turris
1174 1133 1476 1189 accelerare
1498 1132 1635 1204 (62).
1662 1131 1795 1204 Ipsm
1822 1146 2006 1191 autem
2024 1147 2458 1207 exporrexeruut
2487 1153 2683 1193 manus
2701 1153 2850 1203 suas,
2879 1147 3133 1208 tanquam
3164 1136 3366 1208 aliquid
3386 1147 3687 1205 accepturae

440 1227 512 1284 ab
549 1228 676 1282 illis.
710 1228 864 1288 Tunc
912 1230 989 1285 illi
1032 1246 1124 1287 sex
1151 1230 1460 1301 jusserunt,
1500 1240 1559 1285 ut
1586 1228 1699 1301 (63)
1744 1246 1808 1285 ex
1852 1232 2089 1301 quodam
2117 1230 2390 1303 profundo
2438 1233 2647 1301 lapides
2695 1234 3026 1299 attollerent,
3064 1242 3117 1289 et
3168 1233 3221 1288 in
3271 1231 3684 1287 aediﬁcationem

440 1329 613 1383 turris
632 1338 1024 1400 praepararent.
1079 1327 1146 1382 Et
1188 1327 1381 1382 elevati
1414 1336 1544 1384 sunt
1568 1328 1753 1383 decem
1786 1326 1995 1399 lapides
2029 1329 2268 1395 candidi,
2300 1330 2552 1400 quadrati
2580 1329 2715 1400 (64),
2740 1328 3074 1384 circumcisi.
3110 1326 3404 1399 Postquam
3430 1344 3559 1384 vero
3588 1345 3681 1384 sex

440 1422 519 1477 illi
549 1425 959 1479 advocaverunt
983 1424 1080 1478 has
1112 1423 1373 1495 virgines,
1399 1426 1682 1496 jusserunt
1710 1442 1804 1482 eas
1842 1427 2129 1483 universos
2177 1427 2406 1498 lapides,
2438 1429 2757 1499 quicunque
2801 1426 2857 1483 in
2906 1429 3077 1483 turris
3107 1428 3525 1484 aedificationem
3556 1428 3681 1483 mit-

438 1518 591 1574 tendi
626 1530 829 1588 essent,
858 1530 1079 1592 portare
1110 1520 1255 1590 (65);
1290 1531 1343 1577 et
1374 1523 1671 1579 translatos
1710 1538 1808 1594 per
1837 1531 2049 1595 portam
2092 1523 2306 1579 tradere
2331 1522 2443 1594 (66)
2486 1524 2567 1581 eis
2609 1525 2703 1595 qui
2730 1522 3052 1579 aediﬁcaturi
3087 1532 3245 1576 erant
3266 1522 3460 1577 turrim
3512 1521 3681 1575 illam.

436 1611 713 1667 Continuo
737 1614 819 1669 ha:
837 1614 1081 1683 virgines
1115 1616 1334 1671 eosdem
1366 1616 1574 1687 lapides
1599 1616 1693 1687 qui
1724 1616 1875 1688 prius
1901 1616 2094 1671 olevati
2116 1624 2275 1671 erant
2304 1616 2417 1686 (67)
2450 1617 2516 1671 de
2538 1614 2839 1687 prolundo,
2869 1615 3010 1670 inter
3032 1631 3093 1671 se
3117 1614 3332 1671 elevare
3359 1613 3472 1685 (68)
3504 1627 3685 1683 cmpe-

438 1719 570 1765 runt
602 1711 808 1781 pariter
833 1727 1046 1769 omnes.

1879 1828 2108 1885 CAPUT
2145 1828 2231 1884 IV.

508 1950 613 2019 Qui
639 1961 820 2009 autem
846 1962 1115 2015 steterunt
1149 1954 1293 2009 circa
1336 1964 1570 2025 portam,
1626 1956 1707 2011 sic
1733 1954 1896 2014 etiam
1927 1954 2251 2027 portabant;
2280 1962 2340 2006 ut
2363 1949 2816 2025 quividebantur
2862 1964 2986 2005 esse
3018 1948 3299 2011 fortiores,
3352 1943 3419 2001 ad
3452 1944 3683 2015 angulos

436 2058 805 2117 ponerentur;
839 2052 1020 2109 caeteri
1048 2068 1177 2107 vero
1222 2051 1431 2123 lapides
1474 2051 1541 2107 ad
1575 2051 1744 2107 latera
1769 2050 2208 2120 subjiciebantur
2249 2048 2363 2119 (69)
2392 2065 2405 2101 :
2440 2053 2605 2116 atque
2637 2047 2711 2100 ita
2742 2045 3029 2101 universos
3076 2044 3282 2114 lapides
3313 2040 3677 2114 pertulerunt,

435 2158 643 2214 eosque
668 2159 762 2216 per
787 2155 1000 2214 portam
1032 2147 1147 2216 (70)
1180 2145 1477 2203 translatos
1502 2146 1920 2212 aedificantibus,
1948 2146 2092 2201 sicut
2111 2146 2282 2215 jussa:
2311 2149 2470 2199 erant
2506 2140 2644 2214 (7i),
2674 2139 3040 2195 tradiderunt.
3071 2136 3299 2191 lllivero
3324 2132 3681 2202 excipientes,

435 2243 829 2291 exstruxerunt
858 2237 1000 2294 illos.
1036 2237 1161 2295 Haec
1188 2253 1369 2298 autem
1397 2244 1689 2299 aediﬁcatio
1720 2257 1885 2313 super
1909 2243 2057 2298 illam
2088 2252 2297 2314 petram
2322 2253 2576 2310 magnam
2604 2247 2658 2293 et
2703 2248 2913 2307 portam
2943 2236 3145 2300 llebat;
3184 2242 3350 2303 atque
3370 2228 3438 2283 ab
3473 2229 3541 2282 iis
3571 2236 3684 2281 tota

437 2330 610 2387 turris
641 2333 1075 2392 sustentabatur.
1112 2334 1321 2392 Horum
1349 2348 1530 2394 autem
1555 2341 1742 2395 decem
1769 2339 2009 2410 lapidum
2040 2348 2318 2395 structura
2346 2345 2515 2392 totam
2556 2341 2771 2405 portam
2805 2332 2955 2386 illam
3006 2328 3256 2397 replevit.
3292 2340 3415 2394 qua:
3450 2323 3505 2376 in
3553 2320 3681 2375 fun-

434 2422 693 2487 damento
718 2426 887 2482 turris
914 2427 1063 2485 illius
1087 2446 1209 2486 esse
1239 2433 1423 2502 cmpit.
1454 2430 1586 2487 Post
1608 2432 1731 2487 illos
1757 2446 1889 2486 vero
1923 2431 2114 2487 decem
2148 2430 2377 2501 lapides,
2420 2426 2511 2481 alii
2538 2424 2731 2493 viginti
2784 2422 3030 2493 quinque
3061 2416 3256 2476 elevati
3306 2423 3437 2470 sunt
3464 2412 3578 2481 (72)
3616 2410 3683 2464 de

435 2520 740 2591 profundo;
774 2534 829 2579 et
866 2525 920 2579 hi
951 2528 1144 2582 structi
1178 2538 1309 2582 sunt
1332 2527 1385 2582 in
1410 2528 1830 2583 aedificationem
1864 2527 2034 2583 turris
2063 2527 2333 2596 ejusdem,
2366 2537 2461 2594 per
2487 2520 2608 2575 illas
2630 2517 2870 2589 virgines
2896 2517 3080 2584 levati,
3106 2517 3249 2574 sicut
3274 2514 3505 2586 priores.
3556 2509 3685 2564 Post

435 2611 558 2679 bos,
587 2613 679 2668 alii
705 2616 927 2685 triginta
950 2619 1195 2688 quinque
1219 2622 1413 2676 clevati
1444 2631 1604 2689 sunt,
1632 2631 1686 2678 et
1707 2623 1760 2677 hi
1790 2622 2041 2677 similiter
2071 2622 2127 2676 in
2148 2620 2341 2676 eodem
2380 2630 2545 2687 opere
2576 2613 2746 2684 aptati
2795 2620 2947 2668 sunt.
2992 2614 3125 2670 Post
3175 2614 3296 2681 hos,
3323 2606 3682 2682 quadraginta

434 2707 644 2778 lapides
668 2713 1073 2783 ascenderunt;
1098 2727 1149 2773 et
1186 2719 1241 2773 hi
1270 2734 1461 2778 omnes
1480 2720 1679 2789 adjecti
1706 2730 1834 2776 sunt
1861 2720 1918 2774 in
1952 2728 2283 2775 structuram
2312 2717 2483 2774 turris
2506 2713 2674 2769 illius.
2706 2713 2956 2779 Quatuor
2982 2725 3111 2781 ergo
3146 2708 3367 2763 ordines
3401 2704 3682 2771 cmpcrunt

432 2817 557 2859 esse
585 2804 639 2859 in
672 2804 1029 2863 fundamento
1056 2814 1224 2868 turris
1265 2814 1410 2873 illius
1441 2815 1556 2888 (73)
1578 2834 1594 2881 ;
1619 2816 1903 2871 desierunt
1920 2815 2065 2871 enim
2098 2815 2306 2886 lapides
2334 2817 2548 2872 extrahi
2582 2818 2651 2874 de
2670 2810 3073 2888 (74)pr0fund0
3101 2828 3114 2863 ί
3147 2805 3423 2877 PWHSPer
3442 2808 3497 2857 εί
3516 2794 3682 2867 “qui

435 2894 800 2961 aedificabant,
839 2900 1189 2970 quieverunt.
1213 2904 1411 2962 lterum
1444 2908 1519 2962 illi
1551 2924 1646 2964 sex
1677 2908 1781 2963 viri
1811 2908 2147 2963 multitudini
2173 2908 2248 2963 illi
2275 2908 2704 2979 imperaverunt,
2735 2920 2795 2966 ut
2824 2908 2890 2964 de
2920 2904 3029 2960 illis
3074 2898 3366 2955 duodecim
3405 2892 3685 2950 mUIllihus

437 2996 792 3055 allportarent
821 2992 937 3065 (75)
969 2994 1175 3062 lapides
1204 2998 1271 3052 ad
1291 2999 1710 3057 mdillcationem
1744 3000 1912 3057 turris
1930 3000 2197 3071 ejusdem.
2225 3000 2303 3055 llli
2324 3009 2507 3056 autem
2529 3003 2853 3059 excidebant
2871 2999 2938 3054 de
2966 2992 3242 3053 universis
3279 2986 3563 3045 montibus
3585 2998 3686 3037 va-

435 3079 643 3135 riorum
676 3084 924 3141 colorum
952 3087 1158 3158 lapides
1183 3089 1295 3159 (76)
1321 3108 1335 3153 ;
1366 3100 1421 3147 et
1451 3091 1759 3148 deferentcs
1787 3108 1883 3150 eos
1909 3092 2024 3162 (77)
2066 3094 2419 3165 porrigebant
2448 3094 2755 3167 virginibus
2785 3112 2798 3147 :
2831 3107 2973 3164 quos
3008 3091 3112 3146 illa:
3142 3086 3473 3157 accipientes
3500 3092 3651 3137 trans
3676 3109 3685 3119 -

436 3168 687 3231 ferebant
727 3177 865 3248 (78),
890 3188 949 3234 et
982 3181 1038 3236 in
1063 3182 1484 3239 aedificationem
1530 3185 1699 3241 turris
1731 3185 2103 3257 porrigebant.
2136 3184 2196 3239 ιιι
2240 3200 2349 3255 qua
2392 3201 2519 3241 cum
2551 3187 2745 3243 structi
2777 3192 2963 3241 essent
2993 3182 3105 3253 (79)
3157 3179 3275 3250 illi‘
3312 3173 3554 3238 candidi,
3590 3187 3686 3224 va-

436 3265 615 3337 riique
639 3268 842 3325 ﬁebant
871 3288 884 3323 :
919 3281 973 3327 et
1001 3273 1254 3329 similiter
1275 3291 1465 3334 omnes
1495 3279 1706 3347 priores
1738 3274 1852 3349 (80)
1887 3278 2176 3334 mutabant
2219 3279 2453 3337 colores.
2488 3279 2723 3349 Quidam
2749 3294 2878 3336 vero
2905 3277 2974 3333 ab
3003 3278 3137 3347 ipsis
3158 3274 3293 3328 viris
3322 3266 3685 3341 porrigeban-

438 3372 565 3432 tur;
595 3368 841 3437 quicum
875 3369 930 3424 in
960 3386 1080 3426 eam
1107 3372 1524 3429 aediﬁcationem
1552 3375 1851 3443 venissent,
1886 3375 2080 3447 quales
2109 3375 2475 3445 ponebantur,
2521 3377 2658 3433 tales
2688 3384 2743 3432 et
2786 3371 3200 3446 permanebant.
3235 3363 3301 3418 lii
3330 3377 3434 3418 nec
3462 3355 3682 3416 candidi

437 3455 661 3523 ﬁebant,
695 3475 795 3516 nec
827 3462 999 3528 varii;
1024 3466 1287 3533 quoniam
1322 3483 1430 3522 non
1456 3478 1613 3525 erant
1648 3486 1679 3524 a
1714 3470 2019 3542 virginibus
2046 3484 2143 3540 per
2175 3480 2385 3539 portam
2423 3472 2694 3528 translati.
2734 3470 2796 3527 lli
2837 3484 2967 3539 ergo
2991 3464 3199 3537 lapides
3230 3459 3501 3518 deformes
3529 3461 3686 3511 erant

440 3553 498 3607 in
531 3555 898 3615 mdiilcatione
924 3560 1039 3629 (8l)
1066 3581 1081 3626 ;
1110 3578 1252 3633 quos
1284 3580 1408 3620 curn
1440 3565 1961 3623 animadvertissent
1994 3566 2072 3622 illi
2104 3580 2197 3623 se‘t
2230 3566 2355 3630 viri,
2399 3554 2685 3636 jusserunt
2735 3568 2850 3623 tolli
2899 3575 2953 3621 ct
2980 3577 3081 3620 suo
3132 3561 3253 3616 loco
3293 3557 3482 3627 reponi
3538 3554 3684 3609 unde

438 3646 603 3703 delati
646 3649 866 3707 fuerant
892 3653 1029 3722 (82).
1065 3655 1132 3711 Et
1153 3659 1347 3715 dicunt
1374 3659 1442 3714 ad
1474 3659 1600 3715 illos
1644 3662 1741 3730 qui
1773 3660 1980 3731 lapides
2012 3658 2138 3715 illos
2167 3659 2469 3716 all'erebant
2502 3676 2516 3713 :
2552 3660 2787 3716 Omnino
2820 3676 2919 3716 vos
2969 3655 3127 3711 nobis
3158 3653 3225 3707 ad
3267 3650 3681 3707 aedificationem

445 3736 590 3794 banc
612 3740 821 3812 lapides
849 3748 1129 3819 porrigere
1156 3750 1360 3817 nolite;
1393 3750 1487 3807 sed
1507 3751 1665 3821 juxta
1690 3751 1886 3806 turrim
1916 3749 2102 3820 ponite
2127 3764 2243 3813 eos,
2271 3759 2333 3803 ut
2358 3750 2443 3804 hae
2471 3749 2711 3820 virgines
2739 3749 3033 3804 translatos
3056 3748 3337 3817 porrigant
3366 3760 3379 3795 :
3410 3742 3515 3798 nisi
3536 3741 3680 3796 enim

438 3826 509 3971 :b
561 3829 645 3884 bis
668 3833 999 3977 lvirginibus
1036 3845 1285 3900 translati
1324 3845 1529 3902 fuerint
1556 3862 1653 3917 per
1683 3846 1824 3902 hanc
1852 3855 2091 3916 portam,
2150 3844 2365 3901 colores
2417 3859 2550 3900 suos
2598 3856 2813 3901 mutare
2861 3860 2971 3900 non
3006 3850 3240 3915 possunt
3273 3863 3284 3896 :
3317 3839 3487 3895 nolite
3520 3838 3682 3910 igitur

465 3928 640 3976 rustra
688 3924 937 3977 aborare-

465 3928 640 3976 rustra
668 3924 938 3985 laborare.

1528 4054 1762 4111 VARIE
1802 4051 2185 4113 LECTIONES
2222 4050 2311 4106 ET
2349 4050 2578 4110 NOTAE.

660 4160 849 4240 Lamb.
880 4169 1113 4231 potueris
1163 4184 1260 4239 pro
1296 4171 1475 4225 debeo.
2183 4167 2296 4240 (68)
2335 4166 2467 4240 Mss.
2496 4169 2656 4240 Angl.
2681 4170 2928 4225 allevare.

658 4232 1098 4311 l_.alnb.inspc.si.
1163 4231 1177 4239 ’
2189 4231 2299 4309 (69⁷)
2347 4237 2497 4311 Bodl.
2552 4231 2881 4293 avlateribus
2932 4239 3202 4293 subibant.
3249 4236 3341 4292 Sic
3379 4246 3433 4294 et
3461 4235 3678 4299 Lamb.,

508 4301 625 4385 (ῖξβ)
663 4302 857 4361 Lamb.
897 4301 1094 4364 venisse
1134 4312 1275 4366 viros
1319 4311 1585 4379 excelsos,
1625 4314 1917 4385 dignitosos
1959 4322 2008 4368 et
2120 4301 2503 4385 praepositione
2534 4319 2711 4364 tamen
2748 4328 2779 4364 a
2801 4312 2861 4385 i_n
2893 4327 2920 4365 e
2948 4319 3173 4385 minata.

433 4371 685 4451 similest
1571 4371 1583 4379 ’
1681 4371 1707 4385 ”

2120 4371 2136 4380 ’
2171 4371 2285 4449 (76)
2327 4377 2519 4435 Lamb.
2551 4393 2754 4449 portas.
2797 4379 2863 4435 Et
2889 4382 3051 4451 paulo
3076 4388 3222 4450 post,
3248 4389 3400 4449 porta
3431 4393 3529 4449 pro
3558 4393 3672 4447 por-

664 4442 856 4523 Lamb.
879 4465 973 4523 eos
997 4449 1081 4503 illi
1107 4468 1172 4505 ea:
1202 4462 1344 4506 turre
1364 4453 1671 4523 quamdam.
2112 4442 2238 4523 (aut:

443 4512 820 4596 _“560)_Bod_l.
853 4520 1266 4596 discurrentium
1288 4512 1433 4596 circa
1463 4535 1671 4591 portam
1703 4526 1824 4579 hinc
1852 4536 2010 4596 atque
2184 4520 2298 4596 (ΖΞ)
2336 4518 2469 4596 Μεεο
2500 4521 2662 4596 ᾼῐιει-
2685 4521 2976 4596 fututam-

435 4580 616 4662 illinc.
638 4584 829 4662 Lamb.
862 4604 1084 4662 quoque
1120 4593 1283 4646 habet
1313 4593 1434 4647 hinc
1463 4580 1620 4662 atque
1643 4596 1812 4650 illinc.
1924 4580 1936 4596 ’

1716 4598 1812 4650 inc.
1924 4580 1936 4596 ⁸
2336 4580 2647 4662 ᾃὶεεηᾹηξΙ.
2678 4580 3046 4655 ascenderunt,
3076 4599 3136 4645 ut
3164 4606 3326 4656 saepe.

510 4655 624 4725 (6|)
664 4656 757 4713 Sic
780 4655 972 4715 Lamb.
995 4655 1093 4717 'Sic
1115 4672 1170 4718 et
1200 4662 1333 4717 Fclli
1363 4663 1493 4718 edit.
1530 4655 1708 4721 Oxon.
1742 4667 1829 4721 Al.
1859 4682 2010 4721 vene-
2184 4655 2298 4729 (75)
2341 4658 2531 4730 Lamb.
2568 4655 2926 4730 fundamentis
2962 4663 3126 4715 turris
3147 4655 3323 4730 hujus.

435 4734 613 4801 rant:
664 4796 685 4801 _
806 4800 811 4801 γ

2184 4730 2297 4801 (74)
2337 4728 2532 4801 Lamb.
2560 4728 2682 4800 ergo
2717 4732 2918 4801 lapides
2940 4728 3221 4785 ascendere
3242 4731 3325 4783 de.

508 4794 622 4875 (βξ)
664 4796 855 4857 Lamb.
878 4802 1127 4875 fidebant
1173 4804 1584 4875 wdiﬁcationem
1609 4808 1771 4861 turris
1806 4810 2008 4861 accele-
2182 4794 2296 4869 (75)
2320 4798 2411 4855 De
2427 4794 2849 4875 quibus'men'tio
2870 4803 3035 4873 cap.l
3079 4802 3242 4871 bujus
3264 4801 3475 4855 similit.
3498 4798 3682 4856 Fellus

434 4867 556 4948 rari,
580 4878 834 4948 oportere.
875 4873 1006 4948 falli
1044 4884 1225 4948 autem
1251 4867 1382 4948 edit,
1418 4874 1594 4948 Oxon,
1620 4878 1739 4931 sic:
1776 4878 2010 4948 Agnone-
2111 4867 2291 4948 autem
2326 4867 2533 4948 statim,
2576 4872 2843 4948 deferrent
2888 4867 2987 4943 pro
3012 4867 3383 4941 apportareut,
3408 4875 3556 4942 quod
3586 4889 3682 4926 ex-

436 4940 782 5015 runt_ab__eis
805 4944 1210 5013 mdiﬁcationem
1243 4947 1407 5000 turris
1438 4947 1721 5001 accclerari
1751 4940 2006 5015 opbrtere.
2116 4942 2306 5015 illi)?!“
2331 4955 2466 5015 9155-
2494 4940 2653 5015 ᾼηειὲ

509 5007 623 5075 (o5)
660 5008 790 5067 Mss.
815 5004 973 5084 Angl.
1001 5015 1173 5087 deest,
1198 5026 1276 5070 ut.
1314 5015 1378 5069 Et
1404 5032 1529 5071 mox
1574 5033 1673 5087 pro
1707 5004 2009 5074 attollerent
2181 5008 2292 5087 (ῖρ)
2332 5004 2464 5087 Mss.
2497 5004 2653 5087 Angl.
2675 5011 2875 5081 lapides
2904 5013 3067 5067 variis
3097 5011 3385 5067 coloribus.

434 5083 490 5129 et
510 5079 1127 5158 prwpararentiltabent
1161 5079 1441 5141 ascendere
1472 5096 1527 5142 et
1556 5079 1752 5158 dptari.
1788 5089 2009 5144 Statitu-
2334 5079 2463 5158 ἔξεδ-
2681 5079 3007 5158 αΡΡίξτιιζίοδο

433 5162 593 5225 que_:_
614 5151 683 5225 Et
706 5157 1052 5209 ascenderunt
1075 5157 1272 5211 deum,
1590 5150 1600 5158 ’
2116 5221 2165 5225 ψ
2182 5150 2466 5225 (78)_1ll_s_s.
2490 5150 2655 5225 Angl.,
2674 5150 3031 5223 porrigebant,
3046 5162 3102 5207 et
3121 5170 3248 5209 mox
3266 5154 3678 5225 transferebant.

508 5219 622 5297 (64)
662 5221 857 5281 Lamb.
906 5227 1116 5295 quidem
1158 5238 1212 5282 et
1248 5228 1523 5297 quadrati.
1572 5229 1667 5285 Sic
1712 5240 1766 5285 et
1803 5231 2003 5285 Folius.
2112 5219 2602 5297 SiéleflliQdil:
2620 5219 2798 5277 08οη-

435 5283 571 5370 yotri
598 5283 782 5370 autem
811 5283 1082 5365 sequenti,
1100 5283 1421 5370 circumcisi,
1454 5283 1891 5369 pranuittcndum
1915 5283 2007 5356 nec

1544 5283 1891 5357 [ξιῃὶὶιρῆαίηη
1915 5283 2007 5356 mia
2338 5291 2529 5370 Lamb.
2552 5310 2855 5370 quamcum
2887 5294 3154 5351 instructi.

434 5359 1005 5440 jubethcoteleriu'scx
1032 5359 1155 5440 cap.
1189 5370 1222 5422 5
1249 5378 1304 5422 et
1330 5359 1418 5423 l6.
1454 5359 1470 5369 ’
1604 5439 1609 5440 γ
2115 5359 2293 5440 ---(80)
2336 5362 2525 5440 Ιέιιιιι).
2547 5359 2596 5440 ct
2615 5364 2810 5440 similes
2827 5381 3002 5440 omnes
3018 5379 3066 5420 et
3086 5367 3442 5437 priares.Mss.
3460 5381 3684 5438 quoque

509 5432 623 5505 (65)
663 5434 852 5492 Lamb.
885 5438 997 5507 ejus
1037 5432 1441 5509 aediﬁcationem
1481 5439 1612 5493 ituri
1647 5454 1814 5498 essent
1881 5461 2006 5515 ρον·
2115 5433 2119 5445 ’

1505 5439 1612 5493 turi
1647 5454 1814 5498 essem
1881 5461 2006 5515 por-
2115 5432 2261 5515 Vict:
2281 5432 2539 5515 etICarm.
2575 5433 2805 5515 habent,
2823 5444 2872 5487 et
2900 5432 3115 5503 priores.

438 5506 568 5559 tare.
604 5502 611 5505 ’
906 5502 920 5507 ⁷
1142 5502 1153 5509 ’
1881 5502 1890 5515 ’
2178 5502 2294 5572 (8l)
2334 5503 2523 5557 Lamb.
2551 5502 2979 5570 wdiﬁcalione’m.

514 5577 629 5653 (66)
663 5575 860 5653 Lamb.
889 5596 1010 5653 cum
1044 5581 1187 5639 Fello
1226 5600 1237 5635 :
1271 5583 1450 5637 itidem
1477 5585 1702 5639 tradcrc.

2184 5574 2300 5645 (8‘2)
2341 5573 2472 5629 Mss.
2503 5573 2659 5643 Angl.
2696 5574 2880 5631 referri
2913 5579 3049 5634 unde
3071 5580 3354 5653 deportati.

509 5647 621 5713 (b7)
661 5645 792 5704 Mss.
818 5650 972 5719 Angl.
998 5652 1156 5720 primi
1180 5655 1545 5709 ascenderunt.
