4076 6142
374 260 483 318 985
1515 263 1898 319 PASTOR.-—
1923 264 2048 319 LIB.
2094 264 2179 321 Ill.
2227 264 2426 321 SlMlL.
2468 264 2562 320 IX.
3513 265 3618 327 986

1817 377 2047 433 CAPUT
2086 378 2151 433 V.

452 464 657 521 Eﬂ'ceta
685 473 770 523 est
794 473 975 521 autem
1006 456 1284 521 structura
1314 466 1407 520 illo
1429 466 1548 533 die;
1584 468 1675 523 sed
1708 468 1871 523 turris
1902 476 2284 523 consummata
2316 482 2425 521 non
2461 475 2547 522 est
2574 484 2589 533 ;
2621 465 2866 521 futurum
2916 470 3061 524 enim
3109 480 3247 537 erat,
3281 484 3339 527 ut
3376 471 3616 528 aediﬁca-

376 568 533 618 retur
567 561 719 633 (85);
754 568 1039 631 propterea
1062 558 1226 616 etiam
1257 573 1404 613 nunc
1425 568 1479 612 ct
1507 558 1755 626 quaedam
1785 558 1975 613 dilatio
2024 558 2166 613 facta
2198 567 2303 615 est.
2334 557 2402 612 Et
2447 558 2735 629 jusserunt
2766 558 2843 612 illi
2872 574 2989 625 sex,
3032 576 3126 617 eos
3147 564 3240 632 qui
3272 565 3617 622 aediﬁcabant

376 659 531 715 abire
549 667 604 714 et
623 658 785 713 veluti
810 656 1124 726 aliquandiu
1153 655 1435 726 quiescere
1471 654 1609 726 (84);
1639 655 1747 709 illis
1770 670 1899 711 vero
1922 655 2220 725 virginibus
2241 662 2632 725 praeceperunt,
2655 669 2723 708 ne
2747 669 2778 708 a
2803 656 2941 708 turri
2970 657 3312 713 discederent
3334 659 3469 729 (85):
3488 676 3616 730 pro—

375 763 562 825 pterea
585 761 766 808 autem
790 750 1115 806 videbantur
1141 749 1278 804 mihi
1302 750 1524 814 relieve,
1548 758 1608 804 ut
1644 750 1988 805 custodirent
2018 750 2209 804 turrim
2237 749 2409 803 illam.
2436 748 2734 820 Postquam
2762 760 2943 806 autem
2972 766 3336 819 recesserunt,
3360 755 3482 812 dico
3500 756 3612 828 (86)

376 845 443 899 ad
462 851 738 914 pastorem
768 841 919 896 illum
947 859 962 897 :
994 839 1200 907 Quare,
1222 841 1464 903 domine,
1494 855 1600 894 non
1639 849 1723 894 est
1752 847 1974 908 peracta
2005 838 2294 893 aediﬁcatio
2318 838 2520 894 turris?
2542 837 2659 894 Non
2684 840 2851 905 enim,
2882 842 3077 915 inquit,
3101 857 3227 903 ante
3247 850 3613 906 consummari

376 945 577 1006 potest,
605 950 771 1006 quam
811 935 992 991 veniat
1023 930 1282 989 dominus
1306 932 1451 1003 ejus,
1482 940 1538 987 et
1565 940 1900 987 structuram
1939 932 2082 986 hanc
2110 932 2333 1000 probet;
2366 940 2424 983 ut
2456 930 2500 986 si
2531 946 2672 1002 quos
2701 932 2908 1003 lapides
2935 951 3043 991 non
3089 938 3263 995 bonos
3294 941 3347 994 in
3371 957 3435 997 ea
3459 943 3612 998 inve-

379 1032 543 1100 nerit,
568 1039 885 1086 mutentur:
916 1029 984 1084 ad
1004 1028 1337 1085 voluntatem
1374 1028 1520 1083 cnim
1571 1027 1693 1096 ejus
1720 1025 2027 1081 aediﬁcatur
2051 1025 2167 1095 (87)
2205 1026 2319 1081 haec
2349 1025 2541 1080 turris.
2588 1024 2813 1094 Vellem,
2865 1028 3110 1099 inquam,
3157 1030 3404 1102 Domine,
3450 1036 3612 1105 scire,

375 1128 507 1198 quid
538 1127 805 1198 signiticet
828 1125 1113 1182 aediﬁcatio
1138 1126 1309 1182 turris
1332 1124 1519 1194 hujus,
1546 1133 1602 1179 et
1628 1124 1695 1178 de
1724 1122 1825 1177 bac
1850 1132 2029 1192 petra,
2061 1130 2115 1176 et
2139 1122 2207 1176 de
2237 1121 2337 1175 hac
2362 1130 2519 1191 porta
2545 1136 2897 1193 cognoscere,
2931 1134 2985 1181 et
3012 1126 3079 1180 de
3110 1128 3407 1196 montibus,
3454 1140 3508 1185 et
3549 1132 3616 1188 de

374 1218 703 1288 virginibus,
725 1227 778 1273 et
803 1218 869 1271 de
906 1215 1177 1285 lapidibus
1205 1214 1299 1284 qui
1336 1210 1565 1270 extracti
1588 1221 1716 1266 sunt
1742 1209 1854 1282 (88)
1880 1209 1948 1265 de
1976 1209 2273 1280 profundo,
2306 1225 2407 1265 nec
2430 1209 2743 1265 circumcisi
2775 1222 2923 1279 sunt,
2953 1215 3044 1269 sed
3069 1215 3210 1270 sicut
3231 1218 3614 1290 ascenderunt,

374 1313 454 1368 sic
475 1314 629 1369 missi
668 1320 797 1369 sunt
823 1311 935 1383 (89)
968 1312 1023 1367 in
1059 1320 1390 1366 structuram
1414 1327 1428 1375 ;
1453 1317 1508 1362 et
1527 1323 1699 1378 quare
1722 1307 1960 1377 primum
1985 1305 2194 1376 lapides
2220 1305 2406 1359 decem
2438 1305 2493 1359 in
2514 1304 2869 1363 fundamento
2889 1307 3078 1361 structi
3103 1316 3231 1361 sunt
3254 1308 3388 1378 (90),
3422 1310 3616 1366 deinde

370 1407 566 1479 viginti
605 1408 868 1477 quinque.
894 1406 1089 1461 deinde
1119 1400 1339 1469 triginta
1364 1398 1628 1468 quinque,
1683 1396 1879 1451 deinde
1905 1395 2271 1466 quadraginta
2302 1410 2316 1446 :
2349 1395 2476 1448 item
2506 1396 2573 1450 de
2604 1396 2713 1451 illis
2765 1396 3039 1467 lapidibus
3069 1397 3162 1468 qui
3213 1399 3373 1467 positi
3401 1410 3530 1454 sunt
3559 1402 3612 1455 in

371 1507 726 1560 structuram,
760 1500 1065 1566 iterumque
1092 1490 1311 1554 sublati,
1337 1499 1391 1545 et
1419 1489 1473 1542 iu
1496 1489 1676 1542 locum
1710 1502 1871 1542 suum
1902 1487 2016 1557 (91)
2048 1485 2226 1543 relati.
2258 1483 2333 1539 De
2357 1486 2610 1540 omnibus
2644 1486 2754 1551 his,
2783 1487 3024 1556 domine,
3056 1489 3387 1545 desiderium
3419 1492 3615 1547 animae

372 1607 510 1647 mea:
546 1593 780 1662 comple,
806 1600 856 1647 et
889 1588 1071 1645 omnia
1100 1585 1234 1642 mihi
1266 1585 1602 1640 demonstra.
1631 1580 1699 1636 Et
1723 1580 1862 1637 dixit
1882 1580 2017 1635 mihi
2050 1596 2063 1632 :
2101 1578 2158 1634 Si
2192 1580 2396 1636 arduus
2435 1580 2549 1651 (92)
2578 1595 2681 1634 non
2708 1579 2902 1644 fueris,
2929 1580 3114 1634 omnia
3150 1596 3442 1652 cognosces
3475 1582 3610 1653 (95),

369 1692 428 1738 et
458 1683 670 1738 videbis
705 1680 913 1751 reliqua
939 1694 1061 1751 qua:
1092 1676 1278 1733 futura
1308 1683 1437 1730 sunt
1485 1673 1612 1727 huic
1644 1672 1822 1739 turri;
1860 1676 1915 1726 et
1936 1686 2129 1726 omnes
2164 1671 2551 1727 similitudines
2582 1671 2871 1743 diligenter
2893 1688 3212 1744 cognosces.
3268 1673 3335 1729 Et
3363 1676 3613 1751 venimus

371 1793 495 1855 post
542 1784 660 1840 dies
686 1798 891 1854 paucos
922 1782 975 1834 in
1022 1773 1272 1833 eumdem
1325 1770 1532 1835 locum,
1561 1769 1651 1822 ubi
1686 1769 2024 1834 sederamus,
2057 1779 2111 1822 et
2138 1768 2276 1822 dixit
2323 1768 2500 1823 mihi:
2548 1766 2939 1825 Perveniamus
2987 1772 3054 1825 ad
3088 1772 3315 1827 turrim:
3348 1770 3612 1829 Dominus

367 1882 515 1937 enim
542 1881 662 1952 ejus
684 1888 951 1936 venturus
978 1884 1081 1941 est,
1106 1879 1166 1927 ut
1194 1868 1505 1926 consideret
1531 1881 1672 1922 eam.
1698 1864 1963 1921 Venimus
2012 1865 2178 1937 igitur
2208 1865 2357 1931 illuc,
2399 1874 2454 1920 et
2498 1867 2774 1921 neminem
2804 1867 2972 1922 alium
3009 1881 3175 1936 quam
3217 1867 3456 1938 virgines
3486 1866 3611 1924 illas

366 1975 700 2032 invenimus.
739 1974 803 2028 Et
834 1968 1189 2041 interrogavit
1234 1981 1352 2034 eas,
1383 1980 1450 2019 an
1476 1962 1740 2020 adfuisset
1788 1963 1861 2019 ibi
1917 1959 2177 2019 dominus
2206 1962 2376 2017 turris
2406 1962 2589 2019 illius?
2636 1962 2704 2019 Et
2750 1962 3171 2034 responderunt,
3200 1966 3459 2020 continuo
3485 1980 3609 2021 eum

364 2063 685 2119 adfuturum
717 2062 852 2135 (94),
882 2070 943 2117 ut
980 2056 1289 2116 consideret
1315 2063 1659 2111 structuram
1686 2054 1859 2110 illam.

1806 2174 2037 2232 CAPUT
2075 2175 2165 2233 Vl.

434 2272 569 2331 Post
603 2274 861 2345 pusillum
891 2290 1025 2329 vero
1058 2272 1219 2330 video
1252 2271 1665 2328 multitudinem
1700 2272 1946 2327 virorum
1977 2289 2229 2342 magnam
2258 2272 2587 2340 venientem,
2614 2280 2668 2329 et
2716 2272 2770 2327 in
2801 2272 2983 2329 medio
3005 2287 3195 2328 eorum
3230 2273 3302 2328 ita
3333 2274 3608 2329 excelsum

365 2367 566 2435 virum,
596 2376 657 2421 ut
682 2369 1054 2438 magnitudine
1085 2386 1181 2425 sua
1217 2370 1388 2441 ipsam
1423 2371 1617 2425 turrim
1648 2378 1961 2440 superaret;
1989 2379 2044 2425 et
2080 2370 2225 2424 circa
2252 2386 2377 2425 eum
2407 2386 2501 2425 sex
2533 2370 2655 2449 illos
2686 2384 2826 2440 quos
2856 2374 2912 2427 in
2942 2370 3309 2427 aediﬁcatione
3332 2370 3608 2440 imperare

364 2460 628 2527 videram,
660 2470 714 2516 et
749 2477 846 2516 eos
876 2478 1068 2518 omnes
1099 2465 1193 2533 qui
1242 2466 1651 2521 anliticaverunt
1708 2466 1903 2520 turrim
1938 2465 2110 2529 illam,
2159 2474 2213 2519 et
2265 2474 2529 2535 praaterca
2581 2466 2720 2521 alios
2771 2460 3123 2535 quamplures
3172 2459 3435 2528 dignitate
3492 2456 3607 2528 (95)

362 2551 677 2619 splendidos
714 2553 877 2608 viros.
910 2552 1155 2625 Virgines
1179 2576 1310 2616 vero
1340 2562 1445 2617 illa:
1461 2578 1583 2632 qua:
1608 2562 1990 2617 custodiebant
2011 2563 2207 2616 turrim
2234 2562 2402 2629 illam,
2422 2572 2777 2618 accurrerunt
2797 2572 2850 2617 et
2871 2561 3130 2618 osculata:
3156 2566 3286 2615 sunt
3312 2571 3437 2612 eum
3468 2555 3606 2627 (96),

364 2657 420 2703 et
450 2662 617 2717 prope
640 2664 765 2703 cum
806 2651 920 2721 (97)
948 2668 1240 2722 cmperunt
1273 2659 1575 2714 ambulare.
1611 2658 1703 2714 llle
1727 2669 1908 2715 autem
1944 2669 2053 2714 tam
2084 2659 2372 2729 diligenter
2421 2658 2805 2715 considerabat
2857 2663 3184 2713 structuram
3216 2652 3362 2705 illam
3395 2657 3457 2703 ut
3489 2648 3608 2703 sin-

365 2742 527 2813 gulos
550 2742 760 2814 lapides
783 2756 1146 2803 contreetaret
1169 2748 1282 2818 (98)
1305 2766 1320 2816 ;
1347 2749 1647 2819 quinetiam
1681 2750 1932 2820 singulos
1961 2750 2110 2821 virga
2134 2766 2299 2819 quam
2328 2751 2381 2804 in
2415 2751 2823 2806 manu'tenebat
2854 2748 2988 2819 (99),
3013 2746 3259 2801 lbriebat.
3308 2742 3384 2796 Ex
3407 2740 3609 2811 quibus

365 2840 597 2914 quidam
628 2860 752 2899 eum
782 2859 966 2903 essent
995 2849 1265 2918 percussi,
1312 2850 1454 2917 nigri
1487 2850 1689 2906 ﬁebant
1736 2850 1885 2905 velut
1926 2848 2126 2920 fuligo;
2158 2849 2381 2919 quidam
2413 2858 2594 2904 autem
2645 2857 2907 2917 tanquam
2956 2840 3167 2904 scabri;
3195 2836 3417 2906 quidam
3450 2831 3608 2903 quasi

374 2934 651 2991 seissuras
682 2928 978 3005 habentes;
1011 2943 1236 3011 quidam
1265 2946 1406 3000 curti
1434 2965 1448 3012 ;
1476 2948 1700 3016 quidam
1732 2962 1832 3002 nec
1863 2946 2004 3017 nigri
2054 2962 2156 3002 nec
2207 2946 2315 3002 albi
2365 2945 2513 3017 (100)
2540 2964 2555 3013 ;
2607 2944 2833 3014 quidam
2877 2937 3079 3009 asperi,
3112 2948 3212 2989 nec
3239 2946 3365 2986 cum
3395 2927 3608 2984 caneris

364 3020 637 3094 lapidibus
671 3031 1096 3101 convenientes;
1132 3038 1355 3107 quidam
1386 3039 1656 3106 plurimas
1685 3037 1927 3092 maculas
1954 3038 2236 3093 habentes.
2272 3035 2365 3092 Ha:
2384 3020 2525 3092 sunt
2552 3034 2839 3089 varietates
2870 3029 3108 3099 lapidum
3163 3025 3402 3088 illorum,
3434 3022 3528 3089 qui
3554 3020 3608 3073 in

372 3128 650 3178 structura
679 3124 769 3177 illa
803 3140 909 3179 non
944 3126 1124 3182 idonei
1150 3128 1228 3198 (l)
1255 3126 1453 3195 reperti
1488 3135 1639 3181 sunt.
1669 3126 1841 3181 Jussit
1865 3142 1961 3181 eos
1998 3122 2259 3181 dominus
2288 3142 2478 3182 omnes
2510 3126 2577 3180 de
2605 3124 2743 3179 turri
2778 3119 3001 3191 deponi,
3028 3128 3082 3172 et
3104 3117 3258 3187 juxta
3294 3129 3413 3169 eam
3444 3114 3609 3167 relin-

365 3217 493 3286 qui;
527 3226 580 3273 et
611 3220 749 3275 alios
780 3220 987 3290 lapides
1012 3223 1216 3291 all‘erri,
1248 3231 1300 3286 et
1337 3223 1458 3277 loco
1483 3238 1672 3277 eorum
1705 3222 1919 3291 reponi.
1952 3221 2017 3275 Et
2042 3223 2511 3291 interrogaverunt
2539 3236 2663 3275 eum
2698 3220 2791 3288 qui
2818 3216 3177 3279 :editieabant,
3199 3230 3264 3267 ex
3293 3226 3400 3281 quo
3424 3218 3609 3263 monte

364 3307 530 3362 vellet
556 3309 759 3374 all'erri,
793 3321 847 3365 et
873 3313 1061 3386 reponi
1091 3315 1146 3367 in
1182 3314 1361 3369 locum
1395 3315 1738 3383 ejeetorum?
1782 3313 1857 3366 De
1890 3315 2169 3368 montibus
2206 3315 2428 3384 quidem
2460 3314 2631 3367 vetuit
2665 3311 2881 3376 afferri;
2917 3308 3007 3363 scd
3059 3324 3125 3361 ex
3155 3320 3346 3372 campo
3370 3301 3606 3371 quodam

367 3395 462 3463 qui
494 3410 661 3465 prope
689 3405 828 3462 erat,
867 3397 1035 3467 jussit
1077 3400 1255 3454 atlerri
1290 3402 1387 3472 (2).
1422 3400 1701 3457 Foderunt
1729 3402 1873 3455 enim
1911 3417 2161 3472 campum
2198 3403 2372 3469 illum,
2399 3411 2452 3457 et
2502 3402 2829 3456 invenerunt
2873 3399 3080 3471 lapides
3109 3394 3438 3466 splendidos,
3470 3407 3608 3462 qua-

368 3486 595 3552 dratos;
628 3490 893 3557 quosdam
923 3506 1048 3545 vero
1084 3492 1246 3545 etiam
1276 3495 1559 3548 rotundos.
1587 3492 1912 3561 Quicunque
1930 3504 2109 3549 autem
2140 3503 2296 3549 erant
2321 3495 2374 3548 in
2403 3495 2496 3549 illo
2520 3508 2733 3562 eampo,
2769 3506 2959 3545 omnes
2984 3489 3132 3543 allati
3157 3498 3305 3549 sunt,
3327 3494 3379 3539 et
3408 3499 3499 3553 per
3528 3484 3604 3553 (5)

369 3591 585 3651 portam
620 3588 973 3655 transportati
1000 3589 1076 3658 (4)
1114 3605 1143 3643 a
1185 3589 1492 3659 virginibus
1516 3590 1627 3645 illis
1657 3608 1670 3644 ε
1711 3601 1765 3645 ct
1795 3593 1887 3661 qui
1917 3606 1983 3646 ex
2010 3592 2091 3647 eis
2133 3592 2384 3662 quadrati
2418 3598 2597 3657 erant,
2643 3586 2930 3643 deformati
2975 3585 3051 3656 (5)
3084 3591 3233 3648 sunt,
3264 3589 3319 3636 et
3357 3580 3516 3649 positi
3549 3580 3604 3633 in

308 3681 315 3686 ’
369 3674 495 3730 loco
525 3677 601 3747 (6)
624 3679 943 3748 ejectorum.
971 3685 1041 3735 At
1067 3696 1196 3735 vero
1223 3681 1318 3751 qui
1356 3682 1600 3748 rotundi,
1648 3697 1761 3735 non
1814 3691 1943 3736 sunt
1980 3682 2177 3752 adjecti
2217 3682 2270 3735 in
2318 3690 2687 3741 structuram;
2733 3674 2991 3748 quoniam
3037 3671 3161 3725 duri
3211 3678 3369 3723 erant
3403 3668 3502 3739 (7),
3551 3676 3607 3722 et

371 3769 593 3840 longum
616 3787 738 3827 esse
759 3774 1041 3829 videbatur
1070 3773 1465 3830 circumcidere
1488 3788 1615 3828 eos:
1650 3774 1742 3827 sed
1767 3774 1925 3843 positi
1956 3784 2084 3828 sunt
2116 3774 2262 3828 circa
2288 3772 2503 3839 turrim,
2530 3781 2789 3841 tanquam
2815 3768 3059 3826 futurum
3085 3778 3249 3837 esset,
3289 3776 3349 3822 ut
3370 3766 3605 3821 circum-

370 3863 708 3932 ciderentur,
740 3875 793 3921 et
822 3866 878 3921 in
908 3876 1239 3924 structuram
1266 3866 1609 3922 mitterentur
1639 3865 1753 3936 (8);
1791 3865 1945 3921 valde
1967 3866 2110 3920 enim
2141 3864 2407 3936 splendidi
2437 3873 2614 3920 erant.

1783 3984 2012 4042 CAPUT
2057 3984 2164 4041 Vll.

444 4068 569 4126 llaec
592 4086 718 4127 cum
748 4073 969 4130 vidisset
992 4076 1076 4129 vir
1104 4076 1193 4131 ille
1218 4076 1481 4147 dignitate
1509 4076 1586 4150 (9)
1616 4077 1942 4147 praecipuus,
1974 4086 2029 4132 et
2081 4074 2337 4130 dominus
2365 4076 2533 4131 totius
2565 4074 2757 4142 turris,
2790 4074 3007 4131 vocavit
3038 4077 3180 4129 hunc
3204 4082 3476 4145 pastorem
3505 4091 3519 4140 ;
3550 4081 3605 4128 et

368 4162 594 4219 tradidit
623 4164 672 4219 ei
696 4164 903 4234 lapides
933 4167 1024 4236 qui
1055 4168 1324 4237 reprobati
1340 4176 1517 4233 erant,
1546 4176 1598 4222 et
1619 4167 1779 4236 positi
1802 4166 1945 4221 circa
1977 4166 2204 4233 turrim;
2233 4175 2287 4221 et
2310 4166 2386 4220 ait
2416 4166 2482 4219 ad
2508 4165 2657 4219 illum
2687 4181 2700 4216 :
2728 4164 3066 4221 Communda
3092 4166 3376 4236 diligenter
3401 4165 3605 4234 lapides

371 4252 499 4323 hos,
527 4264 582 4310 et
607 4266 732 4326 apta
766 4258 819 4311 in
845 4265 1172 4318 structuram
1205 4264 1318 4334 (10)
1353 4264 1544 4328 turris,
1578 4272 1637 4316 ut
1661 4278 1786 4317 cum
1820 4262 2029 4317 caneris
2062 4262 2274 4333 possint
2317 4263 2641 4327 convenire;
2668 4276 2763 4316 eos
2790 4272 2969 4319 autem
3001 4262 3093 4333 qui
3120 4278 3228 4317 non
3251 4261 3600 4327 conveniunt,

1455 4374 1690 4437 VARUE
1732 4375 2118 4432 LECTIONES
2156 4375 2246 4430 ET
2284 4375 2516 4432 NOTAE.

600 4493 794 4571 Lamb.
829 4493 929 4571 fuit
954 4510 971 4549 :
1000 4493 1237 4571 futuram
1266 4494 1427 4571 enim,
1457 4505 1515 4571 ut
1544 4494 1879 4571 mdiﬁcetur.‘
1907 4564 1917 4571 ι
2268 4491 2397 4571 Mss.
2426 4492 2582 4571 tingi.
2609 4492 2898 4571 venturum.
2929 4490 3115 4571 Lamb.
3143 4489 3266 4571 add.
3298 4502 3428 4541 esse.

448 4563 559 4635 (84)
602 4565 727 4635 Mss.
751 4563 905 4633 Angl.
931 4564 1163 4617 recedere
1183 4574 1230 4618 et
1254 4566 1411 4619 velati
1427 4566 1689 4634 quiescere
1712 4564 1938 4635 aliquid.
2118 4563 2232 4635 (95)
2270 4563 2593 4635 μεδηΑηει.
2627 4564 2937 4633 dignitosos,
2966 4570 3024 4635 ut
3060 4563 3283 4635 passim.

451 4634 561 4703 (85)
602 4634 792 4687 Lamb.
826 4631 1133 4687 recederent.
1439 4631 1447 4634 ’
1801 4631 1811 4635 ⁷
2116 4631 2228 4703 (96)
2270 4633 2460 4703 Lamb.
2484 4631 2824 4687 accurrerunt
2848 4631 3077 4685 osculari
3100 4646 3237 4683 eum.

473 4702 560 4774 sti)
602 4704 791 4774 Lamb.
818 4720 992 4757 omnes
1016 4712 1354 4770 recesserunt,
1378 4705 1513 4760 dixi.
2116 4704 2227 4774 (97)
2264 4702 2455 4757 Lamb.
2480 4703 2631 4759 deest
2658 4722 2797 4760 eam.

474 4708 560 4769 sti)
602 4708 791 4757 Lamb.
818 4720 992 4757 omnes
1016 4712 1354 4770 recesserunt,
1378 4708 1513 4760 dixi.
2138 4708 2227 4774 97)
2264 4708 2455 4757 Lamb.
2480 4708 2631 4759 deest
2658 4722 2797 4760 eam.

474 4773 563 4842 8'7)
604 4773 680 4827 Ita
710 4773 888 4828 Fellus
910 4773 963 4828 in
986 4774 1119 4829 edit.
1145 4774 1323 4828 Oxon.
1356 4790 1421 4829 ex
1453 4774 1644 4831 Lamb.
1689 4775 1773 4830 Al.
1809 4775 1947 4829 aedi-
2115 4708 2231 4911 (98)
2268 4774 2398 4829 Mss.
2430 4773 2589 4843 Angl.
2614 4783 2986 4845 pertractaret.

474 4842 656 4911 rbatur.
2117 4845 2208 4911 (99
2272 4842 2460 4897 Lamb.
2494 4861 2652 4898 manu
2687 4845 2912 4911 gerebat.

375 4845 656 4915 ﬁcabatur.
2140 4845 2231 4911 99)
2272 4845 2460 4897 Lamb.
2494 4861 2652 4898 manu
2687 4845 2912 4915 gerebat.

450 4910 563 4982 (88)
601 4912 733 5010 Mss.
762 4912 919 4983 Angl.
956 4914 1322 4997 ascenderunt,
1354 4922 1413 4968 ut
1443 4929 1583 4983 smpe
1606 4915 1763 4971 alias.
2116 4853 2263 5037 (10οζ
2305 4914 2495 4968 Lamb.
2530 4915 2728 4996 desunt
2777 4914 3083 4984 quidam....
3115 4910 3243 4964 albi.

449 4978 562 5037 (r9)
602 4985 729 5037 Mss.
755 4986 911 5037 Anal.
951 4993 1141 5037 terunt.
2116 4985 2195 5037 11)
2262 4984 2364 5037 lss.
2396 4984 2553 5037 Anal.
2590 4986 2730 5037 bom.

449 4978 562 5053 (s9)
602 4985 729 5039 Mss.
755 4978 911 5055 Aug].
951 4987 1141 5038 ierant.
1309 4978 1316 4980 ⁷
1521 4978 1535 4983 ’
2116 4978 2195 5055 (1)
2235 4978 2364 5039 Mss.
2396 4984 2553 5055 Angl.
2590 4986 2730 5039 boni.

452 5055 569 5122 I90)
608 5055 707 5125 Ms.
763 5053 902 5110 Vict.
960 5054 1318 5124 fundamentis
1376 5066 1686 5111 structurw.
1742 5056 1936 5113 Lamb.
2116 5053 2193 5125 (2)
2234 5054 2363 5109 Mss.
2396 5053 2554 5123 Angl.
2583 5056 2875 5125 apportari.

376 5124 808 5197 quoque_habet,
846 5122 1222 5195 fundamentis.
2060 5194 2077 5197 _
2118 5122 2194 5194 (3)
2238 5125 2428 5197 Lamb.
2479 5122 2797 5197 illati'sunt
2845 5140 2955 5197 per.
3012 5122 3144 5179 Felli
3202 5129 3384 5177 auten
3438 5122 3604 5179 editio

450 5197 563 5262 (91)
604 5193 794 5249 Lamb.
818 5193 930 5249 loco
961 5212 1075 5249 suo.
2045 5194 2222 5251 Oxon.
2250 5196 2435 5249 ablati.
2463 5194 2545 5249 An
2571 5195 2868 5249 mendose?

451 5266 563 5333 {92)
602 5264 677 5336 l_ta
703 5281 835 5336 mss.
869 5263 1196 5336 Angl.,Viet.
1225 5274 1278 5320 ct
1303 5264 1687 5336 Carm.gEditi,
1726 5270 1935 5323 tardas.
2117 5267 2193 5336 (4)
2234 5265 2424 5336 Lamb.
2460 5266 2730 5336 translati.

449 5338 567 5407 (95)
607 5334 681 5388 lta
713 5334 904 5407 Lamb.
938 5333 1012 5388 Ita
1050 5344 1105 5390 ct
1146 5333 1277 5389 Felli
1304 5336 1433 5391 edit.
1480 5335 1656 5392 Oxon.
1710 5339 1793 5393 Al.
1839 5356 1944 5393 non
2117 5333 2194 5405 (5)
2236 5336 2310 5407 Ita
2332 5334 2525 5407 Lamb.
2556 5336 2720 5407 Editi,
2755 5334 3133 5407 formati.Vide
3162 5334 3445 5407 infranot.
3476 5334 3566 5389 50.

379 5404 999 5477 ctjnosces.__0mittunt
1053 5420 1272 5477 quoque
1325 5424 1448 5472 non,
1506 5424 1639 5462 mss.
1693 5407 1829 5463 Vict.
1890 5419 1945 5463 ct
2117 5408 2192 5477 (αἱ)
2236 5405 2328 5477 Sic
2350 5405 2539 5477 Lamb.
2570 5414 2623 5477 et
2652 5404 2780 5459 Felli
2806 5407 2936 5461 edit.
2960 5406 3141 5461 Oxon.
3182 5407 3262 5461 Al.
3303 5406 3497 5461 locum.

380 5474 566 5531 carm.
599 5475 666 5529 At
690 5474 830 5530 Vict.
861 5476 940 5530 sic
967 5492 979 5528 :
1010 5474 1193 5528 omnia
1231 5479 1533 5545 cognoscis;
1558 5488 1672 5546 post
1714 5479 1938 5534 videbis.
2119 5474 2195 5546 (7)
2235 5475 2427 5546 Lamb.
2465 5485 2513 5528 et
2543 5476 2733 5528 durant
2760 5486 2899 5545 erat,
2930 5489 2976 5532 et
3003 5479 3215 5532 tardum
3251 5493 3382 5532 esse.

381 5549 563 5601 (Zarm.
599 5559 759 5613 vero;
784 5560 1167 5615 0.7cognosces;
1194 5562 1247 5615 ρ.
1279 5563 1325 5601 υ.
1351 5547 1501 5613 Quas
1534 5545 1665 5602 mss.
1686 5550 1943 5604 lectiones
2116 5549 2194 5615 (8)
2234 5547 2366 5615 Mss.
2398 5545 2553 5612 Angl.
2586 5546 2743 5601 irent.

383 5617 627 5671 Clericus
657 5614 897 5672 invertit.
925 5614 1108 5686 Neque
1126 5614 1283 5673 aliter
1307 5615 1612 5675 Russclius.
1647 5618 1813 5675 Recte
1840 5618 1943 5672 Fa-
2118 5614 2196 5685 (9)
2233 5614 2361 5670 Mss.
2392 5614 2548 5684 Angl.
2573 5616 2885 5685 dignitosus,

385 5686 605 5743 bricius.
971 5764 981 5771 _
2121 5686 2232 5757 (10)
2274 5686 2463 5740 Lamb.
2492 5702 2622 5757 pone
2656 5691 2707 5742 in
2737 5698 3025 5743 structura.
