3944 6146
501 252 602 309 987
1935 249 1992 304 S.
2035 249 2302 307 HERME
3651 260 3762 316 933

502 368 666 439 longe
692 383 721 422 a
752 367 890 422 turri
936 365 1221 437 projicles.
1271 363 1399 422 Haec
1445 380 1569 421 cum
1599 365 1950 438 praecepisset
1991 367 2064 430 ei,
2110 383 2235 421 cum
2268 366 2528 423 omnibus
2558 382 2682 421 cum
2729 368 2931 438 quibus
2976 377 3201 424 venerat
3225 367 3292 424 ad
3321 369 3543 438 turrim,
3570 371 3713 428 abiit
3740 387 3757 423 :

502 459 746 530 virgines
785 467 966 514 autem
992 459 1098 513 illa:
1139 464 1409 515 steterunt
1438 457 1585 512 circa
1625 457 2234 523 turrim,custodientes
2260 472 2407 512 eam.
2443 455 2510 510 Et
2537 457 2648 512 dixi
2680 458 2747 512 ad
2772 466 3046 528 pastorem
3073 459 3225 514 illum
3258 478 3273 514 :
3302 457 3563 525 Quonam
3594 461 3766 516 modo

502 560 737 623 possunt
763 552 972 623 lapides
1002 552 1056 606 hi
1085 551 1140 604 in
1173 557 1509 604 structuram
1543 545 1708 616 hujus
1739 549 1928 614 turris,
1958 564 2083 604 cum
2107 547 2384 618 reprobati
2411 548 2543 615 sint,
2581 548 2799 604 redire?
2824 549 2890 603 Et
2919 550 3058 606 dixit
3096 551 3231 605 mihi
3258 569 3271 606 :
3302 550 3416 622 Ego
3443 552 3517 607 de
3557 552 3766 623 lapidi-

500 644 606 701 bus
638 646 758 701 istis
784 645 1051 715 majorem
1083 651 1292 712 partem
1323 641 1714 696 circumcidam
1740 649 1792 694 et
1821 639 2076 708 adjiciam
2127 639 2182 693 in
2231 646 2593 705 structuram,
2622 646 2676 692 et
2703 639 3027 695 convenient
3054 657 3178 697 eum
3214 645 3446 699 caeteris.
3486 644 3557 698 Et
3595 645 3717 698 dixi
3747 662 3762 697 :

500 737 623 802 Quo
651 739 833 804 modo,
859 737 1103 799 domine,
1128 745 1360 805 possunt
1388 735 1701 791 circumcisi
1733 734 1990 789 eumdem
2022 735 2202 790 locum
2234 734 2461 803 implere
2489 733 2646 803 (it)?
2679 732 3024 804 Quicunque,
3049 736 3248 807 inquit,
3274 739 3521 794 minores
3551 739 3765 794 inventi

499 825 724 909 fuerint,
757 829 813 882 in
836 828 1070 882 mediam
1096 835 1430 881 structuram
1458 826 1618 880 ibunt
1649 825 1794 894 (l2);
1825 826 2063 895 majores
2093 841 2225 880 vero
2253 825 2321 880 de
2372 824 2507 880 foris
2537 834 2832 894 ponentur,
2859 835 2913 880 ct
2933 829 3291 884 continebunt
3319 846 3432 886 eos.
3467 827 3608 886 Hac
3637 847 3765 887 cum

505 923 734 978 dixisset
764 921 897 976 mihi
929 921 1193 989 :Eamus,
1224 922 1422 992 inquit,
1448 932 1502 976 et
1528 933 1652 992 post
1683 922 1928 976 triduum
1985 932 2364 990 revertamur;
2414 931 2472 977 et
2522 923 2851 978 emundatos
2907 924 3010 978 hos
3057 925 3266 995 lapides
3312 927 3367 981 in
3409 936 3767 983 structuram

505 1020 785 1089 adjiciam.
827 1017 902 1072 Ea
931 1019 1076 1072 enim
1110 1033 1235 1087 qua:
1256 1028 1387 1074 sunt
1416 1020 1565 1073 circa
1595 1028 1814 1084 turrim,
1845 1018 2222 1073 commundari
2247 1018 2446 1073 debent
2472 1019 2692 1084 omnia;
2727 1033 2794 1073 ne
2827 1018 2966 1074 forte
3009 1019 3191 1074 subito
3232 1019 3646 1090 paterfamilias
3676 1037 3769 1076 su-

499 1116 804 1185 perveniat,
835 1125 888 1171 et
915 1115 1201 1170 immunda
1232 1130 1297 1171 ea
1325 1129 1449 1186 quae
1471 1116 1616 1170 circa
1651 1117 1847 1169 turrim
1880 1124 2029 1180 sunt,
2060 1099 2321 1182 inveniat,
2344 1123 2398 1170 et
2427 1113 2504 1169 ita
2532 1123 2857 1185 aspernetur
2883 1114 3030 1185 (i5);
3055 1123 3110 1170 et
3153 1114 3208 1169 hi
3253 1115 3456 1186 lapides
3483 1131 3607 1170 non
3633 1117 3766 1169 mit-

497 1218 683 1265 tantur
711 1210 822 1282 (M)
847 1211 901 1266 in
937 1219 1274 1267 structuram
1299 1212 1468 1266 turris
1493 1211 1679 1282 hujus,
1711 1221 1766 1266 et
1794 1227 1896 1281 ego
1925 1211 2204 1282 negligens
2224 1211 2619 1282 paterfamilias
2647 1212 2762 1284 (15)
2808 1213 2996 1266 videar
3027 1227 3170 1268 esse.
3199 1211 3331 1269 Post
3357 1213 3616 1267 triduum
3645 1213 3764 1283 (16)

495 1314 678 1361 autem
705 1323 830 1362 cum
865 1308 1208 1364 venissemus
1233 1308 1299 1363 ad
1328 1309 1578 1364 eamdem
1612 1309 1833 1375 turrim,
1864 1309 1942 1363 ait
1965 1309 2098 1362 mihi
2130 1324 2143 1360 :
2174 1309 2606 1365 Consideremus
2645 1310 2749 1365 hos
2783 1309 2990 1380 lapides
3016 1323 3232 1376 omnes,
3259 1316 3316 1364 et
3336 1309 3637 1364 videamus
3665 1311 3765 1379 qui

491 1417 558 1457 ex
589 1404 670 1460 eis
690 1413 921 1474 possunt
947 1403 1004 1460 in
1037 1413 1370 1461 structuram
1401 1405 1483 1460 ire
1512 1403 1559 1474 (l
1574 1404 1648 1474 7).
1679 1402 1815 1459 Dico
1838 1404 1886 1459 ei
1918 1418 1934 1458 :
1964 1402 2410 1482 Consideremus,
2436 1389 2675 1461 domine.

1901 1515 2130 1571 CAPUT
2172 1514 2303 1571 Vlll.

559 1612 802 1668 Primum
833 1615 1078 1670 omnium
1110 1615 1380 1684 carpimus
1405 1614 1754 1671 considerare
1782 1629 1877 1671 eos
1907 1614 1999 1684 qui
2043 1613 2185 1683 nigri
2217 1611 2453 1668 fuerant.
2495 1611 2697 1680 Quales
2726 1612 2873 1666 enim
2901 1627 2930 1666 a
2949 1616 3226 1665 structura
3240 1607 3476 1678 depositi
3509 1606 3762 1670 fuerant,

490 1710 625 1765 tales
652 1721 781 1766 sunt
812 1712 1029 1782 reperti.
1060 1711 1232 1767 Jussit
1257 1726 1352 1766 eos
1375 1727 1404 1765 a
1436 1711 1575 1766 turri
1608 1712 1836 1774 moveri,
1870 1719 1924 1763 et
1953 1724 2200 1764 seorsum
2228 1711 2414 1779 reponi
2449 1708 2582 1780 (l8).
2613 1707 2817 1763 Deinde
2840 1706 3210 1764 consideravit
3238 1721 3334 1761 eos
3359 1705 3458 1775 qui
3502 1704 3756 1760 scabrosi

488 1808 742 1865 fuerant:
777 1820 830 1864 et
856 1810 1056 1866 multos
1087 1825 1153 1865 ex
1184 1810 1264 1866 eis
1294 1809 1611 1864 circumcidi
1635 1809 1836 1878 jussit,
1870 1815 1926 1862 et
1954 1823 2051 1877 per
2083 1807 2319 1878 virgines
2363 1823 2459 1863 eos
2499 1809 2553 1861 in
2585 1817 2915 1862 structuram
2949 1809 3119 1862 turris
3155 1805 3333 1876 aptari
3364 1823 3376 1858 :
3417 1804 3530 1857 illa:
3573 1811 3756 1856 autem

489 1904 738 1959 sublatos
768 1918 862 1958 eos
894 1911 1219 1974 aptaverunt
1264 1900 1319 1954 in
1357 1899 1535 1954 media
1577 1907 1875 1953 structura.
1924 1896 2183 1966 Reliquos
2236 1909 2415 1953 autem
2445 1898 2612 1968 jussit
2642 1915 2766 1953 cum
2815 1899 2925 1954 illis
2973 1900 3144 1971 nigris
3187 1897 3416 1968 reponi;
3451 1911 3589 1949 nam
3622 1903 3679 1948 et
3708 1893 3755 1946 hi

485 2008 781 2055 evaserunt
816 1999 976 2070 nigri.
1005 1998 1212 2053 Deinde
1238 1995 1622 2052 considerabat
1643 2010 1740 2050 eos
1764 1994 1858 2063 qui
1895 1995 2169 2049 scissuras
2198 1994 2506 2050 habebant:
2539 2005 2594 2049 et
2628 2010 2694 2050 ex
2737 1995 2846 2051 illis
2884 1995 3086 2050 multos
3131 1989 3454 2047 circumcidi
3480 1987 3682 2058 jussit,
3709 1992 3757 2039 et

486 2108 583 2162 per
614 2093 733 2148 illas
764 2093 1002 2164 virgines
1031 2093 1191 2162 adjici
1216 2094 1268 2149 in
1303 2101 1657 2149 structuram.
1696 2087 1761 2143 Hi
1793 2089 1860 2145 de
1883 2089 2016 2145 foris
2039 2089 2202 2160 positi
2228 2099 2375 2157 sunt,
2405 2090 2668 2161 quoniam
2701 2090 2815 2161 (l9)
2859 2089 3055 2160 integri
3094 2086 3297 2142 inventi
3340 2093 3474 2138 sunt
3505 2101 3520 2134 :
3557 2083 3755 2150 reliqui

486 2197 665 2242 autem
693 2193 913 2256 propter
939 2186 1339 2242 multiluJinem
1370 2185 1738 2240 scissurarum
1769 2197 1878 2238 non
1908 2191 2204 2253 potuerunt
2235 2180 2512 2236 afformari
2540 2181 2676 2253 (20),
2708 2190 2999 2251 propterea
3044 2179 3272 2252 projecti
3317 2185 3448 2233 sunt
3475 2175 3554 2229 ab
3586 2175 3754 2229 editi-

486 2280 706 2334 catione
745 2280 934 2334 turris.
971 2278 1179 2335 Deinde
1216 2278 1600 2336 considerabat
1626 2291 1720 2332 eos
1758 2276 1853 2348 qui
1879 2280 2020 2332 curti
2049 2274 2177 2332 facti
2203 2285 2358 2331 erant
2388 2294 2402 2331 :
2441 2277 2595 2331 multi
2642 2291 2710 2330 ex
2748 2276 2857 2331 illis
2883 2276 3158 2332 scissuras
3189 2273 3492 2339 habebant,
3527 2280 3585 2327 et
3619 2274 3753 2342 nigri

482 2379 802 2448 evaserant;
836 2379 928 2435 alii
951 2395 1082 2436 vero
1105 2381 1375 2436 scissuras
1403 2393 1631 2450 magnas
1656 2377 1948 2445 habebant,
1983 2392 2124 2447 quos
2161 2376 2328 2446 jussit
2356 2374 2557 2446 apponi
2581 2390 2706 2429 cum
2740 2374 2849 2428 illis
2882 2373 2996 2444 (2|)
3029 2371 3125 2441 qui
3166 2368 3352 2439 rejecti
3379 2376 3553 2422 erant
3581 2382 3598 2419 :
3632 2367 3754 2419 reli-

482 2487 622 2540 quos
646 2481 824 2527 autem
854 2475 1270 2530 commundatos
1295 2485 1351 2530 et
1376 2475 1691 2529 afformatos
1728 2472 1889 2543 adjici
1923 2473 2090 2543 jussit
2119 2472 2174 2527 in
2206 2481 2537 2529 structuram
2561 2513 2576 2536 ,
2610 2485 2752 2540 quos
2782 2467 3029 2525 sublatos
3059 2467 3299 2538 virgines
3345 2464 3454 2518 illa:
3484 2464 3544 2518 in
3578 2463 3751 2517 media

483 2569 758 2616 structura
787 2572 1147 2632 aptaverunt;
1180 2564 1512 2620 infirmiores
1539 2564 1686 2619 enim
1709 2574 1885 2618 erant.
1912 2563 2116 2619 Deinde
2146 2564 2530 2620 considerabat
2572 2577 2702 2629 eos,
2732 2561 2828 2631 qui
2859 2559 3066 2616 dimidii
3101 2557 3320 2628 quidem
3349 2554 3460 2609 albi
3485 2595 3504 2619 ,
3540 2554 3750 2609 dimidii

482 2659 661 2704 autem
695 2652 834 2720 nigri
866 2652 1082 2709 fuerant
1111 2657 1339 2725 reperti;
1373 2664 1426 2710 et
1447 2656 1604 2711 multi
1632 2672 1698 2711 ex
1723 2655 1832 2711 illis
1868 2656 2008 2726 nigri
2041 2655 2247 2710 inventi
2281 2664 2411 2710 sunt
2487 2654 2657 2724 jussit
2690 2661 2744 2708 et
2785 2653 2888 2708 hos
2916 2649 3202 2708 transferri
3235 2649 3300 2703 ad
3331 2648 3459 2703 illos
3487 2649 3591 2718 qui
3619 2649 3751 2716 rejeo

482 2745 554 2796 cti
579 2753 756 2797 erant.
791 2744 1006 2818 lteliqui
1029 2765 1159 2804 vero
1196 2749 1294 2803 toti
1318 2732 1534 2804 candidi
1565 2750 1769 2806 inventi
1798 2759 1928 2806 sunt
1960 2769 1974 2803 :
2011 2757 2066 2803 et
2095 2749 2150 2803 hi
2174 2747 2373 2803 sublati
2400 2755 2530 2803 sunt
2567 2761 2598 2800 a
2634 2745 2963 2817 virginibus,
2995 2752 3050 2799 et
3077 2739 3244 2812 aptati
3272 2740 3326 2793 in
3349 2739 3558 2794 eadem
3588 2740 3744 2802 turri;

480 2833 780 2892 exteriores
809 2846 989 2893 autem
1015 2841 1176 2909 positi
1204 2845 1446 2915 suntqui
1474 2845 1586 2913 (22)
1615 2845 1807 2917 integri
1833 2846 2038 2902 inventi
2075 2853 2235 2910 sunt,
2268 2845 2340 2899 ita
2372 2853 2433 2899 ut
2470 2851 2695 2914 possent
2721 2841 2999 2898 continere
3025 2853 3122 2894 eos
3157 2839 3250 2908 qui
3300 2837 3354 2890 in
3387 2836 3582 2890 medio
3611 2851 3745 2891 coa-

483 2931 678 2988 structi
704 2941 888 3000 erant;
941 2935 1076 2988 nihil
1107 2937 1250 2991 enim
1295 2939 1376 2995 eis
1420 2939 1533 3009 (25)
1574 2941 1808 2996 recisum
1861 2949 1963 2998 est.
2011 2939 2213 2996 Deinde
2240 2939 2616 2996 considerabat
2639 2954 2735 2995 eos
2775 2938 2869 3008 qui
2911 2936 3033 2991 duri
3063 2942 3116 2990 et
3145 2932 3324 3002 asperi
3345 2930 3587 2987 fuerunt
3614 2931 3746 2999 (25);

482 3022 644 3091 pauci
671 3039 734 3078 ex
766 3024 852 3080 his
879 3026 1073 3096 adjecti
1105 3031 1218 3102 (25)
1253 3043 1401 3103 sunt,
1449 3036 1707 3105 quoniam
1751 3052 1858 3091 non
1900 3045 2150 3107 poterant
2179 3035 2536 3102 circumcidi;
2571 3035 2727 3090 valde
2756 3034 2901 3089 enim
2946 3032 3071 3088 duri
3104 3028 3304 3100 reperti
3332 3037 3466 3083 sunt
3493 3047 3512 3083 :
3549 3027 3745 3098 reliqui

481 3124 660 3168 autem
695 3114 912 3172 formati
942 3119 1054 3190 (26)
1082 3132 1228 3190 sunt,
1261 3134 1314 3181 et
1340 3127 1396 3180 in
1429 3127 1604 3182 media
1629 3135 1906 3183 structura
1934 3143 1964 3183 a
1992 3128 2298 3199 virginibus
2330 3125 2534 3198 aptati;
2567 3127 2902 3181 infirmiores
2929 3125 3076 3179 enim
3105 3131 3281 3178 erant.
3317 3121 3536 3175 Deinde
3563 3121 3749 3176 consi-

480 3210 710 3267 derabat
736 3213 858 3270 illos
879 3217 975 3286 qui
1009 3220 1253 3274 maculas
1281 3219 1591 3289 habebant;
1622 3229 1676 3276 et
1701 3237 1767 3276 ex
1807 3223 1888 3277 eis
1915 3223 2076 3292 pauci
2114 3221 2315 3292 reperti
2344 3230 2474 3277 sunt
2507 3221 2670 3292 nigri,
2697 3229 2751 3276 et
2778 3219 2835 3274 hi
2877 3220 2944 3274 ad
2971 3228 3200 3274 caeteros
3221 3216 3419 3286 adjecti
3454 3225 3620 3270 sunt.
3648 3216 3747 3282 Qui

478 3320 610 3359 vero
637 3307 1040 3378 superfuerant,
1069 3314 1283 3368 candidi
1311 3324 1366 3370 et
1388 3315 1584 3388 integri
1608 3317 1813 3373 inventi
1847 3327 2007 3386 sunt;
2039 3327 2093 3373 et
2115 3317 2172 3372 bi
2208 3335 2239 3373 a
2277 3317 2582 3390 virginibus
2607 3317 2663 3372 in
2689 3323 3022 3372 structuram
3050 3313 3219 3385 aptati
3241 3323 3390 3373 sunt.
3421 3319 3479 3364 et
3507 3310 3588 3365 de
3613 3309 3747 3365 foris

479 3397 665 3466 positi,
701 3408 924 3470 propter
947 3399 1318 3462 fortitudinem
1343 3424 1521 3464 suam.

1924 3476 2155 3536 CAPUT
2193 3478 2286 3534 IX.

554 3557 713 3616 Venit
740 3561 956 3632 deinde,
995 3577 1054 3622 ut
1082 3570 1460 3627 consideraret
1487 3573 1602 3645 (27)
1631 3588 1728 3630 eos
1757 3574 1985 3645 lapides,
2017 3575 2112 3644 qui
2137 3573 2352 3630 candidi
2379 3581 2434 3629 et
2455 3574 2672 3630 rotundi
2695 3583 2888 3642 erant;
2915 3582 2969 3628 et
2993 3572 3070 3626 ait
3091 3571 3224 3626 mihi
3253 3590 3268 3626 :
3299 3569 3441 3637 Quid
3469 3569 3742 3626 faciemus

479 3652 548 3708 de
574 3651 659 3708 his
695 3655 1002 3724 lapidibus?
1029 3657 1096 3712 Et
1117 3675 1218 3729 ego
1245 3662 1358 3717 dixi
1389 3681 1404 3718 :
1445 3663 1695 3733 Domine,
1729 3665 1937 3720 nescio.
1971 3663 2117 3719 Nihil
2143 3680 2292 3736 ergo,
2317 3665 2512 3733 inquit,
2535 3667 2811 3738 excogitas
2835 3667 2904 3722 de
2930 3667 3057 3722 his?
3085 3665 3217 3735 Ego,
3249 3665 3482 3735 inquam
3507 3705 3524 3730 ,
3566 3677 3740 3720 artem

480 3745 641 3814 hanc,
679 3745 917 3816 domine,
946 3766 1053 3805 non
1081 3751 1227 3815 novi,
1257 3766 1358 3806 nec
1382 3751 1679 3822 lapidarius
1719 3769 1863 3822 sum,
1904 3768 2003 3808 nec
2047 3768 2272 3825 possum
2308 3755 2610 3825 intelligere
2651 3757 2970 3826 quidquam.
3003 3754 3070 3810 Et
3106 3755 3285 3810 dixit:
3313 3753 3431 3808 Non
3463 3756 3628 3811 vides
3650 3772 3740 3812 eos

479 3836 635 3890 valde
663 3842 930 3896 rotundos
957 3845 1108 3898 esse?
1129 3843 1286 3911 Quod
1314 3846 1361 3901 si
1396 3848 1622 3904 voluero
1647 3864 1742 3905 eos
1771 3849 2070 3919 quadratos
2094 3850 2371 3920 redigere,
2399 3851 2697 3919 plurimum
2735 3853 2868 3907 mihi
2893 3868 2955 3907 ex
2991 3851 3077 3906 his
3103 3851 3465 3906 recidendum
3492 3863 3614 3919 est;
3646 3855 3740 3910 sed

481 3941 705 3983 necesse
733 3939 814 3984 est
840 3931 1056 4002 aliquos
1079 3949 1141 3989 ex
1171 3935 1259 3991 his
1286 3936 1340 3990 in
1367 3947 1698 3994 structuram
1733 3941 1900 3996 turris
1932 3940 2165 3996 transire
2187 3941 2324 4012 (28).
2442 3942 2556 3997 dixi
2586 3961 2600 3998 :
2631 3943 2689 3998 Si
2715 3959 2937 4000 necesse
2960 3955 3067 4013 est,
3097 3946 3226 4016 quid
3252 3947 3419 4018 igitur
3449 3957 3508 4004 te
3554 3950 3740 4020 impli-

481 4037 575 4076 cas
599 4023 736 4117 (29),
767 4036 822 4080 et
843 4043 952 4082 non
974 4030 1152 4099 eligis,
1183 4035 1230 4089 si
1255 4050 1397 4104 quos
1429 4036 1598 4091 habes
1631 4037 1859 4105 eligere,
1887 4049 1942 4093 et
1960 4049 2113 4108 aptas
2143 4039 2198 4092 in
2233 4047 2567 4094 structuram
2605 4041 2790 4095 illam?
2828 4041 2894 4097 Et
2929 4043 3095 4117 elegit
3119 4061 3260 4114 quos
3290 4046 3426 4100 vidit
3455 4047 3742 4106 maximos

479 4123 534 4168 et
555 4116 1048 4188 splendidissimos,
1073 4132 1128 4178 et
1147 4125 1586 4197 atformavit(50)
1603 4143 1718 4196 eos,
1736 4145 1876 4199 quos
1901 4131 2145 4185 sublatos
2172 4130 2408 4200 virgines
2441 4131 2547 4186 illa:
2573 4132 2628 4186 in
2661 4116 3294 4207 exterioribuspartibus
3321 4149 3625 4196 structura:
3645 4157 3743 4212 po-

479 4222 731 4268 suerunt.
767 4213 980 4286 Reliqui
1002 4234 1132 4275 vero
1157 4221 1250 4291 qui
1276 4221 1684 4291 superfuerunt,
1712 4225 1934 4294 repositi
1964 4235 2092 4281 sunt
2112 4225 2168 4279 in
2197 4225 2449 4280 eumdem
2476 4241 2732 4298 campum
2757 4229 2870 4296 (51)
2903 4238 3047 4288 unde
3073 4235 3276 4304 sumpti
3305 4243 3500 4303 erant;
3535 4238 3739 4307 abiecti

1567 4339 1800 4395 VARUE
1838 4340 2221 4397 LECTIONES
2257 4340 2346 4396 ET
2385 4342 2616 4398 NOTAE.

547 4421 666 4560 ()
689 4422 821 4479 Mss.
851 4426 1009 4498 Angl.
1035 4428 1258 4498 explere.
1535 4503 1547 4515 _
1799 4505 1809 4516 .
2223 4435 2337 4560 (24)
2365 4433 2552 4489 Lamb.
2594 4436 2824 4520 fueram.

551 4493 643 4560 (12
699 4493 776 4549 lla
794 4511 926 4552 mSS-
948 4498 1108 4560 Angl.
1132 4499 1314 4557 Fellus
1334 4511 1515 4558 tamen
1535 4519 1587 4557 in
1612 4518 1711 4560 sua
1726 4504 1856 4560 edit.
1871 4504 2048 4560 Oxon.
2248 4503 2495 4560 25ltMss.
2531 4505 2742 4560 Lamb..
2760 4508 2824 4560 .

539 4493 776 4580 ((2))
794 4511 926 4552 mss.
943 4493 1109 4568 Angli
1132 4499 1314 4557 Fellus
1334 4511 1515 4558 tamen
1535 4503 1587 4557 in
1612 4518 1711 4560 sua
1726 4504 1856 4560 edit.
1871 4504 2048 4564 Oxon.
2225 4493 2495 4580 (.
2531 4493 2742 4580 Lamb..
2760 4508 2893 4565 Vict.
2926 4519 2979 4565 et
3005 4511 3187 4565 Carm.
3220 4511 3431 4580 abjem'.

475 4572 779 4648 mtttgntr.
967 4638 980 4648 _
2223 4572 2683 4648 (?)V_Mss._Angl.
2712 4580 3015 4648 deformati.

547 4633 662 4772 $15)
685 4634 815 4691 Mss.
842 4635 1005 4707 Angl.
1037 4652 1394 4762 exasperetur.
2223 4633 2335 4716 (27)
2367 4644 2557 4699 Lamb.
2591 4633 3160 4705 Jeirtde'covvsiderare.

575 4703 662 4769 l4)
693 4704 885 4763 Lamb.
910 4718 966 4760 ut
995 4721 1044 4763 et
1075 4710 1128 4762 In
1184 4713 1365 4772 aptdes
1391 4731 1494 4767 non
1522 4717 1647 4771 sint.
1983 4763 1985 4765 .
2219 4714 2337 4772 (28)
2369 4714 2501 4770 Mss.
2535 4717 2695 4772 Anni.
2725 4721 2821 4772 ire.

693 4704 885 4786 Lamb.
995 4710 1129 4786 et-hi
1161 4703 1365 4786 lapides
1391 4731 1494 4786 rion
1522 4717 1647 4771 sint.
1983 4763 1985 4765 .
2369 4714 2501 4786 Mss.
2535 4717 2695 4786 Augl.
2725 4721 2821 4773 ire.

548 4774 663 4860 ()
691 4773 883 4860 Lamb.
917 4773 1354 4860 patrisLamifras.
1392 4783 1554 4840 Forte
1579 4829 1594 4853 ,
1637 4788 2044 4860 patrifamilias,
2368 4783 2520 4860 bodi.
2550 4773 2803 4860 triztaris.
2839 4789 3031 4846 Lamb.
3060 4801 3107 4846 te
3132 4794 3309 4846 tricas.

475 4843 844 4930 utlegendum
879 4843 1062 4930 @959,
1090 4843 1444 4930 Cojeje..ius,_
1530 4927 1543 4930 _
1581 4843 1593 4853 '
1785 4843 1797 4860 '
2150 4925 2161 4930 _
2220 4843 2335 4924 (50)
2365 4854 2556 4930 Lamb.
2574 4843 2918 4930 deformavit.
2947 4843 3260 4918 Hazcrecta
3271 4843 3365 4918 est
3389 4864 3585 4930 lectio,
3625 4883 3730 4920 non

533 4915 1167 5006 :(Jlejmlggjplbiduum.
1211 4922 1282 4976 At
1320 4925 1484 4980 modo
1530 4927 1838 5000 legebamus
1931 4939 2046 4998 post
2147 4915 2330 5006 inepta
2365 4935 2417 4979 et
2443 4915 2703 5006 inusitata
2736 4945 2835 4984 vox
2867 4915 3585 5006 amante;Sicfeiglir;
3608 4915 3728 5006 es}:

472 4988 710 5072 triti-tet":
734 4997 1071 5072 revertamur.
1106 5061 1119 5072 .
2145 4995 2199 5072 8_,
2229 4988 2521 5072 deformari
2543 5011 2826 5072 perperam
2856 4988 3120 5056 m'utatum
3153 4988 3223 5057 in.
3242 4988 3732 5072 -

547 5055 594 5144 (
907 5061 1194 5144 conuenire.
1384 5135 1396 5144 _
2146 5052 2405 5144 formatas
2429 5065 2482 5118 in
2514 5052 3732 5144 aformatosiet

691 5124 882 5214 .
905 5132 1060 5214 ponit:
1082 5130 1172 5187 Sic
1200 5145 1253 5190 et
1272 5135 1435 5214 paulo
1465 5147 1605 5206 post,
2144 5124 2344 5214 inirum
2367 5177 2383 5202 ,
2409 5124 2779 5214 ettsciriptores
2827 5124 3226 5196 existimarunt
3239 5124 3729 5214 'difo'r'eaiii-E"'ese

694 5195 1760 5281 Felli_edill..010llaqiprta-quoniam,
2143 5195 2683 5281 tantu_m_'deformem
2713 5217 2774 5281 et
2797 5195 3006 5281 turpem
3035 5195 3727 5279 riedderepciIniisit'etma

547 5266 673 5352 (20),
921 5266 1394 5352 ..
1426 5266 1596 5352 Paris.
1628 5281 1919 5352 e/forynart'.
1952 5281 2044 5339 Sic
2145 5275 2470 5352 simpliciter
2506 5287 2711 5352 mutare
2748 5266 2975 5349 formam
3021 5283 3074 5336 in
3107 5266 3362 5352 quan{vis
3386 5266 3729 5341 alianije:

623 5338 801 5436 atidem
860 5338 1054 5395 Lamb.
1116 5345 1441 5415 deformatos
1495 5338 1683 5420 adjici...
1731 5351 1865 5408 Vide
1913 5338 2029 5409 moi

2170 5338 2844 5436 pres-Glossafgzgefornro,
2865 5338 3246 5436 ,
3273 5338 3591 5436 perat-ureti).
3625 5359 3727 5436 -

915 5481 941 5506 L
1306 5487 1319 5500 .
1558 5407 1612 5503 '.
2143 5415 2312 5506 forato
2348 5417 2449 5506 (sic
2492 5407 3182 5506 legciiduuii),:d'7orsicb':
3224 5407 3723 5506 quiesignitieatio

541 5477 657 5615 )
688 5477 879 5560 Lamb.
908 5481 1165 5569 habentes.
1177 5486 1342 5555 jussit
1376 5505 1462 5542 eos
1487 5491 1612 5559 poni
1636 5507 1754 5545 cum
1783 5495 1871 5548 iis.
2142 5477 2460 5567 bplitllcllic
2480 5477 2754 5555 cofivenit,
2780 5477 2875 5545 'u'bi
2903 5491 3077 5547 forma
3105 5477 3338 5550 rotunda
3359 5477 3721 5568 apidani6:1

570 5546 636 5599 22
691 5547 783 5607 Sic
804 5559 860 5606 et
886 5553 1016 5607 edit.
1045 5554 1222 5612 Paris.
1260 5567 1314 5612 et
1343 5557 1520 5612 Oxon.
1567 5561 1636 5615 At
1661 5561 1854 5615 Lamb.
1895 5563 2036 5615 Vict.
2140 5567 2458 5611 sectionem
2492 5559 2812 5615 quadratam
2849 5572 3109 5615 mutatur.
3141 5565 3307 5615 Cm-

570 5546 657 5629 22)
691 5547 783 5607 Sic
804 5559 860 5606 et
886 5553 1016 5629 edit.
1045 5546 1222 5612 Paris.
1243 5567 1314 5629 Aet
1343 5546 1520 5612 Oxon.
1567 5561 1636 5616 At
1661 5546 1869 5620 Lamb.
1895 5563 2036 5622 Vict.
2140 5546 2380 5629 sectione
2406 5558 2458 5609 in
2489 5546 2812 5629 quadratam
2849 5546 3116 5620 mulum;

458 5622 526 5670 -
757 5624 1027 5704 cmonium,
1054 5637 1115 5680 ut
1136 5627 1295 5704 modo
1325 5644 1521 5704 supra.
1746 5617 1853 5620 Hm
1914 5617 2035 5622 um
2212 5619 2325 5698 (51)
2354 5617 2541 5682 Lamb.
2575 5630 2755 5685 eodem
2781 5647 2983 5704 campo.

540 5684 657 5759 (23)
684 5684 874 5751 Lajnb.
903 5684 1147 5752 instructi
1175 5706 1323 5751 erant
1339 5714 1360 5765 ,'
1389 5684 1522 5754 nihil
1548 5704 1686 5758 enim
1709 5721 1773 5760 ex
1798 5707 1889 5763 eis.
