3944 6146
193 280 320 337 989
1363 278 1658 336 PASTOR.
1698 309 1768 319 —
1803 277 1930 333 LIB.
1970 276 2060 334 111.
2096 278 2305 334 SIMIL.
2348 281 2440 336 lx.
3359 277 3464 336 990
3531 271 3533 276 ’

195 403 352 445 vero
385 405 489 447 non
512 399 663 447 sunt.
693 387 990 458 Quoniam.
1021 391 1218 463 inquit,
1248 390 1428 449 adhuc
1450 393 1709 465 exiguum
1731 393 1884 450 deest
1913 394 2042 448 huic
2069 394 2228 461 turri,
2253 395 2402 464 quod
2432 395 2808 454 aediﬁcandum
2831 397 2970 466 erit;
3001 408 3056 456 et
3087 396 3318 456 forsitan
3344 397 3463 453 rnlt

207 480 494 542 dominus
523 485 624 542 hos
654 485 864 557 lapides
889 488 1061 559 aptari
1098 489 1152 543 in
1183 504 1246 544 ea
1277 498 1576 552 structura,
1606 489 1738 560 quia
1777 489 1935 546 valde
1973 490 2191 550 candidi
2241 499 2372 545 sunt
2418 489 2555 558 (52).
2589 489 2807 548 Vocatae
2836 502 2966 550 sunt
2989 494 3185 549 deinde
3209 493 3466 549 mulieres

199 577 651 646 speciosissima:
679 577 988 647 duodecim,
1016 580 1172 653 nigra
1199 589 1350 637 veste
1377 582 1609 643 vestitae,
1643 581 1916 648 incinctae,
1943 589 2000 636 et
2023 580 2226 636 exertis
2261 580 2527 646 humeris,
2567 581 2888 654 capillisque
2916 586 3110 641 solutis
3135 585 3273 654 (55).
3305 583 3468 640 Vide-

205 671 430 741 bantur
452 682 631 729 autem
647 672 790 728 mihi
820 672 904 728 hze
927 671 1184 728 mulieres
1207 680 1452 742 agrestes
1479 686 1623 727 esse.
1647 669 1715 726 Et
1733 671 1902 742 jussit
1929 686 2024 728 eas
2045 681 2231 742 pastor
2265 671 2356 727 ille
2384 671 2578 727 tollere
2605 671 2814 742 lapides
2836 673 2960 732 illos
2981 676 3076 746 qui
3103 678 3170 731 de
3190 684 3468 732 structura

203 767 387 837 ejecti
414 776 572 823 erant
602 767 738 838 (54),
768 775 824 822 et
841 781 938 822 eos
960 766 1150 823 referri
1181 766 1235 821 in
1265 774 1478 822 montes
1505 765 1648 822 unde
1671 767 1838 822 ablati
1865 766 2102 822 fuerant.
2126 765 2194 821 Et
2230 766 2337 822 illa:
2362 766 2661 837 gaudentes
2687 767 3031 823 sustulerunt
3062 783 3275 834 omnes,
3300 776 3356 824 et
3383 783 3471 824 re-

203 867 583 928 portaverunt
615 873 712 914 eos
739 859 884 914 unde
907 858 1136 913 extracti
1166 856 1406 912 fuerant.
1434 855 1732 928 Postquam
1758 865 1942 913 autem
1985 858 2172 912 nullus
2209 857 2350 928 lapis
2383 857 2531 914 circa
2561 858 2756 913 turrim
2779 858 3005 928 jaceret,
3033 860 3109 914 ait
3135 861 3272 915 mihi
3299 881 3313 916 :
3343 861 3469 919 Cir-

206 966 546 1008 cumeamus
576 953 716 1009 hanc
749 953 969 1020 turrim,
997 962 1053 1009 et
1078 953 1366 1009 videamus
1387 953 1638 1022 nunquid
1667 953 1876 1024 aliquid
1901 954 2045 1010 desit
2073 954 2188 1026 (55)
2220 954 2320 1010 illi.
2348 953 2631 1026 Caepimus
2657 969 2788 1025 ergo
2813 955 3104 1010 circumire
3141 971 3283 1011 eam.
3317 956 3384 1012 Et
3410 967 3474 1016 ut

204 1046 365 1102 vist
392 1062 514 1102 eam
546 1047 804 1104 decenter
831 1046 1176 1112 aediﬁcatam,
1207 1044 1374 1114 cmpit
1402 1043 1559 1098 valde
1590 1044 1783 1101 hilaris
1811 1059 1933 1100 esse
1963 1059 1979 1100 :
2014 1045 2091 1098 ita
2121 1043 2266 1099 enim
2295 1043 2550 1099 decenter
2575 1043 2837 1099 aedificata
2865 1042 3065 1112 fuerat,
3091 1055 3152 1100 ut
3185 1047 3280 1116 qui
3299 1045 3472 1101 vidis-

205 1151 323 1208 set,
359 1143 774 1214 concupisceret
794 1151 1126 1198 structuram
1155 1141 1306 1211 ejus;
1339 1141 1599 1210 quoniam
1625 1141 1786 1211 quasi
1809 1141 1877 1197 de
1899 1155 2012 1196 uno
2033 1139 2213 1211 lapide
2231 1140 2518 1195 videbatur
2543 1154 2688 1206 esse,
2712 1152 2815 1194 nec
2844 1152 3079 1207 usquam
3105 1137 3472 1194 commissura

202 1238 544 1309 apparebat,
575 1239 668 1295 sed
697 1253 762 1294 ex
789 1246 941 1308 petra
969 1250 1078 1291 una
1102 1233 1218 1305 (56)
1245 1233 1530 1288 videbatur
1554 1235 1859 1304 exsculpta.

283 1466 414 1538 Ego
444 1472 626 1522 autem
657 1463 973 1535 hujusmodi
1005 1463 1204 1520 turrim
1252 1471 1456 1519 attente
1501 1373 1904 1534 consiti-115:?
1921 1374 2080 1522 vﬁlde
2119 1463 2347 1521 laetabar
2392 1463 2530 1537 (57).
2563 1461 2632 1520 Ει
2674 1463 2752 1519 ait
2793 1463 2930 1518 mihi
2961 1482 2976 1520 :
3012 1461 3158 1518 After
3188 1462 3390 1518 calcem
3421 1467 3478 1517 et

207 1569 400 1616 testas
424 1561 684 1625 minutas,
717 1565 775 1612 ut
798 1556 1004 1614 formas
1030 1573 1224 1615 eorum
1253 1559 1496 1629 lapidum
1524 1561 1619 1630 qui
1649 1561 1849 1616 sublati
1883 1570 2012 1617 sunt
2041 1561 2109 1616 de
2146 1570 2421 1617 structura
2445 1569 2500 1615 et
2529 1560 2725 1615 iterum
2766 1560 3014 1630 repositi,
3042 1559 3290 1629 expleam
3317 1558 3430 1629 (58)
3455 1578 3472 1628 ;

207 1671 283 1712 ea
316 1657 466 1712 enim
488 1669 615 1724 qua
635 1652 777 1708 circa
807 1653 1001 1707 turrim
1029 1662 1159 1710 sunt
1198 1656 1406 1718 omnia,
1449 1658 1651 1726 aequari
1691 1657 1907 1714 debent.
1942 1658 2010 1713 Et
2049 1658 2152 1715 feci
2195 1660 2341 1714 sicut
2371 1657 2538 1728 jussit
2565 1655 2724 1722 mihi,
2761 1664 2816 1710 et
2847 1656 3007 1710 attuli
3045 1655 3111 1710 ad
3142 1671 3290 1710 eum.
3316 1653 3384 1708 Et
3403 1653 3484 1710 ait

215 1749 368 1802 mihi
399 1745 644 1802 :Prazsto
677 1743 824 1800 adsis
853 1743 1028 1808 mihi;
1051 1751 1106 1797 et
1132 1743 1241 1798 cito
1279 1743 1394 1813 (59)
1425 1744 1528 1799 hoc
1570 1761 1707 1815 opus
1736 1747 2065 1815 perficietur.
2100 1747 2404 1816 Complevit
2450 1760 2583 1815 ergo
2629 1743 2838 1804 formas
2887 1746 3107 1801 illorum
3137 1740 3402 1812 lapidum,
3426 1749 3482 1795 et

209 1845 396 1915 jussit
422 1842 604 1897 locum
634 1839 890 1895 mundari
916 1839 1062 1894 circa
1091 1838 1308 1894 turrim.
1343 1839 1498 1895 Tunc
1513 1841 1752 1912 virgines
1776 1841 1881 1897 illae
1904 1843 2384 1914 apprehenderunt
2426 1855 2651 1912 scopas,
2679 1849 2734 1894 et
2772 1839 3178 1899 mundaverunt
3204 1839 3484 1909 totumuet

216 1938 570 1992 sustulerunt
610 1943 954 1992 excrementa
998 1933 1136 2005 (40),
1183 1943 1239 1989 et
1283 1917 1605 2005 sparserunt
1645 1952 1887 2008 aquam:
1917 1953 2028 2008 quo
2071 1937 2364 2006 completo,
2392 1934 2570 1990 factus
2602 1944 2687 1989 est
2708 1931 2864 1990 locus
2889 1927 3226 1988 delectabilis
3253 1925 3391 1994 (41),
3424 1931 3480 1979 et

215 2033 398 2089 turris
421 2033 640 2089 decora.
666 2032 757 2087 Ait
785 2031 980 2088 deinde
1013 2031 1148 2086 mihi
1177 2047 1193 2087 :
1218 2029 1414 2088 Omnia
1444 2035 1834 2090 commundata
1857 2043 1986 2090 sunt
2017 2052 2032 2089 :
2062 2035 2108 2088 si
2137 2034 2344 2089 venerit
2388 2031 2648 2088 dominus
2674 2031 2816 2085 hanc
2842 2023 3040 2080 turrim
3073 2030 3479 2079 consummare,

217 2126 368 2180 nihil
395 2127 628 2202 inveniet
657 2127 802 2197 quod
833 2127 900 2181 de
934 2127 1097 2181 nobis
1159 2137 1443 2197 queratur.
1477 2127 1601 2185 Hmc
1630 2146 1757 2185 cum
1787 2129 2038 2197 dixisset,
2074 2129 2288 2184 volebat
2317 2127 2596 2183 abire.'At
2637 2141 2736 2196 ego
2767 2115 3095 2193 apprehendi
3118 2127 3305 2185 peram
3335 2110 3480 2180 ejus.

216 2227 278 2274 et
313 2221 456 2290 coepi
488 2236 684 2293 rogare
704 2237 829 2276 eum
861 2236 958 2293 per
984 2219 1301 2291 Dominum,
1333 2232 1394 2276 ut
1421 2224 1558 2278 mihi
1588 2225 1774 2278 omnia
1805 2241 1928 2294 qua:
1949 2224 2294 2291 ostenderat,
2326 2220 2788 2292 explicaret‘(4‘:l).
2818 2219 2909 2274 Ait
2947 2216 3117 2272 mihi:
3150 2213 3336 2268 llabeo
3360 2223 3484 2264 nio--

217 2310 410 2366 dicam
457 2315 905 2384 occupationem;
957 2329 1012 2376 at
1058 2321 1245 2376 omnia
1278 2323 1374 2376 tibi
1405 2323 1730 2393 explicabo:
1765 2333 2022 2393 exspecta
2054 2333 2234 2377 autem
2275 2337 2364 2376 me
2405 2322 2524 2386 hic,
2548 2320 2680 2374 dum
2716 2319 2897 2372 venio.
2946 2315 3078 2368 Dico
3109 2313 3198 2368 ei:
3231 2308 3482 2375 Domine,

217 2411 362 2481 quid
390 2411 478 2467 hic
502 2412 652 2468 solus
681 2413 910 2468 faciam?
939 2414 1238 2487 Respondit
1265 2438 1278 2473 :
1307 2417 1424 2473 Non
1456 2435 1516 2474 es
1579 2420 1761 2486 solus;
1793 2434 1986 2474 omnes
2015 2418 2160 2474 enim
2199 2417 2439 2486 virgines
2467 2426 2646 2472 tecum
2688 2421 2835 2470 sunt.
2869 2408 2937 2464 Et
2965 2408 3078 2464 dixi
3110 2427 3124 2462 :
3157 2405 3336 2460 Trade
3372 2418 3482 2466 me,

229 2507 483 2568 domine.
511 2523 642 2581 ergo
667 2509 768 2565 eis.
804 2511 874 2566 At
897 2513 987 2568 ille
1015 2503 1230 2569 vocavit
1258 2515 1399 2581 illas,
1426 2524 1481 2571 et
1509 2515 1648 2571 dixit
1674 2515 1788 2587 (45)
1817 2517 1936 2572 eis:
1966 2514 2304 2570 Commendo
2327 2515 2478 2570 vobis
2504 2513 2672 2576 hunc,
2701 2510 2875 2564 donec
2895 2505 3075 2561 venio.
3104 2501 3361 2558 Remansi
3385 2500 3489 2571 igi-

221 2607 320 2652 tur
342 2612 466 2651 cum
491 2598 797 2669 virginibus
831 2601 957 2658 illis.
988 2601 1096 2658 Illae
1134 2612 1316 2659 autem
1344 2605 1544 2660 hilares
1571 2613 1750 2672 erant,
1782 2612 1839 2660 et
1862 2603 2107 2660 aﬂ‘abiles
2133 2603 2296 2669 mihi;
2329 2602 2602 2673 praecipue
2621 2609 2800 2658 tamen
2825 2611 3082 2674 quatuor,
3113 2615 3236 2670 qua:
3261 2608 3488 2655 exteras

220 2687 613 2756 praecedebant
637 2689 923 2762 dignitate.

1674 2783 1908 2841 CAPUT
1945 2783 2038 2840 XI.

299 2891 502 2946 Dicunt
537 2891 671 2947 mihi
699 2895 896 2951 deinde
930 2897 1171 2968 virgines
1214 2899 1356 2955 illm:
1389 2898 1560 2956 Hodie
1585 2909 1772 2971 pastor
1815 2901 1904 2956 ille
1927 2903 2036 2956 huc
2059 2910 2325 2957 venturus
2362 2915 2472 2956 non
2499 2908 2603 2957 est.
2631 2899 2698 2955 Et
2733 2916 2834 2974 ego
2875 2903 2988 2958 dixi
3016 2920 3028 2956 έ
3063 2902 3206 2970 Quid
3229 2917 3359 2973 ergo
3383 2915 3486 2972 ego

219 2985 464 3042 faciam?
495 2987 562 3042 Et
586 2987 776 3044 dicunt
797 2992 931 3046 mihi
962 3011 976 3046 :
1007 2992 1192 3065 Usque
1213 2997 1264 3048 in
1289 3011 1572 3066 vesperam
1601 3005 1881 3066 exspecta,
1900 2996 1946 3052 si
1976 2995 2163 3051 forsan
2188 2997 2396 3051 venerit
2421 3005 2475 3050 et
2505 2997 2758 3066 loquetur
2781 2995 2895 3066 (44)
2926 3005 3137 3060 tecum;
3171 2992 3255 3048 sin
3281 2992 3485 3060 minus,

220 3080 515 3134 nobiscum
545 3080 672 3135 dum
707 3083 911 3145 veniat.
946 3089 1192 3143 manebis
1223 3089 1359 3158 (45).
1391 3089 1513 3142 Dixi
1543 3089 1661 3143 eis:
1694 3088 2033 3158 Exspectabo
2059 3103 2183 3143 eum
2222 3104 2394 3158 usque
2435 3088 2502 3141 ad
2534 3101 2812 3156 vesperam
2839 3107 2850 3141 :
2877 3088 3021 3158 quod
3047 3087 3092 3141 si
3118 3101 3224 3139 non
3252 3083 3489 3143 venerit.

221 3172 455 3226 domum
480 3173 590 3236 ibo,
615 3186 669 3228 et
700 3189 941 3230 revertar
965 3195 1143 3234 mane.
1177 3179 1600 3252 Responderunt
1628 3183 1760 3236 mihi
1791 3201 1805 3238 :
1838 3181 2008 3238 Nobis
2043 3183 2355 3252 assignatus
2377 3197 2436 3237 es
2468 3202 2481 3235 :
2513 3197 2620 3235 non
2649 3190 2803 3250 potes
2830 3179 3080 3234 recedere
3111 3175 3223 3245 (46)
3250 3190 3280 3227 a
3306 3172 3486 3226 nobis.

223 3263 296 3318 Et
321 3265 436 3319 dixi
463 3279 476 3315 :
506 3263 611 3320 Ubi
647 3269 916 3322 manebo?
948 3268 1141 3324 Dicunt
1169 3273 1300 3325 mihi
1329 3292 1342 3327 :
1377 3273 1677 3329 Nobiscum
1707 3275 1949 3330 dormies
1974 3285 2033 3329 ut
2061 3273 2248 3339 frater,
2275 3290 2383 3328 non
2417 3283 2479 3327 ut
2507 3273 2741 3328 maritus
2771 3291 2783 3325 :
2816 3274 2982 3328 frater
3010 3269 3156 3325 enim
3186 3273 3374 3322 noster
3403 3279 3486 3326 es,

224 3365 283 3412 et
317 3359 386 3412 de
416 3369 614 3414 caetero
643 3371 818 3413 tecum
855 3362 1100 3418 habitare
1121 3376 1320 3434 parata:
1345 3385 1536 3425 sumus
1561 3372 1697 3442 (47);
1729 3373 1886 3428 valde
1913 3373 2058 3427 enim
2084 3373 2311 3426 charum
2347 3381 2395 3425 te
2419 3371 2704 3427 habemus.
2739 3367 2852 3438 Ego
2882 3373 3064 3419 aulem
3091 3355 3486 3414 erubescebam

229 3461 360 3498 cum
382 3445 462 3500 eis
486 3462 706 3501 manere
734 3448 868 3517 (48).
905 3448 978 3503 Ea
1011 3466 1138 3506 vero
1159 3469 1280 3522 quae
1309 3470 1374 3510 ex
1405 3458 1512 3513 illis
1535 3460 1710 3528 prima
1740 3477 1862 3515 esse
1891 3461 2204 3527 videbatur,
2232 3461 2539 3531 amplexata
2574 3473 2659 3512 me
2691 3467 2796 3521 est,
2827 3465 2882 3510 et
2908 3451 3148 3508 osculari
3179 3462 3265 3501 me
3294 3445 3482 3515 coepit.

230 3539 458 3596 Caetera!
500 3557 629 3596 vero
655 3558 778 3597 cum
814 3546 1080 3602 vidissent
1109 3565 1194 3604 me
1239 3553 1535 3622 amplexari
1568 3555 1680 3627 (49)
1723 3558 1790 3612 ab
1830 3559 1918 3614 illa
1939 3600 1956 3625 ,
1986 3569 2039 3614 et
2069 3559 2201 3630 ipsae
2229 3566 2517 3628 cmperunt
2545 3571 2632 3610 me
2655 3565 2718 3609 ut
2759 3551 2984 3604 fratrem
3015 3539 3275 3605 osculari,
3301 3545 3356 3591 et
3382 3536 3488 3590 dua

232 3649 361 3688 cere
390 3635 501 3706 (50)
525 3636 670 3691 circa
703 3637 920 3704 turrim,
949 3652 1001 3696 et
1025 3643 1211 3702 ludere
1237 3663 1473 3706 mecum.
1513 3651 1772 3719 Quaedam
1817 3665 2001 3712 autem
2036 3671 2104 3712 ex
2137 3657 2245 3712 illis
2275 3656 2517 3727 psalmos
2555 3652 2826 3710 canebant
2853 3645 2988 3715 (5i);
3013 3638 3262 3712 quaedam
3291 3635 3488 3689 (³1101⁸0³

231 3731 528 3788 ducebant.
563 3731 676 3803 Ego
701 3743 883 3790 autem
907 3735 1053 3794 circa
1079 3739 1194 3811 (52)
1237 3746 1433 3800 turrim
1472 3747 1526 3801 in
1561 3749 1780 3804 silentio
1826 3749 1982 3807 laetus
2009 3767 2134 3805 cum
2178 3751 2260 3806 eis
2286 3751 2658 3812 ambulabam,
2689 3754 2741 3802 et
2781 3742 3006 3798 videbar
3035 3735 3171 3792 mihi
3190 3732 3376 3804 junior
3401 3729 3488 3784 fa-

231 3831 360 3878 ctus
394 3839 515 3879 esse
555 3824 693 3895 (55).
737 3824 1036 3899 Postquam
1066 3846 1197 3888 vero
1223 3849 1451 3906 vespera
1481 3853 1604 3894 esse
1625 3841 1812 3910 cmpit,
1854 3842 2080 3897 domum
2113 3851 2339 3913 repente
2362 3841 2476 3912 (54)
2510 3842 2661 3896 abire
2685 3835 2971 3897 volebam;
3013 3830 3324 3884 illae'autem
3357 3821 3489 3877 reti-

233 3928 476 3971 nuerunt
506 3917 620 3986 (55)
653 3933 757 3983 me,
791 3929 977 3976 etnon
1023 3925 1394 3992 permiserunt
1427 3930 1598 3988 abire.
1643 3930 1818 3988 Mansi
1864 3948 1994 4003 ergo
2047 3934 2138 3988 illa
2182 3944 2341 3988 nocte
2380 3949 2504 3989 cum
2535 3934 2616 3989 eis
2641 3933 2799 4004 juxta
2833 3927 3081 3985 eamdem
3125 3923 3319 3978 turrim
3349 3919 3484 3990 (56).

235 4005 564 4062 Slravel'um
594 4019 775 4065 amem
801 4013 1018 4074 tunicas
1041 4035 1171 4078 suas
1193 4023 1390 4080 linteas
1429 4027 1484 4080 in
1517 4034 1740 4095 terram,
1771 4037 1828 4083 et
1871 4045 1958 4084 me
1985 4031 2039 4084 in
2068 4029 2248 4085 medio
2290 4031 2734 4087 collocaverunt:
2771 4041 2869 4082 nec
2898 4023 3196 4096 quidquam
3228 4015 3374 4071 aliud
3405 4013 3489 4068 fa-

235 4096 476 4164 ciebant,
505 4098 610 4152 nisi
640 4099 784 4169 quod
817 4105 1069 4164 orabant.
1101 4109 1207 4172 Sed
1236 4125 1289 4169 et
1317 4132 1418 4187 ego
1441 4133 1564 4173 eum
1598 4119 1706 4175 illis
1734 4119 1853 4175 sine
1879 4120 2290 4176 intermissione
2314 4124 2562 4188 orabam,
2586 4139 2763 4194 neque
2790 4123 2973 4178 minus
3018 4133 3182 4190 quam
3215 4111 3490 4179 ίιιεεοριιω

236 4212 364 4253 cum
397 4215 484 4254 me
519 4199 598 4255 sic
621 4210 867 4258 orantem
891 4207 1178 4279 vidissent,
1210 4216 1403 4286 ingens
1425 4219 1683 4286 gaudium
1714 4233 2110 4292 perceperunt;
2135 4233 2192 4279 et
2219 4239 2346 4280 cum
2385 4224 2466 4280 eis
2492 4223 2604 4280 illic
2627 4223 2702 4279 fui
2729 4233 2904 4289 usque
2925 4216 2995 4272 ad
3016 4215 3158 4270 diem
3184 4218 3485 4281 Ροδῑετυπηο

1325 4333 1562 4388 VARIA‘J
1604 4334 1991 4391 LECTIONES
2026 4335 2116 4390 ET
2150 4335 2389 4392 ΝΟΤΕ.

315 4432 432 4498 (52)
461 4430 656 4503 Lamb.
681 4415 785 4503 qua
810 4428 1365 4503 ralde__candida_est._
1435 4498 1448 4503 _
1917 4444 2053 4503 mss.
2089 4429 2366 4503 exhibere,
2396 4427 2718 4503 explicaret,
2751 4439 2812 4503 ut
2848 4439 3010 4503 saepe.
3041 4421 3214 4503 Aliter
3241 4417 3343 4503 hic
3368 4414 3486 4503 qe-

317 4486 432 4568 (55)
459 4501 589 4556 Mss.
602 4486 770 4571 VAn'gl.
806 4499 1167 4571 capillisvero
1199 4497 1506 4571 dissolutis._
1563 4567 1574 4571 _
1765 4566 1777 4571 Α
1919 4499 2086 4564 ricus,
2106 4486 3078 4571 cujusadnotationem'videsis'mox
3096 4490 3237 4546 infra
3254 4497 3370 4542 not.
3391 4486 3484 4544 62.

314 4566 432 4641 (54)
457 4572 650 4627 Lamb.
696 4566 800 4640 leg.
844 4566 1033 4638 a'bjecti
1080 4579 1262 4631 erant,
1309 4576 1364 4622 et
1399 4567 1603 4621 omittit
1631 4566 1816 4623 omnia
1989 4571 2106 4636 (45)
2135 4566 2326 4622 Lamb.
2351 4577 2522 4632 vocat,
2549 4579 2601 4622 et
2626 4569 2787 4622 dixit.

314 4658 370 4685 ιςρ
393 4653 714 4685 αρηιηιηιιιιε
756 4655 930 4685 “mum
959 4639 1025 4685 ad
1059 4638 1342 4685 Postmmm
1368 4647 1566 4685 autem.
1993 4640 2106 4685 (441
2139 4639 2266 4685 Mss-
2302 4639 2457 4685 Amrl-
2487 4639 2535 4685 si
2566 4640 2782 4685 verterit-
2823 4637 3048 4685 forsitan
3084 4633 3346 4685 loquetur.

248 4637 370 4711 quae
393 4637 719 4710 sequuntur,
753 4637 930 4709 usque
959 4639 1026 4693 ad
1055 4638 1342 4706 Postquam
1368 4647 1566 4691 autem.

249 4713 436 4839 0:35.)
463 4711 595 4768 Mss.
638 4712 797 4781 Angl.
837 4727 900 4764 ne
940 4709 1065 4780 quid
1099 4709 1254 4763 desit.
1304 4706 1396 4763 Sic
1434 4717 1489 4762 et
1523 4707 1652 4763 Felli
1683 4708 1805 4763 edit.

1993 4640 2106 4708 (44)
2138 4639 2266 4693 Mss.
2300 4639 2457 4710 Angl.
2487 4639 2535 4691 si
2566 4640 2783 4701 venerit,
2821 4637 3048 4707 forsitan
3084 4637 3346 4701 loquetur.

1988 4710 2082 4776 (45
2141 4709 2270 4763 Felli
2303 4711 2433 4763 edit.
2475 4707 2651 4763 Oxon.
2679 4707 2989 4762 moraberis.

1989 4709 2103 4850 (46;
2129 4779 2259 4835 Mss.
2301 4779 2462 4850 Angl.
2506 4780 2846 4849 consignatus
2877 4793 2932 4831 cs
2957 4791 2976 4830 :
3004 4789 3107 4828 non
3137 4778 3284 4841 potes
3315 4769 3371 4823 di

249 4769 431 4839 Oxon.
725 4769 753 4781 υ
951 4769 963 4780 ’
2129 4779 2259 4835 Mss.
2301 4779 2462 4850 Angl.
2506 4780 2846 4849 consignatus
2877 4793 2932 4831 cs
2957 4791 2976 4830 :
3004 4789 3107 4828 non
3137 4778 3284 4841 potes
3315 4769 3488 4824 disce--

320 4854 434 4921 (56)
457 4851 646 4907 Lamb.
670 4851 789 4905 illa.
819 4851 891 4904 At
917 4849 1192 4921 vulgatam
1216 4847 1500 4921 lectionem
1532 4849 1819 4921 confirmat
1917 4850 2058 4904 dere.
2086 4919 2091 4921 Α
2127 4919 2154 4921 _
2225 4920 2252 4921 η
2321 4920 2328 4921 7

247 4917 530 4994 Origenes,
555 4922 648 4992 qui
681 4922 826 4975 hunc
867 4921 1045 4974 locum
1071 4919 1254 4972 laudat
1292 4917 1582 4971 Comment.
1604 4921 1659 4972 in
1688 4917 1819 4973 Osee
1989 4919 2104 5057 (47)
2126 4919 2278 4974 Bodl.
2309 4920 2629 4973 habitatura:
2654 4933 2854 4972 sumus.

249 5010 314 5047 ex
362 4993 678 5046 Philocalia:
716 5006 836 5057 cap.
883 4991 937 5056 8,
978 4990 1182 5044 noviss.
1234 4988 1368 5043 edit.
1420 4987 1526 5043 BB.
1572 4997 1705 5044 tom.
1749 4987 1816 5056 II,
1990 4991 2082 5057 (48
2130 4990 2318 5045 Lamb.
2344 4991 2602 5043 habitare.

249 5010 314 5047 ex
347 4987 678 5046 ’mocdnw
716 5006 836 5061 cap.
883 4991 937 5056 8,
978 4990 1182 5044 noviss.
1234 4988 1368 5043 edit.
1420 4987 1526 5043 BB.
1572 4997 1705 5044 tom.
1749 4987 1816 5056 II,
1990 4987 2104 5059 (48)
2130 4990 2318 5061 Lamb.
2344 4991 2602 5043 habitare.

251 5079 315 5136 pa
357 5105 371 5117 .
396 5063 519 5117 459.
787 5058 798 5061 “
2003 5058 2103 5130 49)
2129 5059 2258 5116 Mss.
2286 5061 2447 5131 Angl.
2477 5058 2798 5128 amplexum.

259 5205 270 5212 _
319 5080 434 5204 ῗ57)
466 5132 594 5186 Mss.
619 5131 777 5203 Angl.
817 5129 1076 5201 ejusmodi
1105 5129 1444 5183 considerans
1491 5127 1632 5194 bene,
1667 5129 1818 5184 valde
1918 5199 1958 5212 ﬁ
1989 5069 2104 5212 {5.0)
2133 5129 2454 5212 MssLAngl.
2479 5129 2774 5194 ducebant;
2795 5135 2852 5184 et
2875 5143 3003 5184 mox
3027 5127 3298 5183 ludebant.
3323 5122 3415 5178 Sic
3435 5129 3492 5177 et

252 5199 595 5259 ltt't'us'eram.
708 5199 729 5203 ⁷
841 5199 851 5201 ’
1918 5199 2052 5254 Felli
2085 5202 2215 5255 edit.
2251 5199 2429 5255 Oxon.

319 5273 437 5344 (58)
467 5272 630 5328 Editt.
649 5271 844 5326 Clerici
872 5281 925 5325 et
942 5270 1157 5344 Bussel.
1183 5269 1360 5324 omitt.
1392 5269 1475 5322 de.
1506 5266 1607 5323 Ms.
1623 5266 1814 5325 Lamb.
1990 5271 2104 5344 (51)
2128 5270 2318 5344 Lamb.
2347 5271 2576 5344 enimAea:
2600 5269 2682 5323 his
2712 5268 2943 5338 psalmos
2974 5268 3283 5323 cantabant.
3317 5263 3491 5320 liabet

251 5336 544 5407 structura,
575 5343 830 5411 repositos
855 5341 1115 5410 expleam.

324 5414 441 5471 (59)
486 5413 679 5469 Lamb.
719 5411 924 5466 Praesto
957 5411 1031 5465 sis
1062 5410 1225 5471 mihi;
1258 5419 1308 5464 et
1341 5410 1464 5463 cito.
1515 5409 1599 5463 Al.
1653 5409 1808 5471 mihi,

1915 5336 2057 5396 enim
2085 5336 2139 5396 et
2165 5341 2295 5395 Felli
2316 5340 2447 5396 edit.
2469 5336 2648 5394 Oxon.
2713 5336 2722 5338 “

1716 5409 1780 5464 ihi
1799 5450 1815 5471 ,
1988 5411 2104 5471 (52)
2134 5411 2226 5466 Sic
2255 5410 2385 5465 Felli
2415 5410 2544 5464 edit.
2573 5408 2750 5464 Oxon.
2776 5409 2862 5464 Al.
2904 5409 3114 5465 addunt
3138 5424 3273 5463 eam.

324 5414 441 5483 (59)
486 5414 679 5469 Lamb.
719 5414 924 5466 Prwsto
957 5414 1031 5465 sis
1062 5414 1225 5472 mihi;
1258 5419 1308 5464 et
1341 5414 1464 5463 cito.
1515 5414 1599 5463 Al.
1653 5414 1815 5477 mihi,
1988 5414 2082 5471 (52
2134 5414 2226 5466 Sic
2255 5414 2385 5465 Felli
2415 5414 2544 5464 edit.
2573 5414 2750 5464 Oxon.
2776 5414 2862 5464 Al.
2904 5414 3114 5465 addunt
3138 5425 3168 5463 e

252 5487 444 5556 inquit.
475 5553 517 5556 __
644 5553 654 5556 _
752 5552 764 5556 _
1989 5414 2104 5556 (55;
2129 5480 2320 5556 Lamb.
2353 5480 2511 5556 veluti
2524 5480 2792 5549 juniorem
2815 5496 2923 5535 esse
2949 5480 3168 5550 factum.

322 5550 437 5622 (40)
475 5553 604 5608 Mss.
629 5552 786 5622 Angl.
816 5560 1039 5634 stercus.
2134 5551 2262 5607 Mss.
2287 5550 2452 5631 Angl.
2469 5551 2642 5616 deest,
2666 5560 2889 5620 repente.
3395 5618 3408 5632 .

322 5627 436 5684 (41)
462 5624 589 5678 Mss.
618 5624 776 5684 Angl.
807 5621 1017 5675 hilaris.
1990 5623 2083 5684 (55
2129 5621 2319 5676 Lamb.
2345 5620 2718 5684 detinuerunt;
2741 5630 2796 5676 et
2812 5637 2964 5684 mox.
2987 5639 3067 5677 nte
3089 5623 3165 5677 ire
3209 5619 3406 5684 proabt

320 5619 436 5692 (41)
462 5624 589 5678 Mss.
618 5619 776 5692 Angl.
807 5621 1017 5692 hilaris.
1990 5619 2104 5691 (55)
2129 5621 2319 5692 Lamb.
2345 5619 2680 5692 detinuerunt
2699 5619 2796 5692 ,{et
2812 5637 2964 5691 mox,
2987 5639 3067 5677 me
3089 5623 3165 5677 ire
3209 5619 3485 5692 proabire.

325 5691 440 5765 (4‘2)
467 5693 646 5750 Fellus
684 5691 740 5748 in
787 5693 917 5749 edit.
954 5691 1130 5748 Oxon.
1177 5694 1487 5757 exsolveret;
1528 5703 1817 5763 monetque
1991 5692 2105 5766 (56)
2134 5691 2320 5748 Lamb.
2351 5691 2420 5745 ad
2453 5707 2570 5746 eam
2599 5691 2806 5745 turrim.
