4076 6142
403 245 410 254 ’
511 248 611 304 991
1595 267 1598 270 ’
1955 258 2012 314 S.
2059 256 2321 315 ΗΕΒΜᾹΞ
3613 250 3619 255 ’
3660 258 3764 314 992

508 360 724 419 Etcum
750 363 1142 423 adorassemus
1171 358 1492 437 Demin'um,
1517 379 1648 428 tunc
1679 373 1832 428 venit
1855 383 2042 445 pastor
2063 374 2175 442 ille,
2201 385 2255 432 et
2277 377 2353 432 ait
2377 376 2446 432 ad
2469 378 2590 434 illas
2622 395 2636 433 :
2667 376 2881 433 Nullam
2904 363 2954 431 ei
2984 372 3195 430 fecistis
3227 373 3342 444 (57)
3380 373 3632 444 injuriam
3654 378 3678 430 ?
3698 375 3764 432 Et

503 457 765 513 dixerunt
790 459 841 515 ei
870 479 882 513 :
915 459 1097 530 Ipsum
1129 461 1426 532 interroga.
1462 464 1597 522 Dico
1630 467 1678 521 ei
1707 486 1720 522 :
1756 469 2004 536 Domine,
2036 486 2230 541 magna
2261 473 2514 542 voluptas
2540 489 2626 528 me
2648 474 2815 543 coepit
2835 471 2971 542 (58),
3016 467 3162 540 quod
3196 465 3373 520 mansi
3399 481 3523 520 cum
3555 468 3655 523 eis.
3697 469 3764 522 Ει

501 554 641 610 dixit
668 555 800 610 mihi
833 574 847 611 :
877 555 1018 623 Quid
1049 560 1308 615 cmnasn?
1338 558 1404 614 Et
1429 561 1538 615 dixi
1569 579 1584 616 :
1613 561 1859 626 Gmnavi,
1897 565 2141 631 domine,
2174 574 2289 622 tota
2315 578 2472 622 nocte
2493 568 2658 623 verba
2686 567 2800 638 (59)
2831 561 3070 621 Domini.
3103 558 3269 622 Bene,
3296 557 3492 627 inquit,
3527 566 3579 613 te
3608 575 3763 616 acce-

499 647 739 717 perunt?
762 647 827 703 Et
847 650 955 704 dixi
987 669 1002 704 :
1035 649 1181 705 Bene
1212 651 1348 718 (60),
1387 654 1632 710 domine.
1670 653 1923 727 Nunquid
1955 657 2039 713 vis
2066 673 2212 714 nunc
2243 659 2475 714 audire?
2505 658 2571 714 Et
2598 659 2710 714 dixi
2741 678 2754 714 :
2787 657 2958 724 Volo,
2989 652 3210 710 domine
3241 650 3354 722 (6i)
3381 667 3394 702 :
3419 657 3473 704 et
3501 652 3760 728 primum,

473 747 643 795 sicut
669 749 722 795 te
744 741 1169 813 interrogavero,
1202 757 1335 812 rogo
1367 753 1427 798 ut
1451 745 1534 802 sic
1559 748 1693 803 mihi
1713 749 2079 807 demonstres.
2098 751 2572 818 Quemadmodum
2595 753 2702 820 vis,
2728 751 2925 821 inquit,
2949 748 3028 804 sic
3043 745 3145 801 tibi
3162 757 3278 798 rem
3300 743 3605 814 explanabo
3625 744 3760 816 (62).

499 843 602 885 nec
630 830 930 902 quidquam
957 840 1010 888 te
1035 834 1244 893 celabo.

1934 941 2166 998 CAPUT
2199 943 2312 998 XII.

570 1018 815 1116 Primum
845 1025 1092 1081 omnium
1114 1069 1129 1094 ,
1165 1030 1409 1105 domine,
1443 1038 1693 1110 inquam,
1723 1041 1829 1098 hoc
1879 1042 1994 1116 (65)
2045 1045 2178 1099 mihi
2209 1045 2525 1102 demonstra
2558 1064 2570 1099 :
2609 1043 2769 1100 Petra
2794 1045 2930 1109 hac,
2962 1051 3014 1100 et
3059 1045 3215 1109 porta
3243 1036 3375 1107 quid
3407 1035 3567 1092 sunt?
3593 1031 3757 1098 Audi.

496 1113 675 1182 inquit
703 1131 718 1169 :
749 1113 910 1170 Petra
940 1118 1057 1174 haec
1079 1132 1130 1177 et
1163 1134 1320 1193 porta
1349 1129 1486 1200 (64),
1524 1129 1697 1188 Filius
1725 1131 1820 1188 Dei
1851 1113 1982 1189 est.
2011 1133 2262 1201 Quonam
2295 1146 2476 1205 pacto,
2522 1136 2770 1206 inquam,
2802 1132 3041 1200 domine,
3089 1142 3243 1205 petra
3271 1140 3428 1187 vetus
3470 1139 3573 1192 est,
3603 1139 3760 1200 porta

496 1217 680 1264 autem
723 1213 897 1267 nova?
937 1215 1113 1282 Audi,
1150 1219 1358 1289 inquit,
1391 1222 1658 1294 insipiens
1683 1267 1698 1292 ,
1726 1234 1782 1281 et
1808 1227 2069 1298 intellige.
2095 1227 2268 1282 Filius
2292 1227 2514 1298 quidem
2560 1227 2657 1281 Dei
2688 1226 2838 1282 omni
2871 1234 3120 1281 creatura
3149 1223 3432 1294 antiquior
3457 1230 3559 1284 est,
3590 1221 3664 1274 ita
3698 1232 3763 1280 ut

495 1303 550 1358 in
589 1303 818 1359 consilio
845 1305 991 1362 Patri
1025 1326 1126 1366 suo
1150 1310 1388 1367 aul'uerit
1430 1314 1497 1368 ad
1529 1315 1872 1371 condendam
1907 1317 2020 1387 (65)
2057 1325 2392 1372 creaturam.
2426 1315 2590 1371 Porta
2643 1325 2826 1370 autem
2869 1324 3154 1385 propterea
3201 1328 3342 1368 nova
3380 1319 3496 1377 est,
3534 1311 3659 1380 quia
3699 1309 3760 1364 in

493 1400 968 1455 consummatione
1003 1402 1056 1457 in
1091 1407 1404 1463 novissimis
1431 1410 1624 1466 diebus
1649 1412 1932 1481 apparebit
1978 1413 2128 1485 (66),
2169 1421 2230 1467 ut
2268 1412 2364 1484 qui
2391 1411 2699 1468 assecuturi
2732 1421 2862 1469 sunt
2889 1411 3144 1476 salutem,
3187 1425 3283 1480 per
3311 1423 3433 1464 eam
3473 1408 3675 1462 intrent
3700 1407 3761 1461 in

493 1506 719 1562 regnum
767 1491 881 1549 Dei.
913 1493 1132 1562 Vidisti,
1183 1500 1381 1570 inquit,
1437 1501 1645 1572 lapides
1677 1504 1801 1560 illos
1845 1505 1941 1576 qui
1971 1521 2066 1576 per
2099 1515 2314 1576 portam
2359 1505 2608 1561 translati
2657 1512 2807 1570 sunt,
2854 1504 2909 1558 in
2940 1511 3274 1559 structuram
3303 1501 3474 1556 turris
3518 1499 3761 1556 colloca-

495 1591 580 1643 tos
611 1583 745 1654 (67);
779 1600 874 1641 eos
905 1603 1035 1644 vero
1073 1591 1167 1660 qui
1204 1607 1313 1659 non
1342 1603 1500 1652 erant
1538 1596 1791 1651 translati
1833 1612 1933 1667 per
1972 1608 2212 1668 portam,
2247 1597 2492 1668 abjectos
2533 1598 2588 1651 in
2620 1596 2803 1650 locum
2835 1611 2996 1650 suum
3024 1593 3174 1663 (68)?
3211 1593 3275 1648 Et
3297 1592 3410 1648 dixi
3437 1611 3453 1646 :
3484 1590 3628 1652 Vidi,
3657 1591 3762 1646 do-

495 1681 661 1736 mine.
692 1681 805 1750 Sic,
831 1683 1030 1755 inquit,
1063 1703 1226 1744 nemo
1258 1688 1485 1747 intrabit
1514 1693 1567 1746 in
1605 1708 1833 1765 regnum
1863 1693 1984 1761 Dei,
2013 1696 2119 1751 nisi
2147 1695 2241 1766 qui
2272 1694 2542 1764 acceperit
2579 1708 2780 1749 nomen
2817 1690 2939 1745 Filii
2969 1691 3087 1748 Dei.
3137 1691 3193 1746 Si
3221 1691 3369 1747 enim
3401 1690 3455 1745 in
3483 1689 3756 1745 civitatem

491 1775 731 1845 aliquam
761 1778 1002 1834 volueris
1025 1781 1254 1853 intrare,
1278 1798 1332 1842 et
1351 1789 1544 1846 civitas
1574 1791 1664 1846 illa
1696 1793 1876 1848 cincta
1905 1793 1977 1848 sit
2000 1808 2184 1861 muro,
2220 1801 2272 1848 et
2313 1807 2478 1846 unam
2512 1789 2769 1846 habuerit
2799 1789 3180 1844 tantummodo
3211 1795 3464 1858 portam;
3511 1785 3759 1855 nunquid

491 1873 698 1941 poteris
727 1874 950 1930 aliunde
973 1876 1093 1948 (69)
1127 1880 1332 1938 intrare
1363 1885 1638 1942 civitatem
1674 1888 1847 1956 illam,
1874 1889 1981 1944 nisi
2013 1904 2110 1959 per
2134 1897 2347 1959 portam
2377 1884 2541 1957 qu'am
2569 1885 2776 1941 habet?
2800 1883 2867 1939 Et
2894 1896 3139 1954 quonam
3164 1877 3352 1944 modo,
3391 1876 3759 1946 inquam.do-

490 1964 659 2032 mine,
692 1966 853 2022 aliter
879 1967 996 2024 ﬁeri
1029 1974 1245 2040 potest?
1275 1974 1428 2033 Sicut
1471 1995 1602 2052 ergo
1623 2023 1638 2044 ,
1686 1981 1896 2052 inquit,
1945 1982 1998 2036 in
2033 1982 2180 2037 illam
2213 1983 2404 2036 urbem
2440 1996 2549 2036 non
2595 1987 2774 2050 potest
2815 1976 3006 2032 intrari
3040 1971 3176 2044 (70),
3217 1987 3383 2044 quam
3423 1985 3518 2040 per
3543 1977 3757 2040 portam

489 2057 650 2128 ejus:
682 2060 753 2114 ita
787 2077 887 2117 nec
918 2062 972 2118 in
1001 2080 1226 2136 regnum
1261 2070 1356 2127 Dei
1387 2082 1564 2142 potest
1587 2076 1744 2131 aliter
1770 2076 1962 2130 intrari
1989 2076 2126 2148 (7t),
2153 2075 2258 2131 nisi
2283 2090 2378 2144 per
2411 2089 2609 2128 nomen
2642 2070 2766 2126 Filii
2813 2069 2932 2138 ejus
2962 2067 3059 2137 qui
3085 2075 3169 2121 est
3196 2065 3244 2118 ei
3277 2062 3656 2118 charissimus.
3691 2058 3763 2113 Et

489 2155 630 2211 dixit
659 2157 792 2212 mihi
824 2183 836 2216 :
868 2157 1064 2216 Vidisti
1095 2164 1310 2219 turbam
1341 2181 1529 2220 eorum
1557 2168 1649 2238 qui
1676 2167 2019 2224 aediﬁcabant
2050 2167 2242 2221 turrim
2273 2166 2463 2220 illam?
2489 2163 2633 2230 Vidi,
2661 2164 2908 2233 inquam,
2936 2157 3178 2214 domine.
3208 2153 3275 2209 Et
3304 2153 3438 2209 dixit
3464 2171 3478 2207 :
3515 2151 3595 2205 llli
3627 2167 3748 2206 om-

489 2264 587 2306 nes
610 2253 788 2307 nuntii
818 2263 948 2310 sunt
970 2256 1233 2327 dignitate
1265 2259 1380 2330 (72)
1419 2263 1735 2318 venerandi.
1786 2261 1883 2319 His
1926 2263 2094 2334 igitur
2139 2263 2306 2318 veluti
2343 2276 2504 2317 muro
2538 2260 2751 2315 cinctus
2791 2266 2875 2313 est
2904 2254 3190 2311 Dominus.
3229 2250 3395 2307 Porta
3425 2265 3556 2304 vero
3585 2247 3752 2304 Filius

493 2342 583 2400 Dei
616 2357 719 2412 est,
752 2350 847 2420 qui
875 2352 1141 2409 solus-est
1164 2371 1425 2416 accessus
1458 2361 1526 2416 ad
1556 2361 1750 2417 Deum.
1775 2361 1948 2417 Aliter
1968 2379 2098 2434 ergo
2122 2377 2284 2417 nemo
2308 2360 2532 2415 intrabit
2553 2360 2619 2415 ad
2656 2357 2848 2422 Deum,
2877 2352 2981 2410 nisi
3012 2367 3107 2422 per
3136 2350 3336 2405 Filium
3364 2348 3503 2419 ejus.
3535 2345 3748 2411 Vidisti,

486 2436 686 2508 inquit,
719 2440 844 2498 illos
869 2457 964 2498 sex
995 2445 1162 2514 viros,
1190 2457 1244 2502 et
1265 2449 1320 2503 in
1350 2453 1530 2508 medio
1560 2470 1751 2508 eorum
1780 2455 2100 2522 praecelsum
2131 2453 2311 2508 virum
2343 2453 2497 2507 illum
2524 2467 2590 2507 ac
2618 2465 2877 2520 magnum
2905 2445 3058 2516 (75),
3085 2445 3180 2515 qui
3210 2443 3356 2499 circa
3394 2442 3591 2497 turrim
3633 2456 3750 2494 am-

485 2530 716 2602 bulavit,
742 2545 798 2591 et
827 2536 1034 2607 lapides
1065 2540 1132 2594 de
1157 2551 1436 2597 structura
1471 2546 1789 2614 reprobavit
1813 2545 1970 2614 (74)?
1999 2544 2142 2612 Vidi,
2169 2545 2417 2616 inquam,
2449 2543 2687 2598 domine.
2722 2542 2837 2607 llle,
2879 2538 3077 2608 inquit,
3098 2535 3392 2606 praecelsus
3415 2534 3560 2602 (75),
3584 2531 3749 2587 Filius

486 2619 580 2678 Dei
605 2635 716 2692 est;
741 2636 794 2680 et
825 2628 900 2681 illi
934 2645 1053 2697 sex,
1079 2634 1258 2687 nuntii
1291 2644 1422 2689 sunt
1449 2636 1714 2706 dignitate
1757 2636 1871 2706 (76)
1905 2636 2212 2706 conspicui,
2241 2637 2431 2690 dextra
2462 2634 2705 2705 laevaque
2749 2649 2875 2688 eum
2904 2634 3325 2688 circumstantes
3371 2629 3506 2700 (77).
3538 2626 3615 2681 Ex
3639 2627 3746 2692 his,

485 2717 682 2787 inquit,
708 2723 1100 2779 excellentibus
1125 2726 1238 2795 (78)
1265 2729 1494 2796 nuntiis,
1532 2745 1693 2784 nemo
1716 2731 1835 2784 sine
1863 2746 1929 2786 eo
1962 2731 2187 2786 intrabit
2215 2731 2284 2786 ad
2316 2730 2510 2787 Deum.
2551 2729 2618 2786 Et
2649 2729 2786 2785 dixit
2817 2748 2830 2784 :
2863 2728 3187 2797 Quicunque
3229 2739 3361 2796 ergo
3393 2739 3589 2780 nomen
3631 2723 3747 2793 ejus

485 2823 594 2863 non
619 2812 912 2884 acceperit,
947 2830 1054 2869 non
1089 2814 1314 2872 intrabit
1339 2819 1392 2872 in
1419 2834 1644 2889 regnum
1672 2817 1787 2874 Dei.

1912 2936 2145 2994 CAPUT
2191 2935 2330 2992 Xlll.

562 3025 629 3082 Bt
653 3028 805 3084 dixi:
837 3030 976 3097 Quid
1004 3043 1087 3088 est
1116 3032 1319 3089 deinde
1354 3033 1470 3090 haac
1503 3033 1713 3088 turris?
1735 3031 2092 3104 Haec,inquit,
2125 3035 2371 3091 Ecclesia
2396 3044 2496 3088 est.
2530 3032 2597 3088 Et
2625 3033 2864 3106 virgines
2897 3035 2999 3100 hae,
3025 3049 3148 3104 quin
3179 3042 3342 3099 sunt,
3382 3032 3630 3088 domine?
3683 3031 3749 3086 Et

495 3118 634 3174 dixit
657 3121 791 3175 mihi
816 3141 828 3175 :
860 3122 974 3189 liae,
1003 3124 1204 3194 inquit,
1235 3123 1477 3193 Spiritus
1503 3123 1678 3179 sancti
1705 3133 1864 3178 sunt:
1897 3140 2006 3180 non
2034 3126 2189 3180 aliter
2219 3125 2365 3179 enim
2397 3125 2510 3196 (79)
2538 3126 2703 3180 homo
2725 3133 2906 3194 petest
2937 3125 2993 3178 in
3017 3139 3246 3195 regnum
3272 3121 3366 3178 Dei
3398 3122 3622 3186 intrare,
3642 3123 3749 3176 nisi

489 3216 573 3271 hae
600 3216 880 3272 induerint
901 3234 1027 3273 cum
1056 3228 1204 3275 veste
1247 3236 1367 3274 sua.
1401 3217 1612 3273 Etenim
1655 3219 1792 3272 nihil
1825 3219 2062 3288 proderit
2093 3219 2189 3274 tibi
2216 3219 2465 3289 accipere
2529 3234 2726 3272 nomen
2775 3217 2898 3271 Filii
2952 3216 3070 3283 Dei,
3109 3215 3212 3270 nisi
3243 3216 3408 3271 etiam
3455 3224 3510 3269 et
3539 3224 3746 3270 vestem

487 3326 677 3367 earum
711 3316 991 3384 acceperis
1013 3316 1082 3370 ab
1109 3316 1209 3371 eis.
1240 3315 1333 3371 Hae
1364 3330 1602 3386 namque
1625 3315 1886 3386 virgines,
1926 3323 2226 3386 potestates
2254 3324 2384 3369 sunt
2416 3313 2541 3368 Filii
2565 3312 2682 3370 Dei.
2734 3312 2811 3366 lta
2839 3311 3039 3368 frustra
3095 3325 3295 3365 nomen
3338 3314 3461 3380 ejus
3507 3309 3752 3380 portabit

490 3407 618 3476 quis
651 3407 788 3477 (80),
822 3407 929 3462 nisi
963 3409 1126 3461 etiam
1161 3417 1462 3476 potestates
1485 3408 1606 3477 ejus
1635 3408 1935 3477 portaverit
1965 3406 2102 3477 (81).
2135 3405 2200 3459 Ει
2230 3406 2369 3460 dixit
2396 3404 2569 3459 mihi:
2601 3403 2799 3458 Vidisti
2829 3401 3043 3473 lapides
3069 3402 3190 3458 illos
3219 3403 3314 3471 qui
3358 3401 3556 3472 abjeeti
3585 3403 3750 3456 sunt?

488 3503 574 3555 llli
603 3503 747 3557 enim
780 3518 980 3559 nomen
1009 3504 1234 3574 quidem
1267 3512 1557 3573 portarunt
1580 3502 1728 3573 (89);
1763 3509 1968 3556 vestem
1993 3511 2175 3556 autem
2208 3503 2424 3556 illarum
2453 3515 2562 3554 non
2615 3499 2933 3554 induerunt.
2967 3496 3030 3552 Et
3079 3497 3225 3553 dixi:
3271 3496 3407 3564 Quae
3448 3506 3527 3551 est
3577 3498 3748 3552 vestis

486 3608 704 3660 earum,
728 3594 988 3648 domine?
1025 3597 1172 3664 Ipsa,
1204 3594 1404 3663 inquit,
1433 3593 1654 3648 nomina
1681 3592 1815 3662 (85),
1847 3591 2014 3647 vestis
2053 3607 2242 3647 earum
2276 3600 2378 3646 est.
2418 3590 2743 3660 Quicunque
2765 3605 2929 3660 ergo,
2962 3589 3165 3658 inquit,
3217 3604 3416 3643 nomen
3457 3587 3582 3641 Filii
3628 3587 3744 3657 (84)

483 3683 578 3737 Dei
611 3693 810 3754 portat,
844 3687 1039 3741 barum
1065 3702 1285 3758 quoque
1306 3686 1526 3741 nomina
1558 3693 1778 3756 portare
1804 3685 2003 3739 debet:
2042 3700 2170 3738 nam
2195 3693 2249 3738 et
2271 3684 2444 3738 Filius
2472 3683 2698 3737 nomina
2730 3691 2915 3752 portat
2959 3698 3171 3738 carum.
3205 3681 3574 3751 Quoscunque
3606 3680 3745 3752 (85),

1572 3807 1820 3862 VARl/E
1867 3807 2252 3866 LECTIONES
2289 3808 2379 3863 ET
2418 3805 2651 3862 NOTAE.

2265 3901 2356 3970 68)
2383 3901 2574 3970 Lamb.
2603 3897 2714 3970 loco
2741 3913 2857 3970 suo.

690 3893 835 3970 λιπες.
868 3897 1034 3970 _Angl.
1075 3899 1158 3953 Ne
1184 3901 1320 3970 forte
1346 3901 1568 3970 fecistis.

687 3964 1028 4046 biss.‘Attg'l._
1047 3964 1295 4041 magnam
1331 3964 1652 4041 uoluptatem
1681 3971 1909 4041 percepi.

577 4032 668 4102 59)
695 4036 886 4092 Lamb.
921 4032 1156 4096 v'erbum:

577 4103 668 4170 60)
695 4104 888 4161 Lamb.
916 4107 1026 4162 Ita.

551 4173 668 4245 (61)
697 4175 889 4234 Lamb.
924 4179 1146 4249 desunt,
1191 4178 1472 4255 Nunquid,
1505 4199 1682 4254 usque
1709 4181 1776 4237 ad
1799 4182 2066 4237 Domine:

480 4254 553 4300 ct.

552 4314 668 4398 (62)
693 4315 795 4398 liis.
819 4317 1012 4398 Lamb.
1035 4336 1160 4376 cum
1187 4321 1336 4398 Fello
1363 4323 1684 4398 :_e_:csolvam.
1715 4323 1810 4398 _Sic
1835 4335 1888 4381 et
1909 4323 2064 4398 alibi,

479 4386 572 4468 ubi
599 4389 832 4468 .verbu’m
857 4391 1146 4468 explanare
1177 4394 1271 4448 alii
1302 4395 1462 4468 codd.
1489 4410 1685 4468 presse
1708 4395 1908 4450 ferunt.
1942 4386 2068 4468 Fuit

479 4458 740 4535 nimirum
763 4458 948 4535 Gratce
970 4462 1210 4535 ἐ-κλύᾳω,
1237 4458 1514 4535 expedierit
1543 4465 1626 4519 vel
1655 4466 2062 4535 interpretabor.

479 4527 690 4608 .Glo‘ssa
716 4548 728 4584 :
760 4529 958 4608 ὲξλύω,
988 4527 1208 4608 resolvo,
1241 4527 1433 4608 caedo.
1463 4533 1588 4589 Vid.
1616 4551 1772 4605 capp.
1796 4527 1953 4608 ’15ει
1977 4539 2062 4603 16,

478 4598 534 4722 ἓι
577 4598 718 4667 line,
774 4601 866 4656 ubi
913 4598 1302 4660 exsolutionem
1353 4607 1620 4661 habemus
1677 4598 1776 4676 pro
1824 4598 2061 4661 ἕκλυσινζ

528 4684 646 4722 ten.

528 4684 646 4722 ιΕη.

513 4807 523 4818 ο
551 4741 665 4807 (63)
697 4740 888 4818 Lamb.
913 4743 1132 4818 desunt,
1156 4747 1394 4812 inquam.
1429 4748 1690 4818 hoc.rQuo
1716 4747 1770 4801 in
1795 4747 1918 4818 cod.
1946 4763 2066 4816 pas-

478 4813 584 4890 sim
612 4813 949 4890 omittuntur
973 4815 1197 4890 inquam
1237 4825 1290 4871 ct
1315 4819 1505 4890 inquit.
1552 4817 1678 4873 llaec
1718 4819 1862 4872 enim
1889 4813 2063 4873 Grazci

477 4879 780 4959 dialogistae
829 4879 1131 4959 supplenda
1185 4879 1394 4944 lectori'
1424 4891 1767 4959 permittunt,
1819 4899 1880 4943 ut
1917 4890 2061 4959 apud

476 4945 760 5024 Platonem
795 4945 1024 5024 passim.
1059 4956 1228 5012 Cum.

551 5023 664 5146 (6?
706 5022 810 5078 Sic'
843 5024 896 5078 in
945 5029 1118 5081 sacris
1157 5028 1376 5092 litteris,
1415 5029 1681 5086 Dominus
1719 5040 1867 5100 petra
1900 5029 2064 5098 etja-

553 5109 584 5144 a
659 5095 845 5146 icitur.
878 5094 955 5146 Ita
995 5097 1196 5146 Funus-
1244 5099 1309 5146 Et
1352 5102 1582 5146 alterum
1619 5103 1838 5146 nuitlem
1872 5099 1898 5146 Ι
1936 5099 2059 5146 Cor.

470 5105 594 5173 nua
621 5094 845 5173 dicitur.
878 5094 955 5151 Ita
995 5097 1196 5173 Fellus.
1243 5099 1309 5153 Et
1352 5102 1583 5156 alterum
1619 5094 1838 5173 quidem
1871 5099 1898 5153 1
1936 5094 2059 5153 Cor.

475 5177 534 5227 x,
559 5163 898 5237 (balterutn
929 5183 1060 5220 vero
1087 5169 1246 5224 Joan.
1284 5189 1338 5237 x,
1369 5173 1420 5236 '7,
1449 5173 1501 5227 9.

546 5234 660 5304 (65)
696 5234 893 5290 Lamb.
922 5234 1333 5296 constttueudof
1357 5234 1512 5298 BOdl.
1553 5242 1930 5298 constituendi.
1971 5241 2061 5297 Sic

471 5306 615 5372 apud
650 5305 879 5360 Fcllum.
915 5309 1091 5363 Aliter
1117 5310 1382 5367 Clericus.

702 5376 1048 5455 Mss.__A_ugl.
1089 5391 1142 5455 et
1181 5382 1366 5455 Carm.
1409 5387 1679 5454 apparuit.
1727 5384 1800 5438 Ita
1832 5381 2062 5455 et__Felli

471 5443 805 5524 edibAOxon.
835 5443 1060 5524 Vulgata
1094 5452 1253 5524 lectio
1270 5443 1582 5524 conllrinari
1611 5465 1786 5524 potest
1806 5470 1871 5507 ex
1899 5452 2062 5509 Hebr.

471 5528 546 5636 ἒξ
567 5515 797 5642 ﬁamque
833 5515 979 5642 irim;
998 5523 1242 5592 respexit
1277 5523 1525 5582 Hermas.
1559 5515 1738 5581 Aitera
1770 5540 1899 5580 vero
1926 5540 2058 5581 mss.

517 5597 546 5636 x
580 5596 739 5640 Hebr.
781 5606 819 5652 I,
857 5596 911 5652 1,
946 5596 1000 5644 ‘2.

557 5654 670 5727 (67)
710 5656 898 5715 Lamb.
929 5661 1173 5719 collatos.

2266 3965 2355 4032 69)
2387 3972 2482 4026 Sic
2523 3969 2714 4024 Lamb.
2755 3967 2847 4022 Sic
2884 3976 2937 4021 et
2965 3965 3096 4021 Felli
3134 3969 3261 4022 edit.
3289 3965 3467 4022 Oxon.
3496 3967 3581 4022 Al.
3608 3965 3743 4020 alia.

2243 4038 2357 4112 (70)
2398 4041 2591 4095 Lamb.
2632 4038 2865 4112 omisso,
2897 4039 3112 4112 inquitL
3141 4041 3256 4112 sic:
3306 4041 3358 4112 in
3388 4040 3569 4112 eadem
3617 4039 3749 4112 urbe

2170 4107 2278 4167 non
2305 4107 2449 4181 potes
2474 4113 2632 4166 aliter
2659 4110 2881 4162 intrare.
2902 4107 3040 4163 Hinc
3073 4107 3288 4164 Fellus:
3315 4110 3371 4161 in
3392 4109 3542 4160 illam
3565 4108 3749 4160 urbem

2171 4199 2274 4238 non
2300 4194 2471 4252 potest
2524 4181 2923 4252 aliterintrari.

2243 4249 2355 4324 (il)
2398 4251 2592 4324 Lamb.
2626 4249 2819 4324 aliquis
2851 4251 3071 4324 intrare.

2243 4318 2356 4395 (79.)
2397 4323 2527 4395 MSS.
2557 4318 2722 4395 Aug}.
2758 4321 3038 4395 dignitosi.

2242 4390 2358 4466 (75)
2397 4390 2714 4466 ΜεεηΑηεΙ.
2747 4391 3022 4445 honestum
3054 4390 3226 4444 uirum
3249 4401 3403 4461 atque
3436 4405 3681 4460 magnum

2243 4398 2336 4466 (75
2397 4398 2527 4449 Mss.
2553 4398 2714 4460 Angl.
2747 4398 2880 4444 Itone

2243 4398 2358 4537 (74;
2400 4463 2592 4537 Lamb.
2631 4470 2882 4537 portavit.

2242 4532 2358 4610 (75)
2397 4535 2530 4610 Mss.
2567 4533 2726 4610 Aug).
2759 4532 3028 4610 Itettestus.

2241 4603 2355 4678 (76)
2395 4605 2528 4678 Mss.
2554 4603 2713 4678 Angl.
2749 4603 3023 4678 dignitosi.

2242 4674 2357 4748 (77)
2396 4676 2526 4748 Mss.
2555 4674 2717 4748 Angl.
2742 4675 3085 4748 continentes.

2387 4746 2537 4820 _.\lss._
2560 4745 2718 4813 Angl.
2754 4744 3057 4820 dignitosis.

2238 4811 2352 4884 (79)
2385 4816 2578 4872 Lamb.
2612 4811 2788 4868 autem
2810 4811 2908 4884 pro
2932 4815 3092 4868 enim.
3119 4811 3186 4867 Et.
3209 4830 3370 4870 mox:
3413 4814 3516 4869 nisi
3538 4815 3631 4867 has
3658 4813 3746 4866 in-

2165 4890 2340 4944 duerit
2363 4904 2505 4942 cum.

2241 4961 2353 5029 (80)
2395 4957 2585 5011 Lamb.
2623 4954 2813 5024 Itaque
2848 4955 2962 5008 sine
2994 4973 3158 5029 causa
3195 4957 3314 5029 quis
3362 4955 3596 5024 portabit
3640 4970 3744 5006 no-

2167 5026 2303 5093 men,
2337 5026 2442 5084 nisi
2473 5029 2637 5082 etiam
2662 5037 2710 5078 et
2740 5036 3026 5095 potestates
3054 5027 3167 5096 ejus
3199 5026 3454 5081 induerit.

2240 5102 2352 5173 (81)
2393 5098 2526 5173 Mss.
2551 5097 2708 5173 Angl.
2741 5097 3026 5173 induerint.

2243 5167 2356 5240 (82')
2398 5169 2529 5240 Mss.
2560 5167 2720 5240 Aug].
2746 5167 2998 5240 tulerunt.

2243 5236 2356 5312 (85)
2394 5239 2586 5312 Lamb.
2615 5236 3049 5312 lpsum,__in_quit,
3080 5255 3288 5312 nomen.

2244 5304 2357 5384 (84)
2400 5310 2591 5364 Lamb.
2635 5304 2788 5384 deest
2807 5304 2962 5384 _Fitii.
2995 5309 3071 5364 De
3093 5311 3318 5384 nomine
3365 5307 3487 5384 Filii
3543 5306 3638 5362 Dei
3672 5307 3752 5384 ab

2169 5376 2356 5439 electis
2386 5389 2617 5452 gestato,
2643 5376 2964 5452 vide_Apoc.
3013 5395 3074 5446 ll,
3107 5379 3208 5452 177;
3245 5395 3330 5452 nt,
3389 5379 3489 5444 12;
3529 5378 3743 5452 κιγκι,

2167 5455 2308 5509 etde
2335 5446 2480 5507 veste
2505 5449 2732 5517 nuptiali
2753 5446 2943 5503 Matth.
2976 5467 3111 5516 xxn,
3143 5451 3228 5504 11.
3253 5449 3425 5503 Porro
3455 5449 3745 5518 apostolus

2168 5525 2370 5578 l’aulus
2392 5522 2541 5590 jubet
2570 5519 2839 5590 Cliristunt
2858 5521 3094 5585 induere,
3125 5521 3282 5577 Rom.
3305 5537 3426 5585 xm,
3455 5520 3544 5572 11.
3574 5518 3740 5573 FELL.

2242 5595 2353 5662 (85)
2392 5587 2798 5662 LambLFilius
2831 5592 2971 5645 enim
3016 5592 3110 5644 Dei
3141 5593 3256 5660 ipsa
3289 5593 3506 5662 nomina
3538 5601 3742 5657 portat.

2179 5659 2543 5732 Quoscunque.
2584 5660 2754 5717 Habet
2795 5659 3201 5735 quoquel’ilius
3224 5662 3316 5716 Dei
3354 5659 3488 5716 Felli
3521 5663 3610 5717 ed.
3640 5662 3744 5714 0x.
