4076 6142
439 224 546 282 997
1526 222 2048 282 PASTOR.—LIB.
2088 221 2174 278 III.
2217 223 2422 282 SIMIL.
2463 226 2554 282 IX.
3589 247 3693 308 998

1830 339 2063 398 CAPUT
2097 340 2260 398 XVII.

505 437 576 496 Et
616 438 729 495 dixi
763 459 777 496 :
808 440 965 498 Nunc
999 441 1218 508 iterum,
1271 437 1510 503 domine,
1551 445 1608 494 et
1633 437 1703 493 de
1730 437 2016 493 montibus
2061 437 2170 493 illis
2205 438 2340 494 mihi
2387 438 2744 508 demonstra,
2786 458 2957 512 quare
2983 446 3142 516 varii,
3174 457 3232 505 et
3259 451 3367 507 alia
3394 464 3559 526 atque
3581 459 3688 512 alia

434 543 570 592 sunt
614 533 807 605 ﬁgura.
834 533 997 599 Audi,
1031 533 1207 604 inquit
1239 551 1251 588 :
1281 531 1348 588 Hi
1393 532 1682 589 duodecim
1727 539 1943 586 montes
1975 545 2116 601 quos
2143 530 2319 597 vides,
2355 532 2649 589 duodecim
2694 543 2825 590 sunt
2871 547 3057 606 gentes
3086 557 3210 612 quae
3238 554 3410 603 totum
3438 550 3690 609 obtine";

432 629 622 684 orbem
640 628 776 701 (24).
795 627 1126 684 Praedicatus
1157 637 1242 684 est
1268 643 1398 700 ergo
1429 629 1484 682 in
1517 628 1598 684 eis
1624 625 1797 681 Filius
1820 625 1936 693 Dei,
1955 641 2051 696 per
2079 642 2174 682 eos
2201 642 2344 698 quos
2373 627 2492 699 ipse
2523 631 2590 685 ad
2621 631 2742 686 illos
2777 633 2950 687 misit.
2977 634 3158 700 Quare
3190 649 3396 709 autem,
3436 643 3683 714 inquam,

430 722 574 778 varii
597 729 814 789 sunt,et
841 720 948 776 alia
978 731 1143 791 atque
1173 721 1279 774 alia
1302 720 1517 792 ﬁgura?
1539 720 1679 773 Audi
1713 738 1727 772 :
1760 717 1854 775 Hae
1883 719 2172 778 duodecim
2200 733 2388 795 gentes
2408 742 2532 796 quae
2561 735 2734 783 totum
2766 731 3015 786 obtinent
3043 735 3252 804 orbem,
3281 738 3568 796 duodecim
3594 758 3686 798 na-

432 817 612 873 tiones
659 825 789 872 sunt
820 835 834 871 :
865 824 920 872 et
948 817 1091 871 sicut
1112 831 1208 870 eos
1230 824 1443 870 montes
1464 814 1648 870 vidisti
1665 816 1876 882 varios;
1910 817 1983 871 ita
2015 826 2070 871 et
2111 819 2194 873 ha:
2241 829 2450 890 gentes.
2490 821 2699 879 Sensus
2736 841 2956 896 quoque
2978 834 3034 881 et
3063 839 3221 885 actus
3248 834 3682 907 uniuscujusque

431 915 641 970 montis
689 922 742 968 te
791 913 1019 969 docebo.
1055 912 1237 982 Prius,
1271 916 1518 986 inquam,
1564 915 1805 980 domine,
1841 917 1944 972 hoc
1999 917 2134 971 mihi
2184 919 2501 976 demonstra
2537 940 2550 976 :
2583 937 2708 977 tum
2741 924 2851 978 sint
2882 933 2993 981 tam
3026 933 3163 989 varii
3195 934 3308 1006 (25)
3343 935 3398 989 hi
3428 927 3678 1002 montes,

429 1023 669 1080 quonam
719 1015 879 1078 pacto
905 1007 958 1064 in
971 1015 1305 1064 structuram
1349 1010 1515 1079 hujus
1548 1011 1714 1065 turris
1756 1011 2134 1080 convenerint,
2162 1030 2382 1084 unoque
2407 1016 2724 1088 redigantur
2751 1020 2958 1086 colore,
2988 1032 3040 1078 et
3068 1039 3175 1077 non
3204 1025 3388 1082 minus
3413 1027 3680 1094 splendidi

428 1103 559 1168 sint,
592 1118 756 1174 quam
796 1102 891 1173 qui
938 1104 1305 1159 ascenderunt
1352 1120 1420 1160 ex
1458 1105 1770 1174 profundo?
1797 1104 2090 1175 Quoniam,
2130 1110 2329 1180 inquit,
2361 1112 2631 1169 universa:
2660 1117 2914 1172 nationes
2937 1134 3059 1188 quae
3091 1123 3194 1178 sub
3229 1125 3370 1180 coelo
3399 1141 3546 1187 sunt.
3577 1141 3681 1179 au-'

428 1199 647 1255 dierunt
695 1209 751 1254 et
800 1201 1171 1267 crediderunt,
1198 1213 1252 1256 et
1297 1218 1408 1257 uno
1452 1204 1676 1259 nomine
1720 1204 1843 1260 Filii
1890 1205 2007 1272 Dei,
2033 1210 2212 1264 vocati
2244 1220 2374 1268 sunt
2403 1212 2538 1284 (26).
2569 1213 2808 1285 Accepto
2853 1216 3020 1286 igitur
3048 1216 3168 1287 ejus
3199 1217 3398 1288 sigillo,
3429 1218 3678 1272 eamdem

424 1307 618 1347 omnes
672 1291 1020 1362 prudentiam
1069 1294 1435 1365 eumdemque
1472 1310 1696 1350 sensum
1751 1307 2111 1366 acceperunt;
2137 1307 2192 1354 et
2222 1315 2329 1354 una
2359 1300 2493 1357 ﬁdes
2519 1312 2686 1373 atque
2719 1303 2964 1360 Charitas
2998 1323 3186 1362 eorum
3215 1308 3336 1375 fuit,
3365 1319 3420 1363 et
3450 1307 3679 1377 spiritus

422 1393 698 1466 virginum
747 1394 941 1448 harum
969 1408 1093 1449 cum
1121 1394 1242 1465 ejus
1273 1396 1496 1452 nomine.
1525 1394 1791 1451 ferebant.
1827 1395 2064 1468 Ideoque
2094 1409 2372 1455 structura
2397 1401 2567 1458 turris
2591 1403 2757 1472 hujus
2797 1402 3054 1459 concolor
3080 1401 3387 1464 videbatur,
3420 1409 3475 1455 et
3503 1398 3677 1469 fulge-

421 1491 518 1548 bat
541 1505 716 1561 usque
758 1490 826 1544 ad
869 1489 1002 1546 solis
1049 1489 1377 1544 claritatem.
1403 1487 1474 1542 At
1505 1503 1637 1542 vero
1667 1497 1958 1560 postquam
1991 1490 2065 1545 ita
2094 1500 2386 1547 senserunt
2414 1490 2558 1566 (27);
2586 1511 2759 1549 unum
2788 1510 2991 1565 corpus
3017 1509 3207 1551 eorum
3231 1494 3396 1562 coepit
3418 1507 3538 1548 esse
3557 1506 3677 1546 om-

419 1590 599 1646 nium.
632 1587 865 1656 Quidam
915 1597 1098 1642 tamen
1136 1602 1205 1642 ex
1249 1587 1329 1642 eis
1373 1585 1787 1641 maculaverunt
1826 1601 1905 1650 se,
1936 1595 1990 1641 et
2016 1587 2246 1658 projecti
2277 1598 2405 1644 sunt
2436 1589 2503 1644 de
2536 1606 2735 1661 genere
2758 1590 3058 1662 iustorum,
3087 1598 3141 1644 et
3168 1589 3364 1643 iterum
3397 1586 3676 1643 redierunt

417 1685 488 1743 ad
527 1693 731 1740 statum
773 1682 1091 1755 pristinum,
1123 1683 1290 1746 atque
1317 1673 1485 1730 etiam
1513 1672 1816 1729 deteriores
1839 1688 2006 1743 quam
2039 1675 2192 1745 prius
2221 1673 2334 1748 (28)
2369 1688 2681 1734 evaserunt.

1816 1790 2051 1848 CAPUT
2089 1793 2280 1850 XVIII.

491 1892 615 1962 Quo
646 1892 832 1961 modo,
862 1892 1109 1962 inquam,
1136 1888 1359 1946 domine
1381 1885 1516 1959 (29),
1547 1886 1848 1942 deteriores
1879 1888 1976 1959 qui
2020 1901 2394 1961 cognoverunt
2431 1891 2763 1948 Dominum?
2791 1891 2858 1948 Et
2885 1893 3023 1949 dixit
3050 1911 3065 1949 :
3104 1892 3156 1949 Is
3180 1893 3400 1964 quidem
3435 1892 3530 1963 qui
3559 1907 3670 1947 non

414 1992 570 2047 novit
605 1991 934 2055 Dominum,
963 1989 1010 2044 si
1041 1987 1292 2058 nequiter
1318 1984 1472 2050 vivit,
1498 1993 1685 2038 manet
1721 1983 1778 2038 in
1813 1999 1881 2040 eo
1905 1983 2018 2056 (50)
2044 1987 2302 2057 nequitiae
2345 2003 2462 2044 suae
2488 2004 2672 2059 paena.
2703 1989 2774 2045 At
2803 1990 2897 2060 qui
2922 1990 3078 2044 novit
3109 1988 3424 2055 Dominum,
3445 1989 3672 2043 omnino

417 2085 697 2140 abstinere
725 2099 785 2139 se
812 2082 974 2137 debet
999 2083 1067 2136 ab
1090 2081 1243 2136 omni
1281 2080 1548 2150 nequitia,
1582 2087 1637 2133 et
1668 2079 1841 2150 magis
1865 2081 2150 2152 magisque
2179 2084 2385 2139 servire
2414 2084 2643 2140 bonitati
2663 2085 2731 2141 ".
2763 2085 2956 2141 Nonne
2977 2102 3108 2156 ergo
3134 2085 3225 2141 ille
3249 2086 3344 2155 qui
3368 2087 3670 2143 bonitatem

417 2181 575 2252 sequi
620 2179 872 2245 debebat,
905 2178 951 2233 si
989 2176 1250 2247 nequitiae
1281 2174 1535 2246 praeferat
1558 2181 1766 2244 partes,
1795 2174 1919 2244 plus
1945 2190 2174 2246 peccare
2201 2177 2434 2242 videtur,
2467 2193 2634 2248 quam
2668 2179 2715 2234 is
2747 2179 2839 2248 qui
2875 2179 3106 2251 deliquit
3142 2183 3402 2253 ignorans
3431 2182 3525 2237 Dei
3555 2183 3670 2237 vir-

421 2274 630 2330 tutem?
664 2274 918 2342 Ideoque,
945 2271 1001 2324 hi
1023 2269 1241 2340 quidem
1267 2267 1432 2323 morti
1462 2266 1720 2321 destinati
1753 2276 1883 2321 sunt
1916 2285 1930 2321 :
1967 2279 2021 2322 at
2051 2283 2182 2322 vero
2201 2268 2256 2322 hi
2281 2269 2376 2338 qui
2403 2279 2780 2338 cognoverunt
2813 2270 3128 2338 Dominum,
3163 2283 3325 2344 atque
3351 2276 3472 2344 ejus
3502 2277 3672 2330 mira-

413 2370 547 2426 bilia
572 2383 739 2440 opera
762 2367 1039 2430 viderunt,
1071 2365 1118 2421 si
1145 2363 1394 2434 nequiter
1425 2362 1636 2429 vivunt,
1668 2361 1835 2431 duplo
1865 2362 1978 2433 (51)
2017 2364 2252 2432 amplius
2285 2364 2601 2433 punientur,
2632 2373 2686 2420 et
2717 2364 2820 2435 ipsi
2848 2369 3155 2424 morientur
3188 2372 3242 2424 in
3277 2386 3475 2426 aevum.
3513 2369 3668 2426 Sicut

413 2480 546 2536 ergo
577 2463 788 2530 vidisti,
817 2470 1108 2532 postquam
1142 2461 1302 2531 ejecti
1336 2467 1466 2517 sunt
1488 2459 1697 2529 lapides
1738 2459 1806 2514 de
1834 2460 1973 2513 turri
2005 2458 2100 2529 qui
2138 2459 2410 2529 reprobati
2438 2469 2615 2526 erant,
2652 2461 2838 2516 traditi
2866 2473 2997 2519 sunt
3027 2467 3313 2536 spiritibus
3343 2467 3668 2537 perniciosis

412 2571 578 2630 atque
606 2558 794 2624 saevis;
827 2566 883 2611 et
911 2556 984 2611 ita
1010 2555 1355 2626 puriﬁcatam
1391 2555 1589 2610 turrim
1621 2554 1808 2609 vidisti
1839 2554 1977 2625 (52).
2003 2563 2064 2609 ut
2093 2555 2409 2609 crederetur
2438 2571 2503 2610 ex
2533 2571 2643 2610 uno
2676 2557 2854 2626 lapide
2883 2571 3002 2612 esse
3031 2564 3141 2609 tota
3176 2574 3189 2609 :
3232 2557 3304 2610 ita
3342 2565 3396 2611 et
3423 2555 3667 2613 Ecclesia

412 2649 512 2706 Dei
538 2666 664 2707 cum
697 2648 985 2720 puriﬁcata
1016 2645 1203 2712 fuerit,
1240 2645 1431 2716 ejectis
1460 2659 1529 2700 ex
1557 2659 1620 2700 ea
1650 2645 1812 2699 malis
1841 2654 2004 2714 atque
2028 2646 2191 2712 ﬁctis,
2219 2645 2466 2702 scelestis
2489 2656 2543 2701 et
2571 2648 2773 2713 dubiis,
2805 2658 2859 2702 et
2898 2647 3212 2718 quicunque
3245 2649 3494 2717 nequiter
3520 2649 3572 2702 in
3602 2664 3666 2704 ea

412 2758 474 2800 se
503 2749 813 2814 gesserunt,
841 2755 907 2796 ac
936 2739 1106 2795 variis
1126 2737 1388 2808 nequitiae
1409 2744 1758 2806 peccatorum
1787 2735 2079 2805 generibus
2124 2736 2234 2790 erit
2293 2752 2464 2792 unum
2488 2752 2688 2808 corpus
2714 2739 2854 2808 ejus,
2878 2755 3022 2792 unus
3053 2739 3666 2810 intellectus(55),unus

413 2843 629 2901 sensus,
663 2851 770 2889 una
809 2833 963 2899 ﬁdes,
998 2833 1296 2905 eademque
1345 2832 1583 2888 charitas
1624 2848 1640 2887 :
1677 2841 1732 2887 et
1763 2843 1895 2888 tunc
1948 2831 2122 2887 Filius
2161 2830 2258 2886 Dei
2310 2833 2585 2888 laetabitur
2617 2834 2732 2905 (54)
2777 2837 2917 2889 inter
2945 2833 3092 2899 illos,
3116 2844 3170 2889 et
3203 2833 3430 2904 recipiet
3476 2834 3668 2889 volun-

407 2935 521 2983 tate
560 2942 695 2998 pura
719 2926 981 2997 populum
1025 2940 1186 2981 suum
1209 2923 1345 2998 (55).
1379 2923 1446 2978 Et
1473 2923 1588 2980 dixi
1622 2939 1636 2975 :
1671 2921 1923 2987 Domine,
1950 2921 2240 2992 magniﬁce
2261 2932 2316 2977 et
2346 2923 2643 2978 honoriﬁce
2667 2923 2780 2995 (56)
2804 2941 2862 2980 se
2888 2925 3090 2984 habent
3113 2939 3329 2985 cuncta.
3364 2927 3522 2985 Nunc
3561 2931 3667 2983 mi-

409 3019 467 3076 hi
499 3019 812 3075 demonstra
845 3017 1098 3074 eﬂectum
1142 3030 1199 3077 et
1242 3023 1353 3077 vim
1389 3021 1824 3091 uniuscujusque
1874 3023 2110 3085 montis;
2143 3028 2206 3074 ut
2239 3019 2418 3074 omnis
2452 3021 2635 3074 anima
2680 3021 2736 3074 in
2787 3021 3022 3082 Domino
3077 3028 3274 3092 ﬁdens,
3311 3027 3516 3081 auditis
3549 3021 3689 3094 his,

406 3111 643 3168 honoret
675 3127 934 3183 magnum
969 3125 1034 3165 ac
1063 3111 1315 3170 mirabile
1337 3121 1392 3169 et
1419 3121 1673 3170 sanctum
1705 3112 1818 3183 (57)
1853 3127 2052 3166 nomen
2087 3111 2227 3181 ejus.
2247 3109 2414 3180 Audi,
2438 3112 2637 3182 inquit,
2659 3115 2981 3171 varietatem
3003 3119 3116 3189 (58)
3143 3119 3339 3173 horum
3368 3118 3661 3187 montium,

405 3210 461 3270 id
492 3219 576 3266 est
603 3208 892 3265 duodecim
921 3207 1188 3279 gentium.

1811 3293 2044 3351 CAPUT
2094 3291 2236 3346 XIX.

476 3395 554 3450 De
580 3393 761 3465 primo
798 3401 984 3450 monte
1015 3392 1173 3464 nigro
1208 3409 1223 3447 :
1265 3391 1360 3463 qui
1402 3389 1775 3457 crediderunt,
1808 3389 2107 3463 transfugae
2150 3398 2304 3458 sunt,
2338 3405 2404 3446 ac
2432 3390 2670 3446 nefanda
2705 3391 2764 3446 in
2801 3390 3092 3447 Dominum
3127 3394 3410 3463 loquentes
3458 3401 3512 3448 et
3544 3408 3672 3464 pro-

404 3493 612 3548 ditores
643 3491 757 3562 (59)
787 3505 1071 3547 servorum
1106 3489 1224 3545 Dei.
1265 3487 1380 3545 Illis
1409 3488 1693 3560 proposita
1737 3502 1889 3543 mors
1919 3496 2022 3553 est,
2059 3487 2381 3559 pmnitentia
2413 3504 2524 3542 non
2554 3495 2659 3552 est,
2697 3488 2931 3558 ideoque
2966 3486 3109 3556 nigri
3142 3494 3302 3550 sunt;
3333 3487 3462 3554 quia
3491 3501 3664 3554 genus

404 3605 598 3648 eorum
629 3589 920 3646 scelestum
956 3595 1060 3643 est.
1097 3585 1176 3641 De
1208 3585 1453 3641 secundo
1479 3597 1611 3638 vero
1658 3592 1844 3639 monte
1877 3584 2135 3654 glabroso
2151 3582 2265 3656 (40)
2295 3602 2308 3638 :
2345 3583 2455 3638 ﬁcti
2487 3592 2616 3638 sunt
2643 3584 2737 3654 qui
2774 3583 3145 3649 crediderunt,
3169 3590 3224 3636 et
3254 3581 3507 3636 doctores
3535 3591 3665 3638 sunt

403 3687 690 3758 nequitiae;
719 3695 776 3742 et
819 3685 876 3740 hi
929 3681 1167 3755 proximi
1222 3690 1353 3736 sunt
1398 3679 1800 3750 superioribus,
1837 3697 1945 3736 non
1980 3680 2255 3736 habentes
2285 3681 2427 3736 inter
2455 3696 2514 3736 se
2541 3679 2783 3736 fructum
2816 3679 3111 3749 aequitatis.
3139 3677 3292 3732 Sicut
3323 3677 3466 3732 enim
3503 3689 3664 3730 mons

404 3797 602 3840 eorum
641 3781 846 3838 sterilis
877 3788 962 3836 est
989 3779 1126 3849 (4i),
1161 3793 1227 3833 ac
1274 3776 1393 3832 sine
1443 3775 1657 3841 fructu;
1695 3777 1769 3830 ita
1817 3786 1873 3831 et
1930 3775 2254 3846 hujusmodi
2291 3776 2541 3832 homines
2588 3776 2792 3832 habent
2841 3776 3064 3846 quidem
3123 3789 3347 3838 nomen,
3377 3773 3483 3826 ﬁde
3531 3784 3662 3826 vero

406 3873 598 3929 inanes
628 3878 778 3937 sunt,
806 3883 987 3939 neque
1023 3874 1108 3922 est
1139 3865 1197 3920 in
1230 3865 1313 3920 eis
1346 3865 1492 3920 ullus
1527 3861 1740 3919 fructus
1770 3864 2039 3919 veritatis.
2066 3864 2163 3920 liis
2196 3873 2378 3920 tamen
2410 3865 2538 3920 data
2560 3875 2644 3922 est
2674 3866 3017 3937 poenitentia,
3044 3866 3091 3922 si
3125 3867 3236 3920 cito
3270 3879 3392 3919 eam
3422 3878 3658 3933 sequun-

402 3971 492 4018 tur
545 3980 559 4017 :
609 3961 697 4017 sin
749 3969 932 4016 autem
993 3956 1232 4025 tardant,
1268 3965 1433 4012 erunt
1464 3965 1520 4011 et
1549 3957 1655 4028 ipsi
1707 3957 1902 4011 mortis
1931 3957 2178 4027 priorum
2213 3966 2523 4013 consortes.
2563 3956 2764 4024 Quare,
2792 3959 3040 4029 inquam,
3069 3957 3308 4024 domine,
3340 3957 3407 4011 iis
3437 3956 3661 4027 quidem

401 4050 583 4107 aditus
613 4058 696 4106 est
718 4049 786 4104 ad
815 4046 1221 4120 paenitentiam,
1247 4046 1524 4117 prioribus
1558 4061 1689 4102 vero
1722 4061 1831 4102 non
1863 4046 1989 4102 est?
2017 4061 2154 4116 pene
2186 4047 2331 4101 enim
2357 4062 2547 4101 eorum
2583 4047 2770 4103 eadem
2805 4059 2934 4105 sunt
2967 4051 3226 4106 admissa.
3257 4049 3406 4114 Ideo,
3456 4049 3657 4118 inquit,

398 4148 486 4197 est
517 4141 606 4196 his
625 4157 722 4220 per
749 4139 1125 4210 paenitentiam
1151 4135 1265 4208 (42)
1288 4151 1576 4208 regressus
1618 4136 1686 4191 ad
1736 4136 1928 4204 vitam,
1953 4138 2082 4208 quia
2108 4137 2224 4207 (45)
2256 4138 2392 4193 nihil
2423 4139 2478 4192 in
2499 4137 2792 4194 Dominum
2817 4156 2979 4197 suum
3007 4143 3169 4198 locuti
3203 4149 3332 4198 sunt
3363 4141 3659 4198 nefandum

400 4254 580 4310 neque
604 4237 916 4308 proditores
944 4248 1232 4290 servorum
1267 4231 1363 4288 Dei
1393 4231 1618 4287 fuerunt
1653 4250 1666 4286 :
1696 4231 1791 4288 sed
1817 4246 1915 4303 per
1943 4232 2239 4302 quamdam
2263 4231 2503 4288 habendi
2529 4232 2640 4303 (44)
2665 4233 3018 4303 cupiditatem
3056 4234 3364 4291 fefellerunt
3385 4234 3656 4297 homines,

472 4353 515 4384 I7
533 4352 578 4384 11
606 4350 666 4384 'l‘i

533 4352 580 4406 ll
606 4349 750 4404 Tim.
779 4364 842 4416 ιι,
867 4349 956 4404 19.

1510 4439 1744 4497 VARIAE
1781 4437 2143 4497 LECTIONE:

1510 4439 1744 4497 VARIIE
1781 4437 2176 4497 LECTIONES
2213 4435 2304 4494 ET
2339 4435 2571 4492 NOTIE.

472 4559 586 4630 (24)
617 4557 820 4630 Auctor
861 4551 1298 4630 ΔΟρεῄεςΑἱηῳενιὶ
1348 4555 1404 4610 in
1459 4554 1652 4630 Matth.
1706 4553 1924 4630 itu,_28
1953 4572 1968 4608 :
2146 4555 2261 4630 (55)
2290 4555 2492 4630 Lamb.
2517 4564 2569 4630 et
2589 4556 2699 4630 erit
2719 4572 2905 4630 corpus
2934 4555 3048 4624 ejus
3087 4569 3223 4608 unus
3247 4551 3563 4606 intellectus.

404 4623 689 4700 Quoniam,
726 4623 929 4700 inquit,
969 4623 1283 4700 Iudaeorum
1333 4626 1557 4696 populus
1594 4627 1649 4700 in
1693 4625 1968 4700 duodecim
2145 4623 2261 4700 (54)
2289 4623 2845 4700 Lamibulqudabizur.

404 4691 572 4756 fribus
599 4691 947 4767 fuitdivisus;
982 4697 1059 4749 sic
1079 4706 1128 4750 et
1157 4691 1430 4767 universus
1452 4696 1682 4767 populus
1706 4693 1962 4750 Christia-
2084 4765 2108 4767 ι
2147 4691 2260 4767 (55)
2295 4695 2448 4767 Bodl.
2484 4691 2804 4751 uoluntatem
2838 4712 3049 4766 puram,
3085 4703 3287 4761 recepto
3313 4691 3504 4760 popqu
3532 4707 3650 4746 suo.

403 4788 500 4826 mts
534 4769 731 4823 divisus
755 4777 831 4820 est
860 4766 916 4819 in
945 4767 1221 4820 duodecim
1264 4766 1453 4831 tribus,
1493 4766 1776 4820 secundum
1803 4782 1968 4836 quas-
2075 4765 2169 4821 Sic
2202 4777 2255 4821 et
2292 4765 2484 4836 Lamb.
2511 4769 2720 4822 omissa
2755 4765 2932 4822 tamen
2961 4779 3112 4830 voce,
3143 4773 3366 4832 recepto.

401 4844 529 4897 dam
555 4838 896 4907 proprietates
923 4837 1242 4901 animorum,
1266 4845 1371 4891 etc.
1405 4835 1565 4890 FELL.
1816 4835 1823 4836 7
2146 4837 2260 4906 (56)
2285 4835 2480 4907 Lamb.
2509 4838 2742 4893 honeste.

495 4859 529 4895 η
592 4857 896 4907 τορηειαιεδ
923 4857 1242 4901 animarum,
1266 4857 1371 4891 CW.
1405 4857 1565 4890 I‘ELL.
2146 4857 2260 4906 (00)
2287 4857 2480 4893 Lamo.
2509 4857 2742 4893 ηοηεειε.

495 4857 587 4986 2E5
611 4907 806 4986 Lamb.
829 4917 1081 4986 tanquam
1110 4923 1250 4986 aqua
1280 4907 1439 4986 varii.
1482 4976 1513 4986 ἢ
1555 4977 1566 4986 _
1957 4979 1969 4986 _
2283 4906 2476 4986 Lamb.
2501 4909 2801 4986 des_unt,_et
2814 4917 3157 4986 sanctum.“
3183 4960 3208 4986 ,ν
3330 4971 3384 4986 m
3477 4983 3487 4986 _
3515 4971 3556 4986 κ

495 4971 586 5044 26)
611 4978 710 5033 Ms.
746 4975 883 5032 Vict.
908 4971 958 5030 et
987 4978 1044 5030 in
1077 4971 1284 5031 nomine
1305 4975 1439 5030 Filii
1473 4976 1587 5042 Dei,
1610 4993 1643 5030 a
1669 4993 1771 5034 quo
1797 4979 1969 5030 vocati
2145 4971 2259 5044 (58)
2292 4977 2371 5032 Ita
2407 4994 2541 5034 mss.
2588 4971 2994 5044 Lauib.,Carm.
3021 4989 3076 5032 et
3096 4971 3302 5030 Victor.
3330 4971 3421 5028 Sic
3439 4983 3494 5029 et
3514 4971 3650 5029 Fclli

401 5045 545 5112 sunt.
567 5045 705 5104 Felli
733 5048 864 5104 edit.
894 5045 1070 5102 Oxon.
1103 5048 1306 5104 omissa
1355 5046 1760 5116 conjunctione,
1784 5048 1840 5101 in
1865 5064 1970 5100 uno
2073 5045 2206 5103 edit.
2235 5047 2412 5102 Oxon.
2442 5049 2526 5102 Al.
2560 5050 2851 5103 veritatem.

400 5123 630 5181 nomine.
2145 5118 2258 5180 (59)
2288 5117 2478 5173 Lamb.
2510 5121 2814 5173 traditores.

470 5190 584 5261 (27)
618 5190 808 5246 Lamb.
853 5190 994 5243 intra
1032 5189 1272 5250 se,BodI.
1317 5190 1455 5261 inter
1484 5204 1538 5242 se
1570 5201 1965 5261 consenserunt.
2145 5188 2256 5261 (40)
2285 5187 2429 5261 _Mss.
2459 5189 2649 5261 Lamb.
2677 5197 2731 5241 et
2762 5187 2898 5243 Vict.
2928 5196 3194 5245 scabrosa.

469 5257 583 5336 (28)
628 5261 822 5316 Lamb.
881 5276 1040 5330 quam
1107 5261 1300 5331 potius.
1359 5259 1514 5316 Bodl.
1569 5260 1768 5314 desunt
1810 5274 1969 5329 quam
2145 5259 2258 5336 (4|)
2285 5257 2476 5336 Lamb.
2531 5260 2730 5336 (lesunt
2774 5276 2921 5314 mons
2955 5272 3009 5316 et
3053 5271 3152 5316 est.
3200 5259 3381 5315 Fellus
3427 5272 3647 5328 quoque

397 5327 576 5410 prius.
622 5405 643 5410 _
757 5404 771 5410 _
863 5327 903 5410 ι’
1060 5327 1118 5410 _'
1193 5403 1206 5410 _
1316 5349 1322 5354 '
1822 5327 1831 5329 7
2073 5327 2377 5410 omittit'est
2408 5330 2460 5410 i_n
2499 5329 2634 5410 edit.
2660 5327 2836 5410 Oxon.

472 5406 585 5476 (29)
621 5404 813 5460 Lamb.
843 5402 1015 5469 deest,
1052 5400 1292 5459 Domine.
2143 5400 2254 5476 (42)
2284 5397 2473 5476 Lamb.
2498 5400 2834 5476 paenitentia

494 5463 582 5552 5Q)
604 5475 796 5552 Lamb.
827 5463 1054 5552 c_um__e'q.
2082 5463 2377 5552 “(tm-Sic
2427 5463 2560 5524 mss.
2611 5469 2795 5524 Carm.
2827 5479 2882 5525 et
2925 5468 3064 5527 Vict.
3103 5471 3193 5528 Sic
3226 5480 3280 5526 ct
3303 5470 3434 5527 edit.
3461 5467 3642 5525 Oxon.

497 5540 586 5607 51)
615 5546 807 5601 Lamb.
832 5544 1118 5611 duplicius.
1778 5607 1788 5611 Α
2069 5540 2157 5594 Al.
2183 5543 2290 5609 qui.

473 5607 585 5686 352)
623 5616 809 5671 Lamb.
835 5607 1005 5677 deest,
1052 5614 1252 5672 vidisti.
1288 5611 1405 5670 Huc
1445 5612 1670 5682 respicit
1699 5607 1963 5680 Origenes
2141 5607 2252 5678 (44)
2289 5609 2417 5666 Mss.
2446 5609 2606 5682 Aug].
2639 5611 2952 5680 accipiendi.

400 5675 663 5744 Phitoeal.
696 5702 816 5756 cap.
849 5687 898 5741 8.
