4076 6142
493 294 601 350 999
1368 279 1383 301 ‘
1567 267 1576 285 '
1917 287 1976 340 s.
2009 283 2274 339 uanum
3607 284 3743 338 tum

493 406 754 462 ducentes
771 421 864 463 eos
887 404 1185 461 secundum
1208 398 1661 471 cupiditatesMS)
1689 396 2063 467 peccantium;
2092 395 2214 451 ideo
2230 395 2438 450 dabunt
2464 394 2757 468 quamdam
2781 394 2902 466 ejus
2921 393 2997 447 rei
3019 405 3270 461 pmnam;
3305 390 3399 446 sed
3433 398 3610 444 tamen
3629 391 3739 462 (46)

493 501 564 556 iis
596 500 876 571 proposita
910 507 994 554 est
1025 490 1507 568 ptenitentla,quia
1527 488 1641 560 (47)
1678 485 1814 541 nihil
1846 486 1908 541 'in
1942 484 2236 540 Dominum
2272 499 2434 539 suum
2467 485 2726 541 dixerunt
2755 483 3077 538 nefandum.

1913 603 2143 660 CAPUT
2190 602 2309 657 XX.

497 716 506 730 ’
564 708 640 764 De
689 709 854 763 tertio
905 722 1037 762 vero
1075 714 1260 760 monte
1303 701 1397 772 qui
1446 701 1633 770 spinas
1661 708 1716 754 et
1764 698 1995 754 tribulos
2039 696 2279 752 habebat
2317 713 2330 749 :
2370 695 2507 750 tales
2550 703 2678 750 sunt
2716 695 2810 764 qui
2859 695 3230 761 crediderunt,
3269 697 3467 752 divites
3493 696 3740 766 quidam,

493 803 714 874 quidam
775 809 956 855 autem
1003 797 1250 868 plurimis
1303 797 1555 852 obstricti
1623 794 1853 865 negotiis
1913 793 2026 864 (48)
2062 811 2075 846 :
2112 792 2299 846 tribuli
2349 792 2498 846 enim
2540 791 2742 846 divitia:
2781 790 3001 857 sunt";
3043 793 3216 862 spinae
3250 808 3398 858 vero,
3425 794 3517 864 qui
3556 795 3743 850 multis

492 901 712 970 obligati
751 907 879 953 sunt
917 898 1168 968 negotiis.
1195 891 1259 946 lli
1289 907 1419 962 ergo
1445 890 1558 962 (49)
1589 889 1682 960 qui
1713 889 1970 959 plurimis
1996 888 2222 958 obligati
2251 896 2381 943 sunt
2405 887 2640 957 negotiis
2670 887 2946 956 variisque
2975 886 3160 952 rebus,
3197 901 3304 940 non
3342 885 3649 958 adjunguut
3669 903 3735 943 se

495 992 667 1046 servis
703 990 795 1042 Dei
815 1031 828 1050 ,
863 989 958 1045 sed
990 990 1271 1051 aberrant,
1297 986 1366 1040 ab
1394 985 1478 1040 his
1504 985 1736 1054 negotiis
1770 983 2007 1038 revocati
2039 980 2152 1052 (50)
2181 998 2212 1036 a
2241 981 2444 1052 quibus
2477 980 2838 1037 suﬂ‘ocantur.
2873 980 3048 1036 Etiam
3077 991 3133 1036 et
3162 981 3218 1036 hi
3249 982 3341 1052 qui
3365 982 3560 1039 divites
3590 995 3741 1049 sunt,

495 1081 597 1150 ipsi
637 1079 884 1133 diliiciles
928 1094 988 1133 se
1036 1079 1102 1132 ad
1137 1075 1608 1130 conversationem
1635 1074 1749 1144 (51)
1779 1088 2061 1127 servorum
2095 1072 2192 1126 Dei
2235 1071 2496 1142 praebent,
2532 1081 2836 1128 metuentes
2871 1088 2939 1126 ne
2970 1074 3100 1144 quid
3129 1086 3385 1145 poscatur
3411 1078 3480 1133 ab
3506 1079 3613 1133 illis
3641 1097 3655 1133 :
3686 1079 3744 1136 hi

494 1186 624 1241 ergo
648 1171 865 1225 difﬁcile
897 1172 950 1224 in
987 1186 1212 1241 regnum
1251 1169 1344 1224 Dei
1381 1170 1660 1224 intrabunt
1679 1170 1747 1225 ".
1786 1169 1943 1224 Sicut
1977 1169 2122 1223 enim
2167 1169 2491 1224 excalceatis
2524 1169 2778 1238 pedibus,
2804 1168 3018 1224 difﬁcile
3044 1171 3098 1225 in
3135 1173 3350 1228 tribulis
3376 1174 3689 1230 ambulatur
3723 1193 3739 1230 :

495 1269 574 1324 sic
598 1277 651 1322 et
684 1267 994 1338 hujusmodi
1033 1269 1281 1324 homines
1315 1267 1532 1322 difﬁcile
1553 1275 1636 1322 est
1670 1266 1724 1320 in
1753 1281 1978 1336 regnum
2003 1263 2099 1320 Dei
2145 1265 2374 1319 intrare.
2421 1261 2527 1318 Sed
2563 1274 2617 1318 et
2648 1265 2729 1320 eis
2755 1265 3010 1320 omnibus
3063 1265 3222 1320 datur
3256 1266 3325 1321 ad
3359 1267 3741 1336 paenitentiam

494 1375 796 1432 regressus,
829 1361 875 1416 si
930 1370 1108 1415 tamen
1174 1365 1284 1418 cito
1341 1363 1603 1418 redierint
1657 1362 1723 1417 ad
1772 1363 1957 1427 illam;
1996 1369 2057 1415 ut
2109 1360 2237 1430 quia
2275 1359 2552 1430 prioribus
2586 1359 2780 1414 diebus
2820 1369 3175 1414 cessaverunt
3199 1361 3267 1415 ab
3294 1376 3478 1431 opere,
3509 1362 3742 1430 repetito

495 1461 738 1523 tempore
781 1453 984 1522 aliquid
1033 1454 1160 1508 boni
1196 1453 1372 1510 facere
1420 1453 1671 1524 possint-
1704 1453 1834 1507 Acta
1874 1453 2038 1523 igitur
2074 1453 2416 1522 poenitentia,
2466 1452 2512 1507 si
2562 1451 2791 1507 fecerint
2845 1467 3009 1522 opera
3064 1454 3346 1520 bonitatis,
3385 1453 3566 1509 vivent
3601 1473 3616 1509 :
3651 1454 3740 1511 sin

495 1555 675 1602 autem
711 1547 764 1600 in
801 1547 1056 1604 admissis
1090 1548 1205 1603 suis
1242 1543 1666 1614 permanserint,
1694 1544 1973 1598 tradentur
2005 1543 2328 1596 mulieribus
2362 1541 2469 1597 illis
2501 1557 2622 1611 qua:
2654 1542 2734 1596 eis
2769 1540 3020 1596 auferent
3046 1543 3231 1598 vitam.

1911 1663 2140 1719 CAPUT
2185 1661 2331 1717 XXI.

566 1763 641 1818 De
695 1772 893 1834 quarto
944 1775 1074 1814 vero
1128 1767 1312 1813 monte
1359 1759 1592 1814 habente
1635 1758 1922 1829 plurimam
1971 1757 2198 1812 herbam
2225 1754 2363 1825 (52),
2397 1754 2554 1822 cujus
2599 1754 2850 1824 superior
2893 1769 3020 1823 pars
3051 1753 3241 1809 viridis
3272 1761 3410 1819 erat,
3449 1755 3580 1824 ipsa:
3610 1772 3742 1812 vero

497 1856 708 1913 radiees
763 1859 954 1922 aridae;
1014 1857 1261 1925 quaedam
1319 1855 1481 1908 etiam
1517 1871 1548 1907 a
1581 1854 1713 1909 solis
1735 1854 1932 1908 ardore
1956 1850 2070 1921 (55)
2096 1859 2255 1905 tactae
2287 1849 2608 1905 arescebaut
2641 1867 2655 1904 :
2693 1848 3005 1919 hujusmodi
3041 1858 3170 1902 sunt
3202 1847 3422 1916 quidam
3456 1847 3605 1903 dubii
3641 1851 3735 1920 qui

495 1954 864 2017 crediderunt,
915 1962 969 2006 et
1025 1953 1244 2024 quidam
1280 1953 1370 2006 alii
1409 1953 1462 2006 in
1497 1953 1659 2008 labiis
1701 1949 2018 2014 Dominum;
2043 1958 2162 2003 non
2211 1949 2268 2002 in
2311 1947 2476 2002 corde
2516 1945 2772 2001 ferentes.
2811 1945 3046 2016 Ideoque
3077 1944 3243 1999 aridae
3274 1953 3422 2009 sunt,
3449 1955 3504 2000 et
3525 1946 3738 2000 nullum

497 2043 913 2102 fundamentum
941 2043 1053 2112 (54)
1080 2044 1342 2098 habentes
1384 2043 1566 2096 herbae
1599 2056 1789 2096 eorum
1823 2060 1837 2095 :
1874 2039 2057 2095 verbis
2089 2037 2236 2094 enim
2272 2037 2654 2092 tantummodo
2688 2037 2909 2102 vivunt,
2936 2051 3102 2107 opera
3136 2051 3265 2092 vero
3296 2052 3487 2092 eorum
3521 2049 3741 2095 mortua

498 2145 643 2190 sunt.
681 2134 745 2188 Hi
779 2151 908 2206 ergo
941 2151 1042 2190 nec
1088 2137 1287 2191 mortui
1325 2147 1455 2191 sunt
1485 2152 1583 2191 nec
1615 2136 1745 2202 vivi,
1772 2145 1826 2190 et
1850 2134 2002 2190 dubii
2037 2132 2288 2189 similiter
2320 2139 2470 2186 sunt.
2505 2129 2614 2202 ipsi
2648 2132 2792 2187 enim
2827 2131 2999 2197 dubii,
3037 2146 3138 2188 nec
3176 2132 3379 2189 virides
3402 2142 3531 2189 sunt
3561 2150 3739 2204 neque

496 2228 668 2293 aridi;
703 2227 754 2280 id
787 2236 872 2282 est
904 2243 1005 2284 nec
1035 2228 1142 2282 viri
1171 2244 1270 2282 nec
1303 2229 1523 2282 mortui.
1561 2227 1714 2282 Sicut
1746 2227 1891 2283 enim
1923 2227 2104 2281 herbae
2129 2239 2343 2290 eorum,
2376 2223 2491 2279 sole
2515 2208 3058 2289 viso,aruerunt:ita
3084 2235 3139 2280 et
3167 2223 3339 2292 dubii,
3365 2225 3528 2281 simul
3552 2233 3610 2281 ut
3635 2242 3739 2281 au-

495 2321 716 2376 dieruut
751 2323 1206 2390 persecutionem,
1237 2322 1583 2378 incommoda
1609 2324 1723 2395 (55)
1758 2331 2083 2389 metuentes,
2113 2320 2395 2375 redierunt
2441 2320 2511 2376 ad
2559 2320 2881 2387 simulacra,
2910 2329 2966 2374 et
2989 2336 3179 2376 rursus
3211 2323 3521 2378 servierunt
3556 2325 3664 2390 eis,
3688 2331 3742 2379 et

495 2418 839 2472 erubuerunt
871 2417 1209 2474 Domini‘sui
1253 2420 1395 2476 ferre
1431 2437 1654 2476 nomen.
1724 2419 2054 2491 Hujusmodi
2092 2433 2224 2489 ergo
2271 2417 2542 2482 homines,
2571 2432 2673 2473 nec
2725 2416 2834 2471 vivi
2875 2432 2977 2472 nec
3027 2413 3227 2469 mortui
3260 2425 3421 2481 sunt;
3461 2416 3554 2471 sed
3595 2426 3651 2472 et
3683 2411 3739 2471 hi

496 2522 724 2580 possunt
767 2513 970 2580 vivere,
998 2513 1045 2568 si
1095 2515 1207 2570 cito
1258 2518 1469 2588 egerint
1511 2517 1917 2588 paenitentiam;
1947 2515 2033 2572 sin
2082 2516 2268 2570 minus
2303 2514 2418 2585 jam
2461 2514 2646 2569 traditi
2676 2521 2804 2569 sum
2841 2511 3164 2568 mulieribus
3196 2511 3302 2568 illis
3333 2526 3456 2581 qua:
3487 2511 3742 2568 auferent

493 2609 661 2662 vitam
697 2625 914 2665 eorum.

1902 2705 2129 2762 CAPUT
2168 2705 2335 2761 XXII.

566 2793 643 2849 De
681 2795 880 2865 “quinto
932 2811 1062 2850 vero
1105 2807 1290 2854 monte
1319 2815 1515 2870 aspero
1547 2809 1600 2855 et
1630 2800 1829 2855 virides
1862 2799 2061 2854 herbas
2085 2799 2318 2853 habente
2351 2815 2366 2851 :
2401 2795 2715 2867 hujusmodi
2750 2803 2878 2850 sunt
2915 2795 3011 2864 qui
3038 2798 3381 2853 crediderunt
3405 2799 3587 2854 fideles
3615 2799 3741 2870 qui-

514 2886 660 2953 dem,
727 2887 821 2942 sed
855 2887 1070 2943 diﬂitile
1116 2890 1420 2952 credentes,
1464 2897 1519 2942 et
1561 2886 1796 2942 audaces
1850 2900 1915 2941 ac
1968 2886 2072 2941 sibi
2128 2887 2433 2956 placentes;
2462 2885 2706 2940 volentes
2741 2883 2910 2939 videri
2940 2884 3052 2952 (56)
3089 2898 3282 2944 cuncta
3317 2890 3458 2944 scire
3496 2888 3740 2960 nihilque

497 2981 723 3036 omnino
773 2983 1027 3037 scientes.
1061 2980 1292 3053 Propter
1345 2982 1486 3036 hanc
1543 2980 1704 3052 igitur
1749 2980 2056 3046 audaciam,
2087 2996 2284 3037 sensus
2325 2980 2583 3036 discessit
2633 2979 2700 3035 ab
2732 2979 2860 3046 illis,
2895 2987 2949 3034 et
2984 2980 3205 3035 intravit
3235 2979 3288 3034 in
3323 2995 3419 3036 eos
3452 2979 3740 3036 temeraria

495 3075 808 3144 arrogantia
843 3075 978 3147 (57).
1015 3075 1289 3130 Sublimes
1323 3079 1504 3124 autem
1554 3085 1615 3125 se
1651 3078 1867 3141 gerunt,
1900 3078 1956 3124 et
1988 3070 2155 3128 veluti
2205 3070 2529 3140 prudentes;
2575 3078 2630 3125 et
2685 3084 2811 3126 cum
2855 3069 2965 3124 sint
3003 3069 3175 3135 stulti,
3207 3071 3438 3141 cupiunt
3490 3072 3742 3127 doctores

485 3167 687 3222 -videri.
719 3165 948 3237 Propter
988 3167 1130 3223 hanc
1163 3164 1486 3228 stultitiam,
1515 3163 1642 3217 dum
1689 3178 1746 3218 se
1785 3163 2156 3232 magnificam,
2190 3163 2349 3218 multi
2378 3178 2570 3219 eorum
2601 3163 2863 3219 exinaniti
2893 3161 3038 3220 sunt.
3068 3162 3320 3232 Magnum
3351 3162 3496 3218 enim
3533 3164 3740 3218 daemo-

497 3261 649 3316 nium
676 3270 760 3315 est
790 3261 1018 3316 audacia
1045 3271 1098 3315 et
1117 3259 1442 3315 confidentia
1465 3257 1670 3314 inanis.
1698 3255 1775 3310 Ex
1805 3257 1890 3312 his
1927 3257 2092 3327 igitur
2119 3257 2272 3312 multi
2303 3257 2498 3328 ahjecti
2529 3267 2678 3313 sunt.
2703 3257 2811 3312 Alii
2840 3267 3022 3313 autem
3052 3260 3238 3330 agnito
3261 3259 3376 3329 (58)
3401 3272 3588 3314 errore
3608 3270 3738 3328 suo,

497 3361 870 3431 pretiitentiam
920 3369 1166 3431 egerunt,
1201 3368 1253 3412 et
1285 3356 1651 3412 subdiderunt
1695 3371 1755 3410 se
1789 3355 2118 3411 habentibus
2163 3370 2407 3411 sensum.
2440 3354 2545 3410 Sed
2585 3365 2641 3410 et
2685 3355 2895 3411 caateris
2927 3355 3121 3410 horum
3151 3349 3420 3406 similibus
3460 3349 3741 3419 proposita

495 3465 579 3508 est
607 3453 954 3522 paenitentia;
989 3467 1164 3520 neque
1188 3452 1332 3506 enim
1361 3451 1490 3504 mali
1527 3448 1880 3516 fuerunt,sed
1902 3450 2229 3520 insipientes
2259 3451 2441 3522 potius
2469 3458 2526 3506 et
2557 3450 2730 3506 stulti.
2763 3449 2829 3504 Hi
2857 3466 3006 3519 ergo,
3036 3447 3084 3504 si
3114 3446 3738 3518 egerintpmnitentiam,

496 3545 678 3601 vivent
707 3542 816 3598 Deo
850 3561 865 3598 :
897 3543 981 3598 sin
1013 3543 1219 3608 minus,
1253 3542 1576 3597 habitahuut
1605 3555 1730 3596 cum
1777 3539 2099 3596 mulieribus
2133 3541 2260 3609 illis,
2295 3558 2418 3612 quae
2446 3543 2720 3613 nequitias
2749 3556 2878 3598 suas
2905 3542 3236 3596 exercebunt
3263 3540 3318 3596 in
3350 3541 3430 3596 eis
3455 3534 3595 3611 (59').

1881 3651 2113 3708 CAPUT
2156 3653 2347 3710 XXIII.

568 3756 644 3811 De
671 3766 825 3811 sexto
847 3769 978 3810 vero
1003 3759 1186 3808 monte
1210 3750 1441 3805 habente
1464 3748 1737 3801 scissuras
1781 3745 2021 3814 majores
2061 3755 2116 3801 et
2141 3747 2387 3802 minores
2426 3766 2439 3801 :
2476 3747 2790 3818 hujusmodi
2824 3758 2952 3804 sunt
2979 3749 3071 3820 qui
3105 3749 3469 3806 crediderunt.
3503 3748 3572 3804 Et
3596 3749 3658 3805 hi
3686 3748 3740 3805 in

497 3849 699 3919 quibus
729 3848 986 3902 scissura:
1018 3844 1256 3899 minores
1282 3850 1459 3905 erant,
1475 3841 1529 3894 hi
1559 3847 1689 3894 sunt
1709 3839 1804 3909 qui
1834 3838 1975 3894 inter
2007 3855 2067 3894 se
2095 3840 2299 3896 habent
2319 3841 2535 3908 lites,et
2558 3854 2779 3915 propter
2803 3844 3056 3914 querelas
3083 3861 3214 3901 suas
3235 3846 3290 3901 in
3324 3846 3428 3901 ﬁde
3448 3847 3740 3918 languent;

499 3939 593 3994 sed
623 3938 775 3992 multi
810 3955 875 3993 ex
911 3938 978 3992 iis
1009 3943 1239 4007 egerunt
1270 3933 1648 4003 pceuitentiam
1685 3949 1700 3985 :
1738 3931 1992 4002 idemque
2014 3935 2197 3989 caueri
2238 3934 2439 3990 facient
2465 3935 2599 4007 (60),
2621 3936 2826 3994 auditis
2853 3937 3124 3992 mandatis
3163 3938 3330 4004 meis;
3359 3936 3570 4008 exigua:
3592 3937 3740 3993 enim

499 4041 627 4086 sunt
650 4033 769 4087 lites
806 4046 1019 4094 eorum,
1057 4044 1123 4084 ac
1152 4027 1309 4085 facile
1338 4029 1404 4084 ad
1441 4029 1823 4100 pmniteutiam
1859 4037 2144 4082 recurrent
2182 4029 2317 4100 (6i).
2342 4031 2413 4086 At
2443 4032 2498 4086 hi
2541 4033 2636 4103 qui
2667 4033 2906 4103 majores
2948 4031 3167 4098 habent,
3200 4031 3342 4088 sicut
3371 4031 3580 4100 lapides
3614 4046 3742 4101 per-

498 4123 704 4177 tinaces
749 4132 934 4190 erunt,
983 4121 1319 4176 simultatum
1353 4120 1465 4193 (62)
1497 4127 1552 4174 et
1595 4118 1931 4174 offensarum
1974 4129 2104 4174 sunt
2130 4137 2425 4188 memores,
2455 4123 2794 4179 iracundiam
2850 4123 2990 4178 inter
3033 4139 3092 4178 se
3130 4132 3467 4179 exercentes.
3503 4121 3568 4178 Hi
3611 4139 3744 4194 ergo

498 4216 695 4287 ahjecti
755 4224 881 4273 sunt
911 4231 941 4270 a
977 4216 1132 4283 turri,
1163 4225 1217 4270 ct
1249 4230 1278 4269 a
1309 4223 1583 4270 structura
1627 4213 1746 4282 ejus
1775 4213 2047 4281 reprobati
2080 4232 2094 4267 :
2132 4214 2442 4284 hujusmodi
2468 4231 2598 4287 ergo
2625 4216 2875 4271 homines
2903 4213 3117 4270 dillicile
3147 4215 3348 4270 vivent.
3384 4214 3527 4271 Deus
3557 4224 3613 4270 et
3645 4215 3748 4270 Do-

472 4307 682 4365 'minus
724 4319 912 4366 noster
952 4310 1047 4380 qui
1091 4311 1404 4366 dominatur
1430 4307 1678 4364 omnium
1726 4321 1933 4372 rerum,
1962 4317 2016 4362 et
2045 4318 2312 4364 creatura:
2339 4326 2454 4366 suae
2481 4311 2748 4366 universae
2780 4310 2946 4365 habet
2975 4307 3088 4381 (63)
3127 4316 3470 4378 potestatem,
3503 4307 3746 4364 offensas

499 4404 813 4460 meminisse
839 4419 948 4458 non
982 4403 1128 4471 vult;
1157 4403 1250 4458 sed
1293 4403 1363 4457 ab
1392 4401 1476 4456 his
1507 4400 1600 4470 qui
1636 4408 1862 4470 peccata
1895 4416 1992 4457 sua
2027 4403 2379 4471 conﬁtentur,
2408 4404 2566 4459 facile
2596 4404 2857 4473 placatur.
2890 4401 3066 4457 Homo
3093 4415 3222 4471 vero
3259 4417 3383 4457 cum
3421 4400 3493 4458 sit
3525 4399 3747 4474 langui-

496 4501 622 4566 dus,
674 4498 945 4565 mortalis,
1001 4497 1251 4553 infirmus
1307 4507 1360 4554 et
1395 4497 1632 4568 repletus
1672 4497 1949 4567 peccatis,
1983 4499 2189 4554 homini
2246 4511 2655 4572 perseveranter
2711 4499 3047 4565 irascitur",
3097 4507 3354 4567 tauquam
3417 4509 3748 4550 conservare

496 4604 622 4645 eum
648 4589 824 4660 possit
847 4596 944 4642 aut
978 4588 1202 4658 perdere
1221 4589 1290 4644 “.
1317 4588 1428 4660 Ego
1457 4601 1639 4644 autem
1669 4604 1768 4644 vos
1796 4604 2015 4658 moneo,
2039 4591 2266 4647 nuntius
2297 4599 2354 4647 et
2381 4590 2704 4662 praepositus
2732 4587 3081 4660 paenitentia,
3105 4595 3165 4642 ut
3199 4585 3514 4656 quicunque
3541 4599 3746 4654 propo-

499 4710 606 4835 m“
633 4710 822 4766 Matth.
847 4726 968 4778 xm,
995 4709 1085 4765 22.
1162 4709 1412 4767 l"Matth.
1455 4729 1569 4781 xix,
1590 4713 1679 4780 ‘25,
1702 4714 1801 4778 24;
1831 4712 1999 4770 Marc.
2088 4727 2143 4778 ι,
2214 4715 2317 4784 2'5;
2348 4715 2482 4771 Luc.
2508 4731 2668 4781 xvm,
2691 4714 2783 4768 24.
2844 4715 2894 4746 ³⁸
2912 4710 3080 4767 Eccli.
3107 4720 3300 4772 xxvul,
3326 4705 3379 4760 5.
3455 4704 3498 4735 ’ί
3518 4700 3640 4759 Jac.
3670 4717 3744 4768 tv,

1577 4871 1810 4927 VARUS
1851 4871 2233 4929 LECTIONES
2271 4871 2360 4926 ET
2401 4871 2634 4927 NOT/E.

570 4966 682 5034 (45)
712 4965 840 5020 Mss.
874 4963 1028 5034 Angl.
1055 4963 1337 5018 desideria.
1370 4961 1462 5020 Stc
1487 4970 1542 5019 et
1567 4965 1696 5019 edit.
1729 4963 1906 5018 Oxon.
2243 4960 2357 5034 (55)
2385 4964 2575 5019 Lamb.
2610 4964 2770 5018 simul
2814 4964 3082 5016 audientes
3115 4959 3526 5030 persecutionem
3570 4967 3622 5012 et
3664 4959 3746 5011 in-

571 5037 683 5107 (46)
710 5035 898 5090 Lamb.
929 5035 1193 5107 tormenti.
1244 5103 1272 5107 _
1645 5104 1653 5107 _
1735 5103 1784 5107 μ
1979 5103 2012 5107 η
2173 5035 2466 5107 commoda.

571 5102 683 5178 (47)
711 5107 821 5161 Sic.
838 5121 971 5178 mss.
994 5103 1135 5160 Vict.
1157 5115 1204 5159 et
1234 5103 1417 5159 Carm.
1443 5120 1543 5176 pro
1565 5104 1708 5175 quia.
1730 5103 1824 5159 Sic
1855 5113 1910 5158 et
1931 5103 2064 5159 edit.
2245 5104 2360 5178 (55)
2388 5103 2584 5178 Lamb.
2601 5103 2790 5178 deest,
2809 5102 3003 5178 rideri.
3045 5163 3048 5166 ,

497 5167 678 5235 Oxon.
715 5178 801 5231 Al.
827 5176 938 5246 qui.
1444 5167 1461 5176 ’
1577 5167 1588 5175 ⁷
1882 5245 1909 5246 η
2184 5241 2207 5246 Δ
2247 5167 2360 5243 (57)
2397 5173 2530 5230 Mss.
2585 5175 2745 5246 Angl.
2776 5167 2948 5242 ’fatua
2993 5169 3362 5246 praesumptio.
3415 5167 3548 5222 Felli
3609 5168 3742 5223 edit.

570 5250 682 5320 (48)
713 5241 904 5320 Lamb.
929 5247 1017 5320 qui
1038 5246 1280 5320 plurimis
1305 5246 1560 5320 obstricti
1578 5255 1698 5320 sunt
1719 5245 1961 5320 negotiis.
2173 5241 2355 5320 Oxon.
2387 5241 3060 5320 temerariamrmsumptio.

569 5313 683 5391 (49)
711 5319 842 5374 Mss.
873 5313 1111 5391 ᾼὴειζιί
1142 5334 1281 5391 vero.
1317 5318 1409 5372 Sic
1437 5327 1493 5372 et
1520 5315 1653 5370 Felli
1679 5316 1810 5370 edit.
1835 5313 2012 5370 Oxon.
2249 5314 2361 5391 (§§)
2387 5314 2518 5391 Mss.
2554 5315 2963 5391 Anglecognito.

570 5385 682 5462 (50)
707 5391 833 5462 Mss.
858 5385 1017 5458 Angl.
1053 5390 1246 5462 uocati.
2384 5385 2709 5462 _Mss._Angl.
2742 5393 3003 5438 exercent.

569 5451 682 5532 (51)
719 5460 803 5532 Al.
840 5451 1246 5532 conuersionem.
2379 5454 2574 5532 Lamb.
2601 5455 2816 5524 ideoque
2841 5463 3031 5509 cratera
3060 5451 3286 5522 faciunt.

571 5524 682 5602 (52)
706 5530 790 5602 Al.
815 5529 1075 5602 plurimas
1111 5530 1321 5602 herbas,
1344 5542 1590 5600 quarum.
2378 5524 2570 5602 Lamb.
2606 5535 2906 5602 recurrunt:
3003 5593 3014 5602 _
3089 5601 3095 5602 γ
3267 5591 3280 5602 ι
3303 5593 3315 5602 _
3383 5593 3393 5601 _

712 5588 1251 5672 Ms§.Attgl.‘calore.
1309 5588 1318 5594 ’
1356 5588 1368 5600 ’
1536 5668 1585 5672 __
1751 5665 1790 5672 _
1988 5669 2020 5672 η
2201 5588 2358 5672 ’(62)
2392 5595 2584 5650 Lamb.
2627 5594 2804 5662 deest,
2853 5593 3214 5650 simultatum.
3251 5591 3339 5648 Al.
3377 5593 3431 5646 in
3488 5588 3741 5645 simulta-

595 5608 684 5672 55)
712 5608 843 5654 Mss.
862 5608 1021 5669 Angl.
1050 5608 1248 5653 calore.
2243 5608 2358 5664 (62)
2392 5608 2428 5647 L

570 5608 685 5739 (54)
722 5670 912 5725 Lamb.
944 5669 1091 5724 nulla
1123 5670 1488 5739 fundamenta.
1532 5668 1622 5725 Sic
1663 5675 1716 5723 et
1750 5665 1881 5722 Fclli
1936 5669 2067 5726 edit.
2172 5667 2428 5739 tibusLet.

499 5733 677 5803 Oxon.
1123 5733 1132 5739 ’
2245 5735 2356 5804 (63)
2391 5733 2578 5791 Lamb.
2611 5733 2827 5792 habens.
