3944 6146
115 219 298 301 νίσὸί
1288 243 1580 302 ρΑδτοΒ.
1619 275 1690 286 -.
1726 245 1856 301 LIB.
1901 246 1988 300 ιιι.
2031 244 2234 299 sum.
2277 245 2366 300 Ix.
3285 252 3426 310 tm

131 367 330 420 situm
377 362 485 420 tale
511 359 626 438 (ϐλ)
676 365 912 426 habetis.
937 360 1224 432 deponatis
1265 362 1421 428 illud,
1449 371 1504 418 et
1542 363 1610 418 ad
1654 363 2032 433 paenitentiam
2061 360 2360 416 recurratis
2395 379 2407 414 :
2437 368 2492 416 et
2519 359 2783 418 Dominus
2812 363 3118 421 medehitur
3147 365 3425 438 prioribus

131 459 379 516 delictis
400 460 601 517 vestris
617 458 756 532 (65),
781 461 827 515 si
856 458 927 514 ab
961 459 1066 514 hoc
1094 458 1368 515 daemonio
1403 474 1501 514 vos
1528 458 1976 530 purificaveritis;
2013 458 2098 513 sin
2130 459 2335 525 minus,
2363 457 2430 511 ad
2459 465 2691 511 mortem
2718 460 3008 517 trademini
3043 462 3140 519 illi.
3223 515 3226 518 .

1547 576 1779 634 CAPUT
1835 574 2028 632 XXIV.

224 669 312 727 De
357 680 547 727 monte
593 685 723 725 vero
772 671 1005 740 septimo
1049 671 1104 727 in
1135 687 1246 742 quo
1281 670 1484 726 virides
1509 678 1565 724 et
1592 670 1796 725 hilares
1829 675 1986 724 erant
2017 667 2224 730 herbae,
2251 674 2306 720 et
2346 673 2498 720 totus
2528 678 2690 719 mons
2740 663 2933 720 fertilis
2976 675 3117 731 erat,
3155 681 3428 738 omneque

134 776 338 833 genus
386 759 656 834 pecudum
701 763 1003 832 carpebam
1029 762 1292 832 pabulum
1317 777 1384 816 ex
1408 759 1598 816 herbis
1629 758 1834 814 montis
1865 757 2150 828 ejusdem;
2180 765 2235 811 et
2265 767 2472 826 quanto
2501 755 2679 826 magis
2707 755 2888 812 herbae
2912 757 3016 812 illae
3037 758 3424 828 carpebantur,

136 858 597 937 tantolaatiores
639 858 954 916 revirebant
981 856 1136 927 (66):
1171 855 1493 927 huiusmodi
1546 865 1674 929 sunt
1729 854 1822 926 qui
1867 853 2240 920 crediderunt,
2274 851 2554 922 simplices
2607 860 2660 905 et
2716 849 2846 903 boni
2897 863 3132 920 semper,
3165 861 3220 905 et
3248 851 3428 908 nullas

136 931 427 1005 habentes
469 931 610 1006 inter
646 965 706 1004 se
739 949 1145 1016 dissensiones;
1177 949 1273 1004 sed
1320 949 1568 1004 laetantes
1601 963 1818 1018 semper
1855 947 1923 1004 de
1963 947 2139 1003 servis
2166 946 2284 1011 Dei,
2315 946 2492 1001 induti
2522 944 2774 1015 Spiritum
2808 941 3082 1012 virginum
3111 942 3338 1012 harum;
3373 955 3429 1001 et

137 1059 380 1114 semper
411 1045 464 1099 in
511 1060 707 1100 omnes
743 1045 998 1102 homines
1022 1045 1134 1117 (67)
1159 1047 1227 1102 ad
1264 1045 1572 1102 faciendam
1601 1045 2038 1101 misericordiam
2073 1045 2331 1115 prompti,
2357 1052 2412 1098 et
2439 1043 2507 1097 de
2535 1041 2818 1096 laboribus
2850 1039 2968 1096 suis
2999 1043 3214 1097 cunctis
3242 1043 3426 1100 homi-

136 1137 326 1192 nibus
358 1136 514 1193 facile
543 1138 849 1195 tribuentes
883 1140 1002 1194 sine
1037 1139 1372 1210 improperio
1399 1149 1452 1194 et
1485 1139 1896 1195 deliberatione.
1931 1137 2061 1194 Visa
2084 1139 2251 1210 igitur
2274 1138 2541 1193 Dominus
2568 1136 2914 1206 simplicitate
2946 1146 3001 1192 et
3019 1140 3171 1193 omni
3197 1139 3424 1197 infantia

142 1241 385 1296 eorum,
414 1230 570 1282 auxit
626 1245 722 1284 eos
788 1229 843 1284 in
899 1229 1185 1285 laboribus
1232 1246 1499 1285 manuum
1556 1245 1807 1296 suarum,
1833 1238 1888 1285 et
1933 1229 2086 1284 dedit
2117 1229 2198 1285 eis
2226 1230 2282 1284 in
2309 1229 2461 1284 omni
2493 1242 2657 1298 opere
2679 1225 2792 1297 (68)
2825 1229 3075 1309 gratiam.
3101 1226 3214 1296 Ego
3243 1238 3426 1284 autem

141 1323 358 1379 hortor
378 1339 496 1390 vos,
521 1325 847 1395 praepositus
874 1326 1212 1395 poenitentia
1243 1327 1493 1392 nuntius,
1523 1328 1576 1382 in
1613 1328 1805 1382 eodem
1859 1328 2142 1397 proposito
2184 1342 2526 1398 permanere,
2563 1325 2881 1395 quicunque
2919 1324 3056 1378 estis
3086 1324 3428 1401 huiusmodi1|

131 1430 215 1470 ne
251 1416 566 1471 eradicetur
595 1431 780 1471 semen
816 1426 1057 1471 vestrum
1089 1417 1141 1471 in
1178 1433 1375 1472 aevum.
1404 1417 1672 1471 Dominus
1698 1417 1844 1472 enim
1872 1433 1972 1472 vos
2002 1416 2278 1486 probavit,
2311 1425 2364 1470 et
2387 1415 2716 1484 conscripsit
2739 1416 2793 1470 in
2826 1426 3075 1472 nostrum
3100 1434 3426 1490 numerum;

129 1516 197 1563 et
223 1524 398 1565 omne
449 1525 635 1566 semen
661 1507 773 1579 (69)
799 1517 1042 1564 vestrum
1073 1525 1198 1564 cum
1228 1509 1367 1564 Filio
1401 1511 1491 1563 Dei
1516 1509 1708 1564 ditavit
1731 1508 1873 1580 (70);
1904 1509 1972 1562 de
2007 1508 2214 1578 Spiritu
2243 1507 2388 1562 enim
2414 1507 2529 1576 (7i)
2563 1505 2684 1577 ejus
2715 1509 2848 1564 estis
2892 1524 3104 1565 omnes.
3418 1497 3420 1500 ’

1563 1618 1795 1676 CAPUT
1836 1617 2007 1675 XXV.

217 1719 304 1774 De
336 1728 534 1774 octavo
564 1734 696 1774 vero
729 1729 940 1785 monte,
970 1735 1024 1772 tn
1050 1733 1160 1789 quo
1193 1717 1417 1790 plurimi
1453 1725 1613 1772 erant
1639 1716 1858 1783 fontes,
1900 1717 1954 1770 in
1983 1715 2184 1786 quibus
2207 1715 2322 1786 (72)
2356 1714 2737 1784 adaquabatur
2765 1730 2928 1770 omne
2959 1732 3130 1785 genus
3160 1732 3428 1777 creaturae

133 1809 290 1865 Dei:
325 1810 462 1864 tales
491 1818 618 1865 sunt
661 1811 755 1880 qui
800 1817 1148 1872 crediderunt
1183 1816 1485 1888 apostolis,
1527 1829 1669 1885 quos
1712 1814 1862 1869 misit
1913 1813 2180 1869 Dominus
2223 1815 2279 1868 in
2323 1821 2498 1868 totum
2545 1814 2732 1868 orbem
2775 1815 3099 1884 praedicare;
3126 1827 3178 1871 et
3202 1818 3424 1888 quidam

135 1907 430 1974 doctores,
463 1908 558 1978 qui
583 1908 696 1979 (75)
722 1919 874 1966 caste
903 1921 958 1968 et
993 1915 1207 1970 sincere
1247 1914 1688 1986 praedicaverunt
1737 1926 1802 1966 ac
1836 1912 2175 1976 docuerunt,
2213 1925 2312 1964 nec
2357 1910 2656 1980 quidquam
2700 1910 2925 1964 omnino
2976 1912 3427 1982 subscripserunt

134 2005 312 2060 malae
337 2005 622 2076 cupiditati
661 2025 674 2060 :
721 2008 816 2063 scd
867 2007 1087 2063 assidue
1123 2009 1178 2063 in
1209 2012 1465 2080 aequitate
1488 2021 1542 2068 et
1571 2011 1685 2084 (74)
1720 2013 1950 2068 veritate
1981 2012 2422 2068 ambulaverunt.
2456 2008 2521 2064 Hi
2552 2026 2683 2082 ergo
2712 2009 2853 2065 inter
2881 2011 3104 2083 angelos
3132 2027 3426 2069 conversa-

137 2097 366 2153 tionem
391 2098 616 2155 habent.

1557 2201 1787 2259 CAPUT
1822 2201 2018 2260 XXVI.

221 2293 300 2351 De
330 2311 478 2352 nono
501 2306 683 2352 autem
720 2305 907 2352 monte
933 2294 1171 2355 deserto,
1204 2306 1271 2346 ac
1303 2303 1583 2364 serpentes
1619 2293 1850 2348 habente
1879 2292 1992 2364 (75)
2022 2310 2035 2345 :
2068 2290 2382 2361 huiusmodi
2415 2300 2544 2346 sunt
2573 2291 2666 2360 qui
2693 2291 3078 2358 crediderunt;
3108 2294 3200 2348 sed
3229 2302 3282 2348 et
3303 2293 3424 2364 (76)

137 2399 398 2452 maculas
433 2398 726 2453 habebant.
751 2396 818 2450 Hi
845 2402 975 2452 sunt
1003 2391 1241 2446 ministri
1263 2392 1405 2446 male
1441 2391 1808 2449 ministerium
1841 2401 2083 2462 agentes,
2115 2389 2435 2459 diripientcs
2463 2367 2753 2443 viduarum
2790 2389 2934 2442 bona
2963 2397 3017 2441 et
3048 2390 3418 2458 pupillorum;

140 2488 280 2553 sibi,
312 2503 420 2544 non
453 2489 596 2557 aliis,
628 2505 697 2544 ex
719 2489 806 2544 his
831 2505 952 2560 quae
980 2497 1329 2559 acceperunt,
1362 2487 1756 2545 ministrantes.
1781 2486 1870 2555 lli,
1895 2486 1942 2542 si
1967 2485 2080 2557 (77)
2103 2484 2508 2556 permanserint
2529 2484 2583 2537 in
2610 2482 2798 2538 eadem
2830 2483 3147 2553 cupiditate,
3172 2485 3335 2538 morti
3361 2499 3422 2540 se

137 2576 518 2646 tradiderunt,
547 2593 646 2634 nec
670 2579 779 2633 ulla
803 2579 909 2633 erit
932 2580 988 2633 in
1012 2579 1091 2633 eis
1121 2593 1244 2647 spes
1278 2577 1436 2646 vitae;
1470 2578 1615 2647 quod
1648 2578 1696 2633 si
1730 2577 1981 2633 conversi
2011 2575 2258 2642 fuerint,
2307 2583 2362 2630 et
2412 2583 2565 2630 caste
2619 2575 3126 2631 consummaverint
3169 2575 3419 2630 ministe-

138 2671 294 2726 rium
325 2687 522 2739 suum,
563 2683 822 2744 poterunt
865 2675 1071 2730 vivere.
1113 2671 1216 2738 Qui
1265 2688 1395 2728 vero
1437 2675 1686 2729 scabrosi
1729 2672 1932 2743 reperti
1961 2680 2109 2737 sunt,
2159 2671 2198 2725 ii
2225 2679 2352 2725 sunt
2379 2670 2471 2739 qui
2502 2685 2700 2724 nomen
2729 2668 2947 2723 Domini
2980 2669 3416 2736 abnegaverunt,

137 2782 249 2822 nec
277 2766 390 2836 (78)
419 2770 488 2824 ad
520 2768 813 2824 Dominum
838 2787 1035 2830 rursus
1062 2773 1366 2838 redierunt,
1411 2773 1503 2827 sed
1548 2781 1794 2844 agrestes
1820 2780 2114 2827 evaserunt
2143 2779 2308 2840 atque
2348 2769 2551 2824 deserti
2577 2809 2595 2834 ,
2624 2783 2734 2822 non
2763 2767 3100 2836 applicantes
3135 2781 3194 2819 se
3222 2765 3290 2818 ad
3321 2764 3418 2820 Dei

137 2876 368 2932 servos;
403 2866 498 2920 sed
535 2867 770 2936 separati
803 2869 872 2924 ab
895 2868 974 2925 eis
1001 2910 1017 2936 ,
1047 2884 1149 2939 pro
1174 2883 1342 2939 parva
1391 2868 1761 2924 sollicitudine
1784 2867 1954 2923 vitam
1988 2882 2143 2923 suam
2177 2866 2505 2920 atniserunt.
2540 2861 2697 2918 Sicut
2721 2861 2866 2914 enim
2892 2859 3020 2913 vitis
3045 2858 3228 2927 aliqua
3261 2857 3392 2912 dere

135 2953 274 3011 licta
303 2949 358 3012 in
386 2973 532 3028 sepe,
557 2960 642 3014 cui
672 2960 823 3016 nulla
848 2960 1065 3015 cultura
1093 2961 1363 3030 contingit
1389 3001 1403 3024 ,
1446 2960 1676 3030 disperit
1731 2973 1796 3014 ac
1853 2959 2156 3013 suffocatur
2183 2957 2252 3011 ab
2278 2955 2466 3010 herbis
2486 2994 2500 3020 ,
2545 2960 2614 3006 et-
2641 2951 2873 3022 agrestis
2902 2957 3147 3018 tempore
3185 2945 3419 3002 edicitur

135 3052 376 3122 (desinit
409 3055 554 3110 enim
581 3056 731 3112 utilis
750 3071 873 3112 esse
903 3055 1126 3112 domino
1158 3057 1282 3124 suo)
1311 3073 1325 3110 :
1350 3055 1432 3110 sic
1470 3063 1524 3108 et
1560 3053 1874 3124 huiusmodi
1907 3051 2159 3107 homines
2193 3049 2261 3105 de
2290 3047 2488 3118 seipsis
2531 3045 2884 3114 desperantes
2921 3039 3056 3110 (79),
3080 3037 3422 3102 exacerbati,

142 3149 382 3206 Domino
404 3168 505 3208 suo
531 3152 752 3209 inutiles
773 3168 895 3209 esse
920 3162 1223 3222 coeperunt.
1252 3151 1347 3207 His
1374 3167 1504 3220 ergo
1531 3152 1752 3206 demum
1795 3150 1958 3204 datur
1989 3147 2102 3218 (80)
2129 3144 2473 3216 poenitentia,
2503 3141 2550 3197 si
2597 3156 2708 3194 non
2735 3151 2803 3190 ex
2851 3131 3172 3218 praecordiis
3209 3129 3414 3206 inventi

139 3244 351 3300 fuerint
374 3245 713 3315 denegasse:
747 3246 892 3315 quod
937 3249 982 3303 si
1009 3249 1134 3318 quis
1163 3264 1231 3303 ex
1261 3247 1578 3318 praecordiis
1609 3246 1864 3302 inventus
1917 3244 2083 3298 fuerit
2132 3243 2450 3311 denegasse,
2483 3253 2553 3291 an
2585 3235 2698 3306 (8i)
2735 3235 2904 3288 vitam
2955 3224 3175 3318 assequi
3201 3223 3413 3318 possit,

141 3338 362 3405 ignoro.
412 3335 646 3407 ideoque
673 3335 820 3401 dice,
857 3346 920 3392 ut
949 3337 1005 3393 in
1027 3316 1120 3393 his
1153 3316 1368 3405 diebus,
1401 3338 1449 3394 si
1487 3337 1613 3408 quis
1655 3335 1894 3405 negavit,
1931 3334 2002 3389 ad
2034 3332 2148 3402 (82)
2184 3329 2563 3402 paenitentiam
2595 3332 2928 3388 revertatur;
2959 3334 3086 3374 nam
3136 3316 3250 3370 ﬁeri
3301 3331 3413 3368 non

141 3435 327 3497 potest
355 3435 415 3481 ut
442 3443 591 3482 nunc
613 3426 904 3482 Dominum
967 3443 1128 3484 suum
1159 3429 1283 3498 quis
1334 3429 1612 3499 abnegans
1645 3425 1758 3498 (83)
1781 3434 1969 3496 postea
2023 3422 2247 3493 assequi
2289 3421 2464 3492 possit
2513 3418 2783 3481 salutem;
2830 3413 2925 3469 sed
2974 3411 3080 3466 illis
3129 3415 3415 3477 reputatur

142 3521 428 3591 proposita
454 3521 794 3591 poenitentia,
830 3523 923 3593 qui
951 3523 1082 3578 olim
1112 3523 1542 3588 abnegaverunt.
1575 3521 1898 3579 Accelerare
1928 3519 2076 3575 enim
2107 3518 2203 3588 qui
2245 3524 2470 3573 acturus
2517 3522 2604 3569 est
2641 3507 3019 3582 paenitentiam
3050 3503 3229 3567 debet,
3258 3507 3413 3554 antc-

144 3631 312 3686 quam
341 3625 636 3688 peragatur
658 3617 946 3674 aedificatio
972 3619 1144 3675 turris
1169 3619 1364 3690 huius;
1411 3618 1498 3674 sin
1525 3618 1732 3682 minus,
1771 3633 1804 3672 a
1836 3614 2158 3672 mulieribus
2186 3613 2294 3668 illis
2320 3611 2568 3666 trahetur
2594 3605 2709 3678 (84)
2750 3603 2820 3659 ad
2857 3608 3108 3656 mortem.
3142 3596 3245 3664 Qlli
3285 3609 3413 3649 "em

144 3711 262 3783 (85)
292 3714 452 3779 curti,
482 3714 660 3770 dolosi
691 3723 840 3782 sunt,
865 3725 920 3770 et
948 3716 1093 3771 alius
1123 3717 1180 3770 in
1210 3715 1380 3770 alium
1416 3714 1929 3780 comminiscentes;
1959 3714 2014 3768 hi
2028 3720 2160 3770 sunt
2189 3715 2473 3780 serpentes
2504 3707 2559 3760 in
2587 3720 2653 3764 eo
2675 3710 2861 3757 monte
2890 3696 3060 3752 misti.
3086 3696 3240 3750 Sicut
3262 3691 3408 3748 enim

145 3803 488 3860 mortiferum
519 3815 605 3861 est
633 3805 951 3862 hominibus
982 3813 1300 3874 serpentum
1327 3820 1622 3871 venenum,
1657 3806 1732 3860 ita
1762 3813 1817 3860 et
1845 3803 2012 3859 verba
2032 3803 2225 3859 talium
2252 3799 2503 3854 inficiunt
2530 3796 2643 3870 (86)
2674 3792 2928 3848 homines
2958 3799 3124 3860 atque
3151 3785 3406 3858 perdunt.

139 3895 298 3953 Curti
331 3910 459 3955 sunt
487 3899 653 3970 igitur
680 3899 792 3972 (87)
819 3915 846 3954 a
872 3897 976 3952 ﬁde
1005 3912 1126 3964 sua,
1157 3905 1379 3968 propter
1406 3897 1514 3952 hoc
1536 3911 1707 3967 genus
1737 3895 1863 3951 vita:
1890 3911 2005 3951 sua:
2037 3895 2090 3949 in
2134 3908 2246 3964 quo
2295 3898 2584 3946 morantur
2614 3887 2751 3957 (88).
2778 3887 2965 3958 Aliqui
3009 3900 3140 3940 vero
3188 3897 3406 3945 eorum,

139 3999 362 4060 accepta
387 3991 729 4060 pcenitentia,
763 3994 997 4064 assecuti
1031 4001 1160 4050 sunt
1190 3994 1458 4062 salutem;
1496 3993 1592 4050 sed
1621 4001 1676 4048 et
1702 3993 1883 4049 caatcri
1928 3991 2244 4062 huiusmodi
2288 3990 2538 4045 homines
2581 4003 2736 4058 teque
2779 3994 3162 4056 assequentur,
3193 3983 3238 4038 si
3281 3997 3408 4052 ege-

139 4076 258 4131 rint
306 4080 681 4150 pmnitentiam
719 4099 732 4134 :
767 4081 851 4135 sin
889 4082 1091 4150 minus,
1145 4084 1448 4139 morientur
1500 4099 1625 4138 cum
1676 4083 2004 4140 mulieribus
2048 4082 2161 4152 (89)
2213 4082 2344 4150 illis,
2371 4095 2606 4151 quarum
2653 4079 2765 4134 vim
2813 4077 3094 4150 possident
3143 4089 3208 4130 ac
3249 4081 3406 4144 pote-

138 4179 362 4229 statem.

1228 4275 1461 4331 VARIIE
1501 4275 1892 4332 LECTIONES
1932 4276 2021 4332 ET
2062 4275 2296 4332 NOTAE.

213 4386 324 4458 (64)
353 4386 542 4443 Lamb.
575 4389 900 4458 hujusmodi.
1245 4416 1248 4418 ν
1887 4391 2002 4458 (78)
2025 4391 2216 4447 Lamb.
2248 4390 2468 4456 desunt,
2490 4391 2599 4445 ii...
2631 4403 2744 4442 nec.

217 4457 327 4532 (65)
363 4458 492 4513 Mss.
526 4457 684 4532 Angl.
723 4463 1029 4516 remediabit
1061 4463 1250 4532 priora
1283 4461 1476 4515 delicta
1517 4470 1708 4516 vestra.
1887 4457 2000 4532 (79)
2026 4463 2177 4517 Bodl.
2211 4461 2615 4532 despondentes.
2721 4526 2738 4532 _
2904 4520 2946 4532 __
3115 4518 3151 4532 η

213 4391 324 4455 (64)
353 4391 542 4443 Lamb.
575 4391 900 4458 hujusmodi.
1245 4416 1248 4418 ν

217 4457 327 4527 (65)
363 4458 492 4513 Mss.
526 4459 684 4529 Angl.
723 4463 1029 4516 remediabit
1108 4463 1250 4515 riora
1283 4461 1476 4515 delicta
1517 4470 1700 4516 vestra.

374 4537 555 4584 autem
611 4529 666 4585 in
715 4547 817 4586 sua
863 4534 994 4588 edit.
1049 4478 1224 4588 ὄχοι).
1263 4532 1492 4586 remedia
1536 4533 1700 4603 provi-

1914 4392 2002 4454 78)
2025 4391 2216 4447 Lamb.
2248 4391 2468 4456 desunt,
2490 4391 2599 4445 ii...
2631 4403 2744 4442 nec.

1914 4462 2000 4530 79)
2026 4463 2177 4517 Bodl.
2211 4461 2610 4531 despondentes.
3022 4520 3035 4532 _
3137 4518 3151 4530 .

1910 4533 2000 4597 80)
2034 4532 2110 4587 Ita
2141 4548 2276 4588 mss.
2303 4530 2462 4602 Angl.
2487 4539 2541 4586 et
2557 4528 2695 4584 Vict.
2721 4526 2798 4581 lta
2829 4533 2882 4579 et
2904 4520 3040 4577 Fellt
3063 4519 3196 4575 edit.
3220 4517 3397 4572 Oxon.

1840 4603 1899 4658 ιι.
1929 4603 2302 4658 demandatur.

353 4669 668 4744 _Mss._Angl.
704 4673 1081 4728 recrescebant.
1812 4743 1852 4744 7
1885 4674 1998 4744 (Si)
2045 4673 2137 4728 Sic
2162 4689 2296 4744 mss.
2337 4671 2521 4744 Angl.,
2547 4669 2688 4724 Vict.
2713 4675 2801 4744 _et_
2825 4665 3008 4744 Cafm-
3051 4659 3145 4715 Sic
3183 4671 3401 4730 ‘l‘m‘lne

349 4739 542 4819 Lamb.
579 4715 826 4819 comitibus
857 4745 1176 4798 hominibus.
1811 4715 1945 4819 Fe‘lli
1983 4715 2117 4819 [edit-
2163 4742 2363 4819 OXQn-_
2388 4715 2475 4799 Αἳ-
2503 4715 2724 4795 ’ίηυεηεί
2775 4737 2969 4819 luem"
3017 4715 3396 4819 PegaA‘i’leff'

212 4809 322 4883 (68)
348 4811 540 4883 Ῑέθωδο
577 4811 826 4882 ιεηιρονεέ
1813 4814 2146 4870 intermediis
2175 4813 2438 4870 omissis:
2469 4827 2590 4882 quae
2643 4825 2786 4883 sane
2815 4810 3105 4862 contextus
3146 4809 3396 4883 requirit,

219 4872 325 4956 (ρξ’)
361 4881 550 4956 Ἑλίιιηβ·
586 4872 767 4956 θεῖίαδ·
1016 4955 1037 4956 ί
1132 4955 1137 4956 γ
1214 4955 1221 4956 ί
1396 4955 1401 4956 γ
1813 4885 2172 4956 videnturque
2204 4885 2274 4956 ob
2297 4872 2878 4956 nonnullas-repetitas
2916 4888 3078 4956 voces
3105 4872 3394 4956 excidisse;

183 4983 191 4995 -
358 4951 548 5009 Lamb.
576 4942 746 5017 deest,
775 4957 986 5018 ditavit.
1013 4955 1165 5011 Bold.
1193 4955 1460 5026 habitabit
1495 4972 1512 5009 :
1542 4971 1705 5026 quam
1881 4955 1994 5026 (89.)
2020 4942 2212 5026 Lamb.
2247 4954 2532 5009 insatiatus
2559 4942 2751 5021 aliquis
2788 4948 2856 5001 ad
2890 4944 3068 5015 puniit.
3110 4942 3311 5003 Fellus,
3347 4942 3395 4994 si

154 5022 426 5098 iectionem
473 5035 692 5098 secutus
729 5035 814 5081 est
849 5027 1031 5083 Fellus
1058 5028 1112 5081 in
1139 5025 1270 5082 edit.
1294 5025 1470 5082 Oxon.
1497 5022 1572 5081 At
1599 5043 1704 5081 ms.
1808 5022 1927 5098 quis
1951 5025 2289 5098 denegavit._
2360 5095 2369 5098 _
2435 5096 2443 5098 4
2478 5087 2479 5090 η
2522 5038 2567 5098 '_
2828 5087 2871 5098 _
2906 5085 2939 5098 η
3097 5085 3110 5098 ,
3227 5084 3240 5096 ,

147 5089 592 5169 γίῖτὲοβίθένατίὲυίεξ
811 5167 818 5169 Α
1819 5083 1832 5098 ’
1879 5097 1993 5169 (85)
2017 5083 2208 5152 Ιιιῖιιιι).
2242 5087 2479 5151 Ecclesia
2515 5093 2797 5164 abnegans.
2828 5085 3034 5153 Fellus,
3064 5085 3110 5139 si
3147 5084 3267 5155 quis
3306 5083 3395 5136 ab-

342 5164 532 5239 Lamb.
559 5166 896 5239 deestenim.
1809 5164 2022 5239 ηεραηε,

234 5235 316 5308 72)
343 5234 532 5308 Lamb.
555 5253 623 5308 ex,
647 5238 854 5306 quibus.
1872 5234 1994 5308 (84)
2028 5237 2222 5308 Lamb.
2250 5239 2512 5293 tradetur.

340 5305 830 5380 {visssAngL’deest
849 5311 959 5380 qui.
1377 5338 1379 5340 -
1877 5305 1992 5380 (85)
2024 5307 2212 5380 Lamb.
2247 5309 2302 5362 hi
2332 5325 2470 5364 vero.

339 5375 537 5451 Lamb.
571 5375 768 5434 desunt
789 5375 1043 5451 dignitate
1074 5390 1145 5436 et.
2023 5378 2214 5451 Lamb.
2237 5381 2524 5450 decipiunt.

231 5449 312 5520 75)
339 5447 488 5520 Bodl.
514 5447 1130 5520 serpentibus'habitato.
1877 5447 1990 5520 (87)
2021 5448 2213 5520 Latnb.
2240 5447 2397 5506 enini.

198 5507 314 5592 'iZﬁ)
339 5507 654 5592 MSS-Alis.)-
679 5521 859 5589 quiet.
1120 5507 1123 5508 ν
1877 5507 1991 5590 (88)
2021 5518 2213 5575 Lamb.
2245 5521 2299 5576 in
2327 5536 2426 5592 quo
2456 5521 2770 5575 moriantur.
2802 5517 2955 5575 Bodl.
2985 5517 3040 5570 in
3068 5530 3170 5586 quo
3201 5507 3392 5566 morati

231 5589 312 5656 77)
335 5588 528 5668 Lamb.
557 5590 657 5643 sibi
687 5588 822 5645 alios
862 5597 928 5646 ea:
960 5595 1269 5668 _ministerio
1308 5592 1444 5668 quod
1492 5608 1704 5663 accepe-
1805 5588 1948 5668 sunt.

148 5668 276 5726 runt,
306 5662 608 5716 ministrare
631 5671 903 5733 cogentes:
925 5665 993 5718 si.
1321 5659 1333 5668 ’
1612 5659 1621 5663 ⁷
1877 5660 1992 5732 (89)
2018 5659 2209 5717 Lamb.
2236 5679 2269 5715 a
2301 5662 2628 5719 mulieribus.

453 5758 723 5817 Panos.
769 5760 885 5818 Gn.
926 5759 1006 5820 ll.

2987 5755 3069 5815 δά
