4076 6142
538 216 710 291 ηυξ,
1961 224 2019 275 s.
2080 221 2344 279 ηΕιιΜΑε
3663 227 3794 284 1004

1919 358 2152 414 CAPUT
2203 359 2417 415 XXVII.

607 475 685 532 De
710 475 922 532 decimo
941 488 1072 530 vero
1103 481 1312 544 monte,
1354 475 1408 531 in
1440 489 1552 547 quo
1582 475 1810 535 arbores
1837 485 1992 533 erant
2029 486 2274 550 tegentes
2300 493 2501 550 pecora
2533 498 2547 535 :
2581 479 2716 537 tales
2746 489 2874 537 sunt
2914 480 3008 552 qui
3053 480 3399 537 crediderunt
3439 479 3660 552 quidam
3683 483 3796 552 epi-

533 571 711 641 scopi,
744 569 798 624 id
834 577 919 625 est
944 567 1205 639 praesides
1231 565 1603 622 Ecclesiarum
1637 567 1776 640 (90).
1802 567 1910 624 Alii
1936 583 2091 635 vero,
2123 569 2180 624 hi
2207 569 2440 640 lapides,
2467 570 2561 640 qui
2593 588 2704 627 non
2733 570 2879 641 ficto,
2911 574 3005 629 sed
3031 574 3201 629 alacri
3241 573 3355 646 (91)
3381 577 3565 630 animo
3586 587 3795 644 semper

531 670 588 726 in
614 668 811 722 domos
842 680 973 721 suas
1005 679 1197 720 servos
1226 661 1323 718 Dei
1352 673 1676 734 receperunt
1701 682 1716 718 :
1745 672 1798 719 et
1821 663 2019 720 deinde
2046 664 2141 734 qui
2171 665 2432 735 praesides
2458 677 2586 723 sunt
2624 668 3076 739 ministeriorum,
3104 670 3198 742 qui
3229 679 3284 726 et
3305 671 3497 741 inopes
3525 679 3580 726 et
3605 671 3796 728 viduas

529 774 891 840 protexerunt
921 763 1060 837 (92),
1086 771 1142 820 et
1167 770 1374 819 castam
1401 768 1668 831 perpetuo
1696 759 2170 816 conversationem
2205 760 2537 818 habuerunt.
2569 761 2711 834 Ergo
2740 763 2794 818 hi
2826 764 3072 821 homines
3103 782 3133 822 a
3166 766 3397 822 Domino
3417 775 3791 838 proteguntur.

529 863 660 920 Haec
679 864 1000 936 quicunque
1029 862 1238 933 egerint
1264 859 1402 930 (95),
1433 857 1689 913 honorati
1719 873 1848 913 sunt
1877 857 2022 928 apud
2052 857 2379 915 Dominum:
2417 868 2473 916 et
2502 859 2645 916 inter
2672 860 2896 917 nuntios
2938 859 3092 918 locus
3129 873 3319 916 eorum
3365 869 3471 928 est,
3516 858 3564 916 si
3609 873 3793 931 ρει-εει·

527 961 842 1019 veraverint
870 973 1047 1032 usque
1072 959 1130 1014 in
1153 951 1684 1014 consummationem
1719 964 1912 1020 parere
1941 949 2197 1006 Domino.

1905 1088 2136 1146 CAPUT
2177 1086 2416 1143 XXVIII.

599 1221 679 1278 De
699 1220 987 1278 undecimo
1003 1226 1208 1284 monte,
1233 1215 1288 1270 in
1304 1227 1415 1285 quo
1435 1219 1590 1268 erant
1613 1209 1837 1266 arbores
1859 1209 1980 1265 aliis
2005 1218 2168 1281 atque
2191 1209 2314 1265 aliis
2340 1207 2612 1264 fructibus
2633 1215 2871 1264 oneratae
2893 1206 3006 1279 (94)
3032 1224 3048 1262 :
3073 1200 3128 1256 hi
3151 1211 3279 1278 sunt
3297 1199 3395 1272 qui
3421 1197 3793 1264 crediderunt,

526 1325 587 1375 et
615 1327 836 1389 propter
881 1330 1084 1372 nomen
1119 1310 1340 1367 Domini
1365 1316 1594 1363 mortem
1627 1305 1901 1372 obierunt,
1933 1314 1988 1360 et
2017 1305 2202 1360 animo
2231 1313 2484 1375 prompto
2509 1303 2656 1373 passi
2685 1311 2834 1368 sunt,
2871 1311 2926 1359 et
2979 1318 3044 1358 ex
3073 1309 3188 1358 toto
3227 1301 3391 1356 corde
3431 1315 3534 1356 suo
3578 1301 3794 1356 animas

524 1428 661 1474 suas
685 1411 1046 1468 tradiderunt.
1084 1407 1152 1462 Et
1181 1403 1334 1462 dixi:
1370 1400 1552 1468 Quare
1578 1414 1729 1468 ergo,
1755 1399 1996 1464 domine,
2028 1413 2220 1454 omnes
2265 1398 2349 1456 ha:
2396 1398 2621 1454 arbores
2664 1399 2869 1454 habent
2917 1397 3138 1469 quidem
3191 1396 3423 1463 fructus,
3465 1396 3561 1452 sed
3599 1410 3792 1452 eorum

486 1507 751 1584 "quidam
782 1502 1158 1578 pulchriores?
1203 1498 1366 1565 Audi,
1401 1496 1619 1568 inquit:
1663 1494 1987 1562 Quicunque
2024 1503 2246 1566 propter
2288 1510 2487 1550 nomen
2535 1493 2749 1550 Domini
2777 1494 2926 1564 passi
2963 1504 3113 1560 sunt,
3139 1495 3389 1551 honorati
3437 1497 3580 1566 apud
3607 1495 3794 1552 Domi-

474 1633 484 1647 ι
521 1621 660 1666 num
688 1605 957 1661 habentur
983 1621 996 1656 :
1022 1609 1082 1656 et
1113 1597 1358 1654 omnium
1379 1609 1568 1650 eorum
1595 1593 1769 1648 deleta
1798 1592 1910 1664 (95)
1940 1600 2070 1648 sunt
2093 1590 2311 1659 delicta,
2349 1592 2475 1662 quia
2498 1599 2718 1662 propter
2746 1606 2946 1646 nomen
2967 1588 3089 1644 Filii
3121 1589 3216 1645 Dei
3242 1600 3475 1645 mortem
3511 1591 3788 1647 obierunt.

469 1680 481 1692 ’
521 1699 708 1768 Quare
739 1703 924 1752 autem
956 1691 1170 1748 fructus
1193 1701 1382 1745 earum
1413 1685 1664 1755 dispares
1709 1683 1838 1749 sint,
1868 1691 1924 1738 et
1964 1682 2236 1739 excellant
2282 1683 2504 1754 quidam
2546 1684 2691 1738 inter
2727 1683 2881 1749 illos,
2928 1682 3057 1737 audi
3080 1680 3193 1753 (96)
3225 1699 3240 1736 :
3271 1681 3600 1754 Quicunque
3638 1684 3791 1739 enim

517 1790 770 1865 perducti
795 1789 862 1844 ad
885 1794 1210 1858 potestates,
1243 1783 1564 1855 interrogati
1601 1797 1711 1837 non
1736 1790 2071 1853 negaverunt
2107 1780 2397 1837 Dominum
2431 1781 2566 1853 (97),
2591 1783 2684 1838 sed
2728 1791 2982 1852 prompto
3023 1780 3208 1835 animo
3233 1780 3382 1850 passi
3416 1789 3579 1849 sunt;
3610 1780 3790 1837 hono-

518 1883 756 1944 ratiores
787 1888 916 1936 sunt
945 1877 1088 1948 apud
1123 1874 1294 1932 Deum
1321 1895 1335 1932 :
1367 1875 1461 1946 qui
1490 1873 1764 1930 excellunt
1805 1873 1970 1943 igitur
2013 1871 2246 1939 fructus,
2272 1887 2465 1928 eorum
2503 1880 2652 1928 sunt.
2691 1872 2796 1939 Qui
2825 1887 2954 1926 vero
2989 1873 3165 1931 timidi
3195 1883 3250 1930 et
3273 1875 3425 1930 dubii
3465 1874 3709 1944 fuerunt,
3734 1884 3794 1933 et

518 1977 962 2034 deliberaverunt
985 1972 1039 2026 in
1071 1969 1236 2026 corde
1266 1982 1390 2032 suo,
1417 1976 1673 2022 utrumne
1709 1962 2012 2019 faterentur
2045 1979 2114 2018 an
2146 1973 2428 2036 negarent,
2465 1973 2518 2019 et
2543 1963 2657 2034 (98)
2681 1965 2831 2034 passi
2877 1975 3035 2034 sunt;
3069 1967 3264 2023 horum
3297 1968 3510 2026 fructus
3536 1971 3788 2038 exiguio-

517 2085 614 2127 res
639 2078 788 2135 sunt,
813 2065 1073 2138 quoniam
1106 2064 1223 2118 haec
1252 2059 1510 2131 cogitatio
1548 2057 1795 2113 ascendit
1826 2055 1880 2110 in
1913 2055 2081 2111 corda
2106 2069 2294 2111 eorum
2325 2072 2339 2110 :
2370 2054 2512 2109 mala
2554 2054 2702 2110 enim
2747 2070 2814 2110 ac
2849 2045 3084 2126 nequam
3119 2067 3205 2114 est
3234 2059 3551 2131 hujusmodi
3583 2064 3791 2135 cogita.

517 2165 619 2232 tio,
641 2160 866 2234 perinde
890 2159 1003 2231 (99)
1029 2172 1094 2214 ac
1117 2157 1163 2213 si
1191 2157 1319 2227 quis
1359 2169 1551 2212 servus
1577 2162 1738 2224 neget
1762 2151 2068 2208 dominum.
2097 2149 2298 2207 Cavete
2345 2150 2534 2222 igitur,
2563 2167 2662 2207 vos
2688 2152 2782 2222 qui
2815 2151 3131 2222 huiusmodi
3159 2155 3520 2227 cogitationes
3551 2159 3788 2227 habetis,

517 2273 590 2314 ne
618 2263 936 2327 permaneat
977 2254 1098 2308 haec
1142 2264 1301 2306 mens
1333 2249 1388 2303 in
1419 2248 1579 2303 vobis
1629 2245 1803 2316 (100),
1835 2254 1889 2301 et
1931 2244 2044 2300 Deo
2073 2245 2406 2301 moriamini.
2441 2243 2553 2300 Vos
2594 2244 2758 2316 igitur
2799 2247 3114 2317 quicunque
3165 2257 3390 2321 prepter
3433 2251 3538 2307 hoc
3587 2267 3788 2309 nomen

517 2357 753 2405 mortem
793 2348 984 2415 obitis,
1019 2344 1315 2402 Dominum
1348 2347 1623 2402 honorare
1657 2343 1733 2417 (l)
1764 2343 2006 2412 debetis;
2034 2343 2180 2414 quod
2208 2343 2403 2415 dignos
2432 2358 2528 2399 vos
2576 2343 2738 2398 habet
2783 2342 3068 2412 Dominus,
3092 2354 3153 2400 ut
3194 2362 3394 2403 nomen
3423 2349 3544 2418 ejus
3574 2348 3789 2420 feratis,

513 2453 571 2501 et
592 2445 777 2499 omnia
805 2451 1026 2513 peccata
1058 2448 1240 2496 vestra
1277 2441 1620 2497 redimantur
1638 2437 1949 2511 (2).Nonne
1976 2453 2107 2510 ergo
2137 2453 2236 2495 vos
2248 2439 2431 2510 potius
2458 2437 2642 2495 felices
2670 2438 3032 2495 existimatis?
3060 2437 3254 2496 Putate
3274 2441 3634 2513 (3)potius,si
3664 2448 3789 2516 quis

513 2557 582 2597 ex
609 2541 769 2597 vobis
795 2540 1021 2611 patitur,
1056 2552 1316 2610 magnum
1347 2552 1488 2608 opus
1517 2535 1798 2607 perﬁcere.
1821 2533 2003 2590 Vitam
2039 2535 2185 2590 enim
2211 2535 2366 2591 vobis
2403 2534 2573 2590 donat
2600 2533 2885 2604 Dominus,
2910 2552 3011 2592 nec
3059 2536 3379 2614 intelligitis.
3412 2539 3621 2598 Delicta
3639 2544 3788 2600 enim

517 2647 702 2694 vestra
728 2653 826 2693 vos
858 2636 1195 2708 gravabant;
1228 2643 1284 2690 et
1312 2635 1418 2690 nisi
1444 2633 1594 2704 passi
1627 2633 1823 2690 essetis
1853 2632 2018 2704 hujus
2059 2633 2300 2689 nominis
2326 2648 2515 2699 causa,
2547 2641 2767 2704 propter
2793 2643 3016 2705 peccata
3045 2644 3192 2690 certe
3233 2638 3312 2705 (4)
3357 2647 3536 2695 vestra
3581 2644 3789 2699 mortui

517 2735 683 2793 eratis
710 2734 843 2789 Deo.
869 2731 998 2788 Haec
1031 2733 1199 2803 igitur
1218 2730 1376 2788 vobis
1418 2731 1563 2798 dico,
1585 2730 1898 2801 quicunque
1930 2729 2243 2785 deliberatis
2287 2729 2355 2785 de
2401 2729 2748 2786 confessione
2785 2741 2880 2786 aut
2904 2730 2971 2785 de
2997 2731 3376 2803 abnegatione.
3403 2735 3788 2796 Confiteamini

520 2829 694 2901 igitur
716 2841 814 2882 vos
858 2825 1058 2881 habere
1088 2824 1382 2880 Dominum
1431 2821 1634 2889 Deum,
1681 2837 1750 2877 ne
1784 2819 1924 2876 forte
1954 2820 2033 2892 (5)
2061 2828 2345 2892 negantes,
2373 2820 2664 2876 tradamini
2706 2821 2763 2875 in
2807 2820 3045 2906 vincula.
3090 2819 3149 2877 Si
3184 2838 3379 2880 omnes
3417 2826 3562 2880 enim
3597 2837 3790 2898 gentes

513 2932 706 2975 servos
741 2931 872 2971 suos
897 2915 1152 2986 puniunt,
1181 2917 1498 2989 quicunque
1523 2918 1808 2974 dominum
1833 2933 1994 2974 suum
2037 2928 2406 2989 negaverunt;
2441 2917 2570 2989 quid
2607 2918 2811 2990 putatis
2836 2934 2934 2976 vos
2974 2919 3268 2978 Dominum
3291 2923 3448 2980 vobis
3485 2923 3787 2995 facturum,

511 3011 610 3082 qui
641 3010 1024 3066 universorum
1085 3009 1247 3066 habet
1271 3020 1614 3082 potestatem.
1657 3010 1951 3070 Removete
1978 3011 2147 3084 igitur
2179 3012 2247 3069 de
2283 3011 2600 3084 praecordiis
2639 3012 2836 3072 vestris
2876 3015 2981 3071 has
3021 3015 3422 3090 disputationes
3461 3022 3568 3094 (6),
3615 3034 3676 3080 ut
3725 3021 3787 3080 in

517 3114 847 3179 perpetuum
881 3104 1082 3162 vivatis
1110 3103 1247 3163 Deo.

1921 3201 2155 3260 CAPUT
2199 3202 2395 3261 XXIX.

579 3335 655 3384 De
683 3326 1010 3384 duodecimo
1045 3342 1176 3384 vero
1206 3337 1390 3385 monte
1414 3328 1647 3385 candido
1670 3328 1749 3402 (7)
1778 3347 1792 3385 :
1819 3329 1953 3386 tales
1978 3341 2110 3388 sunt
2135 3332 2231 3404 qui
2268 3333 2618 3391 crediderunt
2659 3336 2806 3394 sicut
2845 3336 3088 3395 infantes
3125 3337 3349 3407 sinceri,
3376 3337 3586 3410 quibus
3628 3337 3783 3393 nulla

510 3419 725 3476 malitia
762 3418 1010 3492 asqendit
1035 3419 1088 3474 in
1117 3435 1365 3487 sensum,
1399 3435 1498 3476 nec
1536 3421 1814 3476 sciverunt
1847 3422 1979 3492 quid
2010 3423 2084 3478 sit
2114 3425 2346 3490 malitia,
2371 3427 2465 3482 sed
2507 3442 2722 3500 semper
2745 3430 2799 3484 in
2826 3430 3160 3492 Isinceritate
3199 3423 3550 3492 manserunt:
3578 3433 3786 3504 liuius-

507 3510 658 3565 modi
689 3524 820 3580 ergo
841 3509 1094 3566 homines
1121 3509 1200 3581 (8)
1229 3512 1350 3568 sine
1399 3513 1509 3567 ulla
1556 3512 1900 3569 dubitatione
1942 3513 2327 3572 inhabitabunt
2375 3533 2604 3589 regnum
2637 3518 2732 3575 Dei
2767 3521 2846 3593 (9)
2892 3539 2906 3576 :
2953 3525 3214 3593 quoniam
3263 3527 3318 3582 in
3364 3525 3519 3582 nullo
3563 3526 3786 3597 negotio

507 3605 772 3664 mandata
809 3605 909 3661 Dei
933 3606 1352 3662 maculaverunt
1379 3607 1516 3679 (10),
1542 3608 1636 3664 sed
1667 3623 1791 3663 cum
1823 3608 2136 3664 sinceritate
2177 3621 2600 3681 permanserunt
2627 3629 2819 3671 omnes
2862 3615 2979 3671 dies
3024 3619 3152 3672 vitae
3193 3632 3329 3682 suae,
3351 3617 3544 3673 eodem
3586 3631 3786 3672 sensus

505 3713 715 3756 tenore.
731 3698 1056 3770 Quicunque
1089 3713 1219 3768 ergo
1247 3699 1646 3769 permanserint
1668 3699 2017 3771 (ll),inquit,
2034 3699 2174 3756 sicut
2202 3701 2458 3771 infantes,
2488 3720 2598 3762 non
2629 3707 2890 3762 habentes
2913 3708 3198 3777 malitiam,
3222 3709 3785 3765 honoratioreserunt

505 3792 768 3847 omnibus
796 3791 903 3847 illis
929 3805 1070 3861 quos
1094 3789 1208 3860 jam
1233 3790 1368 3846 dixi.
1398 3791 1600 3848 Omnes
1643 3791 1792 3848 enim
1835 3791 2073 3850 infantes
2099 3794 2360 3852 honorati
2387 3806 2516 3854 sunt
2544 3799 2687 3870 apud
2723 3800 3037 3871 Dominum,
3068 3812 3121 3858 et
3147 3802 3310 3872 primi
3359 3801 3652 3857 habentur.
3681 3799 3786 3855 Fc-

511 3890 647 3946 lices
674 3903 806 3959 ergo
835 3903 956 3954 vos,
989 3887 1306 3958 quicunque
1330 3884 1673 3940 removeritis
1701 3884 1966 3939 malitiam
1997 3901 2028 3940 a
2063 3886 2239 3954 vobis,
2281 3899 2338 3943 et
2367 3889 2654 3946 indueritis
2701 3892 3104 3961 innocentiam;
3146 3893 3274 3964 quia
3298 3893 3458 3963 primi
3486 3891 3600 3964 (£2)
3629 3893 3786 3946 vide-

505 3985 636 4042 bitis
670 3985 864 4040 Deum.
890 3983 1190 4053 Postquam
1221 3978 1395 4034 ﬁnivit
1418 3980 1666 4035 omnium
1707 3981 1978 4037 montium
2005 3983 2445 4053 explanationem
2481 3988 2621 4058 (l3),
2649 3989 2774 4046 dico
2803 3989 2853 4045 ei
2885 4011 2899 4046 :
2937 3990 3186 4056 Domine,
3217 4003 3366 4048 nunc
3401 4007 3612 4062 expone
3643 3992 3782 4048 mihi

503 4077 574 4131 de
598 4076 870 4146 lapidibus
901 4075 988 4130 his
1025 4073 1122 4144 qui
1153 4072 1301 4128 allati
1333 4086 1400 4126 ex
1428 4087 1631 4160 campo
1664 4073 1718 4128 in
1755 4073 1938 4128 locum
1971 4077 2389 4147 reprobatorum
2418 4080 2556 4153 (14),
2595 4083 2660 4139 ad
2707 4095 3038 4142 structuram
3070 4085 3239 4142 turris
3269 4087 3425 4143 missi
3465 4096 3595 4143 sunt
3617 4089 3733 4160 (i5)
3763 4105 3782 4144 :

503 4166 636 4221 item
661 4165 729 4219 de
757 4162 1034 4234 lapidibus
1063 4160 1174 4217 illis
1205 4160 1476 4229 rotundis,
1499 4160 1594 4231 qui
1621 4159 1677 4215 in
1711 4170 2044 4218 structuram
2071 4165 2238 4222 turris
2278 4167 2476 4238 adjecti
2509 4179 2658 4240 sunt,
2684 4181 2741 4230 et
2769 4173 2838 4231 de
2871 4174 2958 4232 his
2980 4183 3075 4246 qui
3108 4183 3288 4240 adhuc
3313 4186 3534 4242 rotundi
3563 4159 3787 4242 reman-

504 4271 716 4321 seram.
1597 4345 1836 4402 vanus
1873 4346 2264 4421 LECTIONES
2321 4353 2412 4410 ET
2453 4355 2690 4415 nom.

569 4469 683 4540 (90)
713 4467 864 4523 Bodl.
909 4469 1185 4538 episcopis,
1225 4469 1283 4522 id
1325 4480 1402 4552 est
1449 4468 1762 4540 prwsufibus
1804 4468 2078 4552 Ecclesia.
2254 4476 2333 4603 eg
2362 4476 2464 4535 Ms.
2497 4475 2640 4536 Vict.
2671 4482 3042 4539 remedientur.
3084 4483 3155 4540 At
3197 4484 3382 4543 Carm.
3427 4491 3778 4549 redimantur.

569 4541 690 4595 Imb.
728 4553 948 4603 quoque
973 4539 1153 4603 habet,
1186 4538 1478 4596 Ecclesiae:
1506 4548 1721 4603 cetera,
1755 4549 1816 4596 ut
1864 4555 1919 4596 In
1962 4543 2082 4598 vul—
2183 4545 2262 4602 Ha
2336 4557 2395 4603 nt
2427 4564 2647 4603 ouoaue
2685 4555 3037 4603 remediantur
3061 4571 3195 4603 mss-
3242 4559 3395 4603 Αησι-
3453 4563 3596 4603 ιιηιιτι
3649 4563 3776 4603 ποι-

499 4538 690 4630 Lamb.
728 4553 948 4610 quoque
973 4539 1153 4606 habet,
1186 4538 1478 4596 Ecclesiae}
1506 4548 1721 4608 cetera,
1755 4549 1816 4596 ut
1864 4540 1919 4596 in
1962 4543 2082 4598 vul—
2182 4538 2395 4630 liabént
2427 4564 2647 4630 quoque
2671 4538 3038 4630 _remedie_ntu_r
3061 4538 3396 4630 mssiﬁngl.
3430 4538 3776 4629 'éiii'd'

497 4611 680 4701 gasinsl,‘
713 4679 820 4701 "ﬂ
883 4680 1008 4701 Au.
1065 4681 1245 4701 MM”
2181 4617 2328 4701 lum_;
2362 4611 2534 4701 quam
2559 4611 2850 4701 lectionem
2876 4624 3120 4701 Clericus
3150 4611 3714 4701 aliique—omiserunt:

710 4679 841 4765 Mss.
875 4680 1031 4765 εἴης).
1059 4681 1263 4765 libenti.
1300 4753 1312 4764 _
1413 4752 1426 4764 .
1669 4762 1678 4765 Α
1764 4754 1775 4765 _
1802 4752 1812 4765 ο
2362 4679 2554 4765 Fami).
2583 4679 2899 4765 motimoti}.
2921 4679 3282 4765 Sediporto'tﬁej.

567 4752 680 4821 (92)
708 4751 840 4806 Mss.
862 4751 1019 4823 Angl.
1053 4751 1368 4819 ministerio,
1407 4752 1582 4822 inopes
1630 4762 1680 4806 et
1726 4752 1912 4807 viduos
1950 4768 2076 4824 ρον-
2251 4751 2328 4831 (1)
2362 4758 2554 4831 Lamb.
2580 4762 2751 4828 deest,
2783 4775 2940 4830 certe.
2967 4751 3148 4824 Fel'lus
3182 4751 3395 4826 {uestra
3425 4783 3586 4831 certe.

496 4831 762 4906 “ggan
844 4893 855 4906 -
1109 4895 1122 4906 .
1170 4903 1177 4906 μ
1229 4889 1266 4906 ἡ
1300 4893 1334 4906 η
1599 4894 1611 4904 '
1660 4901 1671 4906 Δ
1732 4893 1745 4906 ⁸
1974 4903 1982 4906 _
2251 4827 2331 4906 (ξ)
2361 4827 2999 4906 bamb._Domirtan3;ne
3019 4841 3249 4906 quando.

708 4891 898 4975 Bamb.
930 4895 1201 4975 gesserint.
1225 4889 1406 4950 Fellus
1431 4911 1443 4948 :
1473 4894 1693 4961 egerint,
1725 4893 2072 4953 honorantur.
2357 4899 2452 4975 δίο
2480 4909 2543 4975 et
2565 4902 2718 4958 Bodl.
2745 4905 2816 4960 At
2837 4889 3347 4967 Féntetin'fb'm.
3387 4913 3770 4975 dubitationes,

1062 4961 1271 5057 ξιξξιιιξ..
1513 4960 1520 4961 ί
2356 4969 2680 5057 ἒίεετικιθιηειἰ
2703 4960 3347 5057 εαῃάὶάαιολλὸέλῆἶιίέι-

564 5031 681 5099 (95)
712 5031 842 5088 Mss.
872 5033 1031 5101 Angl.
1064 5031 1289 5088 abolita.
2245 5031 2306 5101 (8

2309 5039 2330 5110 )
2358 5040 2552 5098 Lamb.
2579 5039 2634 5098 Ιιῖ
2660 5046 2918 5103 homines.

562 5104 680 5185 (96)
710 5101 899 5184 bamb.
932 5113 1052 5157 sunt
1084 5115 1133 5158 et
1161 5104 1492 5160 excellunt...
1533 5117 1670 5158 nunc
1709 5105 1856 5160 audi.
1907 5104 1997 5163 Sic
2021 5115 2075 5162 et
2351 5111 2482 5169 Mss.
2514 5115 2673 5238 Anlgl.
2701 5101 3034 5174 habitabant‘
3053 5122 3110 5176 in
3139 5139 3296 5194 regno
3329 5123 3450 5180 Dei.

562 5176 622 5229 :lh
651 5173 782 5229 edit.
807 5173 984 5229 Oxon.
1275 5245 1288 5256 θ
1413 5223 1416 5226 .
2102 5193 2103 5196 ‘
2245 5110 2362 5323 ξω)
2391 5182 2546 5240 Bodl.
2631 5187 2866 5242 ominum
2891 5192 3307 5249 maculaverunt.

562 5243 677 5323 (92)
707 5242 898 5323 Bamb.
930 5245 1106 5323 deest,
1132 5243 1438 5301 Dorumum.
2272 5253 2360 5323 11)
2393 5253 2526 5310 Mss.
2557 5255 2716 5323 Angl.
2747 5264 3164 5323 permanseritis.
3194 5263 3260 5320 Et
3289 5281 3438 5323 mox.

492 5173 782 5249 Fellj_ed_it.
807 5173 984 5249 Oxon.
1143 5243 1173 5249 _
1276 5245 1288 5249 Α
1413 5223 1416 5226 .
2102 5193 2103 5196 ‘
2245 5173 2362 5249 (11))
2391 5182 2546 5240 Bodl.
2580 5173 2866 5242 Dominum
2891 5173 3307 5249 maiuiiivééiiii.

562 5223 1438 5332 ζξζξ-ξξξῐῇιῖξᾷέξθῆι,Βοηιίηιιηὶ.
2247 5223 2363 5332 (ἱῆ
2391 5223 3178 5332 ᾕέἒξᾯιῖὶἶᾮέἓῖἷηέἱῗὲεῖὲῗῖεῗ
3194 5223 3438 5332 ἒῗῗηοι,
3463 5270 3770 5326 honoratio—

436 5367 440 5370 η
563 5313 678 5384 (98)
713 5313 865 5368 Bodl.
889 5315 996 5369 add
1050 5323 1238 5368 tamen.

436 5385 444 5400 ¹
564 5384 674 5410 Ιοηὶ
697 5383 720 5410 1
743 5387 867 5410 ιιι-ιιι
935 5384 1081 5410 ᾹΑΛκΙ
1155 5385 1366 5410 μιμέμλ-
1446 5386 1536 5410 ΕΞ..
1592 5396 1636 5410 Α.
1705 5388 1806 5410 ,μκι
1891 5388 2039 5410 n___,_

2174 5313 2456 5410 ref-eritis.
2486 5313 2698 5410 Qnibu's.
2725 5313 2908 5383 statim
2942 5313 3762 5410 ρὰιέιξςίξῶῖί-ᾖῑᾶιᾘᾶ,ἇὲἓ.

436 5385 444 5400 .
499 5383 1107 5481 ﬂ(iii-Sui)“Panthi.".tl-eest,
1154 5385 1386 5453 perinde.
1446 5386 1538 5443 Sic
1589 5396 1642 5442 et
1701 5388 1828 5442 edit.
1890 5388 2067 5445 Oxon.
2388 5383 2904 5481 bambqulicnonque
2933 5383 3763 5481 @1326;

489 5455 832 5534 Mqu
859 5455 997 5534 quis;
1865 5529 1877 5534 _
1980 5533 1985 5534 ν
2038 5533 2043 5534 ν
2245 5455 2359 5534 (15)
2388 5465 2580 5522 Lamb.
2607 5455 2944 5526 solutionem.
2975 5455 3066 5529 Sic
3089 5455 3468 5534 t't‘re‘titg'."'"~

525 5523 928 5651 dsitoggsbamb.
954 5524 1170 5594 desunt,
1202 5544 1257 5581 ιη
1283 5534 1460 5593 vobis;
1491 5541 1544 5587 et
1580 5538 1703 5600 post
1744 5529 2067 5598 moriamini,
2175 5523 2523 5660 ωέὲῄιῐὲἓὲιί
2547 5536 2681 5595 edit.
2719 5523 3411 5660 otiosiuiais'éx’c'éiiib,
3443 5561 3491 5606 et
3525 5556 3762 5624 reproba-

491 5609 633 5666 auo.
649 5610 758 5666 vos.
819 5665 826 5666 ί
2175 5617 2348 5666 torum
2373 5609 2507 5662 loco.
3242 5644 3262 5664 .

565 5664 644 5734 (1)
679 5663 869 5722 Lamb.
898 5684 1085 5736 orare;
1116 5678 1168 5724 et
1206 5684 1355 5739 mox,
1388 5671 1596 5726 habent.
1973 5685 2031 5708 *ν
2178 5663 2213 5666 νὴ
2243 5678 2357 5750 (15)
2386 5677 2517 5736 Mss.
2554 5680 2714 5754 Angl.
2745 5683 2940 5741 ierunt.
