4076 6142
1384 238 1676 295 PASTOR.
1714 268 1784 283 -—
1821 237 1951 293 LIB.
1988 236 2079 292 Ill.
2117 237 2321 295 SlMlL.
2361 238 2453 295 1X.

1677 349 1910 405 CAPUT
1949 348 2121 407 XXX.

345 451 485 505 Audi
520 465 687 519 nunc,
718 448 915 521 inquit,
938 448 1007 504 de
1029 447 1322 519 lapidibus.
1347 446 1454 513 Qui
1492 448 1641 502 allati
1679 447 1793 519 (l6)
1821 448 1888 503 de
1910 462 2106 518 campo
2136 448 2190 501 in
2236 456 2572 503 structuram
2618 447 2786 503 turris
2811 449 2973 519 positi
3021 459 3153 506 sunt
3186 466 3377 507 eorum
3420 452 3543 507 loco

277 546 371 617 qui
403 543 518 614 (17)
544 543 822 614 reprobati
850 550 1011 597 erant
1040 581 1056 606 ,
1081 541 1297 596 radices
1327 549 1456 596 sunt
1481 540 1629 595 illius
1654 538 1871 595 candidi
1904 540 2129 595 montis.
2154 538 2292 594 Cum
2329 540 2495 611 igitur
2535 540 2590 594 hi
2618 540 2713 609 qui
2736 540 2804 595 de
2837 540 2929 595 illo
2956 551 3142 599 monte
3170 544 3541 611 crediderunt,

277 641 402 697 facti
434 651 565 697 sunt
592 639 946 707 innocentes;
971 639 1139 709 jussit
1162 638 1427 693 Dominus
1448 637 1568 706 ejus
1611 637 1802 701 turris,
1833 650 1930 691 eos
1959 636 2053 706 qui
2080 636 2148 691 de
2183 636 2459 692 radicibus
2489 636 2689 691 montis
2719 642 2923 701 essent,
2958 635 3015 690 in
3050 645 3382 693 structuram
3421 638 3542 694 col-

276 730 465 786 locari.
496 728 771 785 lntellexit
802 729 915 801 (18)
944 729 1113 797 enim,
1146 729 1191 785 si
1224 730 1290 784 ad
1318 728 1733 784 aediﬁcationem
1778 728 1973 783 iissent
2011 728 2148 799 (l9),
2178 728 2492 799 Splendidos
2534 729 2657 783 illos
2686 744 3100 797 permansuros,
3130 750 3231 790 nec
3271 736 3442 790 ullum
3473 737 3544 791 de

277 824 359 879 bis
394 822 631 894 amplius
673 822 1069 894 denigrandum
1118 822 1254 893 (20).
1294 821 1450 889 Quod
1487 823 1533 877 si
1574 822 1645 876 ita
1678 821 1790 891 (2|)
1831 822 1898 876 de
1944 821 2155 876 caeteris
2200 821 2479 875 montibus
2527 820 2839 891 adjecisset,
2865 837 2972 877 non
3009 839 3229 880 necesse
3259 828 3544 885 habuisset

274 928 467 968 rursus
494 911 717 966 visitare
743 925 863 965 eam
897 914 1091 966 turrim
1119 920 1285 981 atque
1313 925 1568 981 purgare.
1611 908 1677 964 Hi
1705 919 1889 964 autem
1917 924 2108 964 omnes
2133 910 2375 974 candidi,
2411 910 2640 979 juvenes
2668 911 2781 983 (22)
2811 924 2943 969 sunt
2962 915 3055 985 qui
3088 918 3456 985 crediderunt,
3488 929 3545 975 et

272 1014 365 1083 qui
392 1009 653 1067 credituri
681 1019 848 1077 sunt;
887 1025 950 1064 ex
975 1009 1165 1063 eodem
1190 1008 1337 1062 enim
1368 1022 1566 1078 genere
1593 1016 1739 1062 sunt.
1766 1006 1918 1062 Felix
1945 1006 2051 1063 hoc
2077 1022 2271 1077 genus,
2312 1008 2443 1077 quia
2478 1008 2776 1063 innocuum
2803 1020 2905 1066 est.
2935 1013 3081 1068 Audi
3114 1029 3261 1069 nunc
3286 1025 3342 1069 et
3375 1016 3443 1072 de
3476 1017 3545 1072 il-

276 1113 340 1166 lis
362 1108 614 1165 rotundis
648 1106 923 1177 lapidibus
959 1115 1012 1161 et
1051 1103 1372 1175 splendidis.
1398 1102 1465 1156 Hi
1491 1117 1684 1158 omnes
1709 1102 1777 1157 de
1806 1102 1912 1157 hoc
1947 1103 2182 1157 candido
2213 1112 2399 1157 monte
2435 1111 2583 1158 sunt.
2612 1101 2793 1169 Quare
2815 1106 2930 1177 (23)
2958 1120 3137 1164 autem
3164 1111 3383 1166 rotundi
3416 1120 3547 1167 sunt

271 1203 489 1273 reperti,
521 1215 687 1258 causa
718 1208 801 1254 est
833 1198 963 1269 quia
985 1198 1187 1253 divitiae
1212 1213 1327 1253 suae
1376 1196 1498 1251 illos
1525 1196 1784 1266 pusillum
1837 1211 1867 1249 a
1914 1196 2141 1251 veritate
2185 1196 2624 1251 obscuravcrunt
2671 1206 2836 1269 atque
2879 1200 3349 1273 obluscaverunt;
3383 1204 3478 1260 sed
3510 1221 3543 1260 a

273 1292 382 1347 Deo
413 1306 694 1361 nunquam
726 1296 1098 1354 recesserunt,
1130 1302 1232 1344 nec
1265 1287 1437 1341 ullum
1469 1286 1695 1341 verbum
1724 1286 1929 1340 malum
1955 1286 2225 1356 processit
2254 1288 2322 1341 de
2358 1302 2454 1342 ore
2480 1303 2710 1355 eorum;
2740 1289 2834 1344 sed
2868 1291 3051 1346 omnis
3083 1292 3335 1362 aequitas,
3370 1292 3546 1347 virtus

268 1396 322 1441 et
350 1387 554 1442 veritas
586 1384 723 1455 (24).
750 1381 956 1438 Horum
991 1396 1123 1452 ergo
1149 1388 1387 1436 mentem
1419 1393 1544 1433 cum
1568 1378 1796 1433 vidisset
1844 1376 2135 1441 Dominus,
2187 1386 2242 1432 et
2287 1393 2449 1447 posse
2498 1393 2595 1433 eos
2638 1379 2854 1434 veritati
2902 1378 3118 1449 favere;
3156 1383 3324 1453 jussit
3370 1386 3545 1439 bonos

268 1496 487 1553 quoque
510 1494 851 1550 permanere,
881 1487 934 1532 et
962 1493 1095 1546 opes
1144 1491 1337 1530 eorum
1370 1473 1733 1541 circumcidi;
1763 1489 1871 1528 non
1901 1473 2048 1527 enim
2082 1473 2258 1528 voluit
2299 1474 2353 1527 in
2402 1482 2575 1528 totum
2611 1475 2733 1529 illas
2780 1477 2893 1531 tolli
2922 1477 3058 1548 (25),
3082 1487 3142 1533 ut
3166 1489 3389 1548 possent
3415 1480 3544 1535 boni

268 1578 475 1648 aliquid
503 1576 685 1631 facere
714 1574 829 1642 (26)
860 1574 929 1628 de
957 1588 1023 1630 eo
1052 1573 1198 1643 quod
1234 1572 1315 1627 eis
1337 1572 1587 1627 relictum
1630 1579 1746 1638 est;
1784 1579 1840 1625 et
1876 1570 2062 1625 vivent
2090 1571 2204 1642 (27)
2229 1569 2364 1638 Deo,
2393 1573 2654 1641 quoniam
2684 1579 2739 1627 et
2766 1574 2866 1643 ipsi
2897 1575 2966 1630 de
2988 1591 3186 1646 genere
3216 1577 3362 1632 bono
3391 1588 3541 1634 sunt.

272 1672 406 1728 ldeo
432 1687 565 1744 ergo
588 1671 851 1743 pusillum
880 1668 1191 1724 circumcisi
1216 1675 1369 1736 sunt,
1393 1676 1448 1723 et
1472 1667 1636 1738 positi
1662 1667 1718 1721 in
1742 1674 2075 1722 structuram
2113 1668 2285 1724 turris
2310 1667 2497 1738 hujus.

1663 1784 1896 1842 CAPUT
1932 1785 2129 1842 XXXI.

333 1907 533 1967 Caneri
562 1921 695 1962 vero
716 1904 811 1976 qui
839 1902 1037 1958 adhuc
1065 1901 1287 1958 rotundi
1330 1906 1773 1971 permanserunt,
1802 1912 1982 1970 neque
2018 1899 2128 1969 apti
2154 1900 2355 1969 reperti
2398 1898 2513 1969 (28)
2559 1911 2688 1956 sunt
2738 1903 2792 1959 in
2842 1920 2963 1961 eam
3019 1914 3379 1977 structuram,
3413 1915 3546 1983 quia

263 2006 515 2061 nondum
548 2007 882 2070 acceperunt
924 1993 1190 2064 sigillum,
1227 1992 1453 2063 repositi
1481 2000 1612 2047 sunt
1636 1990 1691 2044 in
1724 1989 1847 2045 loco
1873 2003 2007 2057 suo;
2039 1989 2197 2045 valde
2235 1989 2382 2045 enim
2423 1992 2645 2046 rotundi
2680 1998 2877 2064 reperti
2909 2010 3061 2058 sunt.
3091 2000 3317 2071 Oportet
3362 2015 3546 2061 autem

262 2098 590 2159 circumcidi
616 2097 724 2152 hoc
753 2091 1014 2149 saeculum
1045 2087 1113 2141 ab
1152 2082 1281 2149 illis,
1311 2088 1367 2137 et
1397 2079 1671 2134 vanitates
1712 2093 1878 2149 opum
1924 2093 2182 2146 suarum;
2211 2088 2267 2134 et
2304 2088 2436 2135 tunc
2467 2084 2796 2141 convenient
2846 2087 2900 2141 in
2943 2105 3113 2161 regno
3154 2091 3270 2148 Dei.
3311 2093 3549 2154 Necesse

261 2214 347 2258 est
368 2198 521 2256 enim
547 2210 644 2251 eos
668 2193 873 2247 intrare
902 2189 958 2241 in
980 2196 1211 2255 regnum
1239 2178 1371 2245 Dei;
1407 2178 1515 2233 hoc
1552 2176 1699 2231 enim
1732 2190 1904 2246 genus
1947 2174 2248 2230 innocuum
2292 2175 2571 2231 benedixit
2612 2179 2899 2240 Dominus.
2945 2184 3023 2240 Ex
3059 2187 3163 2243 hoc
3188 2204 3318 2259 ergo
3346 2207 3546 2262 genere

261 2312 375 2353 non
410 2289 700 2349 intercidet
723 2286 1048 2358 quisquam;
1074 2278 1277 2334 etenim
1309 2276 1436 2330 licet
1464 2272 1591 2343 quis
1629 2287 1819 2328 eorum
1861 2280 2101 2327 tentatus
2126 2287 2158 2326 a
2190 2274 2531 2343 nequissimo
2572 2275 2816 2344 diabolo,
2840 2275 3049 2347 aliquid
3088 2279 3397 2350 deliquerit,
3425 2282 3541 2337 cito

260 2391 516 2442 recurret
544 2380 611 2435 ad
640 2376 935 2433 Dominum
968 2369 1141 2427 Deum
1175 2383 1361 2424 suum.
1385 2365 1596 2421 Felices
1629 2379 1727 2419 vos
1755 2362 1869 2433 (29)
1888 2363 2077 2433 judico
2100 2378 2202 2434 ego
2243 2367 2471 2421 nuntius
2494 2368 2852 2437 pteuitentiac,
2876 2371 3190 2441 quicunque
3222 2372 3546 2432 innocentes

257 2484 403 2541 estis
433 2481 578 2536 sicut
604 2446 843 2531 infantes
864 2510 880 2536 ,
914 2466 1174 2539 quoniam
1205 2478 1336 2533 pars
1361 2470 1541 2517 vestra
1565 2459 1708 2514 bona
1739 2468 1818 2516 est
1851 2466 1904 2513 et
1941 2459 2209 2514 honorata
2253 2462 2394 2531 apud
2433 2461 2752 2521 Dominum.
2780 2465 2915 2522 Dico
2946 2478 3129 2524 autem
3162 2473 3422 2529 omnibus
3448 2489 3546 2529 vo-

256 2579 369 2645 bis,
403 2575 725 2646 quicunque
758 2565 998 2639 sigillum
1024 2562 1129 2616 hoc
1157 2557 1486 2629 accepistis:
1515 2555 1919 2625 simplicitatem
1955 2555 2171 2623 habete,
2207 2571 2385 2626 neque
2426 2557 2760 2614 oﬂ‘ensarum
2811 2574 3087 2617 memores
3130 2572 3328 2633 estote,
3366 2581 3549 2637 neque

254 2676 313 2730 in
346 2672 562 2729 malitia
586 2672 901 2739 permanete
929 2660 1043 2730 (50)
1065 2670 1080 2725 ;
1110 2673 1288 2728 neque
1313 2657 1368 2711 in
1393 2654 1661 2711 memoria
1686 2652 2018 2709 oﬂcnsarum
2044 2654 2441 2711 amaritudines
2470 2656 2525 2712 in
2550 2656 2987 2728 uniuscujusque
3009 2660 3207 2729 spiritu
3232 2662 3367 2717 [iant
3389 2662 3506 2734 (51)
3528 2682 3546 2732 ;

253 2768 354 2824 sed
382 2766 475 2821 his
506 2761 664 2819 malis
694 2754 955 2814 scissuris
988 2752 1103 2823 (52)
1135 2749 1375 2805 remedia
1404 2755 1723 2821 procurate,
1749 2754 1915 2815 atque
1945 2744 2116 2801 tollite
2143 2746 2265 2802 illas
2289 2761 2321 2801 a
2368 2747 2527 2803 vobis
2553 2765 2568 2803 :
2606 2758 2666 2804 ut
2715 2749 2972 2807 dominus
3001 2766 3260 2821 pecorum
3312 2756 3549 2824 gaudeat

252 2860 326 2915 de
372 2855 535 2912 vobis
561 2853 699 2925 (33);
745 2848 1000 2921 gaudebit
1045 2854 1263 2909 autem,
1290 2843 1337 2900 si
1378 2841 1561 2899 omnia
1608 2840 1879 2897 invenerit
1931 2852 2087 2896 sana.
2139 2836 2199 2893 Si
2250 2848 2434 2895 autem
2488 2855 2654 2910 pecus
2679 2840 2902 2913 aliquod
2939 2859 3004 2899 ex
3027 2845 3229 2903 talibus
3278 2846 3549 2903 invenerit

251 2954 640 3023 dissipatum;
674 2961 756 3002 va:
791 2946 895 3000 erit
918 2942 1255 3014 pastoribus.
1277 2938 1433 3007 Quod
1461 2937 1508 2995 sl
1559 2935 1665 3007 ipsi
1714 2943 1965 3007 pastores
2006 2933 2255 3005 disslpati
2289 2934 2513 3002 fuerint,
2538 2936 2667 3007 quid
2705 2939 3114 3009 respondebunt
3144 2943 3307 2998 etiam
3347 2943 3399 3000 ei
3431 2944 3548 3016 (3t)

250 3064 361 3120 pro
402 3041 727 3115 pecoribus?
761 3037 1020 3108 Nunquid
1048 3037 1251 3099 dicent,
1284 3046 1315 3087 a
1353 3044 1553 3103 pecore
1587 3044 1648 3120 se
1689 3027 1963 3120 vexatos?
2010 3027 2125 3097 (55)
2156 3025 2274 3082 Non
2299 3029 2570 3120 credetur
2610 3030 3110 3120 illis.lncredibilis
3138 3036 3284 3090 enim
3312 3051 3402 3092 res
3438 3048 3545 3101 est.

252 3117 545 3215 pastorem
570 3134 681 3206 pati
705 3146 870 3203 posse
898 3146 927 3185 a
959 3142 1198 3199 pecore;
1232 3132 1287 3180 et
1318 3123 1493 3195 magis
1515 3119 1741 3193 punitur
1762 3119 1875 3192 (56)
1903 3126 2126 3190 propter
2154 3117 2499 3174 mendacium
2530 3133 2715 3176 suum.
2743 3119 2811 3177 Et
2830 3137 2931 3195 ego
2957 3140 3079 3183 sum
3109 3137 3332 3197 pastor;
3361 3137 3417 3185 et
3446 3146 3545 3185 va-

249 3214 533 3292 lidissime
566 3236 782 3301 oportet
809 3240 899 3281 me
917 3224 985 3280 de
1015 3221 1171 3277 vobis
1195 3217 1463 3275 rationem
1494 3214 1744 3272 reddere.

279 242 417 298 1005
1384 242 1676 295 PASTOR.
1714 268 1784 283 -—
1821 242 1951 293 LIB.
1988 242 2079 292 Ill.
2117 242 2321 295 SIMIL.
2361 242 2453 295 1x.
3403 242 3540 299 1006

1546 3356 1883 3422 Anrtocnus,
1918 3354 2141 3408 homilia
2166 3352 2258 3410 91.

2032 3495 2237 3551 Bonum
2268 3507 2345 3551 est
2376 3496 2564 3554 habere
2596 3478 2989 3570 simplicitatem
3014 3510 3067 3556 et
3102 3500 3548 3568 innocentiam.“

1957 3603 2068 3643 esse
2093 3590 2230 3644 sicut
2262 3590 2513 3661 infantes.
2542 3593 2632 3663 qui
2669 3593 2905 3647 nesciunt
2930 3593 3216 3661 malitiam,
3239 3611 3357 3667 qua
3383 3598 3550 3652 vitam

328 3511 524 3572 Καλόν
551 3512 668 3563 ἐστι
693 3506 911 3578 κρατεῖν
938 3504 1035 3575 τὴν
1061 3500 1338 3571 ἁπλότητα
1360 3498 1454 3552 καὶ
1478 3496 1577 3569 τὴν
1601 3496 1854 3562 ἀκακίαν,

243 3612 355 3666 καὶ
391 3601 534 3660 εἶναι
562 3602 639 3665 ὼς
664 3599 735 3654 τὰ
760 3598 928 3671 νήπια
955 3595 1026 3649 τὰ
1077 3594 1153 3667 μὴ
1197 3590 1533 3663 γινώσκοντα
1559 3591 1657 3662 τὴν
1688 3606 1855 3663 πονη-

246 3703 416 3776 ρίαν,
467 3695 569 3767 τὴν
619 3690 989 3747 ἀπολλύουσαν
1031 3687 1131 3759 τὴν
1175 3684 1320 3757 ζωὴν
1356 3683 1466 3738 τῶν
1518 3680 1851 3776 ἀνθρώπιον·

243 3773 356 3850 καὶ
397 3788 476 3862 μὴ
505 3785 644 3841 εἶναι
681 3781 1070 3856 μνησικάκους,
1101 3779 1241 3851 μήτε
1270 3776 1619 3848 παρανόμους
1647 3773 1760 3847 (57)
1785 3775 1852 3847 τῇ

246 3884 440 3954 κακίᾳ
458 3898 473 3912 °
509 3879 623 3934 ἀλλ’
646 3875 944 3932 ἀποθέσθαι
969 3873 1069 3937 τὰς
1089 3871 1290 3935 κακίας
1318 3868 1412 3923 καὶ
1440 3867 1541 3932 τὰς
1565 3866 1853 3939 πονηρίας,

245 3979 359 4034 καὶ
404 3973 507 4039 τὰς
554 3972 780 4043 πικρίας
819 3967 918 4031 τὰς
963 3965 1346 4038 παρανόμους,
1376 3961 1470 4015 καὶ
1520 3960 1771 4031 γενέσθαι
1798 3959 1857 4013 ἓν

247 4066 514 4139 πνεῦμα,
542 4065 636 4119 καὶ
675 4062 745 4116 τὰ
777 4061 1031 4133 σχήματα
1058 4057 1171 4131 (58)
1200 4054 1270 4110 τὰ
1298 4054 1513 4139 πονηρᾲ
1537 4052 1855 4125 ἀνατρέψαι.

1958 3680 2230 3736 hominum
2255 3683 2458 3753 perdit;
2489 3699 2649 3756 neque
2668 3700 2780 3740 esse
2799 3686 3121 3755 oﬁ'ensarum
3160 3704 3436 3757 memores,
3460 3707 3550 3747 ne-

1957 3790 2055 3845 que
2084 3776 2141 3829 in
2168 3776 2381 3831 malitia
2407 3794 2751 3849 permanere;
2789 3780 2881 3833 sed
2927 3796 3184 3837 removere
3218 3783 3454 3838 malitias
3496 3796 3549 3841 et

1958 3866 2319 3939 malignitates
2341 3910 2357 3938 ,
2404 3881 2454 3927 et
2515 3871 2900 3928 amaritudines
2927 3885 3319 3943 permanentes;
3347 3887 3397 3932 et
3432 3878 3551 3948 ﬁeri

1956 3977 2121 4015 unum
2151 3961 2437 4033 spiritum;
2464 3973 2514 4021 et
2555 3964 2727 4021 malas
2769 3964 3030 4022 scissuras
3074 3967 3258 4024 tollere
3300 3984 3363 4023 ac
3407 3987 3547 4025 ever-

1960 4060 2085 4107 tere.

1468 4131 1779 4185 Aunocnus
1795 4167 1810 4193 ,
1850 4132 2072 4188 homilia
2110 4129 2234 4186 122.

332 4216 465 4270 ’Ἰνα
510 4213 638 4267 ὅταν
696 4207 826 4280 ἔλθῃ
869 4205 898 4260 ὀ
941 4201 1130 4275 κύριος
1184 4199 1295 4254 τῶν
1346 4198 1672 4272 προϐάτων,
1722 4197 1865 4268 χαρῇ

2055 4193 2125 4251 Ut
2166 4210 2282 4250 cum
2338 4195 2535 4251 uenerit
2589 4196 2836 4252 dominus
2896 4215 3165 4270 pecorum,
3216 4200 3444 4270 gaudeat
3486 4199 3552 4255 de

1402 4332 1638 4389 VARUS
1675 4330 2061 4391 LECTIONES
2095 4333 2186 4390 ET
2224 4336 2457 4393 NOTIE.

331 4466 461 4541 (16)
490 4464 622 4541 Mss.
878 4459 1063 4541 ejectis
1104 4454 1463 4541 EditiomFelli
1500 4451 1857 4541 (venibunt;

240 4522 457 4600 Ioc‘uni
489 4538 563 4590 ita
586 4522 849 4588 exhibét:
890 4522 967 4582 De
1009 4529 1091 4604 his
1145 4526 1411 4604 lapidibus
1460 4526 1549 4595 qui
1591 4522 1748 4604 allati
1793 4522 1859 4604 de

241 4593 461 4679 ἆιῖήρο
487 4607 544 4679 in
568 4613 893 4658 structuram
917 4599 1078 4653 turris
1093 4593 1253 4669 positi
1275 4606 1395 4652 sunt
1422 4593 1603 4652 eorum
1628 4593 1740 4648 loco
1769 4593 1859 4663 qui

242 4677 545 4754 repr’gltati
582 4682 752 4754 erant,
779 4681 883 4754 etc.
916 4700 922 4707 -

329 4748 464 4823 (η)
493 4744 685 4823 μητρ-
709 4744 771 4823 4e
790 4743 882 4823 μιιξες
910 4741 1021 4823 qr“-

330 4812 981 4891 Lamb._intellexi.
1171 4879 1206 4891 n
1424 4878 1486 4891 Η
1571 4878 1581 4888 _

331 4877 467 4958 (19')
498 4886 679 4958 Fellus
704 4884 777 4939 ita
801 4883 853 4937 in
881 4899 981 4938 sua
1006 4880 1137 4936 edit.
1166 4879 1342 4934 Oxon.
1387 4879 1433 4931 si
1468 4878 1521 4958 ξη
1566 4877 1864 4958 illa_rediﬁ-

242 4949 489 5023 calioue
517 4956 665 5011 missi
692 4962 859 5009 essent
876 4969 897 5019 ;
915 4960 1263 5020 testaturque
1291 4963 1426 5003 mss.
1464 4949 1620 5019 Angl.
1654 4949 1862 5014 deesse,

244 5047 452 5175 una;
502 5096 692 5152 Lamb.
722 5094 785 5148 de
814 5094 893 5147 his
930 5092 1336 5164 nigu'caturum.

332 5101 471 5239 (21)
509 5168 701 5223 Lamb.
737 5165 943 5220 omisso
971 5165 1068 5231 ita,
1098 5171 1221 5233 post
1265 5160 1333 5215 ad

332 5172 436 5246 (2|

249 5261 412 5302 tum.

332 5312 470 5385 (22)
498 5308 589 5385 Sic
608 5307 800 5362 Lamb.
820 5303 911 5360 Sic
935 5314 990 5360 et
1015 5304 1144 5359 edit.
1168 5300 1345 5358 Oxon.
1372 5299 1455 5354 Al.
1481 5300 1697 5355 candidi
1725 5310 1867 5365 sunt,

246 5378 496 5445 oniisso
512 5378 752 5448 juvenes.

336 5440 701 5524 (25).Lamb.
748 5448 877 5502 audi
914 5455 1085 5500 autem
1131 5460 1310 5515 quare.
1367 5440 1432 5495 Et
1476 5458 1600 5498 mox
1648 5444 1869 5510 omittit,

248 5521 452 5587 causa
484 5531 561 5574 est
595 5521 738 5589 quia.

338 5594 475 5665 (24)
499 5586 815 5665 Mss’sAngl.
848 5597 895 5643 et
924 5590 1089 5665 uirtus
1115 5586 1373 5641 veritatis.

338 5658 464 5734 (25'
503 5661 691 5715 Lamb.
726 5658 827 5713 non
862 5661 1001 5713 enim
1030 5660 1083 5711 in
1114 5668 1281 5712 totum
1311 5674 1491 5712 eorum
1523 5658 1659 5711 tolli.

338 5670 477 5803 (2.6)
502 5730 680 5789 Fellus
710 5732 765 5789 in
803 5731 931 5787 edit.
958 5729 1133 5783 Oxon.
1165 5731 1395 5798 operari.
1422 5731 1506 5785 Al.
1539 5730 1653 5800 [ace

337 5729 477 5807 (26)
502 5730 680 5789 Fellus
710 5732 765 5789 in
803 5731 931 5787 edit.
958 5729 1133 5783 Oxon.
1165 5731 1395 5798 operari.
1422 5731 1506 5785 Al.
1539 5730 1738 5800 facere.

509 5168 701 5223 Lamb.
737 5165 943 5220 omisso
971 5158 1068 5231 ita,
1098 5171 1221 5233 post
1265 5158 1542 5226 adiecisset
1578 5158 1702 5214 add.
1747 5169 1867 5213 tan-

1930 4460 1931 4463 ‘
1961 4452 2003 4511 ό
2033 4453 2148 4526 (27)
2180 4454 2255 4511 lta
2291 4473 2425 4514 mss.
2471 4458 2688 4524 Lamb.,
2712 4459 2918 4517 Victor.
2965 4468 3020 4514 et
3054 4457 3239 4514 Carm.
3281 4458 3446 4527 Editi,
3469 4462 3551 4515 υἱ-

1961 4541 2096 4581 vere.

2054 4597 2147 4671 28)
2185 4597 2376 4671 Lamb.
2408 4599 2578 4671 deest,
2603 4602 2842 4671 reperiri.

2056 4668 2148 4739 29)
2180 4668 2272 4725 Sic
2304 4686 2441 4726 mss.
2472 4670 2635 4739 Vict.,
2660 4668 2855 4728 Carm.
2892 4680 2947 4727 et
2990 4670 3181 4726 Lamb.
3213 4670 3304 4726 Sic
3336 4682 3389 4726 et
3423 4671 3553 4728 Fc-Ili

1963 4737 2303 4814 edit_.AO;on.
2338 4742 2423 4814 Al.
2461 4758 2579 4814 pero
2608 4737 2736 4814 Apro
2758 4759 2865 4798 vos.
2899 4742 3035 4814 Leg.
3056 4757 3219 4810 supra
3238 4783 3252 4806 ,
3282 4758 3399 4810 cap.
3428 4743 3517 4797 29.

2035 4808 2148 4877 (50)
2177 4810 2306 4867 Mss.
2338 4812 2497 4882 Angl.
2527 4808 2736 4879 habere,
2768 4830 2929 4883 neque
2956 4808 3279 4880 offensarum
3303 4808 3552 4868 memores

1966 4895 2286 4953 ess‘e_.neque
2316 4883 2370 4935 in
2402 4884 2611 4938 malitia
2648 4894 2817 4938 vestra
2839 4897 3159 4953 permanere.

2036 4949 2149 5025 (3t)
2180 4949 2310 5008 Mss.
2347 4953 2507 5025 Angl.
2544 4955 2683 5025 ﬁeri,
2715 4965 2765 5009 et
2804 4949 2900 5008 tias
2943 4952 3112 5007 malas
3154 4954 3413 5010 scissuras
3433 4970 3555 5015 per-

1969 5021 2253 5087 medicare,
2279 5033 2328 5077 et
2364 5021 2595 5079 tollere'a
2626 5026 2790 5079 vobis.

2041 5092 2155 5166 (32)
2186 5092 2467 5149 Scissuris.
2512 5095 2608 5150 Gr.
2657 5097 2929 5166 σχήματα.
2974 5093 3033 5149 In
3078 5111 3188 5152 uno
3239 5096 3363 5151 cod.
3396 5096 3554 5166 Regis

1969 5163 2409 5236 membranacep,
2434 5163 2726 5236 σχίσματα.
2747 5163 2907 5222 "Cor.

2042 5233 2157 5303 (55)
2196 5233 2299 5291 Ms.
2332 5233 2517 5290 Carm.
2552 5233 2616 5289 de
2644 5236 2748 5291 his.

2044 5303 2159 5373 (54)
2200 5305 2390 5361 Lamb.
2421 5306 2640 5370 desunt,
2672 5307 2835 5360 etiam
2864 5308 2932 5362 ei.

2045 5373 2159 5443 ('55)
2200 5375 2356 5431 llunc
2379 5375 2559 5431 locum
2582 5376 2766 5430 laudat
2812 5388 3005 5431 auctor
3040 5378 3279 5434 humilia:
3302 5380 3376 5433 De
3408 5378 3555 5433 alea-

1977 5445 2199 5517 toribus,
2230 5448 2297 5502 ad
2325 5448 2531 5502 calcem
2556 5460 2693 5517 opp.
2708 5444 2987 5517 Cypriani.

2195 5516 2332 5588 Mss.
2369 5518 2554 5571 Carm.
2589 5514 2645 5570 et
2676 5514 2870 5588 Lamb.
2894 5521 3159 5588 punietur.

2047 5584 2160 5658 (57)
2192 5586 2319 5658 Leg.
2355 5588 2721 5658 παραμόνους.
2757 5587 2849 5648 Sic
2869 5584 2922 5647 ct
2953 5608 3080 5648 mox
3109 5592 3271 5648 infra.

2046 5657 2160 5726 (58)
2191 5656 2314 5729 Leg.
2354 5656 2644 5731 σχίσματα.

2713 5803 2842 5816 .al‘
