3944 6146
93 341 272 396 9009
1279 330 1572 388 PASTOR.
1617 363 1650 372 -—

1892 328 1979 386 Ill.
2021 327 2224 386 SlMlL.
2259 327 2330 383 Χ.
3272 328 3417 386 1010·

93 464 326 520 pastor
357 473 374 510 ;
402 451 599 510 Omnia
633 468 665 507 a
695 465 783 505 me
828 446 1222 518 interrOgasti?
1268 445 1334 500 Et
1372 446 1526 501 dixi:
1560 444 1660 507 ita,
1704 445 1944 499 domine.
1999 442 2180 520 Quare
2229 459 2361 514 ergo
2404 459 2511 497 non
2551 443 2905 512 interrogasti
2957 457 3063 507 me,
3107 441 3304 512 inquit,
3343 444 3428 500 de-

96 515 312 606 iorma
373 552 619 622 lapidum
673 548 729 602 in
768 515 1063 602 structura
1088 542 1494 610 repositorum;
1544 548 1604 592 ιιι
1647 539 1747 593 tibi
1802 515 2141 609 explicarem
2184 538 2325 609 (54)
2375 537 2621 593 formas?
2681 537 2746 592 Et
2768 539 2880 600 dixi
2928 555 2940 589 ε
2986 538 3204 595 Oblitus
3249 555 3412 612 sum,

97 644 390 700 domine.
428 642 569 698 Audi
603 656 749 696 nunc
778 652 932 708 ergo,
979 635 1179 705 inquit,
1209 633 1357 688 etde
1393 633 1521 686 illis.
1564 630 1628 684 Hi
1669 639 1798 686 sunt
1836 631 1928 700 qui
1977 646 2123 684 nunc
2165 632 2420 686 mandata
2465 632 2579 686 haec
2607 631 2719 702 (55)
2749 631 3060 696 audierunt,
3095 642 3148 687 et
3173 648 3240 686 ex
3278 637 3429 691 totis.

100 737 464 805 praecordiis
487 741 714 806 egerunt
741 729 1119 802 paenitentiam
1146 744 1160 781 :
1189 742 1429 796 eumque
1457 726 1683 781 vidisset
1704 724 1970 781 Dominus
2000 726 2199 780 bonam
2231 736 2393 796 atque
2422 743 2616 797 puram
2641 727 2754 798 (56)
2780 729 3154 796 paenitentiam
3188 747 3406 798 eorum,

101 838 165 880 et
198 843 387 897 posse
409 842 503 882 eos
534 827 587 879 in
615 840 678 879 ea
706 835 1060 892 permanere;
1089 818 1255 888 jussit
1293 817 1473 887 priora
1513 821 1737 886 peccata
1784 830 1976 871 eorum
2013 814 2205 871 deleri.
2243 814 2338 872 Ha:
2389 817 2538 871 enim
2578 816 2768 874 formae
2813 831 3039 890 peccata
3065 822 3180 893 (57)
3211 839 3422 886 eorum,

99 934 327 992 erant;
373 931 427 978 et
451 927 735 991 cnequata
765 926 916 982 sunt,
944 930 1012 974 ne
1036 923 1379 986 apparerent.

1465 1038 1940 1100 SIMILITUDO
1986 1039 2067 1099 Χ.

1265 1165 1355 1224 De
1379 1165 1753 1242 poenitentia
1781 1173 1840 1224 et
1868 1163 2279 1242 elecmosyno.

1623 1283 1856 1341 CAPUT
1897 1283 1938 1342 1.

179 1384 506 1456 Postquam
559 1386 988 1456 perscripseram
1044 1383 1248 1437 librum
1309 1382 1477 1446 hunc,
1528 1381 1676 1436 venit
1722 1381 1949 1436 nuntius
2002 1380 2093 1436 ille
2151 1381 2256 1450 qui.
2293 1397 2382 1437 me
2431 1383 2734 1439 tradiderat
2791 1385 2870 1441 illi
2919 1387 3032 1460 (58)
3079 1391 3305 1460 pastori,
3352 1389 3429 1448 in».

99 1475 362 1532 domum
412 1479 466 1534 in
505 1495 612 1550 qua
655 1479 768 1549 (59)
816 1493 990 1542 eram,
1034 1485 1088 1530 et
1131 1476 1379 1532 consedit
1423 1489 1592 1544 supra
1636 1474 1875 1540 let-tum;
1930 1483 1985 1528 et
2031 1472 2214 1528 astitit
2259 1475 2314 1528 in
2352 1475 2575 1532 dextera
2623 1478 2744 1548 ejus
2795 1461 3137 1550 ille-pastor.
3201 1482 3434 1539 Deinde

101 1569 354 1623 vocavit
385 1585 493 1638 me,
523 1580 577 1624 et
606 1570 723 1625 haec
759 1569 894 1624 mihi
923 1570 1062 1625 dixit
1090 1587 1102 1623 :
1128 1567 1351 1622 Tradidi
1386 1578 1457 1631 te,
1494 1567 1692 1637 inquit,
1734 1574 1789 1620 et
1821 1565 2046 1620 domum
2086 1574 2240 1620 tuam
2262 1565 2390 1620 huic
2416 1568 2647 1636 pastori,
2682 1578 2741 1624 ut
2770 1569 2838 1626 ab
2866 1587 2933 1626 eo
2963 1573 3173 1644 protegi
3203 1575 3410 1644 possis.

104 1663 219 1730 ita,
262 1666 520 1735 inquam,
557 1667 795 1722 domine.
848 1666 904 1721 Si
952 1667 1036 1723 vis
1073 1682 1205 1737 ergo
1248 1664 1480 1737 protegi,
1529 1663 1728 1734 inquit,
1773 1662 1842 1719 ab
1875 1663 2024 1718 omni
2068 1662 2368 1718 vexatione
2399 1674 2452 1718 et
2490 1664 2558 1719 ab
2598 1667 2747 1720 omni
2797 1669 3037 1736 saevitia;
3086 1684 3407 1727 successum

105 1767 320 1812 autem
355 1758 562 1813 habere
601 1759 656 1812 in
689 1758 840 1813 ciuili
872 1772 1036 1828 opere
1065 1757 1212 1812 bono
1242 1766 1405 1826 atque
1431 1754 1628 1821 verbo,
1653 1763 1711 1809 et
1739 1769 1957 1810 omnem
1986 1755 2239 1808 virtutem
2270 1755 2577 1826 aequitatis;
2619 1757 2674 1812 in
2708 1759 2984 1818 mandatis
3021 1761 3092 1819 iis
3121 1763 3409 1835 ingredere

106 1866 252 1918 quae
301 1851 456 1906 dedit
482 1850 593 1922 (60)
622 1853 754 1920 tibi,
787 1863 841 1907 et
878 1851 1079 1922 poteris
1116 1849 1389 1906 dominari
1431 1849 1581 1904 omni
1626 1848 1903 1918 nequitiae.
1955 1847 2298 1902 Custodienti
2347 1849 2507 1904 enim.
2543 1849 2658 1905 tibi.
2686 1853 2960 1909 mandata.
2988 1854 3102 1920 illa,
3162 1855 3409 1926 subjecta

104 1940 228 1993 erit
287 1941 473 1996 omnis
519 1941 788 2012 cupiditas
837 1951 892 1996 et
940 1940 1175 1997 dulcedo
1229 1939 1393 2011 hujus
1450 1937 1668 2004 saeculi;
1750 1951 2044 1993 successus
2087 1951 2218 1990 vero
2259 1937 2314 1991 in
2359 1937 2514 1992 omni
2561 1938 2706 1993 bono
2758 1944 2991 2014 negatio.
3019 1953 3070 1998 te
3115 1953 3402 2012 sequetur.

110 2033 506 2090 Maturitatem
563 2038 727 2108 hujus
774 2047 828 2092 et
875 2039 1200 2094 modestiam
1251 2037 1470 2105 suscipe
1524 2035 1579 2088 in
1629 2043 1683 2088 te
1729 2032 1882 2102 (6i);
1930 2043 1984 2088 et
2031 2033 2118 2089 die
2163 2033 2460 2100 omnibus,
2501 2034 2555 2088 in
2611 2051 2810 2107 magno
2855 2037 3066 2093 honore
3108 2054 3234 2095 esse
3278 2054 3405 2095 eum

110 2134 172 2182 et
205 2127 481 2199 dignitate
529 2130 672 2201 apud
709 2129 911 2197 Deum,
963 2143 1015 2186 et
1063 2147 1275 2202 magna:
1328 2129 1612 2199 potesnatis
1656 2142 1782 2181 cum
1829 2125 2117 2196 praesidem
2161 2141 2312 2195 esse,
2362 2136 2418 2184 et
2462 2137 2739 2199 potentem
2780 2130 2835 2186 in
2873 2131 3052 2186 omcio
3096 2147 3218 2187 suo.
3265 2131 3406 2188 Huic

113 2222 232 2276 soli
276 2237 376 2291 per
405 2230 578 2278 totum
611 2225 800 2279 orbem
841 2229 1175 2296 ptenitentiae
1208 2235 1450 2297 potestas
1491 2224 1695 2279 tributa
1721 2230 1827 2278 est.
1875 2223 2077 2278 Potens
2110 2237 2178 2280 ne
2202 2223 2303 2279 tibi
2333 2223 2550 2283 videtur
2583 2229 2740 2284 esse?
2772 2226 2878 2283 Sed
2906 2243 3003 2282 vos
3030 2226 3404 2282 maturitatem

113 2318 302 2389 hujus
332 2329 386 2375 et
415 2321 742 2378 modestiam
774 2324 888 2396 (62)
916 2342 1082 2396 quam
1120 2327 1174 2381 in
1206 2342 1306 2380 vos
1335 2325 1519 2390 habet,
1550 2322 1849 2391 despicitis.

1602 2437 1835 2494 CAPUT
1875 2437 1939 2495 ﬂ.

194 2539 344 2595 Dico
369 2540 418 2595 ei
451 2559 464 2594 :
499 2539 778 2612 interroga
821 2540 1023 2610 ipsum,
1053 2536 1294 2602 domine,
1320 2551 1387 2590 ex
1417 2551 1527 2605 quo
1563 2535 1617 2589 in
1649 2536 1814 2590 domo
1844 2551 1963 2590 mea
1994 2545 2099 2601 est,
2129 2550 2270 2589 anne
2295 2534 2412 2605 (63)
2439 2535 2644 2606 aliquid
2670 2545 2825 2592 extra
2865 2538 3115 2602 ordinem
3157 2539 3404 2610 fecerim,

117 2639 223 2685 aut
267 2632 324 2684 in
363 2632 549 2702 aliquo
574 2648 698 2686 eum
727 2629 1064 2706 offenderim.
1106 2627 1174 2680 Et
1201 2642 1324 2698 ego,
1365 2627 1562 2695 inquit,
1596 2627 1734 2692 scio,
1766 2626 1898 2680 nihil
1931 2636 2084 2681 extra
2124 2628 2377 2681 ordinem
2415 2626 2612 2682 fecisse
2646 2637 2698 2682 te
2724 2644 2900 2699 neque
2935 2647 3056 2688 esse
3089 2631 3402 2703 facturum;

114 2731 177 2778 et
224 2724 352 2779 ideo
395 2725 510 2780 hmo
543 2727 738 2796 loquor
775 2732 977 2787 tecum,
1006 2733 1066 2776 ut
1089 2733 1442 2790 perseveres;
1489 2719 1626 2773 bene
1663 2718 1810 2773 enim
1853 2718 1944 2772 hic
1970 2719 2039 2772 de
2077 2726 2128 2772 te
2167 2719 2309 2787 apud
2343 2732 2432 2772 me
2463 2719 2815 2775 existimavit.
2847 2719 2930 2778 Tn
2963 2732 3145 2779 autem
3189 2728 3406 2785 caeteris

118 2817 248 2871 inec
279 2817 447 2873 verba
483 2817 669 2882 dices;
705 2825 766 2871 ut
809 2824 865 2872 et
912 2815 990 2870 illi
1020 2813 1113 2883 qui
1153 2820 1384 2883 egerunt
1418 2817 1514 2866 aut
1560 2810 1737 2866 acturi
1785 2822 1915 2867 sunt
1955 2810 2368 2880 paenitentiam,
2412 2811 2602 2866 eadem
2646 2827 2770 2881 quae
2816 2821 2873 2869 tu
2921 2817 3194 2885 sentiant;
3229 2828 3284 2875 et
3314 2820 3407 2877 hic

113 2909 268 2978 apud
309 2924 394 2963 me
428 2909 495 2963 de
524 2909 592 2964 iis
617 2907 728 2980 (63)
774 2907 1203 2976 interpretetur;
1244 2912 1296 2958 et
1333 2918 1435 2974 ego
1477 2904 1620 2971 apud
1644 2900 1961 2956 Dominum.
2003 2900 2069 2955 Et
2103 2917 2224 2972 ego,
2254 2902 2500 2973 inquam,
2529 2903 2768 2968 domine,
2801 2910 2954 2964 omni
2986 2910 3193 2965 homini
3224 2912 3405 2968 indico

113 3003 404 3071 magnalia
435 3000 563 3066 Dei,
610 3014 772 3070 spero
817 3007 998 3053 autem
1043 3009 1139 3050 eos
1178 3009 1374 3048 omnes
1411 2993 1506 3062 qui
1548 2999 1736 3046 amant
1773 3006 1877 3058 ea,
1943 3001 1998 3047 et
2037 3003 2163 3048 ante
2204 3003 2592 3063 peccaverunt,
2636 2997 2720 3052 his
2759 3000 2960 3057 auditis
3007 3012 3230 3061 acturos
3280 3021 3406 3063 esse

113 3098 508 3169 paenitentiam
546 3097 680 3167 (65),
711 3097 878 3150 vitam
923 3099 1327 3161 recuperantes.
1390 3088 1657 3144 Permane
1698 3105 1871 3160 ergo,
1935 3089 2134 3159 inquit,
2185 3091 2240 3145 in
2271 3090 2378 3146 hoc
2420 3091 2747 3151 ministerio.
2789 3101 2844 3147 et
2883 3109 3206 3151 consumma
3245 3097 3400 3157 illud.

119 3185 458 3260 Quicunque
498 3199 682 3243 aulem
722 3185 979 3240 mandata
1024 3183 1190 3252 hujus
1235 3191 1632 3250 exsequuntur,
1665 3180 1948 3236 habebunt
1978 3181 2170 3248 vitam,
2203 3190 2259 3237 et
2291 3183 2378 3238 hic
2401 3183 2515 3253 (66)
2548 3193 2602 3239 et
2635 3187 2778 3255 apud
2803 3187 3098 3246 Dominum
3138 3208 3401 3263 magnum

124 3293 422 3345 honorem.
466 3286 791 3354 Quicunque
818 3298 949 3338 vero
987 3282 1150 3351 hujus
1190 3278 1447 3333 mandata
1487 3293 1600 3331 non
1642 3286 1879 3342 servant,
1924 3276 2142 3348 fugiunt
2177 3294 2209 3333 a
2252 3279 2364 3334 vita
2405 3294 2505 3335 sua
2550 3291 2604 3336 et
2645 3284 3007 3340 adversantur
3048 3286 3125 3340 illi
3166 3305 3181 3341 :
3225 3295 3276 3341 et
3305 3289 3400 3356 qui

124 3382 394 3438 mandata
435 3380 556 3449 ejus
599 3393 709 3432 non
751 3380 1055 3445 sequuntur
1087 3369 1227 3438 (67),
1268 3366 1432 3422 morti
1483 3375 1558 3420 se‘
1585 3364 1814 3420 tradunt
1853 3365 1998 3438 (68);
2042 3374 2098 3421 et
2130 3370 2516 3439 unusquisque
2559 3385 2748 3426 eorum
2791 3388 2920 3429 reus
2962 3375 3066 3431 e‘rit
3109 3376 3396 3444 sanguinis

129 3480 244 3533 sui.
297 3477 418 3531 Tibi
466 3484 647 3530 autem
692 3473 853 3537 dico,
902 3478 963 3523 ut
1003 3482 1188 3523 serves
1231 3463 1485 3520 mandata
1531 3464 1643 3517 haec
1676 3461 1821 3533 (69),
1864 3472 1920 3519 et
1972 3466 2272 3521 remedium
2327 3474 2681 3537 peccatorum
2732 3475 2956 3523 tuorum
3005 3468 3252 3523 omnium
3285 3467 3398 3541 (70)
3437 3501 3440 3505 -

131 3570 384 3625 habebis.

1582 3628 1812 3685 CAPUT
1846 3628 1937 3686 Ill.

204 3730 328 3787 Misi
357 3740 538 3784 autem
575 3727 674 3782 tibi
702 3726 801 3780 has
827 3722 1066 3793 virgines
1095 3721 1234 3792 (7i),
1271 3730 1332 3775 ut
1360 3721 1607 3776 habitent
1648 3730 1859 3789 tecum;
1906 3721 2018 3776 vidi
2041 3721 2185 3776 enim
2234 3736 2328 3776 cas
2368 3723 2523 3776 valde
2555 3722 2800 3784 aﬂ‘abiles
2830 3727 2930 3784 tibi
2970 3743 3114 3786 esse.
3161 3730 3400 3790 Habebis

134 3832 301 3896 igitur
327 3828 438 3898 (72)
473 3835 530 3880 tu
556 3839 651 3878 eas
681 3818 1006 3891 adjutrices,
1034 3832 1146 3886 quo
1189 3817 1365 3883 magis
1396 3817 1574 3885 possis
1616 3816 1782 3885 hujus
1822 3803 2080 3870 mandata
2124 3829 2376 3879 servare;
2426 3831 2534 3870 non
2576 3827 2752 3886 potest
2794 3820 2939 3876 enim
2984 3823 3130 3890 lieri,
3179 3836 3240 3881 ut
3281 3827 3401 3883 sine

134 3923 225 3976 his
255 3919 558 3991 virginibus
586 3917 703 3970 haec
734 3909 993 3966 mandata
1030 3903 1334 3962 serventur.
1387 3903 1552 3960 Vides
1577 3905 1692 3976 (75)
1717 3915 1899 3959 autem
1935 3919 2029 3959 eas
2065 3903 2297 3959 libenter
2337 3919 2460 3958 esse
2499 3913 2716 3974 tecum;
2754 3910 2850 3965 sed
2878 3919 2933 3966 et
2961 3927 3061 3982 ego
3088 3917 3398 3986 praecipiam

134 4019 238 4085 eis,
276 4027 335 4073 ut
370 4016 595 4072 omnino
635 4028 665 4067 a
700 4011 866 4066 domo
908 4014 1004 4060 tua
1045 4019 1155 4059 non
1181 4002 1486 4059 discedant.
1529 4001 1612 4056 Tu
1658 4010 1872 4057 tantum
1917 4002 2244 4058 communda
2268 4001 2382 4073 (74)
2408 4003 2632 4057 domum
2667 4013 2814 4058 tuam
2849 4018 2864 4056 :
2919 4004 2974 4058 in
3011 4009 3212 4064 munda
3251 4013 3399 4066 enim

133 4113 303 4168 domo
348 4111 578 4166 libenter
621 4103 981 4161 habitabunt:
1023 4101 1243 4156 mundae
1283 4107 1414 4155 sunt
1461 4098 1630 4167 enim,
1683 4110 1846 4170 atque
1885 4108 2051 4155 castae
2091 4109 2146 4155 et
2183 4099 2490 4168 industriae,
2530 4108 2584 4154 et
2626 4115 2818 4159 omnes
2858 4103 3120 4161 habentes
3169 4106 3398 4176 gratiam

133 4213 279 4283 apud
320 4211 631 4266 Dominum.
668 4203 834 4275 Igitur
878 4202 924 4257 si
965 4199 1222 4255 habueris
1253 4199 1365 4264 (75)
1395 4198 1619 4254 domum
1664 4209 1812 4252 tuam
1852 4215 2079 4269 puram,
2120 4207 2304 4253 tecum
2345 4199 2768 4268 permanebunt.
2815 4196 2873 4252 Si
2915 4206 3096 4253 autem
3136 4199 3398 4269 pusillum

135 4305 344 4374 aliquid
391 4299 789 4373 inquinationis
835 4296 1116 4358 acciderit,
1161 4295 1413 4366 protinus
1468 4310 1500 4349 a
1562 4295 1729 4348 domo
1764 4303 1856 4350 tua
1907 4295 2193 4361 recedent;
2273 4291 2358 4347 bat
2413 4293 2560 4348 enim
2614 4292 2856 4364 virgines
2909 4294 3117 4348 nullam
3172 4295 3399 4350 omnino

138 4399 370 4470 diligunt
415 4394 871 4466 inquinationem.
924 4393 1058 4447 Dico
1086 4393 1136 4447 ei
1169 4408 1184 4447 :
1216 4389 1388 4461 Spero
1424 4405 1542 4456 me,
1573 4389 1829 4456 domine,
1861 4391 2189 4461 placiturum
2231 4391 2342 4456 eis,
2382 4393 2460 4446 ita
2496 4397 2558 4445 ut
2590 4391 2646 4444 in
2682 4389 2860 4444 domo
2884 4402 3004 4443 mea
3041 4387 3270 4442 libenter
3307 4385 3396 4440 in~

141 4493 385 4550 habitent
419 4504 650 4558 semper.
693 4485 762 4541 Et
800 4487 945 4544 sicut
984 4489 1032 4545 is
1062 4487 1152 4544 cui
1191 4503 1280 4542 me
1317 4485 1609 4551 tradidisti,
1644 4485 1780 4540 nihil
1816 4485 1884 4542 de
1918 4503 2006 4543 me
2044 4488 2326 4558 queritur;
2371 4486 2455 4542 ita,
2489 4500 2668 4557 neque
2715 4485 2822 4542 illa:
2850 4493 3167 4557 querentur.
3213 4482 3302 4538 Ait
3323 4482 3387 4537 ad

1230 4598 1470 4656 VARIA‘I
1510 4597 1897 4656 LECTlONES
1931 4601 2021 4656 ET
2057 4600 2290 4658 NOTAE.

216 4694 326 4769 (54)
364 4693 495 4769 Mss.
525 4693 660 4769 Vict.
693 4703 746 4769 et
765 4695 950 4752 Carm.
978 4695 1119 4767 quod
1145 4695 1483 4765 explevimus.
1511 4693 1705 4752 Lamb.
1815 4713 1910 4751 nec
1937 4698 2191 4769 mandata
2219 4695 2334 4767 ejus
2359 4709 2672 4769 sequuntur.

145 4765 683 4840 quod__e:i:_plicuimus.
712 4764 933 4829 formas.
990 4763 1001 4767 ’
1212 4763 1219 4765 “
1888 4769 2000 4840 (68)
2039 4767 2172 4823 Felli
2209 4763 2338 4824 edit.
2381 4763 2558 4825 Oxon.
2597 4767 2824 4821 tradent.
2876 4763 2968 4820 Sic
3008 4764 3151 4820 forte
3189 4765 3292 4836 leg.
3324 4767 3394 4822 ob

217 4835 326 4909 (55)
363 4833 556 4909 Lamb.
587 4852 722 4909 mea.
1817 4833 2073 4909 sednens.
2107 4840 2228 4909 erit.

214 4904 324 4982 (ἕρ)
363 4904 553 4982 [aamb-
581 4907 706 4961 add.
731 4925 879 4982 esse;
1830 4979 1839 4982 _
1865 4904 2015 4982 (69)
2041 4907 2387 4982 Mss._Vict.,
2404 4910 2586 4982 Carm.
2607 4918 2662 4963 et
2681 4906 2872 4963 Lamb.
2905 4906 3100 4960 servias
3125 4908 3392 4962 mandatis

214 4975 324 5048 (57)
365 4975 556 5048 Lamb.
583 4981 803 5046 peccati.
839 4977 906 5033 Et
927 4993 1078 5046 mox,
1114 4988 1423 5048 cata-quatis.
1818 4975 1922 5034 his.
1965 4980 2055 5034 Sic
2087 4989 2141 5036 et
2169 4978 2303 5034 Felli
2330 4981 2458 5035 edit.
2488 4979 2664 5035 Oxon.

215 5047 327 5121 (58)
366 5047 726 5121 Lamb.h_uic.
1242 5047 1249 5048 ί
1889 5049 2002 5121 (70)
2041 5049 2237 5106 Lamb.
2288 5051 2519 5114 desunt,
2582 5060 2792 5103 tuorum
2841 5049 3110 5121 (omnium.
3173 5048 3406 5121 Omittit.

216 5118 326 5191 (50)
366 5116 744 5191 Lamb_._domo
773 5121 828 5173 in
855 5137 1049 5191 quam._
1168 5189 1180 5191 _
1275 5189 1282 5191 Α
1343 5190 1349 5191 γ
1817 5116 2036 5191 quinque
2065 5131 2307 5187 tuorum,
2331 5123 2426 5177 sed
2461 5122 2657 5177 retinet
2707 5120 2963 5184 omnium,
2993 5119 3172 5174 Fellus
3208 5119 3261 5172 in
3289 5131 3389 5174 sua

215 5186 325 5258 (60)
365 5186 494 5243 Mss.
530 5187 700 5254 Vict.,
725 5186 912 5246 (Sarni.
947 5201 1002 5246 et
1029 5189 1224 5247 Lamb.
1247 5189 1393 5244 dedi.
1816 5186 2144 5247 editIOxon.

362 5258 553 5332 Lamb.
587 5261 726 5332 vitaz.
826 5331 831 5332 ί
897 5331 901 5332 ί
1891 5263 2003 5332 (Ἠ)
2046 5263 2238 5319 Lamb.
2279 5263 2461 5317 turbas
2500 5263 2781 5332 virginum.

238 5329 324 5400 62)
364 5329 448 5402 ᾼΙ.
477 5331 787 5402 modestiam
813 5331 968 5401 hujus
999 5341 1048 5388 et
1072 5333 1461 5387 verecundiam.
1887 5329 2003 5401 (72)
2045 5333 2238 5388 Lamb.
2271 5334 2420 5388 deest
2448 5329 2634 5402 igitur.
2675 5329 2856 5387 Fcilus
2907 5339 3086 5386 autem
3118 5331 3236 5385 sic:
3274 5329 3389 5384 Ηη-

240 5401 328 5475 65)
365 5400 560 5475 Lamb.
595 5400 962 5475 an._Etm0x,
995 5412 1087 5457 aut
1117 5404 1174 5458 in
1199 5420 1322 5475 quo.
1815 5402 1955 5475 bebis
1986 5400 2109 5475 ergo
2145 5400 2579 5475 easiadjutgrices.
2707 5471 2729 5475 _
2846 5473 2855 5475 _
2925 5473 2965 5475 υ
3017 5474 3020 5475 ν
3145 5471 3186 5475 __
3307 5473 3318 5475 _
3419 5429 3426 5436 ·

217 5422 328 5472 (na)
373 5422 560 5456 hall“).
595 5422 684 5455 an.
721 5422 784 5457 nt
814 5422 962 5470 mox,
995 5422 1087 5457 aut
1117 5422 1174 5458 in
1199 5422 1322 5475 quo.

213 5473 324 5543 (64)
365 5471 556 5543 Lamb.
591 5473 655 5526 de
680 5473 768 5528 Itis
793 5474 936 5527 bene.
1659 5503 1666 5508 -

1830 5422 1955 5457 78013
1987 5422 2044 5457 er
2079 5422 2109 5456 0
2145 5422 2233 5457 eas
2267 5422 2579 5472 ααμιιηερσ.

1887 5474 2002 5543 (75)
2041 5422 2172 5530 giss.
2201 5472 2366 5536 Vict.,
2398 5473 2583 5543 Carm.
2625 5481 2680 5527 et
2707 5471 2896 5528 Lamb.
2921 5473 3105 5543 Video.
3141 5471 3266 5531 Haec
3305 5473 3387 5531 ιε’

216 5541 323 5615 (65)
363 5542 554 5616 Lamb.
580 5545 669 5616 qui
709 5552 819 5597 tam
847 5553 968 5600 ante
996 5555 1360 5614 peccaverunt,
1392 5553 1440 5599 et
1471 5543 1581 5598 Ita'c
1613 5560 1714 5597 au-
1814 5541 2127 5616 ctioimagis
2152 5545 2357 5614 placuit
2382 5542 2634 5616 Fabricio
2673 5543 2727 5598 in
2755 5544 2885 5600 edit.
2909 5542 3110 5603 Hamb.

191 5561 323 5628 ,(υδ)
363 5561 554 5627 Lamo.
580 5561 669 5616 qui
709 5561 819 5627 tam
847 5561 968 5600 ante
996 5561 1360 5628 peccaverunt,
1392 5561 1440 5599 et
1471 5561 1581 5598 nare
1613 5561 1682 5597 au
1701 5572 1714 5585 -
1814 5561 1924 5627 cuo
1951 5561 2127 5667 magis
2152 5561 2357 5614 placuit
2382 5561 2513 5598 rant

151 5615 315 5704 (tant,
344 5615 562 5670 libenter
586 5624 758 5698 acturi
784 5624 907 5669 sunt
936 5625 1116 5686 parmt.
1886 5615 2001 5756 (74)
2086 5616 2232 5670 amb.
2265 5615 2513 5696 emunda.

221 5686 326 5756 (66)
366 5683 555 5756 Lamb.
587 5685 642 5738 id
668 5697 766 5741 est.
1887 5685 1978 5756 (75
2041 5684 2230 5742 Lamb.
2269 5684 2513 5742 habuerit:

221 5686 326 5756 (66)
366 5683 555 5756 Lamb.
587 5685 642 5738 id
668 5697 766 5741 est.
936 5683 944 5686 ⁷
1887 5683 2000 5756 (75)
2041 5684 2230 5742 Lamb.
2269 5684 2567 5742 habuerint.

222 5755 330 5825 (61)
370 5755 556 5816 Lamb.
586 5756 770 5829 fugant
816 5775 849 5814 a
879 5773 933 5815 se
962 5757 1142 5828 vitam,
1172 5767 1221 5815 et
1250 5759 1498 5815 adversus
1533 5755 1716 5825 illum,
