4076 6142
540 354 674 411 1011
1674 354 2019 410 APPENDIX
2061 354 2151 408 AD
2191 354 2247 409 S.
2292 353 2608 409 HERMAM.
3652 351 3794 405 1013

528 480 809 540 pastorem
855 469 1006 524 illum
1035 490 1048 525 :
1076 469 1248 525 Video
1287 488 1504 528 servum
1536 472 1629 527 Dei
1669 473 1808 528 velle
1838 473 2022 528 videre
2046 472 2161 543 (76)
2189 481 2246 527 et
2285 473 2565 531 custodire
2607 473 2721 527 haec
2763 471 3052 536 mandata;
3098 479 3153 527 et
3182 470 3423 543 virgines
3462 470 3560 525 has
3587 471 3791 524 munda
3880 506 3883 507 ν

533 561 870 616 habitatione
908 565 1301 622 collocaturum
1334 569 1470 637 (77).
1518 567 1643 623 llmc
1693 585 1820 624 cum
1864 569 2126 634 dixisset,
2172 570 2372 629 iterum
2413 567 2622 637 pastori
2670 566 2750 621 illi
2796 583 2883 621 me
2925 566 3165 635 tradidit,
3207 579 3263 626 et
3304 568 3518 625 vocavit
3547 568 3790 635 virgines

529 665 585 710 et
613 657 753 712 dixit
779 658 859 713 eis
885 658 1000 729 (78)
1026 677 1040 712 :
1066 659 1341 727 Quoniam
1373 664 1530 719 video
1566 681 1663 720 vos
1702 666 1934 720 libenter
1969 668 2022 719 in
2056 665 2223 722 domo.
2250 666 2415 734 hujus
2462 665 2738 730 habitare,
2777 664 3105 719 commendo
3138 679 3264 720 eum
3296 660 3454 717 vobis
3482 669 3539 716 et
3565 661 3790 717 domum

528 750 686 821 ejus;
722 760 782 807 ut
811 767 843 806 a
872 752 1035 809 domo
1067 754 1187 824 ejus
1227 771 1334 810 non
1365 754 1632 811 recedatis
1666 758 1912 814 omnino.
1947 757 2057 811 Illa:
2084 772 2214 812 vero
2243 756 2478 821 libenter
2502 756 2619 819 haec
2656 757 2820 812 verba
2853 756 3169 821 audierunt.

1981 875 2212 933 CAPUT
2252 873 2344 929 IV.

596 967 683 1024 Ait
741 965 933 1023 deinde
975 966 1110 1022 mihi
1143 982 1156 1019 :
1193 966 1436 1021 Viriliter
1490 966 1544 1020 in
1574 968 1880 1023 ministerio
1921 968 2026 1023 hoc
2069 982 2396 1024 conversarc
2423 982 2437 1019 :
2466 966 2617 1021 omni
2662 967 2872 1022 homini
2910 967 3091 1022 indica
3122 965 3237 1036 (79)
3266 963 3538 1035 magnalia
3565 962 3693 1027 Dei;
3731 969 3787 1014 et

527 1064 759 1120 habebis
790 1066 1021 1135 gratiam
1063 1064 1117 1118 in
1158 1064 1262 1118 hoc
1303 1060 1635 1117 ministerio.
1673 1062 2002 1134 Quicunque
2030 1079 2160 1134 ergo
2194 1064 2248 1117 in
2281 1062 2369 1117 his
2403 1060 2679 1117 mandatis
2714 1062 3100 1125 ambulaverit,
3135 1063 3283 1117 vivet
3330 1070 3384 1116 et
3430 1060 3562 1115 felix
3591 1062 3697 1116 erit
3730 1061 3785 1114 in

532 1157 636 1211 vita
666 1171 808 1212 sua:
846 1156 1160 1227 quicunque
1191 1171 1323 1212 vero
1357 1157 1690 1228 neglexerit,
1728 1175 1836 1213 non
1871 1159 2020 1213 vivet
2058 1170 2113 1213 et
2155 1160 2260 1214 erit
2291 1158 2476 1213 infelix
2508 1159 2563 1212 in
2585 1158 2696 1213 vita
2730 1173 2852 1213 sua.
2890 1157 2987 1211 Dic
3027 1157 3301 1221 omnibus,
3336 1164 3398 1211 ut
3432 1170 3540 1211 non
3571 1166 3786 1213 cessent

526 1246 868 1321 (quicunque
911 1260 1057 1306 recte
1106 1250 1289 1307 facere
1330 1252 1580 1323 possunt)
1622 1252 1765 1319 bona
1810 1268 1977 1323 opera
2022 1269 2322 1312 exercere:
2364 1254 2497 1310 utile
2538 1261 2622 1309 est
2654 1252 2782 1308 illis.
2831 1250 2965 1307 Dico
3010 1263 3213 1318 autem,
3245 1266 3464 1307 onmem
3508 1248 3783 1302 hominem

523 1342 593 1397 de
634 1343 996 1402 incommodis
1041 1347 1178 1417 eripi
1228 1357 1502 1419 oportere.
1555 1347 1607 1405 Is
1652 1350 1799 1405 enim
1841 1351 1936 1421 qui
1987 1360 2107 1421 eget
2146 1350 2289 1419 (80),
2333 1358 2389 1407 et
2432 1351 2489 1406 in
2533 1350 2851 1420 quotidiana
2894 1350 3006 1405 vita
3053 1351 3255 1422 patitur
3314 1345 3692 1411 incommoda;
3728 1345 3783 1398 in

523 1455 724 1511 magno
763 1450 1036 1500 tormento
1079 1454 1165 1501 est
1206 1460 1272 1503 ac
1324 1446 1647 1502 necessitate
1682 1448 1819 1517 (8i).
1885 1447 2145 1519 Quisquis
2187 1449 2353 1519 igitur
2391 1448 2771 1518 hujuscemodi
2832 1446 3071 1501 animam
3114 1444 3275 1513 eripit
3314 1443 3381 1497 de
3424 1439 3785 1504 necessitate;

523 1547 784 1601 magnum
826 1536 1087 1605 gaudium
1117 1537 1220 1593 sibi
1250 1537 1507 1609 acquirit.
1555 1539 1693 1595 Nam
1737 1542 1785 1597 is
1821 1542 1918 1612 qui
1944 1542 2259 1614 hujttsmodi
2297 1551 2524 1598 vexatur
2573 1542 2923 1597 incommodo
2949 1580 2965 1605 ,
3005 1542 3123 1610 pari
3166 1548 3437 1599 tormento
3478 1538 3780 1596 cruciatur,

520 1640 687 1697 atque
715 1644 775 1684 se
805 1638 1026 1703 torquet
1065 1632 1113 1689 is
1135 1632 1249 1706 (82)
1286 1635 1383 1705 qui
1426 1635 1481 1690 in
1508 1636 1743 1692 vinculis
1777 1646 1883 1693 est.
1916 1636 2070 1693 Multi
2109 1638 2256 1694 enim
2291 1645 2509 1707 propter
2552 1635 2873 1706 hujusmodi
2918 1633 3283 1698 calamitates,
3316 1644 3441 1685 cum
3479 1642 3574 1681 eas
3608 1624 3783 1680 susti~

521 1736 653 1779 nere
678 1723 791 1796 (85)
820 1740 929 1781 non
967 1737 1221 1796 possunt,
1263 1740 1493 1787 mortem
1526 1732 1631 1787 sibi
1665 1734 2019 1790 consciscunt
2042 1734 2181 1804 (84).
2225 1733 2331 1799 Qui
2362 1734 2514 1788 novit
2553 1732 2722 1804 igitur
2764 1731 3133 1791 calamitatem
3166 1722 3481 1797 hujusmodi
3520 1720 3780 1781 hominis.

519 1830 577 1879 ει
614 1837 724 1878 ιιοη
760 1824 923 1894 erit)“
955 1841 1112 1891 eum;
1157 1843 1416 1897 magnum
1461 1838 1746 1899 peccatum
1790 1830 2051 1897 admittit,
2092 1841 2148 1886 et
2186 1831 2248 1885 ﬁt
2283 1845 2411 1886 reus
2449 1829 2737 1901 sanguinis
2781 1829 2922 1897 ejus.
2970 1826 3155 1882 Facite
3200 1826 3365 1895 igitur
3405 1837 3572 1893 opera
3615 1820 3778 1879 bona.

521 1912 837 1986 quicunque
877 1916 1165 1985 accepistis
1198 1933 1230 1973 a
1257 1917 1528 1987 Domino;
1576 1936 1648 1976 ne
1674 1921 1807 1976 dum
1839 1922 2139 1976 moramini
2162 1921 2277 1992 (85)
2313 1919 2517 1984 facere,
2549 1926 2966 1974 consummetur
3008 1924 3283 1972 structura
3326 1913 3530 1979 turris;
3560 1917 3783 1981 propter

520 2020 622 2066 vos
644 2009 790 2064 enim
828 2009 1205 2070 intermissum
1228 2022 1315 2077 est
1343 2028 1481 2083 opus
1510 2016 1891 2075 aediﬁcationis
1915 2017 2056 2086 ejus.
2092 2014 2210 2072 Nisi
2248 2016 2413 2087 igitur
2445 2014 2841 2071 festinaveritis
2880 2008 3061 2068 facere
3095 2019 3262 2075 recte,
3300 2005 3782 2064 consummabitur

521 2101 727 2167 ῑιιιτίεν
765 2110 820 2159 et
847 2102 1238 2161 excludemini.
1284 2108 1591 2180 Postquam
1630 2126 1762 2167 vero
1802 2112 2019 2171 loeutus
2060 2121 2145 2169 est
2184 2128 2436 2178 mecum,
2474 2112 2716 2167 surrexit
2759 2110 2826 2167 de
2861 2111 3037 2174 lecto;
3086 2117 3141 2163 et
3182 2107 3524 2177 apprehenso
3562 2112 3785 2172 pastore

518 2200 575 2247 et
599 2192 921 2261 virginibus,
956 2194 1091 2249 abiit
1122 2194 1258 2268 (86).
1310 2200 1460 2263 Dixit
1483 2210 1673 2263 autem
1714 2203 1851 2263 mihi
1883 2205 2188 2264 remissum

2185 2221 2248 2260 .m
2281 2220 2342 2261 se
2373 2214 2651 2276 pastorem
2679 2202 2793 2276 (87)
2825 2203 2978 2269 illum
2998 2244 3020 2273 ι
3045 2202 3359 2273 etvirgines
3396 2198 3519 2265 illas
3561 2194 3676 2267 (88)
3723 2194 3784 2258 in

519 2286 748 2344 domum
786 2304 964 2346 meam
993 2289 1130 2361 (89).

1612 2437 1850 2494 VARUE
1886 2438 2273 2497 LECTIONES
2312 2438 2400 2495 ET
2420 2501 2425 2505 ,
2442 2437 2680 2495 ΝΟΤᾸΙ.

2373 2565 2392 2773 Ξ

744 2556 927 2636 Fellus
957 2558 1160 2636 aliique
1189 2562 1489 2634 conjiciunt
1522 2564 1837 2635 legendum,
1861 2564 2049 2625 vivere.
2275 2564 2390 2636 (84)
2433 2563 2624 2636 Lamb.
2660 2562 2953 2636 αάςὶιιςυηέι
3040 2629 3055 2636 _
3241 2628 3251 2636 _
3350 2625 3362 2636 .
3408 2624 3419 2633 .

588 2627 706 2695 (77)
745 2626 935 2683 Lamb.
970 2626 1317 2689 collaturum:
1574 2626 1602 2635 ν
1818 2626 1837 2632 ”
2276 2626 2392 2695 (85)
2431 2634 2586 2690 Bodl.
2620 2633 2872 2688 tardatis.
2904 2629 3097 2685 Lamb.
3131 2626 3443 2683 tardamini.

590 2636 706 2695 (77)
745 2636 935 2683 Lamb.
970 2636 1317 2689 collaturum.
2300 2636 2369 2690 85
2431 2636 2586 2690 Bodl.
2620 2636 2872 2688 tardatis.
2905 2636 3097 2685 Lamb.
3131 2636 3443 2683 tardamue.

590 2697 706 2767 (78)
746 2697 938 2753 Lamb.
972 2702 1042 2758 ad
1064 2717 1174 2757 eas.
1209 2702 1297 2758 Sic
1323 2713 1377 2757 et
1399 2700 1601 2759 Fcllus.
2276 2636 2392 2776 $86;
2430 2703 2564 2763 Mss.
2591 2703 2752 2773 Angl.
2799 2702 2954 2769 abiit,
3003 2701 3179 2756 dicens
3224 2696 3355 2751 mihi
3412 2705 3776 2751 remansurum

591 2768 706 2845 (:19)
745 2767 938 2845 Lamb.
971 2772 1185 2845 agmina
1217 2773 1418 2834 indica.
2206 2784 2491 2845 pastorem.
2576 2844 2602 2845 ί

591 2768 708 2902 ἵῖθζ
745 2767 938 2824 Lamb.
971 2772 1185 2834 omnino
1217 2773 1418 2834 indica.

619 2837 688 2890 80
751 2837 942 2893 Lamb.
977 2840 1048 2894 Et
1070 2841 1154 2895 his
1192 2845 1333 2896 enim
1354 2861 1418 2902 qu

751 2837 942 2914 Pam!”
977 2840 1048 2914 βε
1070 2841 1154 2895 Ῑιίδ
1192 2845 1333 2896 enim
1354 2848 1482 2914 qvia
1510 2852 1643 2914 σθαι.
2207 2837 2218 2845 ’
2279 2844 2393 2914 (87)
2434 2844 2534 2914 Ms.
2563 2844 2751 2909 Carm.
2776 2858 3145 2914 remansurum
3173 2850 3458 2910 pastorem.

594 2907 711 3046 (8i)
753 2907 947 2963 Lamb.
979 2911 1079 2992 hac
1110 2928 1302 2967 necess.
1366 2907 1376 2914 ’
1539 2907 1559 2914 ’
2281 2907 2396 3046 ξ88)
2436 2913 2627 2969 Lamb.
2669 2907 2840 2979 deest,
2871 2913 3017 2969 illius.

620 2977 688 3031 82
750 2977 945 3034 Lamb.
980 2998 1128 3046 quia.
2303 2984 2393 3046 89)
2433 2984 2564 3039 Mss.
2602 2984 2787 3039 Carm.
2830 2993 2954 3046 post
3004 3002 3017 3036 ι

504 3016 512 3025 .
750 2977 945 3034 Lamb.
980 2983 1128 3050 quia.

594 3048 708 3119 (83)
749 3050 941 3104 Lamb.
978 3048 1220 3120 stt/Terre.

1012 3361 1855 3517 PPENDIX
1980 3358 2233 3516 AD
2356 3358 2519 3515 s.
2648 3236 3454 3523 HERMAM

1777 3781 2199 3841 SANCTARUM
2262 3779 2597 3838 VIRGINUM

940 3949 1603 4055 PUDENTIANAE
1675 3950 1850 4050 SEU
1930 3950 2575 4107 POTENTlAN/E
2639 3949 2767 4051 ET
2858 3953 3343 4055 PBAXEDIS.

1040 4399 1595 4495 AUCTORE
1665 4401 1760 4493 S.
1837 4398 2371 4493 PASTORE
2448 4401 3234 4503 PRESBYTERQ

2303 2972 2393 3053 89)
2433 2984 2564 3039 Mss.
2602 2984 2787 3039 Carm.
2828 2972 2954 3053 post
3004 3000 3202 3049 meam,
3255 2981 3405 3036 addit
3445 2980 3630 3033 Amen.
3685 2972 3779 3031 Sic

2210 3052 2430 3125 qucque
2458 3054 2639 3111 Fellus
2670 3055 2724 3112 in
2751 3052 2883 3109 edit.
2910 3052 3086 3109 Oxon.

555 3204 3765 3237 Μ

1174 4734 1777 4849 ΝΟΤΙΤΙΑ
1858 4738 2004 4852 IN
2095 4737 2215 4851 S.
2304 4731 3099 4849 PASTOREM.

1355 4950 1495 5015 (Acta
1535 4957 1806 5003 sanctorum
1848 4952 2095 5015 Βοιωτία..
2140 4954 2261 5003 Julii
2282 4958 2397 5001 tom.
2424 4950 2507 5011 Vl,
2530 4951 2613 5005 die
2634 4949 2714 5011 27,
2741 4962 2790 5012 p.
2816 4946 2953 5008 299.)

589 5099 643 5154 1.
676 5096 935 5159 Sanctum
960 5101 1107 5159 hunc
1135 5104 1355 5161 exhibet
1375 5105 1537 5163 hodie
1572 5109 1731 5165 nobis
1763 5109 2083 5183 Martyrolo-t
2108 5094 2161 5155 Α
2187 5119 2409 5163 manum
2432 5101 2921 5175 Martyrologium?
2947 5098 3031 5154 An
3055 5096 3399 5153 Beliniannm
3431 5095 3564 5153 anni
3588 5093 3724 5151 1498
3742 5095 3771 5149 ἲ

514 5186 663 5256 gium
693 5186 1001 5245 Romanum
1032 5192 1119 5248 his
1166 5193 1344 5249 verbis
1375 5211 1388 5246 :
1427 5213 1446 5245 ι
1484 5193 1611 5250 Item
1644 5195 1859 5265 Romae,
1906 5197 2081 5253 sancti

515 5278 758 5338 Pastoris
800 5284 1123 5355 presbyteri,
1147 5285 1306 5357 cujus
1344 5287 1565 5343 nomine
1587 5288 1778 5349 titulus
1808 5297 1990 5350 exstat
2023 5290 2080 5342 in

414 5445 424 5455 _
520 5371 773 5429 Viminali
795 5376 935 5446 apud
960 5375 1217 5433 Sanctam
1238 5376 1656 5439 Pudentianam.
1683 5401 1703 5434 ι
1730 5382 1997 5437 Baronius
2024 5380 2080 5438 in

512 5465 961 5524 adnotationibus
987 5470 1055 5525 ad
1080 5480 1287 5526 textum
1318 5470 1687 5544 Martyrologii
1713 5476 1937 5528 citatum
1962 5474 2079 5530 haec

515 5558 699 5614 subdit
724 5562 865 5616 inter
892 5563 1037 5617 aha:
1084 5562 1232 5618 «Non
1262 5572 1472 5620 tantum
1504 5565 1558 5620 in
1607 5567 1773 5621 veteri
1829 5566 2077 5622 Romano

514 5644 919 5723 Martyrologio,
952 5655 1048 5709 sed
1077 5664 1132 5710 et
1161 5656 1215 5710 in
1243 5655 1482 5726 antiquis
1508 5659 1892 5729 manuscriptis
1922 5660 1988 5713 de
2012 5675 2079 5714 eo

517 5737 693 5834 ag'itur
720 5739 820 5797 hac
849 5744 954 5820 die.
982 5763 1002 5823 ρ
1034 5746 1104 5801 At
1123 5746 1397 5825 quodnam
1422 5748 1510 5820 hic
1534 5750 1942 5830 appellatvetus
1967 5748 2079 5827 Bo.-

2186 5195 2303 5251 Hoc
2340 5203 2587 5261 certum,
2634 5209 2743 5248 non
2773 5193 2865 5263 agi
2905 5192 3013 5247 hoc
3041 5190 3164 5246 loco
3192 5189 3261 5244 de
3304 5188 3557 5243 Romano
3591 5201 3769 5257 parvo

2186 5306 2282 5347 seu
2307 5289 2496 5359 veteri,
2531 5287 2678 5360 quod
2705 5286 3044 5358 Rosweydus
3069 5284 3239 5341 edidit
3265 5302 3279 5338 :
3313 5282 3461 5339 istud
3485 5281 3635 5337 enim
3659 5295 3770 5335 nec

2184 5384 2364 5443 visum
2395 5397 2428 5437 a
2457 5380 2688 5436 Baronio
2715 5378 2839 5444 fuit,
2868 5393 3045 5448 neque
3066 5378 3133 5433 de
3163 5375 3222 5432 S.
3252 5374 3479 5432 Pastore
3510 5372 3769 5429 meminit

2184 5476 2420 5545 uspiam.
2453 5472 2567 5530 Imo
2619 5488 2722 5528 nec
2762 5472 3058 5528 admodum
3091 5479 3245 5526 vetus
3275 5485 3398 5526 esse
3443 5467 3766 5525 Romanum

2184 5568 2338 5636 illud,
2363 5567 2509 5636 quod
2544 5566 2600 5620 in
2630 5565 3011 5622 observatione
3037 5564 3345 5619 Baroniana
3376 5564 3600 5631 citatur,
3629 5562 3768 5618 inde

2184 5662 2312 5716 licet
2359 5659 2662 5729 conjicere,
2694 5658 2839 5729 quod
2887 5657 3231 5713 annuntiatio
3280 5657 3339 5712 S.
3372 5655 3620 5712 Pastoris
3652 5656 3760 5711 hoe

2188 5753 2379 5807 dicrna
2401 5792 2415 5819 ,
2445 5750 2552 5821 ibi,
2582 5759 2641 5810 ut
2673 5752 2955 5821 asscritur,
3005 5764 3292 5822 expressa,
3331 5758 3579 5809 veterum
3609 5763 3756 5811 mar—
