4076 6142
335 364 476 420 1015

1291 360 1393 416 SS.
1434 357 1912 418 ΡυΒΕΝἸΊΑΝίΕ·
1937 359 2028 414 ΕΤ
2059 355 2406 416 PRAXEDIS
2442 356 2646 413 ACTA.

3446 359 3586 416 1οη

329 478 704 550 tyrologorum
741 470 875 530 nulli
905 473 1224 532 innotuerit.
1263 475 1450 532 Altum
1483 485 1632 533 certe
1664 477 1732 532 ad
1759 477 1906 533 hunc
1936 482 1982 541 Α
2007 468 2244 547 scripsit'.
2263 474 2461 530 Totum
2488 487 2620 545 ergo
2640 479 2854 544 tempus
2873 472 3003 528 dum
3028 471 3082 527 in
3105 471 3210 529 lroc
3233 473 3432 530 saecqu
3451 476 3589 533 vixit

330 569 476 624 diem
528 568 584 624 in
617 567 1019 637 exemplaribus
1037 565 1494 640 Hieronymianis,
1520 569 1683 624 etiam
1711 570 1910 639 saepius

332 661 543 724 auctis,
591 661 658 716 de
694 659 924 715 Pastore
974 659 1294 724 silentium;
1334 669 1517 717 tacent
1545 662 1615 717 ad
1653 661 1910 716 eumdem

332 753 502 817 Beda,
526 751 747 819 Florus,
770 750 1212 819 Wandelbertus,
1238 751 1519 821 Rabanus,
1536 754 1676 820 Ado,
1703 751 1908 809 Usuar-

333 851 459 917 dus,
492 847 803 904 Notkerus:
845 850 908 903 ut
947 847 1086 903 adeo
1116 863 1226 904 non
1251 849 1498 904 videatur
1533 848 1639 904 hac
1673 848 1762 904 die
1786 857 1912 903 ante

334 942 596 999 smculum
627 957 662 996 x
691 940 750 995 8.
771 938 1018 995 Pastoris
1038 955 1240 995 nomen
1264 939 1650 996 ecclesiasticis
1679 938 1913 1008 cmpisse

337 1035 516 1090 Fastis
548 1033 750 1090 ascribi
776 1051 791 1100 ;
823 1033 870 1087 si
900 1039 1083 1088 tamen
1111 1033 1274 1087 etiam
1298 1042 1411 1087 tum
1435 1031 1660 1102 cmperit
1685 1049 1698 1085 :
1733 1045 1912 1101 neque

335 1127 485 1182 enim
523 1123 657 1182 satis
693 1129 975 1194 perspecta
1023 1120 1182 1176 nobis
1225 1130 1310 1177 est
1349 1131 1479 1176 tetas
1534 1121 1648 1176 sive
1707 1119 1911 1175 codicis

338 1216 788 1287 Vaticani,quem
821 1214 876 1270 in
909 1215 1168 1270 auctariis
1200 1215 1356 1270 Bedm
1374 1231 1437 1270 ac
1455 1213 1595 1268 Flori
1625 1215 1912 1270 citavimus

341 1307 509 1362 hodie
530 1316 655 1361 ante
685 1315 895 1361 tomum
921 1306 1224 1361 secundum
1257 1305 1456 1373 Martii,
1495 1307 1610 1360 sive
1647 1307 1909 1376 appendi-

339 1414 465 1456 eum
493 1396 727 1453 Usuardi
757 1413 786 1452 a
814 1397 970 1454 nobis
991 1398 1142 1465 editi,
1170 1399 1224 1452 in
1253 1399 1454 1468 quibus
1476 1399 1580 1454 hoc
1609 1398 1695 1454 die
1727 1398 1786 1454 S.
1810 1397 1912 1454 Pa-

337 1494 505 1545 storis
529 1489 831 1560 presbyteri
853 1497 906 1544 et
924 1487 1262 1544 confessoris
1283 1489 1546 1544 memoria
1572 1489 1910 1556 celebratur;

338 1581 645 1639 Florarium
683 1596 814 1637 vero
856 1590 1174 1637 sanctorum
1218 1596 1349 1647 ms.,
1379 1582 1526 1652 quod
1577 1596 1706 1636 eum
1753 1581 1915 1637 hodie

340 1674 424 1731 sic
459 1673 770 1741 annuntiat,
800 1691 820 1725 ι
848 1671 1064 1737 Rome,
1091 1670 1338 1728 Pastoris
1371 1671 1669 1743 presbyteri
1695 1680 1749 1727 et
1783 1687 1915 1727 con-

339 1765 589 1832 fessoris,
629 1783 648 1816 ι
682 1763 862 1820 medio
889 1763 1108 1819 circiter
1150 1763 1350 1820 saeculo
1382 1779 1450 1818 xv
1499 1773 1784 1819 exaratum
1810 1771 1911 1819 est.

413 1857 471 1912 2.
511 1855 616 1911 Sed
651 1871 829 1926 neque
857 1855 1080 1926 antiqua
1108 1854 1198 1909 ilia
1228 1856 1600 1926 manuscripta
1624 1857 1877 1912 novimus
1897 1897 1913 1921 ,
1947 1833 1991 1889 Β

343 1948 402 2002 in
435 1947 634 2018 quibus
663 1947 730 2004 de
761 1945 817 2002 S.
847 1946 1068 2002 Pastore
1096 1946 1182 2017 agi
1201 1947 1304 2002 hac
1325 1947 1413 2002 die
1441 1947 1674 2016 dicitur;
1707 1949 1810 2004 nisi
1831 1949 1916 2004 vel

344 2040 590 2096 auctaria
627 2041 740 2110 jam
772 2040 991 2095 laudata
1027 2039 1433 2111 intelligantur;
1467 2041 1550 2096 vel
1586 2057 1754 2096 unum
1783 2042 1916 2098 illud

345 2133 813 2198 manuscriptum,
858 2131 924 2187 de
971 2147 1096 2211 quo,
1128 2132 1185 2187 in
1223 2132 1416 2189 iisdem
1462 2133 1918 2192 adnotationibus

345 2227 615 2284 Baronius
646 2226 882 2282 asserit:
921 2245 940 2278 ‹
971 2223 1245 2282 Habemus
1279 2226 1334 2281 in
1373 2235 1561 2281 nostra
1587 2226 1916 2283 bibliotheca

347 2337 436 2377 res
463 2329 642 2392 gestas
664 2319 837 2374 sancti
863 2317 1126 2386 Pastoris,
1157 2333 1252 2374 seu
1287 2319 1472 2388 potius
1501 2320 1838 2391 panegyrim,
1863 2320 1917 2374 in

344 2415 436 2471 die
461 2414 630 2469 natali
657 2413 777 2484 ejus
804 2412 1006 2469 alicubi
1037 2414 1092 2468 in
1121 2413 1354 2470 ecclesia
1395 2413 1502 2486 legi
1541 2413 1784 2469 solitam.
1823 2413 1919 2472 Est

344 2505 467 2576 ejus
489 2505 811 2562 exordium:
846 2502 1163 2560 Sanctorum
1205 2503 1448 2576 vestigia,
1491 2513 1595 2560 etc.
1631 2503 1748 2560 Hoc
1773 2507 1918 2562 enim

347 2596 510 2652 nobis
542 2595 730 2652 Romae
759 2611 790 2652 e
810 2593 1139 2651 bibliotheca
1165 2592 1530 2651 Vallicellensi
1565 2593 1801 2651 describi
1830 2611 1921 2652 ro-

347 2688 620 2762 gavimus,
659 2687 804 2758 quod
831 2703 862 2742 a
917 2695 1071 2744 tanto
1100 2688 1219 2741 viro
1266 2686 1551 2742 laudatum
1583 2695 1770 2744 esset:
1825 2687 1920 2744 sed

348 2782 487 2836 adeo
527 2781 720 2836 misere
766 2779 1098 2851 descriptum
1145 2779 1459 2850 accepimus
1485 2819 1500 2840 .
1546 2787 1608 2835 ut
1657 2780 1920 2835 mutando

348 2886 746 2942 nonnunquam
777 2871 960 2944 aliqua
987 2878 1082 2926 aut
1107 2871 1359 2927 addendo
1381 2870 1643 2942 compleri
1669 2886 1766 2941 per
1788 2885 1922 2927 con-

345 2962 618 3032 jecturam
667 2965 946 3021 sententia:
975 2964 1227 3020 debeant.
1261 2962 1400 3018 Tum
1433 2978 1564 3019 vero
1594 2964 1788 3036 stylus,
1822 2963 1922 3018 fal-

349 3056 457 3114 lor.
471 3056 518 3114 si
533 3058 750 3129 longam
775 3060 920 3129 sapit
941 3057 1340 3127 antiquitatem.
1359 3056 1481 3127 lpsa
1497 3073 1628 3113 vero
1648 3059 1810 3128 hujus
1826 3073 1923 3126 pa-

2012 570 2207 625 beatus
2263 567 2476 633 Pastor,
2506 567 2618 622 Deo
2664 578 2723 620 se
2770 565 3004 633 dicavit,
3044 575 3098 621 et
3148 566 3487 623 incessanter
3531 569 3591 625 in

2013 663 2159 719 illius
2205 660 2472 732 obsequio
2518 672 2912 732 perseverans,
2945 658 3158 714 cunctis
3201 657 3392 716 Romae
3427 659 3590 716 Chri-

2012 755 2206 810 stianis
2243 753 2526 825 speculum
2550 767 2610 808 se
2636 750 2900 822 praebuit,
2931 750 3066 806 illud
3102 751 3412 823 adimplens
3439 754 3589 824 quod

2012 847 2280 904 Dominus
2303 848 2412 903 ait:
2442 847 2536 904 Sic
2559 845 2732 900 luceat
2753 844 2849 900 tua:
2872 855 3047 900 vestra
3069 860 3250 900 coram
3265 847 3589 916 hominibus,

2012 949 2072 995 ut
2101 940 2313 995 videant
2357 956 2517 1011 opera
2554 947 2726 995 vestra
2754 944 2889 993 bona
2910 979 2927 1006 ,
2973 945 3024 992 et
3051 937 3347 1009 gloriﬁcent
3376 939 3591 995 Patrem

2011 1044 2263 1101 vestrum,
2286 1033 2376 1103 qui
2405 1034 2460 1088 in
2482 1031 2626 1088 cretis
2653 1042 2730 1088 est
2752 1033 2771 1103 (
2787 1031 2981 1088 Matth.
3007 1031 3192 1102 $.16).
3231 1031 3400 1104 Igitur
3435 1051 3590 1106 egre-

2013 1126 2135 1195 gius
2186 1125 2392 1182 Christi
2441 1124 2638 1182 Pastor
2683 1125 2941 1196 migravit
2970 1125 3038 1180 ad
3091 1117 3293 1197 gaudia
3343 1125 3593 1196 polorum

2015 1219 2246 1289 septimo
2276 1217 2545 1274 Kalendas
2570 1217 2804 1288 Augusti
2836 1256 2853 1284 ,
2886 1225 3206 1272 sanctorum
3237 1217 3484 1273 omnium
3510 1232 3598 1271 re-

2017 1314 2396 1369 muneratione
2443 1310 2596 1366 illum
2638 1311 2714 1366 ita
2751 1318 3025 1366 vocante:
3061 1307 3237 1380 Euge,
3273 1324 3416 1364 serve
3469 1307 3624 1362 bone

2014 1415 2066 1460 et
2104 1403 2310 1474 ﬁdelis;
2337 1403 2482 1474 {quia
2525 1419 2686 1473 super
2749 1418 2925 1472 pauca
2971 1401 3124 1472 fuisti
3162 1399 3335 1470 ﬁdelis
3363 1442 3378 1466 ,
3433 1415 3599 1470 supra

2015 1494 2186 1550 multa
2217 1504 2266 1550 te
2301 1495 2621 1549 constituam
2641 1509 2660 1547 :
2691 1495 2835 1548 intra
2881 1493 2939 1547 in
2968 1491 3224 1564 gaudium
3256 1490 3472 1546 Domini
3520 1493 3623 1546 tui-

2016 1585 2235 1658 (Matth.
2251 1602 2380 1654 xxv,
2395 1586 2513 1656 21).
2526 1585 2696 1656 Cujus
2710 1601 2910 1656 corpus
2921 1584 3200 1641 conditum
3216 1592 3300 1640 est
3313 1583 3367 1638 in
3399 1597 3618 1652 supra-

2016 1679 2162 1736 dicto
2193 1678 2352 1735 titulo
2389 1693 2516 1734 cum
2543 1677 2886 1733 aromatibus
2913 1695 2927 1732 :
2955 1676 3052 1732 ubi
3082 1691 3258 1748 usque
3289 1675 3346 1730 in
3376 1674 3598 1756 hodier-

2017 1787 2150 1828 num
2185 1771 2330 1827 diem
2371 1769 2515 1827 Deus
2546 1769 2860 1840 impertitur
2890 1767 3063 1824 multa
3100 1781 3201 1838 pro
3232 1765 3349 1822 suis
3388 1763 3600 1820 meritis

2019 1881 2084 1920 ac
2112 1865 2361 1935 precibus
2390 1863 2683 1930 beneﬁcia;
2713 1870 2971 1932 regnante
2992 1859 3226 1915 Domino
3251 1866 3440 1914 nostro
3465 1853 3600 1912 Jesu

2017 1958 2259 2026 Christo,
2289 1957 2379 2013 cui
2425 1957 2546 2013 laus
2566 1999 2582 2025 ,
2611 1966 2666 2013 et
2713 1958 2916 2022 honor,
2947 1962 3004 2010 et
3033 1953 3211 2008 virtus
3230 1993 3246 2018 ,
3277 1960 3332 2008 et
3359 1957 3622 2022 potestas;

2017 2065 2143 2107 cum
2189 2049 2352 2106 Patre
2395 2058 2699 2120 sanctoque
2746 2047 2995 2103 Flamine
3023 2061 3117 2118 per
3160 2043 3374 2100 inﬁnita
3400 2043 3608 2106 saecula

2018 2143 2368 2201 saeculorum.
2397 2142 2594 2198 Amen.
2627 2159 2647 2195 ι

2088 2240 2143 2296 4.
2174 2239 2334 2307 Quod
2365 2239 2456 2294 hic
2484 2238 2688 2294 dicitur
2719 2235 2780 2294 S.
2814 2235 3020 2292 Paulus
3053 2233 3335 2306 apostolus
3368 2232 3591 2288 titulum

2018 2331 2264 2390 Pastoris
2303 2345 2695 2396 consecrasse,
2747 2329 2832 2395 id,
2884 2329 3120 2398 ipsomet
3160 2324 3386 2382 Pastore
3425 2333 3599 2390 teste,

2019 2423 2220 2479 falsum
2246 2433 2367 2491 est;
2396 2423 2500 2480 hoc
2529 2422 2674 2478 enim
2703 2420 2762 2477 S.
2786 2420 2886 2476 Pio
2910 2435 3094 2490 papae,
3135 2433 3245 2473 non
3271 2415 3440 2472 Paulo
3468 2430 3602 2486 apo-

2020 2515 2183 2579 stolo,
2226 2514 2525 2570 ascribitur
2566 2513 2622 2569 in
2659 2511 2812 2567 Actis
2849 2509 2951 2566 SS.
2983 2508 3336 2564 Pudentianae
3370 2515 3425 2562 et
3462 2504 3601 2561 Pra-

2021 2606 2194 2662 xedis.
2233 2605 2527 2661 Conditum
2565 2619 2698 2659 vero
2727 2602 2901 2658 fuisse
2932 2601 2992 2656 S.
3020 2599 3304 2656 Pastorem
3346 2598 3401 2653 in
3430 2597 3603 2654 eccle-

2022 2702 2105 2758 sia
2153 2701 2297 2757 tituli
2349 2700 2458 2766 sui,
2489 2715 2556 2756 ex
2601 2699 2707 2754 hac
2756 2697 2992 2753 forsitan
3049 2695 3320 2755 historia.
3363 2691 3603 2748 afﬁrmat

2020 2796 2186 2852 etiam
2224 2793 2502 2864 Aringhus
2548 2793 2606 2848 in
2647 2791 2817 2847 Roma
2866 2789 3212 2844 subterranea
3239 2796 3374 2842 tom.
3404 2783 3470 2850 ll,
3502 2784 3598 2840 lib.

2024 2903 2100 2956 Iv,
2128 2901 2252 2958 cap.
2293 2885 2396 2954 45,
2427 2899 2581 2941 num.
2615 2883 2680 2949 l;
2721 2883 2801 2938 uti
2834 2890 2890 2938 et
2935 2879 3132 2936 Piazza
3174 2878 3231 2932 in
3277 2876 3602 2933 Sanctuario

2021 2978 2261 3033 Romano
2311 2977 2382 3033 ad
2426 2975 2575 3032 hunc
2622 2975 2768 3030 diem
2813 2988 2943 3028 xxvn
2995 2970 3147 3026 Julii.
3187 2967 3414 3024 Videtur
3464 2978 3599 3038 ergo

2023 3070 2172 3127 aliud
2213 3083 2336 3125 esse
2389 3067 2566 3125 sancti
2616 3064 2902 3136 cujusdam
2949 3061 3232 3126 Pastoris,
3279 3069 3334 3117 et
3380 3059 3601 3131 quidem

350 3149 620 3221 negyrica:
639 3151 905 3206 orationis
941 3151 1169 3205 materia
1191 3149 1475 3206 historiam
1506 3151 1684 3205 sancti
1709 3151 1922 3208 modice
1949 3173 1998 3231 ρ
2025 3161 2306 3234 martyris,
2339 3173 2561 3230 corpus,
2594 3157 2739 3229 quod
2776 3171 2902 3212 eum
2944 3155 3067 3211 aliis
3095 3168 3286 3209 recens
3315 3152 3599 3206 inventum

351 3251 418 3293 ac
441 3254 565 3294 raro
594 3241 845 3312 attingit;
879 3255 1055 3310 neque
1085 3241 1170 3295 vel
1195 3241 1274 3296 sic
1301 3250 1486 3296 tamen
1510 3242 1643 3298 satis
1672 3240 1921 3298 feliciter.

351 3327 692 3399 Dispescitur
749 3331 816 3386 ad
875 3347 1036 3385 usum
1080 3332 1512 3387 ecclesiasticum
1561 3333 1617 3388 in
1665 3332 1926 3389 lectiones

353 3435 586 3488 novem;
615 3436 850 3491 quarum
882 3422 1004 3478 duae
1053 3423 1260 3493 priores
1289 3424 1577 3495 prologum
1605 3426 1922 3491 continent;

351 3513 524 3576 omni,
549 3521 612 3568 ut
643 3513 751 3568 dici
795 3514 954 3579 solet,
988 3523 1044 3569 et
1088 3514 1223 3568 nulli
1261 3515 1722 3570 convenientem:
1765 3516 1923 3571 tertia

351 3607 610 3662 hortatur
639 3605 706 3661 ad
743 3605 1005 3660 imitanda
1043 3605 1105 3660 Β.
1134 3605 1382 3661 Pastoris
1432 3607 1701 3676 exempla,
1738 3607 1924 3663 docet-

351 3715 482 3766 que,
515 3698 660 3755 hunc
692 3698 860 3754 fuisse
889 3699 1058 3754 nobili
1082 3698 1270 3754 Roma:
1297 3699 1552 3769 prosapia
1594 3701 1923 3766 oriundum;

354 3790 552 3846 deinde
581 3791 813 3860 apostoli
854 3789 1010 3846 Pauli
1044 3789 1397 3860 discipulum,
1426 3806 1534 3846 una
1577 3807 1702 3846 eum
1740 3789 1927 3845 Timo-

355 3882 517 3950 theo;
551 3892 664 3937 tum
691 3881 760 3937 ab
781 3881 970 3937 eodem
996 3881 1259 3951 Apostolo
1287 3889 1666 3938 consecratum
1697 3883 1926 3952 presby-

355 3983 570 4042 terum;
598 3973 768 4028 multa
792 3989 1013 4043 passum
1043 3974 1147 4030 sub
1161 3973 1435 4029 Antonino
1458 3974 1926 4044 imp.,eruditum,

357 4066 666 4120 animarum
720 4074 999 4135 pastorem
1038 4065 1327 4132 sedulum;
1396 4065 1542 4136 quod
1587 4074 1924 4136 postremum

357 4159 720 4229 ampliﬁcatur
748 4158 1162 4214 enumeratione
1188 4158 1454 4213 virtutum
1490 4157 1556 4212 ad
1587 4159 1702 4214 veri
1739 4168 1928 4229 pasto-

355 4252 437 4308 ris
467 4251 708 4308 ofﬁcium
748 4251 1162 4322 pertinentium,
1195 4265 1318 4321 qua:
1376 4250 1542 4306 simul
1590 4266 1791 4306 omnes
1825 4251 1928 4306 Pa-

357 4345 492 4399 stori
524 4355 710 4402 nostro
737 4344 1070 4410 tribuuntur,
1101 4359 1169 4399 ne
1199 4344 1364 4398 unius
1399 4343 1617 4413 quidem
1647 4343 1776 4398 facti
1817 4343 1932 4399 sin-

358 4437 564 4507 gularis
593 4448 685 4492 aut
713 4437 959 4492 historici.
999 4436 1142 4491 facta
1177 4435 1488 4502 mentione,
1533 4449 1709 4506 usque
1737 4435 1805 4490 ad
1845 4435 1928 4490 le-

2027 3270 2152 3312 cum
2183 3251 2538 3322 inscriptione
2566 3248 2825 3313 nominis,
2863 3245 3037 3300 Roma
3072 3243 3376 3299 Bononiam
3406 3243 3472 3296 ad
3497 3256 3599 3296 nos

2027 3347 2351 3403 translatum
2382 3344 2484 3400 fuit
2524 3357 2670 3398 anno
2721 3339 2891 3406 1614,
2929 3337 3017 3393 die
3045 3352 3116 3391 xx
3143 3334 3374 3406 Aprilis.
3411 3331 3598 3388 Nostri

2027 3448 2210 3495 autem
2257 3436 2502 3493 Pastoris
2549 3433 2732 3489 nescio
2786 3429 2917 3501 quid
2965 3427 3318 3497 reliquiarum
3373 3439 3494 3480 esse
3541 3423 3596 3477 in

2027 3527 2364 3586 monasterio
2388 3569 2404 3594 ,
2458 3539 2554 3581 seu
2595 3522 2826 3596 ecclesia
2849 3562 2864 3588 ,
2903 3518 2964 3575 S.
3019 3516 3264 3573 Silvestri
3295 3516 3363 3572 de
3407 3513 3598 3582 Capite

2029 3622 2239 3688 Romae,
2271 3619 2469 3676 asserit
2492 3617 2841 3674 Giacehettus
2868 3613 2922 3668 in
2943 3611 3183 3668 Historia
3205 3609 3390 3665 Italica
3415 3609 3594 3664 eccle-

2030 3712 2124 3766 sia:
2156 3725 2226 3766 ac
2251 3707 2572 3764 monasterii
2611 3703 2855 3775 ejusdem
2892 3719 3013 3773 cap.
3059 3702 3125 3756 l3
3162 3701 3230 3755 ad
3277 3699 3420 3754 diem
3468 3713 3596 3752 xxvr

2028 3801 2178 3857 Julii.
2233 3799 2406 3856 Porro
2437 3799 2502 3854 ad
2537 3797 2810 3868 publicam
2849 3795 2908 3850 S.
2938 3793 3180 3850 Pastoris
3217 3790 3387 3847 nostri
3435 3805 3598 3845 vene-

2029 3894 2320 3958 rationem,
2345 3908 2455 3946 non
2479 3891 2602 3946 item
2621 3889 2688 3944 ad
2714 3888 3033 3943 hodiernam
3057 3886 3176 3955 ejus
3201 3883 3595 3947 celebritatem,

2030 3987 2380 4042 asserendam
2407 3985 2535 4040 Facit
2561 3985 2722 4039 etiam
2751 3983 2990 4053 sigillum
3029 3980 3160 4035 illud
3192 3992 3515 4050 expressum
3541 3977 3596 4031 in

2029 4077 2434 4132 Commentario
2465 4077 2531 4130 ad
2559 4075 2694 4130 Acta
2724 4073 2826 4129 SS.
2860 4073 3216 4129 Pudentianaa
3237 4079 3290 4126 et
3312 4068 3596 4135 Praxedis,

2030 4187 2154 4228 cum
2195 4171 2456 4240 subjectis
2491 4169 2641 4224 hisee
2665 4167 2953 4222 versiculis
2981 4184 2995 4220 :

2101 4261 2315 4328 Sancte,
2343 4277 2544 4331 precor,
2572 4258 2790 4331 Pastor,
2821 4273 2916 4331 pro
2942 4255 3090 4331 noln's
3114 4265 3224 4310 esto
3256 4263 3490 4325 rogator.

2105 4332 2208 4387 Hic
2252 4327 2454 4386 cunctis
2489 4332 2611 4385 vita:
2639 4328 2835 4383 Pastor
2862 4327 2956 4379 dat
2987 4327 3236 4394 dogmata
3281 4342 3468 4380 sacra'.

2033 4424 2110 4480 Ea
2132 4423 2542 4494 Papebrochius
2557 4429 2745 4477 noster
2773 4419 2975 4474 ibidem
3005 4416 3289 4472 referenda
3303 4416 3517 4472 censuit
3531 4417 3600 4471 ad

359 4531 594 4584 ctionem
623 4544 824 4584 nonam
857 4547 871 4583 :
899 4527 966 4583 de
994 4527 1196 4598 quibus
1225 4527 1455 4598 proinde
1491 4528 1606 4582 haze
1648 4527 1931 4583 monuisse
1961 4523 2007 4577 D
2035 4517 2296 4575 saeculum
2323 4531 2424 4570 xu.
2454 4513 2660 4569 Eodem
2686 4511 2819 4568 facit
2873 4508 3160 4578 inscriptio
3205 4508 3597 4571 vetustissima,

359 4619 618 4685 sufﬁciat,
656 4634 778 4674 eum
805 4618 872 4673 ad
903 4617 1035 4672 Acta
1067 4617 1390 4674 illustranda
1431 4616 1569 4672 nihil
1617 4615 1922 4672 conferant.

356 4710 515 4768 Nona
545 4721 725 4766 autem
759 4711 920 4766 lectio
947 4711 1028 4765 sic
1062 4709 1265 4768 habet:

430 4826 486 4880 ξ’».
527 4841 546 4875 ι
584 4822 752 4886 Igitur
785 4822 938 4877 decet
985 4822 1120 4876 tanti
1154 4819 1484 4876 confessoris
1535 4835 1599 4876 ac
1627 4822 1932 4880 sacerdotis

359 4914 628 4976 Altissimi
658 4913 978 4984 praeclarum
1008 4911 1208 4967 festum
1252 4925 1378 4965 eum
1421 4922 1644 4964 summa
1674 4925 1929 4966 reverenc

358 5009 436 5062 tia
477 5003 776 5070 celebrare,
805 5001 1001 5057 fratres
1045 5001 1391 5068 charissimi;
1430 5017 1538 5070 per
1569 5015 1731 5070 quem
1785 4999 1932 5056 Deus

363 5100 535 5157 multa
566 5097 695 5152 fecit
739 5096 1022 5161 miracula,
1054 5104 1114 5150 ut
1149 5110 1249 5165 pro
1282 5095 1440 5150 nobis
1477 5094 1712 5150 exsistat
1753 5095 1926 5148 inter-

359 5205 547 5250 cessor
578 5189 704 5260 pius
729 5203 930 5257 :_qucm
962 5187 1048 5256 pia
1069 5187 1285 5243 devotio
1313 5186 1484 5241 Paulo
1519 5187 1770 5256 apostolo
1792 5186 1932 5242 adeo

360 5286 592 5339 charum
619 5289 675 5336 et
714 5281 940 5334 unicum
995 5278 1304 5348 conjunxit,
1356 5279 1503 5349 quod
1553 5279 1609 5332 in
1638 5277 1799 5346 vico,
1838 5278 1932 5348 qui

359 5376 566 5432 dicitur
596 5373 943 5439 Latericius,
980 5374 1268 5428 ecclesiam
1319 5369 1412 5428 sui
1455 5371 1696 5426 nominis
1741 5386 1936 5426 conse-

363 5469 556 5527 cravit.
588 5466 686 5524 Hie
723 5467 808 5522 vir
857 5466 1208 5522 beatissimus
1240 5465 1413 5520 multa
1443 5478 1674 5533 corpora
1715 5472 1935 5518 sancto-

366 5577 486 5616 rum
517 5560 770 5617 clanculo
791 5562 976 5631 rapuit
1001 5569 1057 5616 et
1096 5559 1365 5631 sepelivit,
1404 5557 1576 5614 fretus
1619 5557 1852 5614 consilio
1881 5565 1936 5611 et

365 5653 640 5723 adjutorio
668 5651 768 5708 SS.
794 5654 1070 5724 virginum
1097 5651 1454 5707 Pudentiante
1479 5651 1683 5720 pariter
1705 5659 1760 5706 et
1797 5649 1932 5704 Pra-

367 5745 560 5799 xedis:
616 5760 849 5813 quarum
897 5758 1128 5813 corpora
1164 5743 1434 5811 virginum
1479 5742 1792 5797 honoriﬁca:
1821 5751 1932 5794 tra-

367 5835 505 5892 didit
561 5837 890 5906 sepulturze,
932 5846 983 5893 et
1030 5850 1217 5892 earum
1271 5833 1450 5893 Vitam
1501 5834 1752 5891 decenter
1807 5847 1933 5888 con'

2033 4626 2200 4682 quam
2227 4607 2448 4664 exhibet
2476 4606 2749 4676 Aringhus
2778 4607 2900 4661 loco
2921 4603 3108 4667 citato,
3135 4617 3286 4658 num.
3319 4601 3374 4662 5,
3403 4602 3456 4655 in
3491 4617 3600 4671 qua

2033 4705 2094 4759 lit
2121 4702 2326 4759 mentio
2352 4699 2536 4758 sacelli
2559 4699 2733 4754 sancti
2757 4698 2930 4768 hujus
2943 4695 3118 4750 nostri
3143 4692 3406 4754 Pastoris.
3434 4692 3601 4760 Quid,

2033 4798 2179 4868 quod
2193 4805 2247 4852 et
2260 4796 2378 4851 Ado
2422 4793 2574 4850 illum
2593 4795 2696 4848 hoe
2717 4791 2938 4847 nomine
2951 4790 3168 4845 beatum
3190 4785 3441 4855 agnovit?
3460 4784 3604 4840 Sane

2033 4891 2102 4946 de
2155 4898 2342 4944 nostro
2381 4887 2493 4958 agit
2529 4887 2584 4941 in
2623 4885 2802 4956 elogio
2858 4883 2958 4938 SS.
2993 4877 3256 4934 Praxedis
3311 4883 3366 4930 et
3391 4875 3601 4930 sororis

2033 4984 2154 5054 ejus
2173 4983 2261 5039 die
2287 4997 2379 5036 xxi
2401 4979 2552 5046 Julii,
2581 4979 2660 5035 sic
2679 4986 2875 5032 notans
2901 4993 2915 5029 :
2949 4993 2968 5027 ι
3001 4971 3239 5031 lntitulo
3261 4983 3410 5035 vero,
3437 4982 3601 5038 quem

2033 5086 2190 5149 pater
2226 5090 2417 5132 earum
2457 5073 2684 5129 Pudens
2718 5069 2940 5126 nomine
2969 5081 3133 5122 θελοι-ι
3157 5063 3424 5118 ΡΑείι-οιιιε
3451 5061 3603 5116 dedi-

2034 5169 2198 5235 cavit,
2231 5187 2250 5220 ι
2286 5177 2394 5222 etc.
2441 5163 2701 5220 Natalem.
2717 5161 2863 5216 illius
2900 5167 3083 5215 tamen
3136 5158 3239 5214 sub
3282 5170 3349 5211 eo
3379 5151 3605 5208 nomine

2036 5277 2212 5332 neque
2260 5259 2367 5314 hoc
2415 5257 2556 5323 loco,
2587 5268 2766 5324 neque
2813 5267 2940 5306 xxv:
2982 5250 3231 5320 ejusdem
3281 5244 3507 5309 mensis,
3540 5252 3604 5298 ut

2032 5352 2143 5422 jam
2170 5350 2428 5417 diximus,
2460 5361 2636 5417 neque
2669 5345 2777 5400 alio
2808 5343 2919 5400 ullo
2938 5343 3025 5398 die
3051 5347 3470 5397 commemorat.

2106 5463 2161 5516 5.
2202 5460 2261 5517 1d
2304 5476 2434 5518 vero
2483 5459 2685 5514 mirum
2741 5455 2947 5510 nemini
2999 5452 3173 5509 videri
3222 5451 3422 5516 debet;
3477 5463 3616 5503 cum.

2036 5568 2224 5608 eorum
2277 5549 2524 5621 Opinioni
2551 5546 2842 5603 adhaeserit
2887 5544 3040 5608 Ado,
3085 5543 3180 5613 qui
3226 5542 3284 5596 S.
3316 5539 3599 5594 Pastorem

2037 5661 2162 5701 cum
2210 5643 2266 5698 S.
2307 5643 2503 5699 Herma
2554 5641 2649 5696 illo
2696 5637 3074 5702 confuderint,
3109 5635 3269 5705 cujus
3317 5632 3601 5703 apostolus

2039 5737 2238 5792 Paulus
2290 5736 2382 5790 ad.
2419 5735 2695 5790 Ronnnanos
2759 5732 3004 5788 scribens
3056 5727 3343 5791 meminit,
3397 5725 3600 5795 quique

2039 5836 2228 5886 auctor
2259 5841 2379 5884 esse
2408 5825 2647 5886 creditur
2696 5824 2850 5892 libri,
2884 5822 2976 5892 qui
3030 5820 3228 5876 Pastor
3259 5817 3617 5876 inscribitur..
