3944 6146
506 287 659 365 tots.

1680 294 2022 351 APPENDIX
2061 297 2153 352 AD
2193 297 2253 353 S.
2290 298 2598 361 HERHAI.

3639 302 3786 359 1016

491 410 887 467 Confusronem
920 415 1064 469 hanc
1092 423 1278 485 aperte
1313 414 1494 485 prodit
1518 414 1573 469 in
1600 415 1784 472 libello
1823 416 1896 471 De
1926 416 2077 485 [esti-
2102 424 2148 478 Α
2176 435 2286 489 que
2318 420 2547 490 proinde
2569 423 2859 491 utriusque
2881 419 3288 482 confusionem,
3314 420 3384 475 ab
3410 420 3615 475 Adone
3645 436 3782 491 pro-

2176 514 2373 570 fectam
2400 532 2414 580 ;
2443 530 2608 584 quam
2640 514 2686 570 is
2717 512 2946 570 forsitan
2995 530 3065 569 ex
3094 513 3367 583 ambiguis
3388 512 3627 569 Eusebii
3659 529 3784 567 ver—

490 507 744 565 oitatibus
824 510 1181 580 apostolorum
1212 548 1228 572 ,
1281 523 1445 579 quem
1511 507 1896 579 Martyrologio
1949 512 2069 581 ejus

487 605 775 670 praefixum
833 604 1023 674 habes,
1063 621 1187 677 pag.
1224 606 1336 674 56;
1369 607 1463 662 ubi
1515 606 1584 662 ad
1615 606 1760 662 diem
1812 624 1867 663 ιι
1918 608 2068 677 Maii,

488 711 654 767 quem
698 695 758 752 S.
786 696 1004 753 Hermae
1031 698 1267 753 natalem
1294 698 1508 765 statuit,
1540 718 1559 752 ι
1594 698 1831 769 Titulus,
1866 701 2068 770 inquit,

485 788 710 867 nomine
744 787 938 858 ipsius,
956 789 1111 859 juxta
1150 792 1295 860 quod
1329 791 1710 862 baptisterium
1736 809 1803 848 ex
1839 792 2070 852 faculta—

486 880 635 955 tibus
659 890 865 937 sanctae
890 880 1150 939 Praxedis
1171 891 1255 939 est
1277 893 1646 950 exstructum,
1680 894 1737 942 et
1765 887 1927 942 beato
1945 887 2064 955 Pio,

484 972 757 1041 discipulo
791 974 1170 1041 apostolorum
1199 1014 1214 1039 ,
1248 985 1508 1045 operante
1541 977 1725 1033 studio
1774 994 2066 1034 consecra-

483 1073 622 1131 tum,
650 1064 1034 1122 venerabiliter
1057 1066 1107 1122 ei
1130 1075 1370 1123 statutus
1395 1080 1498 1124 est.
1521 1088 1540 1122 ι
1574 1067 1782 1127 Eadem
1822 1071 1939 1126 haec
1982 1081 2066 1128 est

482 1156 709 1212 ecclesia
740 1156 859 1214 sive
894 1157 1105 1223 titulus,
1136 1174 1297 1229 quem
1331 1161 1495 1231 paulo
1527 1172 1654 1217 ante
1678 1160 1830 1218 Beati
1871 1161 2068 1219 Pasto-

481 1250 558 1303 ris
584 1250 969 1320 nuncupabat:
1001 1250 1220 1306 beatum
1242 1267 1374 1325 ergo
1389 1252 1668 1311 Pastorem
1695 1270 1820 1310 cum
1853 1256 1912 1311 8.
1930 1255 2067 1314 Her-

482 1354 571 1393 ma
591 1340 842 1395 eumdem
865 1339 1017 1403 facit.
1043 1344 1408 1415 eumdemque
1433 1346 1570 1401 adeo
1597 1345 1743 1402 diem
1775 1348 2064 1419 utriusque

481 1431 719 1487 natalem
750 1450 767 1500 ;
801 1449 1119 1504 quanquam
1165 1436 1218 1490 iu
1261 1437 1433 1492 natali
1472 1437 1654 1494 solum
1698 1452 1900 1495 nomen
1927 1439 2066 1497 Her-

477 1538 582 1577 mae
618 1523 822 1580 diserte
852 1526 1161 1597 exprimat,
1195 1541 1305 1582 non
1338 1526 1604 1585 Pastoris.
1638 1529 1849 1588 Adonis
1878 1546 2066 1589 exem-

475 1614 569 1684 plo
596 1617 816 1672 eosdem
855 1627 1078 1675 sanctos
1109 1620 1163 1674 in
1186 1618 1486 1681 Annalibus
1520 1623 1589 1680 ad
1618 1638 1825 1679 annum
1855 1623 2061 1681 Christi

477 1706 584 1760 159
617 1706 865 1764 confudit
898 1706 1206 1774 Barouius;
1244 1727 1355 1768 non
1403 1712 1536 1768 item
1585 1713 1732 1769 diem
1775 1715 2063 1787 utriusque

475 1796 713 1851 natalem
750 1797 805 1852 in
850 1798 1242 1873 Martyrologio
1292 1814 1389 1859 aut
1417 1805 1564 1860 notis
1597 1806 1667 1862 ad
1712 1806 1849 1865 illud
1881 1827 1895 1862 :
1932 1824 2058 1865 cum

474 1896 661 1943 tamen
690 1890 920 1946 alterum
962 1908 1029 1961 es
1054 1894 1227 1949 altero
1254 1897 1519 1965 consequi
1546 1897 1786 1967 debeat;
1819 1910 1879 1956 ut
1912 1900 2058 1955 idem

474 1978 547 2032 sit
577 1978 695 2034 dies
727 1980 932 2049 obitus,
976 1984 1023 2038 si
1075 1994 1303 2043 sanctus
1363 1995 1450 2045 est
1499 1987 1685 2057 idem;
1732 1999 1830 2045 aut
1878 1993 2063 2048 sancti

473 2069 699 2137 diversi,
725 2071 771 2127 si
801 2072 1006 2129 diversi
1035 2077 1265 2132 natales.

542 2160 598 2217 6.
664 2160 933 2220 Nimirum
979 2166 1038 2221 S.
1089 2165 1336 2224 Pastoris
1385 2185 1587 2226 nomen
1644 2187 1919 2249 nusquam
1971 2173 2057 2233 vir

472 2254 748 2312 maximus
797 2259 1177 2328 consignatum
1234 2261 1439 2331 legerat
1488 2263 1575 2318 die
1627 2280 1684 2319 ix
1739 2263 1909 2333 Maii;
1957 2265 2055 2321 sed

472 2336 786 2406 constanter
812 2350 1057 2420 llermaz;
1084 2354 1247 2410 sicuti
1277 2370 1379 2409 nec
1409 2355 1498 2410 die
1524 2372 1652 2412 κχιί
1679 2355 1811 2413 Julii
1840 2358 2053 2430 uspiam

471 2444 612 2514 apud
648 2447 1048 2518 martyrologos
1080 2457 1397 2504 occurrerat
1439 2466 1639 2507 nomen
1675 2452 1889 2511 llermm
1912 2499 1928 2524 ,
1958 2457 2053 2512 sed

468 2534 717 2593 Pastoris
741 2540 1153 2607 tantummodo;
1171 2556 1278 2596 non
1292 2560 1463 2599 ausus
1479 2554 1561 2605 est
1573 2560 1701 2615 ergo
1716 2546 1773 2602 in
1790 2549 2053 2604 moderns

468 2623 858 2698 Martyrologio
894 2631 1276 2687 concinnando
1318 2648 1350 2688 a
1382 2634 1628 2703 priorum
1654 2637 2049 2705 exemplarium

470 2733 747 2773 consensu
775 2736 838 2775 ac
862 2721 986 2788 ﬁde,
1011 2738 1107 2791 per
1132 2738 1293 2778 usum
1318 2725 1496 2794 ipsum
1514 2725 1775 2784 Ecclesia:
1793 2728 2052 2787 Romana:

470 2809 617 2863 haud
647 2810 812 2865 dubie
838 2812 1127 2882 antiquum
1159 2813 1378 2870 ﬁrmata
1400 2856 1415 2880 ,
1451 2823 1706 2873 recedere
1733 2838 1745 2873 :
1781 2828 1944 2891 atque
1977 2822 2051 2877 ita

470 2899 531 2954 S.
567 2900 785 2959 Hermae
839 2906 1078 2961 natalem
1125 2907 1361 2962 anatali
1394 2900 1452 2963 8.
1496 2906 1744 2966 Pastoris
1789 2912 2050 2969 discrevit

467 3008 576 3047 non
606 2994 659 3048 in
684 2996 802 3066 ipso
830 2996 1214 3072 Martyrologio
1241 3000 1446 3069 solum,
1473 3003 1570 3059 sed
1596 3002 1763 3058 etiam
1792 3004 1848 3059 iu
1875 3006 2048 3062 adno-

2171 607 2258 663 bis
2295 608 2611 677 arripuerit,
2641 606 2735 676 qui
2761 608 2829 663 de
2857 606 2916 663 S.
2947 605 3144 662 Herma
3175 606 3408 676 loquens
3453 604 3615 658 Hist.
3648 604 3778 659 ead.

2171 699 2269 754 lib.
2300 714 2381 763 ιιι,
2413 714 2535 769 cap.
2567 700 2622 766 '5,
2668 694 2744 755 Οὖ
2785 717 2949 771 φασιν
2983 699 3279 770 ὑπάρχειν,
3316 697 3528 768 inquit,
3569 697 3641 750 τὸ
3687 697 3777 750 τῶ

2169 786 2435 859 Ποιμένος
2462 787 2663 858 βιϐλίον
2681 828 2699 854 ,
2728 789 2877 858 cujus
2918 788 3068 849 aiunt
3094 804 3205 842 esse
3243 788 3439 841 librum
3470 786 3777 849 Pastoris;

2170 879 2319 933 unde
2345 894 2585 950 pronum
2614 890 2698 936 est
2726 882 3005 953 colligere,
3035 880 3282 937 Pastoris
3329 895 3445 933 non
3491 879 3643 934 libri
3680 896 3778 934 no-

2170 984 2318 1036 men,
2353 970 2449 1026 sed
2482 971 2724 1026 auctoris
2748 987 2871 1026 esse
2899 990 2913 1027 :
2944 972 3024 1028 sic
3052 971 3169 1025 Ado
3200 969 3361 1027 facile
3408 970 3697 1026 Hermam
3729 982 3781 1025 et

2168 1059 2447 1118 Pastorem
2468 1079 2568 1134 pro
2590 1065 2778 1120 eodem
2801 1064 3089 1135 acceperit.
3108 1066 3177 1121 At
3196 1066 3341 1120 enim
3359 1066 3775 1138 amphiboliam

2168 1154 2313 1211 hanc
2337 1156 2526 1211 tollere
2546 1157 2814 1214 debuerat
2836 1169 2950 1213 tum
2980 1160 3154 1230 ipsius
3175 1159 3303 1214 libri
3324 1159 3515 1215 adhuc
3537 1167 3776 1215 exstan-

2171 1250 2244 1303 tis
2271 1250 2580 1321 inscriptio,
2623 1261 2739 1309 tum
2789 1252 2849 1309 S.
2883 1251 3245 1325 Hieronymi,
3274 1252 3474 1308 eodem
3526 1267 3777 1323 prorsus

2168 1340 2335 1395 modo
2372 1340 2522 1397 illum
2551 1343 2936 1411 inscribentis,
2965 1344 3338 1400 testimonium
3366 1342 3468 1398 lib.
3503 1341 3590 1397 De
3632 1344 3770 1397 scri-

2164 1433 2405 1500 ptoribus
2450 1435 2659 1505 accisa,
2713 1452 2834 1508 cap.
2884 1436 2999 1492 10:
3057 1455 3077 1489 ι
3103 1434 3459 1493 Hermum...
3500 1443 3773 1490 asserunt

2166 1536 2450 1584 auctorem
2478 1543 2601 1585 esse
2647 1528 2795 1595 libri,
2828 1531 2924 1601 qui
2957 1528 3266 1600 appellatur
3295 1526 3505 1581 Pastor
3526 1545 3548 1594 ;
3590 1546 3613 1580 ι
3649 1543 3769 1596 qua:

2163 1621 2399 1693 proinde
2446 1622 2685 1692 genuina
2729 1622 2939 1679 censeri
2988 1631 3170 1694 potest
3218 1622 3535 1677 Eusebiani
3587 1630 3769 1677 textus

2166 1714 2568 1784 interpretatio,
2594 1731 2762 1784 quam
2790 1724 2940 1772 recte
2962 1724 3187 1771 secutus
3212 1724 3297 1773 est
3318 1712 3618 1779 Valesius,
3642 1728 3767 1768 um

2162 1804 2403 1863 adducta
2445 1804 2668 1861 Eusebii
2720 1807 2886 1862 verba
2929 1807 3010 1862 sic
3059 1805 3263 1863 vertit:
3317 1825 3337 1859 ι
3391 1805 3587 1875 Cujus
3647 1821 3762 1863 esse

2156 1898 2331 1955 fertur
2356 1900 2415 1959 is,
2443 1899 2600 1965 iiber,
2638 1901 2739 1971 qui
2771 1900 2973 1956 Pastor
3015 1901 3316 1973 inscriptus
3346 1909 3455 1956 est.
3495 1921 3521 1954 ι
3568 1900 3760 1957 Pastor

2156 1991 2327 2064 igitur
2355 1993 2659 2064 appellatur
2705 2010 2817 2049 non
2854 1992 3083 2051 Hermas
3107 2036 3126 2062 ,
3171 1994 3270 2051 sed
3302 1993 3538 2050 Herum
3605 1994 3763 2063 liber,

2156 2084 2303 2154 quod
2336 2085 2516 2157 angeli
2542 2085 2647 2145 sub
2685 2084 2876 2141 habitu
2915 2086 3203 2156 pastoritio
3244 2085 3583 2155 apparean
3611 2100 3761 2142 rem

2155 2176 2397 2232 lationes
2451 2177 2750 2232 contineat.
2800 2173 2944 2242 Quid
3003 2174 3172 2247 igitur
3234 2173 3299 2229 S.
3347 2172 3589 2237 Pastori
3633 2189 3755 2230 eum

2156 2268 2215 2323 S.
2249 2267 2449 2325 Herma
2497 2269 2834 2325 commune?
2877 2266 2955 2325 Ne
3005 2280 3205 2324 nomen
3248 2267 3476 2340 quidem
3508 2287 3527 2323 :
3584 2282 3755 2337 qual-

2152 2376 2319 2430 quam
2350 2369 2405 2417 et
2458 2362 2563 2416 hoc
2607 2361 2857 2431 pluribus
2885 2360 3030 2415 idem
3075 2374 3197 2415 esse
3245 2359 3464 2429 possit;
3496 2359 3611 2437 qui
3656 2358 3754 2417 In:

2154 2452 2272 2505 sola
2305 2450 2519 2504 ratione
2550 2448 2780 2504 minime
2813 2447 3080 2505 confundi
3124 2456 3357 2520 possunt
3383 2468 3400 2503 :
3438 2456 3504 2504 ut
3540 2446 3751 2504 nemini

2151 2545 2418 2599 hactenus
2452 2544 2508 2598 in
2570 2552 2807 2597 mentem
2841 2543 2992 2597 venit
3028 2541 3093 2597 B.
3140 2540 3427 2598 Pastorem
3483 2554 3748 2597 nostrum

2153 2634 2563 2704 presbyterum,
2598 2633 2853 2689 eumdem
2907 2649 3034 2689 cum
3068 2634 3165 2689 illo
3212 2642 3492 2701 statuere,
3535 2635 3612 2689 de
3643 2649 3745 2705 quo

2154 2726 2214 2781 fit
2246 2726 2452 2781 mentio
2494 2727 2553 2780 iu
2592 2725 2745 2781 Actis
2781 2723 2884 2781 SS.
2933 2724 3115 2793 Marii,
3147 2724 3375 2779 Martha:
3408 2733 3467 2780 et
3502 2725 3747 2779 filiorum

2152 2817 2218 2874 ad
2244 2817 2387 2872 diem
2413 2833 2508 2870 χιχ
2530 2814 2803 2883 Januarii,
2828 2831 2953 2886 pag.
2979 2815 3119 2882 216;
3147 2815 3362 2870 tametsi
3382 2823 3442 2870 et
3470 2813 3674 2873 Roma“:
3702 2813 3746 2869 is

2150 2907 2358 2975 fuerit,
2414 2916 2471 2963 et
2529 2909 2725 2964 beatus
2778 2906 2973 2963 Pastor
3023 2907 3307 2977 presbyter
3340 2916 3744 2976 nuncupetur,

2150 3008 2369 3054 erutum
2403 3010 2587 3055 tamen
2623 2999 2842 3055 circiter
2869 2999 3030 3055 annis
3063 2997 3494 3067 nostrojunior.

469 3088 772 3144 tationibus
797 3090 865 3146 ad
890 3099 1183 3162 utrumque
1210 3092 1450 3149 natalem
1471 3095 1732 3165 adjectis;
1765 3097 1819 3151 in
1844 3099 2044 3169 quibus
2072 3112 2118 3175 (ς
2220 3092 2274 3146 8ο
2309 3090 2605 3164 ΡΓοΡειιάἰι
2629 3106 2695 3147 εο
2729 3091 2956 3161 insuper
2982 3090 3127 3146 idem
3159 3089 3527 3145 dOCliSSimUS
3553 3096 3745 3145 δαείω·

465 3194 645 3249 neque
676 3182 743 3237 de
774 3180 1004 3240 Pastore
1026 3185 1275 3240 meminit
1309 3184 1399 3241 die
1433 3203 1488 3242 ιχ
1517 3186 1663 3252 Maii,
1696 3205 1873 3261 neque
1916 3209 2043 3248 xxv:

462 3271 592 3328 Julii
618 3274 687 3330 de
713 3273 935 3332 Herma.
983 3277 1097 3333 Cur
1143 3277 1311 3349 igitur
1339 3278 1533 3335 eodem
1581 3278 1905 3352 argumento
1935 3302 2045 3340 non

461 3377 547 3424 est
580 3384 714 3425 usus
746 3370 799 3425 in
833 3374 1170 3435 Annalibus?
1213 3371 1451 3429 Maxime
1474 3388 1599 3429 cum
1631 3377 1697 3431 ad
1722 3377 1854 3432 illud
1879 3379 2045 3436 etiam

462 3464 609 3519 aliud
628 3466 932 3533 accederet,
956 3467 1383 3537 haudquaquam
1404 3468 1653 3539 profecto
1674 3472 1868 3540 levius,
1894 3475 2044 3546 quod

462 3574 493 3613 a
542 3558 599 3613 8.
631 3558 880 3617 Pastoris
922 3571 1082 3618 aetate
1129 3564 1472 3635 desumitur,
1502 3568 1599 3639 qui
1647 3569 1839 3624 saltem
1883 3570 2047 3640 juxta

460 3653 964 3708 eminentissimum
1026 3656 1325 3715 Annalium
1389 3662 1775 3728 conditorem,
1831 3678 2040 3719 annum

460 3742 666 3797 Christi
712 3743 817 3799 164
856 3746 1089 3803 vivendo
1121 3759 1545 3823 praetergressus
1590 3760 1694 3808 est.
1727 3752 1864 3820 Quis
1909 3770 2046 3815 vero.

461 3836 580 3891 sine
608 3836 847 3893 evidenti
890 3838 1362 3899 demonstratione
1406 3845 1625 3912 credat,
1655 3844 1719 3901 8.
1743 3844 2000 3901 Hermam
2018 3888 2047 3915 λ

459 3929 555 3998 qui
577 3929 694 4000 jam
732 3931 919 4002 utique
945 3942 1174 3989 maturae
1210 3936 1291 3989 vir
1328 3937 1501 3992 artatis
1531 3936 1702 3994 fuisse
1728 3939 2038 3999 censendus

458 4029 566 4087 est,
596 4038 721 4078 cum
768 4039 894 4081 eum
927 4025 1227 4096 Apostolus
1271 4043 1369 4098 per
1402 4028 1700 4098 Epistolam
1737 4032 1803 4086 ad
1830 4031 2036 4089 Roma-

456 4127 561 4168 nos
587 4113 807 4183 iuberet
832 4117 1076 4181 salutari,
1114 4118 1294 4172 εοιίιιο
1333 4126 1461 4188 post
1499 4117 1655 4174 Pauli
1694 4121 1907 4176 obitum
1936 4137 2038 4179 sat-

455 4205 582 4261 culo
618 4205 994 4276 superfuisse?
1022 4207 1148 4265 Haec
1179 4220 1325 4266 certe
1352 4226 1465 4269 una
1491 4210 1560 4266 de
1582 4213 1769 4271 causis
1811 4228 1918 4277 εει,
1961 4215 2043 4270 ob

454 4313 594 4368 quas
644 4297 905 4367 Hermen,
931 4300 990 4355 S.
1030 4300 1114 4355 Pii
1164 4319 1322 4374 papre
1362 4302 1405 4364 l.
1443 4314 1507 4359 ut
1542 4313 1627 4360 est
1676 4306 1731 4360 in
1772 4305 2037 4378 Catalogo

452 4389 781 4447 Pontiﬁcum
836 4391 1180 4450 Bucheriano
1205 4437 1222 4461 ,
1271 4394 1494 4453 fratrem
1550 4413 1615 4454 ac
1673 4396 1733 4453 S.
1787 4396 2034 4454 Pastoris

2145 3183 2457 3255 Annalium,
2497 3183 2565 3239 ad
2589 3197 2796 3237 annum
2828 3181 3035 3237 Christi
3066 3181 3189 3249 159,
3216 3190 3276 3236 ιιι
3303 3181 3573 3241 eumdem
3613 3193 3747 3251 quo-7

2144 3293 2252 3348 que
2286 3292 2413 3333 cum
2452 3285 2642 3333 sancto
2669 3274 2869 3330 Herma
2914 3284 2969 3330 et
3000 3274 3233 3329 Pastore
3262 3270 3592 3328 Hermetem
3626 3286 3742 3328 esse

2143 3373 2420 3439 crederet,
2446 3370 2504 3427 S.
2533 3370 2615 3429 Pii
2640 3370 2919 3441 pontiﬁcis
2946 3369 3183 3423 Romani
3216 3367 3447 3423 fratrem
3474 3387 3495 3421 :
3523 3366 3743 3424 tametsi

2143 3466 2209 3521 de
2244 3465 2338 3520 illo
2379 3479 2439 3520 se
2470 3463 2709 3519 fateatur
2739 3462 3037 3533 ambigere.
3076 3460 3367 3532 Opinionis
3399 3462 3581 3530 hujus
3617 3460 3737 3515 fun-

2141 3560 2465 3623 damentum
2516 3558 2714 3629 duplex
2766 3558 2981 3628 putavit
3030 3572 3191 3625 esse;
3247 3557 3492 3612 alterum
3526 3601 3544 3625 ,
3595 3555 3737 3628 quod

2141 3668 2306 3711 voces
2337 3651 2567 3711 Hermas
2589 3660 2644 3708 et
2666 3649 2897 3707 Hermes
2926 3667 3117 3722 parum
3153 3651 3290 3705 adeo
3320 3649 3561 3707 differre
3594 3651 3735 3705 ride-

2141 3754 2371 3809 rentur,
2431 3754 2493 3801 ut
2547 3759 2944 3815 nonnunquam
2999 3743 3178 3798 eidem
3233 3748 3355 3807 viro
3414 3742 3737 3814 legerentur

2140 3839 2458 3903 attributae;
2493 3837 2729 3899 alterum
2763 3852 2892 3892 vero
2917 3877 2933 3901 ,
2968 3837 3112 3906 quod
3169 3835 3314 3906 apud
3361 3835 3743 3900 Anastasius

2139 3931 2625 3995 Bibliothecarium
2650 3931 2753 3989 sub
2787 3930 2847 3985 S.
2884 3930 2982 3985 Pio
3018 3944 3159 4000 papa
3191 3928 3213 3982 l
3241 3929 3311 3984 de
3342 3927 3621 3986 Hermete
3652 3946 3733 3984 re-

2140 4022 2349 4083 feratur
2378 4043 2392 4079 :
2435 4043 2455 4079 ι
2494 4022 2725 4083 Hermes
2756 4022 3230 4094 librumseripsit,
3256 4023 3315 4077 in
3346 4038 3463 4093 quo
3499 4025 3732 4080 manda.

2139 4124 2254 4170 tum
2287 4115 2624 4180 continetur,
2659 4115 2809 4186 quod
2844 4114 2895 4171 ei
2922 4114 3182 4185 praecepit
3207 4112 3438 4185 angelus
3468 4112 3727 4175 Domini.

2136 4224 2262 4264 cum
2290 4208 2503 4264 veniret
2533 4208 2603 4263 ad
2629 4223 2756 4263 eum
2791 4208 2848 4262 in
2881 4207 3071 4263 habitu
3096 4207 3434 4277 pastoris,et
3463 4210 3733 4279 praecepit

2134 4302 2207 4367 ei,
2235 4310 2296 4357 ut
2329 4308 2583 4359 sanctum
2606 4299 2819 4365 Pascha
2842 4299 2932 4356 die
2957 4297 3244 4359 Dominico
3274 4296 3684 4355 celebraretur.
3702 4316 3723 4350 ι

2139 4391 2457 4451 Similitudo
2482 4391 2750 4459 nominis,
2772 4400 2829 4447 et
2859 4390 3131 4462 apparitio
3153 4389 3355 4461 angeli,
3390 4389 3502 4445 sub
3532 4389 3729 4445 habitu

452 4481 1205 4554 aequalem,distinguendum
1230 4487 1453 4563 putavit
1467 4489 1618 4544 card.
1646 4489 2028 4556 Bellarminus,
2063 4481 2110 4541 D
2137 4485 2425 4557 pastoritio
2453 4485 2652 4547 librum
2694 4484 2976 4548 dictantis,
3022 4484 3275 4539 eumdem
3310 4480 3565 4537 Baronio
3611 4484 3728 4538 visa

453 4587 694 4645 eumque
742 4577 917 4633 secuti
954 4579 1214 4653 deinceps
1244 4580 1465 4648 eruditi,
1500 4597 1530 4636 a
1558 4579 1617 4636 8.
1654 4580 1854 4639 Herma
1885 4582 2035 4652 Apo-

451 4667 582 4723 stoli
627 4668 932 4740 discipulo,
977 4682 1031 4728 et
1067 4674 1266 4741 libelli,
1311 4675 1405 4746 qui
1452 4673 1652 4730 Pastor
1694 4676 2033 4747 appellatur,

453 4772 702 4823 auctore.
730 4762 977 4836 Denique
1009 4782 1121 4821 non
1171 4767 1386 4823 videtur
1429 4768 1532 4838 ipsi
1564 4767 1779 4825 Hermae
1828 4784 2030 4825 nomen

449 4852 905 4914 Pastorisfuisse
941 4861 1259 4931 pr0prium,
1301 4860 1399 4917 sed
1437 4860 1578 4916 libro
1608 4862 1748 4932 ejus,
1780 4871 1841 4917 ut
1863 4867 2034 4918 modo

449 4949 697 5006 dicemus
725 4968 739 5007 :
775 4951 862 5008 fac
890 4961 1096 5021 tamen,
1125 4969 1192 5011 ex
1216 4956 1360 5010 libro
1387 4964 1811 5027 cognomentum
1835 4955 2030 5012 Pasto-

447 5039 529 5097 ris
563 5041 865 5098 adhtesisse
913 5044 1206 5115 scriptori;
1239 5059 1310 5100 an
1364 5045 1512 5100 credi
1563 5045 1779 5100 tandem
1831 5047 2031 5115 poterit

448 5133 593 5190 idem
620 5135 819 5191 deinde
850 5145 1043 5192 auctor
1071 5146 1358 5209 tantOpere
1380 5135 1629 5194 Pastoris
1660 5147 2028 5209 cognomento

446 5228 754 5285 delectatus
792 5228 985 5298 fuisse,
1020 5239 1080 5286 ut
1123 5231 1403 5302 proprium
1440 5231 1674 5297 Hermas,
1706 5230 1855 5301 quod
1880 5240 2028 5287 esset

445 5321 519 5378 ab
565 5320 830 5391 Apostolo
879 5332 1285 5389 consecratum,
1316 5322 1625 5394 abjiceret?
1661 5321 1857 5379 Valere
1908 5322 2026 5378 haec

446 5414 593 5469 ratio
618 5414 801 5482 debet,
829 5415 973 5486 apud
1018 5414 1318 5471 Baronium
1342 5416 1589 5487 quidem,
1616 5416 1708 5487 qui
1733 5416 2023 5487 epistolam

445 5508 664 5575 probat,
698 5510 1027 5580 exhibetque
1076 5510 1146 5566 ad
1177 5525 1383 5566 annum
1431 5510 1537 5567 162
1561 5551 1576 5575 .
1622 5511 1741 5569 solo
1778 5510 2024 5570 Pastoris

444 5600 670 5656 nomine
702 5602 1045 5673 inscriptam.

514 5690 569 5743 7.
609 5690 790 5744 Alium
838 5709 970 5763 ergo
1015 5693 1072 5748 8.
1111 5693 1428 5763 Pastorem,
1460 5699 1626 5756 alium
1660 5699 1720 5758 S.
1762 5700 2019 5757 Her-mam

441 5780 616 5841 fuisse
634 5793 1030 5857 censemus,‘et
1057 5786 1204 5843 hunc
1229 5788 1323 5846 illo
1347 5788 1620 5850 seniorem
1645 5810 1661 5864 ;
1692 5795 2046 5856 tollendam--

2139 4595 2269 4646 sunt
2298 4586 2624 4658 scriptorem
2677 4600 2908 4656 arguere
2940 4582 3199 4650 Hermann
3249 4594 3306 4642 et
3355 4582 3723 4650 Hernsetem,

2136 4689 2301 4750 atque
2352 4679 2490 4735 adeo
2536 4686 2592 4734 et
2621 4676 2928 4743 Pastorem,
2971 4692 3135 4759 quem
3181 4692 3306 4733 cum
3338 4674 3549 4732 Herma
3591 4692 3725 4752 eon-

2137 4774 2335 4833 fuudit.
2363 4773 2597 4835 Tantum
2620 4772 2675 4827 in
2701 4787 2768 4828 eo
2790 4772 2966 4836 haesit,
2990 4771 3138 4841 quod
3166 4772 3221 4825 in
3248 4768 3465 4827 Henna:
3488 4768 3722 4826 Pastore

2135 4884 2247 4924 non
2277 4875 2471 4940 agatur
2511 4869 2580 4921 de
2627 4865 2841 4921 Pascha
2869 4864 2959 4919 die
3009 4863 3295 4919 Dominica
3340 4862 3716 4923 celebrando;

2132 4972 2272 5025 tum.
2301 4961 2452 5032 quod
2490 4960 2730 5031 scriptus
2772 4958 2821 5014 is
2874 4958 3039 5014 fuerit
3066 4958 3271 5013 dudum
3311 4964 3442 5012 ante
3467 4966 3717 5027 tempora

2129 5051 2212 5107 Pii
2244 5067 2417 5123 papae.
2452 5050 2642 5121 itaque
2673 5064 2741 5105 eo
2786 5049 3007 5105 tandem
3036 5049 3343 5115 delabitur;
3375 5066 3395 5100 ι
3441 5054 3506 5102 ιιι
3528 5047 3715 5102 dicere

2129 5161 2356 5203 necesse
2376 5145 2450 5199 sit
2479 5144 2561 5215 (si
2590 5142 2823 5199 velimus
2853 5157 3026 5205 unum
3060 5140 3424 5210 eamdemque
3455 5154 3587 5197 esse
3616 5154 3713 5193 aa-

2128 5239 2357 5310 ctorem)
2392 5238 2643 5301 diversos
2673 5236 2774 5293 hos
2800 5236 2942 5292 inter
2965 5251 3025 5292 se
3056 5234 3229 5292 fuisse
3249 5225 3709 5294 commentarios.

2126 5330 2361 5388 diversis
2386 5329 2727 5401 temporibus
2755 5327 3014 5397 scriptos.
3042 5344 3062 5378 ι
3097 5325 3205 5381 Sed
3224 5323 3489 5396 quoniam
3523 5324 3582 5380 8.
3606 5324 3712 5380 Pa-

2125 5434 2244 5480 stor
2288 5434 2477 5480 noster
2516 5431 2743 5478 eatenus
2771 5428 2988 5476 tantum
3025 5434 3150 5475 cum
3181 5416 3435 5475 Hermete
3461 5417 3708 5475 wnfun-

2124 5519 2292 5584 ditur,
2320 5524 2594 5590 quatenus
2616 5516 2731 5587 ipse
2759 5512 2988 5571 Hermes
3024 5528 3149 5569 cum
3180 5511 3243 5568 8.
3274 5510 3474 5567 Herma
3506 5530 3523 5566 :
3566 5510 3708 5567 nihil

2125 5627 2266 5682 opus
2311 5619 2397 5675 est
2450 5606 2779 5679 diremptam
2808 5606 2925 5677 jam
2971 5606 3067 5662 diu
3117 5605 3556 5661 controversiam
3611 5605 3707 5662 hic

2126 5705 2303 5759 denuo
2327 5701 2615 5760 suscitare.
2646 5698 2912 5756 Eumdem
2943 5714 3052 5754 non
3090 5712 3213 5757 esse
3259 5696 3318 5753 8.
3348 5696 3606 5754 llermam
3645 5706 3705 5754 et

2124 5793 2631 5872 huncllermetem,
2662 5793 2935 5867 ostendit,
2966 5798 3029 5851 ut
3072 5791 3280 5861 monui,
3328 5789 3701 5851 Bcllarmiuu
