3944 6146
297 291 440 348 1017

1251 293 1352 349 SS.
1392 292 1860 350 PUDENTIANA‘Z
1900 294 1990 350 ET
2028 294 2376 354 PRAXEDIS
2420 296 2629 352 ACTA.

3395 293 3398 297 ’
3423 301 3562 360 1018

298 413 506 482 aliique
529 420 654 481 post
682 411 1010 482 illum,quos
1040 407 1182 466 inter
1208 410 1424 468 consuli
1453 423 1689 484 possunt
1715 413 1880 470 Tilie-
1909 419 1953 480 Α
1985 415 2283 473 Praxedem
2304 461 2319 484 ,
2363 427 2649 484 externos,
2691 425 2753 473 ut
2787 417 3076 488 ponimus,
3133 414 3385 474 homines
3405 461 3420 486 ,
3472 423 3562 475 in-

296 503 541 557 montius
574 513 705 556 tom.
731 500 774 554 ll
807 499 1043 556 Monum.
1085 502 1295 566 eccles.,
1326 518 1452 573 pag.
1475 501 1874 571 521;Nicolaus

298 605 350 654 te
382 598 597 671 Nourty
639 599 695 654 in
735 599 1010 669 Apparatu
1051 600 1118 652 ad
1152 599 1533 653 Bibliothecam
1578 597 1868 650 maximam

293 702 522 747 veterum
549 690 795 760 Patrum,
831 693 1048 749 dissert.
1075 695 1128 760 4,
1153 701 1256 748 art.
1281 694 1347 758 2;
1375 692 1698 746 Ambrosius
1733 687 1869 742 Gar-

290 784 494 840 debosc
541 784 595 838 iu
644 785 889 839 historiae
937 785 1322 842 ecclesiasticae
1377 783 1609 856 Synopsi
1655 792 1788 837 tom.
1822 783 1864 849 I,

286 877 432 938 part.
463 885 515 934 v,
552 869 647 922 lib.
676 884 759 937 ιιι,
794 869 1016 924 dissert.
1053 871 1105 935 l,
1138 881 1332 941 quaest.
1365 873 1415 926 l.

357 982 410 1036 9.
444 980 598 1048 Quod
634 982 702 1037 ad
732 983 869 1038 Acta
921 984 1160 1054 pertinet
1196 983 1256 1040 S.
1293 985 1558 1053 Pastoris,
1591 987 1727 1042 nihil
1765 989 1864 1044 ad-

284 1077 508 1131 modum
540 1079 676 1132 certi
708 1087 983 1148 superest.
1011 1079 1377 1134 Continentur
1411 1096 1474 1136 ea
1506 1082 1780 1152 praecipue
1810 1083 1864 1138 in

280 1168 432 1223 Actis
483 1165 586 1222 SS.
633 1167 984 1224 Pudentianm
1016 1179 1070 1225 et
1097 1169 1357 1226 Praxedis
1382 1211 1397 1234 ,
1443 1171 1610 1227 infra.
1650 1173 1866 1244 Scripta

280 1267 409 1315 Sunt
435 1260 607 1330 ipsius
639 1258 885 1316 Pastoris
911 1261 1135 1315 nomine
1162 1260 1452 1332 (Pastoris,
1481 1262 1727 1332 inquam,
1755 1278 1864 1317 non

278 1350 493 1407 Henna:
519 1351 786 1419 Pastoris,
817 1361 878 1408 ut
907 1353 1069 1407 habet
1103 1351 1372 1408 Baronius
1399 1369 1491 1409 an.
1531 1353 1656 1420 159,
1689 1371 1744 1408 ιι.
1771 1353 1860 1423 8);

275 1458 456 1514 neque
494 1458 627 1498 sane
675 1444 913 1500 recentia
948 1454 1119 1512 sunt;
1148 1446 1368 1516 quando
1400 1455 1455 1501 et
1496 1446 1550 1500 in
1581 1447 1863 1503 codicibus

273 1551 410 1591 mss.
445 1535 818 1606 perantiquis,
874 1536 1053 1607 iisque
1099 1538 1239 1596 bene
1295 1537 1518 1606 multis,
1568 1539 1859 1610 leguntur;

272 1629 386 1684 imo
423 1630 537 1700 jam
589 1629 730 1684 lecta
762 1639 890 1685 sunt
917 1631 1048 1685 olim
1106 1632 1308 1688 saeculo
1350 1647 1498 1689 nono
1527 1635 1596 1689 ab
1649 1634 1858 1700 Adone,

272 1733 333 1778 ut
363 1726 419 1778 in
455 1724 575 1794 ejus
624 1723 1011 1796 Martyrologio
1033 1725 1219 1780 videre
1248 1734 1333 1781 est
1362 1726 1449 1782 die
1475 1742 1568 1780 xtx
1605 1725 1752 1792 Maii,
1783 1743 1856 1782 xx

267 1813 442 1881 Junii,
475 1833 568 1871 xxr
603 1816 731 1872 Julii
757 1817 810 1871 in
838 1817 1030 1888 elogiis
1059 1817 1117 1873 S.
1168 1817 1541 1883 Pudentianar,
1579 1818 1636 1876 S.
1662 1817 1854 1873 Novati

267 1918 324 1965 et
367 1908 426 1964 S.
464 1909 751 1964 Praxedis.
803 1909 1074 1965 Caeterum
1111 1911 1326 1966 sincera
1359 1927 1591 1981 prorsus
1633 1927 1696 1966 ea
1742 1926 1852 1966 non

267 2018 411 2070 esse,
445 2003 541 2057 sed
570 2002 662 2058 hic
692 2003 804 2058 illic
850 2003 1200 2073 interpolata,
1246 2005 1394 2059 ultro
1424 2020 1526 2060 nos
1565 2005 1669 2075 ipsi
1705 2005 1852 2061 haud

265 2097 498 2152 obscure
525 2094 583 2149 in
611 2093 1026 2151 Commentario
1059 2099 1286 2167 praevio,
1313 2107 1368 2153 et
1405 2098 1852 2154 adnotatis-con-

261 2187 395 2246 fessi
426 2205 657 2259 sumus;
690 2199 748 2244 at
777 2191 926 2245 omni
951 2191 1181 2246 omnino
1206 2191 1312 2247 [ide
1353 2191 1576 2263 indigna
1607 2191 1848 2263 reputari

261 2283 498 2350 debere,
561 2284 808 2338 nondum
876 2284 1037 2339 nobis
1133 2285 1407 2354 persuasit
1466 2283 1850 2340 Tillemontius

263 2382 399 2428 tom.
429 2372 490 2440 ll,
521 2383 651 2428 nota
684 2375 717 2429 5
754 2375 808 2429 in
846 2373 903 2429 S.
930 2374 1090 2430 Pium
1120 2392 1318 2447 papam
1350 2397 1362 2432 :
1391 2387 1453 2432 ut
1488 2379 1632 2434 enim
1662 2381 1848 2434 minu-

257 2467 365 2523 tias
392 2477 730 2536 praeteream,
756 2484 895 2540 quas
919 2469 990 2524 ibi
1022 2471 1283 2539 congerit,
1309 2480 1368 2526 ut
1395 2487 1560 2528 voces
1582 2460 1846 2529 Actorum

259 2561 475 2629 aliquas
502 2571 556 2615 ct
578 2561 807 2629 phrases
832 2571 1040 2631 carpat,
1071 2571 1330 2633 tanquam
1364 2566 1564 2620 saeculo
1605 2569 1846 2623 secundo

253 2668 364 2706 non
413 2654 684 2720 usitatas,
740 2654 826 2708 vel
861 2656 1135 2723 tempori,
1189 2673 1300 2726 quo
1350 2659 1551 2728 scripta
1589 2658 1844 2716 feruntur

250 2745 386 2799 Acta
411 2786 427 2809 ,
482 2763 831 2816 nequaquam
863 2751 1306 2806 accommodatas
1331 2753 1489 2820 (nam
1535 2755 1664 2823 quid
1699 2757 1804 2812 illa:
1825 2797 1842 2824 ,

251 2839 470 2893 tametsi
499 2839 834 2893 adulterinas
857 2855 1051 2895 omnes
1080 2857 1202 2896 esse
1236 2841 1640 2899 demonstraret
1672 2845 1840 2902 Tille-

249 2930 514 2997 montius,
533 2931 677 3000 quod
709 2947 817 2986 non
847 2931 998 2997 facit,
1025 2931 1289 2987 Actorum
1315 2936 1637 2990 substantiae
1665 2953 1839 3007 usque

250 3022 386 3076 adeo
414 3022 963 3092 incommodarent)?
999 3033 1059 3078 ut
1103 3024 1250 3088 illas,
1277 3025 1528 3095 inquam,
1564 3032 1834 3096 omittam,

1978 514 2234 570 consulto
2264 529 2330 570 ac
2379 515 2659 585 praeterito
2705 513 2875 569 fratre
2929 513 3236 569 Timotheo.
3284 512 3393 570 Res
3438 531 3560 572 esse

1970 614 2190 676 poterat
2219 607 2459 662 obnoxia
2484 606 2924 674 difficultatibus,
2949 607 3056 662 nisi
3094 623 3218 662 cum
3255 608 3398 663 bona
3445 609 3558 665 fra-

1972 698 2074 754 tris
2113 699 2286 769 gratia
2317 709 2636 756 cerneretur
2681 699 3010 754 haereditas:
3063 700 3230 770 hujus
3267 701 3434 771 igitur
3469 717 3559 757 as-

1973 806 2140 849 sensu
2173 791 2481 846 haeredibus
2509 806 2648 861 opus
2680 800 2818 846 erat.
2861 791 3008 845 Cedo
3039 806 3191 862 ergo,
3239 809 3350 862 quo
3396 809 3558 864 pacto

1972 880 2021 935 is
2045 897 2112 936 ex
2147 880 2437 937 Timotheo
2460 924 2474 946 ,
2503 882 2596 952 qui
2648 882 2932 953 presbyter
2961 891 3079 938 erat
3110 892 3164 938 et
3211 886 3292 939 vir
3321 887 3560 941 sanctis-

1971 976 2146 1031 simus
2168 1017 2184 1042 ,
2218 975 2442 1030 extundi
2498 974 2699 1030 fortius
2724 986 2979 1044 poterat,
3014 991 3181 1045 quam
3234 978 3280 1032 si
3333 980 3470 1035 tales
3504 983 3556 1036 ei

1966 1067 2268 1133 natalibus,
2303 1067 2439 1131 vita,
2473 1067 2800 1132 virtutibus,
2859 1067 3135 1136 rebusque
3162 1069 3330 1138 gestis
3359 1065 3560 1140 depin-

1969 1168 2222 1228 gerentur
2253 1159 2518 1228 haeredes,
2551 1169 2610 1213 ut
2647 1174 2874 1228 prorsus
2907 1158 3252 1229 intelligeret,
3289 1161 3559 1232 quidquid

1968 1250 2038 1305 iis
2070 1251 2319 1306 relictum
2341 1262 2507 1315 esset,
2541 1251 2595 1306 id
2621 1252 2694 1307 ita
2728 1253 3056 1308 collocatum
3081 1254 3251 1309 videri
3280 1264 3552 1324 oportere,

1968 1343 2126 1411 quasi
2174 1343 2229 1397 in
2281 1343 2458 1414 ipsius
2493 1344 2619 1410 Dei,
2667 1354 2724 1400 ut
2766 1346 2845 1402 ita
2895 1346 3132 1417 loquar,
3167 1347 3252 1401 vel
3296 1347 3556 1405 Ecclesia:

1968 1450 2166 1490 manus
2200 1437 2590 1508 consignatum
2633 1440 2823 1494 esset?
2855 1438 2972 1494 Hoc
3011 1456 3142 1511 ergo
3176 1439 3289 1510 agit
3335 1439 3552 1508 Pastor,

1964 1538 2095 1580 cum
2133 1523 2192 1578 S.
2212 1523 2490 1580 -Praxedis
2519 1535 2669 1598 gesta
2699 1526 2756 1582 S.
2791 1526 3082 1583 Timotheo
3111 1530 3387 1598 explicat,
3426 1539 3554 1584 tan-

1964 1626 2134 1688 toque
2167 1619 2221 1674 id
2258 1619 2371 1690 agit
2416 1607 2484 1676 ad
2537 1637 2652 1676 rem
2709 1637 2865 1678 suam
2897 1624 3260 1693 opportunitis
3287 1665 3301 1685 .
3347 1635 3554 1695 quanto

1963 1711 2270 1780 copiosius.
2324 1711 2401 1767 De
2448 1728 2508 1768 se
2560 1713 2709 1769 enim
2771 1714 2954 1770 dicere
3010 1715 3149 1769 nihil
3201 1715 3416 1783 debuit,
3455 1717 3551 1787 qui

1887 1799 1931 1854 B
1964 1803 2255 1860 Timotheo
2287 1805 2492 1860 dudum
2527 1815 2675 1862 esset
2712 1809 3034 1864 notissimus
3061 1825 3422 1882 ;.quanquam
3455 1825 3552 1864 ne-

1957 1913 2064 1969 que
2097 1898 2164 1953 de
2191 1913 2271 1965 se,
2311 1899 2490 1970 quoad
2517 1898 2725 1954 ferebat
2753 1901 3041 1967 modestia,
3076 1902 3265 1957 tacuit.

2029 1990 2116 2044 11.
2167 1988 2395 2046 Leviora
2450 2000 2580 2047 sunt
2624 2007 2748 2063 qua:
2797 1994 3021 2062 subjicit
3073 1991 3455 2049 Tillemontius
3489 2000 3544 2046 ct

1955 2083 2011 2138 in
2035 2083 2283 2138 eamdem
2315 2084 2594 2155 intorquet
2617 2085 2904 2155 epistolam
2933 2105 2946 2140 :
2974 2083 3161 2157 Neque
3191 2085 3318 2152 hoc,
3343 2085 3543 2156 inquit,

1953 2176 2133 2242 video,
2172 2192 2272 2232 cur
2300 2175 2500 2233 Pastor
2530 2177 2824 2233 Timotheo
2852 2188 3039 2234 narret
3063 2194 3153 2234 res
3179 2187 3305 2233 ante
3334 2193 3540 2232 annum

1952 2268 2259 2339 prmteritas
2303 2285 2413 2323 non
2470 2270 2652 2325 solum
2696 2271 2763 2325 de
2797 2269 2855 2325 S.
2906 2270 3150 2326 Pudente
3197 2279 3252 2326 et
3310 2280 3544 2340 utraque

1953 2361 2074 2433 ejus
2109 2363 2215 2418 tilia
2253 2363 2349 2435 (de
2383 2379 2492 2433 qua
2534 2379 2592 2417 re
2617 2363 2733 2432 jam
2781 2365 2941 2429 satis,
2974 2365 3194 2433 opinor,
3232 2363 3539 2431 diximus);

1952 2458 2046 2512 sed
2077 2459 2243 2512 etiam
2281 2458 2347 2511 de
2401 2457 2570 2512 fratre
2611 2458 2729 2526 ejus
2763 2455 3015 2512 Novato:
3063 2474 3190 2510 nam
3241 2459 3287 2511 si
3339 2458 3425 2512 vel
3481 2459 3538 2512 in

1949 2551 2214 2604 extremis
2249 2551 2463 2620 imperii
2501 2550 2704 2605 ﬁnibus
2732 2553 2936 2618 egisset
2969 2548 3309 2615 Timotheus,
3343 2565 3410 2604 an
3447 2566 3541 2620 per

1949 2657 2158 2697 annum
2200 2651 2376 2696 totum
2402 2643 2538 2698 nihil
2561 2643 2627 2696 de
2663 2642 2869 2696 familia
2895 2642 3246 2696 rcscivissct?
3281 2639 3536 2711 Respon-

1947 2734 2069 2800 deo,
2096 2727 2150 2788 id
2189 2751 2376 2789 rarum
2423 2750 2531 2789 non
2566 2750 2708 2798 csse,
2759 2744 2818 2788 ut
2860 2733 3092 2793 fratres.
3121 2733 3287 2786 ctiam
3339 2747 3532 2801 parum

1945 2825 2090 2880 inter
2119 2841 2178 2881 se
2206 2825 2542 2880 habitatione
2577 2825 2862 2886 distantes,
2884 2839 2913 2877 a
2932 2822 3199 2892 frequenti
3226 2823 3532 2876 litterarum

1944 2917 2276 2972 COIl‘lmel‘CiO
2293 2918 2456 2972 alieni
2475 2917 2998 2972 sint.Concedamus
3016 2915 3098 2968 his
3125 2925 3302 2968 tamen
3323 2911 3534 2984 aliquid

1944 3007 2292 3063 Tillemontio
2322 3027 2334 3064 :
2376 3009 2595 3064 sciverit
2627 3009 2712 3063 vel
2737 3024 2801 3063 ex
2834 3007 3055 3075 Novati,
3087 3007 3167 3061 vel
3202 3024 3268 3062 ex
3294 3008 3529 3063 aliorum

248 3124 569 3184 argumenta
601 3116 721 3182 ejus
761 3117 1071 3184 pracipua,
1129 3124 1183 3170 ει
1236 3117 1290 3170 in
1346 3127 1516 3173 ιοιωη
1569 3120 1832 3176 Actorum
1863 3138 1905 3194 C
1943 3101 2470 3156 IitterisTimotheus
2487 3099 2742 3170 pleraque
2763 3096 3526 3194 on’tnia,quaefratcregisset.

249 3206 466 3261 illorum
505 3205 766 3259 fabricam
804 3205 1073 3274 fidemque
1101 3207 1328 3274 directa,
1374 3207 1428 3262 id
1463 3225 1834 3280 nequaquam,

249 3295 396 3364 quod
444 3297 648 3364 jactat,
703 3295 979 3349 evincunt.
1011 3295 1168 3360 Quod
1211 3303 1270 3348 ut
1305 3296 1606 3366 perspicias
1637 3342 1652 3363 ,
1699 3299 1836 3356 Acta

249 3384 365 3451 ipsa
393 3384 620 3438 consule
660 3401 674 3438 :
724 3383 969 3458 invenies
997 3423 1010 3448 ,
1062 3398 1125 3436 ea
1163 3383 1277 3452 fere
1319 3385 1590 3439 contineri
1621 3387 1834 3456 duabus

249 3476 517 3543 epistolis,
537 3490 769 3544 quarum
802 3475 951 3542 prior
973 3482 1055 3530 est
1077 3473 1324 3529 Pastoris
1355 3475 1422 3529 ad
1457 3475 1828 3547 TimOtheum,

248 3567 415 3622 altera
444 3566 718 3621 Timothei
746 3566 812 3621 ad
829 3565 1130 3621 Pastorem.
1157 3565 1459 3634 Utramque
1490 3570 1829 3638 suppositam

250 3660 565 3716 auctoribus
598 3659 898 3730 inscriptis,
931 3659 1043 3713 imo
1070 3675 1200 3714 vero
1235 3660 1471 3730 ineptam
1509 3676 1651 3727 esse,
1689 3678 1826 3720 con-

247 3753 422 3808 tendit
451 3753 826 3807 advcrsarius.
1825 3803 1828 3806 .

316 3845 402 3899 10.
440 3844 684 3899 Priorem
736 3845 840 3900 hoc
887 3845 1158 3915 imprimis
1191 3844 1295 3900 telo
1346 3845 1590 3900 subverti
1642 3857 1820 3918 putat,

244 3937 389 4006 quod
419 3953 449 3990 a
475 3951 641 4006 scopo
671 3937 1058 4007 propositoque
1080 3923 1326 3993 Pastoris
1356 3945 1472 3992 toto
1502 3937 1642 3994 cmlo
1667 3931 1824 3994 ablu-

242 4029 367 4082 dat:
415 4025 766 4082 Christianus
794 4027 977 4092 enim,
1028 4027 1243 4097 inquit,
1292 4029 1515 4098 quidam
1567 4030 1818 4098 obierat,

241 4117 484 4174 Novatus
541 4119 762 4174 nomine
790 4163 804 4186 ,
840 4120 934 4188 qui
988 4120 1279 4176 facultates
1326 4137 1456 4178 suas
1499 4125 1664 4193 paulo
1694 4133 1820 4180 ante

241 4215 592 4270 commiserat
621 4211 836 4267 Pastori
882 4222 1105 4279 nostro,
1132 4223 1187 4268 et
1229 4213 1429 4282 virgini
1461 4212 1691 4270 Praxedi
1711 4257 1728 4280 ,
1759 4233 1820 4274 se

242 4315 461 4361 mortuo
487 4305 907 4375 dispensandas.
943 4303 1150 4360 Scribit
1177 4305 1232 4361 id
1267 4303 1587 4373 Timotheo,
1621 4307 1819 4366 Novati

239 4398 481 4454 defuncti
527 4413 807 4468 germano,
841 4396 1066 4466 Pastor;
1099 4415 1336 4470 eumque
1365 4402 1638 4470 consulit,
1680 4405 1818 4474 quid.

1943 3196 2139 3251 Annon
2219 3209 2361 3264 saepe
2393 3195 2584 3249 eadem
2627 3194 2868 3247 nuntiari
2914 3201 3146 3261 possunt
3180 3207 3210 3244 a
3253 3192 3531 3246 diversis?

1941 3289 2140 3345 Annon
2220 3287 2313 3342 hic
2357 3287 2669 3356 justissima
2710 3286 2925 3341 Pastori
2976 3301 3140 3340 causa
3175 3294 3293 3351 erat
3335 3300 3528 3339 eorum

1939 3381 2133 3436 saltem
2183 3380 2478 3435 refricandi
2515 3381 2866 3444 memoriam,
2905 3394 3028 3448 quae
3078 3376 3346 3431 Novatum
3384 3378 3526 3433 inter

1937 3483 1992 3528 et
2023 3472 2323 3528 Praxedem
2376 3477 2840 3537 intercesserant,
2877 3472 3020 3525 unde
3053 3470 3290 3524 disceret
3336 3469 3525 3526 Timo-

1936 3565 2138 3632 theus,
2178 3565 2498 3619 munificum
2550 3564 2739 3620 fratris
2796 3565 2850 3618 in
2903 3565 3050 3617 illam
3110 3563 3354 3617 animum
3407 3579 3522 3624 non

1907 3661 2152 3716 .aliunde
2187 3659 2486 3724 exstitisse,
2516 3674 2679 3727 quam
2716 3673 2781 3711 ex
2815 3657 3182 3712 sanctissimis
3203 3654 3402 3711 officiis
3433 3654 3519 3709 di-

1930 3753 2184 3822 vinisque
2229 3751 2584 3806 rationibus?
2620 3751 2774 3816 Quod
2822 3751 2975 3805 addit
3007 3750 3378 3812 adversarius,
3411 3748 3517 3803 mi-

1929 3861 2053 3898 rum
2083 3845 2278 3910 videri,
2325 3844 2532 3898 nullam
2571 3844 2698 3898 huic
2751 3845 2994 3914 cpistola:
3027 3845 3282 3914 praemitti
3319 3843 3516 3899 urbani

1928 3951 1994 3992 ac
2027 3936 2268 3992 liberalis
2311 3935 2479 3992 ofticii
2520 3935 2980 4008 significationem
3009 3978 3025 4004 ,
3059 3938 3271 3990 nullum
3320 3937 3514 4006 prolo-

1926 4046 2079 4101 gum,
2119 4030 2215 4085 sed
2246 4029 2315 4084 ab
2349 4028 2485 4099 ipsis
2512 4029 2698 4084 statim
2733 4030 2899 4084 rebus
2949 4029 3118 4084 ordiri
3153 4043 3466 4084 sermonem
3494 4047 3515 4095 ί

1925 4123 1980 4178 id
2028 4139 2159 4179 vero
2211 4137 2281 4178 ne
2331 4121 2664 4178 refutatione
2698 4122 2920 4193 quidem
2976 4121 3205 4192 dignum
3261 4131 3511 4193 apparet.

1920 4215 2197 4272 Nimirum
2224 4232 2290 4272 ea
2315 4215 2564 4286 queritur
2606 4216 2831 4284 abesse,
2863 4197 2987 4286 quae
3016 4227 3247 4285 parerga
3281 4229 3510 4284 prorsus

1921 4311 2164 4368 fuissent
2188 4329 2204 4380 ;
2239 4325 2303 4366 ea
2338 4325 2469 4365 vero
2497 4309 2778 4366 abundare
2804 4308 3103 4374 contendit,
3128 4322 3250 4377 quae
3271 4307 3340 4360 ad
3366 4322 3506 4372 rem,

1921 4420 2088 4476 quam
2143 4405 2339 4476 agebat
2395 4404 2611 4468 Pastor,
2661 4403 2826 4457 unice
2858 4401 3088 4457 faciunt.
3144 4398 3368 4456 Urbana
3419 4407 3514 4460 est,

237 4494 302 4549 de
349 4493 511 4550 bonis
567 4493 776 4548 relictis
822 4492 1134 4550 faciendum
1185 4505 1426 4552 censeat.
1485 4495 1618 4553 Esto
1660 4513 1811 4554 sane.
1845 4509 1891 4566 ι)
1920 4498 2038 4554 haec
2068 4506 2121 4553 et
2150 4497 2434 4574 sufficiens
2473 4498 2527 4552 in
2563 4497 2791 4568 cpistola
2822 4495 2974 4566 gravi
3008 4492 3291 4564 praefatio:
3347 4510 3368 4545 ι
3398 4490 3506 4548 Pa-

239 4583 379 4653 Quid
410 4596 526 4641 tum
556 4595 745 4656 postea
770 4586 793 4640 ?
815 4584 929 4642 lloc
950 4597 1157 4657 autem,
1187 4587 1384 4660 inquit,
1407 4590 1574 4646 verbo
1601 4598 1813 4646 tantum

234 4696 344 4736 uno
383 4680 622 4750 posmlat
669 4678 898 4748 Pastor,
959 4680 1122 4751 idque
1167 4681 1223 4736 in
1279 4681 1496 4739 duobus
1555 4684 1818 4742 extremis.

235 4774 479 4844 epistolae
503 4773 638 4828 satis
663 4773 839 4844 longae
860 4773 1180 4842 versiculis;
1233 4775 1442 4846 reliqua
1471 4791 1600 4833 vera
1625 4777 1810 4833 omnia

232 4880 338 4918 non
399 4879 465 4918 eo
511 4865 691 4919 solum
748 4866 1012 4932 tendunt,
1057 4873 1118 4921 ut
1163 4869 1417 4921 morbum
1463 4882 1529 4923 ae
1575 4877 1809 4924 mortem

233 4957 501 5027 explicent
530 4956 726 5014 Novati
754 4959 845 5026 (id
881 4958 1031 5029 quod
1067 4959 1267 5014 rationi
1296 4974 1604 5016 consonum
1631 4961 1808 5017 videri

1923 4599 2037 4646 διοι-
2058 4590 2340 4662 presbyter
2354 4589 2644 4644 Timotheo
2671 4588 2988 4660 presbytero
3007 4586 3259 4642 salutem.
3283 4603 3301 4636 ι
3327 4583 3501 4654 Atque

1918 4682 2038 4739 haec
2089 4690 2258 4750 sunt,
2314 4682 2518 4752 quibus
2551 4680 2796 4736 Pastoris
2841 4677 3133 4749 epistolam
3198 4677 3497 4733 universim

1918 4775 2132 4847 impetit
2161 4786 2357 4832 acutus
2383 4777 2473 4831 hic
2508 4789 2724 4832 censor.

1986 4867 2073 4923 12.
2101 4867 2340 4923 Alteram
2365 4867 2670 4936 epistolam,
2698 4880 2821 4935 qua:
2839 4861 3109 4918 Timothei
3135 4871 3237 4928 est,
3266 4861 3353 4917 his
3375 4869 3496 4924 tam

1913 4968 2032 5022 tum
2056 4961 2238 5016 verbis
2282 4958 2594 5030 aggreditur
2632 4977 2646 5013 :
2690 4977 2708 5010 ι
2751 4957 2990 5024 Litterae,
3035 4956 3237 5026 quibus
3272 4953 3491 5011 Pastori

228 5049 509 5117 poterat);
554 5046 650 5104 sed
697 5049 863 5102 etiam
915 5064 1004 5115 eo,
1053 5057 1114 5104 ut
1151 5049 1206 5104 in
1241 5051 1482 5106 medium
1530 5051 1811 5122 proferant
1909 5052 2198 5124 respondit
2219 5049 3100 5116 Timotheus,nihiletiameorum
3123 5049 3494 5120 babent,quat

226 5139 491 5209 quidquid
523 5149 648 5209 post
678 5140 892 5195 obitum
924 5139 1026 5196 SS.
1064 5139 1421 5197 Pudentianae
1461 5141 1807 5199 et'Pudentis

223 5230 498 5288 Praxedes
537 5247 568 5286 ει
611 5231 836 5288 biennio
869 5240 1134 5304 gesserat.
1163 5232 1306 5300 Quid
1338 5233 1454 5291 haec
1500 5234 1569 5290 ad
1614 5235 1804 5291 Timo-

222 5323 604 5396 theum;quid
645 5325 714 5378 ad
761 5325 972 5381 litteras
1015 5327 1352 5396 attinebant,
1395 5328 1597 5400 quibus
1635 5328 1806 5384 frater

220 5415 290 5471 de
317 5416 504 5472 fratris
529 5416 680 5472 obitu
710 5417 995 5474 docendus
1020 5418 1177 5474 erat?
1204 5417 1283 5475 Ita
1313 5421 1424 5478 ille.
1451 5419 1800 5491 Respondco,

220 5508 506 5576 aptissima
537 5508 670 5563 mihi
693 5509 866 5565 videri
909 5510 978 5564 ad
1019 5525 1134 5565 rem
1175 5520 1498 5582 praesentem
1541 5527 1802 5582 quaecun-

1913 5144 2040 5215 quis
2069 5143 2147 5203 illi
2172 5143 2400 5205 diceret,
2433 5157 2465 5196 a
2497 5156 2606 5211 quo
2640 5140 2745 5196 sibi
2776 5141 2843 5196 de
2878 5140 3064 5197 fratris
3095 5142 3246 5196 obitu
3278 5157 3487 5198 renun~

1908 5235 2103 5289 tiatum
2128 5243 2293 5289 esset.
2324 5253 2343 5286 ι
2368 5231 2619 5303 Requirit
2641 5231 2750 5299 hic,
2774 5232 2988 5301 opinor,
3014 5233 3252 5294 lamenta
3275 5231 3486 5301 fratris,

1909 5335 2006 5381 aut
2027 5325 2234 5396 aliquid
2258 5333 2404 5381 certe
2422 5325 2712 5396 ejusmodi.
2732 5323 2836 5381 Sed
2857 5341 3066 5396 quaero,
3083 5326 3228 5382 unde
3247 5335 3484 5395 constet,

1905 5418 2023 5474 haec
2039 5435 2070 5474 a
2086 5418 2372 5474 Timotheo
2395 5420 2450 5474 in
2472 5418 2663 5474 eadem
2683 5419 2913 5489 epistola
2930 5435 3039 5474 non
3060 5418 3233 5476 fuisse
3256 5419 3482 5489 scripta,

1905 5514 2128 5569 tametsi
2159 5513 2526 5585 praetermissa
2554 5513 2643 5569 hic
2682 5514 2787 5569 sint
2822 5529 2853 5569 tt
2901 5512 3149 5580 Pastore,
3195 5529 3260 5569 ac
3295 5514 3480 5572 studio

221 5615 328 5669 que
349 5602 414 5656 de
442 5601 500 5656 S.
518 5600 762 5658 Praxede
779 5603 1070 5660 Timotheo
1092 5613 1278 5660 narrat
1302 5604 1528 5672 Pastor;
1558 5605 1794 5676 ineptam
1898 5605 2084 5676 potius
2111 5607 2371 5672 rescissa,
2390 5606 2540 5676 quod
2564 5606 2632 5661 ad
2663 5606 2953 5662 historiam
2993 5605 3095 5663 SS.
3121 5606 3480 5664 Pudentiante

221 5701 372 5754 vero,
409 5704 530 5759 quae
573 5691 642 5747 iis
684 5692 978 5764 objicitur,
1023 5690 1356 5748 Tillemontii
1398 5695 1608 5751 crisim.
1653 5692 1792 5762 Quid

224 5782 412 5849 enim?
454 5782 704 5849 Hatredes
757 5785 998 5844 Novatus
1047 5784 1334 5846 Pastorem
1402 5791 1695 5862 scripserat
1739 5797 1793 5846 et

1895 5708 1952 5752 et
1998 5695 2259 5754 Praxedis
2304 5697 2440 5755 nihil
2487 5697 2786 5770 quidquam
2829 5699 3183 5756 conferrent?
3229 5699 3287 5757 ld
3326 5701 3477 5773 quod

1899 5788 2064 5851 etiam
2109 5790 2164 5850 in
2196 5791 2365 5864 priori
2410 5793 2636 5867 cpistola
2690 5792 2807 5851 fieri
2843 5808 2910 5852 cx
2952 5793 3218 5853 industria
3269 5794 3468 5872 poruit.
