4076 6142
428 354 559 409 1021

1383 348 1483 406 SS.
1514 347 1980 407 PUDENTIANE
2011 346 2104 403 ET
2150 347 2495 406 PRAXEDIS
2530 349 2734 408 ACTA.

3529 349 3673 408 ηεξ

430 470 697 523 stolarum
716 466 937 540 (cultor)
971 473 1024 523 et
1049 474 1337 535 susceptor
1352 466 1762 536 peregrinorum
1781 480 1999 520 summo
2025 466 2072 522 Α
2101 464 2229 519 tatis
2258 466 2624 523 manumissio
2653 467 2927 523 celebrata
2956 476 3058 525 est.
3090 468 3173 524 Ad
3200 468 3343 525 diem
3389 482 3519 525 vero
3547 485 3674 526 san-

430 561 614 615 studio
641 561 761 615 fuit.
785 560 888 627 Qui
916 569 1040 630 post
1068 566 1301 613 mortem
1319 557 1573 629 conjugis
1590 573 1701 612 sum
1728 557 2003 613 Savinillae

428 663 484 708 et
499 662 806 722 parentum,
823 653 873 707 id
896 662 979 707 est
995 651 1169 723 patris
1193 650 1382 705 Punici
1428 658 1482 704 ct
1503 651 1694 703 matris
1720 649 1999 715 Priscillae,

430 744 525 815 qui
541 759 667 799 eum
694 743 849 800 uxori
866 745 1183 815 junxerant,
1205 741 1396 796 mundi
1418 740 1673 803 facultate
1693 749 2002 810 contempta

432 838 486 890 in
506 837 760 893 omnibus
795 835 1009 892 Domini
1032 833 1316 905 praeceptis
1349 834 1591 889 eruditus
1613 842 1715 889 est.
1743 833 2003 886 Defuncta

434 938 615 983 autem
657 942 795 982 uxor
823 926 1123 997 reliquerat
1168 925 1219 981 ei
1263 924 1398 979 duas
1429 924 1592 990 ﬁlias,
1612 922 1909 983 Praxedem
1950 930 2005 977 et

434 1019 831 1087 Potentianam,
876 1034 1016 1090 quas
1066 1018 1208 1079 idem
1239 1013 1456 1073 Pudens
1486 1016 1539 1071 in
1582 1016 1729 1072 omni
1757 1014 2005 1072 castitate

435 1112 682 1178 nutrivit,
708 1121 761 1168 et
793 1113 965 1167 nimio
986 1110 1421 1168 Christianitatis
1444 1124 1656 1177 amore,
1686 1122 1905 1163 omnem
1934 1107 2005 1161 lc-

437 1216 555 1269 gem
584 1201 825 1265 divinam
849 1202 1087 1265 edocuit.
1122 1199 1224 1262 Hic
1267 1202 1451 1272 itaque
1482 1216 1512 1254 a
1539 1200 1601 1254 Β.
1635 1198 1733 1254 Pio
1761 1198 1876 1270 (92)
1908 1197 2006 1251 do-

434 1301 577 1359 ctus,
627 1292 721 1363 qui
752 1302 806 1349 et
847 1303 900 1348 te
930 1293 1137 1360 docuit,
1182 1293 1408 1348 domum
1437 1306 1595 1347 suam
1620 1300 1743 1361 post
1771 1296 2004 1344 mortem

435 1387 624 1441 uxoris
668 1400 781 1451 suae
809 1386 1095 1441 ecclesiam
1140 1384 1345 1442 Christi
1391 1384 1702 1440 consecrari
1755 1384 2001 1453 cupiens,

434 1493 532 1548 per
556 1493 657 1534 nos
682 1488 997 1557 peccatores
1024 1479 1092 1534 ad
1116 1477 1368 1556 eﬁ'ectum
1400 1478 1681 1547 perduxit;
1709 1477 1801 1532 ubi
1832 1486 1887 1533 et
1938 1478 2007 1532 ti-

434 1568 611 1623 tulum
642 1569 849 1631 nomini
873 1579 1061 1626 nostro
1090 1569 1375 1626 constituit
1404 1570 1460 1623 in
1488 1570 1625 1624 urbe
1658 1568 1931 1638 Romana,
1951 1570 2007 1625 in

434 1663 557 1718 loco
598 1663 806 1719 scilicet
834 1664 929 1733 qui
962 1664 1267 1735 appellatur
1298 1663 1466 1719 Vicus
1515 1662 1760 1719 Patricii.
1794 1664 1871 1718 De
1901 1664 2005 1720 hoc

2104 564 2253 611 ctum
2280 555 2506 612 Paschae
2550 559 2812 629 baptizati
2861 570 2988 615 sunt
3040 562 3340 631 promiscui
3377 576 3544 618 sexus
3571 578 3676 617 nu-

2103 665 2257 704 mero
2295 652 2591 721 nonaginta
2620 666 2715 708 sex
2750 671 2762 707 :
2810 661 2866 708 et
2912 670 3038 709 cuin
3070 656 3255 710 omnia
3296 663 3679 711 consummata

2106 741 2361 809 fuissent,
2392 744 2570 800 factus
2598 760 2716 801 esse
2747 746 2914 816 coepit
2953 756 3255 803 conventus
3306 749 3361 801 in
3390 748 3581 803 eodem
3610 746 3675 802 ti-

2107 838 2241 904 tulo,
2273 837 2347 891 ita
2373 845 2433 893 ut
2458 837 2651 893 diebus
2678 853 2743 893 ac
2772 838 3028 895 noctibus
3057 856 3161 895 vox
3206 840 3536 910 hymnorum
3564 854 3673 893 non

2104 937 2362 994 cessaret,
2392 936 2446 983 et
2470 929 2765 985 multitudo
2793 944 3130 999 paganorum
3167 931 3235 985 ad
3260 929 3418 985 ﬁdem
3441 945 3674 986 concur-

2104 1028 2268 1086 reret,
2298 1029 2355 1075 et
2382 1036 2509 1076 cum
2541 1021 2692 1075 omni
2722 1022 2921 1092 gaudio
2951 1021 3383 1091 baptizarcutur.

2177 1113 2231 1166 5.
2266 1110 2343 1167 De
2371 1128 2481 1182 qua
2516 1128 2577 1168 re
2600 1113 2878 1184 suggestio
2922 1113 3068 1169 facta
3093 1123 3177 1169 est
3198 1114 3477 1171 Antonino
3505 1116 3678 1186 impe-

2106 1202 2296 1260 ratori.
2330 1204 2434 1271 Qui
2464 1204 2773 1260 Antoninus
2808 1204 3090 1273 piissimus
3134 1204 3416 1276 Augustus
3441 1206 3680 1261 auctori-

2108 1304 2217 1350 tate
2239 1309 2339 1349 sua
2364 1294 2638 1365 praecepit,
2664 1304 2727 1347 ut
2755 1292 3071 1362 quicunque
3094 1292 3375 1348 Christum
3405 1293 3686 1358 colerent,

2108 1386 2313 1441 scirent
2341 1384 2588 1440 sufﬁcere
2607 1385 2711 1440 sibi
2734 1384 2789 1439 in
2814 1384 3144 1439 habitaculis
3168 1385 3285 1440 suis
3314 1384 3527 1448 vivere;
3551 1390 3683 1438 etut

2109 1476 2257 1529 nulla
2285 1474 2671 1544 conjunctione
2698 1473 2912 1544 reliquo
2948 1473 3148 1544 populo
3173 1474 3553 1544 jungerentur,
3589 1488 3686 1527 ne-

2110 1582 2217 1638 que
2244 1567 2464 1638 publice
2487 1575 2760 1632 emerent,
2792 1582 2895 1624 nec
2920 1568 2977 1621 in
3012 1565 3236 1621 thermis
3263 1564 3497 1635 publicis
3525 1565 3687 1620 habi-

2109 1668 2306 1723 tarent,
2336 1659 2430 1715 sed
2471 1668 2680 1714 tantum
2713 1660 2767 1713 in
2803 1658 3062 1714 domibus
3088 1658 3202 1713 suis
3234 1667 3537 1712 manerent.
3572 1656 3688 1713 Hoc

433 1772 564 1826 ergo
590 1755 834 1813 Pudente
852 1766 1042 1818 notum
1074 1758 1170 1812 tibi
1202 1757 1342 1813 facio
1370 1759 1499 1834 quia
1528 1757 1779 1827 migravit
1804 1758 1870 1813 ad
1889 1773 2009 1812 om-
2035 1798 2086 1862 Β
2112 1762 2439 1825 praeceptum
2461 1768 2586 1807 cum
2610 1751 2982 1808 custodiretur
3013 1750 3082 1805 ab
3111 1748 3383 1805 universis
3409 1748 3687 1804 Christia-

434 1849 585 1901 nium
610 1847 923 1913 Dominum,
942 1857 996 1903 et
1018 1849 1240 1918 reliquit
1272 1848 1554 1920 praedictas
1571 1848 1735 1916 ﬁlias,
1759 1852 2008 1910 castitate

434 1939 622 2005 fultas,
654 1944 912 2012 omnique
943 1941 1061 2013 lege
1100 1942 1285 2004 divina
1315 1941 1581 2005 eruditas.

502 2030 558 2084 2.
594 2028 768 2085 Porro
806 2030 938 2100 ipsa;
972 2031 1144 2085 beatae
1180 2030 1442 2100 virgines,
1485 2044 1677 2087 omnes
1716 2030 2009 2093 facultates

433 2138 565 2177 suas
578 2122 896 2190 vendentes,
915 2123 1638 2194 erogaveruntpauperibus;
1658 2139 1722 2179 ac
1743 2124 1861 2181 sine
1882 2125 2010 2184 dolo

434 2213 492 2269 in
530 2212 730 2269 Christi
754 2230 939 2269 amore
967 2221 1349 2283 permanentes
1395 2214 1640 2285 integra,
1688 2214 1743 2269 in
1779 2215 2011 2286 virgini-

434 2305 563 2374 tatis
590 2304 723 2360 ﬂore
743 2306 893 2359 omni
920 2306 1082 2360 modo
1107 2304 1432 2376 gloriantur,
1457 2305 1511 2359 in
1539 2305 1759 2375 vigiliis,
1784 2305 2010 2376 jejuniis

433 2397 775 2452 orationibus
793 2396 999 2468 jugiter
1025 2395 1402 2466 perdurantes.
1418 2394 1477 2450 ln
1494 2396 1681 2451 eodem
1705 2412 1835 2453 vero
1862 2398 2008 2466 loco,

433 2487 530 2552 ubi
566 2488 783 2543 titulum
808 2503 931 2544 meo
959 2488 1169 2543 nomini
1193 2497 1347 2559 pater
1369 2502 1557 2543 earum
1577 2489 1733 2544 bona:
1754 2489 2011 2545 recorda-

434 2579 601 2634 tionis
622 2578 839 2636 Pudens
867 2580 1158 2646 dedicavit,
1190 2581 1297 2636 hoc
1321 2581 1613 2637 consilium
1660 2581 1801 2637 inter
1826 2597 1915 2638 me
1955 2591 2011 2639 et

432 2667 665 2737 famulas
691 2669 893 2726 Christi
920 2670 1220 2729 Praxedem
1251 2681 1306 2727 et
1331 2670 1709 2730 Potentianam
1734 2676 2009 2742 convenit,

434 2771 499 2817 ut
541 2761 597 2815 in
646 2761 734 2817 die
764 2772 955 2833 sancto
982 2763 1208 2825 Pascha:
1253 2764 1411 2839 (quia
1442 2765 1789 2831 desiderium,
1816 2782 2007 2824 earum

434 2854 608 2919 nimio
628 2852 750 2910 ﬁdei
774 2870 960 2910 amore
988 2857 1304 2927 urgebatur)
1332 2868 1551 2933 propter
1570 2857 1839 2917 familiam
1853 2875 2005 2915 com-

433 2959 685 3013 munem,
715 2961 837 3015 qua:
866 2946 1083 3014 gentilis
1111 2955 1249 3014 erat,
1283 2946 1336 3003 in
1378 2949 1567 3004 eodem
1604 2949 1763 3004 titulo
1802 2949 2005 3009 fontem

433 3038 692 3107 baptismi
722 3046 1046 3105 construere
1065 3040 1487 3096 studuissemus.
1519 3041 1694 3111 Super
1739 3058 1849 3117 quo
1868 3058 2004 3099 con-

2111 1845 2218 1911 nis,
2260 1844 2400 1901 ﬁlias
2423 1855 2655 1902 nostras'
2670 1844 2784 1900 Deo
2811 1843 3109 1910 dicatas,et
3126 1843 3181 1897 in
3202 1842 3513 1914 virginitate
3541 1842 3686 1897 bono

2112 1937 2423 1995 testimonio
2446 1938 2815 2002 conﬁrmatas,
2832 1935 2887 1990 in
2913 1937 3078 1991 domo
3115 1951 3214 1991 sua
3243 1936 3298 1990 in
3330 1936 3484 1989 titulo
3508 1951 3687 2003 supra.

2110 2028 2257 2083 dicto
2288 2026 2654 2090 orationibus,
2697 2026 2898 2096 vigiliis
2936 2040 3001 2081 ac
3045 2025 3289 2097 jejuniis,
3328 2041 3452 2079 cum
3482 2026 3692 2095 p0pulo.

2110 2120 2229 2188 Dei,
2253 2121 2348 2191 qui
2393 2136 2491 2191 per
2519 2134 2614 2176 eas
2642 2119 2969 2184 crediderat,
3000 2127 3257 2173 vacantes
3286 2128 3341 2172 et
3391 2118 3445 2170 in
3477 2116 3689 2172 Christi

2110 2214 2367 2269 laudibus
2397 2212 2492 2267 diu
2521 2226 2797 2282 noctuque
2831 2212 3168 2276 insistentes,
3206 2209 3469 2264 habentes
3501 2224 3695 2265 neces-

2112 2306 2260 2362 saria
2314 2305 2675 2370 sufﬁcienter,
2722 2304 2977 2373 plurimis
3019 2303 3214 2359 diebus
3269 2302 3686 2359 custodivimus.

2114 2395 2220 2452 Sed
2250 2404 2305 2452 et
2333 2396 2451 2466 ipse
2494 2395 2848 2451 beatissimus
2890 2393 3022 2449 Pius
3070 2393 3362 2462 episcopus
3407 2393 3692 2449 exsultans

2111 2487 2441 2558 frequenter,
2474 2501 2575 2543 nos
2617 2484 2895 2554 visitabat,
2943 2493 3001 2540 et
3025 2484 3297 2540 sacriﬁcia
3326 2482 3558 2541 Domino
3588 2498 3690 2555 pro

2113 2578 2277 2634 nobis
2308 2576 2591 2633 oﬂerebat.

2185 2670 2242 2725 4.
2266 2669 2615 2726 Concludens
2659 2677 2841 2725 autem
2887 2668 3121 2725 sedecim
3164 2683 3341 2725 annos
3377 2667 3492 2740 (94)
3523 2667 3680 2739 virgo

2115 2761 2338 2817 Domini
2387 2759 2709 2816 Potentiana
2753 2762 3011 2831 migravit
3058 2761 3125 2816 ad
3170 2760 3485 2815 Dominum.
3510 2760 3685 2829 Cujus

2110 2868 2312 2924 corpus
2338 2868 2439 2908 nos
2466 2868 2574 2907 una
2597 2868 2724 2909 cum
2760 2866 3020 2923 germana
3051 2853 3177 2922 ejus
3204 2852 3531 2907 iuvolvimus
3561 2868 3688 2908 cum

2110 2944 2262 2999 omni
2293 2942 2572 3013 diligentia
2614 2943 2976 3009 aromatihus,
3006 2952 3060 2997 ct
3088 2943 3386 2998 habuimus
3410 2943 3691 2999 occultum

2115 3040 2171 3093 in
2200 3035 2358 3090 titulo
2392 3033 2727 3104 supradicto.
2748 3033 2881 3090 Post
2906 3035 3022 3090 dies
3048 3045 3228 3090 autem
3259 3034 3447 3105 viginti
3464 3044 3519 3090 et
3544 3044 3692 3101 octo,

434 3129 561 3185 Silio
596 3144 723 3185 cum
771 3130 1238 3185 consuluissemus
1266 3130 1448 3197 Pium,
1506 3132 1654 3187 sedis
1695 3136 2007 3203 apostolicae
2032 3135 2078 3193 (Γ.
2110 3125 2410 3181 detulimus
2456 3134 2624 3180 noctu
2652 3140 2872 3194 corpus,
2899 3135 2953 3179 et
2987 3127 3275 3193 posuimus
3294 3127 3448 3195 juxta
3479 3134 3692 3194 patrem

433 3227 689 3276 sanctum
728 3219 1068 3287 episc0pum,
1099 3227 1253 3272 tanto
1297 3219 1569 3276 desiderio
1599 3222 1802 3289 placuit
1844 3224 1916 3289 ei,
1949 3233 2007 3278 ut

434 3323 656 3381 summo
704 3308 885 3364 studio
935 3309 1248 3363 hortaretur
1275 3309 1393 3364 ﬁeri
1436 3309 1815 3379 baptisterium
1847 3323 2010 3381 prout

437 3413 902 3465 conveneramus:
950 3397 1071 3468 ipse
1109 3397 1275 3452 etiam
1328 3414 1495 3454 manu
1540 3401 1760 3469 propria
1790 3400 2007 3471 jfontem

435 3489 744 3563 designavit
767 3498 821 3543 et
843 3476 1174 3549 construxit.
1222 3488 1291 3545 Et
1321 3504 1446 3546 cum
1470 3489 1565 3545 Dei
1597 3492 1868 3562 adjutorio
1889 3509 2011 3548 om-

435 3590 602 3644 nibus
632 3582 907 3655 perfectis,
944 3591 1387 3639 convocaverunt
1434 3583 1652 3639 famulas
1682 3584 1888 3642 Christi
1923 3586 2008 3641 fa-

437 3680 647 3735 miliam
673 3690 852 3743 suam,
884 3683 995 3730 tam
1025 3674 1093 3729 de
1122 3675 1255 3729 urbe
1283 3690 1448 3745 quam
1465 3675 1532 3733 de
1549 3678 2009 3745 possessionibus,

436 3783 495 3842 et
532 3772 795 3827 facientes
846 3769 1247 3829 discussionem
1285 3782 1646 3838 quoscunque
1688 3769 2013 3829 invenerunt

439 3865 805 3933 Christianos,
840 3862 1185 3917 donaverunt
1224 3860 1581 3932 ingenuitati;
1615 3877 1755 3931 quos
1784 3864 2012 3933 gentiles

438 3959 813 4029 applicuerunt
860 3955 929 4011 ad
984 3952 1360 4017 credulitatem
1414 3954 1550 4025 legis
1604 3962 1808 4010 sanctae
1852 3955 2013 4011 Chri-

439 4053 508 4108 sti
541 4047 792 4121 (95).Ubi
819 4057 968 4113 tunc,
999 4045 1135 4109 inito
1161 4045 1390 4107 consilio
1423 4060 1543 4100 cum
1578 4045 1739 4101 beato
1770 4045 1873 4102 Pio
1900 4049 2015 4117 epi-

441 4159 630 4214 scopo,
656 4142 713 4197 in
740 4139 933 4195 eodem
978 4137 1139 4193 titulo
1170 4137 1469 4193 secundum
1506 4152 1757 4193 normam
1775 4140 2015 4209 antiqui-

442 4288 627 4334 noster
650 4284 702 4330 ct
732 4272 965 4335 amicus,
986 4291 1005 4323 ι
1026 4286 1215 4327 vocem
1243 4281 1426 4326 autem
1449 4290 1468 4322 ί
1492 4270 1862 4341 apostolorum
1894 4291 1915 4327 ι
1932 4271 2019 4338 vel

442 4344 882 4418 cxpungendam,
912 4342 999 4397 vel
1043 4357 1108 4397 ex
1140 4342 1357 4418 _Ariugo
1397 4350 1454 4418 _et
1482 4340 1582 4396 ms.
1623 4340 1886 4418 Vaticano
1916 4343 2017 4397 ad-

444 4411 677 4473 dendam
707 4416 757 4471 ei
780 4428 971 4469 vocem
1011 4430 1030 4463 ι
1068 4413 1282 4479 cultor,
1323 4430 1343 4464 ι
1396 4411 1845 4482 interpunctione
1884 4428 2013 4469 cor-

442 4499 613 4545 recta.

516 4557 630 4627 (9!)
671 4554 824 4627 Pauli
867 4567 1064 4608 nomen
1090 4553 1145 4609 in
1176 4552 1265 4627 _Pii
1295 4560 1724 4627 committamus,
1749 4552 1821 4606 ob
1842 4553 2016 4627 ratio-

444 4644 545 4696 nes
578 4622 690 4697 jam
734 4624 943 4697 dictas:
981 4639 1081 4679 nec
1097 4624 1256 4697 enim
1300 4622 1454 4676 Pauli
1488 4624 1715 4697 nomine
1747 4630 1899 4697 puto
1928 4622 2017 4697 hic

444 4692 607 4770 posse
630 4694 853 4770 intelligi
882 4694 1001 4762 ejus
1027 4692 1307 4770 epistolas,
1331 4708 1564 4770 guarum
1597 4692 1755 4770 legio
1788 4692 2017 4770 Pudenti

445 4762 502 4825 et
546 4762 835 4821 Timotheo
857 4780 956 4833 pro
985 4763 1304 4833 magisterio
1327 4762 1533 4817 fuerit:
1571 4774 1626 4817 et
1657 4762 1809 4826 Pius,
1850 4763 2017 4817 etiam

444 4841 538 4896 diu
585 4846 875 4904 antequam
931 4850 1075 4889 anno
1108 4833 1212 4887 146
1259 4834 1548 4903 episcopus
1581 4842 2015 4897 consecraretur,

445 4909 626 4979 potuit
647 4975 661 4979 Α
690 4905 870 4979 adhuc
892 4905 1204 4979 presbyter
1253 4917 1555 4979 utrumque
1606 4904 1932 4979 instituisse,
1964 4912 2021 4958 et

447 4971 613 5034 totius
639 4974 859 5030 familia:
884 4971 1057 5029 fuisse
1087 4971 1241 5043 pater
1273 4972 1597 5043 spiritualis.
1643 4971 1758 5028 Nisi
1786 4973 2019 5027 velimus

448 5048 683 5118 opinari,
705 5046 939 5114 aliquem
960 5060 1149 5099 revera
1173 5044 1426 5118 Paulum,
1444 5056 1552 5118 non
1570 5044 1898 5118 apostolum,
1924 5044 2020 5118 sed

447 5113 849 5190 presbyterum,
882 5130 993 5190 uno
1022 5124 1147 5190 post
1177 5116 1333 5190 illum
1383 5113 1584 5190 saeculo
1606 5114 1881 5190 floruisse,
1918 5114 2017 5190 qui

448 5182 716 5255 familiam
771 5182 1123 5241 catechizarit
1173 5195 1228 5241 et
1278 5184 1589 5255 baptiza‘rit.
1646 5182 1755 5239 Res
1811 5184 2018 5254 liquida

448 5253 625 5323 foret,
642 5258 690 5315 si
724 5257 848 5317 talis
876 5254 1176 5326 presbyteri
1197 5254 1419 5326 aliquod
1435 5253 1564 5309 alibi
1586 5253 1916 5325 reperiretur
1935 5255 2022 5310 in-

447 5331 677 5385 dicium.
1430 5358 1433 5359 ν

524 5399 779 5472 (915)7Ms.
805 5397 1119 5472 Bodecense
1149 5418 1162 5451 :
1194 5416 1214 5449 ι
1251 5398 1402 5465 Quos
1418 5411 1671 5472 paganos
1700 5395 2019 5472 associave-

447 5467 577 5538 runt
598 5467 754 5536 ﬁdei;
786 5488 803 5521 ι
838 5468 932 5523 sed
948 5483 1050 5522 vox
1071 5488 1089 5519 ι
1113 5484 1356 5539 paganus
1374 5488 1392 5520 ›
1417 5470 1469 5521 in
1492 5467 1595 5522 hac
1621 5467 2021 5539 signiﬁcatione

449 5544 620 5605 multo
640 5541 910 5610 posterior
945 5550 1032 5593 est
1062 5548 1226 5610 relate
1246 5538 1512 5593 Pastoris.

521 5607 771 5682 (94)'Ms.
810 5609 973 5675 idem,
1008 5627 1025 5663 ι
1074 5608 1409 5682 concludens
1450 5622 1510 5663 se
1534 5609 1603 5661 12
1643 5608 1827 5673 annis,
1862 5626 1880 5658 ι
1922 5607 2017 5682 sed

453 5678 739 5751 suspectus
777 5689 864 5734 est
889 5695 1155 5751 numerus
1176 5678 1315 5751 alibi
1336 5694 1567 5751 semper
1608 5693 1923 5751 expressus
1953 5678 2019 5730 ad

452 5748 697 5821 longum,
718 5752 821 5819 hoc
837 5760 1017 5807 autem
1032 5749 1150 5808 solo
1173 5748 1293 5807 loco
1309 5750 1641 5808 litteralitcr:
1669 5749 1841 5824 magis
1858 5749 2022 5811 etiam

2110 3229 2273 3270 suum
2309 3213 2634 3279 Pudentem,
2658 3213 2713 3267 in
2743 3212 3059 3268 cmmeterio
3078 3212 3337 3269 Priscilla:
3364 3214 3452 3268 via
3477 3214 3690 3269 Salaria

2111 3322 2203 3360 xiv
2229 3302 2459 3360 Kalend.
2491 3302 2638 3358 Junii
2665 3302 2801 3373 (95).

2179 3396 2235 3453 5.
2258 3394 2390 3449 Post
2403 3394 2560 3464 cujus
2572 3402 2803 3449 mortem
2823 3392 2974 3463 virgo
2985 3393 3189 3450 Christi
3205 3394 3474 3451 Praxedes
3487 3395 3699 3452 habita-

2108 3488 2188 3544 vit
2205 3488 2259 3543 in
2288 3474 2474 3543 eodem
2500 3486 2659 3541 titulo
2676 3485 2811 3557 (96),
2841 3486 3187 3542 vehementer
3202 3487 3443 3557 amigcns
3472 3502 3532 3543 se
3562 3502 3695 3557 pro-

2107 3587 2227 3650 pter
2244 3577 2530 3633 transitum
2561 3589 2833 3646 germanae
2888 3590 3020 3629 suae.
3054 3576 3136 3630 Ad
3185 3591 3348 3646 quam
3377 3591 3500 3630 cum
3536 3579 3696 3632 multi

2112 3670 2321 3727 nobiles
2332 3668 2629 3725 Christiani
2644 3667 2961 3725 consolandi
2978 3668 3150 3738 gratia
3170 3669 3435 3736 venirent,
3447 3684 3553 3724 una
3570 3685 3695 3724 cum

2112 3771 2304 3819 sancto
2330 3762 2431 3817 Pio
2457 3763 2745 3833 episcopo;
2786 3769 3011 3815 venerat
3035 3760 3200 3815 etiam
3229 3760 3298 3815 ad
3333 3776 3454 3816 eam
3488 3776 3695 3832 germa-

2114 3874 2221 3913 nus
2259 3863 2440 3912 vester
2476 3853 2721 3910 Novatus
2764 3852 2899 3924 (97),
2942 3852 3037 3921 qui
3066 3862 3150 3908 est
3198 3852 3365 3908 frater
3413 3864 3600 3909 noster
3634 3854 3691 3909 in

2113 3947 2366 4013 Domino,
2391 3946 2682 4003 consolans
2704 3960 2848 4009 eam,
2873 3951 2929 3999 et
2951 3943 3154 3999 multos
3181 3943 3524 4001 Christianos
3555 3961 3693 4018 pau-

2113 4055 2272 4112 peres
2309 4040 2425 4096 suis
2472 4038 2823 4095 facultatibus
2870 4037 3184 4101 reﬁciebat,
3236 4044 3292 4090 et
3340 4036 3692 4092 ministrabat

2116 4132 2373 4187 omnibus
2415 4130 2483 4186 de
2511 4129 2865 4186 facultatibus
2891 4128 3006 4184 suis
3049 4127 3106 4182 in
3138 4127 3406 4182 honorem
3447 4127 3693 4198 ejusdem

2116 4269 2368 4341 displicet
2397 4240 2634 4341 reclusio
2665 4265 2807 4320 intra
2835 4264 3089 4334 veljuxta
3111 4262 3422 4341 ecclesiam,
3451 4278 3583 4341 quae
3602 4279 3696 4319 ve-

2119 4334 2242 4398 reo-r
2262 4348 2323 4395 ut
2356 4338 2532 4409 possit
2572 4352 2635 4391 ea
2669 4344 2827 4409 aetate
2849 4344 3111 4409 usurpata
3160 4334 3343 4409 credi;
3378 4342 3432 4387 et
3463 4334 3697 4401 denique

2118 4411 2256 4466 nihil
2284 4405 2371 4467 est
2397 4423 2577 4466 causae
2603 4421 2699 4461 cur
2738 4405 3104 4461 formidemus
3150 4405 3287 4460 adeo
3318 4412 3505 4458 tenera
3534 4413 3695 4459 actate

2046 4466 2094 4525 ι)
2122 4466 2393 4539 mortuam
2421 4479 2620 4532 dicere.

2193 4551 2317 4621 (95),
2343 4550 2442 4621 Ms:
2480 4547 2681 4621 Bodeg.
2715 4563 2730 4621 ξ
2774 4564 2792 4597 ι
2837 4545 3033 4621 Obitus
3072 4546 3192 4621 ejus
3229 4544 3533 4621 celebratur
3566 4560 3697 4621 xsiv

2120 4614 2392 4677 Kalendas
2413 4616 2729 4672 Ιυιιὶἱ.›δθᾱ
2766 4618 2950 4687 potius
2983 4614 3209 4687 dicenda
3237 4624 3381 4687 esset
3398 4614 3689 4687 depositio.

2191 4692 2307 4761 (96)
2346 4689 2483 4743 Hinc
2515 4684 2964 4761 incipiunjhActa
3016 4685 3074 4741 S.
3122 4684 3380 4761 Praxedis
3429 4684 3694 4761 in__va_riis

2119 4753 2257 4818 mss.
2289 4753 2396 4816 hoc
2430 4757 2594 4811 modo
2623 4753 2646 4811 Ξ
2686 4776 2704 4809 t
2753 4756 2913 4826 Virgo
2936 4756 3263 4826 venerabilis
3293 4753 3555 4826 P_raxedis
3592 4756 3696 4826 lia--

2118 4833 2400 4889 bitabatin
2416 4828 2600 4883 Titulo
2615 4824 2983 4897 supradicto,»
3005 4827 3131 4897 aliis
3145 4844 3159 4882 :
3193 4825 3283 4881 «In
3308 4824 3489 4897 Titulo
3522 4825 3693 4893 patris

2121 4906 2204 4961 sui
2228 4901 2521 4965 Pudentis;
2550 4918 2570 4951 ι
2599 4894 2700 4952 aut
2725 4916 2739 4951 :
2769 4915 2787 4949 ι
2819 4898 2873 4951 in
2908 4897 3088 4951 Titulo
3109 4894 3512 4965 Lateranensi.r

2194 4973 2308 5043 (97)
2344 4963 2559 5043 Colitur
2589 4967 2649 5023 S.
2687 4966 2930 5043 Novatus
2960 4966 3032 5019 20
3062 4965 3428 5043 Jun_i‘i,_etiam
3461 4963 3692 5043 Ala"!-

2120 5036 2610 5115 rol'ogioiRomano
2638 5109 2650 5115 _
2694 5039 3006 5115 ascriptusz
3049 5046 3110 5115 et
3145 5037 3347 5115 dicitur
3390 5054 3408 5087 ι
3454 5036 3600 5115 ﬁlius

2118 5107 2382 5170 Pudentis
2413 5109 2684 5167 senatoris
2704 5116 2759 5161 et
2775 5107 2942 5161 frater
2973 5107 3029 5162 S.
3051 5107 3324 5162 Timothei
3360 5107 3689 5176 presbyteri,

2120 5196 2175 5241 et
2197 5193 2513 5241 sanctarum
2556 5178 2761 5233 Christi
2789 5177 3059 5245 virginum
3088 5177 3347 5233 Praxedis
3385 5186 3437 5231 et
3471 5175 3692 5231 Puden-

2124 5258 2285 5311 tianae
2311 5253 2440 5324 :qui
2472 5248 2736 5320 apostolis
2769 5247 2971 5324 eruditi
2994 5257 3125 5303 sunt
3150 5249 3207 5324 in
3240 5248 3365 5314 ﬁde,
3388 5261 3691 5324 Lquorum

2120 5327 2261 5381 nihil
2312 5312 2875 5395 probamus,_pr:£ter
2937 5312 3357 5374 fraternitatem"
3388 5312 3685 5395 Timothei.

2122 5397 2249 5452 Dies
2277 5388 2458 5450 autem
2482 5392 2552 5445 28
2582 5390 2783 5459 quibus
2807 5404 2972 5457 supra
3006 5404 3209 5442 annum
3244 5404 3413 5443 unum
3451 5404 3483 5443 ι
3514 5388 3695 5456 sepul-

2125 5478 2245 5521 tura
2275 5463 2649 5525 Pudentianaa,
2680 5473 2745 5530 ex
2772 5459 2924 5530 Actis
2951 5460 3259 5530 nuntiatum
3296 5469 3381 5514 est
3427 5467 3703 5530 aegrotare:

2120 5537 2411 5602 Novatum,
2444 5530 2646 5602 mutavi
2680 5528 2736 5583 in
2766 5529 2864 5602 25Ἀ
2890 5537 2948 5583 ιιι
2988 5529 3319 5584 haberentur
3350 5528 3501 5584 mox'
3522 5529 3694 5583 uomi-

2123 5608 2235 5679 nati
2262 5599 2473 5679 dies;8,
2522 5600 2723 5679 quibus
2748 5599 2996 5679 _inﬁrmo
3025 5611 3319 5674 antequam
3369 5608 3703 5666 moreretur,

2123 5676 2254 5734 Pius
2288 5684 2341 5734 et
2369 5673 2634 5735 Praxedis
2658 5673 2968 5731 astiterunt.
