4076 6142
547 441 1967 688 usurum“
2059 295 3554 686 interdum.
3744 780 3752 789 κ

1149 976 1930 1115 VETERUM
2025 970 3004 1102 TESTIMONIA

1021 1223 1310 1288 (GALLLND.,
1334 1218 1567 1269 Veterum
1588 1215 1798 1264 Patrum
1821 1208 2139 1273 Bibliotheca,
2165 1217 2200 1258 t.
2222 1208 2266 1272 Ι,
2288 1223 2337 1272 p.
2362 1208 2474 1271 2H,
2492 1209 2722 1260 Venetiis
2746 1209 2885 1275 1765,
2904 1212 3094 1279 in-fol.)

798 1510 1068 1566 Omcsues
1101 1501 1285 1556 homil.
1322 1517 1390 1554 xv
1412 1499 1465 1552 in
1491 1495 1676 1549 Iosue.
1711 1491 1795 1546 Ea:
1823 1491 1954 1545 edit.
1986 1489 2184 1544 noviss.
2213 1485 2328 1542 BB.
2358 1485 2542 1540 Paris.
2572 1486 2732 1552 1755,
2769 1496 2894 1542 (om.
2931 1487 2961 1542 Ι
2969 1485 2998 1540 Ι
3004 1528 3018 1553 ,
3044 1505 3166 1558 pag.
3198 1489 3303 1542 453
3327 1489 3391 1544 C.

521 1638 627 1694 Sed
663 1645 718 1690 et
761 1635 814 1689 in
868 1633 1053 1700 aliquo
1085 1627 1322 1700 quodam
1371 1621 1590 1684 libello,
1625 1616 1719 1700 qui
1751 1613 2055 1700 appellatur
2079 1607 3575 1700 Iestafmentunt-dulodeeim‘patriarcharum,quamvis
3599 1623 3712 1700 gon

441 1678 718 1765 habea'tuvr:
744 1678 1264 1760 iii'cli'iliﬁéﬂiiéni
1289 1706 1467 1747 tamen
1495 1678 1801 1765 quemdam
1821 1678 2045 1765 sensum
2078 1681 2422 1745 invenimus,
2453 1680 2601 1750 quod
2648 1694 2748 1749 per
2791 1678 3038 1751 singulos
3063 1686 3351 1747 peccantes
3380 1679 3578 1749 singuli
3609 1678 3715 1735 Sa-

443 1757 1117 1846 taiiteuiiitclligidebeant.
1159 1766 1388 1820 Tcstam.
1415 1779 1456 1827 ι,
1485 1757 1665 1814 Ruben
1702 1773 1819 1826 cap.
1847 1757 1898 1810 5.

1455 1975 1759 2028 Pnocorms
1789 1969 2083 2024 Comment.
2115 1965 2170 2018 in
2205 1963 2414 2030 Genes.,
2440 1979 2557 2032 cap.
2589 1961 2680 2017 58.

511 2119 609 2174 llle
635 2114 878 2181 (ludas),
914 2126 1084 2167 uxore
1114 2106 1396 2166 defuncta,
1442 2095 1720 2177 qua'rcbat
1749 2093 2029 2181 so‘bo‘lcml
2055 2089 2111 2181 In
2159 2087 2512 2181 Testamento
2560 2086 2759 2170 (aiunt)
2805 2095 3092 2181 attestatur
3135 2090 3181 2142 ei
3215 2086 3363 2181 2?.le
3382 2088 3576 2181 ,rquod
3613 2087 3708 2181 dit!

441 2207 560 2247 eam
591 2198 604 2256 (

439 2252 620 2327 Judw',
649 2275 800 2328 capp.
832 2256 898 2308 10
929 2263 978 2306 ει
1009 2252 1095 2307 12.

617 2157 1553 2252 Ῠῖιδδικανιίέιιδῖνξῖιιῖιῄίῖάιηιό(δέξει
1593 2167 1767 2236 virgo,
1793 2163 1963 2217 Judas
2002 2160 2256 2216 habuerit
2307 2175 2319 2212 :
2363 2158 2610 2228 luxitque
2651 2158 2994 2228 iniquitatem
3028 2160 3169 2246 ejus.
3215 2157 3342 2212 Vide
3382 2157 3703 2214 Testameut.

2027 2326 2114 2382 Ill.

441 2467 778 2524 ANASTASIUS
819 2461 1043 2517 Summ
1064 2451 1356 2524 Anagogic.
1388 2434 1763 2514 Contemplatt.
1797 2441 1852 2494 in
1881 2437 2250 2580 Elegagggngt
2279 2435 2374 2490 lib.
2405 2438 2504 2504 vn,
2529 2449 2594 2490 ea:
2625 2437 2754 2491 edit.
2785 2435 3045 2490 Biblioth.
3087 2434 3205 2491 PP.
3246 2436 3418 2508 Lugd.
3446 2448 3570 2494 tom.
3600 2440 3707 2509 IX,

1992 2549 2005 2562 .
2148 2541 2166 2569 ,
2245 2547 2259 2561 .

1992 2549 2005 2562 ο
2036 2541 2166 2569 ouo,
2194 2541 2259 2561 υ.

515 2653 666 2711 Unde
692 2650 902 2708 llebraai
929 2665 992 2704 ex
1018 2647 1159 2700 libro
1181 2641 1274 2711 qui
1300 2655 1406 2692 non
1431 2645 1514 2690 est
1541 2636 1796 2711 redactus
1824 2631 1875 2683 in
1901 2628 2204 2711 panonem,
2229 2624 2565 2711 quiquidem
2590 2622 3208 2711 diciturTestamlentuin
3233 2624 3705 2711 protoplastOrum,

441 2725 632 2781 dicunt
696 2725 1072 2789 uadragesima
1098 2725 1185 2768 die
1220 2725 1526 2835 ingressum
1553 2725 1674 2787 esse
1700 2725 1727 2784 ιδ

441 2741 952 2847 nranho‘i’vrrhoni.
983 2799 1038 2843 et
1070 2785 1271 2847 quibus
1311 2796 1398 2834 ani
1431 2783 1727 2846 exposrtorl

440 2773 952 2867 iiiiiibiiyi-Eiibiii,
983 2799 1038 2843 et
1070 2773 1398 2857 quibusdam
1431 2773 1858 2846 expositoribus.

733 2695 1526 2789 adtingezsiina-die'ingressum
1553 2721 1674 2787 esse
1700 2703 1874 2789 didam
1907 2701 1960 2752 in
1984 2698 2269 2768 paradiso,
2296 2696 2440 2750 sicut
2467 2696 2632 2750 etiam
2666 2695 2878 2750 videtur
2913 2695 3129 2750 cuidam
3157 2695 3421 2750 historico
3468 2695 3709 2751 chrono-

2023 2958 2028 2960 _
2134 2953 2139 2958 .
2912 2952 2915 2955 _
3058 2948 3060 2952 τ
3626 2960 3662 2975 φ

1661 3136 2468 3232 DISSERTATIO

875 3359 970 3422 De
1024 3356 1194 3422 libro
1231 3357 1347 3438 qui
1389 3356 1483 3416 De
1511 3347 1838 3414 duodecim
1866 3339 2394 3405 Patriarcharum
2438 3335 2825 3398 testamentis
2857 3336 3261 3406 inscribitur.

2017 3521 2090 3534 .-

1252 3648 1334 3707 (D.
1358 3645 1427 3695 LI:
1456 3644 1680 3703 Νοσιωῖ,
1703 3642 1977 3704 Apparatus
1999 3631 2065 3685 ad
2091 3624 2320 3682 Biblioth.
2341 3635 2496 3685 mam,
2529 3626 2568 3672 t.
2601 3619 2644 3685 ῐ,
2667 3636 2717 3687 ρ.
2737 3620 2874 3685 255.)

853 3828 1255 3891 ABTICULUS
1301 3829 1586 3889 PRIMUS.

922 3951 1173 4021 Analysis
1195 3950 1350 4020 hujus
1373 3948 1518 4004 libri.

509 4085 567 4143 ln
608 4088 714 4142 hoc
758 4085 897 4142 libro
945 4086 1276 4141 exhibentur
1328 4084 1519 4139 ultima
1569 4081 1858 4138 duodecim
1910 4096 2011 4150 pa-

437 4178 823 4243 triarcharum,
839 4178 1072 4231 ﬁliorum
1095 4175 1285 4244 Jacob,
1316 4177 1498 4237 verba,
1517 4191 1639 4246 qum
1664 4175 1765 4245 ipsi
1783 4174 2008 4245 jamjam

439 4269 688 4324 morituri
720 4269 784 4324 ad
824 4269 984 4334 ﬁlios,
1021 4278 1186 4337 atque
1216 4285 1283 4323 ex
1306 4267 1512 4322 eisdem
1547 4267 1814 4333 nonnulli,
1846 4267 2011 4321 nimi-

437 4376 557 4414 rum
599 4360 788 4414 Ruben
821 4370 874 4414 et
907 4357 1105 4428 Joseph
1143 4359 1208 4413 ad
1251 4358 1447 4413 fratres
1488 4372 1706 4428 quoque
1748 4371 1880 4412 suos
1912 4359 2012 4413 ha-

439 4453 622 4507 buisse
665 4452 941 4507 dicuntur.
983 4451 1040 4504 In
1081 4451 1163 4506 his
1209 4459 1389 4505 autem
1424 4449 1613 4505 Ruben
1646 4450 1824 4519 major
1853 4461 2006 4517 natu,

436 4544 680 4600 omnium
724 4545 935 4614 primus
979 4553 1362 4598 testamentum
1409 4559 1568 4598 suum
1605 4559 1636 4598 a
1665 4541 2010 4599 confessione

436 4636 648 4702 incesti,
683 4635 828 4706 quod
867 4637 980 4706 ipse
1027 4651 1149 4690 cum
1193 4633 1349 4701 Bala,
1381 4635 1689 4690 concubina
1717 4634 1888 4704 patris
1923 4635 2008 4689 sui

434 4728 818 4794 commiserat,
862 4728 1094 4781 orditur.
1149 4725 1287 4780 Tum
1342 4727 1534 4781 deinde
1593 4725 1829 4780 ostendit
1871 4739 2009 4795 quas

435 4819 560 4873 inde
592 4835 781 4888 pmnas
807 4819 916 4874 Deo
937 4818 1164 4883 dederit,
1196 4827 1250 4871 et
1275 4833 1436 4887 quam
1463 4818 1529 4873 ad
1561 4818 1852 4874 eluendum
1891 4833 2010 4873 sce-

435 4911 524 4966 lus
563 4928 724 4967 suum
775 4913 946 4984 egerit
996 4910 1394 4981 paenitentiam.
1451 4911 1814 4976 Quamobrem
1864 4910 2008 4967 ﬁlios

433 5018 566 5060 suos
596 5005 664 5060 ad
697 5006 985 5060 mulierum
1029 5013 1309 5074 aspectum
1357 5003 1657 5071 vitandum,
1693 5013 1748 5060 et
1795 5005 2008 5076 fugien-

433 5096 561 5151 dam
601 5096 1012 5152 fornicationem
1039 5097 1381 5164 adhcrtatus,
1413 5095 1672 5150 nonnulla
1697 5096 1764 5152 de
1784 5095 2006 5153 Christo

429 5199 664 5244 venturo
695 5190 872 5245 obiter
897 5189 1232 5262 perstringit.

507 5280 728 5337 Simeon
776 5298 905 5337 vero
955 5284 1129 5352 aperit
1178 5291 1382 5353 quanta
1424 5283 1478 5337 in
1527 5280 1728 5352 Joseph
1777 5281 2000 5338 fratrem

433 5389 594 5430 suum
640 5377 906 5430 exarserit
945 5374 1166 5440 invidia,
1199 5385 1575 5446 quantumque
1605 5376 1811 5430 idcirco
1842 5375 2004 5431 fuerit

431 5467 679 5537 punitus.
698 5484 762 5522 ac
788 5467 992 5536 peccati
1023 5466 1108 5520 sui
1138 5466 1315 5536 ipsum
1339 5467 1674 5537 pmnituerit.
1705 5465 2002 5537 Eapropter

431 5561 688 5614 admonet
723 5560 862 5613 ﬁlios
903 5574 1033 5613 suos
1055 5600 1068 5624 ,
1101 5569 1160 5613 ut
1187 5559 1256 5613 ab
1288 5559 1489 5614 invidia
1526 5559 1716 5615 sedulo
1751 5569 1995 5626 caveant,

2041 3805 2090 3862 Α
2116 3812 2564 3878 constantissime
2591 3817 2959 3882 perseverent.
2986 3805 3230 3876 Denique
3247 3820 3310 3858 ex
3334 3803 3478 3857 libro
3511 3801 3696 3859 Enoch

2116 3906 2297 3961 futura
2330 3919 2519 3958 eorum
2549 3911 2793 3973 peccata,
2823 3909 2877 3957 et
2914 3899 3195 3956 Christum
3229 3904 3515 3950 venturum
3554 3909 3698 3964 pra!—

2113 3998 2354 4054 nuntiat.

2185 4088 2312 4143 Levi
2354 4086 2522 4143 tradit
2554 4103 2613 4143 se
2650 4103 2679 4142 a
2715 4087 2825 4141 Deo
2865 4085 3078 4140 duabus
3111 4082 3374 4138 donatum
3407 4080 3577 4136 fuisse
3606 4081 3692 4135 vi-

2113 4178 2383 4241 sionibus,
2407 4191 2639 4247 quarum
2670 4176 2842 4246 prima
2873 4175 3062 4241 caelos,
3088 4173 3142 4227 in
3169 4172 3372 4243 quibus
3390 4171 3527 4242 justi
3555 4188 3696 4241 pra:-

2112 4271 2260 4336 miis,
2301 4269 2490 4338 injusti
2536 4284 2665 4324 vero
2715 4268 2998 4338 suppliciis
3038 4266 3362 4331 adicientur,
3387 4281 3446 4320 se
3489 4265 3692 4320 vidisse

2111 4363 2396 4434 proﬁtetur
2434 4380 2447 4416 :
2480 4361 2535 4415 in
2585 4361 2820 4416 secunda
2871 4375 2930 4416 se
2965 4358 3398 4414 sacerdotalibus
3445 4357 3690 4411 vestibus

2111 4455 2361 4511 indutum
2408 4463 2461 4510 et
2509 4455 2846 4510 sacerdotem
2891 4454 2945 4508 in
3003 4462 3270 4508 azternum
3325 4451 3687 4506 constitutum

2111 4546 2282 4602 fuisse
2309 4547 2568 4602 declarat.
2613 4545 2746 4602 Post
2771 4546 2888 4601 haec
2909 4561 2974 4600 ex
3007 4545 3148 4599 libro
3185 4542 3370 4598 Enoch
3412 4543 3538 4597 ﬁliis
3571 4544 3689 4599 suis

2111 4640 2398 4694 annuntiat
2433 4639 2486 4692 in
2529 4654 2651 4709 qua:
2688 4637 2894 4708 lapsuri
2928 4645 3111 4692 essent
3146 4643 3390 4705 peccata,
3421 4636 3686 4704 pluraque

2110 4731 2178 4785 de
2205 4729 2446 4796 Christo,
2480 4744 2543 4784 ac
2573 4730 2640 4784 de
2668 4729 2986 4784 eorumdem
3031 4727 3267 4782 ﬁliorum
3309 4741 3539 4782 suorum
3569 4728 3684 4784 dis-

2109 4822 2385 4893 persione,
2415 4821 2612 4877 exsilio
2647 4827 2701 4876 et
2732 4821 3047 4891 captivitate
3074 4819 3339 4890 praedicit.

2179 4912 2348 4968 Judas
2391 4921 2577 4967 narrat
2616 4923 2880 4983 quantum
2913 4911 3146 4966 valuerit
3186 4911 3432 4981 corporis
3472 4911 3684 4969 viribus

2109 5021 2172 5060 ac
2218 5005 2434 5071 robore,
2476 5012 2530 5059 et
2572 5020 2735 5074 quam
2779 5004 3038 5074 praeclara
3085 5003 3138 5056 in
3189 5002 3392 5072 praeliis
3435 5000 3683 5060 facinora

2107 5097 2354 5153 ediderit.
2383 5096 2544 5152 Addit
2573 5095 2718 5151 Esau
2756 5096 2810 5150 in
2845 5094 3033 5165 praalio
3062 5109 3094 5148 a
3122 5093 3292 5150 Jacob
3323 5094 3592 5160 occisum,
3628 5103 3684 5152 et

2036 5181 2082 5243 Β
2110 5207 2167 5247 se
2198 5207 2310 5248 non
2341 5191 2518 5245 solum
2547 5205 2670 5245 cum
2705 5185 2947 5243 Thamar
2975 5204 3118 5243 nuru
3161 5204 3260 5244 sua
3292 5189 3684 5254 concubuisse,

2108 5299 2296 5339 verum
2329 5297 2554 5338 uxorem
2596 5296 2814 5352 quoque
2845 5280 3068 5335 duxisse
3099 5280 3464 5336 Chananaaam
3493 5260 3587 5335 :at
3619 5290 3686 5337 se

2111 5375 2394 5445 utriusque
2421 5373 2666 5430 criminis
2709 5373 2885 5441 egisse
2918 5373 3314 5442 paenitentiam.
3362 5370 3493 5426 Inde
3534 5370 3684 5428 ﬁlios

2102 5465 2541 5528 commonefacit,
2583 5475 2640 5519 ut
2677 5463 2890 5534 fugiant
2916 5464 3236 5520 ebrietatem
3271 5471 3325 5519 et
3353 5462 3684 5519 fornicatio‘.

2100 5574 2247 5623 nem,
2280 5559 2469 5628 eisque
2509 5556 2740 5613 subinde
2769 5563 2958 5611 narrat
2990 5569 3102 5626 quo
3129 5564 3290 5626 pacto
3321 5555 3566 5627 angelica
3593 5557 3680 5609 vi-

433 5659 595 5718 atque
638 5651 692 5704 in
731 5649 1078 5719 simplicitate
1119 5649 1326 5718 cordis,
1355 5659 1408 5707 et
1454 5649 1696 5708 fraterna
1727 5651 1995 5706 charitate
2096 5653 2246 5707 sione
2266 5651 2815 5722 didicerit,quantum
2840 5650 3098 5708 mulieres
3119 5650 3252 5707 viris
3274 5660 3456 5708 essent
3479 5650 3677 5707 noxiae.
