4076 6142
431 258 570 316 i027

1500 250 1971 310 TESTAMENTA
2002 249 2100 305 ιιι
2147 248 2568 305 PATRIARCH.

3561 257 3702 315 £028

425 374 708 432 Postremo
753 377 888 447 ipsrs
925 393 1050 448 qua:
1090 379 1368 449 peccaturi
1417 389 1626 448 essent,
1672 388 1729 435 et
1767 377 2014 434 futurum
2043 381 2091 437 Α
2116 385 2171 430 et
2205 374 2445 430 futuram
2478 375 2911 442 tribulationem,
2938 381 2991 429 et
3031 370 3312 426 Christum
3347 360 3468 425 fore
3496 383 3694 426 ventu-

423 466 625 525 Christi
655 468 947 525 adventum
972 471 1238 526 declarat.

496 558 789 631 Postquam
829 560 1076 618 lssachar
1116 564 1272 632 plura
1300 564 1369 619 de
1397 563 1682 619 nativitate
1720 577 1823 618 sua
1863 561 2010 618 edis-

427 657 617 721 seruit,
637 673 696 712 se
717 657 790 712 ita
818 669 872 712 et
899 658 953 712 in
981 659 1330 729 simplicitate
1350 659 1666 715 ambulasse
1688 666 1740 713 et
1766 645 2006 716 coluisse

427 746 818 816 agriculturam
849 746 1080 814 fatetur;
1113 756 1173 803 ut
1199 749 1410 803 nullum
1442 765 1685 820 unquam
1722 758 2005 818 peccatum

428 837 494 891 ad
536 847 766 893 mortem
811 839 1113 895 admiserit.
1166 839 1513 910 Quapropter
1561 841 1704 896 lilios
1753 854 1886 896 suos
1937 839 2004 894 ad

427 929 833 1000 simplicitatem
869 940 924 987 et
951 931 1349 1002 agriculturam
1397 932 1698 1002 plurimum
1747 932 2010 987 adhorta-

431 1029 488 1074 tu
495 1035 542 1075 Γ.

499 1114 745 1170 Zabulon
777 1131 836 1171 se
873 1117 1036 1172 etiam
1066 1133 1174 1172 non
1223 1131 1484 1188 peccasse
1508 1115 1728 1178 asserit,
1758 1123 1812 1170 et
1849 1113 2006 1185 plura

426 1205 494 1260 dc
525 1206 829 1262 venditione
868 1205 1068 1276 Joseph
1103 1215 1470 1272 commentus,
1497 1206 1736 1260 ostendit
1773 1220 1832 1260 se
1881 1218 2010 1258 ven-

427 1297 651 1352 ditionis
673 1299 837 1364 illius,
861 1307 915 1354 et
946 1300 1155 1372 peccati
1180 1300 1410 1353 fratrum
1439 1311 1666 1352 suorum
1701 1312 1810 1350 non
1838 1294 2011 1349 fuisse

429 1406 604 1445 reum.
645 1389 840 1446 Subdit
873 1407 1003 1447 vero
1046 1407 1105 1447 se
1139 1393 1378 1462 primum
1410 1391 1599 1461 fecisse
1629 1390 1881 1458 scapham
1912 1405 2011 1442 na-

427 1483 602 1552 vigare
629 1483 682 1536 in
715 1484 880 1550 mari,
913 1492 1077 1554 atque
1105 1500 1173 1539 ex
1205 1484 1391 1549 variis,
1425 1498 1568 1552 quos
1618 1481 1734 1551 ipse
1773 1489 2008 1550 ceperat,

428 1572 670 1640 piscibus
717 1587 777 1628 se
823 1574 1011 1643 egenis
1059 1575 1256 1644 stipem
1303 1587 1580 1644 erogasse.
1638 1570 2005 1638 Quamobrem

429 1661 568 1718 filios
601 1679 732 1719 suos
773 1665 974 1721 excitat
1023 1666 1090 1722 ad
1142 1665 1603 1731 misericordiam,
1635 1664 2006 1729 concordiam,

426 1762 481 1809 et
519 1755 814 1825 perfectam
860 1757 1002 1812 inter
1041 1772 1102 1813 se
1138 1757 1482 1812 charitateni.
1531 1755 1775 1811 Tandem
1822 1754 2006 1811 futura

427 1859 616 1899 eorum
649 1847 875 1914 scelera,
907 1859 961 1902 et
985 1847 1228 1902 futuram
1260 1847 1465 1904 Christi
1495 1848 1710 1903 Domini
1755 1848 2010 1904 incarna-

427 1937 650 2005 tionem,
678 1939 930 1996 adductis
958 1956 1028 1996 ex
1067 1941 1206 1996 libro
1232 1939 1418 1996 Enoch
1464 1941 1714 2012 pluribus
1759 1940 2006 1996 testimo-

431 2029 560 2097 niis,
594 2031 902 2087 annuntiat.

499 2120 612 2175 Dan
635 2120 835 2177 fatetur
863 2137 922 2178 se
948 2122 1014 2178 de
1043 2123 1355 2178 venditione
1378 2133 1433 2178 et
1454 2132 1630 2178 morte
1661 2121 1884 2194 Joseph,
1917 2127 2008 2181 cui

428 2226 625 2266 manus
675 2211 868 2266 aﬂ'erre
913 2201 1190 2280 volu'crat,
1228 2215 1428 2284 gaudio
1475 2213 1648 2269 fuisse
1695 2215 2002 2284 perfusum.

427 2298 634 2358 Idcirco
677 2303 834 2360 docet
887 2304 1029 2361 filios
1074 2306 1143 2361 ab
1196 2307 1276 2360 ira
1318 2321 1440 2361 esse
1488 2307 2008 2378 cavendum,atque

428 2389 501 2446 ibi
546 2393 807 2448 nonnulla
834 2393 901 2448 de
932 2393 1220 2450 mendacio
1251 2393 1508 2466 fugiendo
1541 2396 1731 2450 leviter
1760 2397 2001 2466 attingit.

427 2483 672 2554 Denique
713 2500 836 2555 quae
892 2486 997 2557 ipsi
1051 2488 1418 2558 perpetraturi
1462 2497 1649 2543 essent
1689 2489 1915 2555 scelera,
1951 2499 2006 2544 et

427 2574 546 2632 fore
571 2586 632 2632 ut
659 2577 913 2634 Christus
942 2579 1108 2635 homo
1136 2580 1310 2646 ﬁeret,
1342 2594 1409 2634 ex
1454 2578 1595 2634 libro
1630 2577 1820 2635 Enoch
1861 2580 2005 2634 vati-

463 2667 666 2722 inatur.

463 2677 515 2720 in
580 2683 610 2720 u
649 2704 666 2722 .

428 2680 460 2721 c
496 2677 784 2826 [Sdphthali
813 2757 983 2812 multa
1011 2757 1232 2827 quidem
1275 2756 1342 2813 de
1378 2758 1697 2829 parentibus
1738 2758 1881 2815 Bala:
1923 2758 2006 2815 fa-

425 2849 680 2915 bulatur;
714 2864 780 2903 ac
807 2849 948 2904 ﬁlios
985 2863 1115 2904 suos
1151 2850 1344 2904 deinde
1384 2858 1590 2918 monet,
1619 2858 1680 2904 ut
1713 2849 1879 2906 Deum
1912 2867 2005 2906 co-

424 2941 542 2994 lant
585 2947 638 2994 et
665 2941 718 2993 in
747 2940 887 2994 bono
913 2947 1278 3009 perseverent.
1312 2938 1392 2994 Ex
1419 2939 1558 2995 libro
1579 2951 1758 2996 autem
1791 2941 2000 3007 Enoch,

2114 479 2242 519 rum
2277 464 2424 519 haud
2451 467 2767 522 dubitanter
2800 467 3017 522 asserit.

2183 556 2470 613 Postremo
2500 558 2783 629 Beniamin
2811 561 3065 614 hortatur
3091 558 3235 613 ﬁlios
3267 565 3420 621 suos,
3454 563 3518 611 ut
3539 555 3696 612 lose-

2113 649 2240 720 phi,
2278 649 2384 704 viri
2415 651 2614 716 sancti,
2647 652 2906 707 insistant
2936 651 3205 722 vestigiis,
3242 647 3418 703 Deum
3447 647 3697 714 timeant,

2113 742 2344 814 diligant
2374 743 2715 816 proximum,
2745 744 3032 813 praeceptis
3065 741 3160 796 Dei
3186 740 3464 806 obediant,
3495 754 3560 794 ac
3591 756 3696 808 pu-

2115 849 2230 889 ram
2283 846 2339 891 et
2388 837 2795 891 immaculatam
2841 844 3170 892 conservent
3217 849 3374 890 suam
3434 843 3692 888 mentem.

2113 926 2226 982 lllis
2272 936 2456 982 autem
2506 928 2642 998 ipsis
2687 943 2753 982 ex
2799 927 2942 982 libro
2986 927 3176 982 Enoch
3224 925 3470 996 praedicit
3511 925 3696 980 futura

2113 1036 2303 1076 eorum
2340 1021 2596 1088 crimina,
2625 1019 2906 1076 Christum
2945 1029 3261 1085 venturum,
3293 1019 3474 1072 velum
3506 1021 3693 1088 templi

2113 1105 2496 1179 séindendum,
2527 1129 2718 1169 omnes
2746 1130 2777 1168 a
2813 1114 3046 1170 mortuis
3069 1113 3388 1168 excitandos
3417 1111 3690 1175 homines,

2113 1215 2166 1261 et
2193 1207 2247 1260 in
2273 1207 2484 1278 judicio
2521 1208 2821 1264 universali
2861 1207 3155 1263 sistendos.
3196 1205 3444 1274 Denique
3471 1203 3614 1259 sicut
3639 1215 3694 1257 ct

2114 1300 2206 1354 alii
2250 1300 2575 1370 patriarcha:
2621 1299 2752 1354 ﬁliis
2798 1298 2914 1354 suis
2960 1297 3376 1360 mandaverant,
3415 1295 3488 1350 ita
3521 1305 3575 1349 et
3604 1295 3694 1349 ille

2117 1391 2234 1446 suis
2277 1391 2524 1461 praecipit
2569 1401 2630 1445 ut
2665 1407 2729 1446 ex
2773 1390 3008 1461 Egypto
3049 1390 3103 1444 in
3153 1388 3370 1443 Hebron
3407 1403 3532 1443 ossa
3569 1403 3688 1453 sua,

2112 1497 2234 1552 quae
2274 1481 2347 1536 ibi
2397 1497 2523 1536 cum
2570 1483 2819 1552 patribus
2864 1483 2982 1538 suis
3020 1481 3376 1552 sepeliantur,
3411 1486 3690 1550 asportent

2060 1556 2072 1574 ’
2112 1583 2167 1628 et
2189 1574 2428 1630 condant
2456 1573 2514 1628 in
2541 1577 2777 1631 tumulo.

2641 1684 2850 1741 ARTIC
2861 1685 3042 1742 ULUS
3089 1684 3154 1739 ll.

2113 1774 2518 1834 Demonstratur
2549 1778 2688 1832 hunc
2726 1776 2922 1860 librum
2953 1777 3286 1846 suppositum
3313 1791 3426 1830 esse
3445 1783 3496 1829 et
3529 1775 3687 1829 adut-

2776 1858 3024 1901 teriuum.

2181 1923 2281 1996 Hic
2331 1940 2490 2009 liber,
2545 1941 2751 1997 nullius
2780 1939 3019 1996 auctoris
3076 1939 3298 1994 nomine
3357 1937 3686 2007 inscriptus,

2109 2033 2473 2102 proscribitur
2499 2033 2568 2088 ab
2593 2033 2871 2100 omnibus,
2899 2033 3272 2102 asseriturque
3298 2047 3424 2087 eum
3455 2030 3685 2100 figmen-

2109 2125 2200 2191 tis,
2225 2123 2426 2180 fabulis
2472 2125 2862 2195 erroribusque
2893 2125 3114 2194 plenum
3145 2139 3288 2191 esse,
3316 2132 3371 2178 et
3417 2121 3686 2178 scaturire

2111 2217 2429 2272 mendaciis.
2474 2208 2620 2284 Quin
2669 2216 2780 2273 imo
2818 2213 2975 2288 plura
3005 2232 3131 2272 cum
3177 2230 3335 2272 sacro
3385 2214 3682 2286 Scriptum

2107 2317 2258 2365 textu
2287 2311 2582 2381 pugnantia
2609 2309 2663 2364 in
2696 2310 2790 2366 illo
2819 2310 3296 2382 deprehendimus.

2178 2400 2424 2457 Primum
2453 2402 2600 2457 enim
2639 2403 2692 2457 id
2722 2403 2894 2457 textui
2932 2402 3119 2457 divino
3163 2401 3509 2468 adversatur,
3537 2402 3682 2471 quod

2107 2493 2298 2550 Ruben
2345 2495 2412 2550 de
2459 2509 2561 2550 suo
2608 2509 2732 2550 cum
2775 2493 2926 2562 Bala,
2957 2501 3011 2550 et
3056 2492 3226 2550 Judas
3271 2510 3398 2550 cum
3445 2493 3685 2548 Thamar

2107 2586 2314 2642 incestu
2345 2585 2679 2642 fabulantur.
2712 2585 2848 2642 illud
2880 2587 3008 2644 item
3040 2588 3185 2658 quod
3218 2586 3286 2642 de
3316 2586 3681 2657 quorumdam

2106 2679 2560 2751 patriarcharum,
2587 2679 2883 2744 Simeonis,
2907 2677 3057 2734 verbi
3085 2679 3280 2749 gratia,
3309 2688 3363 2734 et
3386 2677 3681 2732 Zabulonis

2104 2774 2362 2828 statuitur
2395 2780 2571 2827 aetate.
2600 2770 2676 2826 Ea
2712 2772 2948 2842 denique
2979 2787 3101 2842 qua:
3133 2769 3358 2826 Simeon
3384 2780 3437 2826 et
3460 2769 3589 2825 Levi
3614 2771 3679 2824 de

2103 2864 2302 2932 pugnis,
2336 2879 2473 2934 quas
2505 2863 2577 2918 ob
2616 2862 2766 2918 Dium
2795 2863 3004 2919 sororis
3042 2879 3156 2919 suae
3197 2871 3413 2933 raptum
3443 2878 3473 2916 a
3503 2862 3680 2916 Siehi-

2104 2955 2253 3010 mitis
2293 2957 2579 3026 repetiere,
2610 2965 2664 3012 et
2693 2971 2816 3028 quae
2860 2955 2978 3011 Cad
3019 2955 3087 3010 de
3125 2953 3436 3010 venditione
3477 2951 3677 3023 Joscph

424 3041 590 3121 atque
613 3047 679 3087 ex
705 3032 1010 3088 visionibus
1041 3033 1157 3089 suis
1187 3032 1434 3104 pradicit
1469 3032 1587 3090 fore
1610 3043 1668 3090 ut
1698 3034 1752 3089 in
1783 3047 2000 3106 peccata
2028 3059 2070 3120 ο
2104 3047 2327 3104 ﬁnxisse
2359 3049 2610 3121 legimus,

424 3120 527 3192 ipsi
571 3122 1006 3192 prolaberentur,
1039 3124 1492 3193 coorireuturque
1537 3130 1907 3194 tempestates,
1933 3141 1999 3182 ac

421 3209 678 3268 Christus
723 3212 944 3270 tandem
988 3221 1272 3284 assumpta
1312 3213 1552 3269 humana
1593 3229 1758 3270 carne
1803 3230 1997 3272 nasce-

426 3312 589 3360 retur.

490 3392 607 3450 Cati
641 3393 734 3451 ubi
766 3394 923 3464 plura
962 3394 1031 3451 de
1057 3392 1368 3451 venditione
1399 3385 1601 3464 Joseph
1627 3387 1998 3450 commentitia

419 3484 662 3554 tradidit,
693 3486 985 3543 confitetur
1025 3500 1084 3542 se
1112 3500 1238 3541 eum
1285 3485 1414 3541 odio
1450 3485 1708 3541 habuisse
1742 3495 1855 3540 tam
1890 3485 1998 3540 im-

419 3577 705 3647 placabili,
736 3585 799 3632 ut
843 3577 948 3648 ipsi
990 3592 1178 3632 necem
1227 3575 1573 3632 consciscere
1615 3575 1870 3642 voluerit,
1901 3574 1997 3631 sed

418 3671 488 3726 de
535 3669 622 3726 his
677 3677 731 3725 et
777 3670 1101 3740 paenituisse
1145 3677 1200 3725 et
1250 3669 1417 3724 luisse
1460 3683 1672 3739 poenas.
1728 3662 1996 3734 Quocirca

419 3762 561 3818 filios
591 3778 721 3818 suos
751 3761 818 3816 ad
857 3762 1043 3816 odium
1087 3759 1427 3832 fugiendum,
1456 3769 1510 3815 et
1553 3759 1840 3814 fovendam
1879 3759 1995 3815 fra-

419 3862 629 3908 ternam
658 3853 979 3907 charitatem
1023 3853 1234 3918 incitat,
1264 3867 1328 3906 ac
1355 3851 1647 3906 nonnullas
1679 3851 1899 3906 demum
1928 3852 1996 3908 de

416 3944 638 4000 Christo
671 3943 850 3999 fundit
887 3943 1321 3998 vaticinationes.
1789 4014 1798 4019 _
1895 4013 1934 4021 η

487 4038 623 4093 Aser
654 4038 796 4093 filios
819 4053 950 4094 suos
973 4037 1112 4093 duas
1139 4051 1260 4092 esse
1289 4035 1406 4091 vias
1435 4033 1617 4101 docet,
1644 4051 1807 4090 unam
1839 4035 1990 4105 boni,

418 4129 547 4185 mali
597 4131 862 4197 alteram;
901 4131 1044 4185 hanc
1088 4127 1524 4198 relinquendam,
1569 4127 1717 4183 illam
1763 4144 1991 4200 carpen-

417 4222 566 4279 dam.
615 4221 896 4277 Testatum
948 4220 1143 4276 deinde
1193 4219 1346 4285 facit,
1379 4233 1437 4274 se
1481 4218 1537 4272 in
1583 4218 1675 4273 illa
1710 4219 1854 4290 ,boni
1903 4221 1990 4276 via

417 4329 633 4384 semper
667 4313 1002 4380 ambulasse,
1040 4322 1202 4382 atque
1246 4311 1388 4366 tilios
1432 4324 1563 4365 suos
1605 4318 1666 4365 ut
1707 4310 1849 4365 idem
1887 4310 1992 4367 iter

417 4406 623 4472 ineant,
649 4407 791 4461 serio
817 4415 1146 4460 commonet.
1177 4403 1421 4472 Denique
1447 4402 1533 4456 his
1555 4403 1843 4458 annuntiat
1872 4401 1989 4459 fore
2020 4411 2064 4466 ι)

416 4507 480 4552 ut
509 4497 612 4566 ipsi
640 4505 947 4566 peccarent,
974 4511 1040 4551 ac
1065 4494 1300 4566 dispersi
1331 4500 1676 4563 vagarentur,
1708 4490 1989 4550 Christus-

415 4602 522 4655 que
557 4595 742 4656 postea
769 4586 1001 4642 veniret.

490 4699 695 4770 Joseph
736 4700 973 4771 explicat
1021 4715 1131 4772 quo
1169 4708 1329 4770 pacto
1362 4713 1392 4752 a
1423 4697 1683 4754 fratribus
1733 4697 1868 4765 suis,
1893 4698 1988 4768 qui

415 4806 543 4847 eum
583 4793 810 4863 perdere
838 4793 1215 4858 decreverant,
1249 4791 1321 4847 sit
1355 4789 1630 4856 venditus,
1657 4798 1711 4844 et
1742 4798 1986 4858 postmo-

412 4883 545 4941 dum
592 4891 808 4952 emptus
842 4899 874 4938 a
903 4882 1220 4953 Putiphare.
1268 4881 1432 4936 Ponit
1477 4882 1642 4936 etiam
1691 4881 1762 4935 ob
1797 4881 1986 4935 oculos

414 4974 637 5046 quantis
665 4975 899 5040 artibus,
929 4973 1231 5037 blanditiis,
1273 4973 1564 5042 minisque,
1596 4979 1720 5026 ante
1744 4979 1798 5025 et
1832 4979 1981 5040 post-

413 5087 580 5142 quam
611 5071 666 5124 in
689 5084 964 5124 carcerem
992 5068 1187 5124 fuisset
1213 5067 1514 5138 conjectus,
1542 5080 1680 5119 uxor
1702 5063 1984 5132 Putiphari

412 5165 722 5219 castitatem
777 5161 898 5233 ejus
951 5161 1241 5216 tentaverit
1271 5176 1286 5215 :
1317 5165 1522 5229 quanta
1572 5155 1806 5224 denique
1868 5154 1984 5208 suis

412 5256 531 5326 ipse
554 5254 815 5310 fratribus
841 5253 1007 5309 etiam
1032 5261 1158 5323 post
1178 5248 1370 5307 Jacobi
1405 5257 1637 5303 mortem
1672 5244 1984 5315 impertive-

411 5349 484 5402 rit
518 5349 680 5404 bona.
713 5345 886 5402 Filios
925 5349 1108 5416 itaque
1145 5358 1276 5400 suos
1305 5342 1374 5397 ad
1411 5340 1784 5404 sobrietatem,
1814 5335 1980 5390 casti-

414 5449 609 5505 tatem,
661 5436 1161 5509 longanimitatem,
1198 5444 1252 5490 et
1295 5432 1592 5488 fraternam
1634 5427 1978 5484 dilectionem

411 5532 706 5604 plurimum
753 5529 970 5595 excitat,
1001 5527 1320 5584 ac-tandem
1356 5541 1423 5582 ex
1463 5521 1806 5581 somniorum
1850 5520 1980 5578 visis

554 5682 674 5736 Lib.
709 5699 774 5738 xv
798 5682 874 5737 De
894 5683 1065 5751 civit.,
1088 5696 1210 5751 cap.
1248 5680 1344 5735 25.

2168 3158 2436 3218 Praeterea
2467 3177 2657 3220 omnes
2683 3164 2793 3220 fere
2819 3163 3145 3235 patriarcha:
3172 3162 3372 3218 ibidem
3400 3161 3678 3218 inducun-

2100 3261 2191 3310 tur
2215 3256 2587 3326 apocryphum
2626 3256 2826 3311 librum
2851 3255 3062 3323 Enoch,
3093 3269 3331 3327 eumque
3354 3265 3674 3324 corruptum

2099 3347 2350 3402 citantes.
2391 3347 2698 3419 Augustino
2733 3348 2879 3403 enim
2927 3347 3088 3403 ﬁdem
3123 3348 3170 3404 si
3199 3346 3425 3413 habeas,
3455 3348 3675 3402 codices

2098 3437 2226 3495 libri
2276 3439 2464 3496 Enoch
2506 3439 2743 3510 duplicis
2785 3440 3002 3512 generis
3049 3439 3292 3504 fuerunt,
3319 3438 3412 3494 alii
3457 3439 3574 3494 veri
3621 3446 3676 3492 et

2098 3531 2342 3604 genuini,
2375 3532 2468 3587 alii
2491 3533 2733 3603 corrupti
2757 3542 2812 3588 et
2841 3532 3151 3587 adulterati.
3196 3530 3361 3601 Atqui
3395 3539 3674 3586 auctorem

2097 3631 2347 3679 nostrum
2377 3625 2431 3678 in
2463 3624 2564 3679 hos
2593 3625 2974 3680 tantummodo
3002 3623 3262 3680 incidisse
3291 3623 3498 3677 nemini
3529 3633 3676 3680 certe

2095 3714 2323 3770 dubium
2365 3715 2661 3782 videbitur,
2692 3716 2786 3785 qui
2819 3716 2935 3770 haec
2964 3715 3032 3770 dc
3071 3715 3265 3770 iisdem
3295 3713 3533 3770 audierit
3561 3715 3674 3768 Au-

2096 3811 2300 3881 gustini
2343 3811 2506 3865 verba
2529 3813 2546 3843 ί
2575 3829 2588 3865 :
2615 3810 2902 3878 Scripsisse
2932 3809 3142 3881 quidem
3185 3809 3446 3864 nonnulla
3489 3811 3671 3864 diuina

1994 3973 1997 3978 γ
2095 3901 2302 3968 Enoch,
2335 3900 2486 3956 illum
2526 3902 2805 3971 septimum
2831 3903 2896 3956 ab
2927 3901 3318 3972 Adam,negare
3349 3918 3451 3955 non
3482 3917 3670 3970 possu-

2095 4007 2233 4058 mus,
2257 4008 2377 4044 cum
2405 3992 2501 4045 hoc
2528 3993 2582 4046 in
2598 3991 2839 4062 Epistola
2881 3991 3138 4045 canonica
3181 3989 3216 4044 J
3223 3991 3357 4044 udas
3400 3996 3669 4060 apostolus

2094 4083 2256 4136 dicat.
2287 4081 2389 4136 Sed
2413 4099 2515 4136 non
2547 4084 2750 4152 [rustra
2770 4098 2875 4136 non
2903 4091 3025 4137 sunt
3049 4082 3105 4135 in
3125 4098 3185 4136 eo
3213 4099 3408 4136 canone
3431 4080 3671 4146 Scriptu-

2093 4187 2296 4238 rarum,
2323 4174 2413 4242 qui
2443 4175 2750 4228 servabatur
2772 4174 2829 4228 in
2854 4173 3045 4244 templo
3076 4173 3289 4228 Hebraei
3311 4175 3517 4244 populi,
3543 4193 3666 4229 suc-

2092 4266 2382 4319 cedentium
2411 4265 2688 4336 diligentia
2718 4266 3092 4330 sacerdotum;
3126 4266 3230 4319 nisi
3269 4265 3396 4335 quia
3431 4264 3493 4318 ob
3527 4265 3672 4319 anti-

2091 4359 2344 4427 quitatem
2369 4369 2621 4428 suspecta:
2646 4359 2769 4427 ﬁdei
2781 4358 3031 4426 judicata
3053 4367 3196 4422 sunt,
3225 4374 3315 4412 nec
3348 4368 3528 4411 utrum
3554 4358 3668 4412 lucc

2089 4461 2280 4517 essent,
2312 4467 2429 4522 qua:
2467 4451 2558 4504 ille
2587 4451 2904 4520 scripsisset,
2931 4459 3139 4521 poterat
3175 4451 3470 4506 inveniri...
3521 4449 3668 4505 Unde

2089 4552 2139 4598 et
2169 4543 2266 4598 illa
2296 4560 2414 4614 quae
2443 4543 2536 4598 sub
2562 4542 2676 4612 ejus
2701 4544 2908 4598 nomine
2936 4544 3300 4613 proferuntur,
3327 4552 3376 4597 et
3401 4545 3667 4597 continent

2089 4635 2220 4690 istas
2261 4637 2323 4690 de
2350 4635 2650 4705 gigantibus
2689 4634 2923 4703 fabulas,
2951 4636 3090 4706 quod
3122 4651 3225 4688 non
3266 4635 3544 4690 habuerint
3572 4635 3669 4688 ho-

2088 4728 2252 4782 mines
2303 4739 2502 4798 patres,
2534 4738 2670 4782 recte
2719 4746 2750 4782 a
2792 4728 3139 4797 prudentibus
3198 4744 3303 4781 non
3345 4729 3668 4799 judicantur

2087 4821 2252 4890 ipsius
2279 4837 2388 4874 esse
2417 4820 2708 4884 credenda;
2735 4821 2875 4875 sicut
2900 4821 3069 4874 multa
3091 4821 3186 4874 sub
3212 4823 3512 4876 nominibus
3537 4822 3666 4875 alio-

2087 4929 2205 4966 rum
2236 4913 2630 4982 prophetarum,
2664 4922 2715 4968 et
2749 4915 3042 4968 recentiora
3069 4912 3162 4966 sub
3203 4911 3502 4966 nominibus
3536 4929 3665 4981 apo-

2085 5005 2340 5058 stolorum
2383 5004 2448 5058 ab
2491 5005 2754 5060 hazrcticis
2801 5005 3164 5074 proferuntur.
3214 5005 3420 5060 Auctor
3463 5005 3663 5074 quippe

2086 5105 2270 5150 noster
2323 5096 2458 5153 istas
2507 5097 2576 5152 de
2625 5097 2934 5168 gigantibus
2979 5095 3216 5163 fabulas,
3269 5097 3407 5150 mira
3465 5095 3662 5150 fiducia

2085 5191 2252 5244 semel
2280 5200 2442 5260 atque
2468 5191 2662 5245 iterum
2691 5199 2948 5259 tanquam
2979 5205 3170 5245 verum
3205 5189 3338 5258 quid
3366 5196 3420 5243 et
3451 5196 3660 5244 eertum

2083 5281 2290 5352 profert
2325 5291 2379 5337 et
2413 5282 2674 5338 venditat.
2716 5280 2856 5336 Hinc
2900 5297 3031 5352 ergo
3072 5290 3126 5337 et
3167 5282 3320 5336 illum
3367 5289 3660 5350 corruptos

2081 5373 2204 5428 libri
2251 5372 2434 5428 Enoch
2467 5373 2687 5429 codices
2728 5373 2952 5439 citasse,
2983 5381 3040 5427 et
3078 5357 3426 5441 Iibrnm'ejus
3459 5371 3656 5426 falsum

2081 5478 2202 5521 esse
2229 5474 2282 5519 et
2311 5464 2650 5534 suppositum
2682 5477 2794 5520 non
2820 5461 3056 5520 obscure
3085 5463 3382 5535 colligitur.
