4076 6142
447 248 585 304 1029

938 371 943 376 ’
963 363 1364 426 ARTICULUS
1412 367 1502 424 Ill.

443 457 521 514 De
547 459 870 533 antiquitate
897 460 1055 530 hujus
1085 463 1234 523 libri,
1265 472 1316 517 et
1346 472 1526 516 utrum
1551 479 1583 517 a
1607 461 1838 533 quodam
1867 463 2027 520 Chri-

799 532 971 586 stiano
998 533 1255 602 scriptore
1276 534 1545 603 profectus
1573 532 1666 590 sit.

512 621 743 680 Constat
779 624 964 695 itaque
1007 639 1146 695 opus
1192 625 1328 680 illud
1381 626 1750 682 adulterinum
1797 643 1942 695 esse,
1971 637 2029 686 et

439 713 508 767 ab
539 713 727 783 ignoto
768 723 1014 784 parente,
1051 714 1147 786 qui
1195 730 1398 770 nomen
1431 732 1596 772 suum
1643 717 1806 774 edere
1854 735 2024 778 ausus

439 819 549 859 non
578 813 683 870 est,
715 805 772 860 in
807 806 1003 876 vulgus
1033 806 1320 863 emissum.
1344 807 1518 864 Porro
1547 819 1730 866 autem
1765 811 1898 868 illud
1924 827 2025 868 an-

439 897 808 967 tiquissimum
841 898 1054 955 censeri
1097 899 1280 966 debet,
1310 900 1356 956 si
1388 900 1458 955 ab
1501 898 1753 972 Origene,
1788 911 1852 958 ut
1892 905 2022 974 qui-

438 980 564 1034 dam
602 982 970 1049 arbitrantur,
1006 986 1095 1042 his
1130 988 1310 1045 verbis
1358 989 1611 1044 laudetur
1633 992 1653 1023 ²
1689 1009 1704 1045 :
1737 990 1802 1045 In
1837 990 2015 1047 libello

437 1073 532 1142 qui
576 1075 882 1144 appellatur
931 1077 1320 1134 Testamentum
1360 1081 1636 1137 duodecim
1675 1085 2015 1153 patriarcha-

437 1182 576 1233 rum,
603 1170 840 1238 quamvis
856 1186 959 1225 non
983 1171 1239 1226 habeatur
1254 1175 1309 1226 in
1324 1191 1538 1243 canone,
1559 1174 1718 1230 talem
1736 1177 2012 1246 quemdam

435 1274 644 1314 sensum
671 1262 984 1330 invenimus,
1009 1264 1150 1334 quod
1171 1282 1263 1334 per
1285 1276 1555 1335 peccantes
1579 1269 1772 1339 singuli
1793 1267 2012 1325 Satanas

431 1349 658 1424 intelligi
700 1355 938 1411 debeant.
996 1355 1061 1410 Et
1114 1373 1305 1413 rursus
1355 1359 1500 1414 circa
1552 1360 1768 1416 initium
1826 1362 2011 1418 saeculi

432 1443 572 1498 sexti
606 1460 637 1500 a
661 1443 927 1518 Procopio
947 1448 1127 1506 Gazeo
1146 1452 1348 1507 eitatur
1368 1453 1388 1484 ³
1413 1473 1426 1508 :
1457 1453 1806 1524 Testamento,
1831 1457 2006 1524 aiunt,

431 1543 722 1591 attestatur
761 1539 809 1591 ei
857 1539 1013 1608 Deus,
1045 1544 1184 1611 quod
1221 1544 1315 1597 diu
1357 1561 1492 1612 eam,
1527 1564 1646 1601 cum
1673 1550 1845 1603 adhuc
1876 1559 2009 1606 esset

431 1629 601 1699 uirgo,
631 1629 802 1686 ludas
841 1634 1105 1700 habuerit,
1154 1635 1452 1709 latueritque
1490 1640 1825 1711 iniquitatem
1867 1643 2001 1713 ejus.

1896 254 2258 316 PROG‘IMIA.

2058 379 2106 437 Δ
2659 383 3061 447 ARTICULUS
3097 389 3188 448 ιν.

3576 282 3718 341 1050

2130 489 2209 546 De
2239 490 2400 564 hujus
2453 493 2602 563 libri,
2653 497 2834 580 lii-cecc
2885 504 3376 582 primum__scripti,
3417 511 3716 582 codicibus,

2573 569 2810 624 versione
2844 569 2894 625 et
2922 575 3265 631 editionibus.

2160 750 2163 752 ἓ
2198 671 2300 730 Hic
2341 675 2503 764 liber_
2521 677 2709 735 Graece
2752 681 2993 751 primum
3032 690 3270 758 scriptus
3311 701 3416 757 est,
3447 701 3614 764 atque
3655 696 3713 750 in

2124 763 2454 824 bibliotheca
2479 762 2647 842 Regia
2691 773 2802 829 duo
2847 775 2995 832 illius
3036 779 3256 836 codices
3304 781 3494 840 Grieca
3523 762 3711 842 manu

2123 859 2332 914 exarati
2375 873 2746 920 asservantur.
2787 864 2995 922 Horum
3032 869 3172 925 alter
3212 877 3598 944 pergamineus
3624 889 3715 934 est

2122 949 2194 1005 ab
2219 951 2382 1008 annis
2419 953 2525 1008 500
2552 955 2636 1010 vel
2675 957 2782 1011 600
2816 959 3162 1032 descriptus:
3205 963 3342 1021 alter
3372 979 3711 1036 papyraceus

2121 1042 2307 1111 priore
2334 1043 2494 1116 longe
2522 1049 2817 1104 recentior.

2193 1152 2467 1212 Robertus
2516 1170 2648 1213 vero
2701 1176 2734 1213 a
2775 1159 2974 1218 Grossa
3031 1165 3208 1233 Testa,
3259 1169 3472 1241 vulgari
3521 1173 3708 1246 lingua

2128 1245 2382 1315 Grokede,
2406 1251 2699 1320 episcopus
2715 1249 3140 1326 Lincolniensis,
3165 1262 3313 1317 hunc
3336 1264 3535 1320 librum
3559 1245 3708 1325 circa

2127 1355 2333 1396 annum
2357 1341 2498 1396 1242
2527 1339 2722 1399 Latine
2742 1346 2995 1404 reddidit.
3025 1349 3202 1421 Hujus
3224 1364 3406 1410 autem
3433 1359 3709 1417 versiunis

2115 1433 2362 1488 codicem
2411 1436 2850 1507 manuscriptum
2905 1440 3216 1501 invenimus
3267 1447 3321 1502 in
3372 1448 3704 1510 bibliotheca

2115 1523 2456 1594 Colbertina,
2480 1528 2575 1583 sed
2599 1531 2805 1586 recenti
2834 1547 3002 1589 manu
3025 1546 3334 1594 exaratum.
3359 1541 3542 1598 Alium
3567 1557 3706 1616 quo-

2113 1633 2222 1688 que
2256 1616 2460 1675 ibidem
2500 1619 2850 1694 offendimus,
2885 1626 2942 1682 in
2972 1643 3082 1699 quo
3113 1629 3418 1701 fragmenta
3451 1636 3699 1703 ejusdem

428 1723 502 1779 At
550 1739 713 1794 porro
752 1743 890 1798 opus
937 1740 1100 1785 tanta;
1136 1733 1476 1802 antiquitatis
1514 1709 1743 1791 nothum
1785 1709 1906 1794 esse
1950 1749 2006 1795 et
2037 1729 2082 1785 Β
2111 1709 2236 1765 "bri
2284 1710 2388 1802 sub
2431 1711 2536 1768 hoc
2586 1713 2743 1769 mulo
2787 1718 3119 1776 “bibentur
3145 1739 3160 1776 ³
3188 1720 3320 1778 Hm
3355 1736 3481 1781 sum
3533 1737 3699 1784 ⁸⁸³⁸⁸⁵⁵

426 1817 680 1886 spurium
723 1820 857 1875 nulli
899 1831 1044 1878 certe
1077 1824 1274 1879 mirum
1320 1826 1625 1895 videbitur;
1658 1829 2002 1900 quandoqui-

427 1910 552 1966 dem
581 1913 652 1968 ab
683 1914 1086 1983 antiquissimis
1113 1920 1470 1989 temporibus,
1495 1931 1554 1976 ut
1593 1923 1758 1992 paulo
1783 1932 1908 1978 ante
1931 1937 1996 1978 ex

424 2003 732 2074 Augustino
753 2007 776 2038 ⁵
799 2007 1066 2074 vidimus,
1092 2011 1418 2068 exstiterunt
1457 2015 1598 2069 male
1638 2013 1815 2071 feriati
1857 2032 1994 2074 scrt-

420 2104 638 2162 ptorum
663 2099 1037 2170 lihrorumque
1065 2112 1409 2172 corruptores
1429 2114 1483 2160 et
1507 2107 1920 2166 adulteratores.

443 2233 446 2235 λ
489 2175 628 2232 Illud
681 2189 862 2236 autem
906 2199 937 2238 a
977 2183 1294 2238 Christiano
1345 2185 1583 2255 quodam
1630 2189 1999 2256 compositum

417 2283 540 2325 esse
563 2286 628 2327 ea
655 2273 814 2343 plane
848 2274 1130 2342 evincunt,
1154 2291 1276 2345 quae
1304 2275 1505 2347 singuli
1537 2276 1651 2334 fere
1681 2295 1873 2337 omnes
1901 2299 1998 2353 pa-

416 2361 671 2425 triarchae
685 2363 752 2419 de
768 2364 984 2421 Christo
1003 2375 1251 2435 venturo,
1265 2369 1504 2426 humana
1519 2387 1683 2428 carne
1694 2373 1992 2444 induendo,

416 2463 471 2506 et
509 2469 607 2524 pro
635 2456 920 2512 hominum
963 2457 1138 2516 salute
1169 2461 1322 2518 cruci
1365 2461 1630 2534 alligendo
1667 2465 1986 2534 praedicant.

413 2545 686 2602 Caeterum
734 2550 970 2618 scriptor
1014 2551 1102 2606 ille
1146 2552 1349 2608 librum
1395 2555 1543 2610 hunc
1582 2570 1693 2612 non
1723 2572 1786 2612 ea
1814 2559 1991 2614 solum

413 2647 596 2694 mente
626 2644 955 2712 composuit,
994 2652 1055 2698 ut
1097 2643 1380 2702 Christum
1428 2648 1764 2708 celebraret:
1805 2653 1900 2708 sed
1933 2655 1990 2712 in

413 2717 608 2802 primis
649 2742 710 2788 ut
748 2734 980 2792 lectores
1021 2754 1154 2795 suos
1201 2740 1269 2794 ab
1296 2741 1366 2797 iis
1391 2745 1630 2812 peccatis
1659 2745 1713 2800 in
1738 2761 1862 2817 qua:
1886 2762 1987 2817 pa—

413 2826 683 2883 triarchas
709 2828 890 2898 lapsos
909 2845 1030 2887 esse
1053 2832 1204 2899 dicit,
1223 2834 1448 2890 omnino
1471 2835 1793 2906 deterreret,
1823 2849 1988 2912 atque

411 2932 509 2974 eos
535 2920 604 2975 ad
636 2935 852 2977 omnem
887 2925 1205 2980 eorumdem
1249 2927 1688 2997 patriarcharum
1737 2947 1984 2990 comme-

2109 1814 2290 1858 menta
2333 1799 2456 1859 XII
2495 1804 2951 1878 patriarcharum,
2984 1813 3041 1867 in
3085 1815 3276 1885 quibus
3305 1827 3429 1873 sunt
3473 1822 3702 1891 apertis-

2108 1896 2260 1951 sima!
2288 1907 2447 1967 atque
2483 1893 2854 1966 pulcherrima:
2882 1902 3172 1973 praphetia.’
3198 1905 3264 1960 de
3296 1905 3531 1977 Christo,
3562 1922 3698 1981 quas

2109 1985 2386 2041 transtulit
2414 1987 2668 2056 magister
2692 1987 2976 2059 Robertus,
2996 1994 3170 2050 dictus
3197 1995 3395 2052 Grossa
3415 1997 3591 2068 Testa,
3618 2002 3698 2056 vel

2107 2077 2361 2134 Crassum
2410 2089 2603 2149 caput,
2643 2079 3026 2140 Lincolniensis
3065 2089 3364 2160 episcopus,
3397 2092 3462 2146 de
3511 2092 3696 2150 Graeco

2105 2169 2161 2224 in
2183 2167 2456 2224 Latinum.
2488 2168 2619 2227 Post
2643 2171 2758 2229 haec
2781 2184 2964 2230 autem
2995 2176 3188 2234 Latina
3221 2181 3312 2234 illa
3338 2183 3520 2238 versio
3551 2187 3695 2257 typis

2101 2277 2303 2318 excusa
2335 2271 2419 2318 est
2449 2278 2594 2319 anno
2625 2265 2786 2331 1541,
2813 2276 2868 2322 et
2890 2284 3086 2325 rursus
3109 2266 3341 2330 Parisiis
3366 2277 3512 2344 apud
3542 2277 3690 2333 Mar-

2101 2354 2277 2412 tinum
2321 2355 2586 2412 Juvenem
2638 2373 2784 2414 anno
2835 2362 2997 2430 1549,
3029 2373 3194 2435 atque
3239 2366 3441 2422 iterum
3485 2369 3692 2429 ibidem

2099 2466 2246 2507 anno
2278 2448 2437 2515 1575,
2469 2450 2608 2506 1589
2637 2460 2690 2506 et
2713 2452 2873 2509 1610.
2907 2453 3134 2511 Basileae
3162 2472 3315 2525 vero,
3340 2474 3488 2516 anno
3520 2461 3686 2532 1550,

2099 2557 2164 2598 ac
2189 2540 2406 2597 tandem
2441 2542 2496 2596 in
2531 2543 2791 2600 omnibus
2825 2543 3052 2603 Patrum
3087 2548 3460 2610 Bibliothecis.
3492 2551 3690 2612 Utrum

2097 2643 2279 2690 autem
2325 2634 2460 2690 liber
2506 2633 2598 2691 ille
2643 2650 2711 2692 ex
2764 2641 3125 2710 typographia
3167 2641 3354 2701 Graece
3397 2649 3684 2719 prodierit,

2094 2725 2257 2782 nobis
2305 2725 2728 2796 incompertum.
2785 2727 2853 2784 Et
2895 2741 3040 2788 certe
3071 2733 3126 2788 id
3158 2736 3302 2792 scire
3347 2754 3542 2809 parum
3590 2754 3689 2800 aut

2095 2818 2233 2873 nihil
2263 2818 2514 2882 interest,
2546 2834 2673 2874 cum
2711 2819 3097 2890 hujuscemodi
3129 2825 3253 2881 libri
3286 2830 3560 2898 ligmentis
3595 2831 3684 2888 fa-

2093 2910 2347 2982 bulisque
2392 2906 2654 2976 anilibus,
2696 2925 2762 2967 ac
2816 2910 3114 2983 Scriptura:
3159 2931 3332 2973 sacrae
3385 2922 3682 2978 contrariis

412 3013 641 3071 moratis
667 3029 702 3070 α
739 3029 800 3072 se
839 3015 1134 3074 virtutibus
1171 3019 1407 3076 dandam
1455 3035 1680 3093 operam
1721 3026 1985 3082 “bona-
2014 3009 2058 3069 α
2091 3000 2402 3093 oppleti,in
2446 3001 2626 3057 lucem
2680 3018 2965 3073 nunquam
3012 3007 3190 3064 emitti
3239 3009 3555 3080 debuerint,
3593 3014 3682 3071 vel

409 3115 580 3162 retur.

2089 3091 2370 3166 perpetuis
2399 3095 2642 3151 tenebris
2674 3096 2786 3152 sint
2813 3097 3112 3154 damnandi
3134 3101 3247 3173 (1).

414 3271 3661 3310 W

1725 3407 2405 3502 GALLANDIP

1080 3609 1190 3671 DE
1219 3609 1504 3676 EODEM
1543 3609 1784 3678 LIBBO
1810 3614 2350 3679 DISSEBTATIO
2405 3612 2981 3678 PROOEMIALIS.

1418 3775 1563 3848 (Vet.
1595 3776 1754 3832 Patr.
1782 3777 2068 3844 Biblioth.,
2102 3776 2145 3846 l,
2182 3777 2420 3850 Proleg.,
2454 3791 2508 3849 p.
2541 3777 2646 3848 ιι.)

402 3931 445 3987 l.
493 3931 698 4003 Horum
730 3930 1180 4003 Test_amentorum
1211 3940 1401 3986 auctor
1425 3931 1764 3988 Christianus
1792 3933 1974 4003 fuisse,
2009 3937 2056 3995 Β
2083 3941 2193 4000 tur,
2221 3940 2284 3988 ut
2310 3931 2490 4002 ipsum
2528 3939 2741 3986 tantum
2785 3946 2892 3986 non
2932 3931 3103 4003 digito
3131 3944 3438 3990 monstrare
3469 3950 3667 3995 nosca-

600 4002 796 4073 illaque
827 4001 1008 4057 erce
1047 4004 1322 4072 scripsisse
1356 4003 1772 4058 demonstratur.

472 4113 628 4170 Haud
657 4115 792 4169 mihi
831 4112 1072 4185 profecto
1113 4115 1512 4185 incompertum
1541 4116 1833 4172 nonnullos
1857 4118 1972 4172 exi-

400 4210 652 4265 stimasse
678 4207 946 4275 Judazum,
980 4225 1087 4264 non
1129 4207 1505 4264 Christianum
1551 4208 1722 4265 fuisse
1770 4211 1970 4266 horum

402 4301 856 4356 Testamentorum
900 4309 1212 4369 auctorem;
1262 4317 1440 4372 neque
1482 4301 1570 4356 illa
1611 4301 1831 4370 Graece,
1873 4303 1970 4358 sed

399 4395 663 4452 Hebraice
696 4396 954 4466 primitus
985 4411 1104 4451 esse
1127 4396 1456 4467 perscripta;
1496 4397 1707 4452 nullum
1734 4396 1971 4463 denique

396 4490 703 4546 istiusmodi
736 4488 1002 4559 epusculo
1035 4489 1266 4558 pretium
1297 4488 1644 4544 statuendum
1678 4508 1691 4543 :
1719 4504 1839 4558 quae
1863 4487 1969 4542 ita-

396 4599 504 4654 que
547 4583 730 4639 omnia
768 4581 812 4637 si
852 4589 1124 4646 constent,
1156 4580 1428 4636 immerito
1471 4597 1619 4636 enim
1661 4595 1792 4636 vero
1835 4577 1967 4634 illud

396 4678 536 4731 inter
588 4683 800 4732 vetusta
852 4672 1108 4728 Ecclesia:
1158 4684 1510 4727 monumenta
1563 4673 1855 4728 locaretur.
1907 4668 1966 4724 In

395 4770 560 4824 aliam
590 4777 766 4823 tamen
793 4764 1115 4821 sententiam
1153 4764 1244 4819 alii
1284 4765 1594 4834 complures
1623 4761 1823 4817 eruditi
1864 4761 1967 4817 viri

389 4862 514 4932 jure
544 4861 745 4916 abiisse
770 4858 1143 4930 perhibentur.
1181 4853 1248 4909 Et
1275 4855 1510 4925 primum
1534 4854 1774 4924 quidem,
1807 4853 1968 4909 Chri-

392 4953 632 5008 stianum
689 4950 857 5006 fuisse
906 4956 1188 5004 auctorem
1249 4947 1418 5000 multa
1471 4947 1648 5016 palam
1704 4945 1963 5017 produnt,

398 5043 700 5099 Wartbono
741 5043 842 5114 (Γ)
874 5041 1220 5114 potissimum
1265 5048 1319 5093 et
1344 5037 1582 5093 Nourrio
1625 5039 1703 5110 (2)
1735 5048 1917 5094 notata
1946 5058 1960 5095 :

389 5138 530 5194 adeo
556 5153 792 5208 namque
815 5143 999 5206 aperte
1028 5147 1094 5187 ac
1122 5131 1414 5202 perspicue
1436 5129 1502 5186 de
1531 5130 1754 5186 Christo
1780 5130 1960 5202 loqui-

2083 4031 2206 4090 tur;
2239 4036 2413 4093 eaque
2429 4016 2495 4077 de
2510 4013 2682 4078 sacris
2709 4019 2847 4076 Novi
2873 4021 3203 4077 Testamenti
3230 4023 3429 4081 litteris
3453 4029 3664 4096 passim

2080 4115 2309 4189 profert,
2351 4131 2475 4187 qua:
2519 4116 2846 4185 scriptorem
2891 4113 3331 4171 Christianorum
3384 4121 3664 4190 mysteriis

2079 4210 2354 4265 initiatum
2403 4209 2708 4264 luculenter
2745 4208 3027 4264 evincunt.
3069 4207 3209 4265 Hinc
3251 4210 3438 4282 itaque
3476 4215 3662 4272 minus

2077 4311 2222 4357 recte
2255 4301 2560 4372 conjecisse
2579 4301 2836 4356 videntur
2865 4317 2896 4356 e
2917 4301 3061 4373 stylo
3092 4301 3326 4373 aliisque
3357 4305 3424 4360 de
3447 4308 3657 4374 causis,

2076 4393 2313 4449 Grabius
2363 4394 2441 4464 (5)
2486 4402 2540 4450 et
2581 4392 2912 4464 Sgambatus
2948 4394 3064 4467 (4),
3103 4393 3372 4451 Hebraico
3414 4399 3658 4466 primum

2075 4485 2336 4542 idiomate
2359 4485 2626 4552 scriptum
2653 4483 2826 4542 fuisse
2851 4486 3214 4556 opusculum;
3247 4486 3443 4542 deinde
3468 4487 3656 4546 Graece

2077 4577 2352 4632 redditum
2404 4585 2567 4646 atque
2597 4591 2630 4632 a
2659 4575 2970 4632 Christiana
3023 4591 3191 4631 manu
3237 4576 3650 4646 interpolatum.

2083 4667 2396 4737 «,Quamvis
2423 4670 2591 4734 enim,
2623 4677 2684 4723 ut
2712 4668 2957 4739 apposite
2988 4665 3231 4737 Wolfius}
3251 4668 3652 4738 (5),scribendi

2075 4761 2220 4815 ratio
2254 4775 2376 4830 qua:
2423 4760 2477 4814 in
2523 4759 2714 4821 Graeco
2758 4768 3016 4816 contextu
3061 4759 3404 4828 observatur,
3449 4763 3650 4821 multos

2075 4856 2274 4912 referat
2310 4855 2691 4924 Hebraismos;
2725 4856 2852 4912 inde
2885 4864 3064 4911 tamen
3103 4871 3212 4911 non
3240 4855 3414 4926 magis
3453 4856 3650 4914 ell’ece-

2071 4948 2171 5015 ris,
2191 4946 2451 5004 llebraice
2477 4948 2712 5018 primum
2735 4957 3018 5004 exaratum
3045 4961 3167 5003 esse
3188 4944 3454 5017 libellum,
3477 4965 3645 5020 quam

2074 5037 2217 5094 idem
2259 5039 2328 5095 de
2369 5041 2558 5095 codice
2597 5037 2737 5094 Novi
2775 5037 3109 5094 Testamenti
3151 5037 3217 5093 ad
3259 5035 3647 5095 Hebraismum

2067 5129 2315 5199 proxime
2341 5132 2653 5198 accedente,
2677 5137 2879 5185 temere
2907 5128 3214 5185 alIirmaris.
3235 5147 3255 5180 ι
3288 5126 3392 5184 Cui
3419 5129 3641 5200 quidem

406 5245 412 5254 ’
463 5275 485 5305 ¹
521 5271 723 5329 Homil.
748 5274 836 5342 15,
867 5275 922 5329 in
945 5273 1131 5332 Josue.
1207 5275 1228 5307 ³
1255 5273 1548 5330 Comment.
1577 5274 1634 5328 in
1655 5291 1772 5344 cap.
1801 5287 2009 5328 xxxvm
2037 5269 2224 5329 Cenes.
2309 5271 2332 5302 ⁵
2367 5269 2508 5324 Loco
2533 5269 2624 5323 cit.

462 5390 542 5461 (1)
572 5388 648 5444 De
676 5390 779 5446 hoc
808 5404 1015 5462 aspero?
1030 5390 1201 5462 nimis
1231 5390 1298 5447 D.
1339 5391 1558 5448 Nourrii
1599 5393 1805 5462 judicio
1834 5394 1958 5450 vide

389 5460 768 5532 quteadinotat
794 5460 1328 5532 Gallandiustinl’ra,
1365 5466 1469 5520 col.
1499 5460 1821 5521 1051.80”.

463 5533 564 5606 (1⁸)
602 5530 1083 5606 Warth_._{4uctar.
1133 5531 1278 5587 Hist.
1313 5535 1549 5606 dogmat.
1581 5533 1704 5590 Jac.
1751 5534 1955 5605 Usser.,

389 5617 511 5672 cap.
545 5604 750 5673 Ἄφες.
784 5602 883 5658 521
915 5617 1030 5672 seq.

455 5673 543 5744 (2)
576 5671 769 5730 nam.
803 5671 1003 5744 Appar.
1029 5672 1098 5728 ad
1119 5673 1242 5730 bibl.
1274 5674 1410 5749 PR,
1433 5686 1564 5737 tom.
1600 5675 1640 5748 l,
1667 5692 1720 5750 p.
1754 5677 1883 5733 258.

2158 5385 2213 5454 5)
2263 5384 2435 5457 _Grab.
2481 5380 2668 5457 Spicil.
2715 5379 2815 5457 S_S_.
2861 5379 3004 5457 ΡΒ..
3052 5391 3186 5457 tom.
3229 5383 3270 5452 l,
3312 5400 3435 5457 pag,
3516 5387 3637 5442 154.

2158 5386 2213 5454 5)
2265 5386 2428 5440 Grab.
2481 5386 2668 5452 Spicil.
2715 5386 2815 5436 SS.
2861 5386 3004 5444 PP.,
3052 5391 3186 5466 tom.
3229 5386 3270 5452 l,
3312 5400 3435 5468 pag,
3516 5387 3637 5442 154.

2063 5386 2458 5582 2ogglp‘jWISgamb
2506 5452 2719 5507 Archiv.
2758 5449 2874 5507 Vet.
2904 5450 3070 5521 Test.,
3095 5454 3188 5510 llb.
3220 5471 3280 5524 ιι,
3305 5464 3389 5514 ιιι.
3415 5472 3488 5526 Vl,
3514 5473 3639 5531 pag.

2138 5542 2419 5666 fsieivolt.
2449 5593 2588 5648 Bibl.
2628 5593 2835 5676 Hebr.”
2851 5603 2985 5651 tom.
3012 5593 3053 5663 Ι,
3078 5610 3130 5690 p'.
3164 5595 3312 5672 250._
