4076 6142
452 220 593 290 1631

1486 204 1975 279 “suum”
2010 202 2109 274 x‘n
2137 202 2568 281 PA‘l'RiARCIl.‘

3557 221 3697 280 1059.

444 346 729 404 sententite
755 344 824 401 de
847 344 1044 399 horum
1068 339 1551 419 Testamen‘torum
1581 341 1900 398 Christiano
1927 357 2018 396 au-
2055 344 2098 401 Α
2129 339 2465 409 coniecturis
2495 339 2829 411 expedienda
2860 334 2950 408 sit,
2976 353 3079 394 uos
3116 343 3244 395 cum
3282 336 3560 395 Dodweilo
3593 342 3711 413 (il)

442 447 618 504 «om,
630 433 1025 505 subscripsisse
1038 448 1257 504 quoque
1269 432 1536 490 Joannem
1548 432 1819 491 Clericum
1836 440 2025 504 postea

440 526 687 585 intellexi
715 525 816 598 (6).

511 615 788 687 Opposita:
821 624 1003 672 autem
1034 612 1284 686 opinioni
1314 629 1508 670 ansam
1540 612 1843 685 praebuisse
1865 611 2018 667 vide-

439 719 529 768 tur
563 709 854 767 llatthazus
899 709 1077 774 Paris,
1118 708 1215 779 qui
1263 706 1331 765 de
1382 706 1703 778 hujusmodi
1751 706 2019 777 opusculo

435 801 604 859 verba
641 800 884 868 faciens,
914 802 1031 857 hac
1064 800 1231 855 habet
1254 799 1334 871 (7)
1364 815 1378 853 :
1406 796 1548 868 Ipsis
1584 814 1785 869 quoque
1820 807 2018 867 tempo-

433 894 581 948 ribus
613 894 768 963 (ann.
800 892 960 963 1242)
986 893 1258 963 episcopus
1299 888 1688 945 Lincolniensis
1734 887 2013 954 Robertus,

431 987 514 1041 vir
537 987 593 1041 in
612 985 806 1040 Latino
830 995 880 1039 et
902 985 1083 1040 Greece
1108 984 1491 1055 peritissimus,
1522 981 1859 1038 Testamenta
1885 981 2015 1035 duo-

430 1077 604 1135 decim
626 1079 1057 1149 patriarcharum
1090 1077 1155 1131 de
1191 1075 1375 1131 Graeco
1405 1074 1553 1145 ﬁdeli
1576 1075 2014 1144 interpretatione

431 1168 704 1225 transtulit
732 1171 790 1223 in
811 1168 1085 1223 Latinum.
1120 1166 1252 1233 Qua:
1276 1184 1371 1236 per
1404 1165 1574 1220 multa
1603 1175 1839 1234 tempora
1864 1164 2014 1219 inco-

428 1262 579 1331 gnita
603 1270 654 1316 et
681 1261 989 1317 abscondita
1010 1244 1225 1330 fuerunt
1254 1276 1347 1330 per
1385 1259 1643 1314 invidiam
1671 1257 2007 1322 Judworum,

426 1362 639 1424 propter
665 1354 962 1423 pr0pltetias
993 1352 1057 1406 de
1088 1350 1364 1406 Saluatore
1392 1352 1449 1405 in
1471 1352 1548 1405 eis
1578 1360 1869 1405 contentas.
1905 1349 2009 1405 Sed

428 1444 622 1513 Graeci,
653 1448 886 1500 omnium
922 1447 1239 1515 scriptorum
1274 1445 1671 1516 diligentissimi
1715 1444 2008 1515 investiga-

427 1546 589 1603 tores,
628 1537 788 1607 primi
836 1535 892 1588 in
930 1535 1178 1589 notitiam
1226 1534 1373 1590 illius
1426 1535 1612 1603 scripti
1658 1533 2003 1598 devenientes,

423 1628 561 1684 illud
597 1629 663 1682 de
692 1626 917 1683 Hebrum
958 1628 1013 1681 in
1047 1627 1292 1682 Graecum
1332 1627 1741 1693 transtulerunt,
1771 1636 1819 1680 et
1853 1641 2004 1696 penes

422 1735 510 1773 eos
550 1735 712 1790 usque
741 1720 798 1774 in
836 1730 1017 1773 nostra
1062 1728 1296 1788 tempora
1337 1730 1694 1775 reservarunt.
1734 1717 1847 1773 Nec
1877 1728 2008 1772 tem-

420 1826 546 1882 pore
571 1810 711 1865 beati
744 1808 1056 1880 Hieronymi
1097 1810 1176 1864 vel
1219 1811 1456 1881 alicujus
1492 1812 1662 1865 sancti
1700 1800 2004 1880 interpretis

425 1900 495 1955 ad
542 1901 788 1955 notitiam
828 1900 1278 1970 Christianorum,
1322 1903 1660 1955 machinante
1694 1901 2004 1954 Judazorum

423 1992 763 2063 antiquorum
808 1992 1038 2058 malitia,
1079 1995 1251 2064 potuit
1301 1993 1691 2065 quomodolibet
1739 1994 1999 2049 devenire.

422 2079 591 2137 Illum
636 2083 802 2153 igitur
849 2084 1140 2156 gloriosum
1203 2096 1512 2152 tractatum,
1556 2087 1625 2140 ad
1674 2087 1834 2140 robur
1876 2085 2002 2156 fidei

421 2173 747 2231 Christiana:
774 2185 823 2231 et
858 2178 928 2232 ad
963 2179 1217 2249 majorem
1259 2178 1576 2234 Iudaeorum
1613 2181 1997 2250 confusionem,

419 2267 694 2322 transtulit
734 2267 883 2338 plene
906 2281 955 2323 et
984 2272 1248 2325 evidenter
1282 2272 1555 2342 episcopus
1589 2284 1908 2326 memoratus
1936 2273 2001 2326 de

419 2357 625 2427 (ἔνιοι-ο,
667 2359 815 2414 verba
860 2361 929 2414 ad
976 2361 1208 2430 verbum,
1233 2364 1289 2417 in
1340 2362 1616 2429 Latinum,
1648 2363 2000 2433 coadjuvante

416 2453 674 2525 magistro
707 2452 939 2509 Nicolao
984 2454 1189 2523 Crteco,
1214 2456 1405 2511 clerico
1449 2457 1656 2511 abbatis
1697 2455 1881 2511 Sancti
1909 2456 2001 2510 Al-

418 2543 562 2598 bani.
599 2542 726 2601 llaec
758 2545 867 2603 ille.
914 2545 1018 2614 Qui
1050 2548 1271 2617 quidem
1311 2549 1465 2604 locus
1498 2549 1661 2618 paulo
1691 2548 1849 2604 aliter
1889 2549 1996 2604 im—

416 2648 685 2705 mutatus,
713 2638 768 2693 iu
802 2640 1085 2694 nonnullis
1118 2642 1233 2696 sive
1263 2657 1400 2696 mss.
1427 2641 1540 2696 sive
1569 2640 1729 2695 editis
1756 2641 1997 2712 antiqua:

414 2731 686 2786 versiouis
728 2732 1136 2800 exemplaribus
1175 2733 1244 2789 ad
1285 2734 1492 2788 calcem
1534 2733 1784 2797 habetur,
1813 2742 1872 2787 ut
1905 2733 1992 2789 vi-

415 2821 546 2877 dere
573 2828 658 2876 est
697 2836 763 2875 ex
804 2818 1029 2876 Thema:
1057 2818 1339 2876 Tenisonii
1368 2820 1787 2877 Cantuaricnsis
1817 2821 1995 2875 archi-

414 2912 658 2986 episcopi
688 2913 834 2969 notis
863 2929 997 2969 mss.
1036 2914 1101 2968 ad
1124 2911 1424 2966 Historiam
1451 2911 1613 2967 Cavci
1647 2909 1991 2980 litterariam,

2129 431 2184 485 in
2218 431 2435 501 primis,
2462 430 2664 487 Wollio
2697 430 2837 503 (η),
2870 431 3121 487 Ruchato
3164 430 3278 501 (i5)
3310 430 3547 502 aliisque
3582 449 3713 488 cen-

2125 536 2331 591 semus,
2356 523 2558 579 saeculo
2585 539 2603 577 t
2629 524 2911 580 desinente
2940 524 3264 594 scriptorem
3294 520 3584 589 floruisse;
3612 523 3708 594 qui

2125 616 2386 672 nimirum
2440 615 2854 673 Heilenisticum
2883 618 3073 688 .piane
3116 616 3321 689 styium
3371 614 3710 685 adhibuerit,

2123 710 2304 780 qualis
2347 710 2572 766 ineunte
2606 711 2809 767 saeculo
2857 726 2897 765 ιι
2939 711 2995 765 in
3040 708 3463 766 desuetudinem
3505 709 3712 765 abiisse

2120 799 2458 870 comperitur
2482 818 2497 854 :
2524 800 2652 856 licet
2676 799 2992 856 Mazochius
3014 797 3082 855 ν.
3110 800 3175 855 C.
3198 798 3365 870 paulo
3395 799 3555 855 aliter
3580 815 3712 855 sen-

2120 891 2253 946 serit
2285 891 2422 962 (M).
2452 889 2643 961 Neque
2670 890 2781 946 alia
2824 899 3091 961 prazterea
3130 890 3330 946 desunt
3360 900 3708 961 argumenta,

2117 984 2203 1040 vel
2240 984 2363 1055 ipso
2407 984 2612 1039 Grabio
2661 993 2987 1055 suggerente
3029 982 3166 1054 (15),
3196 983 3401 1053 quibus
3433 985 3708 1041 sententia

2116 1076 2437 1149 hujusmodi
2473 1078 2650 1148 magis
2682 1076 2865 1132 adhuc
2895 1074 3215 1131 conﬁrmari
3240 1086 3427 1145 queat.
3457 1073 3701 1142 Scilicet,

2114 1188 2227 1230 non
2252 1182 2381 1229 ante
2410 1188 2618 1228 annum
2649 1187 2774 1229 tera:
2797 1170 3039 1243 vulgaris
3090 1166 3160 1227 52
3197 1169 3544 1226 Testamenta
3581 1171 3719 1226 hazc‘

2112 1264 2432 1321 eiucubrata
2478 1263 2652 1319 fuisse
2686 1262 3065 1334 perhibentur,
3098 1277 3210 1332 quo
3254 1260 3554 1332 Epistoiam
3579 1261 3599 1315 l
3627 1265 3695 1319 ad

2114 1358 2634 1415 Thcssalonicenses
2688 1357 2860 1413 fuisse
2907 1357 3173 1425 scriptam
3225 1356 3546 1411 existimant
3592 1356 3697 1411 viri

2110 1452 2345 1521 eruditi,
2389 1451 2727 1507 Pearsonius
2768 1449 2920 1521 (i6),
2960 1448 3163 1503 Miiiius
3204 1448 3351 1518 (i7),
3393 1446 3485 1502 alii
3527 1465 3542 1502 :
3582 1448 3711 1504 htec'

2110 1545 2256 1601 enim
2287 1545 2342 1599 in
2368 1552 2695 1600 testamento
2734 1542 2865 1597 Levi
2905 1542 3162 1614 leguntur
3187 1540 3338 1613 (i8):
3368 1540 3610 1610 Ἐφοασε
3637 1541 3694 1594 δὲ

2109 1641 2143 1710 ἡ
2169 1637 2306 1711 ὀργὴ
2337 1637 2544 1710 Κυρίου
2572 1637 2658 1689 ἐπ’
2681 1635 2880 1698 αὐτοὺς
2912 1637 2992 1698 εἰς
3016 1633 3187 1697 τέλος.
3240 1632 3387 1687 Venit
3414 1644 3592 1687 autem
3613 1634 3707 1688 ira'

2107 1731 2324 1787 Domini
2353 1730 2510 1801 super
2540 1747 2625 1784 eos
2658 1731 2710 1782 in
2739 1730 2896 1798 finem
2921 1742 2939 1779 :
2962 1742 3085 1797 qua:
3106 1725 3334 1795 quidem
3365 1726 3534 1780 verba
3563 1741 3698 1781 οοιι-

2107 1828 2191 1874 tra
2229 1818 2446 1874 Judmos
2489 1818 2722 1888 prolata,
2760 1832 2822 1871 ex
2859 1817 3075 1871 laudata
3111 1814 3707 1872 Thessalonicensibus

2107 1912 2370 1982 inscripta
2393 1911 2633 1981 Epistola
2668 1909 2780 1980 (l9)
2813 1910 3100 1979 desumpta
3145 1907 3320 1964 fuisse
3363 1917 3703 1964 noscuntur.-

2104 2003 2294 2075 Neque
2338 2016 2487 2074 ante,
2510 2020 2715 2059 annum
2748 2005 2838 2071 64,
2872 2018 2983 2074 quo
3014 2002 3149 2056 iiber
3190 2002 3425 2056 Actuum
3467 2013 3697 2073 aposto-

2104 2098 2282 2153 iorum
2315 2096 2490 2152 fertur
2510 2112 2539 2150 a
2568 2106 2754 2151 sancto
2775 2094 2923 2149 Luca
2947 2093 3144 2149 litteris
3167 2094 3529 2165 consignatus
3554 2093 3692 2163 (ΞΟ),

2105 2189 2430 2262 opusculum
2459 2188 2593 2243 illud
2632 2203 2890 2244 exarasse
2924 2196 3203 2242 auctorem
3239 2202 3304 2240 cx
3339 2186 3409 2241 iis
3440 2193 3691 2253 constat,

2102 2284 2305 2355 quibus
2360 2283 2656 2354 imaginem
2705 2280 2938 2351 apostoli
2988 2280 3141 2334 Pauli
3190 2295 3255 2334 ex
3310 2280 3503 2334 iisdem
3533 2280 3705 2333 Actis‘

2101 2373 2360 2445 graphice
2389 2373 2719 2443 descriptam
2759 2372 2983 2426 exhibet
3022 2370 3160 2444 (21),
3194 2370 3577 2440 Benjaminum
3611 2371 3691 2426 ita

2100 2467 2415 2537 loquentem
2445 2465 2715 2519 inducens
2742 2481 2756 2518 :
2789 2463 2855 2516 Et
2889 2480 2990 2517 non
3017 2464 3246 2533 amplius
3277 2462 3505 2517 vocabor
3530 2462 3687 2530 lupus

2098 2575 2386 2629 ιτερατα...
2427 2555 2498 2611 Et
2529 2557 2879 2611 suscitabitur
2903 2571 2968 2610 ea:
2994 2557 3189 2610 semine
3217 2571 3328 2609 meo
3358 2556 3411 2608 in
3437 2556 3687 2609 extremis

2099 2647 2419 2719 temporibus
2470 2645 2693 2699 dilectus
2748 2645 2998 2711 Domini,
3048 2644 3265 2697 audiens
3314 2660 3490 2698 vocem
3544 2644 3686 2710 eius,

2098 2739 2393 2811 cognitione
2424 2754 2556 2791 nova
2596 2736 2910 2790 illuminans
2959 2753 3135 2790 omnes
3169 2744 3365 2806 gentes,
3390 2734 3563 2788 lucem
3594 2750 3689 2788 co—

2095 2830 2350 2903 gnitionis
2386 2828 2675 2882 accendens
2710 2826 2905 2881 Israeli
2936 2829 2991 2881 in
3019 2828 3268 2895 salutent,
3301 2836 3352 2881 et
3389 2827 3598 2897 rapiens
3622 2833 3687 2880 ut

2095 2923 2253 2991 lupus
2286 2921 2349 2974 ab
2382 2920 2544 2989 ipsis,
2577 2930 2627 2974 et
2656 2920 2790 2973 dans
2822 2935 3102 2990 synagoga:
3141 2919 3375 2990 gentium
3399 2934 3418 2971 :
3440 2928 3489 2972 et
3520 2932 3688 2988 usque

412 3018 539 3075 qua:
565 3004 668 3060 sub
691 3002 854 3059 linem
879 3005 1176 3061 voluminis
1205 2999 1249 3058 ll
1280 3003 1523 3074 ejusdem
1549 3003 1800 3062 Historia:
1823 3020 1991 3075 nuper
2019 3028 2062 3086 ο
2094 3020 2152 3073 δη
2208 3016 2716 3073 consummationem
2769 3012 3087 3068 εωεηιονηηι
3147 3012 3249 3065 erit
3296 3012 3351 3066 5,.
3397 3010 3695 3080 synagoga.

414 3098 680 3169 evulgata:
704 3108 1023 3169 comparent
1049 3114 1171 3171 pag.
1200 3098 1251 3153 1.
1293 3096 1398 3154 Sed
1424 3109 1538 3152 tum
1569 3095 1806 3153 Matthtei
1834 3097 1990 3155 Paris

414 3191 785 3247 narrationem
815 3207 981 3262 quam
1009 3191 1206 3247 iisdem
1237 3205 1374 3260 pene
1403 3190 1587 3246 verbis
1617 3189 1813 3257 repetit
1851 3188 2019 3257 infe:

415 3284 533 3339 rius
571 3284 714 3340 idem
746 3286 979 3353 scriptor
1019 3283 1313 3339 historicus
1350 3282 1427 3355 (8)
1465 3282 1534 3337 ad
1573 3297 1779 3338 annum
1826 3281 1986 3347 1252,

413 3383 533 3431 tum
561 3391 687 3448 qua:
721 3376 775 3430 in
804 3376 912 3430 line
948 3374 1313 3445 quorumdam
1350 3373 1746 3445 exemplarium
1771 3389 1842 3429 ex
1867 3374 1989 3443 ipso

412 3476 667 3538 excerpta
689 3467 853 3521 verba
881 3466 1159 3539 leguntur,
1187 3466 1385 3520 merito
1413 3465 1552 3519 ridet
1578 3464 1860 3521 Simonius
1886 3464 1987 3535 (9),

410 3558 508 3631 qui
535 3569 589 3614 et
617 3574 683 3613 ea
710 3558 903 3615 deesse
933 3558 987 3611 in
1013 3574 1118 3613 ms.
1151 3557 1341 3612 codice
1374 3556 1692 3614 Colbertino
1720 3565 1986 3614 testatur:

410 3658 475 3707 ut
517 3649 749 3719 proinde
802 3649 962 3703 nihili
1006 3648 1253 3705 ducenda
1309 3648 1382 3703 sit
1425 3649 1712 3720 inscriptio
1758 3649 1986 3705 alterius

411 3739 620 3798 codicis
664 3756 771 3796 ms.
818 3739 1163 3796 bibliothecae
1220 3739 1532 3796 Bodleianae
1576 3755 1604 3794 a
1642 3738 1848 3796 Grabio
1896 3754 1986 3796 re-

410 3832 521 3886 lata
549 3830 687 3903 (10),
714 3830 911 3901 hisque
950 3831 1132 3886 verbis
1166 3845 1423 3902 expressa
1452 3848 1465 3886 :
1494 3829 1828 3885 Testamenta
1854 3831 1988 3884 duo-

408 3925 580 3978 decim
638 3923 1071 3993 patriarcharum
1144 3922 1380 3993 ﬁliorum
1434 3919 1643 3990 Iacob,
1697 3923 1988 3978 secundum

412 4014 816 4071 translationem
867 4014 1094 4070 Joannis
1145 4014 1506 4086 Chrysostomi
1551 4015 1615 4069 de
1662 4015 1885 4071 Hebrteo
1929 4017 1988 4071 in

410 4106 856 4164 ercummatis
904 4107 1050 4163 enim
1097 4107 1212 4163 sive
1250 4123 1316 4162 ex
1357 4107 1621 4164 hactenus
1663 4107 1847 4176 dictis,
1871 4109 1988 4165 sive

408 4214 477 4255 ex
505 4214 634 4255 mox
668 4198 916 4255 dicendis
938 4197 1227 4254 refellitur.

406 4351 473 4409 ll.
515 4352 692 4425 Ipsius
730 4364 861 4410 tetas
889 4354 1199 4425 inquiritur,
1224 4352 1440 4424 ejusque
1467 4354 1770 4425 scriptionis
1810 4355 1988 4409 consi-
2016 4367 2063 4424 Ῑ)

880 4424 1013 4478 lium
1034 4426 1218 4493 paucis
1247 4426 1506 4493 aperitur.

479 4559 601 4628 Quo
642 4571 822 4618 autem
858 4572 1102 4635 tempore
1145 4562 1497 4619 Testamenta
1538 4561 1658 4619 hac
1698 4561 1985 4634 scripserit

405 4651 752 4709 Christianus
775 4662 966 4708 auctor
995 4669 1303 4726 anonymus
1323 4697 1337 4722 ,
1366 4652 1512 4709 haud
1541 4652 1615 4708 ita
1639 4652 1981 4724 exploratum

407 4747 658 4811 habetur,
690 4754 751 4800 ut
779 4761 840 4800 ea
864 4746 930 4801 de
964 4762 1023 4802 re
1054 4747 1193 4802 iirmi
1239 4747 1446 4819 aliquid
1488 4746 1653 4803 statui
1694 4760 1857 4818 posse
1892 4745 1982 4800 vi-

403 4838 618 4896 deatur.
671 4836 874 4895 Verum
923 4841 970 4896 si
1014 4840 1248 4912 quaestio
1297 4840 1596 4897 admodum
1640 4839 1875 4910 implexa
1912 4853 1982 4895 ex

476 4997 555 5066 (6)
592 4996 793 5069 Qieric.
824 4995 968 5069 ﬂist.
1004 4998 1156 5066 eccl.,
1196 5000 1263 5055 ad
1294 5013 1422 5053 ann.
1459 4998 1583 5069 i9i.
1619 4996 1647 5069 9
1681 4995 1974 5069 2,p._796.

478 5070 556 5137 (7)
590 5066 783 5123 Matth.
824 5067 949 5123 Par.
994 5069 1141 5124 Hist.
1182 5070 1377 5141 major,
1417 5068 1486 5124 ad
1528 5066 1659 5123 ann.
1704 5066 1867 5132 1248,
1919 5082 1979 5136 p.

404 5134 510 5196 528
538 5140 668 5195 edit.
701 5137 877 5194 Loud.
911 5138 1065 5194 1686.

608 5157 668 5194 ll.
701 5157 877 5194 LOIIO.
911 5157 929 5193 ι
942 5157 1065 5194 050.

477 5210 555 5350 (8;
595 5208 671 5293 id.
704 5208 860 5272 ibid.,
888 5225 1009 5293 pag.
1039 5209 1144 5293 7ῇο
1180 5226 1296 5281 seq.

472 5281 531 5351 (9
594 5279 804 5336 Simon.
837 5279 978 5364 Bibl.
1010 5292 1156 5346 ενα..
1192 5292 1325 5337 tom.
1352 5280 1417 5347 li,
1452 5296 1575 5405 pag.
1608 5278 1715 5334 286
1745 5292 1863 5347 seq.

474 5352 588 5405 tiOi
627 5351 792 5405 Grab.
828 5348 1013 5405 Smctl.
1050 5350 1151 5405 SS.
1188 5350 1332 5405 PP..
1363 5362 1496 5405 tom.
1554 5392 1569 5405 .
1598 5365 1652 5405 ι).
1685 5348 1809 5403 115.

474 5348 567 5415 (i0
627 5351 792 5407 Grab.
828 5348 1013 5418 Spicil.
1050 5350 1151 5408 SS.
1188 5350 1332 5414 PP..
1363 5348 1496 5407 toni.
1527 5348 1569 5416 l,
1637 5390 1652 5405 .
1685 5348 1809 5403 14⁸5.

474 5352 588 5492 (Hi
629 5421 814 5478 Dodw.
852 5422 994 5491 apud
1027 5421 1190 5478 Grab.
1230 5421 1420 5492 Spir-il.
1454 5420 1555 5477 SS.
1586 5365 1728 5481 BR.
1759 5427 1809 5473 to

474 5414 588 5494 (11)
629 5421 814 5478 Dodw.
852 5414 994 5491 apud
1027 5421 1190 5478 Grab.
1230 5421 1420 5494 Spir-il.
1454 5414 1564 5477 SS.
1586 5414 1728 5481 PP..
1759 5427 1892 5473 tom.
1928 5414 1970 5483 l,

402 5508 457 5566 p'
476 5495 782 5631 (ἶξῗκνοιι.
808 5563 951 5619 Bibl.
988 5563 1173 5629 Hebr.,
1203 5574 1338 5621 tom.
1365 5564 1409 5630 ι,
1437 5582 1492 5631 p.
1523 5564 1651 5622 250.

504 5634 589 5707 15)
628 5632 1097 5707 huchattljettres
1127 5636 1191 5691 de
1227 5638 1357 5694 trois
1401 5631 1556 5693 re".
1594 5631 1968 5707 apostoliques,

403 5701 538 5761 tom.
569 5701 608 5770 l,
641 5703 796 5774 pagg.
829 5704 952 5771 155,
977 5703 1099 5760 194.
1492 5748 1495 5751 ι

2093 3109 2328 3180 gentium
2352 3118 2400 3163 et
2427 3108 2484 3161 in
2511 3106 2838 3178 principibus
2863 3120 3064 3167 eorum,
3099 3105 3236 3157 sicut
3277 3103 3537 3156 musicum
3570 3117 3693 3154 me.-

2091 3201 2171 3258 los
2202 3203 2258 3257 in
2288 3217 2377 3255 ore
2404 3202 2643 3256 omnium
2669 3215 2686 3252 :
2734 3209 2781 3252 et
2813 3199 2867 3250 in
2900 3197 3049 3251 libris
3104 3198 3302 3249 sanctis
3334 3196 3436 3248 erit
3494 3194 3686 3247 inscri-

2090 3308 2233 3364 ptus,
2257 3305 2308 3349 et
2333 3310 2462 3365 opus
2490 3303 2539 3347 et
2567 3309 2736 3346 sermo
2762 3290 2879 3361 ejus
2907 3307 2925 3343 :
2951 3305 3091 3360 Opus
3119 3289 3363 3360 quidem,
3387 3296 3446 3341 ut
3472 3285 3684 3357 optime

2091 3384 2347 3451 Grabius,
2379 3384 2435 3439 in
2473 3384 2624 3440 Actis
2661 3383 3066 3453 apostolorum;
3100 3396 3279 3435 sermo
3321 3389 3527 3443 autem,
3558 3391 3682 3432 tum

2091 3479 2145 3533 in
2178 3478 2374 3534 iisdem
2417 3478 2604 3544 Actis,
2639 3485 2750 3531 tum
2785 3476 2841 3530 in
2872 3474 3045 3543 ipsius
3088 3472 3242 3527 Pauli
3288 3472 3545 3542 Epistolis
3576 3488 3591 3524 :
3621 3480 3684 3525 ut

2089 3570 2324 3644 proinde
2350 3578 2475 3642 post
2497 3584 2689 3625 omnes
2714 3568 2877 3623 etiam
2908 3566 3166 3621 Pauliuas
3195 3565 3485 3635 Epistolas,
3516 3563 3571 3618 id
3593 3572 3685 3618 est
3774 3588 3779 3592 ο

2089 3673 2215 3733 post
2242 3678 2447 3717 annum
2470 3660 2539 3714 67
2567 3660 2857 3730 scripsisse
2885 3667 3077 3712 auctor
3102 3657 3368 3711 videatur.

2160 3752 2419 3820 Quinimo
2460 3759 2585 3821 post
2627 3765 2832 3805 annum
2896 3748 2963 3802 70
2999 3747 3344 3803 Testamenta
3376 3747 3465 3801 illa
3502 3744 3685 3801 fuisse

2090 3846 2429 3919 composita,
2466 3860 2529 3900 ea
2561 3844 2694 3900 satis
2727 3843 2966 3914 produnt
2993 3858 3117 3913 qua:
3159 3842 3226 3897 de
3258 3840 3680 3911 Hierosolymo-

2087 3958 2210 3997 rum
2258 3939 2500 4004 excidio,
2529 3938 2705 4008 deque
2733 3936 3140 3991 calamitatibus
3166 3933 3218 3988 in
3253 3933 3420 3988 caulis
3466 3933 3683 3989 Christi

2087 4049 2307 4106 prunam
2351 4030 2554 4086 Judreis
2602 4028 2846 4092 inﬂictis,
2875 4026 3123 4097 loquitur
3175 4034 3369 4080 auctor
3414 4024 3501 4080 his
3548 4040 3682 4078 ver-

2088 4127 2173 4183 bis
2205 4124 2318 4198 (ἳΞ)
2352 4144 2365 4180 :
2400 4122 2584 4179 Virum
2617 4131 2949 4176 renovantem
2992 4112 3150 4189 legem
3193 4118 3247 4171 in
3277 4118 3469 4171 virtute
3498 4116 3683 4171 Altis-

2087 4219 2231 4287 simi,
2256 4220 2595 4288 impostorem
2632 4212 3003 4286 appellabitis;
3032 4221 3081 4266 et
3108 4212 3164 4264 in
3194 4211 3317 4280 ﬁne,
3345 4218 3404 4263 ut
3433 4210 3686 4264 aestima-

2089 4311 2239 4379 bitis,
2264 4309 2516 4365 occidetis
2544 4325 2684 4374 eum,
2708 4307 2993 4361 nescientes
3019 4305 3186 4374 ipsius
3213 4303 3682 4370 resurrectionem,

2088 4405 2417 4460 innocentem
2463 4401 2771 4473 sanguinem
2817 4400 2873 4455 in
2918 4397 3127 4452 malitia
3156 4412 3312 4466 super
3356 4396 3534 4465 capita
3582 4413 3686 4451 ve-

2088 4506 2202 4552 stra
2234 4496 2509 4566 recepturi.
2539 4492 2611 4547 Et
2639 4502 2850 4562 propter
2875 4491 3045 4561 ipsum
3075 4499 3228 4543 erunt
3270 4498 3456 4543 sancta
3495 4499 3686 4543 vestra

2085 4589 2315 4653 deserta,
2348 4601 2511 4658 usque
2554 4584 2622 4637 ad
2653 4584 3009 4654 pavimentum
3056 4580 3367 4653 profanata.
3399 4579 3466 4635 Et
3497 4582 3683 4650 paulo

2084 4691 2212 4739 ante
2243 4701 2258 4738 :
2289 4680 2513 4750 Propter
2541 4678 2673 4743 lucc,
2706 4675 2957 4747 templum
2985 4675 3125 4746 quod
3160 4676 3342 4745 utique
3365 4673 3519 4744 eliget
3554 4672 3685 4727 Do.

2085 4776 2281 4841 minus,
2327 4770 2658 4826 desolabitur
2704 4770 2760 4825 in
2811 4769 3196 4832 immunditia;
3241 4776 3290 4821 et
3334 4784 3421 4821 vos
3465 4769 3681 4837 captiti

2081 4866 2229 4920 eritis
2274 4864 2331 4917 in
2373 4878 2548 4917 omnes
2591 4869 2788 4932 gentes,
2829 4868 2880 4914 et
2915 4857 3241 4913 abominatio
3270 4856 3410 4912 inter
3438 4873 3571 4921 eas;
3621 4866 3681 4913 et

2152 4999 2265 5071 (11)
2303 4997 2549 5071 Mazoch.
2589 4995 2883 5071 Comment.
2938 4995 3122 5071 iuvet.
3163 5006 3353 5044 marm.
3395 4987 3679 5062 Kalend.,

2079 5063 2187 5128 vol.
2221 5063 2261 5134 Ι,
2286 5085 2341 5139 p.
2372 5068 2515 5139 247;
2545 5076 2598 5123 et
2621 5067 2731 5123 vol.
2759 5065 2826 5131 ll,
2853 5063 3066 5139 p._

2152 5131 2263 5213 (15)
2290 5131 2469 5213 '_Grab.
2495 5131 2645 5213 l._c.,
2672 5153 2831 5213 pagg.
3019 5131 3144 5189 140.

2151 5202 2487 5336 (161)2Pears.
2524 5202 2924 5270 Annal.Paul.,
2954 5205 3098 5260 inter
3120 5202 3241 5275 ejus
3269 5206 3407 5277 opp.
3442 5204 3673 5277 posth.,

2151 5298 2198 5336 ιι.
2297 5318 2313 5336 .

2114 5298 2198 5338 aii.
2226 5298 2313 5336 12.

2075 5298 2198 5421 pagi
2208 5298 2431 5421 71):.Mill.
2463 5350 2762 5421 Prolegom.
2793 5346 2862 5401 ad
2894 5344 2967 5399 Ν.
2997 5341 3264 5421 TLGr.L§
3296 5346 3352 5401 4,

2176 5413 2261 5487 18)
2306 5421 2539 5476 Testam.
2573 5413 2652 5476 ιιῖ
2684 5420 2865 5485 Patr.,
2895 5430 3017 5486 cap.
3049 5415 3103 5482 5,
3134 5413 3161 5487 ᾗ
3193 5413 3247 5469 6.

2146 5490 2261 5562 (i9)
2301 5492 2331 5547 1
2362 5492 2540 5547 Thess.
2573 5508 2631 5562 ιι,
2665 5490 2752 5562 l6.

2170 5564 2261 5632 20)
2298 5562 2433 5635 um.
2459 5564 2497 5617 ι.
2524 5577 2573 5618 c.
2602 5560 2630 5635 ς
2665 5560 2787 5617 H8.

2168 5626 2261 5703 21)
2295 5634 2525 5705 Testam.
2554 5626 2635 5705 uti
2659 5630 3126 5705 patriarch.,_cap.
3160 5629 3247 5698 11,
3276 5626 3362 5683 li.

2145 5698 2258 5778 (ἓῖ)
2296 5703 2429 5762 ibid.
2463 5719 2583 5776 cap.
2615 5698 2669 5775 ὅ,
2700 5702 2764 5777 §§
2799 5704 2866 5759 15
2890 5709 2945 5756 et
2976 5698 3063 5755 l6.
