4076 6142
413 293 552 351 i035

1867 289 2228 347 ΡΒΟΕΕΣΗΔ.

3540 297 3678 356 ιθδι

410 412 682 479 accipietis
723 413 1063 483 opprobrium
1091 424 1140 468 et
1168 416 1530 487 confusionem
1557 418 1930 486 sempiternam
1959 433 1994 468 a
2023 419 2067 474 Α
2095 409 2381 466 stamentis
2411 411 2751 478 patriarchas
2773 412 3061 468 duodecim
3088 412 3231 469 illius
3253 407 3424 467 Jacob
3447 412 3677 485 loquen-

403 517 551 574 ntsto
590 507 792 576 iudicio
821 507 937 562 Dei.
981 507 1105 563 Haec
1145 511 1369 580 quidem
1407 513 1516 565 alio
1538 511 1828 580 detorquet
1851 508 1990 565 Cra-

408 599 568 662 bius,
607 599 1010 671 intersertaque
1059 603 1504 672 patriarcharum
1548 602 1919 658 Testamentis
1956 617 1989 657 a

406 687 696 758 cujusdam
741 688 1042 746 Christiani
1088 707 1254 746 manu
1299 691 1404 747 sub
1452 691 1640 746 tta-culi
1668 706 1684 744 I
1710 691 1874 744 linem
1905 689 1990 744 vel

406 780 511 836 sub
559 779 777 835 initium
825 779 1183 855 insequentis
1209 783 1490 838 existimat
1533 781 1649 852 (25)
1679 801 1692 839 :
1719 792 1774 837 at
1803 779 1986 836 virum

405 873 660 928 criticum
711 873 848 930 locis
895 875 1078 930 allatis
1108 875 1238 930 vim
1290 873 1525 940 inferre,
1560 889 1674 945 quo
1723 888 1880 930 suam
1921 873 1990 930 de

404 963 595 1020 Iudaeo
640 965 909 1034 scriptore
950 965 1194 1022 stabiliat
1245 965 1610 1038 hypothesin,
1660 979 1823 1020 nemo
1877 977 1988 1020 non

406 1057 606 1113 dixerit
649 1057 746 1126 qui
803 1073 917 1113 rem
962 1059 1202 1127 penitius
1250 1059 1639 1129 introspiciat:
1673 1059 1793 1114 loca
1838 1058 1986 1113 enim

406 1163 529 1218 qua:
563 1147 632 1202 ad
671 1147 886 1204 Novum
936 1148 1348 1206 Testamentum
1390 1159 1659 1220 spectant,
1690 1151 1758 1206 de
1781 1151 1986 1207 Christi

405 1241 692 1297 divinitate
730 1242 907 1313 deque
951 1243 1077 1298 aliis
1104 1241 1434 1297 Christiana:
1475 1243 1758 1314 religionis
1786 1245 1988 1314 capiti-

407 1333 530 1402 bus,
554 1335 602 1389 si
628 1349 659 1389 e
686 1333 870 1390 medio
899 1334 1181 1401 tollantur,
1211 1333 1469 1390 concidat
1494 1335 1821 1404 epusculum
1854 1336 1988 1391 illud

407 1440 633 1480 necesse
661 1434 769 1481 est.
801 1425 944 1492 Quid
968 1427 1118 1497 quod
1147 1427 1218 1481 ab
1246 1442 1356 1481 una
1381 1441 1546 1482 manu
1577 1427 1762 1482 omnia
1796 1427 1852 1483 in
1884 1429 1990 1483 hoc

406 1531 572 1587 opere
613 1521 914 1589 perscripta
972 1533 1096 1576 esse
1144 1520 1230 1574 vel
1269 1520 1396 1575 inde
1449 1520 1643 1590 liquet,
1681 1520 1868 1590 judice
1901 1520 1991 1575 Si-

404 1610 596 1664 monio
631 1609 768 1680 (24),
794 1609 942 1680 quod
979 1611 1171 1666 eadem
1209 1613 1335 1683 styli
1366 1612 1507 1668 ratio
1537 1613 1746 1682 ubique
1789 1613 1986 1683 spirct.

403 1713 716 1772 cunctaque
765 1717 875 1757 uno
925 1713 1116 1758 tenore
1170 1703 1515 1774 mquabiﬁtcr
1560 1704 1774 1761 ﬂuant?
1817 1705 1990 1762 Instat

2094 512 2176 557 tes
2210 498 2458 564 inducit;
2490 500 2586 570 qui
2625 501 2855 571 jamjam
2903 503 3178 571 morituri,
3208 513 3264 558 et
3301 503 3487 559 futura
3530 520 3674 575 prae-

2092 594 2382 659 nuntient,
2433 601 2492 647 et
2548 593 2776 656 optimis
2833 593 3097 649 institutis
3151 595 3290 650 lilios
3338 612 3402 651 ac
3449 609 3674 667 nepotes

2088 685 2365 742 erudiant.
2387 682 2780 738 Praedictiones
2803 685 3021 754 quidem
3047 685 3302 742 Messiam
3322 688 3673 757 potissimum

2090 794 2157 840 ac
2185 789 2390 834 statum
2423 777 2726 850 Synagogm
2756 786 2812 832 et
2836 776 3096 834 Ecclesiae
3124 781 3366 850 gentium
3388 783 3491 837 sub
3519 781 3674 838 Novo

2091 869 2453 928 Testamento
2480 870 2818 942 respiciunt:
2842 870 2896 924 in
2923 869 3149 927 historia
3181 888 3311 926 vero
3336 875 3677 944 patriarcha-

2091 977 2237 1028 rum,
2269 961 2425 1031 plura
2453 960 2521 1016 de
2549 961 2634 1017 his
2660 969 2990 1017 enarrantur
3020 977 3144 1032 qua:
3174 962 3229 1016 in
3255 957 3453 1019 Genesi
3483 966 3676 1022 aliisve

2089 1053 2374 1109 canonicis
2413 1052 2568 1108 libris
2596 1053 2740 1108 haud
2779 1063 3099 1118 occurrunt,
3127 1053 3224 1110 sed
3249 1070 3315 1111 ex
3343 1059 3674 1130 apocI-yphis

2089 1151 2375 1214 desumpta
2403 1152 2702 1200 censentur
2727 1163 2738 1198 :
2759 1159 2952 1200 eorum
2987 1151 3170 1198 tamen
3200 1145 3458 1216 pleraque
3496 1161 3675 1216 neque

2090 1233 2392 1304 incongrua
2438 1234 2674 1300 veritati,
2707 1249 2884 1304 neque
2921 1232 3158 1290 fortasse
3191 1236 3259 1290 ad
3297 1251 3468 1292 sacra:
3496 1237 3673 1293 histo-

2089 1322 2185 1379 riae
2213 1322 2634 1380 illustrationem
2675 1321 2894 1378 inutilia
2925 1337 3047 1378 esse
3075 1321 3353 1377 videntur.

2163 1412 2365 1470 Verum
2412 1413 2588 1484 magis
2634 1413 2858 1468 interest
2899 1413 3007 1468 huc
3056 1413 3250 1469 aﬂ‘erre
3296 1414 3530 1486 insignia
3575 1431 3675 1485 pro

2089 1505 2296 1562 Christi
2326 1505 2612 1561 divinitate
2640 1505 2956 1562 testimonia
2975 1546 2990 1572 ,
3023 1522 3146 1577 quae
3172 1518 3363 1563 contra
3393 1503 3674 1565 Unitarios

2089 1615 2157 1654 ex
2206 1598 2294 1654 his
2339 1597 2708 1655 Testamentis
2750 1600 2976 1656 collecta
3015 1599 3192 1654 eidem
3224 1598 3288 1654 ν.
3323 1599 3386 1656 C.
3420 1601 3549 1656 alibi
3593 1601 3673 1655 si.-

2091 1699 2237 1747 stere
2261 1691 2482 1762 placuit.
2509 1690 2600 1748 Sic
2613 1693 2778 1764 igitur
2800 1692 2888 1747 ille
2902 1691 3015 1763 (28)
3047 1710 3062 1746 :
3092 1710 3111 1744 ι
3143 1691 3200 1746 Ιιι
3219 1690 3574 1747 Testamento
3589 1690 3677 1748 Si-

404 1792 633 1865 insuper
657 1794 802 1850 idem
829 1795 912 1850 vir
937 1796 1188 1852 eruditus
1217 1796 1356 1867 (25),
1381 1798 1566 1868 aliqua
1591 1797 1646 1852 in
1679 1799 1766 1854 his
1795 1798 1990 1856 Testa-

2093 1784 2303 1839 meonis
2325 1783 2441 1839 haec
2464 1783 2696 1855 legimus
2717 1784 2883 1838 verba
2900 1783 3014 1853 (29)
3033 1803 3045 1838 :
3072 1783 3299 1855 Κύριος,
3314 1783 3485 1848 ὁΘεὸς
3501 1784 3674 1854 μέγας

403 1885 608 1939 mentis
631 1897 942 1952 occurrere,
961 1901 1083 1955 quae
1105 1888 1178 1942 ah
1202 1887 1423 1943 homine
1445 1887 1760 1946 Christiano
1789 1891 1988 1946 tradita

404 1975 604 2033 litteris
653 1975 859 2042 fuisse,
908 1979 1179 2034 absonum
1232 1979 1467 2036 videtur.
1524 1978 1682 2036 Haud
1731 1983 1986 2053 equidem

405 2070 824 2139 repugnaverim
856 2077 955 2125 :at
995 2069 1134 2126 nihil
1182 2069 1417 2134 mirum,
1457 2073 1504 2128 si
1550 2087 1706 2130 more
1752 2071 1986 2130 Judaico

405 2162 640 2218 subinde
679 2163 934 2235 loquatur
974 2163 1210 2233 scriptor
1253 2165 1356 2220 iste
1399 2164 1776 2234 Christianus;
1820 2181 1985 2237 quem

403 2269 546 2325 opus
571 2269 734 2309 suum
763 2269 829 2309 eo
860 2254 1093 2309 consilio
1133 2254 1437 2311 coniecisse
1477 2265 1716 2322 constat,
1742 2272 1856 2328 quo
1890 2255 1988 2311 Ju-

405 2347 509 2405 daei
537 2345 757 2402 facilius
783 2347 1099 2417 exciperent
1123 2362 1247 2418 qua:
1269 2345 1339 2403 de
1365 2347 1589 2404 Christo
1624 2349 1856 2420 ejusque
1886 2348 1987 2404 do-

406 2440 580 2499 ctrina
613 2440 819 2510 passim
851 2439 1108 2494 inculcat.
1853 2463 1855 2468 ·

479 2531 681 2588 Verum
712 2548 782 2587 ne
805 2531 860 2586 in
894 2527 981 2587 his
1006 2529 1218 2587 diutius
1259 2531 1642 2599 immoremur,
1671 2531 1740 2588 ad
1767 2540 1985 2588 aetatem

407 2627 692 2698 scriptoris
723 2625 890 2695 hujus
929 2625 1074 2695 quod
1119 2624 1335 2689 attinet,
1362 2641 1508 2681 unus
1547 2625 1732 2681 adhuc
1767 2624 1989 2681 audien-

407 2725 513 2780 dus
538 2723 772 2780 Caveus.
820 2722 1114 2778 Existimat
1150 2722 1241 2776 ille
1287 2721 1549 2777 nimirum
1581 2720 1718 2792 (26),
1747 2719 1866 2777 ﬂeri
1895 2721 1988 2776 vis

409 2817 656 2888 potuisse
698 2815 832 2887 quin
876 2815 1079 2886 aliquis
1127 2814 1485 2885 antiquorum
1525 2823 1656 2869 ante
1695 2812 1987 2884 Origenem

408 2909 529 2981 ejus
560 2907 742 2979 operis
771 2908 1145 2973 meminisset;
1175 2907 1425 2978 adeoque
1455 2906 1660 2962 sarculo
1683 2906 1988 2976 apostolico

409 3001 556 3057 haud
577 3017 701 3057 esse
725 3001 1112 3056 ascribendum
1143 3000 1424 3070 epiIIatur.
1449 2997 1607 3054 Hunc
1632 3006 1813 3053 tamen
1838 3013 1992 3054 scru-

409 3094 597 3165 pulum
640 3095 686 3149 si
730 3092 888 3148 evelli
939 3092 1045 3148 sibi
1091 3106 1160 3147 ex
1204 3093 1394 3146 animo
1428 3091 1687 3160 postulet,
1721 3091 1774 3145 id
1816 3105 1987 3146 unum
2018 3108 2063 3173 ρ

409 3185 721 3250 subdimus,
763 3192 825 3238 ut
863 3183 969 3238 alia
1007 3191 1423 3252 praetereamus,
1453 3181 1785 3251 scriptorum
1815 3183 1990 3237 eccle-

411 3281 761 3336 siasticorum
794 3284 1153 3332 monumenta
1178 3271 1274 3344 qui
1297 3275 1516 3330 duobus
1544 3272 1742 3344 primis
1772 3272 1992 3329 saeculis

409 3371 665 3436 ﬂoruere,
692 3370 992 3424 maximam
1033 3373 1245 3438 partem
1293 3379 1416 3421 esse
1461 3363 1779 3434 deperdita;
1809 3361 1994 3418 nobis-

409 3479 519 3536 que
564 3477 632 3517 εχ
680 3471 870 3516 eurum
927 3458 1222 3529 operibus,
1259 3456 1454 3527 paucis
1508 3456 1776 3526 exceptis,
1807 3455 1992 3524 aliqua

413 3559 627 3605 tantum
652 3561 942 3619 superesse
971 3546 1274 3617 fragmenta
1303 3565 1316 3601 :
1345 3553 1408 3601 ut
1431 3553 1746 3616 propterea,
1771 3545 1992 3601 illorum

414 3643 916 3698 vetustissimorum
947 3639 1173 3696 Patrum
1214 3639 1494 3697 silentium
1523 3639 1801 3695 immerito
1831 3638 1994 3696 nobis

415 3737 729 3809 obiiciatur.

415 3849 501 3906 lll.
544 3851 728 3921 Uperis
764 3851 988 3920 pretium
1032 3849 1472 3921 expendituraegr
1504 3863 1607 3919 quo
1636 3848 1706 3921 in
1745 3849 1933 3918 primis
1953 3866 1994 3921 ra

488 3918 682 3978 (ἐταινίο
723 3918 1030 3991 deprompta
1077 3918 1173 3991 pro
1215 3935 1338 3974 vera
1376 3918 1578 3974 Christi
1609 3918 1808 3991 deitate
1837 3920 1994 3991 Atesti-

487 3993 666 4047 monia
708 3989 1096 4046 describuntur.
1146 3990 1286 4044 Hinc
1328 3991 1590 4044 sententia
1634 3990 1700 4043 de
1739 3989 1997 4060 scriptore

488 4064 795 4118 (Christiano
825 4064 1012 4119 iterum
1040 4063 1408 4132 conﬁrmatur.

485 4175 607 4230 lam
637 4190 771 4232 vero
808 4174 1048 4245 pretium
1082 4174 1268 4245 operis
1297 4182 1464 4244 atque
1506 4172 1806 4230 utilitatem
1827 4187 1997 4246 expo-

417 4283 549 4324 nere
575 4274 818 4337 praestat,
849 4275 1128 4336 praeeunte
1155 4266 1393 4321 maxime
1422 4263 1624 4320 Crabio
1653 4264 1750 4334 qui
1778 4279 1845 4320 eo
1875 4279 1998 4320 mu-

419 4374 549 4414 nere
589 4360 693 4414 rite
739 4356 1060 4429 perfunctus
1101 4358 1459 4429 comperitur.
1507 4357 1755 4413 Primum
1806 4359 1999 4430 itaque

2087 1874 2182 1930 τοῦ
2238 1875 2473 1948 Ἰσραὴλ,
2502 1875 2824 1948 φαινόμενος
2861 1875 2955 1929 ἐπὶ
2997 1876 3101 1948 γῆς
3135 1877 3210 1941 ὡς
3244 1875 3550 1948 ἅνθρωπος,
3579 1874 3674 1930 καὶ

2090 1961 2278 2028 σώζων
2311 1964 2368 2018 ὲν
2409 1963 2557 2037 αύτῷ
2593 1964 2686 2019 τὸν
2727 1965 2916 2037 Ἀδάμ.
2957 1965 3234 2029 Dominus,
3263 1965 3404 2022 Deus
3451 1965 3675 2023 Μλοιιυε

2091 2051 2284 2118 Israel,
2314 2055 2586 2125 apparebit
2610 2057 2666 2110 in
2698 2066 2839 2112 terra
2868 2066 2925 2112 ut
2949 2057 3124 2125 homo,
3145 2069 3193 2113 et
3223 2058 3449 2113 salvabit
3479 2060 3532 2114 in
3557 2060 3672 2129 ipso

2088 2145 2282 2199 Adam.
2333 2144 2402 2200 Et
2449 2163 2578 2202 mox
2615 2146 2730 2218 (30)
2779 2167 2793 2203 :
2844 2149 2901 2202 Ὀ
2947 2149 3084 2212 Θεὸς
3132 2150 3292 2222 σῶμα
3335 2149 3536 2216 λαϐὼν,
3577 2152 3674 2206 καὶ

2091 2236 2386 2292 συνεσθιων
2425 2237 2768 2312 ἀνθρώποις..
2792 2240 2997 2296 ἔσωσεν
3029 2240 3246 2306 αὐτούς.
3291 2241 3434 2298 DEUS
3482 2257 3670 2314 corpus

2089 2323 2384 2394 assumens,
2413 2341 2465 2386 et
2492 2331 2768 2388 comedens
2799 2349 2920 2386 cum
2957 2332 3278 2402 hominibus,
3310 2333 3531 2388 saluauit
3558 2351 3668 2390 eos.

2087 2417 2400 2489 Paucisque
2437 2421 2742 2492 interiectis
2775 2423 2914 2495 (51),
2943 2423 3194 2480 Messiam
3231 2435 3389 2481 vocat
3418 2425 3551 2480 Θεὸν
3577 2426 3670 2480 καὶ

2089 2509 2398 2583 ἄνθρωπον,
2427 2512 2578 2569 Damt
2602 2524 2653 2569 et
2683 2514 2967 2570 hominem.

2170 2619 2188 2651 ι
2222 2599 2279 2655 ln
2312 2600 2666 2659 Testamento
2694 2604 2860 2673 Levi,
2901 2608 3272 2676 patriarcham
3301 2609 3466 2665 istum
3501 2627 3670 2682 ango-

2090 2691 2178 2747 lus
2208 2694 2294 2751 his
2347 2694 2645 2765 alloquitur
2699 2697 2882 2754 verbis
2905 2699 3018 2769 (52)
3061 2700 3205 2756 ιΔιὰ
3230 2701 3324 2755 σοῦ
3367 2703 3460 2756 καὶ
3505 2704 3673 2760 Ἰούδα

2089 2783 2384 2857 ὀφθήσεται
2440 2786 2644 2860 Κύριος
2683 2789 2742 2843 ὲν
2786 2790 3119 2862 ἀνθρώποις,
3156 2791 3344 2858 σώζων
3381 2796 3440 2849 ἐν
3488 2797 3672 2863 αὐτοῖς

2093 2877 2202 2931 πᾶν
2227 2877 2382 2946 γένος
2409 2878 2731 2952 ἀνθρώπων.
2771 2880 2876 2937 Per
2934 2894 2984 2939 te
3033 2895 3083 2940 et
3140 2884 3342 2941 ludam
3399 2890 3672 2959 apparebit

2091 2967 2352 3023 Dominus
2382 2974 2438 3024 in
2465 2971 2791 3036 hominibus,
2826 2974 3043 3032 salvans
3073 2978 3128 3031 in
3162 2980 3290 3048 ipsis
3323 2997 3473 3037 omne
3511 3000 3673 3054 genus

2092 3059 2386 3117 hominum.
2415 3061 2620 3120 Deinde
2640 3063 2770 3120 Levi
2806 3067 2884 3123 ait
2907 3068 3048 3138 (55),
3075 3070 3352 3128 infernum
3377 3076 3670 3144 spoliatum

2095 3149 2164 3204 iri
2209 3151 2303 3204 ἐπὶ
2346 3151 2424 3223 τῷ
2463 3153 2627 3207 πάθει
2681 3156 2776 3209 τοῦ
2801 3158 3084 3228 Ὑψίστου,
3119 3162 3176 3214 in
3220 3164 3464 3232 passione
3501 3165 3672 3222 Altis-

2173 3351 2190 3384 ι
2229 3333 2288 3389 In
2329 3334 2683 3394 Testamento
2705 3338 2862 3395 Iudae
2887 3343 3096 3400 mentio
3139 3345 3199 3400 [it
3230 3347 3345 3416 ('54)
3374 3350 3672 3419 παρουσίας

2093 3422 2188 3477 τοῦ
2221 3423 2357 3479 Θεοῦ
2380 3427 2482 3498 τῆς
2507 3427 2874 3501 δικαιοσύνης,
2911 3433 3163 3487 adventus
3188 3433 3288 3490 Βει
3315 3436 3550 3505 iustitia:
3572 3453 3593 3493 .‘
3616 3440 3672 3495 ni

2096 3517 2278 3586 fallor,
2312 3535 2380 3574 ex
2407 3518 2614 3580 Jerem.
2660 3537 2821 3590 χχιιι,
2844 3523 2898 3589 6,
2945 3533 3001 3578 et
3027 3540 3203 3580 χχχιιι
3230 3568 3245 3592 ,
3276 3528 3365 3584 16.
3406 3529 3474 3586 Ει
3511 3535 3676 3602 paulo

2094 3619 2220 3681 post
2243 3610 2310 3666 de
2337 3609 2538 3669 Messia
2579 3611 2780 3681 dicitur
2815 3613 2929 3684 (55)
2957 3633 2971 3670 :
3010 3612 3177 3683 Οὗτος
3207 3619 3236 3672 ὁ
3267 3620 3496 3691 βλαστὸς
3536 3624 3672 3679 Θεοῦ

2097 3701 2342 3772 ὑψίστου.
2405 3703 2509 3758 llic
2541 3715 2620 3761 est
2680 3721 2888 3777 germen
2937 3705 3035 3763 DEI
3087 3711 3470 3770 altissimi:ex
3521 3715 3674 3774 Isaia.-

2096 3807 2172 3857 Iv.
2195 3792 2251 3847 2.

2171 3903 2191 3937 ι
2227 3884 2284 3940 ln
2316 3884 2668 3943 Testamento
2720 3887 2965 3944 Zabulon
2995 3889 3110 3962 (56)
3141 3893 3169 3946 τ’
3189 3892 3298 3946 Καὶ
3333 3895 3472 3966 μετὰ
3500 3897 3677 3954 ταῦτα.

2096 3978 2344 4032 ἀνατελεῖ
2365 3979 2494 4052 ύμῖν
2525 3980 2685 4046 αὐτὸς
2711 3980 2936 4054 Κύριος,
2977 3981 3092 4052 φῶς
3124 3984 3466 4060 δικαιοσύνης
3490 3993 3676 4047 ο-καὶ

2096 4068 2292 4140 ὄψεσθε
2313 4069 2446 4123 Θεὸν
2469 4071 2528 4124 ὲν
2561 4072 2800 4142 σχήματι
2823 4071 3131 4144 ἀνθρώπου.
3160 4071 3229 4130 Et
3253 4087 3370 4146 post
3402 4078 3513 4133 lucc
3538 4082 3676 4135 orie-

2099 4170 2186 4214 tur
2225 4162 2368 4216 vobis
2407 4163 2520 4233 ipse
2544 4162 2826 4229 Dominus,
2880 4163 2974 4218 tua:
2994 4165 3393 4235 justitite,...et
3431 4172 3677 4230 videbitis

2101 4249 2257 4307 Damt
2282 4253 2336 4306 in
2360 4237 2536 4324 {arma
2568 4255 2820 4310 hominis.

2176 4385 2196 4419 ι
2236 4367 2296 4423 In
2319 4365 2670 4424 Testamento
2697 4369 2810 4426 Dan
2837 4371 2952 4442 (57)
2977 4390 2990 4428 :
3024 4373 3140 4428 οὐκ
3170 4373 3249 4428 ἔτι
3277 4376 3538 4446 ὑπομενεῖ
3579 4378 3675 4431 'ls-

418 4448 666 4504 omnium
702 4447 960 4504 observat
1002 4446 1089 4504 vir
1133 4449 1384 4505 eruditus
1427 4448 1566 4521 ('27),
1593 4448 1861 4506 Jacobum
1897 4466 1993 4522 pa-

2103 4457 2382 4531 ρουσαλὴμ
2415 4461 2730 4532 ἐρήμωσιν,
2763 4462 2882 4517 οὐδὲ
2921 4465 3379 4536 αἰχμαλωτισεται
3423 4466 3636 4540 Ἰσραὴλ
3657 4508 3676 4526 .
3752 4530 3754 4532 τ

422 4542 717 4596 triarcham
746 4541 996 4612 aliosque
1034 4551 1256 4598 sanctos
1298 4543 1576 4610 homines,
1603 4543 1768 4604 morti
1813 4545 2002 4614 proxi-

420 4650 562 4701 mos,
602 4633 718 4690 sive
766 4631 1081 4690 futurorum
1134 4635 1401 4704 praesagia
1446 4634 1562 4690 sive
1604 4633 1825 4705 egregia
1875 4633 2003 4688 vita;

421 4727 558 4781 bene
588 4725 809 4796 agendas
834 4726 1040 4782 monita
1069 4725 1309 4781 edidisse
1333 4743 1349 4781 :
1374 4740 1496 4796 quae
1524 4725 1756 4796 proinde
1793 4739 2000 4794 magno

422 4819 478 4874 in
505 4819 681 4888 pretio
713 4819 900 4873 haberi
923 4819 993 4872 ab
1022 4817 1382 4874 audientibus
1409 4818 1719 4888 litterisque
1747 4817 2000 4873 mandari

422 4919 843 4966 consueverunt.
889 4910 1048 4968 llunc
1084 4911 1253 4982 igitur
1282 4925 1490 4967 morem
1529 4911 1779 4967 imitatus
1808 4923 2004 4966 auctor

423 5014 631 5070 noster,
662 5018 768 5058 non
814 5013 924 5059 tam
972 5005 1159 5060 animo
1197 5004 1527 5074 decipiendi,
1565 5020 1730 5073 quam
1780 5003 2002 5060 Judaaos

423 5095 689 5166 religione
719 5112 783 5151 ac
807 5097 1095 5167 disciplina
1138 5096 1420 5152 imbucndi
1453 5097 1658 5163 studio,
1691 5098 1745 5151 in
1783 5097 1870 5152 bis
1897 5097 2002 5153 Te-

651 5234 814 5316 Simb-
848 5234 882 5286 ¹·
905 5232 1320 5316 522.93331159'
1347 5231 1467 5316 “.9‘

517 5300 608 5368 24)
652 5305 862 5357 Simon.
895 5300 1036 5358 Bibl;
1066 5300 1210 5364 erit"
1239 5313 1374 5356 tom.
1403 5300 1467 5369 ll,
1504 5311 1554 5372 p.
1585 5303 1713 5358 228.

497 5375 611 5445 (25)
650 5375 885 5445 Crabnl.
909 5391 984 5438 c.,
1010 5390 1132 5445 pag.
1168 5375 1292 5428 155.

497 5440 612 5514 (26)
652 5447 782 5499 (Iav.
819 5444 964 5498 Hist.
997 5440 1187 5505 (inim,
1220 5452 1350 5497 tom.
1381 5441 1421 5506 Ι,
1451 5461 1504 5514 p.
1531 5440 1619 5501 5|.

497 5516 613 5584 (27)
654 5514 818 5569 Grab.
852 5516 886 5569 Ι.
919 5531 968 5569 c.
1000 5530 1156 5584 pagg.
1187 5515 1311 5584 129.
1343 5515 1466 5569 Ml.

498 5521 588 5582 (27
654 5521 818 5569 Grab.
852 5521 886 5569 Ι.
919 5531 968 5569 c.
1000 5530 1156 5584 pagg.
1187 5521 1311 5573 129.
1343 5521 1466 5569 Ml.

498 5521 613 5656 (9.8)
653 5585 817 5641 Grai).
848 5586 1042 5638 Annot.
1077 5589 1148 5657 ad
1176 5584 1239 5639 (ἱ.
1284 5582 1432 5639 Bulli
1461 5583 1671 5656 Defens.
1703 5587 1799 5657 ﬁll.
1849 5587 1970 5644 Nic.

424 5653 560 5725 sect.
594 5653 654 5722 ιι,
679 5672 800 5722 cap.
829 5657 883 5720 5,
914 5672 1037 5725 pag.
1067 5653 1155 5710 64.

500 5724 614 5795 (‘29)
655 5726 880 5781 Teatam.
907 5723 1332 5793 itII'Palriarch”
1365 5743 1483 5799 cap.
1515 5727 1571 5796 2,
1607 5728 1711 5800 §G.

709 5825 978 5888 Parnm.
1041 5825 1160 5886 Gn.
1219 5826 1299 5886 ll.

2099 4551 2182 4606 ὅτι
2215 4551 2420 4622 Κύριος
2457 4553 2613 4608 ἔσται
2674 4555 2905 4626 ὲμμέσῳ
2953 4557 3156 4628 αὐτῆς,
3201 4559 3316 4622 τοῖς
3369 4557 3678 4630 ἀνθρώποις

2102 4644 2699 4715 συναναστρεφόμενος,
2727 4647 3238 4718 καὶἈγιοςίσραὴλ
3270 4648 3566 4718 βασιλεύων
3589 4651 3676 4703 ἐπ’

2100 4733 2296 4799 αὐτοὺς
2327 4737 2386 4789 ὲν
2410 4735 2734 4792 ταπεινώσει
2759 4739 2854 4792 καὶ
2878 4739 3140 4810 πτωχείᾳ.
3163 4737 3284 4793 Non
3306 4740 3532 4807 amplius
3558 4759 3677 4796 sus-

2104 4827 2290 4882 tinebit
2351 4826 2694 4883 Hierusalem
2744 4830 3167 4897 desolationem,
3215 4847 3377 4901 neque
3437 4832 3676 4902 captivus

2102 4918 2327 4973 ducetur
2351 4917 2526 4974 Israel
2548 4936 2568 4986 ς
2592 4923 2842 4990 quoniam
2874 4921 3126 4974 Dominus
3144 4922 3245 4975 erit
3264 4923 3320 4975 in
3341 4922 3510 4976 medio
3537 4923 3676 4992 ejus.

2103 5025 2222 5063 cum
2245 5009 2544 5064 hominibus
2562 5022 2920 5077 conversatus,
2938 5021 2986 5064 et
3012 5009 3241 5066 Sanctus
3260 5011 3432 5067 Israel
3454 5028 3675 5083 regnans

2102 5117 2261 5172 super
2293 5104 2436 5172 ipsos
2467 5103 2525 5156 in
2555 5103 2858 5158 humilitate
2886 5114 2934 5158 et
2965 5115 3296 5175 paupertate.

2176 5237 2290 5308 (50)
2327 5236 2462 5308 ibid.
2493 5230 2520 5300 ἓ
2552 5233 2606 5288 6.

2177 5299 2293 5377 {an
2327 5301 2462 5360 Ibid.
2492 5299 2614 5372 cap.
2648 5301 2706 5366 2,
2744 5299 2854 5372 gr.

2178 5379 2294 5448 (32)
2329 5379 2462 5434 Ibid.
2495 5378 2607 5449 Μ
2632 5379 2686 5432 2.

2181 5449 2295 5520 (T333)
2321 5449 2457 5520 lbid-
2486 5448 2593 5520 $4-

2179 5517 2293 5592 (ἓξ)
2321 5519 2453 5592 ibid:
2484 5517 2610 5592 Q39:
2637 5517 2693 5583 4,
2726 5519 2866 5592 ia?-

2177 5588 2291 5660 (ξε)
2316 5590 2462 5660 ibid.
2497 5588 2526 5660 ς
2548 5589 2638 5643 ει.

2178 5657 2292 5731 (ζῆ)
2315 5659 2450 5731 lbid.
2492 5657 2612 5729 cap.
2645 5660 2698 5723 ϐ.
2729 5661 2835 5731 §9.

2180 5729 2292 5800 (57)
2320 5729 2455 5785 Ibid.
2486 5745 2605 5802 cap.
2639 5732 2691 5801 7,
2714 5729 2750 5803 νς
2771 5733 2825 5790 5.
