4076 6142
401 284 536 350 MSS

1385 279 1860 339 TESTAHENTA
1898 274 1990 332 XII
2028 230 2658 336 PATRIARCHARUbI.

3509 275 3642 331 1036

460 426 479 459 ι
518 407 574 461 In
600 406 947 462 Testamento
975 403 1321 473 Nephthalim
1345 402 1459 474 (58)
1492 422 1506 457 :
1544 401 1642 456 Διά
1661 399 1756 455 τοῦ
1796 395 1967 453 Ἰούδα
1995 398 2039 455 Α
2072 394 2141 450 tis
2167 397 2358 453 citare.
2398 418 2420 450 ι
2460 398 2745 469 Excerptis
2782 398 2981 453 deinde.
3020 395 3301 466 productis
3328 408 3451 464 quae
3479 409 3644 464 supe-

382 498 629 556 ἀνατελεῒ
658 498 895 571 σωτηρία
914 496 992 569 τῷ
1038 496 1272 568 Ἰσραὴλ,
1290 496 1384 549 καὶ
1405 498 1462 549 ὲν
1486 494 1635 565 αὐτῷ
1664 491 1965 564 εὐλογηθή-

385 608 535 644 σεται
579 588 788 644 Ἰακώϐ.
836 588 935 641 Διά
982 586 1091 659 γὰρ
1121 584 1216 639 τοῦ
1260 584 1545 656 σκήπτρου
1584 581 1752 637 αὐτοῦ
1795 580 1966 652 ὀφθή-

386 691 536 736 σεται
586 681 739 745 Θεὸς,
783 677 1053 734 κατοικῶν
1094 680 1153 731 ἐν
1193 677 1498 749 ἀνθρώποις
1543 677 1639 729 ἐπὶ
1679 674 1781 744 τῆς
1826 674 1929 742 γῆς
1947 711 1962 737 ν

388 774 557 829 σῶσαι
587 772 649 826 τὸ
697 772 855 842 γένος
900 769 1132 843 Ἰσραήλ.
1183 767 1292 822 Per
1325 766 1527 822 ludam
1567 764 1768 818 orietur
1818 762 1965 818 salus

388 865 584 932 Israel,
612 875 661 920 et
703 865 763 917 in
806 864 922 932 ipso
968 861 1299 916 benedicatur
1327 857 1518 912 Iacob.
1572 855 1679 909 Per
1700 863 1966 924 sceptrum

383 959 523 1012 enim
554 956 669 1027 ejus
700 954 975 1025 apparebit
1004 951 1170 1015 Deus,
1196 951 1443 1005 habitans
1480 950 1617 1003 inter
1652 947 1887 1001 homines
1909 946 1966 999 in

385 1065 552 1115 terra,
574 1036 636 1100 ut
665 1046 833 1100 solvet
876 1061 1039 1115 genus
1075 1041 1272 1097 Israel.

461 1159 482 1191 ι
506 1138 564 1193 In
582 1137 935 1193 Testamento
958 1136 1096 1191 Aser
1120 1134 1234 1204 (59)
1261 1151 1275 1187 :
1319 1133 1377 1186 '0
1391 1132 1654 1202 ’Ύψιστος
1680 1126 1967 1197 ἐπισκέψε-

382 1247 473 1285 ται
505 1232 606 1300 τὴν
630 1230 755 1301 γῆν,
794 1229 890 1282 καὶ
920 1226 1082 1289 αὐτὸς
1124 1223 1295 1278 ἐλθὼν
1318 1225 1393 1286 ὡς
1425 1222 1731 1292 ἄνθρωπος,
1771 1220 1966 1273 ὲσθίων

383 1325 477 1377 καὶ
500 1322 670 1376 πίνων
699 1319 839 1393 μετὰ
857 1318 968 1373 τῶν
992 1317 1297 1390 ἀνθρώπων
1320 1357 1334 1381 ,
1369 1317 1463 1369 καὶ
1486 1316 1544 1368 ὲν
1590 1314 1796 1386 ἡσυχίᾳ
1837 1328 1963 1367 συν-

380 1411 583 1485 τρίσων
612 1411 713 1482 τὴν
756 1407 997 1479 κεφαλὴν
1019 1407 1114 1461 τοῦ
1147 1406 1439 1478 δράκοντος
1461 1406 1530 1459 δι’
1555 1404 1764 1468 ὕδατος.
1796 1398 1964 1467 Οὗτος

385 1503 547 1558 σώσει
578 1502 671 1556 τὸν
722 1500 935 1573 Ἰσραὴλ
978 1500 1072 1553 καὶ
1116 1500 1295 1553 πάντα
1330 1497 1401 1551 τὰ
1423 1496 1572 1569 ἔθνη,
1608 1495 1740 1559 Θεὸς
1769 1495 1849 1557 εἰς
1872 1495 1966 1549 ἄν-

380 1595 484 1668 δρα
514 1593 956 1666 ὑποκρινόμενρς.
987 1590 1315 1646 Αιτιεειιιυε
1356 1586 1598 1643 visitabit
1650 1595 1882 1649 terram;
1912 1595 1964 1639 et

381 1687 493 1756 ipse
522 1686 730 1741 veniens
760 1694 817 1737 ut
852 1684 1028 1749 homo,
1063 1698 1184 1736 cum
1220 1680 1522 1734 hominibus
1558 1678 1887 1732 manducans
1912 1685 1963 1730 et

384 1743 597 1843 bibens,
636 1786 686 1831 et
710 1777 764 1830 in
809 1774 1022 1829 silentio
1060 1780 1331 1827 conterens
1363 1779 1525 1841 caput
1571 1769 1823 1823 draconis
1871 1781 1965 1836 per
1994 1743 2039 1799 Β

385 1885 601 1940 aquam.
635 1868 739 1922 Hic
760 1866 987 1921 salvabit
1016 1865 1188 1921 Israel
1208 1876 1259 1920 et
1284 1880 1462 1919 omnes
1492 1871 1701 1933 gentes,
1729 1858 1873 1916 Deus
1908 1859 1963 1911 in

381 1961 554 2015 virum
590 1959 955 2013 absconditus.

458 2072 479 2104 ι
535 2053 779 2122 Denique
818 2052 873 2106 in
901 2049 1253 2105 Testamento
1309 2047 1590 2118 Benjamin
1639 2045 1798 2114 (41ης
1828 2044 1962 2098 Τότε

382 2145 476 2199 καὶ
494 2147 528 2215 ἡ
538 2147 656 2217 psi;
670 2141 1112 2214 ἀναστησόμεθα,
1132 2140 1362 2203 ἕκαστος
1382 2139 1474 2191 ἐπὶ
1490 2137 1769 2208 σκῆπτρον
1783 2135 1960 2207 ἡμῶν,

381 2235 814 2309 προσκυνοῦντες
844 2235 936 2288 τὸν
963 2232 1187 2305 βασιλέα
1216 2230 1327 2286 τῶν
1346 2230 1607 2304 οὐρανῶν,
1631 2230 1722 2283 τὸν
1744 2229 1837 2283 ἐπὶ
1858 2227 1963 2299 γῆς

381 2328 620 2398 φανέντα
644 2328 702 2380 ὲν
730 2328 910 2398 μορφῇ
946 2324 1232 2397 ἀνθρώπου
1269 2323 1660 2397 (ἀνθρωπίνης)
1692 2320 1960 2376 ταπεινώ-

383 2439 539 2486 σεως.
566 2420 711 2475 Tunc
754 2430 805 2476 et
847 2436 940 2475 nos
962 2434 1315 2489 resurgemus,
1337 2417 1696 2488 unusquisque
1733 2418 1791 2470 in
1844 2430 1962 2471 sce-

366 2525 543 2585 ptrum
554 2520 817 2575 nostrum,
840 2510 1124 2565 adorantes
1147 2523 1319 2579 regem
1345 2506 1722 2577 ctelorum,qui
1743 2506 1798 2558 in
1818 2516 1961 2559 terra

379 2605 633 2677 apparuit
686 2604 742 2656 in
786 2601 958 2672 [arma
1006 2600 1236 2655 hominis
1272 2597 1575 2671 (humanae)
1614 2596 1959 2651 humilitatis.

379 2696 618 2766 Moxque
644 2693 794 2748 addit
829 2691 1105 2749 lsraelitas
1131 2691 1461 2763 judicandos
1483 2727 1497 2755 ,
1543 2690 1624 2742 ὅτι
1657 2687 1962 2760 παραγενό-

383 2805 544 2862 μενον
586 2786 718 2840 Θεὸν
742 2786 801 2837 ὲν
847 2784 1010 2857 σαρκὶ
1046 2782 1413 2854 ὲλευθερωτὴν
1458 2781 1558 2835 οὐκ
1580 2781 1906 2834 ἐπίστευσαν
1942 2798 1957 2835 :

380 2880 632 2953 quoniam
679 2876 1043 2931 advenientem
1100 2872 1255 2928 Deuu
1307 2873 1362 2926 in
1409 2888 1568 2927 carne
1617 2871 1959 2926 liberatorem

380 2990 485 3029 non
511 2970 873 3026 crediderunt.

2067 488 2185 544 rius
2212 491 2587 555 recitavimus,
2614 490 2942 546 sententiam
2981 503 3137 544 suam
3166 486 3373 541 claudit
3406 486 3494 540 his
3519 501 3642 540 ver-

2066 580 2153 637 bis
2185 602 2199 636 :
2234 601 2253 634 ι
2289 581 2417 639 Ηιιξίε
2456 584 2691 639 clariora
2712 593 2768 638 et
2800 581 3149 652 expressiora
3191 589 3358 643 sunt,
3388 594 3553 648 quam
3587 588 3647 633 ut

2066 672 2380 745 detorqueri
2409 675 2643 745 possint.
2679 673 2837 741 Quod
2867 674 2915 729 si
2943 683 3131 729 assuta
3166 681 3222 727 et
3260 673 3534 729 insincera
3557 673 3644 728 di-

2068 774 2192 822 cent
2223 767 2602 837 (adversarii),
2632 781 2744 821 non
2771 775 2856 821 est
2900 765 3048 837 quod
3078 780 3203 820 cum
3234 765 3319 820 eis
3345 764 3643 834 litigemus.

2069 856 2161 913 Sic
2210 859 2356 914 enim
2388 859 2685 929 scriptores
2733 873 2927 914 omnes
2973 857 3377 913 ecclesiasticos
3423 857 3646 913 eludere

2071 947 2277 1004 licebit.
2306 946 2468 1004 Nulla
2496 947 2645 1002 enim
2670 947 2762 1002 hic
2806 947 2932 1019 styli
2986 946 3244 1010 varietas,
3267 945 3416 1001 nulla
3460 961 3645 1000 rerum

2065 1050 2165 1096 aut
2207 1040 2504 1096 verborum
2555 1040 2948 1111 discrepantia,
2988 1040 3127 1095 nihil
3178 1054 3287 1094 non
3324 1037 3553 1108 simplex
3590 1047 3647 1093 et

2068 1134 2234 1188 unius
2270 1132 2482 1189 formae.
2522 1132 2753 1188 Videtur
2774 1141 2960 1188 autem
2992 1132 3096 1189 iste
3131 1133 3390 1203 scriptor,
3414 1132 3645 1186 consilio

2067 1224 2157 1279 ille
2179 1224 2399 1295 quidem
2456 1239 2567 1280 non
2617 1226 2786 1291 malo,
2818 1224 2914 1284 sed
2957 1224 3149 1280 fraude
3190 1240 3301 1279 non
3341 1224 3641 1291 laudabili,

2067 1318 2185 1373 haec
2212 1317 2472 1371 vaticinia
2486 1316 2816 1387 patriarchis
2839 1317 3173 1387 subjecisse,
3198 1315 3491 1371 utJudaaos
3511 1330 3642 1370 suos

2066 1407 2137 1463 ad
2159 1407 2319 1463 [idem
2349 1407 2616 1476 alliceret,
2649 1417 2704 1463 et
2738 1422 2999 1480 magnum
3046 1407 3181 1462 illud
3231 1406 3509 1462 nascentis
3546 1403 3640 1460 Dei

2067 1501 2385 1572 mysterium
2418 1516 2450 1555 a
2482 1516 2593 1570 quo
2637 1500 3045 1566 abhorrebant,
3097 1500 3153 1555 in
3198 1514 3295 1555 ore
3351 1498 3641 1554 duodecim

2065 1593 2505 1663 patriarcharum
2541 1593 2726 1649 minus
2755 1595 2838 1650 eis
2869 1594 3108 1649 invisum
3139 1594 3435 1650 accideret.
3466 1612 3485 1644 ι
3527 1591 3643 1649 Huc

2068 1702 2243 1758 usque
2277 1686 2538 1743 Maranus
2568 1685 2634 1742 γ.
2664 1684 2728 1742 C.
2764 1686 2844 1741 Ex
2883 1687 3301 1758 quibusJiquet
3342 1687 3508 1742 nimis
3546 1687 3642 1741 ab-

2063 1779 2206 1850 jecte
2260 1779 2501 1836 sensisse
2546 1777 2847 1834 Nourrium
2877 1780 2999 1850 ejus
3022 1780 3264 1835 sodalem
3285 1820 3301 1845 ,
3325 1778 3509 1834 virum
3534 1794 3642 1833 caeo

2066 1882 2182 1928 tera
2209 1872 2455 1941 doctum,
2485 1888 2611 1928 cum
2643 1873 2712 1928 de
2742 1872 2829 1949 his
2850 1872 3218 1928 Testamentis
3249 1872 3382 1927 illud
3406 1887 3643 1942 pronun-

2066 1964 2260 2019 tiavit:
2300 1982 2318 2017 ι
2350 1965 2404 2020 in
2434 1964 2612 2021 lucem
2637 1980 2919 2036 nunquam
2943 1965 3119 2019 emitti
3148 1979 3211 2019 ea
3245 1964 3523 2030 debuisse,
3558 1964 3640 2019 vel

2064 2058 2342 2128 perpetuis
2396 2057 2637 2112 tenebris
2689 2055 2863 2111 fuisse
2912 2055 3223 2111 damnanda
3263 2055 3378 2126 (42)
3411 2074 3430 2107 ι
3475 2075 3490 2111 :
3530 2071 3642 2127 quo

2063 2146 2285 2215 quidem
2317 2146 2541 2201 nomine
2568 2145 2652 2201 vel
2697 2146 2766 2203 ab
2795 2146 2915 2217 ipso
2948 2144 3199 2201 Simonio
3238 2154 3469 2201 notatur
3497 2145 3635 2218 (45).

2064 2255 2154 2313 IV.
2198 2256 2277 2312 De
2289 2258 2460 2331 fariis
2488 2275 2614 2331 mss.
2647 2258 3037 2329 exemplaribus
3066 2258 3288 2324 Graecis,
3311 2260 3477 2331 deque
3505 2260 3643 2313 anti-

2132 2345 2239 2454 q:a
2279 2327 2494 2385 Roberti
2534 2327 2920 2385 Lincolniensis
2963 2331 3195 2400 episcopi
3246 2327 3481 2385 versione
3522 2331 3641 2401 agi-

2197 2417 2235 2454 r.

2135 2513 2310 2585 Hujus
2360 2516 2543 2585 operis
2598 2516 2750 2572 varia
2783 2515 3249 2573 circumferuntur
3291 2532 3428 2573 mss.
3452 2530 3639 2572 exem-

2061 2606 2236 2676 plaria
2267 2606 2478 2674 Graeca,
2525 2608 2660 2664 viris
2683 2608 2913 2664 eruditis
2952 2608 3194 2673 laudata,
3227 2607 3643 2665 Montfauconio

2065 2700 2186 2770 (M)
2211 2699 2265 2753 in
2290 2700 2505 2770 primis,
2531 2699 2792 2766 Noun-io,
2839 2700 3108 2770 Simonio,
3138 2701 3450 2758 Warthono
3473 2702 3531 2757 ll.
3553 2716 3637 2757 cc.

2061 2792 2314 2862 aliisque.
2360 2791 2463 2849 Ms.
2522 2791 2997 2866 Cantabrigiensis
3053 2793 3304 2849 meminit
3353 2792 3641 2850 Fabricius

2063 2885 2200 2957 (45),
2229 2885 2461 2956 ejusque
2488 2885 2676 2943 titulos
2707 2901 2806 2943 seu
2841 2887 3084 2956 capitum
3109 2889 3413 2944 summaria
3451 2887 3641 2942 Graece

2062 2978 2275 3044 recitat,
2305 2977 2440 3032 nihil
2473 2987 2658 3033 tamen
2696 2978 2767 3032 ab
2794 2978 2942 3033 edito
2971 2976 3249 3034 Grabiano
3289 2979 3529 3035 diversa.
3563 2978 3640 3033 De

459 3085 477 3117 ι
523 3064 665 3120 Eme
718 3062 1034 3124 Christum.
1090 3058 1397 3126 Dominum,
1460 3057 1652 3122 Deum,
1706 3071 1955 3127 magnum
1982 3080 2028 3140 ο
2062 3068 2347 3125 codicibus
2370 3079 2554 3123 autem
2601 3068 2920 3140 Anglicanis
2958 3084 3087 3124 mox
3116 3069 3283 3134 infra,
3310 3069 3406 3125 ubi
3435 3070 3505 3125 de
3521 3069 3640 3125 edi—

379 3159 573 3223 Deum,
609 3155 977 3220 Altissimum,
1011 3150 1269 3206 Sanctum
1312 3149 1520 3218 Israel,
1555 3159 1688 3216 etc.,
1719 3149 1960 3218 appella-

383 3260 520 3305 tum.
553 3267 573 3301 ι
600 3246 876 3303 Hactenus
897 3244 1147 3301 eruditus
1185 3242 1423 3299 Grabius
1453 3260 1467 3297 :
1493 3257 1525 3296 a
1559 3257 1669 3312 quo
1699 3242 1818 3297 haec
1858 3255 1956 3295 ea-

380 3340 505 3395 dem
527 3346 805 3394 contracta
828 3343 1108 3393 mutuatus
1138 3343 1222 3391 est
1250 3333 1584 3390 Prudentius
1615 3332 1877 3390 Maranus
1900 3332 1956 3387 in

380 3432 658 3504 praestanti
717 3444 883 3502 opere
924 3429 1190 3500 inscripto
1235 3445 1249 3481 ε
1292 3426 1559 3482 Divinitas
1604 3425 1674 3482 D.
1709 3424 1866 3482 ΝΛ.
1894 3424 1957 3481 C.

382 3527 671 3598 manifesta
704 3526 761 3579 in
786 3522 1083 3592 Scripturis
1108 3531 1155 3576 et
1187 3520 1476 3575 traditione
1499 3519 1636 3592 (bl).
1657 3518 1830 3590 Cujus
1857 3517 1960 3572 viri

380 3617 688 3677 doctissimi
714 3616 983 3687 judicium
1010 3615 1080 3670 de
1112 3614 1311 3669 horum
1335 3611 1811 3669 Testamentorum
1856 3627 1961 3665 au-

381 3721 532 3768 ctore
565 3711 619 3764 in
643 3708 883 3763 medium
915 3705 1161 3777 proferre
1191 3705 1362 3772 libet,
1387 3720 1503 3775 quo
1520 3705 1706 3776 magis
1746 3703 1838 3759 illa
1867 3703 1961 3757 tir-

381 3812 602 3858 mentur
627 3815 750 3872 quae
797 3800 864 3855 de
907 3798 1086 3869 ipsius
1128 3811 1294 3868 opere
1333 3795 1718 3852 disseruimus.
1755 3814 1774 3848 ι
1804 3793 1961 3851 Hunc

382 3896 707 3966 scriptorem
735 3934 750 3961 ,
803 3893 1017 3963 inquit,
1044 3889 1293 3946 Judaeum
1342 3888 1515 3945 fuisse
1562 3888 1804 3944 declarat
1841 3886 1967 3957 plu—,

383 3991 560 4046 rimus
610 3986 965 4042 Judaicarum
1012 3982 1324 4038 fabularum
1371 3997 1546 4039 usus:
1578 3980 1959 4036 Christianum

382 4095 549 4147 vero,
601 4080 833 4135 nimium
874 4085 1075 4148 aperta:
1119 4076 1188 4132 de
1249 4074 1470 4131 Christo
1535 4075 1957 4145 praedictiones,

383 4189 547 4248 quam
583 4182 641 4228 ut
682 4186 750 4228 ex
793 4168 1002 4226 eventis
1050 4168 1189 4223 ﬁctae
1230 4181 1341 4223 non
1386 4166 1613 4223 fuerint.
1669 4163 1956 4222 Seniorem

383 4267 583 4325 saeculo
619 4280 660 4320 ιι
696 4262 944 4319 nonnulli
971 4261 1213 4329 faciunt,
1238 4274 1398 4315 nemo
1430 4259 1732 4330 iuniorem,
1758 4261 1959 4332 quippe

382 4376 507 4417 cum
529 4359 599 4415 ab
624 4357 862 4429 Origene
893 4356 1085 4411 homil.
1112 4370 1181 4410 xv
1243 4359 1300 4413 in
1327 4354 1493 4413 Iosue
1535 4354 1737 4410 citatus
1771 4354 1958 4410 fuerit.

382 4451 617 4508 Grabius
658 4427 805 4505 hunc
830 4449 1028 4504 librum
1063 4447 1195 4503 olim
1228 4462 1260 4502 a
1287 4446 1483 4503 Judan
1526 4448 1792 4518 scriptum
1830 4454 1958 4503 ante
1988 4427 2035 4484 Ῑ)

381 4543 583 4599 Christi
612 4550 815 4607 ortum,
844 4550 950 4598 eta
987 4541 1304 4596 Christiano
1333 4540 1538 4597 saeculo
1567 4556 1584 4596 ι
1609 4549 1844 4597 exeunte
1863 4551 1960 4598 aut

384 4625 421 4692 ιι
450 4637 670 4693 ineunte
703 4634 1092 4707 interpolatum
1127 4644 1303 4707 putat.
1339 4635 1449 4692 Sed
1480 4636 1598 4691 haec
1630 4636 1833 4693 eruditi
1855 4635 1960 4692 viri

380 4729 569 4800 opinio
592 4728 886 4785 levissimis
909 4727 1241 4798 conjecturis
1278 4728 1502 4782 nititur.
1543 4725 1693 4783 Nihil
1720 4728 1868 4784 enim
1901 4728 1956 4783 in

380 4821 487 4874 hoc
508 4833 672 4891 opere
705 4818 1041 4874 insincerum
1069 4825 1129 4872 et
1172 4818 1474 4873 interlitum
1526 4829 1773 4889 apparet,
1814 4819 1954 4873 nihil

379 4910 529 4982 quod
569 4924 677 4965 non
712 4910 997 4981 proposito
1039 4909 1331 4965 conducat.
1373 4909 1562 4977 Quare
1592 4925 1701 4965 non
1732 4920 1817 4967 est
1857 4925 1958 4965 cur

378 5013 668 5056 vereamur
719 4997 1218 5055 haec'Testamenta
1267 5000 1600 5070 patriarchis
1638 5001 1953 5072 supposita,

379 5104 441 5150 ut
466 5094 945 5166 germanissimum
973 5109 1113 5164 opus
1135 5093 1309 5151 ειυύωί
1336 5096 1390 5149 in
1419 5094 1704 5150 Christum
1726 5095 1958 5149 creden-

441 5243 557 5327 f§§l
586 5243 816 5327 Ξείεέαηι·
855 5250 1289 5327 ιιξηριξεζίανειιη
1312 5268 1432 5325 ουρ-
1461 5252 1518 5322 8»
1551 5253 1657 5325 58·

438 5314 555 5395 (ἓξὲξ
584 5313 719 5395 [ιέίείς
751 5329 870 5384 cap.
901 5313 1124 5395 1.(Ε5,⁷;

447 5384 562 5457 ('40)
594 5384 735 5457 ibid.
767 5400 889 5454 cap.
919 5386 1008 5452 12,
1023 5384 1072 5457 '§
1103 5387 1189 5442 l0.

377 5523 405 5595 ᾗ
433 5455 561 5591 ibi;
593 5454 801 5579 Άὲὂὲειη.
826 5456 1007 5511 Dicin.
1048 5454 1129 5510 Ὠ.
1169 5457 1244 5512 Ν.
1277 5456 1334 5512 .Ι·.
1394 5458 1458 5513 C.
1509 5458 1605 5514 lib.
1648 5475 1710 5527 ll,
1737 5477 1857 5533 cap.
1894 5464 1946 5531 i,

374 5594 561 5718 Ἤδη)
591 5594 789 5649 Nam,
840 5596 1039 5665 Appar.
1075 5598 1145 5649 ad
1197 5598 1304 5651 bibl
1346 5598 1467 5654 PP.
1524 5610 1658 5657 tom.
1709 5600 1749 5669 ι,
1806 5620 1933 5678 pas-

449 5731 564 5804 (ta)
605 5727 818 5788 Simon.
848 5734 993 5791 Bibl.
1020 5738 1163 5807 crit.,
1198 5749 1332 5795 tom.
1364 5739 1430 5810 ll,
1454 5730 1659 5813 p.225.

2062 3161 2210 3215 tione
2230 3157 2551 3215 Oxoniensi.
2590 3156 2841 3214 Primum
2885 3174 3016 3214 vero
3043 3157 3297 3215 Graecum
3338 3157 3637 3227 exemplar,

2063 3253 2110 3308 si
2135 3251 2272 3308 ﬁdes
2292 3249 2550 3307 Matthaao
2576 3249 2736 3307 Paris
2762 3251 2900 3322 (46),
2917 3251 3190 3307 detectum
3221 3250 3291 3305 ita
3321 3248 3496 3306 fuisse
3516 3265 3640 3320 pet:-

2062 3346 2299 3401 hibetur.
2336 3343 2612 3415 Magister,
2639 3344 2838 3414 inquit,
2863 3342 3098 3399 Joannes
3123 3343 3188 3398 de
3209 3340 3635 3413 Basingestokes,

2062 3437 2465 3492 archidiaconus
2502 3435 2732 3507 Legrice,
2760 3436 2842 3489 vir
2864 3438 2917 3488 in
2947 3434 3105 3488 triuio
3154 3442 3205 3488 et
3231 3432 3513 3504 quadrivio
3537 3447 3632 3485 ex-

2061 3529 2501 3600 perientissimus,
2532 3527 2733 3583 Crtecis
2764 3543 2826 3581 ac
2848 3525 3060 3582 Latinis
3091 3525 3286 3580 litteris
3316 3526 3388 3579 ad
3425 3525 3638 3595 plenum

2062 3622 2426 3689 eruditus,....
2485 3623 2821 3677 intimauerat
2849 3621 3092 3690 episcopo
3135 3618 3491 3673 Lincolniensi
3536 3616 3638 3671 Ro-

2064 3717 2229 3782 berto,
2258 3717 2399 3786 quod
2425 3715 2636 3785 quando
2656 3713 2865 3768 studuit
2887 3712 3132 3774 Athenis,
3155 3711 3357 3765 viderat
3378 3720 3429 3766 et
3448 3711 3638 3764 audie~

2062 3819 2146 3864 rut
2178 3808 2243 3863 ab
2264 3808 2449 3878 peritis
2486 3806 2791 3862 Gratcorum
2811 3804 3117 3859 doctoribus
3155 3803 3400 3873 quaedam
3427 3801 3637 3856 Latinis

2062 3902 2354 3972 incognita.
2383 3899 2535 3954 Inter
2558 3914 2678 3970 qute
2717 3898 2912 3968 reperit
2950 3912 3032 3952 xu
3065 3895 3530 3961 Putriarcharum,
3568 3896 3636 3965 [i-

2062 3996 2257 4051 liorum
2295 3994 2537 4050 videlicet
2579 3991 2785 4059 Jacob,
2839 3990 3219 4046 Testamenta:
3265 4004 3385 4060 qua
3431 3998 3634 4044 constat

2060 4104 2172 4144 esse
2192 4088 2257 4143 de
2284 4086 2585 4143 substantia
2619 4082 2946 4139 bibliothecae
2969 4096 2988 4144 ,'
3010 4082 3100 4139 sed
3130 4100 3222 4154 per
3245 4083 3503 4137 invidiam
3528 4080 3634 4136 Ju-

2061 4182 2302 4237 daeorum
2337 4179 2541 4233 dudum
2572 4176 2737 4247 fuisse
2769 4175 3062 4247 incognita,
3089 4185 3303 4246 propter
3322 4176 3634 4245 manifestas

2064 4292 2183 4347 qua:
2232 4275 2287 4330 in
2321 4272 2518 4329 eisdem
2567 4280 2770 4342 patent,
2801 4269 2866 4324 de
2891 4268 3100 4325 Christo
3129 4270 3453 4339 prophetias.
3489 4268 3635 4324 Unde

2061 4363 2201 4417 ident
2222 4362 2495 4433 episcopus
2523 4360 2666 4414 misit
2691 4359 2747 4413 in
2781 4357 3043 4414 Grceciam
3063 4377 3083 4425 ;
3107 4369 3158 4414 et
3186 4376 3307 4413 cum
3333 4377 3396 4414 ea
3421 4360 3638 4414 habuis-

2060 4462 2170 4521 set,
2201 4450 2478 4506 transtulit
2506 4450 2570 4505 de
2599 4449 2785 4505 erco
2813 4451 2867 4503 in
2900 4448 3154 4504 Latinum
3180 4466 3491 4521 sermonem.
3512 4450 3637 4508 Haec

2062 4546 2154 4601 ille
2184 4543 2490 4599 monachus
2514 4540 2723 4612 Anglus
2742 4581 2759 4608 ,
2787 4540 2880 4597 ubi
2912 4540 3050 4596 nihil
3080 4540 3149 4597 de
3170 4549 3331 4597 textu
3360 4541 3591 4599 Hebraeo
3617 4582 3633 4608 ,

2060 4642 2122 4689 ut
2154 4632 2306 4700 alibi,
2329 4646 2490 4703 quem
2514 4629 2679 4686 etiam
2711 4631 2967 4701 superius
2989 4630 3231 4688 vidimus
3259 4644 3633 4700 enarrantem,

2060 4728 2131 4782 ab
2158 4725 2353 4781 eodem
2375 4723 2593 4794 quidem
2627 4722 3000 4781 Lincolniensi
3018 4724 3279 4796 episcopo
3302 4727 3419 4784 haec
3444 4727 3637 4784 Testa-

2061 4825 2245 4871 menta
2280 4830 2312 4870 e
2338 4807 2530 4871 Gracco
2565 4812 2760 4869 Latine
2786 4812 2961 4869 fuisse
2995 4815 3207 4871 reddita
3228 4856 3243 4882 ,
3286 4818 3637 4889 coadjuvante

2059 4916 2241 4963 tamen
2290 4907 2548 4978 magistro
2606 4905 2836 4961 Nicolao
2865 4905 3050 4963 Grteco
3075 4948 3091 4972 ,
3117 4907 3311 4963 clerico
3333 4910 3545 4965 abbatis
3573 4910 3632 4967 S.

2060 5003 2272 5057 Albani.
2313 5000 2387 5056 De
2434 5010 2676 5072 utroque
2718 5002 3015 5071 interprete
3051 5002 3372 5059 distinctius
3398 5005 3638 5078 sgittis-

2058 5095 2178 5151 leus
2210 5094 2348 5166 (47).

2056 5248 2463 5376 ssgfiglglontf.
2486 5248 2631 5304 Bibl.
2655 5248 2923 5318 biblioth.,
2955 5261 3087 5305 tom.
3121 5251 3178 5320 l,
3208 5268 3331 5325 pag.
3367 5255 3436 5310 M
3459 5297 3475 5321 ,
3507 5256 3634 5321 683,

2054 5390 2244 5516 84(45)
2296 5390 2514 5448 Fabric.
2581 5388 2712 5445 Cod.
2763 5393 2948 5461 pseud.
3012 5389 3073 5446 V.
3114 5390 3203 5458 T.,
3235 5404 3372 5451 tom.
3404 5394 3472 5461 ll,
3504 5414 3634 5470 pag.

2056 5462 2468 5675 Zéj‘thqMatth.
2502 5532 2627 5588 Par.
2660 5531 2806 5587 Hist.
2834 5533 3007 5604 major
3027 5577 3042 5601 ν
3068 5537 3136 5628 δᾳ
3180 5551 3310 5591 an".
3347 5536 3488 5594 “52
3508 5584 3524 5608 ’
3576 5556 3638 5615 ν’

2054 5673 2241 5819 ι’.(ἔέ)
2266 5673 2394 5732 Bal.
2427 5675 2574 5732 Hist.
2603 5676 2666 5732 de
2703 5679 2888 5747 script.
2942 5676 3223 5749 Britann.,
3252 5690 3465 5736 tentur.
3502 5696 3642 5754 xm,
