2038 3071
233 128 303 157 1059

734 128 966 157 TESTAMENTA
983 129 1030 156 XII
1047 128 1357 159 PATRIARCHARUM.

1796 138 1865 165 1M0

232 190 286 216 illic
299 188 408 219 Jndam,
420 193 445 214 ct
466 187 534 220 Gud,
547 192 574 214 et
590 187 667 218 Aser,
681 186 779 215 fratres
792 195 868 219 suos,
880 187 948 215 dixit
958 188 1014 215 eis:

1072 195 1120 221 μαι
1135 187 1194 213 ὁδὸν
1211 188 1338 224 πατέρων
1354 197 1414 224 μου.
1431 199 1440 215 ι
1456 190 1510 217 Καὶ
1526 189 1587 217 ἰδὼν
1604 192 1662 219 ἐκεῖ
1682 193 1780 220 Ἰούδαν
1790 215 1797 226 ,
1819 197 1866 223 καὶ

235 247 244 263 ι
256 236 359 271 Erigitc
371 244 424 268 me,
438 235 547 267 fratres,
563 240 592 261 ut
608 235 696 261 dicam
717 235 847 263 fratribus
864 237 933 264 meis
948 241 975 264 ct
990 236 1021 263 fi-

232 283 275 310 liis
288 282 365 314 mcis,
379 288 550 316 qumcnnque
565 280 653 308 habeo
665 280 692 307 in
707 281 789 309 corde
804 289 865 308 meo
876 281 1022 309 abscondi-

232 335 257 356 ta
270 337 276 354 :
288 329 345 363 jam
358 327 430 355 cnim
444 328 551 355 deficio.
566 337 574 353 I
592 327 625 354 Et
635 332 742 354 erectus
756 327 896 355 osculatus
909 331 951 355 est
961 334 1019 359 eos,

229 381 256 402 ct
267 375 377 409 plorans
388 374 457 401 dixit
472 382 478 399 :
495 382 505 399 ι
520 373 630 405 Audite,
649 372 747 401 fratres
760 373 812 400 mei
828 378 854 400 et
869 373 929 406 ﬁlii,
943 374 1020 401 auri-

230 422 281 448 bus
296 420 427 455 percipite
440 419 535 446 Ruben
549 424 653 454 patrem
668 424 790 447 vestrum
807 419 877 455 (51),
890 428 1021 455 quaecun-

230 476 283 504 que
296 468 395 495 mando
413 467 500 494 vobis.
514 466 592 499 Ecce,
611 466 743 493 testificor
760 467 839 494 vobis
852 466 938 494 Deum
957 467 1020 494 (εωιὶ

230 515 322 546 hodie,
347 517 378 540 ut’
398 521 454 540 non
470 512 619 543 mnbuletis
638 512 664 539 in
683 512 838 547 ignorantia
854 512 1018 547 juventutis,

229 566 255 588 ct
266 560 447 587 fornicatione
463 559 490 586 in
506 567 558 594 qua
571 558 674 586 cﬂ‘nsus
689 566 749 586 sum
761 566 822 594 ego,
844 564 871 586 et
892 559 1020 594 inquina-

229 607 254 634 vi
268 607 366 634 lectum
392 606 478 641 patris
505 607 557 633 mei
589 605 684 633 Jacob.
716 605 781 633 Dico
815 606 889 633 enim
918 606 1017 638 vobis,

228 654 358 689 quoniam
378 653 514 688 percussit
531 660 574 680 me
594 652 761 687 (Dominus)
781 652 859 687 plaga
877 661 976 688 magna
992 654 1018 680 in

229 700 283 727 iliis
298 700 367 727 meis
388 707 435 734 per
451 707 559 726 menses
577 704 698 733 septem;
718 704 744 727 et
766 698 819 726 nisi
841 698 926 726 Jacob
942 704 1018 734 pater

228 751 322 773 noster
339 750 446 773 orasset
471 753 520 780 pro
535 753 578 772 me
593 746 627 772 ad
641 745 800 779 Dominum,
816 745 902 772 voluit
922 744 1017 772 Domi-

228 799 280 819 nus
296 791 421 819 occidere
437 799 490 818 mc.
517 790 598 820 Eram
627 791 699 819 enim
724 798 859 819 annorum
885 792 1016 826 triginta,

227 838 338 874 quando
358 837 410 865 feci
426 838 478 865 hoc
493 838 594 865 malum
608 845 702 865 coram
726 836 856 869 Domino;
871 841 898 864 ot
914 842 1015 872 septem

229 884 370 912 mensibus
385 885 540 911 infirmatus
557 892 618 911 sum
639 891 728 918 usque
742 884 776 911 ad
794 888 925 917 mortem;
943 889 969 911 et
983 891 1016 910 cx

228 933 368 967 proposito
379 931 477 958 anima:
492 939 559 958 meae
575 935 677 966 septem
700 931 780 958 annis
796 931 910 966 paenitui
924 938 1017 959 coram

229 978 355 1005 Domino.
370 977 470 1005 Vinum
494 982 522 1005 et
538 978 653 1005 siceram
674 986 730 1005 non
752 978 820 1010 bibi,
834 982 861 1005 et
874 985 940 1005 caro
963 985 1017 1004 non

227 1024 339 1051 intravit
353 1030 384 1051 os
406 1031 513 1055 meum;
528 1028 554 1050 ct
570 1031 679 1051 omnem
700 1031 798 1058 panem
814 1023 943 1051 desiderii
964 1030 1016 1050 non

227 1070 334 1105 gustavi
348 1070 444 1105 lugens
456 1077 506 1104 pro
517 1074 628 1104 peccato
642 1078 713 1100 meo.
723 1077 852 1105 magnum
864 1070 936 1096 enim
945 1073 1015 1097 erat.

227 1116 260 1144 Et
273 1125 307 1144 ne
319 1117 366 1144 liat
381 1117 407 1144 in
429 1117 511 1144 Israel
525 1117 572 1144 ita.

263 1273 343 1302 IL'Et
357 1281 429 1301 nunc
443 1273 535 1300 audite
555 1281 599 1301 me
610 1293 617 1305 ,
632 1273 692 1306 lilii,
706 1278 736 1300 ut
749 1273 921 1302 manifestem
939 1274 1016 1302 vobis

225 1320 294 1353 (58),
309 1328 369 1355 qua:
396 1320 450 1346 vidi
483 1320 517 1346 de
545 1324 650 1354 septem
682 1319 824 1355 spiritibus
857 1320 961 1348 erroris
988 1320 1014 1347 in

224 1366 385 1401 poenitentia
403 1373 474 1393 mea.
490 1365 598 1401 Septem
611 1366 725 1400 spiritus
739 1366 794 1393 dati
811 1370 875 1393 sunt
885 1366 1017 1394 adversus

226 1413 365 1440 hominem
380 1420 395 1440 ιι
406 1413 510 1446 Beliar;
523 1420 549 1440 ct
562 1413 612 1448 ipsi
630 1418 694 1441 sunt
703 1417 784 1448 caput
796 1414 1014 1448 operumjuven-

225 1459 313 1486 tutis:
331 1464 357 1486 et
377 1464 481 1494 septem
500 1459 613 1494 spiritus
628 1460 683 1487 dati
700 1464 765 1487 sunt
781 1459 806 1487 ci
824 1459 851 1486 in
863 1460 1013 1493 creatione,

225 1510 256 1533 ut
268 1507 303 1533 sit
318 1507 343 1533 in
361 1507 400 1533 eis
418 1514 500 1533 omne
520 1514 588 1541 opus
609 1506 740 1533 hominis.
764 1506 874 1534 Primus
901 1506 1014 1541 spiritus

225 1557 267 1580 est
286 1552 359 1585 vitae,
374 1560 437 1579 cum
457 1560 510 1587 qua
527 1552 704 1579 consistentia
730 1557 850 1579 creatur.
872 1551 1015 1579 Secundus

225 1598 338 1633 spiritus
357 1602 399 1625 est.
420 1598 506 1630 visus,
522 1606 584 1625 cum
600 1606 655 1633 quo
671 1598 699 1626 tit
714 1599 890 1626 desiderium.
905 1598 1015 1627 Tertius

225 1644 339 1678 spiritus
352 1648 394 1671 est
417 1643 535 1676 auditus,
552 1652 614 1671 cum
630 1652 685 1679 quo
704 1643 878 1672 titdoctrina.
894 1642 1015 1678 Quartus

224 1690 337 1725 spiritus
352 1693 394 1717 est
410 1689 543 1722 olfactus,
566 1697 627 1717 cum
646 1698 701 1724 quo
716 1696 758 1717 est
781 1694 878 1724 gustus
891 1691 971 1718 datus
986 1691 1012 1718 in

223 1738 414 1765 attractioncm
435 1737 508 1765 aeris
527 1742 553 1765 et
568 1738 737 1771 spirationis.
757 1737 876 1770 Quintus
901 1738 1014 1772 spiritus

222 1787 265 1812 est
278 1783 435 1816 locutionis,
453 1790 516 1810 cum
532 1791 587 1818 qua
603 1783 631 1810 fit
642 1783 772 1818 cognitio.
787 1783 888 1812 Sextus
900 1783 1013 1819 spiritus

223 1833 265 1855 est
286 1833 400 1863 gustus,
423 1836 485 1855 cum
511 1837 566 1863 quo
583 1831 612 1856 tit
629 1830 730 1856 cibatio
751 1830 968 1858 comestibilium‘
985 1836 1013 1858 et

223 1874 399 1909 potabilium,
417 1879 442 1902 et
463 1874 595 1902 fortitudo
614 1876 639 1902 in
653 1876 720 1910 ipsis
737 1881 866 1909 creatur;
882 1878 1012 1912 quoniam

224 1920 251 1947 in
267 1920 337 1948 cibis
351 1920 504 1948 substantia
520 1925 561 1947 est
577 1920 756 1949 fortitudinis.
774 1920 912 1957 Septimus
929 1922 1014 1958 spiri-

225 1971 269 1993 tus
280 1970 323 1993 est
343 1966 456 1994 seminis
472 1971 497 1993 et
509 1966 608 1999 coitus,
624 1974 685 1993 cum
700 1975 754 2001 quo
768 1967 954 2003 coingreditur
964 1975 1013 2003 per

223 2012 473 2047 concupiscentiam
493 2012 640 2047 voluptatis
663 2017 816 2047 peccatum.
833 2013 946 2049 Propter
960 2015 1014 2043 hoc

223 2057 336 2084 ultimus
350 2062 391 2084 est
403 2057 569 2089 crcationis,
592 2063 618 2085 et
633 2058 739 2092 primus
757 2059 924 2093 iuventutis,
941 2068 1010 2095 quo-

222 2104 296 2131 niam
316 2104 470 2138 ignorantia
487 2104 584 2139 plcnus
598 2109 656 2136 est;
672 2109 700 2132 et
712 2105 770 2140 ipsa
782 2106 919 2140 iuniorem
935 2106 1011 2135 ducit

222 2154 252 2177 ut
263 2157 365 2177 caecum
378 2150 403 2176 in
415 2149 532 2183 foveam,
542 2156 569 2177 ct
579 2151 771 2185 utjumcntum
781 2152 807 2178 in
815 2153 1007 2188 prmcipitium.

257 2227 302 2255 ΙΙΙ.
323 2238 331 2254 ι
345 2229 374 2255 ιιι
391 2228 520 2256 omnibus
535 2229 578 2256 his
597 2233 710 2256 octavus
723 2230 836 2265 spiritus
852 2232 943 2259 somni
955 2236 1008 2265 est,

255 2306 313 2342 (50)
335 2307 484 2334 Ἐκλιπὼν
498 2307 552 2342 γὰρ
567 2307 625 2341 ἐγώ
640 2308 698 2341 ειμι
714 2308 772 2335 ἀπὸ
789 2308 842 2335 τοῦ
858 2309 923 2336 νῦν.
943 2310 1009 2337 Ἰδοὺ

218 2341 274 2378 γὰρ
286 2342 403 2378 ἐκλείπω
418 2342 472 2369 ἀπὺ
484 2342 530 2369 τοῦ
544 2342 591 2369 νῦν
604 2342 667 2376 ἐγώ.
686 2341 772 2370 CMB.

255 2377 312 2412 (51)
330 2377 419 2403 Ruben
434 2382 535 2412 patrem
554 2382 677 2404 vestrum.
707 2378 789 2406 Verba
806 2379 894 2406 Ruben
917 2380 1007 2407 Patris

218 2413 308 2440 vestri.
322 2412 401 2439 Prior
411 2413 505 2440 Grabii
518 2413 612 2447 editio,
629 2413 699 2447 apud
719 2413 828 2442 FABRIC.

254 2448 310 2482 (52)
330 2448 534 2475 Ὲνωτίσιισθε.
548 2446 719 2480 Addcndum,
739 2449 788 2476 καὶ
801 2449 863 2476 υἱοί.
886 2450 969 2479 Gluu.

254 2483 312 2520 (55)
328 2484 407 2520 Ὅσοι
416 2484 602 2519 ἐντέλλομαι.
621 2484 689 2511 Ὅσα
711 2485 767 2520 ἐγὼ
778 2485 877 2512 ὲντέλλ.
897 2488 1003 2516 melius.

219 2519 287 2546 ibid.
302 2519 373 2554 apud
389 2518 498 2546 FAomc.

254 2554 310 2588 (54)
334 2554 494 2590 Έξεχύθην
510 2555 574 2590 ἐγώ.
598 2555 661 2584 ΠἚο
680 2557 846 2585 conveniunt
861 2565 922 2584 cum
942 2559 1005 2586 ltili-

217 2590 270 2628 mis
285 2590 448 2628 patriarcha
459 2590 553 2628 Jacobi
571 2593 678 2624 verbis,
694 2600 756 2626 quae
771 2593 804 2620 de
824 2593 918 2619 Ruben
940 2601 1003 2628 pro-

218 2626 289 2657 tulit.
305 2625 373 2652 Gen.
394 2634 467 2656 xux,
485 2627 510 2653 4.
523 2626 607 2654 Gmn.

253 2661 309 2694 (55)
332 2660 494 2697 Ὲνέττζτληξέ
506 2671 545 2697 με
561 2662 684 2697 πληγὴν
694 2663 1003 2697 μεγάληνένταῖςλα-

217 2697 283 2730 τιόσι
295 2705 364 2730 μου.
375 2697 381 2703 ⁵
393 2695 529 2732 Εξέπληξέ
543 2706 575 2733 με
590 2695 678 2733 πληγῇ
689 2695 795 2735 μεγάλῃ
805 2695 850 2725 ἐπὶ
863 2699 911 2734 τῆς
922 2695 1001 2735 λαγό-

217 2740 259 2757 νος
274 2740 333 2757 μου.
352 2733 429 2757 iDEIl.

215 2740 259 2762 νος
273 2740 333 2766 μου.
352 2740 429 2758 IDEI.

252 2767 306 2806 tbii)
327 2767 415 2806 οίνον
439 2768 486 2806 καὶ
507 2768 630 2806 σίζίερίι,
648 2778 674 2796 κ.
693 2777 717 2795 τ.
742 2769 765 2795 λ.
788 2770 860 2796 Idem
882 2776 1001 2806 tempore

217 2802 382 2840 pwnitt-ntiaa
397 2809 453 2840 sua:
468 2802 529 2840 fecit
541 2802 634 2840 Buben
646 2824 653 2834 .
671 2806 743 2838 quod
760 2806 889 2840 propheta
907 2802 1000 2835 Daniel

217 2837 249 2863 de
265 2838 411 2870 semetipso
423 2836 518 2864 iisdem
538 2838 594 2865 fere
616 2836 705 2867 verbis
725 2836 850 2874 testatur,
866 2850 925 2877 cap.
942 2851 970 2875 κ,
983 2845 999 2878 Ῡ

1074 231 1136 264 Γὰδ,
1154 233 1201 259 καὶ
1222 234 1315 270 Ἀσὴρ,
1330 235 1395 266 τοὺς
1406 235 1539 271 ἀδελφοὺς
1554 238 1648 269 αὑτοῦ,
1666 236 1743 266 εἶπεν
1762 241 1864 273 αὐτοῖς·

1076 287 1085 303 ι
1102 278 1288 315 γἈναστήσατέ
1303 289 1347 316 με,
1364 281 1485 316 ἀδελφοὶ,
1501 283 1575 315 ὅπως
1587 283 1658 310 εἴπω
1668 287 1726 317 τοῖς
1742 286 1866 322 ἀδελφοῖς

1073 334 1136 360 μου,
1153 326 1200 352 καὶ
1217 327 1272 359 τοῖς
1284 327 1390 358 τέκνοις
1404 336 1466 362 μου,
1482 329 1532 355 ὅσα
1547 329 1602 364 ἔχω
1616 331 1645 357 ἐν
1653 332 1686 367 τῇ
1699 333 1799 369 καρδίᾳ
1816 343 1867 369 μου

1072 373 1191 408 κρυπτά·
1213 372 1333 400 ἐκλιπὼν
1349 375 1404 411 γὰρ
1421 376 1476 410 ἐγώ
1492 377 1550 412 είμι
1566 377 1621 404 ἀπὸ
1636 377 1683 404 τοῦ
1698 378 1746 405 νῦν
1766 379 1834 414 (50).
1855 391 1865 407 ι

1071 417 1126 444 Καὶ
1140 418 1259 452 ἀναστὰς
1274 421 1455 457 κατεφίλησεν
1465 422 1574 455 αὐτοὺς,
1590 425 1637 450 καὶ
1645 424 1767 457 κλαύσας
1778 424 1865 452 εἶπεν·

1060 470 1069 487 t
1079 463 1223 491 Ἀκούσατε
1233 486 1240 497 ,
1264 465 1374 501 ἀδελφοί
1394 476 1456 503 μου,
1469 469 1634 496 ἐνωτίσασθε
1650 471 1660 505 (
1670 470 1723 506 52)
1746 471 1867 507 Ῥουὸὴμ

1069 509 1117 535 τοῦ
1141 510 1245 546 πατρὸς
1263 511 1341 546 ὑμῶν
1353 532 1360 544 ,
1377 513 1427 539 ὅσα
1451 513 1609 549 ἐντέλλομαι
1630 515 1688 550 (55)
1708 515 1782 550 ὑμῖν.
1812 517 1867 544 Καὶ

1072 555 1126 582 ίδοὺ
1138 556 1361 593 ἐπιμαρτύρομαι
1378 559 1442 595 ὑμῖν
1455 560 1500 586 τὸν
1514 560 1580 587 Θεὸν
1592 561 1639 587 τοῦ
1653 561 1768 597 οὐρανοῦ
1781 564 1865 599 σήμε-

1072 609 1116 635 ρον
1131 601 1178 628 τοῦ
1196 602 1233 638 μὴ
1253 604 1419 639 πορευθῆναι
1431 605 1459 632 ὲν
1473 606 1570 642 ἀγνοίᾳ
1581 607 1715 642 νεότητος,
1734 609 1781 634 καὶ
1797 618 1865 645 πορ-

1069 648 1139 683 νείᾳ,
1153 650 1182 675 ὲν
1228 649 1358 686 ἐξεχύθην
1375 651 1430 686 ἐγὼ
1444 652 1511 688 (54),
1526 654 1574 679 καὶ
1589 653 1690 689 ἐμίανα
1705 655 1755 690 τὴν
1771 656 1864 691 κοίτην

1068 693 1115 719 τοῦ
1128 697 1232 730 πατρός
1244 704 1295 731 μου
1316 696 1423 724 Ἰακώϐ.
1433 698 1513 732 Λέγω
1523 698 1578 734 γὰρ
1588 700 1663 734 ὑμῖν,
1676 700 1717 726 ὅτι
1734 701 1864 737 ὲνέπληξέ

1070 747 1103 773 με
1121 739 1228 776 πληγὴν
1246 742 1368 777 μεγάλην
1385 743 1414 769 ὲν
1427 745 1487 775 ταῖς
1505 744 1600 778 λαγόσι
1624 753 1674 780 μου
1688 746 1744 781 (55)
1757 746 1802 773 ἐπὶ
1816 748 1864 782 μῆ-

1068 793 1116 817 νας
1131 786 1210 813 ἑπτά’
1227 787 1276 813 καὶ
1287 788 1311 813 εἰ
1333 788 1370 823 μὴ
1395 789 1492 815 Ἰακὼϐ
1509 791 1523 815 ὁ
1539 791 1632 826 πατὴρ
1645 791 1724 827 ἡμῶν
1744 793 1864 828 προσηύ-

1068 831 1133 864 ξατο
1151 833 1215 868 περὶ
1234 833 1302 868 ἐμοῦ
1319 834 1388 870 πρὸς
1412 836 1513 871 Κύριον
1524 857 1531 868 ,
1549 837 1627 872 ῆοελε
1644 837 1745 874 Κύριος
1761 839 1864 866 ἀνελεῖν

1071 886 1114 912 με.
1135 879 1229 913 Ἦμην
1243 879 1298 915 γὰρ
1319 880 1388 907 ἐτῶν
1409 882 1566 916 τριάκοντα,
1584 883 1628 910 ὅτε
1648 884 1754 920 ἔπραξα
1771 885 1801 912 τὸ
1815 894 1863 912 πο-

1070 924 1151 960 νηρὸν
1175 924 1290 951 ἐνώπιον
1314 926 1428 962 Κυρίου·
1452 927 1500 954 καὶ
1519 928 1590 955 ἑπτὰ
1619 929 1708 964 μῆνας
1736 930 1865 965 ἐμαλακί-

1069 970 1136 1006 σθην
1153 970 1206 1002 ἕως
1216 970 1342 998 θανάτου·
1358 973 1405 999 καὶ
1416 973 1444 999 ἐν
1456 975 1616 1010 προαιρέσει
1630 974 1717 1011 ψυχῆς
1730 985 1780 1011 μου
1795 977 1863 1004 ἑπτὰ

1069 1015 1115 1051 ἐτη
1144 1017 1294 1053 μετενόησα
1317 1018 1432 1046 ἐνώπιον
1457 1020 1571 1056 Κυρίου.
1596 1019 1672 1048 Οἶνον
1692 1024 1739 1049 καὶ
1768 1024 1863 1056 σίκερα

1069 1061 1125 1097 (56)
1141 1063 1191 1089 οὐκ
1211 1062 1297 1095 ἔπιον,
1315 1065 1362 1091 καὶ
1377 1064 1461 1101 κρέας
1475 1066 1524 1092 οὐκ
1538 1066 1660 1102 εἰσῆλθεν
1675 1068 1715 1100 είς
1733 1069 1764 1095 τὸ
1776 1069 1862 1105 στόμα

1071 1117 1133 1143 μου·
1150 1109 1196 1135 καὶ
1208 1110 1262 1137 πᾶν
1277 1111 1336 1145 (57)
1355 1111 1437 1146 ἄρτον
1460 1113 1607 1149 ἐπιθυμίας
1623 1115 1673 1141 οὐκ
1693 1115 1860 1151 ἐγευσάμην,

1068 1153 1173 1180 πενθῶν
1185 1155 1232 1181 ἐπὶ
1248 1157 1280 1191 τῇ
1296 1156 1420 1193 ἁμαρτίᾳ
1439 1166 1500 1193 μου,
1519 1160 1623 1196 μεγάλη
1644 1158 1754 1197 γὰρ
1768 1162 1820 1188 Καὶ
1830 1162 1860 1188 οὐ

1070 1199 1106 1235 μὴ
1119 1198 1230 1236 γένηται
1247 1202 1277 1227 ὲν
1288 1201 1327 1237 τῷ
1350 1202 1457 1239 Ἰσραὴλ
1469 1204 1565 1238 οὕτως.

1106 1268 1135 1294 B’
1157 1278 1166 1294 ι
1181 1269 1236 1296 Καὶ
1257 1269 1304 1297 νῦν
1327 1271 1462 1299 ἀκούσατέ
1480 1283 1548 1308 μου,
1560 1275 1653 1304 τέκνα.
1671 1276 1689 1303 ἃ
1709 1274 1779 1304 εἶδον
1797 1279 1860 1313 περὶ

1066 1313 1121 1340 τῶν
1143 1314 1213 1341 ἑτι-τὰ
1226 1316 1390 1352 πνευμάτων
1407 1318 1458 1353 τῆς
1475 1319 1579 1355 πλάνης
1593 1321 1650 1356 (59)
1668 1322 1698 1347 ὲν
1720 1324 1754 1358 τῇ
1778 1331 1860 1358 μετα-

1067 1359 1125 1395 νοίᾳ
1139 1369 1201 1395 μου.
1217 1362 1303 1388 Ἑπτὰ
1318 1363 1459 1398 πνεύματα
1470 1365 1548 1401 ἐ.δάοη
1565 1367 1636 1393 κατὰ
1652 1367 1699 1394 τοῦ
1716 1368 1859 1404 ἀνθρώπου

1067 1405 1120 1431 ἀπὺ
1135 1406 1183 1432 τοῦ
1203 1407 1311 1444 Βελιὰρ,
1331 1410 1379 1436 καὶ
1403 1411 1472 1438 αὐτά
1494 1411 1549 1438 είσι
1570 1412 1677 1449 κεφαλὴ
1694 1413 1748 1440 τῶν
1771 1415 1860 1450 ἔργων

1066 1451 1112 1478 τοῦ
1130 1454 1327 1489 νεωτερισμοῦι
1345 1455 1394 1482 καὶ
1421 1456 1491 1483 ὲτπὰ
1518 1458 1658 1494 πνεύματα
1683 1459 1760 1496 ιδόθη
1785 1462 1860 1497 αὐτῷ

1068 1498 1113 1525 ἐπὶ
1133 1499 1183 1534 τῆς
1199 1501 1324 1534 κτίσεως,
1344 1502 1391 1529 τοῦ
1408 1501 1476 1529 εἶναι
1489 1505 1518 1530 ὲν
1531 1505 1621 1536 αὐτοῖς
1636 1507 1690 1532 πᾶν
1712 1507 1791 1542 ἔργον
1811 1508 1858 1534 ἀν-

1028 1536 1052 1567 c
1068 1543 1188 1580 θρώπου.
1206 1547 1317 1582 Πρῶτον
1331 1548 1438 1584 πνεῦμα
1456 1549 1539 1585 ζωῆς,
1563 1551 1621 1586 μεθ’
1636 1550 1669 1588 ἧς
1692 1553 1708 1588 ὴ
1728 1536 1858 1585 etiamet:

1067 1591 1122 1626 (60)
1138 1592 1268 1625 κτίζεται.
1287 1594 1418 1630 Δεύτερον
1429 1597 1538 1632 πνεῦμα
1552 1598 1683 1634 ὁράσεως,
1698 1600 1757 1635 μεθ’
1773 1599 1808 1637 ἧς
1815 1602 1858 1635 γί-

1065 1645 1143 1664 νεται
1156 1637 1297 1674 ἐπιθυμία.
1311 1639 1408 1675 Τρίτον
1426 1641 1533 1677 πνεῦμα
1550 1643 1644 1679 ἀκοῆς,
1659 1645 1717 1680 μεθ’
1734 1643 1768 1682 ἧς
1782 1647 1856 1681 γίνε-

1063 1692 1108 1710 ται
1136 1684 1304 1711 διδασκαλία.
1327 1687 1460 1723 Τέταρτον
1481 1689 1588 1725 πνεῦμα
1612 1691 1780 1728 ὀσφρήσεως,
1796 1694 1856 1729 μεθ’

1063 1727 1096 1765 ἦς
1109 1730 1181 1757 ἐστιν
1196 1731 1290 1765 γεῦσις
1302 1732 1431 1769 δεδομένη
1447 1736 1486 1766 εἰς
1504 1736 1634 1773 συνολκὴν
1649 1727 1857 1775 (61)ἀὲροςήχαὶ

1063 1777 1157 1812 πνοῆς.
1173 1777 1300 1813 Πέμπτον
1313 1778 1423 1814 πνεῦμα
1435 1780 1537 1814 λαλιᾶς,
1558 1780 1659 1820 μεθ’-ἧς
1667 1785 1770 1818 γίνεται
1782 1787 1855 1820 γνῶ-

1064 1831 1115 1855 σις.
1131 1824 1230 1850 Ἕκτον
1245 1825 1354 1867 πνεῦμα
1365 1827 1495 1860 γεύσεως,
1512 1828 1572 1863 μεθ’
1585 1827 1618 1865 ἦς
1632 1830 1736 1864 γίνεται
1754 1833 1856 1868 βρῶσις

1064 1870 1175 1906 βρωτῶν
1189 1872 1235 1897 κα)⁸
1247 1872 1336 1898 ποτῶν
1347 1873 1414 1907 (62),
1427 1876 1472 1900 καὶ
1487 1875 1562 1909 ίσχὺς
1575 1875 1602 1901 ἐν
1619 1877 1710 1909 αὐτοῖς
1722 1878 1854 1910 κτίζεται·

1063 1917 1103 1943 ὃτι
1129 1918 1158 1944 ὲν
1186 1918 1325 1953 βρώμασιν
1356 1920 1431 1946 ἐστιν
1457 1921 1473 1956 ἡ
1496 1922 1643 1954 ὑπόστασις
1672 1924 1723 1958 τῆς
1752 1925 1854 1960 ίσχύος.

1064 1963 1198 1999 ’Έόδομον
1207 1964 1316 2000 πνεῦμα
1327 1965 1431 2002 σπορᾶς
1440 1967 1487 1993 καὶ
1499 1968 1652 2000 συνουσίας,
1666 1969 1725 2005 μεθ’
1741 1968 1774 2006 ἦς
1788 1979 1855 1998 σνν-

1068 2008 1220 2044 εισέρχεται
1239 2010 1283 2036 διὰ
1300 2011 1350 2046 τῆς
1363 2011 1516 2047 φιληδονίας
1529 2014 1545 2048 ή
1558 2014 1689 2050 ἁμαρτία.
1708 2016 1758 2042 Διὰ
1773 2017 1857 2044 τοῦτο

1062 2053 1174 2089 ἔσχατόν
1191 2055 1249 2081 ἐστι
1262 2056 1312 2091 τῆς
1326 2057 1452 2089 κτίσεως,
1467 2058 1513 2084 λα).
1525 2059 1631 2093 πρῶτον
1644 2060 1693 2095 τῆς
1706 2061 1832 2097 νεότητος
1846 2084 1855 2095 ,

1062 2099 1103 2125 ὅτι
1117 2099 1230 2133 ἀγνοίας
1243 2101 1432 2137 πεπλήρωται,
1446 2103 1493 2128 καὶ
1506 2104 1574 2140 αὑτὴ
1592 2104 1637 2131 τὸν
1650 2105 1780 2142 νεώτερον
1795 2108 1855 2142 (65)

1060 2146 1154 2182 ὁδηγεί
1168 2146 1206 2179 ὡς
1217 2147 1317 2182 τυφλὸν
1333 2148 1380 2175 ἐπὶ
1393 2149 1498 2185 βόθρον,
1511 2150 1558 2177 καὶ
1571 2151 1609 2183 ὡς
1621 2152 1718 2187 κτῆνος
1728 2154 1774 2180 ἐπὶ
1784 2163 1857 2190 κρη-

1026 2213 1048 2240 D
1064 2192 1138 2240 μνον.

1098 2238 1134 2264 1".
1156 2239 1238 2282 «Ἐπί
1249 2241 1315 2278 πᾶσι
1333 2241 1438 2274 τούτοις
1458 2242 1550 2277 ὃγδοον
1570 2244 1677 2280 πνεῦμα
1693 2246 1740 2272 τοῦ
1755 2247 1856 2289 Lm

1060 2315 1087 2360 ἒξ,
1100 2315 1178 2351 juxta
1193 2316 1279 2360 I’J‘SX:
1297 2317 1340 2360 Ἐξν
1353 2320 1413 2360 ταῖς
1426 2320 1543 2360 ἡμέραις
1555 2321 1673 2360 ἐκείναις
1683 2323 1738 2356 ἐγὼ
1750 2325 1857 2360 Δανιὴλ

1059 2352 1132 2392 ἥμην
1150 2352 1254 2393 πενθῶν
1264 2355 1339 2389 τρεῖς
1356 2352 1640 2393 εὕδομᾶδαςλὴμερῶνγ·
1658 2352 1739 2393 ἄρτον
1755 2352 1856 2386 ἐπιθύ-

1201 2387 1312 2450 ἐμςρέιγοζ
1325 2389 1373 2415 καὶ
1385 2387 1468 2425 κρὶξας
1477 2391 1524 2417 καὶ
1531 2387 1601 2422 οἶνος
1609 2392 1659 2419 οὐκ
1672 2387 1796 2428 ἑίσῆλοεν
1810 2396 1857 2427 είς

1244 2432 1268 2450 υ.
1314 2443 1321 2449 .

1057 2430 1088 2447 το
1102 2430 1189 2457 στομα
1202 2432 1268 2457 (μου.
1283 2430 1321 2450 Io.

1093 2432 1348 2527 ﬁﬁﬁhiﬁa
1366 2461 1472 2489 melius.
1492 2461 1530 2489 in.

1105 2492 1139 2519 58
1173 2492 1206 2519 Ut
1229 2495 1395 2527 mumfcstem
1414 2497 1497 2524 vobis.
1525 2499 1530 2522 t

1173 2492 1206 2519 Ut
1229 2495 1395 2529 manifestam
1414 2497 1497 2524 vobis.
1525 2496 1633 2525 Omissa
1653 2504 1728 2526 sunt.
1757 2500 1832 2528 Ibid.
1845 2523 1855 2534 ,

1056 2528 1127 2562 apud
1143 2528 1252 2557 Funmc.

1069 2598 1085 2606 η
1093 2563 1150 2598 (59)
1161 2564 1341 2604 llr-soptier
1352 2566 1412 2606 sit;
1425 2567 1553 2606 .13de
1570 2567 1638 2606 _V'ide
1649 2576 1711 2603 quae
1722 2570 1755 2597 de
1765 2571 1855 2606 spiri-

1056 2598 1129 2638 tibus
1153 2598 1273 2638 erroris,
1294 2605 1319 2638 et
1343 2598 1799 2638 (lgeinonibnsi‘itiorum'erudite',
1820 2613 1855 2634 ut

1056 2634 1136 2677 solet,
1149 2635 1445 2677 οοιψεξὶιϋοιοιετὶιιε
1459 2638 1486 2664 in
1499 2637 1576 2665 Notis
1589 2640 1622 2667 ad
1635 2639 1742 2668 Herth
1751 2634 1798 2669 lib:
1818 2651 1854 2677 ιι,

1055 2669 1177 2696 mandat.
1196 2670 1222 2697 2.
1239 2669 1322 2697 Glull.

1162 2706 1322 2742 géctcwtc.
1336 2707 1458 2742 Κίνησις.
1479 2707 1516 2737 in.

1162 2739 1445 2777 ΣιοὯζκήνδΟλκῆν.
1463 2744 1499 2770 lu.

1102 2741 1146 2809 61)
1162 2741 1445 2777 Σιινολιιήν.”ολ)ξήν.
1463 2744 1499 2770 lu.

1102 2774 1287 2836 6'2mewchr
1302 2777 1349 2802 καὶ
1361 2778 1467 2804 ποτῶν.
1486 2780 1640 2815 Βρωμάτων
1652 2790 1681 2808 τε
1693 2783 1740 2808 καὶ
1756 2784 1854 2819 πομά-

1102 2819 1116 2836 ι.
1162 2830 1168 2836 .

1052 2818 1116 2837 των.
1132 2818 1168 2836 ΙΙ).

1088 2846 1142 2881 (65)
1161 2845 1319 2880 Νεώτερον.
1337 2848 1538 2885 Νεωτερισμόν.
1563 2851 1601 2881 in.

1090 2704 1100 2810 ἓ
