3944 6146
226 348 253 402 1
269 350 340 404 οι
353 350 372 404 l

220 471 372 532 ὲττὶ,
414 473 533 542 μεθ’
567 462 629 526 οὗ
651 474 872 546 ἐκτίσθη
903 474 1016 547 (6i)
1044 475 1302 542 ἔκστασις
1346 477 1581 548 φύσεως,
1621 483 1712 534 καὶ
1747 484 1822 534 εἰ-

221 561 346 615 κὼν
379 565 474 616 τοῦ
500 566 748 620 Θανάτου.
786 567 1006 633 Τούτοις
1043 573 1154 634 τοῖς
1199 571 1470 642 πνεύμασι
1520 573 1822 644 συμμίγνυ-

219 674 322 710 ται
351 657 414 710 τὸ
439 659 650 731 πνεῦμα
685 659 800 732 (65)
832 662 930 732 τῆς
960 663 1185 734 πλάνης.
1219 664 1444 734 Πρῶτον
1477 665 1540 718 τὸ
1561 666 1659 736 τῆς
1688 683 1821 737 πορ-

219 751 378 815 νείας
402 753 461 803 ἐν
494 755 558 824 τῇ
596 752 754 822 φύσει
789 754 885 807 καὶ
907 759 1028 820 ταῖς
1062 757 1380 829 αἰσθήσεσιν
1407 756 1667 825 ἔγκειται.
1700 757 1825 811 Δεύ-

218 858 388 915 τερον
424 844 637 915 πνεῦμα
662 845 967 916 ἀπληστίας
998 848 1054 900 έν
1081 849 1146 919 τῇ
1177 847 1394 921 γαστρί.
1430 848 1625 920 Τρίτον
1653 847 1820 901 πνεῦ-

224 953 312 1006 μα
350 936 529 1007 μάχης
577 938 634 990 ὲν
671 937 750 1008 τῷ
773 938 945 1008 ἦπατι
971 940 1066 994 καὶ
1089 941 1157 1010 τῇ
1184 939 1336 1011 χολῇ.
1363 939 1636 1010 Τέταρτον
1661 941 1824 994 πνεῦ-

223 1047 309 1100 μα
365 1028 656 1100 ἀρεσκείας
706 1031 821 1084 καὶ-
854 1031 1211 1102 μαγγανείας,
1252 1032 1340 1086 ἵνα
1374 1031 1461 1085 διὰ
1501 1032 1822 1104 περιεργίας

216 1121 428 1193 ὡραῖος
457 1120 617 1194 ὀφθῇ.
653 1122 912 1194 Πέμπτον
949 1123 1166 1196 πνεῦμα
1193 1123 1591 1197 ὑπερηφανίας,
1618 1125 1706 1178 ἴνα
1740 1141 1824 1177 κι-

213 1215 383 1285 νῆται
429 1213 564 1282 (66),
611 1215 703 1269 καὶ
754 1215 1153 1289 μεγαλοφρονῇ.
1191 1217 1389 1271 Ἕκτον
1429 1215 1647 1288 πνεῦμα
1698 1216 1824 1288 ψεύο

208 1303 364 1368 δους,
393 1305 450 1358 έν
473 1305 716 1378 ἀπωλείᾳ
750 1308 844 1360 καὶ
881 1305 1026 1379 ζήλῳ
1050 1306 1145 1361 τοῦ
1179 1307 1432 1362 πλάττειν
1481 1306 1691 1376 λόγους,
1728 1308 1824 1362 καὶ

213 1398 490 1468 κρύπτειν
515 1397 707 1466 λόγους
730 1398 894 1452 αὑτοῦ
921 1400 1029 1454 ἀπὸ
1051 1399 1242 1469 γένους
1258 1399 1604 1454 καὶοἰκείων.
1629 1399 1822 1456 ’Ἑϐδο-

219 1503 328 1556 μον
365 1485 583 1556 πνεῦμα
613 1486 846 1553 ἀδικίας,
875 1489 993 1559 μεθ’
1026 1485 1092 1562 ἧς
1123 1488 1298 1560 κλοπὴ
1321 1489 1414 1542 καὶ
1437 1490 1819 1562 γρυπίσματα,

216 1577 316 1630 ἵνα
351 1579 555 1651 ποιήσῃ
583 1579 890 1652 φιληδονίαν
915 1581 1144 1652 καρδίας
1179 1579 1368 1635 αὐτοῦ.
1416 1580 1480 1633 Ἦ
1505 1579 1613 1652 γὰρ
1639 1580 1822 1635 ἀδικία

219 1673 482 1742 συνεργεί
523 1673 634 1734 τοῖς
679 1670 884 1736 λοιποῖς
922 1674 1196 1744 πνεύμασι
1233 1672 1321 1728 διὰ
1357 1673 1456 1742 τῆς
1479 1671 1819 1743 δολοληψίας.

234 1759 364 1813 Ἐπὶ
394 1761 528 1814 πᾶσι
574 1761 784 1825 τούτοις
821 1762 883 1815 τὸ
924 1762 1141 1834 πνεῦμα
1191 1762 1286 1815 τοῦ
1321 1760 1512 1823 ὕπνου,
1549 1759 1609 1813 τὸ
1633 1761 1819 1828 ὄγδοον

222 1850 468 1922 πνεῦμα,
518 1854 846 1910 συνάπτεται
892 1854 1065 1926 πλάνῃ
1117 1853 1229 1924 (67)
1265 1854 1358 1907 καὶ
1382 1853 1672 1925 φαντασίᾳ.
1710 1854 1822 1906 Καὶ
1853 1859 1895 1912 Β

217 1941 398 2010 οὕτως
446 1945 739 2000 ἀπόλλυται
780 1948 888 2010 πᾶς
922 1945 1206 2018 νεώτερος,
1253 1942 1517 2006 σκοτίζων
1556 1942 1648 1997 τὸν
1696 1941 1822 1997 νοῦν

220 2039 336 2092 ἀπὸ
371 2039 472 2110 τῆς
509 2039 788 2112 ἀληθείας,
840 2040 936 2092 καὶ
971 2037 1046 2110 μὴ
1095 2037 1292 2092 συνιὼν
1326 2039 1384 2091 ἐν
1422 2036 1500 2108 τῷ
1541 2036 1692 2109 νόμῳ
1727 2035 1820 2089 τοῦ

217 2129 380 2193 Θεοῦ,
403 2132 537 2202 μήτε
557 2131 850 2185 ὑπακούων
864 2131 1147 2195 νουθεσίας
1165 2129 1416 2202 πατέρων
1433 2127 1620 2192 αὑτοῦ,
1633 2127 1823 2198 ὥσπερ

221 2221 382 2290 κάγὼ
417 2221 616 2274 ἔπαθον
641 2223 698 2276 ὲν
723 2221 802 2293 τῷ
826 2221 1182 2294 νεωτερισμῷ
1214 2238 1337 2291 μου.
1354 2220 1467 2272 Καὶ
1489 2218 1605 2282 νῦν,
1632 2219 1818 2283 τέκνα,

217 2313 323 2382 τὴν
355 2313 614 2384 ἀλήθειαν
639 2314 989 2385 ἀγαπήσατε,
1027 2313 1124 2367 καὶ
1158 2311 1297 2382 αῦτη
1325 2309 1618 2380 φυλάξεται
1653 2310 1818 2380 ὑμᾶς.

218 2405 471 2458 Διδάσκω
509 2404 684 2476 ὑμᾶς,
710 2403 982 2457 ἀκούσατε
1009 2402 1254 2473 Ῥουϐὴμ
1277 2401 1371 2455 τοῦ
1405 2401 1609 2474 πατρὸς
1643 2400 1817 2472 ὑμῶν.

218 2496 320 2567 Μὴ
351 2496 646 2567 προσέχετε
685 2497 744 2551 ὲν
779 2495 900 2566 ὕψει
931 2494 1190 2565 γυναικὸς
1233 2493 1380 2565 (68),
1411 2492 1545 2564 μηδὲ
1590 2492 1820 2558 ἰδιάζετε

221 2587 366 2656 μετά
389 2585 610 2659 θηλείας
647 2587 942 2660 ύπάνδρου,
980 2587 1112 2658 μηδὲ
1143 2583 1573 2656 περιεργάζεσθε
1620 2584 1820 2658 πρᾶξιν

216 2677 516 2746 γυναικῶν.
549 2679 610 2731 Ei
639 2678 713 2750 μὴ
740 2678 848 2751 γὰρ
882 2674 1022 2732 εἶδον
1056 2677 1167 2748 ἐγὼ
1191 2677 1403 2731 Βάλλαν
1437 2674 1742 2749 λουομένην
1759 2676 1818 2729 ἐν

218 2770 480 2842 σκεπηνῷ
505 2771 677 2841 τόπῳ,
705 2771 803 2822 οὐκ
825 2770 1110 2824 ἐνέπιπτον
1131 2771 1212 2833 εἰς
1229 2769 1328 2839 τὴν
1352 2766 1582 2838 ἀνομίαν
1604 2767 1702 2840 τὴν
1725 2785 1820 2838 με-

216 2857 415 2929 γάλην.
445 2857 790 2912 Συλλαϐοῦσα
809 2859 967 2931 γάρὴ
991 2858 1202 2913 διάνοιά
1238 2875 1339 2928 μου
1369 2856 1469 2928 τὴν
1497 2859 1817 2925 γυναικείαν

214 2949 521 3019 γύμνωσιν,
557 2951 658 3003 οῦκ
684 2951 836 3004 εἴασέ
875 2969 941 3022 με
979 2949 1248 3014 ύπνῶσαι,
1285 2947 1390 3011 ἕως
1427 2940 1487 3000 οὖ
1523 2947 1734 3019 ἔπραξα
1756 2949 1818 3003 τὸ

217 3041 519 3114 βδέλυγμα.
573 3043 827 3107 Ἀπόντος
867 3045 976 3113 γὰρ
1025 3041 1219 3095 Ἰακὼϐ
1266 3038 1362 3094 τοῦ
1405 3039 1616 3113 πατρὸς
1659 3038 1816 3110 ἡμῶν

214 3133 360 3204 πρὸς
395 3133 579 3187 Ἰσαὰκ
612 3135 704 3186 τὸν
731 3135 943 3206 πατέρα
970 3133 1156 3198 αὐτοῦ,
1181 3133 1353 3188 ὄντων
1374 3133 1530 3206 ἡμῶν
1546 3135 1603 3185 ἐν
1619 3129 1812 3200 Γαδέρ,

214 3226 448 3296 πλησίον
485 3225 733 3297 Ἐφραθά
768 3225 880 3296 (69)
915 3221 1061 3278 οἷκον
1095 3225 1344 3296 Βηθλεὲμ
1380 3226 1515 3295 (70),
1545 3223 1725 3277 Βάλλα
1746 3217 1814 3298 ἦν

222 3317 500 3388 μεθύουσα
532 3318 626 3369 καὶ
651 3317 992 3387 κοιμωμένη,
1032 3317 1125 3368 καὶ
1162 3316 1494 3379 ἀκαλύπτως
1527 3315 1816 3368 κατέκειτο

218 3409 278 3458 ἐν
302 3406 380 3477 τῷ
407 3405 643 3459 κοιτῶνιο
679 3404 855 3474 κάγὼ,
893 3404 1170 3470 εἰσελθὼν,
1200 3408 1298 3458 καὶ
1326 3405 1448 3459 ἰδὼν
1471 3406 1572 3477 τὴν
1591 3404 1814 3476 γύμνω-

223 3515 309 3550 σιν
335 3497 526 3568 αὒτῆς,
555 3496 766 3568 ἔπραξα
797 3497 896 3567 τὴν
933 3497 1208 3561 ἀσέϐειαν,
1246 3499 1340 3550 καὶ
1371 3495 1684 3550 καταλιπὼν
1717 3496 1815 3548 αύ-

219 3588 320 3659 τὴν
361 3586 732 3658 κοιμωμένην,
778 3587 1018 3658 ἐξῆλθον.
1055 3589 1164 3641 Καὶ
1203 3588 1406 3652 εὐθέως
1443 3587 1671 3657 ἄγγελος
1718 3587 1812 3640 τοῦ

221 3677 358 3731 Θεοῦ
393 3679 713 3748 ἀπεκάλυψε
739 3679 818 3750 τῷ
841 3679 1010 3749 πατρί
1045 3697 1146 3750 μου
1188 3679 1382 3733 Ἰακὼϐ
1407 3681 1536 3751 περὶ
1563 3680 1662 3751 τῆς
1687 3681 1814 3732 ἀσε-

221 3768 378 3833 ϐείας
403 3786 524 3840 μου·
555 3770 650 3824 xai
682 3768 851 3824 ἐλθὼν
872 3770 1086 3824 ἐπένθει
1111 3771 1196 3824 ἐπ’
1223 3770 1344 3842 ἐμὲ,
1379 3770 1574 3842 μηκέτι
1597 3770 1813 3841 ἁψάμε-

225 3878 316 3926 νος
337 3863 528 3933 αὐτῆς.

293 3977 367 4028 A'.
400 3993 418 4026 ι
443 3975 535 4047 Μὴ
557 3971 652 4029 οῦν
687 3976 981 4048 προσέχετε
1007 3977 1202 4041 κάλλος
1225 3978 1522 4046 γυναικῶν,
1562 3977 1699 4049 μηδὲ
1735 3977 1814 4028 ὲν-

220 4070 428 4124 νοείσθε
461 4068 561 4132 τὰς
597 4068 824 4141 πράξεις
847 4069 1043 4124 αὑτῶνο
1075 4069 1210 4124 ἀλλά
1243 4070 1538 4142 πορεύεσθε
1569 4071 1629 4124 ὲν
1655 4068 1814 4123 ἁπλό-

221 4179 344 4234 τητι
378 4162 636 4234 καρδίας,
683 4163 740 4216 ὲν
775 4162 925 4234 φόϐῳ
968 4163 1172 4234 Κυρίου
1198 4201 1214 4227 ,
1249 4163 1344 4216 καὶ
1400 4162 1724 4235 μοχθοῦντες
1757 4163 1813 4216 ὲν

223 4256 427 4327 ἔργοις,
463 4254 558 4308 καὶ
582 4252 1036 4324 ἀποπλανώμενοι
1070 4254 1128 4306 ὲν
1161 4255 1473 4325 γράμμασι,
1499 4253 1594 4306 καὶ
1617 4255 1675 4306 ὲν
1701 4254 1813 4316 τοῖς

223 4347 494 4418 ποιμνίοις
520 4345 695 4416 ὑμῶν,
721 4345 826 4408 ἕως
851 4347 880 4398 ὁ
906 4345 1110 4418 Κύριος
1143 4343 1256 4418 δώῃ
1298 4345 1427 4416 ὑμῖν
1456 4344 1710 4413 σύζυγον,
1746 4347 1813 4418 ἣν

223 4437 386 4500 αὐτὸς
413 4437 578 4501 θέλει,
613 4436 699 4490 ἵνα
737 4437 810 4508 μὴ
839 4435 1070 4506 πάθητε,
1104 4437 1182 4500 ὼς
1204 4435 1379 4506 κάγώ.
1413 4437 1574 4508 Ἀχρι
1593 4436 1706 4508 (72)
1725 4453 1814 4490 τε-

223 4526 416 4597 λευτῆς
447 4527 541 4580 τοῦ
564 4529 772 4599 πατρὸς
809 4526 967 4598 ἡμῶν
991 4527 1091 4580 οὐκ
1119 4523 1262 4598 εἶχον
1290 4527 1604 4600 παρρησίαν
1631 4527 1809 4580 ἀτενί-
1840 4555 1884 4609 D

226 4636 312 4671 σαι
337 4620 416 4682 είς
432 4619 723 4690 πρόσωπον
759 4617 970 4682 Ἰακὼϐ,
989 4618 1022 4690 ἢ
1039 4618 1268 4689 λαλῆσαί
1284 4635 1388 4672 τινι
1410 4617 1519 4670 τῶν
1541 4618 1806 4690 ἀδελφῶν,

223 4709 308 4762 διὰ
331 4711 456 4773 τοὺς
477 4708 832 4779 ὀνειδισμούς.
883 4708 995 4760 Καὶ
1027 4707 1134 4771 ἕως
1168 4707 1263 4761 νῦν
1289 4710 1322 4780 ἡ
1367 4709 1670 4782 συνείδησίς
1707 4728 1807 4781 μου

228 4803 442 4873 συνέχει
462 4821 528 4874 με
553 4803 800 4874 περὶτῆς
817 4803 1093 4874 ἁμαρτίας
1112 4821 1233 4872 μου.
1260 4803 1435 4873 Καίγε
1462 4806 1808 4878 παρεκάλεσέ

228 4910 293 4963 με
315 4894 345 4945 ὁ
369 4895 552 4966 πατήρ
590 4911 712 4965 μου,
737 4895 816 4948 δτι
860 4893 1061 4966 ηὔξατο
1085 4895 1212 4966 περὶ
1241 4895 1375 4966 ἐμοῦ
1404 4897 1539 4968 πρὸς
1570 4898 1661 4952 τὸν
1692 4899 1806 4951 Κύ-

450 5051 742 5124 ἘΑκτίσαη.
790 5052 1126 5124 Ἐγσκατίσθη.
1164 5055 1240 5106 lo.

298 5121 410 5192 (65)
453 5121 521 5174 Τὸ
551 5122 893 5192 «mamma
921 5121 1207 5192 πνεύματα
1242 5123 1454 5178 melius.
1488 5127 1566 5180 lu.

440 5193 571 5264 "Ira,
597 5191 850 5258 κινῆται.
888 5191 1193 5264 Καυχᾶται.
1228 5197 1302 5248 lo.

318 5262 408 5334 67)
445 5263 752 5334 Παιάν-τνθο
784 5266 900 5318 ἐστι
928 5262 1127 5334 πλάνη.
1165 5265 1235 5318 Io.

315 5331 404 5402 68)
453 5333 548 5387 Ἐν
573 5333 708 5405 ὄψει
742 5336 1040 5405 γυναικός.
1065 5331 1158 5400 Εἰς
1178 5336 1300 5405 ὄψιν
1331 5337 1661 5403 γυναικείαν.
1690 5338 1765 5394 ID.

297 5405 407 5473 (69)
457 5403 708 5476 Ἑςεραθίί
734 5403 885 5476 llaec
912 5423 976 5458 ex
1005 5405 1140 5460 Gen.
1178 5403 1341 5470 χέειν,
1369 5407 1460 5470 ‘21,
1491 5423 1645 5476 seqq.
1678 5426 1808 5462 nar-

223 5486 460 5546 rantur:
508 5473 752 5545 Ἐφραθά
778 5485 956 5529 autem
981 5479 1184 5530 mentio
1206 5478 1265 5530 tit
1293 5473 1621 5546 praecedenti
1645 5495 1692 5530 v.
1719 5480 1806 5542 l9,

225 5546 312 5598 ubi
341 5543 812 5600 lleln'aeus‘textus
837 5548 902 5598 de
935 5563 997 5600 ea
1028 5548 1103 5601 ait
1134 5566 1146 5600 ι
1177 5543 1418 5605 enim:
1443 5547 1704 5607 mn.ch
1731 5559 1807 5604 est

223 5615 544 5688 Betjrleltem.
578 5614 1004 5688 Sitniliter_LXX
1034 5634 1048 5670 :
1082 5617 1227 5688 Αὕτη
1256 5617 1374 5671 ἐστὶ
1403 5618 1666 5688 Βηθλεέμ.
1703 5620 1806 5674 Sed

223 5694 276 5738 et
307 5684 612 5756 Demetrius
649 5688 790 5753 apud
833 5685 1034 5741 Euseb.
1065 5688 1156 5740 lib.
1191 5684 1241 5740 rit
1275 5684 1572 5756 Prwparat.
1599 5684 1804 5756 évang.,

227 5755 472 5829 (ξιιμ-21,
492 5757 882 5829 cppseptitﬁis
907 5759 1095 5829 _\'erbis
1125 5776 1136 5809 2
1167 5757 1360 5829 Ἔνθεν
1395 5755 1804 5829 παραγενέσθαι

227 5826 302 5888 είς
347 5825 607 5895 Ἐφραθὰ,
646 5826 709 5894 ἣν
737 5823 873 5880 εἶναι
903 5827 1168 5900 Βηθλεέμ.
1202 5828 1437 5900 indeque
1481 5823 1595 5900 ipse
1637 5829 1806 5888 Euse-

1446 349 1972 410 TESTAMENTUM
2031 352 2280 410 fill-BEN.

1829 439 1894 631 ΧΑ

3369 353 3511 408 i012

1927 500 2051 538 cum
2085 500 2196 553 quo
2219 493 2403 538 creata
2437 493 2520 539 ρει
2545 486 2782 543 cxstasis
2811 495 3042 551 naturm,
3072 493 3126 540 et
3156 485 3336 555 imago
3367 497 3512 534 mora

1929 577 2019 631 tis.
2046 574 2142 632 llis
2167 575 2450 645 spiritibus
2472 579 2863 634 commiscetur
2892 579 3118 649 spiritus
3145 579 3370 634 erroris.
3395 572 3512 627 Pri-

1927 683 2054 723 mus
2082 667 2464 722 fornicationis
2487 669 2540 722 in
2581 678 2774 723 natura
2807 677 2860 724 et
2892 671 3144 726 sensibus
3165 670 3384 724 insidet.
3409 668 3507 723 Se-

1925 759 2142 815 cundus
2192 758 2418 828 spiritus
2467 759 2898 813 insatiabilitatis
2945 760 2996 812 in
3030 768 3237 814 ventre.
3289 757 3506 813 Tertius

1926 853 2154 922 spiritus
2182 868 2379 923 pugnte
2420 853 2474 906 in
2519 852 2714 920 lic-pate
2759 860 2810 905 et
2850 851 2976 904 bile.
3012 849 3252 916 Quartus
3281 848 3507 918 spiritus

1928 945 2216 1017 placentiae
2243 955 2291 999 et
2329 946 2668 1014 imposturaa,
2695 953 2754 997 ut
2771 958 2865 1012 per
2885 941 3316 1012 superﬂuitatem
3345 943 3508 996 deco-

1925 1053 2023 1093 rus
2054 1046 2336 1107 appareat.
2363 1035 2603 1102 Quintus
2635 1035 2864 1104 Spiritus
2891 1034 3180 1103 superbire,
3211 1045 3272 1086 ut
3299 1048 3511 1087 movea-

1925 1138 2037 1194 tur,
2068 1141 2123 1184 et
2151 1146 2350 1200 magna
2384 1129 2581 1199 sapiat.
2629 1126 2828 1182 Sextus
2871 1127 3099 1197 spiritus
3129 1125 3420 1189 mendacii,
3451 1125 3506 1177 in

1924 1223 2231 1294 perditione
2261 1231 2315 1277 et
2347 1223 2464 1275 zelo
2494 1213 2732 1288 fingendi
2757 1231 3064 1282 sermones,
3090 1234 3294 1287 eosque
3325 1218 3510 1271 celan-

1923 1319 1978 1374 di
2021 1333 2048 1371 a
2078 1330 2274 1387 genere
2296 1325 2349 1369 et
2379 1314 2762 1369 familiaribus.
2796 1311 3076 1382 Septimus
3105 1311 3329 1379 spiritus
3361 1309 3507 1376 inju-

1926 1413 2108 1475 stitizc,
2137 1426 2262 1464 cum
2290 1426 2398 1480 qua
2424 1410 2562 1464 tiunt
2596 1409 2802 1463 furtum
2836 1416 2890 1462 et
2921 1407 3300 1468 distortioncs,
3334 1415 3393 1459 ut
3424 1407 3507 1464 fa-

1925 1505 2036 1559 ciat
2066 1501 2563 1570 concupiscentiam
2594 1499 2890 1568 voluptatis
2913 1500 3095 1554 cordis
3123 1500 3229 1554 sui.
3283 1498 3508 1567 injusti-

1925 1599 2001 1652 tia
2030 1596 2177 1651 enim
2207 1604 2535 1664 cooperatur
2564 1593 2788 1662 reliquis
2813 1592 3102 1654 spiritibus
3145 1608 3241 1661 per
3272 1592 3380 1645 doli
3415 1609 3505 1646 as-

1925 1687 2314 1758 sumptioncm.
2344 1687 2403 1738 in
2423 1684 2678 1738 omnibus
2701 1684 2786 1738 his
2807 1683 3031 1753 spiritus
3050 1683 3251 1747 somni,
3281 1693 3510 1738 octavus

1927 1778 2172 1849 spiritus,
2214 1777 2500 1845 e0pulatur
2536 1790 2721 1829 errore
2751 1784 2799 1829 et
2819 1775 3131 1844 phantasia.
3165 1773 3230 1828 Et
3266 1775 3339 1828 ita
3369 1775 3510 1843 perit

1925 1872 2340 1941 omnisjunior,
2375 1869 2743 1925 obtenebrans
2787 1879 3026 1924 mentem
3070 1885 3099 1923 a
3145 1870 3411 1933 veritate,
3456 1881 3510 1924 et

1926 1982 2034 2020 non
2061 1963 2369 2033 intelligens
2399 1962 2572 2032 legem
2605 1961 2724 2027 Dei,
2749 1977 2931 2031 neque
2957 1961 3220 2016 obediens
3243 1961 3509 2016 doctrinae

1925 2067 2141 2130 patrum
2175 2072 2427 2120 suorum,
2459 2054 2923 2126 quemadmodum
2951 2061 3004 2108 et
3031 2070 3130 2123 ego
3159 2070 3357 2125 passus
3383 2070 3505 2110 sum

1925 2150 1980 2204 in
2012 2143 2308 2219 iuventute
2327 2163 2468 2201 mea.
2503 2145 2569 2202 Et
2596 2161 2761 2208 nunc,
2794 2146 2887 2200 lilii
2914 2186 2930 2212 ,
2961 2147 3244 2201 veritatem
3276 2146 3505 2217 diligite,

1923 2249 1978 2294 et
2008 2242 2122 2309 ipsa
2153 2237 2427 2294 custodiet
2447 2253 2567 2292 vos.
2597 2235 2776 2291 Doceo
2806 2251 2926 2301 vos,
2962 2237 3147 2289 audite
3190 2235 3380 2290 Ruben
3414 2253 3510 2306 pa-

1926 2341 2064 2388 trem
2100 2341 2366 2387 vestrum.
2401 2329 2480 2387 Ne
2513 2330 2810 2402 attendatis
2858 2330 3057 2384 visioni
3090 2331 3336 2386 mulieris
3358 2371 3372 2394 ,
3415 2346 3509 2385 ne-

1922 2441 2030 2495 que
2069 2425 2122 2478 in
2159 2433 2371 2479 secreto
2405 2423 2526 2476 sitis
2562 2437 2687 2476 cum
2723 2420 2926 2478 femina
2964 2437 3086 2490 qua:
3116 2431 3197 2475 est
3232 2421 3337 2474 sub
3366 2422 3506 2486 viro,

1923 2531 2102 2588 neque
2157 2513 2695 2570 circumscrutemini
2732 2513 3120 2582 cperationem
3189 2513 3504 2567 mulierum.

1921 2610 2040 2665 Nisi
2064 2611 2210 2666 enim
2238 2610 2497 2664 vidissem
2541 2608 2748 2663 Ballam
2789 2607 3132 2661 balncantem
3161 2606 3217 2660 in
3251 2619 3509 2676 cooperto

1921 2705 2065 2770 loco,
2098 2720 2206 2758 non
2240 2702 2558 2758 incidissem
2594 2703 2648 2756 in
2683 2701 3027 2771 iniquitatem
3059 2715 3338 2770 magnam.
3372 2700 3510 2754 Con-

1920 2797 2131 2865 cipiens
2152 2795 2300 2849 enim
2326 2811 2481 2849 mens
2513 2809 2634 2848 mea
2679 2793 3002 2847 muliebrem
3041 2792 3365 2856 nuditatem,
3397 2807 3504 2844 non

1923 2887 2052 2943 sivit
2087 2903 2173 2940 me
2213 2885 2476 2953 dormire,
2502 2884 2677 2939 donec
2703 2894 2964 2955 operatus
2994 2899 3115 2938 sum
3139 2883 3510 2938 abominatio-

1922 2996 2069 3034 nem.
2097 2979 2340 3035 Absente
2361 2979 2507 3033 enim
2536 2976 2706 3034 Jacob
2750 2986 2902 3048 patre
2948 2985 3138 3032 nostro
3176 2977 3318 3046 apud
3355 2978 3507 3031 Isaae

1920 3081 2128 3141 patrem
2179 3087 2362 3137 suum,
2395 3069 2758 3124 existentibus
2807 3069 2964 3122 nobis
3002 3069 3056 3121 in
3089 3067 3289 3134 Gader,
3342 3085 3508 3140 prope

1921 3163 2161 3233 Bphrata
2186 3164 2386 3218 domus
2409 3163 2753 3227 Bethlehem,
2786 3161 2935 3216 Balla
2953 3172 3072 3215 erat
3092 3161 3266 3227 ebria,
3294 3170 3349 3216 et
3377 3163 3506 3216 dor-

1921 3260 2097 3314 miens
2120 3259 2355 3313 revelata
2371 3257 2585 3327 iacebat
2601 3257 2656 3309 in
2673 3256 2960 3311 cubiculo:
2981 3266 3034 3310 et
3051 3271 3150 3324 ego
3168 3255 3502 3324 ingrediens,

1917 3363 1971 3407 et
2007 3350 2199 3404 videns
2242 3347 2543 3402 nuditatem
2584 3347 2788 3417 ipsius,
2830 3356 3088 3416 operatus
3146 3361 3266 3400 sum
3321 3347 3506 3416 impie-

1920 3450 2107 3506 tatem,
2148 3450 2201 3494 et
2238 3439 2623 3508 derelinquens
2664 3452 2786 3491 eam
2815 3437 3213 3498 dormientem,
3248 3453 3505 3507 egressus

1920 3550 2064 3590 sum.
2097 3532 2165 3587 Et
2189 3531 2478 3587 confestim
2519 3531 2748 3600 angelus
2785 3527 2878 3582 Dei
2915 3529 3178 3582 revelavit
3211 3531 3350 3599 patri
3382 3547 3503 3585 meo

1917 3624 2088 3680 Jacob
2117 3626 2186 3679 de
2224 3622 2506 3693 impietate
2537 3637 2685 3685 mea;
2718 3631 2772 3676 et
2814 3621 3038 3676 veniens
3074 3622 3299 3691 lugebat
3339 3638 3505 3692 super

1919 3732 2028 3783 me,
2065 3731 2175 3771 non
2208 3713 2448 3786 amplius
2477 3722 2705 3786 tangens
2734 3729 2878 3769 eam.

1988 3962 2078 4017 IV.
2106 3982 2122 4014 ‹
2145 3961 2223 4017 Ne
2249 3961 2413 4031 igitur
2430 3958 2725 4015 attendatis
2751 3959 3152 4029 pulchritudini
3182 3960 3498 4027 mulierum,

1919 4072 2098 4127 neque
2137 4055 2390 4126 cogitetis
2420 4055 2768 4125 Operationes
2812 4069 3001 4109 earum
3033 4072 3046 4119 ;
3097 4055 3190 4110 sed
3223 4056 3501 4110 ambulate

1918 4149 1972 4203 in
1992 4148 2342 4218 simplicitate
2358 4148 2560 4214 cordis,
2593 4149 2646 4202 in
2681 4148 2876 4202 timore
2900 4146 3138 4212 Domini,
3165 4155 3218 4201 et
3247 4147 3500 4204 laboran-

1916 4251 1999 4297 tes
2023 4241 2077 4296 in
2117 4241 2404 4310 operibus,
2431 4250 2485 4296 et
2513 4239 2878 4295 exercitantes
2906 4240 3018 4309 (7i)
3049 4241 3288 4311 (vosmet)
3324 4242 3378 4294 in
3410 4241 3500 4294 lit-

1917 4334 2070 4400 teris,
2097 4342 2151 4388 et
2174 4339 2228 4387 in
2257 4333 2511 4404 gregibus
2533 4333 2753 4398 vestris,
2781 4332 2957 4388 donec
2983 4332 3250 4388 Dominus
3279 4334 3371 4388 det
3401 4349 3497 4386 vo-

1918 4425 2004 4480 bis
2029 4425 2317 4494 conjugem
2347 4439 2510 4493 quam
2541 4425 2654 4493 ipse
2670 4425 2884 4490 vult,ut
2909 4441 3016 4478 non
3045 4425 3329 4494 patiamini
3355 4426 3498 4480 sicut

1916 4527 1971 4572 et
1999 4534 2120 4588 ego.
2145 4516 2326 4586 Usque
2355 4517 2422 4571 ad
2461 4524 2690 4570 mortem
2708 4517 2878 4585 patris
2911 4517 3083 4571 nostri
3100 4533 3207 4571 non
3228 4517 3493 4572 habebam

1913 4613 2169 4668 fiduciam
2201 4611 2501 4681 aspiciendi
2541 4612 2593 4666 in
2628 4609 2822 4666 faciem
2859 4609 3028 4666 Jacob
3056 4653 3071 4675 ,
3114 4611 3196 4664 vel
3239 4612 3494 4680 loquendi

1912 4705 2075 4760 alicui
2121 4704 2386 4769 fratrum,
2425 4714 2649 4774 propter
2669 4702 2984 4774 opprobria.
3034 4701 3101 4756 Et
3139 4720 3312 4772 usque
3349 4721 3497 4758 nunc

1911 4796 2244 4852 conscientia
2273 4812 2392 4850 mea
2424 4795 2634 4850 cruciat.
2652 4811 2737 4850 me
2762 4795 2828 4849 de
2853 4803 3078 4864 peccato
3111 4812 3251 4849 meo.
3275 4794 3340 4850 Et
3365 4811 3497 4850 con-

1914 4890 2126 4946 solatus
2152 4899 2237 4942 est
2277 4903 2362 4942 me
2388 4896 2546 4958 pater
2572 4903 2749 4955 meus,
2783 4887 3045 4958 quoniam
3078 4891 3253 4944 oravit
3289 4904 3385 4957 pro
3410 4905 3496 4943 me

1913 5055 2036 5109 hius
2063 5052 2155 5107 lib.
2183 5070 2255 5105 vn
2302 5052 2778 5123 Demonstrationis
2825 5053 3080 5122 evangcl.,
3107 5070 3229 5123 pag.
3270 5054 3394 5119 5-H,
3427 5072 3494 5110 ex

1913 5127 2147 5196 allegato
2181 5122 2620 5196 locoGeneseos
2661 5122 2802 5196 idem
2835 5123 3017 5196 docet.
3045 5122 3252 5179 Contra
3301 5135 3494 5178 auctor

1916 5193 2241 5249 Tesiamcnti
2281 5193 2459 5246 Ruben
2491 5195 2544 5247 in
2576 5195 2758 5248 citatis
2792 5195 2970 5250 verbis
3001 5197 3215 5250 videtur
3246 5197 3360 5249 haec
3385 5197 3494 5250 duo

1910 5266 2284 5335 distinguere,
2330 5275 2382 5318 et
2433 5263 2730 5332 Ephratam
2766 5265 2944 5320 facere
2981 5267 3205 5320 domum
3255 5267 3306 5320 in
3362 5269 3494 5322 urbe

1912 5336 2232 5408 Bethlehem
2270 5353 2282 5388 :
2317 5335 2424 5408 nisi
2471 5336 2612 5408 forte
2648 5335 2944 5408 aliquis‘ad
2991 5339 3292 5408 marginem
3331 5337 3492 5391 inter-

1911 5405 2239 5479 pretationis
2270 5406 2440 5474 gratia
2473 5402 2788 5479 ascripserit
2816 5402 2967 5479 οἷκον
3004 5402 3203 5479 ἄρτόυ,
3249 5417 3304 5462 et
3346 5413 3493 5477 prior

1911 5495 2012 5531 vox
2052 5477 2176 5530 inde
2228 5477 2280 5530 in
2323 5487 2526 5530 textum
2572 5477 2881 5542 irrepserit,
2931 5477 3092 5542 quem
3142 5491 3492 5534 correcturus

1911 5559 2124 5616 postea,
2153 5547 2269 5601 sive
2301 5547 2694 5618 explanaturus
2730 5549 2776 5602 is
2806 5550 2899 5618 qui
2930 5548 3294 5603 Oxoniensem
3339 5551 3490 5605 codi-

1912 5613 2028 5673 cem
2054 5617 2297 5686 scripsit,
2330 5613 2388 5668 ἐν
2416 5618 2536 5670 loco
2567 5613 2715 5670 οἷκον
2741 5613 2944 5686 pos-"uit.
2984 5623 3061 5674 lo.

2131 5688 2315 5761 ρῑκονζ
2342 5687 2629 5758 Βηθλεέμ.
2671 5689 2767 5761 ῨἘν
2797 5690 3059 5761 Βηθλεέμ.
3088 5692 3165 5746 lo.

1985 5757 2098 5826 (7i)
2126 5757 2510 5812 Exercimntcs.
2548 5757 2604 5812 In
2642 5760 2832 5815 Graeco
2864 5757 3126 5822 errantes.
3160 5768 3239 5819 in.

1982 5829 2094 5900 (Ἱὲ)
2127 5830 2466 5897 ’Ἄκρα-’Ὁτι
2496 5830 2640 5904 ἄχρι.
2673 5840 2747 5886 tu.
