3944 6146
253 296 400 353 1043

1456 299 1972 363 τΕδΤΑΜΕΝΤυΜ
2009 303 2348 365 SIMEONIS.

3370 291 3518 373 tots

242 418 394 490 νοίᾳ.
428 419 496 472 Αἱ
528 421 637 494 γάρ
679 426 920 494 συνεχεῖς
947 426 1242 497 συντυχίαι,
1290 427 1394 482 κᾶν
1429 429 1503 501 μὴ
1537 429 1752 502 πραχθῇ
1776 430 1833 483 to

1943 428 2210 489 (Iontinua
2255 435 2401 488 enim
2448 437 2744 502 consortia,
2775 448 2830 495 et
2859 439 2904 495 si
2950 455 3057 496 non
3104 451 3321 512 peracta
3354 443 3516 500 fuerit

249 515 532 586 ἀσέϐημα,
578 516 766 583 αὑταῖς
821 521 920 590 μέν
967 522 1072 574 είσι
1118 524 1271 588 νόσος
1327 526 1563 590 ἀνίατος,
1608 527 1735 596 ὑμῖν
1777 526 1834 580 δὲ

248 605 458 672 ὄνειδος
491 609 584 662 τοῦ
617 611 813 682 Βελιάρ
843 612 1061 667 αἰώνιον
1082 632 1096 645 ο
1133 616 1213 670 ὃτι
1246 619 1279 687 ὴ
1305 619 1529 690 πορνεία
1559 618 1684 672 οὔτε
1713 617 1837 672 σύν-

252 717 372 754 εσιν
403 701 527 756 οὔτε
552 704 831 760 εὐσέϐειαν
846 706 959 776 ἔχει
985 710 1044 762 ἐν
1063 711 1250 782 ἑαυτῇ,
1277 713 1370 766 καὶ
1397 714 1504 775 πᾶς
1528 711 1687 782 ζῆλος
1709 729 1837 766 κατ-

251 796 396 847 οικεῖ
437 797 495 847 ἐν
526 798 592 866 τῇ
656 797 924 871 ἐπιθυμίᾳ
968 803 1158 872 αὐτῆς.
1207 804 1304 857 Διά
1367 805 1526 858 τοῦτο
1566 805 1836 878 ζηλώσετε

248 887 382 950 τοὺς
415 888 561 951 υἱοὺς
595 889 724 944 Λευῒ
751 890 884 963 (79),
928 895 1022 947 καὶ
1067 893 1330 966 ζητήσετε
1376 898 1651 970 ὑψωθῆναι
1699 900 1837 970 ὑπὲρ

248 980 482 1043 αὐτοὺς,
518 979 633 1034 ἀλλ’
663 984 723 1036 οὐ
750 984 1066 1056 δυνήσεσθε.
1114 986 1172 1040 '0
1202 987 1312 1060 γάρ
1343 989 1473 1053 Θεὸς
1505 995 1718 1064 ποιήσει
1739 993 1838 1064 τὴν

247 1067 532 1139 ἐκδίκησιν
565 1071 764 1136 αὐτῶν,
810 1076 906 1128 καὶ
952 1076 1308 1132 ἀποθανεῖσθε
1345 1079 1561 1152 θανάτῳ
1593 1081 1836 1155 πονηρῷ.

244 1160 344 1231 Τῷ
398 1161 508 1235 γάρ
555 1164 688 1218 Λευῒ
738 1166 908 1220 ἔδωκε
959 1168 1163 1242 Κύριος
1211 1171 1309 1242 τὴν
1363 1173 1565 1244 ἀρχὴν,
1615 1175 1710 1230 καὶ
1761 1175 1840 1245 τῷ

252 1251 454 1326 Ἰούδᾳ,
494 1259 613 1326 μετ’
646 1258 828 1312 αὐτῶν
853 1260 1041 1331 κάμοὶ,
1069 1263 1163 1316 καὶ
1195 1264 1321 1329 Δάν,
1356 1267 1448 1318 καὶ
1493 1266 1709 1338 Ἰωσὴφ,
1743 1266 1839 1320 τοῦ

238 1338 393 1398 εἶναι
416 1345 508 1398 ἐπὶ
534 1344 817 1416 ἄρχοντας.
842 1349 939 1402 Διά
951 1350 1109 1404 τοῦτο
1131 1353 1444 1425 ἐντέλλομαι
1471 1355 1599 1427 ὑμῖν
1621 1356 1839 1410 ἀκούειν

238 1436 325 1507 τῷ
377 1438 529 1501 Λευῒ,
577 1440 659 1493 ὅτι
705 1441 867 1506 αὐτὸς
911 1442 1181 1512 γνώσεται
1238 1445 1401 1516 νόμον
1463 1447 1695 1518 Κυρίου,
1745 1447 1840 1502 καὶ

239 1530 522 1584 διαστελεῖ
566 1534 647 1596 είς
679 1535 860 1605 κρίσιν
904 1537 1001 1589 καὶ
1045 1536 1238 1601 θυσίας
1287 1537 1398 1608 (80)
1447 1539 1588 1610 ὑπὲρ
1641 1541 1839 1604 παντὸς

257 1622 482 1692 Ἰσραὴλ
504 1665 520 1689 ,
560 1623 723 1695 μέχρι
765 1625 1098 1691 τελειώσεως
1134 1629 1342 1700 χρόνων
1374 1631 1673 1702 ἀρχιερέως
1706 1633 1839 1704 Χρι-

247 1715 404 1777 στοῦ,
439 1715 498 1769 ὃν
529 1713 650 1770 εἷπε
684 1717 905 1790 Κύριος.
955 1721 1133 1793 Ὀρκῶ
1166 1722 1312 1792 ὑμᾶς
1334 1723 1425 1776 τὸν
1461 1723 1593 1778 Θεὸν
1629 1725 1724 1778 τοῦ
1746 1726 1838 1778 οὐ-

174 1839 188 1849 ·
250 1807 417 1878 ρανοῦ
459 1809 684 1879 ποιῆσαι
731 1810 989 1882 ἀλήθειαν
1021 1813 1250 1867 ἕκαστον
1298 1815 1435 1887 πρὸς
1472 1815 1564 1869 τὸν
1611 1816 1836 1890 πλησίον

244 1898 438 1965 αὐτοῦ,
457 1900 552 1954 κα)⁹
580 1902 716 1972 πρὸς
733 1903 826 1956 τὸν
851 1903 959 1975 (82)
978 1904 1108 1958 Λευτ
1136 1906 1391 1974 ἐγγίσατε
1426 1907 1484 1960 ἐν
1513 1907 1836 1962 ταπεινώσει

247 1989 497 2060 καρδίας,
539 1991 626 2045 ἴνα
670 1993 895 2064 δέξησθε
935 1995 1184 2066 εὐλογίαν
1217 1997 1281 2050 ἐκ
1311 1997 1406 2051 τοῦ
1441 1999 1708 2070 στόματος
1740 2002 1838 2053 αὑ-

246 2080 363 2135 τοῦ.
399 2083 572 2147 Αὐτὸς
610 2083 719 2155 γάρ
745 2084 1025 2157 εὐλογήσει
1057 2087 1152 2141 τὸν
1198 2089 1411 2160 Ἰσραὴλ
1445 2092 1540 2144 καὶ
1568 2090 1659 2144 τὸν
1704 2090 1835 2145 Ἰού-

244 2173 375 2228 δαν·
435 2174 516 2228 ὄτι
583 2176 640 2228 ἐν
698 2178 848 2249 αὐτῷ
911 2179 1193 2247 ἐξελέξατο
1251 2181 1456 2254 Κύριος
1520 2182 1834 2254 βασιλεῦσαι

245 2264 471 2320 πάντων
501 2267 611 2321 τῶν
654 2267 814 2323 λαῶν.
851 2271 964 2324 Καὶ
997 2272 1406 2342 προσκυνήσετε
1446 2272 1526 2343 τῷ
1561 2272 1834 2344 σπέρματι

245 2357 436 2422 αὐτοῦ,
471 2359 552 2412 ὅτι
585 2360 727 2432 ὑπὲρ
760 2361 914 2432 ὑμῶν
950 2363 1301 2417 ἀποθανεῖται
1332 2365 1391 2417 ἐν
1415 2364 1672 2435 πολέμοις
1702 2367 1834 2436 ὁρα-

246 2451 362 2512 τοῖς
421 2451 516 2504 καὶ
567 2451 856 2524 ἀοράτοις,
918 2454 1014 2508 καὶ
1068 2454 1218 2508 ἔσται
1277 2457 1336 2508 ἐν
1399 2457 1528 2526 ὑμῖν
1582 2455 1834 2526 βασιλεὺς

243 2539 482 2596 αἰώνων.
527 2561 547 2594 ›
958 2577 964 2584 ο

319 2635 390 2688 Ζ¹.
419 2635 529 2688 Καὶ
548 2637 784 2691 ἀπέθανε
832 2639 1100 2712 Ῥουϐὴμ,
1136 2641 1506 2712 ἐντειλάμενος
1529 2642 1699 2696 ταῦτα
1721 2645 1834 2707 τοῖς

244 2725 386 2789 υἱοῖς
411 2726 577 2780 αὐτοῦ
599 2745 612 2757 ·
651 2731 746 2782 καὶ
777 2729 960 2784 ἔθεντο
990 2731 1152 2785 αὐτὸν
1173 2733 1230 2784 ἐν
1261 2734 1424 2805 σορῷ,
1465 2733 1570 2796 ἕως
1591 2736 1680 2788 ὅτε
1707 2736 1832 2789 ἀνε-

243 2817 540 2887 νέγκαντες
561 2821 722 2874 αὑτὸν
756 2821 814 2886 ἐξ
845 2822 1145 2891 Αἰγύπτου,
1173 2824 1377 2894 ἔθαψαν
1407 2828 1465 2878 ἐν
1493 2825 1740 2898 Χεϐρὼν,
1773 2828 1831 2882 ἐν

241 2911 328 2982 τῷ
355 2913 602 2985 σπηλαίῳ
637 2915 718 2985 τῷ
753 2915 946 2986 διπλῷ,
980 2918 1116 2972 ὅπου
1149 2920 1198 2972 oi
1231 2917 1467 2990 πατέρες
1500 2919 1685 2974 αὑτοῦ.

780 3101 1175 3155 ΚΕΦΑΛΛΙΟΝ
1217 3103 1291 3155 Β¹.

553 3189 810 3257 Διαθήκη
837 3191 1100 3259 Συμεὼν,
1131 3193 1263 3259 περὶ
1298 3193 1541 3260 φθόνου.

321 3300 396 3353 A'.
453 3300 808 3372 ’Λντίγραιρον
846 3301 1018 3370 λόγων
1050 3302 1277 3374 Συμεὼν
1301 3345 1315 3367 ,
1350 3305 1386 3358 ἃ
1441 3304 1668 3376 ἐλάλησε
1722 3308 1836 3368 τοῖς

246 3393 384 3454 υἱοῖς
433 3390 621 3456 αὑτοῦ,
673 3393 780 3462 πρὸ
827 3393 921 3446 τοῦ
952 3393 1133 3447 θανεῖν
1160 3395 1320 3448 αὐτὸν
1360 3395 1419 3446 ἐν
1467 3402 1550 3466 ρκ’
1594 3396 1704 3449 ἐτει
1736 3396 1834 3464 τῆς

249 3481 396 3552 ζωῆς
450 3481 637 3547 αὐτοῦ,
684 3484 743 3535 ἐν
785 3477 829 3551 ᾧ
863 3484 974 3537 ἐτει
1019 3484 1291 3538 ἀπέθανεν
1356 3487 1573 3558 Ἰωσήφ.
1629 3484 1834 3542 Ἦλθον

249 3573 359 3645 γὰρ
418 3575 816 3644 ἐπισκέψασθαι
878 3579 1038 3631 αὐτὸν
1101 3580 1490 3652 ἀρρωστοῦντα
1521 3598 1534 3612 ⁸
1597 3581 1689 3634 καὶ
1744 3583 1831 3634 ἐν-

251 3664 479 3736 ισχύσας
502 3666 743 3732 ἐκάθισε,
779 3670 873 3723 καὶ
909 3671 1270 3744 κατεφίλησεν
1303 3673 1519 3738 αὐτοὺς,
1563 3673 1656 3726 καὶ
1681 3669 1835 3727 εἶπεν

251 3758 437 3822 αὐτοῖς
463 3775 478 3788 ·

324 3849 397 3904 B'.
430 3867 448 3901 ι
497 3851 807 3916 Ἀκούσατε,
834 3853 1019 3917 τέκνα,
1054 3854 1322 3910 ἀκούσατε
1355 3856 1578 3928 Συμεὼν
1609 3856 1703 3911 τοῦ
1730 3873 1836 3910 παι

248 3940 376 4012 τρδς
408 3942 584 4013 ὑμῶν,
619 3944 719 3996 ὅσα
758 3943 865 4014 ἐχω
897 3945 955 3998 ἐν
986 3947 1052 4015 τῇ
1089 3947 1286 4018 καρδίᾳ
1315 3965 1436 4018 μου.
1485 3946 1625 4016 Ἐγὼ
1647 3948 1833 4019 ἐγενή-

249 4032 353 4103 θην
377 4033 436 4099 ἐξ
477 4033 670 4088 Ἰακὼϐ
692 4034 786 4088 τοῦ
821 4037 1026 4106 πατρός
1061 4054 1160 4107 μου
1183 4038 1294 4101 υἱὸς
1318 4038 1586 4109 δεύτερος,
1613 4040 1706 4093 καὶ
1729 4037 1832 4092 Δία

249 4127 285 4196 ὴ
326 4126 510 4197 μήτηρ
545 4143 645 4196 μου
685 4127 911 4182 ἐκάλεσέ
941 4147 1009 4200 με
1045 4129 1326 4200 Συμεῶνα,
1362 4130 1444 4183 ὅτι
1485 4131 1685 4201 ἧκουσε
1715 4130 1830 4184 Κύ-

253 4234 368 4288 ριος
397 4217 495 4288 τῆς
526 4219 763 4289 δεήσεως
805 4221 994 4292 αὐτῆς.
1038 4222 1270 4285 Δυνατὸς
1309 4221 1574 4292 ἐγενόμην
1603 4222 1828 4294 σφόδρα,

249 4311 351 4364 οὐκ
395 4311 666 4365 ἐδειλίασα
717 4312 948 4384 πρᾶξιν,
995 4314 1116 4366 οὐδέ
1170 4314 1440 4397 ἐφοϐήθην
1473 4314 1582 4368 ἀπὸ
1631 4315 1831 4378 παντὸς

253 4405 593 4478 πράγματος.
657 4408 720 4460 'H
752 4407 860 4478 γὰρ
893 4408 1087 4478 καρδία
1123 4425 1224 4478 μου
1256 4403 1323 4479 ἦν
1363 4408 1604 4480 σκληρὰ,
1639 4411 1731 4463 καὶ
1760 4410 1829 4462 τά
1868 4453 1913 4509 D

249 4498 436 4568 ἦπατά
461 4516 563 4569 μου
587 4499 838 4569 ἀκίνητα,
865 4500 958 4551 καὶ
981 4501 1050 4552 τὰ
1075 4499 1358 4570 σπλάγχνα
1380 4517 1482 4572 μου
1513 4502 1829 4574 ἀσυμπαθῆ-

251 4591 333 4643 ὃτι
359 4591 453 4644 καὶ
485 4592 517 4662 ὴ
548 4591 768 4661 ἀνδρεία
801 4591 909 4644 ἀπὸ
948 4592 1203 4662 Ὑψίστου
1234 4593 1444 4646 δέδοται
1481 4597 1596 4658 τοῖς
1622 4595 1832 4666 ἀνθρώ-

254 4699 374 4745 ποις
399 4683 457 4734 ἐν
480 4681 677 4753 ψυχαῖς
700 4684 793 4736 καὶ
826 4683 884 4735 ἐν
918 4682 1151 4755 σώμασι.
1189 4685 1296 4744 Καὶ
1335 4687 1392 4738 ἐν
1415 4685 1494 4757 τῷ
1517 4685 1692 4758 καιρῷ
1719 4687 1835 4740 νεό-

251 4791 412 4844 τητος
441 4775 688 4846 ἐζήλωσα
714 4777 806 4829 τὸν
851 4777 1069 4848 Ἰωσὴφ,
1093 4779 1174 4830 ὅτι
1197 4779 1386 4847 ἠγάπα
1412 4780 1572 4832 αὐτὸν
1601 4782 1630 4834 ὁ
1651 4778 1833 4850 πατὴρ

252 4868 441 4937 ἡμῶν·
486 4869 580 4920 καὶ
620 4870 882 4941 ἐστήρισα
925 4871 1014 4922 ἐπ’
1063 4869 1224 4922 αὐτὸν
1263 4870 1332 4923 τά
1359 4872 1546 4942 ῆπατά
1583 4889 1684 4942 μου
1735 4871 1830 4926 τοῦ

252 4957 458 5012 ἀνελεῖν
489 4959 671 5023 αὐτὸν,
698 4960 778 5012 ὅτι
797 4961 826 5012 ὁ
847 4958 1031 5030 άρχων
1056 4959 1155 5029 τῆς
1183 4957 1408 5030 πλάνης,
1434 4961 1757 5026 ἀποστείλας
1770 4963 1833 5016 τὸ

251 5048 470 5121 πνεῦμα
495 5049 590 5104 τοῦ
623 5049 806 5123 ζήλου,
831 5049 1105 5118 ἐτύφλωσέ
1140 5066 1240 5120 μου
1263 5049 1355 5102 τὸν
1382 5049 1525 5114 νοῦν,
1557 5050 1631 5122 μὴ
1659 5068 1828 5123 προσ-

253 5148 398 5218 έχειν
419 5145 567 5217 αὺτῷ
586 5147 663 5210 ὡς
682 5144 896 5216 ἀδελφῷ
913 5185 927 5208 ,
960 5145 1052 5198 καὶ
1085 5144 1158 5215 μὴ
1186 5143 1474 5212 φείσασθαι
1519 5143 1710 5198 Ἰακὼϐ
1733 5143 1828 5198 τοῦ

250 5239 458 5310 πατρὸς
494 5255 615 5309 μου.
665 5236 799 5290 Ἀλλ’
836 5237 864 5288 ὁ
895 5235 1025 5300 Θεὸς
1048 5234 1233 5299 αὐτοῦ,
1260 5235 1356 5288 καὶ
1381 5237 1409 5288 ὁ
1434 5235 1567 5300 Θεὸς
1597 5237 1704 5290 τῶν
1727 5253 1830 5290 πα-

248 5333 424 5405 τέρων
467 5331 652 5398 αὐτοῦ,
698 5330 1025 5406 ἀποστείλας
1054 5331 1146 5382 τὸν
1173 5327 1403 5397 ἄγγελον
1435 5329 1631 5396 αὑτοῦ,
1667 5331 1830 5384 αὑτὸν

325 5465 440 5538 (79)
487 5464 798 5538 Ζηλώσεζε
831 5464 972 5538 τοὺς
1003 5463 1172 5538 vicit;
1212 5464 1394 5538 Λευῖρ-
1432 5472 1536 5519 etc.
1592 5459 1830 5534 Respicit

251 5532 712 5593 ad'rebellionem
745 5535 976 5601 Dathan,
1019 5535 1223 5588 Abiron
1253 5543 1310 5588 et
1352 5532 1494 5599 Hon,
1528 5532 1828 5604 atque—po:-

254 5623 380 5662 nam
405 5608 472 5661 iis
496 5606 775 5666 inﬂictam.
805 5605 874 5659 de
903 5621 1008 5673 qua
1032 5604 1192 5676 N_um.
1239 5620 1347 5672 xvr,
1381 5605 1430 5669 i,
1463 5622 1616 5676 seqq.
1655 5605 1822 5662 Cum.

323 5678 438 5746 (80)
470 5677 713 5742 Θυσίας.
742 5676 1028 5746 Θυμιάσειλ.
1059 5673 1133 5728 In.

327 5744 439 5810 (8|)
471 5747 679 5802 Dividet
696 5744 928 5816 judicia.
957 5744 1235 5803 Discernet
1263 5747 1315 5803 in
1337 5747 1626 5816 judicium.
1651 5754 1721 5810 In.

1851 3105 1900 3166 (Ξ

1942 522 2210 594 impietas,
2233 537 2412 582 tamen
2454 529 2586 599 ipsis
2607 540 2736 585 sunt
2763 533 3028 603 aegritudo
3055 535 3393 601 insanabilis,
3416 550 3516 590 vo-

1938 619 2024 673 bis
2047 635 2174 674 vero
2194 622 2544 692 opprobrium
2578 623 2757 679 Beliar
2782 631 3206 697 sempiternum;
3250 630 3515 700 quoniam

1938 710 2227 768 fornicatio
2267 730 2443 786 neque
2474 717 2804 772 intellectum
2849 735 3026 789 neque
3063 722 3318 792 pietatem
3353 723 3518 777 habet

1938 804 1993 857 in
2029 805 2209 875 seipsa
2234 845 2249 868 .
2283 815 2336 861 et
2361 810 2542 864 omnis
2574 811 2722 864 zelus
2754 810 2964 866 habitat
2992 813 3045 865 in
3075 813 3350 870 desiderio
3369 815 3514 885 ejus.

1937 896 2166 968 Pmpter
2215 899 2317 953 hoc
2382 901 2693 957 invidebitis
2747 904 2874 960 [iliis
2942 903 3091 970 Levi,
3147 916 3202 962 et
3254 909 3515 976 quaeretis

1939 992 2168 1046 exaltari
2207 1008 2371 1062 super
2412 1009 2528 1059 eos,
2577 995 2670 1049 sed
2719 1009 2830 1049 non
2868 997 3136 1065 poteritis.
3193 998 3336 1056 Deus
3365 1001 3510 1056 enim

1941 1087 2102 1141 faciet
2152 1087 2448 1142 vindictam
2495 1103 2711 1156 eorum,
2740 1099 2795 1146 et
2825 1092 3136 1148 moriemini
3177 1106 3353 1151 morte
3389 1113 3512 1166 per-

1943 1180 2172 1235 niciosa.
2227 1179 2356 1235 Levi
2399 1181 2544 1235 enim
2583 1183 2733 1238 dedit
2769 1184 3035 1241 Dominus
3067 1187 3429 1257 principatum
3460 1196 3517 1244 et

1939 1270 2110 1336 .Iudm,
2138 1286 2262 1326 cum
2291 1273 2374 1328 his
2400 1284 2454 1327 et
2480 1274 2615 1328 mihi
2642 1285 2696 1330 et
2722 1275 2833 1330 Dan
2863 1286 2916 1332 et
2937 1275 3160 1349 Joseph,
3183 1289 3242 1334 ut
3265 1296 3517 1336 essemus

1941 1361 2234 1432 principes.
2286 1363 2516 1436 Propter
2559 1367 2664 1424 hoc
2703 1369 2906 1425 mando
2950 1371 3106 1426 vobis
3137 1373 3327 1428 audire
3359 1373 3510 1440 Levi,

1940 1459 2200 1527 quoniam
2235 1459 2352 1529 ipse
2395 1470 2585 1516 noscet
2613 1461 2783 1533 legem
2815 1462 3051 1531 Domini,
3095 1474 3150 1520 et
3189 1466 3393 1521 dividet
3424 1465 3515 1538 ju-

1939 1551 2081 1606 dicia
2115 1551 2227 1620 (8st)
2272 1561 2327 1607 et
2356 1553 2624 1610 sacriﬁcia
2653 1571 2756 1624 pro
2795 1557 2944 1611 omni
2994 1556 3194 1622 lsrael,
3239 1575 3412 1630 usque
3444 1559 3514 1614 ad

1939 1644 2466 1700 consummationem
2513 1656 2822 1717 temporum
2852 1649 3117 1720 principis
3161 1653 3513 1707 sacerdotum

1939 1734 2165 1803 Christi,
2190 1753 2352 1809 quem
2375 1739 2514 1794 dixit
2546 1739 2832 1796 Dominus.
2859 1742 3071 1814 Adjuro
3098 1758 3196 1800 vos
3223 1759 3318 1814 per
3341 1743 3512 1800 Deum

1939 1831 2088 1896 cmli,
2131 1840 2190 1885 ut
2251 1831 2463 1889 faciatis
2513 1834 2794 1889 veritatem
2846 1836 3228 1906 unusquisque
3265 1837 3518 1906 proximo

1937 1935 2062 1986 suo,
2100 1931 2155 1978 et
2177 1923 2243 1977 ad
2272 1921 2400 1977 Levi
2431 1925 2866 1996 appropinquate
2895 1926 2946 1980 in
2979 1925 3287 1982 humilitate
3309 1927 3511 1993 cordis,

1935 2021 1997 2068 ut
2024 2015 2300 2084 recipiatis
2330 2016 2766 2072 benedictionem
2785 2033 2851 2073 ex
2879 2033 2974 2073 ore
2999 2018 3188 2089 ipsius.
3217 2018 3336 2089 Ipse
3364 2019 3514 2074 enim

1935 2107 2220 2162 benedieet
2263 2107 2445 2163 lsraeli
2504 2117 2559 2162 et
2618 2107 2811 2174 Judte;
2870 2111 3131 2180 quoniam
3182 2127 3307 2166 eum
3354 2111 3515 2183 elegit

1935 2195 2081 2252 Deus
2123 2213 2305 2267 regem
2346 2198 2458 2269 (85)
2503 2215 2668 2268 super
2717 2215 2909 2255 omnes
2943 2202 3192 2272 populos.
3229 2201 3296 2256 Et
3325 2203 3516 2258 adora-

1934 2288 2068 2344 bitis
2101 2304 2286 2343 semen
2323 2289 2494 2360 ipsius
2537 2290 2673 2360 (84),
2707 2277 2966 2362 quoniam
3011 2308 3108 2362 pro
3133 2293 3290 2348 vobis
3314 2293 3514 2347 morie—

1935 2390 2026 2436 tur
2068 2382 2122 2436 in
2173 2381 2326 2438 bellis
2372 2383 2683 2439 visibilibus
2710 2395 2764 2438 et
2807 2384 3172 2440 invisibilibus
3196 2427 3212 2452 ,
3245 2393 3301 2440 et
3324 2387 3428 2441 erit
3458 2386 3512 2440 in

1934 2470 2093 2524 vobis
2129 2486 2224 2525 rex
2255 2472 2606 2527 saeculorum.
2651 2495 2669 2527 ι

2005 2649 2116 2704 VII.
2157 2651 2224 2707 Et
2273 2661 2525 2709 mortuus
2574 2662 2660 2711 est
2717 2654 2936 2724 Ruben,
2991 2672 3115 2714 cum
3167 2658 3516 2728 prtecepisset

1933 2743 2050 2797 haec
2076 2741 2204 2798 filiis
2234 2745 2382 2811 suis;
2417 2753 2472 2801 et
2501 2758 2810 2815 posuerunt
2839 2764 2964 2803 eum
2998 2751 3051 2804 in
3076 2748 3231 2804 theca
3254 2793 3269 2816 ,
3311 2766 3513 2821 usque—

1931 2848 2046 2902 quo
2085 2833 2385 2892 referentes
2430 2851 2556 2891 eum
2613 2853 2681 2893 ex
2728 2838 3002 2910 Egypto,
3067 2841 3398 2910 sepelierunt
3458 2841 3513 2895 in

1932 2923 2147 2983 Hebron
2198 2927 2250 2982 in
2299 2929 2558 2999 spelunca
2598 2930 2820 3000 duplici.
2875 2933 2968 2988 ubi
3001 2941 3182 3003 patres
3227 2933 3348 3005 ejus
3367 2935 3514 3005 (dor-

1932 3020 2208 3086 mierunt).

2541 3113 2773 3170 CAPUT
2817 3115 2879 3170 ll.

2194 3202 2582 3258 Testamentum
2614 3202 2898 3271 Simeom‘s,
2940 3210 3003 3261 de
3041 3209 3262 3262 invidia.

2005 3293 2045 3348 l.
2090 3293 2504 3364 Transcriptum
2532 3298 2827 3352 verborum
2862 3298 3109 3366 Simeon,
3147 3317 3270 3370 qua;
3299 3303 3514 3358 locutus

1936 3393 2020 3438 est
2077 3383 2204 3438 ﬁliis
2261 3385 2421 3452 suis,
2496 3394 2790 3456 antequam
2844 3398 3151 3444 moreretur
3212 3391 3514 3446 centesimo

1935 3475 2199 3531 vicesimo
2243 3493 2390 3531 anno
2435 3478 2561 3532 vita:
2590 3493 2724 3544 suae,
2766 3481 2819 3533 in
2851 3495 2962 3549 quo
3002 3489 3252 3536 mortuus
3293 3491 3376 3537 est
3420 3483 3515 3539 Jo-

1936 3569 2088 3638 seph.
2123 3567 2401 3625 Venerunt
2443 3571 2590 3625 enim
2634 3571 2858 3628 visitare
2904 3573 3082 3642 ipsum
3113 3583 3462 3645 aegrotantem
3495 3596 3509 3631 ;

1933 3672 1988 3719 et
2017 3665 2216 3720 enixus
2242 3665 2381 3720 sedit
2413 3665 2468 3720 in
2494 3665 2657 3726 lecto.
2675 3674 2730 3721 et
2745 3668 3026 3724 osculatus
3054 3678 3140 3725 est
3158 3684 3275 3736 eos,
3294 3677 3350 3727 et
3375 3669 3515 3726 dixit

1932 3756 2014 3813 eis
2040 3775 2055 3812 :

2005 3848 2340 3918 ILtAudite,
2393 3850 2520 3918 filii,
2574 3851 2761 3908 audite
2803 3852 3118 3910 Simeonem
3167 3863 3374 3924 patrem
3427 3873 3516 3912 ve-

1934 3949 2109 3997 strum
2134 3982 2149 4005 ,
2189 3956 2530 4011 quaecunque
2563 3941 2739 3998 habeo
2764 3942 2818 3997 in
2844 3942 3008 3998 corde
3036 3959 3181 3998 meo.
3216 3943 3328 4014 Ego
3358 3945 3515 4015 geni-

1933 4039 2024 4086 tus
2069 4049 2191 4088 sum
2241 4049 2307 4086 ex
2339 4031 2510 4087 Jacob
2539 4041 2692 4102 patre
2738 4047 2862 4089 meo
2903 4033 3048 4088 illius
3092 4033 3403 4101 secundus;
3459 4045 3516 4091 et.

1934 4124 2028 4179 Lia
2053 4135 2227 4180 mater
2257 4141 2379 4181 mea
2405 4127 2622 4181 vocavit
2645 4142 2733 4182 me
2763 4125 3096 4192 Simeonem,
3128 4127 3390 4196 quoniam
3414 4143 3513 4181 au-

1931 4216 2068 4270 divit
2111 4216 2380 4273 Dominus
2431 4217 2730 4272 orationem
2783 4218 2975 4287 ipsius.
3041 4216 3239 4273 Potens
3287 4216 3512 4272 effectus

1933 4326 2054 4365 sum
2087 4311 2274 4376 valde;
2314 4325 2422 4364 non
2457 4311 2746 4365 formidavi
2773 4311 3144 4380 operationem
3168 4350 3184 4373 ,
3239 4325 3416 4379 neque
3445 4310 3515 4363 ti-

1941 4403 2052 4456 mui
2086 4403 2155 4457 ab
2198 4403 2347 4457 omni
2381 4419 2460 4457 re.
2503 4402 2621 4457 Cor
2647 4403 2790 4456 enim
2824 4417 3003 4456 meum
3041 4409 3159 4455 erat
3193 4400 3416 4463 durum,
3457 4409 3514 4454 et

1941 4497 2137 4565 hepata
2169 4511 2287 4550 mea
2315 4495 2638 4558 immobilia,
2675 4504 2730 4550 et
2760 4495 2970 4550 viscera
3011 4509 3129 4548 mea
3155 4508 3261 4548 non
3287 4506 3512 4563 compa-

1941 4589 2160 4654 tientia;
2184 4588 2444 4658 quoniam
2469 4598 2522 4643 et
2552 4589 2812 4644 fortitudo
2839 4589 2908 4643 ab
2926 4587 3210 4643 Altissimo
3233 4588 3392 4641 datur
3419 4587 3512 4641 ho-

1939 4679 2182 4733 minibus
2224 4679 2279 4733 in
2312 4679 2600 4735 animabus
2634 4689 2690 4736 et
2717 4679 3060 4750 corporibus.
3093 4678 3157 4732 Et
3185 4678 3238 4732 in
3265 4689 3511 4748 tempore

1930 4772 2235 4842 iuventutis
2265 4772 2433 4826 invidi
2455 4771 2678 4843 Ioseph,
2701 4774 2958 4844 quoniam
2990 4772 3178 4828 dilexit
3199 4787 3323 4826 eum
3352 4779 3512 4842 pater

1935 4874 2151 4929 noster;
2186 4874 2240 4919 et
2271 4864 2480 4919 firmavi
2512 4880 2679 4935 super
2706 4881 2832 4921 eum
2863 4865 3062 4935 hepata
3092 4881 3213 4920 mea
3251 4865 3319 4920 ad
3361 4864 3510 4919 occi-

1932 4954 2168 5009 dendum
2219 4970 2370 5024 eum,
2421 4955 2682 5026 quoniam
2717 4956 2970 5026 princeps
3015 4957 3244 5023 erroris,
3284 4957 3510 5010 mittens

1933 5049 2187 5119 Spiritum
2223 5049 2345 5116 zeli,
2377 5049 2672 5106 excmcavit
2698 5059 2935 5105 mentem
2961 5066 3162 5117 meam,
3200 5058 3260 5104 ut
3286 5065 3396 5105 non
3427 5057 3510 5104 at-

1934 5142 2210 5197 tenderem
2233 5144 2280 5198 ei
2324 5142 2466 5198 sicut
2505 5141 2684 5210 fratri,
2726 5158 2828 5199 nec
2857 5159 3136 5214 parcerem
3168 5143 3338 5200 Iacob
3365 5142 3507 5212 patri

1933 5251 2074 5292 meo.
2123 5235 2230 5291 Sed
2280 5234 2423 5291 Deus
2466 5235 2588 5306 ejus
2634 5246 2689 5292 et
2720 5234 2864 5291 Deus
2906 5247 3122 5308 patrum
3173 5237 3334 5308 ejus,
3373 5239 3505 5294 mit-

1932 5341 2053 5388 tens
2125 5330 2379 5401 angelum
2437 5345 2596 5386 suum
2635 5372 2652 5398 ,
2725 5331 2866 5386 eruit
2925 5346 3053 5386 eum
3118 5347 3188 5387 ex
3253 5333 3509 5391 manibus

2003 5463 2113 5534 (82)
2136 5463 2247 5518 Καὶ
2275 5462 2424 5534 πρὸς
2458 5463 2579 5514 τόν.
2612 5461 2722 5514 Καὶ
2753 5461 2972 5532 ἀγάπην
2998 5461 3225 5516 ἕκαστον
3250 5461 3382 5532 πρὸς
3417 5461 3507 5515 τὸν

1931 5531 2157 5604 ἀδελφδν
2173 5531 2356 5588 αὑτοῦ.
2391 5532 2470 5588 In.

2001 5602 2114 5674 (83)
2140 5604 2312 5675 Elegit
2342 5621 2460 5658 cum
2483 5603 2622 5657 Deus
2655 5619 2842 5673 regem.
2870 5603 2928 5658 In
2948 5617 3014 5660 co
3052 5603 3211 5674 elegit
3241 5602 3508 5661 Dominus

1934 5675 2335 5818 Γρῗὲιῗῖϐὲεξῖίὲη
2364 5746 2548 5812 ipsius.
2583 5743 2785 5816 Ipsum.
2821 5744 2899 5801 In.
