  <div class='ocr_page' id='page_1' title='image "/cluster/home/n/w/nwhite01/storage/ocr_20150623/2/mdp.39015005182426/533.png"; bbox 0 0 4076 6142; ppageno 0'>
   <div class='ocr_carea' id='block_1_1' title="bbox 444 221 580 296">
    <p class='ocr_par' dir='ltr' id='par_1_1' title="bbox 444 221 580 296">
     <span class='ocr_line' id='line_1_1' title="bbox 444 221 580 296; baseline -0.022 -2"><span class='ocrx_word' id='word_1_1' title='bbox 444 221 580 296; x_wconf 71' lang='lat' dir='ltr'><strong>iw</strong></span> 
     </span>
    </p>
   </div>
   <div class='ocr_carea' id='block_1_2' title="bbox 1448 223 2716 286">
    <p class='ocr_par' dir='ltr' id='par_1_2' title="bbox 1448 223 2716 286">
     <span class='ocr_line' id='line_1_2' title="bbox 1448 223 2716 286; baseline -0.002 -3"><span class='ocrx_word' id='word_1_2' title='bbox 1448 225 1905 286; x_wconf 71' lang='lat' dir='ltr'><strong>I‘EST&#39;AIIENTA</strong></span> <span class='ocrx_word' id='word_1_3' title='bbox 1958 224 2055 286; x_wconf 73' lang='grc' dir='ltr'>ιη</span> <span class='ocrx_word' id='word_1_4' title='bbox 2097 223 2716 283; x_wconf 74' lang='lat' dir='ltr'><strong>PATNARCHARL&#39;M.</strong></span> 
     </span>
    </p>
   </div>
   <div class='ocr_carea' id='block_1_3' title="bbox 3575 224 3712 282">
    <p class='ocr_par' dir='ltr' id='par_1_3' title="bbox 3575 224 3712 282">
     <span class='ocr_line' id='line_1_3' title="bbox 3575 224 3712 282; baseline 0 -2"><span class='ocrx_word' id='word_1_5' title='bbox 3575 224 3712 282; x_wconf 66' lang='grc'>1048</span> 
     </span>
    </p>
   </div>
   <div class='ocr_carea' id='block_1_4' title="bbox 437 332 2036 422">
    <p class='ocr_par' dir='ltr' id='par_1_4' title="bbox 437 332 2016 422">
     <span class='ocr_line' id='line_1_4' title="bbox 437 332 2016 422; baseline -0.006 -17"><span class='ocrx_word' id='word_1_6' title='bbox 437 350 596 406; x_wconf 86' lang='lat' dir='ltr'><strong>meis.</strong></span> <span class='ocrx_word' id='word_1_7' title='bbox 655 346 728 412; x_wconf 88' lang='lat' dir='ltr'><strong>Ut</strong></span> <span class='ocrx_word' id='word_1_8' title='bbox 785 347 932 412; x_wconf 81' lang='lat' dir='ltr'><strong>enim</strong></span> <span class='ocrx_word' id='word_1_9' title='bbox 973 332 1093 422; x_wconf 81' lang='lat' dir='ltr'><strong>ego</strong></span> <span class='ocrx_word' id='word_1_10' title='bbox 1138 346 1310 406; x_wconf 87' lang='lat' dir='ltr'><strong>ieram</strong></span> <span class='ocrx_word' id='word_1_11' title='bbox 1377 344 1434 402; x_wconf 86' lang='lat' dir='ltr'><strong>in</strong></span> <span class='ocrx_word' id='word_1_12' title='bbox 1494 343 1756 422; x_wconf 68' lang='lat' dir='ltr'><strong>Sicliimis</strong></span> <span class='ocrx_word' id='word_1_13' title='bbox 1822 340 2016 398; x_wconf 78' lang='lat' dir='ltr'><strong>aﬂ‘crre</strong></span> 
     </span>
    </p>
   </div>
   <div class='ocr_carea' id='block_1_5' title="bbox 2137 332 3705 422">
    <p class='ocr_par' dir='ltr' id='par_1_5' title="bbox 2137 338 3705 418">
     <span class='ocr_line' id='line_1_5' title="bbox 2137 338 3705 418; baseline 0.004 -27"><span class='ocrx_word' id='word_1_14' title='bbox 2137 355 2186 392; x_wconf 68' lang='lat' dir='ltr'><strong>ax</strong></span> <span class='ocrx_word' id='word_1_15' title='bbox 2216 338 2326 394; x_wconf 85' lang='grc' dir='ltr'><strong>τῶν</strong></span> <span class='ocrx_word' id='word_1_16' title='bbox 2364 343 2566 414; x_wconf 78' lang='grc' dir='ltr'>χειρῶν</span> <span class='ocrx_word' id='word_1_17' title='bbox 2606 362 2712 416; x_wconf 86' lang='grc' dir='ltr'><strong>μου</strong></span> <span class='ocrx_word' id='word_1_18' title='bbox 2743 345 3033 418; x_wconf 76' lang='grc' dir='ltr'>ἐρρύσατο.</span> <span class='ocrx_word' id='word_1_19' title='bbox 3079 344 3168 409; x_wconf 79' lang='grc' dir='ltr'>Ὦς</span> <span class='ocrx_word' id='word_1_20' title='bbox 3198 344 3310 416; x_wconf 79' lang='grc' dir='ltr'><strong>γὰρ</strong></span> <span class='ocrx_word' id='word_1_21' title='bbox 3334 343 3448 412; x_wconf 80' lang='grc' dir='ltr'>ἐγὼ</span> <span class='ocrx_word' id='word_1_22' title='bbox 3479 344 3705 414; x_wconf 71' lang='grc' dir='ltr'>ἐπορεύο</span> 
     </span>
    </p>
   </div>
   <div class='ocr_carea' id='block_1_6' title="bbox 440 419 2020 512">
    <p class='ocr_par' dir='ltr' id='par_1_6' title="bbox 440 419 2020 512">
     <span class='ocr_line' id='line_1_6' title="bbox 440 419 2020 512; baseline -0.006 -15"><span class='ocrx_word' id='word_1_23' title='bbox 440 450 777 512; x_wconf 75' lang='lat' dir='ltr'><strong>unguentum</strong></span> <span class='ocrx_word' id='word_1_24' title='bbox 824 419 1109 510; x_wconf 81' lang='lat' dir='ltr'><strong>gregibus,</strong></span> <span class='ocrx_word' id='word_1_25' title='bbox 1156 445 1212 493; x_wconf 86' lang='lat' dir='ltr'><strong>et</strong></span> <span class='ocrx_word' id='word_1_26' title='bbox 1269 433 1460 490; x_wconf 81' lang='lat' dir='ltr'><strong>Ruben</strong></span> <span class='ocrx_word' id='word_1_27' title='bbox 1513 433 1566 488; x_wconf 92' lang='lat' dir='ltr'><strong>in</strong></span> <span class='ocrx_word' id='word_1_28' title='bbox 1610 419 1878 488; x_wconf 84' lang='lat' dir='ltr'><strong>Dothaim</strong></span> <span class='ocrx_word' id='word_1_29' title='bbox 1928 432 2020 490; x_wconf 89' lang='lat' dir='ltr'><strong>ubi</strong></span> 
     </span>
    </p>
   </div>
   <div class='ocr_carea' id='block_1_7' title="bbox 438 525 2024 600">
    <p class='ocr_par' dir='ltr' id='par_1_7' title="bbox 438 525 2024 600">
     <span class='ocr_line' id='line_1_7' title="bbox 438 525 2024 600; baseline -0.007 -9"><span class='ocrx_word' id='word_1_30' title='bbox 438 545 598 591; x_wconf 86' lang='lat' dir='ltr'><strong>erant</strong></span> <span class='ocrx_word' id='word_1_31' title='bbox 628 533 942 588; x_wconf 84' lang='lat' dir='ltr'><strong>necessaria</strong></span> <span class='ocrx_word' id='word_1_32' title='bbox 971 530 1131 585; x_wconf 88' lang='lat' dir='ltr'><strong>nobis</strong></span> <span class='ocrx_word' id='word_1_33' title='bbox 1157 538 1212 584; x_wconf 94' lang='lat' dir='ltr'><strong>et</strong></span> <span class='ocrx_word' id='word_1_34' title='bbox 1241 528 1425 584; x_wconf 90' lang='lat' dir='ltr'><strong>omnis</strong></span> <span class='ocrx_word' id='word_1_35' title='bbox 1453 528 1660 600; x_wconf 74' lang='lat' dir='ltr'><strong>penus,</strong></span> <span class='ocrx_word' id='word_1_36' title='bbox 1700 525 1870 583; x_wconf 73' lang='lat' dir='ltr'><strong>ludas</strong></span> <span class='ocrx_word' id='word_1_37' title='bbox 1917 525 2024 581; x_wconf 86' lang='lat' dir='ltr'><strong>fra-</strong></span> 
     </span>
    </p>
   </div>
   <div class='ocr_carea' id='block_1_8' title="bbox 440 617 2022 680">
    <p class='ocr_par' dir='ltr' id='par_1_8' title="bbox 440 617 2022 680">
     <span class='ocr_line' id='line_1_8' title="bbox 440 617 2022 680; baseline -0.003 0"><span class='ocrx_word' id='word_1_38' title='bbox 440 635 523 680; x_wconf 98' lang='lat' dir='ltr'><strong>ter</strong></span> <span class='ocrx_word' id='word_1_39' title='bbox 555 639 712 680; x_wconf 80' lang='lat' dir='ltr'><strong>aiens</strong></span> <span class='ocrx_word' id='word_1_40' title='bbox 765 623 1008 678; x_wconf 84' lang='lat' dir='ltr'><strong>vendidit</strong></span> <span class='ocrx_word' id='word_1_41' title='bbox 1043 637 1166 676; x_wconf 89' lang='lat' dir='ltr'><strong>eum</strong></span> <span class='ocrx_word' id='word_1_42' title='bbox 1207 619 1519 675; x_wconf 83' lang='lat' dir='ltr'><strong>lsmaelitis.</strong></span> <span class='ocrx_word' id='word_1_43' title='bbox 1551 617 1618 673; x_wconf 85' lang='lat' dir='ltr'><strong>Et</strong></span> <span class='ocrx_word' id='word_1_44' title='bbox 1647 619 1872 675; x_wconf 89' lang='lat' dir='ltr'><strong>veniens</strong></span> <span class='ocrx_word' id='word_1_45' title='bbox 1908 619 2022 676; x_wconf 78' lang='lat' dir='ltr'><strong>Ru-</strong></span> 
     </span>
    </p>
   </div>
   <div class='ocr_carea' id='block_1_9' title="bbox 441 709 2021 779">
    <p class='ocr_par' dir='ltr' id='par_1_9' title="bbox 441 709 2021 779">
     <span class='ocr_line' id='line_1_9' title="bbox 441 709 2021 779; baseline -0.002 -11"><span class='ocrx_word' id='word_1_46' title='bbox 441 714 546 768; x_wconf 88' lang='lat' dir='ltr'><strong>bcu</strong></span> <span class='ocrx_word' id='word_1_47' title='bbox 577 712 826 768; x_wconf 87' lang='lat' dir='ltr'><strong>tristatus</strong></span> <span class='ocrx_word' id='word_1_48' title='bbox 849 721 969 777; x_wconf 87' lang='lat' dir='ltr'><strong>est;</strong></span> <span class='ocrx_word' id='word_1_49' title='bbox 1007 711 1180 768; x_wconf 90' lang='lat' dir='ltr'><strong>voluit</strong></span> <span class='ocrx_word' id='word_1_50' title='bbox 1209 710 1356 765; x_wconf 91' lang='lat' dir='ltr'><strong>enim</strong></span> <span class='ocrx_word' id='word_1_51' title='bbox 1395 709 1574 779; x_wconf 91' lang='lat' dir='ltr'><strong>ipsum</strong></span> <span class='ocrx_word' id='word_1_52' title='bbox 1605 709 1818 768; x_wconf 87' lang='lat' dir='ltr'><strong>salvum</strong></span> <span class='ocrx_word' id='word_1_53' title='bbox 1854 711 2021 766; x_wconf 84' lang='lat' dir='ltr'><strong>redu-</strong></span> 
     </span>
    </p>
   </div>
   <div class='ocr_carea' id='block_1_10' title="bbox 439 797 2025 876">
    <p class='ocr_par' dir='ltr' id='par_1_10' title="bbox 439 797 2025 876">
     <span class='ocr_line' id='line_1_10' title="bbox 439 797 2025 876; baseline -0.006 -15"><span class='ocrx_word' id='word_1_54' title='bbox 439 819 567 861; x_wconf 84' lang='lat' dir='ltr'><strong>cere</strong></span> <span class='ocrx_word' id='word_1_55' title='bbox 607 804 675 860; x_wconf 88' lang='lat' dir='ltr'><strong>ad</strong></span> <span class='ocrx_word' id='word_1_56' title='bbox 719 812 950 876; x_wconf 88' lang='lat' dir='ltr'><strong>patrem.</strong></span> <span class='ocrx_word' id='word_1_57' title='bbox 996 800 1111 872; x_wconf 78' lang='lat' dir='ltr'><strong>Ego</strong></span> <span class='ocrx_word' id='word_1_58' title='bbox 1153 815 1282 855; x_wconf 90' lang='lat' dir='ltr'><strong>vero</strong></span> <span class='ocrx_word' id='word_1_59' title='bbox 1315 799 1486 854; x_wconf 90' lang='lat' dir='ltr'><strong>iratus</strong></span> <span class='ocrx_word' id='word_1_60' title='bbox 1519 814 1669 854; x_wconf 86' lang='lat' dir='ltr'><strong>eram</strong></span> <span class='ocrx_word' id='word_1_61' title='bbox 1694 797 1868 868; x_wconf 74' lang='lat' dir='ltr'><strong>Judae,</strong></span> <span class='ocrx_word' id='word_1_62' title='bbox 1892 817 2025 872; x_wconf 86' lang='lat' dir='ltr'><strong>quo-</strong></span> 
     </span>
    </p>
   </div>
   <div class='ocr_carea' id='block_1_11' title="bbox 440 890 2026 966">
    <p class='ocr_par' dir='ltr' id='par_1_11' title="bbox 440 890 2026 966">
     <span class='ocr_line' id='line_1_11' title="bbox 440 890 2026 966; baseline 0.001 -16"><span class='ocrx_word' id='word_1_63' title='bbox 440 895 588 950; x_wconf 83' lang='lat' dir='ltr'><strong>niam</strong></span> <span class='ocrx_word' id='word_1_64' title='bbox 631 897 902 954; x_wconf 88' lang='lat' dir='ltr'><strong>viventem</strong></span> <span class='ocrx_word' id='word_1_65' title='bbox 928 895 1106 964; x_wconf 92' lang='lat' dir='ltr'><strong>ipsum</strong></span> <span class='ocrx_word' id='word_1_66' title='bbox 1148 893 1394 960; x_wconf 77' lang='lat' dir='ltr'><strong>dimisit;</strong></span> <span class='ocrx_word' id='word_1_67' title='bbox 1426 901 1480 948; x_wconf 91' lang='lat' dir='ltr'><strong>et</strong></span> <span class='ocrx_word' id='word_1_68' title='bbox 1520 890 1594 946; x_wconf 90' lang='lat' dir='ltr'><strong>fni</strong></span> <span class='ocrx_word' id='word_1_69' title='bbox 1623 909 1840 952; x_wconf 81' lang='lat' dir='ltr'><strong>menses</strong></span> <span class='ocrx_word' id='word_1_70' title='bbox 1861 895 2026 966; x_wconf 87' lang='lat' dir='ltr'><strong>quin-</strong></span> 
     </span>
    </p>
   </div>
   <div class='ocr_carea' id='block_1_12' title="bbox 440 985 2026 1070">
    <p class='ocr_par' dir='ltr' id='par_1_12' title="bbox 440 985 2026 1070">
     <span class='ocr_line' id='line_1_12' title="bbox 440 985 2026 1070; baseline 0.001 -26"><span class='ocrx_word' id='word_1_71' title='bbox 440 1005 549 1070; x_wconf 86' lang='lat' dir='ltr'><strong>que</strong></span> <span class='ocrx_word' id='word_1_72' title='bbox 586 989 759 1044; x_wconf 89' lang='lat' dir='ltr'><strong>iratus</strong></span> <span class='ocrx_word' id='word_1_73' title='bbox 781 989 864 1055; x_wconf 87' lang='lat' dir='ltr'><strong>ei;</strong></span> <span class='ocrx_word' id='word_1_74' title='bbox 899 989 1181 1060; x_wconf 85' lang='lat' dir='ltr'><strong>impedivit</strong></span> <span class='ocrx_word' id='word_1_75' title='bbox 1204 996 1388 1043; x_wconf 89' lang='lat' dir='ltr'><strong>autem</strong></span> <span class='ocrx_word' id='word_1_76' title='bbox 1415 1002 1501 1044; x_wconf 91' lang='lat' dir='ltr'><strong>me</strong></span> <span class='ocrx_word' id='word_1_77' title='bbox 1529 985 1672 1046; x_wconf 85' lang='lat' dir='ltr'><strong>Deus</strong></span> <span class='ocrx_word' id='word_1_78' title='bbox 1693 1031 1712 1055; x_wconf 85' lang='lat'><strong>,</strong></span> <span class='ocrx_word' id='word_1_79' title='bbox 1745 997 1800 1046; x_wconf 88' lang='lat' dir='ltr'><strong>et</strong></span> <span class='ocrx_word' id='word_1_80' title='bbox 1837 989 2026 1060; x_wconf 83' lang='lat' dir='ltr'><strong>probi-</strong></span> 
     </span>
    </p>
   </div>
   <div class='ocr_carea' id='block_1_13' title="bbox 442 1080 2025 1153">
    <p class='ocr_par' dir='ltr' id='par_1_13' title="bbox 442 1080 2025 1153">
     <span class='ocr_line' id='line_1_13' title="bbox 442 1080 2025 1153; baseline -0.003 -13"><span class='ocrx_word' id='word_1_81' title='bbox 442 1083 567 1140; x_wconf 87' lang='lat' dir='ltr'><strong>buit</strong></span> <span class='ocrx_word' id='word_1_82' title='bbox 610 1098 640 1137; x_wconf 91' lang='lat' dir='ltr'><strong>a</strong></span> <span class='ocrx_word' id='word_1_83' title='bbox 683 1097 769 1138; x_wconf 90' lang='lat' dir='ltr'><strong>me</strong></span> <span class='ocrx_word' id='word_1_84' title='bbox 805 1082 1178 1153; x_wconf 84' lang='lat' dir='ltr'><strong>operationem</strong></span> <span class='ocrx_word' id='word_1_85' title='bbox 1220 1095 1507 1150; x_wconf 89' lang='lat' dir='ltr'><strong>manuum,</strong></span> <span class='ocrx_word' id='word_1_86' title='bbox 1538 1080 1798 1152; x_wconf 88' lang='lat' dir='ltr'><strong>quoniam</strong></span> <span class='ocrx_word' id='word_1_87' title='bbox 1826 1096 2025 1144; x_wconf 85' lang='lat' dir='ltr'><strong>manus</strong></span> 
     </span>
    </p>
   </div>
   <div class='ocr_carea' id='block_1_14' title="bbox 443 1173 2027 1246">
    <p class='ocr_par' dir='ltr' id='par_1_14' title="bbox 443 1173 2027 1246">
     <span class='ocr_line' id='line_1_14' title="bbox 443 1173 2027 1246; baseline 0 -14"><span class='ocrx_word' id='word_1_88' title='bbox 443 1191 566 1232; x_wconf 86' lang='lat' dir='ltr'><strong>mea</strong></span> <span class='ocrx_word' id='word_1_89' title='bbox 593 1175 784 1231; x_wconf 77' lang='lat' dir='ltr'><strong>dextra</strong></span> <span class='ocrx_word' id='word_1_90' title='bbox 827 1175 1113 1234; x_wconf 90' lang='lat' dir='ltr'><strong>semisicca</strong></span> <span class='ocrx_word' id='word_1_91' title='bbox 1143 1181 1262 1230; x_wconf 87' lang='lat' dir='ltr'><strong>erat</strong></span> <span class='ocrx_word' id='word_1_92' title='bbox 1283 1189 1380 1246; x_wconf 88' lang='lat' dir='ltr'><strong>per</strong></span> <span class='ocrx_word' id='word_1_93' title='bbox 1409 1173 1528 1230; x_wconf 87' lang='lat' dir='ltr'><strong>dies</strong></span> <span class='ocrx_word' id='word_1_94' title='bbox 1564 1184 1792 1246; x_wconf 85' lang='lat' dir='ltr'><strong>septem.</strong></span> <span class='ocrx_word' id='word_1_95' title='bbox 1839 1173 1903 1230; x_wconf 83' lang='lat' dir='ltr'><strong>Et</strong></span> <span class='ocrx_word' id='word_1_96' title='bbox 1939 1189 2027 1232; x_wconf 90' lang='lat' dir='ltr'><strong>co-</strong></span> 
     </span>
    </p>
   </div>
   <div class='ocr_carea' id='block_1_15' title="bbox 445 1264 2022 1346">
    <p class='ocr_par' dir='ltr' id='par_1_15' title="bbox 445 1264 2022 1346">
     <span class='ocr_line' id='line_1_15' title="bbox 445 1264 2022 1346; baseline 0.001 -24"><span class='ocrx_word' id='word_1_97' title='bbox 445 1269 630 1346; x_wconf 78' lang='lat' dir='ltr'><strong>gnovi,</strong></span> <span class='ocrx_word' id='word_1_98' title='bbox 656 1267 774 1335; x_wconf 86' lang='lat' dir='ltr'><strong>lilii,</strong></span> <span class='ocrx_word' id='word_1_99' title='bbox 808 1267 953 1338; x_wconf 92' lang='lat' dir='ltr'><strong>quod</strong></span> <span class='ocrx_word' id='word_1_100' title='bbox 996 1277 1214 1338; x_wconf 84' lang='lat' dir='ltr'><strong>propter</strong></span> <span class='ocrx_word' id='word_1_101' title='bbox 1257 1264 1460 1337; x_wconf 72' lang='lat' dir='ltr'><strong>Ioseph</strong></span> <span class='ocrx_word' id='word_1_102' title='bbox 1491 1267 1597 1324; x_wconf 89' lang='lat' dir='ltr'><strong>hoc</strong></span> <span class='ocrx_word' id='word_1_103' title='bbox 1630 1265 1764 1322; x_wconf 86' lang='lat' dir='ltr'><strong>mihi</strong></span> <span class='ocrx_word' id='word_1_104' title='bbox 1788 1266 2022 1335; x_wconf 88' lang='lat' dir='ltr'><strong>accidit;</strong></span> 
     </span>
    </p>
   </div>
   <div class='ocr_carea' id='block_1_16' title="bbox 443 1357 2028 1438">
    <p class='ocr_par' dir='ltr' id='par_1_16' title="bbox 443 1357 2028 1438">
     <span class='ocr_line' id='line_1_16' title="bbox 443 1357 2028 1438; baseline -0.001 -23"><span class='ocrx_word' id='word_1_105' title='bbox 443 1373 499 1418; x_wconf 89' lang='lat' dir='ltr'><strong>et</strong></span> <span class='ocrx_word' id='word_1_106' title='bbox 543 1362 812 1438; x_wconf 64' lang='lat' dir='ltr'><strong>paenitens</strong></span> <span class='ocrx_word' id='word_1_107' title='bbox 859 1359 1003 1430; x_wconf 83' lang='lat' dir='ltr'><strong>flevi,</strong></span> <span class='ocrx_word' id='word_1_108' title='bbox 1046 1370 1100 1416; x_wconf 89' lang='lat' dir='ltr'><strong>et</strong></span> <span class='ocrx_word' id='word_1_109' title='bbox 1123 1359 1274 1414; x_wconf 89' lang='lat' dir='ltr'><strong>oravi</strong></span> <span class='ocrx_word' id='word_1_110' title='bbox 1299 1357 1593 1418; x_wconf 91' lang='lat' dir='ltr'><strong>Dominum</strong></span> <span class='ocrx_word' id='word_1_111' title='bbox 1627 1369 1686 1414; x_wconf 91' lang='lat' dir='ltr'><strong>ut</strong></span> <span class='ocrx_word' id='word_1_112' title='bbox 1715 1358 2028 1416; x_wconf 84' lang='lat' dir='ltr'><strong>restitueret</strong></span> 
     </span>
    </p>
   </div>
   <div class='ocr_carea' id='block_1_17' title="bbox 447 1440 2027 1522">
    <p class='ocr_par' dir='ltr' id='par_1_17' title="bbox 447 1440 2027 1522">
     <span class='ocr_line' id='line_1_17' title="bbox 447 1440 2027 1522; baseline -0.003 -11"><span class='ocrx_word' id='word_1_113' title='bbox 447 1471 669 1511; x_wconf 89' lang='lat' dir='ltr'><strong>manum</strong></span> <span class='ocrx_word' id='word_1_114' title='bbox 697 1440 964 1522; x_wconf 76' lang='lat' dir='ltr'><strong>meam,et</strong></span> <span class='ocrx_word' id='word_1_115' title='bbox 986 1454 1314 1509; x_wconf 85' lang='lat' dir='ltr'><strong>abstinerem</strong></span> <span class='ocrx_word' id='word_1_116' title='bbox 1341 1455 1410 1508; x_wconf 87' lang='lat' dir='ltr'><strong>ab</strong></span> <span class='ocrx_word' id='word_1_117' title='bbox 1434 1453 1584 1508; x_wconf 91' lang='lat' dir='ltr'><strong>omni</strong></span> <span class='ocrx_word' id='word_1_118' title='bbox 1611 1453 2027 1522; x_wconf 83' lang='lat' dir='ltr'><strong>inquinamento</strong></span> 
     </span>
    </p>
   </div>
   <div class='ocr_carea' id='block_1_18' title="bbox 445 1542 2026 1618">
    <p class='ocr_par' dir='ltr' id='par_1_18' title="bbox 445 1542 2026 1618">
     <span class='ocr_line' id='line_1_18' title="bbox 445 1542 2026 1618; baseline -0.003 -15"><span class='ocrx_word' id='word_1_119' title='bbox 445 1556 502 1603; x_wconf 85' lang='lat' dir='ltr'><strong>et</strong></span> <span class='ocrx_word' id='word_1_120' title='bbox 543 1547 768 1618; x_wconf 85' lang='lat' dir='ltr'><strong>invidia,</strong></span> <span class='ocrx_word' id='word_1_121' title='bbox 818 1555 871 1604; x_wconf 84' lang='lat' dir='ltr'><strong>et</strong></span> <span class='ocrx_word' id='word_1_122' title='bbox 912 1546 980 1602; x_wconf 89' lang='lat' dir='ltr'><strong>ab</strong></span> <span class='ocrx_word' id='word_1_123' title='bbox 1025 1545 1178 1602; x_wconf 87' lang='lat' dir='ltr'><strong>omni</strong></span> <span class='ocrx_word' id='word_1_124' title='bbox 1221 1542 1554 1617; x_wconf 84' lang='lat' dir='ltr'><strong>insipientia.</strong></span> <span class='ocrx_word' id='word_1_125' title='bbox 1591 1542 1834 1614; x_wconf 76' lang='lat' dir='ltr'><strong>Cognovi</strong></span> <span class='ocrx_word' id='word_1_126' title='bbox 1880 1545 2026 1599; x_wconf 89' lang='lat' dir='ltr'><strong>enim</strong></span> 
     </span>
    </p>
   </div>
   <div class='ocr_carea' id='block_1_19' title="bbox 445 1635 2028 1716">
    <p class='ocr_par' dir='ltr' id='par_1_19' title="bbox 445 1635 2028 1716">
     <span class='ocr_line' id='line_1_19' title="bbox 445 1635 2028 1716; baseline -0.002 -21"><span class='ocrx_word' id='word_1_127' title='bbox 445 1640 594 1716; x_wconf 86' lang='lat' dir='ltr'><strong>quod</strong></span> <span class='ocrx_word' id='word_1_128' title='bbox 629 1639 996 1716; x_wconf 78' lang='lat' dir='ltr'><strong>perniciosam</strong></span> <span class='ocrx_word' id='word_1_129' title='bbox 1028 1653 1141 1692; x_wconf 90' lang='lat' dir='ltr'><strong>rem</strong></span> <span class='ocrx_word' id='word_1_130' title='bbox 1167 1637 1538 1708; x_wconf 87' lang='lat' dir='ltr'><strong>cogitaveram</strong></span> <span class='ocrx_word' id='word_1_131' title='bbox 1579 1651 1768 1696; x_wconf 87' lang='lat' dir='ltr'><strong>coram</strong></span> <span class='ocrx_word' id='word_1_132' title='bbox 1795 1635 2028 1692; x_wconf 87' lang='lat' dir='ltr'><strong>Domino</strong></span> 
     </span>
    </p>
   </div>
   <div class='ocr_carea' id='block_1_20' title="bbox 2127 427 3703 508">
    <p class='ocr_par' dir='ltr' id='par_1_20' title="bbox 2127 427 3703 508">
     <span class='ocr_line' id='line_1_20' title="bbox 2127 427 3703 508; baseline 0.004 -24"><span class='ocrx_word' id='word_1_133' title='bbox 2127 427 2228 501; x_wconf 86' lang='grc' dir='ltr'><strong>θην</strong></span> <span class='ocrx_word' id='word_1_134' title='bbox 2258 434 2316 486; x_wconf 85' lang='grc' dir='ltr'><strong>ἐν</strong></span> <span class='ocrx_word' id='word_1_135' title='bbox 2349 434 2634 506; x_wconf 79' lang='grc' dir='ltr'>Σικήμοις,</span> <span class='ocrx_word' id='word_1_136' title='bbox 2659 436 2881 505; x_wconf 75' lang='grc' dir='ltr'><strong>ἐνέγκαι</strong></span> <span class='ocrx_word' id='word_1_137' title='bbox 2905 436 3147 508; x_wconf 72' lang='grc' dir='ltr'>ἄλειμμα</span> <span class='ocrx_word' id='word_1_138' title='bbox 3164 439 3276 500; x_wconf 81' lang='grc' dir='ltr'>τοῖς</span> <span class='ocrx_word' id='word_1_139' title='bbox 3295 437 3588 507; x_wconf 77' lang='grc' dir='ltr'><strong>ποιμνίοις,</strong></span> <span class='ocrx_word' id='word_1_140' title='bbox 3609 438 3703 490; x_wconf 69' lang='grc' dir='ltr'>καὶ</span> 
     </span>
    </p>
   </div>
   <div class='ocr_carea' id='block_1_21' title="bbox 2133 523 3704 603">
    <p class='ocr_par' dir='ltr' id='par_1_21' title="bbox 2133 523 3704 603">
     <span class='ocr_line' id='line_1_21' title="bbox 2133 523 3704 603; baseline 0.001 -24"><span class='ocrx_word' id='word_1_141' title='bbox 2133 523 2376 599; x_wconf 78' lang='grc' dir='ltr'>Ῥουσήμ</span> <span class='ocrx_word' id='word_1_142' title='bbox 2402 529 2482 594; x_wconf 80' lang='grc' dir='ltr'><strong>είς</strong></span> <span class='ocrx_word' id='word_1_143' title='bbox 2513 528 2754 600; x_wconf 78' lang='grc' dir='ltr'>Δοθαῖμ,</span> <span class='ocrx_word' id='word_1_144' title='bbox 2789 531 2925 588; x_wconf 80' lang='grc' dir='ltr'>ὅπου</span> <span class='ocrx_word' id='word_1_145' title='bbox 2959 531 3030 586; x_wconf 85' lang='grc' dir='ltr'>τὰ</span> <span class='ocrx_word' id='word_1_146' title='bbox 3061 529 3396 603; x_wconf 75' lang='grc' dir='ltr'><strong>ἐγχρῄζοντα</strong></span> <span class='ocrx_word' id='word_1_147' title='bbox 3426 533 3577 600; x_wconf 74' lang='grc' dir='ltr'>ἡμῖν,</span> <span class='ocrx_word' id='word_1_148' title='bbox 3613 527 3704 584; x_wconf 74' lang='grc' dir='ltr'>καὶ</span> 
     </span>
    </p>
   </div>
   <div class='ocr_carea' id='block_1_22' title="bbox 2123 619 3708 694">
    <p class='ocr_par' dir='ltr' id='par_1_22' title="bbox 2123 619 3708 694">
     <span class='ocr_line' id='line_1_22' title="bbox 2123 619 3708 694; baseline 0.001 -21"><span class='ocrx_word' id='word_1_149' title='bbox 2123 619 2276 674; x_wconf 81' lang='grc' dir='ltr'>πᾶσα</span> <span class='ocrx_word' id='word_1_150' title='bbox 2318 621 2354 691; x_wconf 87' lang='grc' dir='ltr'><strong>ή</strong></span> <span class='ocrx_word' id='word_1_151' title='bbox 2389 620 2649 685; x_wconf 80' lang='grc' dir='ltr'><strong>ἀπόθεσις</strong></span> <span class='ocrx_word' id='word_1_152' title='bbox 2669 665 2686 689; x_wconf 86' lang='lat'><strong>,</strong></span> <span class='ocrx_word' id='word_1_153' title='bbox 2737 621 2935 687; x_wconf 80' lang='grc' dir='ltr'><strong>Ἰούδας</strong></span> <span class='ocrx_word' id='word_1_154' title='bbox 2960 625 2989 680; x_wconf 83' lang='grc' dir='ltr'><strong>ό</strong></span> <span class='ocrx_word' id='word_1_155' title='bbox 3024 624 3248 692; x_wconf 79' lang='grc' dir='ltr'>ἀδελφός</span> <span class='ocrx_word' id='word_1_156' title='bbox 3291 639 3392 694; x_wconf 88' lang='grc' dir='ltr'><strong>μου</strong></span> <span class='ocrx_word' id='word_1_157' title='bbox 3428 621 3708 693; x_wconf 78' lang='grc' dir='ltr'>ἐπώλησεν</span> 
     </span>
    </p>
   </div>
   <div class='ocr_carea' id='block_1_23' title="bbox 2125 714 3710 787">
    <p class='ocr_par' dir='ltr' id='par_1_23' title="bbox 2125 714 3710 787">
     <span class='ocr_line' id='line_1_23' title="bbox 2125 714 3710 787; baseline 0 -19"><span class='ocrx_word' id='word_1_158' title='bbox 2125 714 2290 768; x_wconf 75' lang='grc' dir='ltr'>αὐτὸν</span> <span class='ocrx_word' id='word_1_159' title='bbox 2319 716 2432 778; x_wconf 81' lang='grc' dir='ltr'>τοῖς</span> <span class='ocrx_word' id='word_1_160' title='bbox 2479 714 2864 786; x_wconf 83' lang='grc' dir='ltr'>Ἰσμαηλίταις.</span> <span class='ocrx_word' id='word_1_161' title='bbox 2894 717 3006 772; x_wconf 81' lang='grc' dir='ltr'><strong>Καὶ</strong></span> <span class='ocrx_word' id='word_1_162' title='bbox 3030 715 3201 772; x_wconf 82' lang='grc' dir='ltr'>ἐλθὼν</span> <span class='ocrx_word' id='word_1_163' title='bbox 3242 715 3483 787; x_wconf 74' lang='grc' dir='ltr'>Ῥουὸὴμ</span> <span class='ocrx_word' id='word_1_164' title='bbox 3512 715 3710 787; x_wconf 79' lang='grc' dir='ltr'>ἐλυπή-</span> 
     </span>
    </p>
   </div>
   <div class='ocr_carea' id='block_1_24' title="bbox 2125 804 3706 879">
    <p class='ocr_par' dir='ltr' id='par_1_24' title="bbox 2125 804 3706 879">
     <span class='ocr_line' id='line_1_24' title="bbox 2125 804 3706 879; baseline 0 -20"><span class='ocrx_word' id='word_1_165' title='bbox 2125 804 2229 878; x_wconf 81' lang='grc' dir='ltr'><strong>θη⁹</strong></span> <span class='ocrx_word' id='word_1_166' title='bbox 2283 805 2442 878; x_wconf 70' lang='grc' dir='ltr'>ἡθελε</span> <span class='ocrx_word' id='word_1_167' title='bbox 2488 805 2598 879; x_wconf 80' lang='grc' dir='ltr'><strong>γὰρ</strong></span> <span class='ocrx_word' id='word_1_168' title='bbox 2635 807 2798 862; x_wconf 79' lang='grc' dir='ltr'>αὑτὸν</span> <span class='ocrx_word' id='word_1_169' title='bbox 2836 807 3099 868; x_wconf 78' lang='grc' dir='ltr'>διασῶσαι</span> <span class='ocrx_word' id='word_1_170' title='bbox 3148 806 3286 879; x_wconf 83' lang='grc' dir='ltr'>πρὸς</span> <span class='ocrx_word' id='word_1_171' title='bbox 3335 807 3428 861; x_wconf 82' lang='grc' dir='ltr'>τὸν</span> <span class='ocrx_word' id='word_1_172' title='bbox 3473 805 3706 878; x_wconf 82' lang='grc' dir='ltr'>πατέρα.</span> 
     </span>
    </p>
   </div>
   <div class='ocr_carea' id='block_1_25' title="bbox 2137 898 3710 973">
    <p class='ocr_par' dir='ltr' id='par_1_25' title="bbox 2137 898 3710 973">
     <span class='ocr_line' id='line_1_25' title="bbox 2137 898 3710 973; baseline -0.001 -15"><span class='ocrx_word' id='word_1_173' title='bbox 2137 903 2281 973; x_wconf 82' lang='grc' dir='ltr'><strong>Ἐγὼ</strong></span> <span class='ocrx_word' id='word_1_174' title='bbox 2313 901 2374 955; x_wconf 84' lang='grc' dir='ltr'>δὲ</span> <span class='ocrx_word' id='word_1_175' title='bbox 2403 899 2682 972; x_wconf 79' lang='grc' dir='ltr'><strong>ὠργίσθην</strong></span> <span class='ocrx_word' id='word_1_176' title='bbox 2719 898 2800 970; x_wconf 76' lang='grc' dir='ltr'>τῷ</span> <span class='ocrx_word' id='word_1_177' title='bbox 2848 899 3036 970; x_wconf 76' lang='grc' dir='ltr'>Ἰούδᾳ,</span> <span class='ocrx_word' id='word_1_178' title='bbox 3069 902 3150 954; x_wconf 71' lang='grc' dir='ltr'>ὅτι</span> <span class='ocrx_word' id='word_1_179' title='bbox 3172 899 3350 964; x_wconf 77' lang='grc' dir='ltr'>ζῶντα</span> <span class='ocrx_word' id='word_1_180' title='bbox 3382 900 3544 955; x_wconf 87' lang='grc' dir='ltr'>αὑτὸν</span> <span class='ocrx_word' id='word_1_181' title='bbox 3576 902 3710 956; x_wconf 67' lang='grc' dir='ltr'>ἀπέ-</span> 
     </span>
    </p>
   </div>
   <div class='ocr_carea' id='block_1_26' title="bbox 2125 991 3708 1066">
    <p class='ocr_par' dir='ltr' id='par_1_26' title="bbox 2125 991 3708 1066">
     <span class='ocr_line' id='line_1_26' title="bbox 2125 991 3708 1066; baseline 0.009 -18"><span class='ocrx_word' id='word_1_182' title='bbox 2125 995 2285 1054; x_wconf 78' lang='grc' dir='ltr'>λυσε·</span> <span class='ocrx_word' id='word_1_183' title='bbox 2332 997 2428 1052; x_wconf 75' lang='lat' dir='ltr'><strong>xai.</strong></span> <span class='ocrx_word' id='word_1_184' title='bbox 2466 994 2698 1065; x_wconf 83' lang='grc' dir='ltr'>ἐποίησα</span> <span class='ocrx_word' id='word_1_185' title='bbox 2738 995 2913 1066; x_wconf 81' lang='grc' dir='ltr'>μῆνας</span> <span class='ocrx_word' id='word_1_186' title='bbox 2959 993 3122 1049; x_wconf 75' lang='grc' dir='ltr'>πέντε</span> <span class='ocrx_word' id='word_1_187' title='bbox 3151 993 3502 1066; x_wconf 73' lang='grc' dir='ltr'>ὀργιζόμενος</span> <span class='ocrx_word' id='word_1_188' title='bbox 3523 991 3708 1065; x_wconf 65' lang='grc' dir='ltr'><strong>αὐτῷ’</strong></span> 
     </span>
    </p>
   </div>
   <div class='ocr_carea' id='block_1_27' title="bbox 2126 1084 3710 1158">
    <p class='ocr_par' dir='ltr' id='par_1_27' title="bbox 2126 1084 3710 1158">
     <span class='ocr_line' id='line_1_27' title="bbox 2126 1084 3710 1158; baseline -0.003 -15"><span class='ocrx_word' id='word_1_189' title='bbox 2126 1089 2287 1158; x_wconf 83' lang='grc' dir='ltr'>καίγε</span> <span class='ocrx_word' id='word_1_190' title='bbox 2323 1088 2637 1144; x_wconf 77' lang='grc' dir='ltr'>συνεπόδισέ</span> <span class='ocrx_word' id='word_1_191' title='bbox 2664 1105 2732 1158; x_wconf 85' lang='grc' dir='ltr'>με</span> <span class='ocrx_word' id='word_1_192' title='bbox 2761 1089 2791 1140; x_wconf 81' lang='grc' dir='ltr'><strong>ό</strong></span> <span class='ocrx_word' id='word_1_193' title='bbox 2829 1086 2994 1153; x_wconf 75' lang='grc' dir='ltr'>Θεὸς,</span> <span class='ocrx_word' id='word_1_194' title='bbox 3029 1088 3125 1142; x_wconf 78' lang='grc' dir='ltr'>καὶ</span> <span class='ocrx_word' id='word_1_195' title='bbox 3155 1086 3431 1141; x_wconf 73' lang='grc' dir='ltr'><strong>ἐκώλυσεν</strong></span> <span class='ocrx_word' id='word_1_196' title='bbox 3455 1087 3550 1141; x_wconf 77' lang='grc' dir='ltr'>ἀπ’</span> <span class='ocrx_word' id='word_1_197' title='bbox 3574 1084 3710 1157; x_wconf 80' lang='grc' dir='ltr'>ἐμοῦ</span> 
     </span>
    </p>
   </div>
   <div class='ocr_carea' id='block_1_28' title="bbox 2125 1173 3713 1254">
    <p class='ocr_par' dir='ltr' id='par_1_28' title="bbox 2125 1173 3713 1254">
     <span class='ocr_line' id='line_1_28' title="bbox 2125 1173 3713 1254; baseline -0.003 -18"><span class='ocrx_word' id='word_1_198' title='bbox 2125 1182 2316 1254; x_wconf 73' lang='grc' dir='ltr'>δρᾶσιν</span> <span class='ocrx_word' id='word_1_199' title='bbox 2353 1180 2584 1253; x_wconf 68' lang='grc' dir='ltr'>χειρῶν*</span> <span class='ocrx_word' id='word_1_200' title='bbox 2622 1181 2707 1236; x_wconf 78' lang='grc' dir='ltr'>ὅτι</span> <span class='ocrx_word' id='word_1_201' title='bbox 2737 1181 2772 1251; x_wconf 86' lang='grc' dir='ltr'><strong>ή</strong></span> <span class='ocrx_word' id='word_1_202' title='bbox 2797 1179 2922 1252; x_wconf 78' lang='grc' dir='ltr'>χείρ</span> <span class='ocrx_word' id='word_1_203' title='bbox 2956 1196 3060 1251; x_wconf 84' lang='grc' dir='ltr'><strong>μου</strong></span> <span class='ocrx_word' id='word_1_204' title='bbox 3093 1180 3127 1251; x_wconf 76' lang='grc' dir='ltr'>ὴ</span> <span class='ocrx_word' id='word_1_205' title='bbox 3159 1178 3309 1245; x_wconf 78' lang='grc' dir='ltr'>δεξιὰ</span> <span class='ocrx_word' id='word_1_206' title='bbox 3346 1179 3614 1251; x_wconf 78' lang='grc' dir='ltr'>ήμίξηρος</span> <span class='ocrx_word' id='word_1_207' title='bbox 3641 1173 3713 1251; x_wconf 79' lang='grc' dir='ltr'>ἦν</span> 
     </span>
    </p>
   </div>
   <div class='ocr_carea' id='block_1_29' title="bbox 2126 1269 3713 1346">
    <p class='ocr_par' dir='ltr' id='par_1_29' title="bbox 2126 1269 3713 1346">
     <span class='ocr_line' id='line_1_29' title="bbox 2126 1269 3713 1346; baseline -0.006 -14"><span class='ocrx_word' id='word_1_208' title='bbox 2126 1275 2222 1332; x_wconf 71' lang='grc' dir='ltr'>ἐπὶ</span> <span class='ocrx_word' id='word_1_209' title='bbox 2253 1274 2466 1346; x_wconf 77' lang='grc' dir='ltr'>ήμέρας</span> <span class='ocrx_word' id='word_1_210' title='bbox 2504 1274 2570 1340; x_wconf 77' lang='grc' dir='ltr'><strong>ζ’.</strong></span> <span class='ocrx_word' id='word_1_211' title='bbox 2617 1272 2728 1328; x_wconf 75' lang='grc' dir='ltr'><strong>Καὶ</strong></span> <span class='ocrx_word' id='word_1_212' title='bbox 2757 1271 2952 1340; x_wconf 66' lang='grc' dir='ltr'>ἔγνων,</span> <span class='ocrx_word' id='word_1_213' title='bbox 2981 1271 3170 1336; x_wconf 82' lang='grc' dir='ltr'>τέκνα,</span> <span class='ocrx_word' id='word_1_214' title='bbox 3209 1271 3293 1325; x_wconf 77' lang='grc' dir='ltr'>ὅτι</span> <span class='ocrx_word' id='word_1_215' title='bbox 3330 1271 3461 1344; x_wconf 71' lang='grc' dir='ltr'>περὶ</span> <span class='ocrx_word' id='word_1_216' title='bbox 3517 1269 3713 1341; x_wconf 79' lang='grc' dir='ltr'>Ἰωσήφ</span> 
     </span>
    </p>
   </div>
   <div class='ocr_carea' id='block_1_30' title="bbox 2125 1361 3715 1436">
    <p class='ocr_par' dir='ltr' id='par_1_30' title="bbox 2125 1361 3715 1436">
     <span class='ocr_line' id='line_1_30' title="bbox 2125 1361 3715 1436; baseline -0.004 -16"><span class='ocrx_word' id='word_1_217' title='bbox 2125 1365 2288 1420; x_wconf 82' lang='grc' dir='ltr'>τοῦτό</span> <span class='ocrx_word' id='word_1_218' title='bbox 2333 1382 2424 1436; x_wconf 87' lang='grc' dir='ltr'><strong>μοι</strong></span> <span class='ocrx_word' id='word_1_219' title='bbox 2468 1362 2669 1434; x_wconf 77' lang='grc' dir='ltr'>συνέϐη</span> <span class='ocrx_word' id='word_1_220' title='bbox 2716 1379 2730 1394; x_wconf 92' lang='grc'><strong>·</strong></span> <span class='ocrx_word' id='word_1_221' title='bbox 2781 1362 2876 1420; x_wconf 69' lang='grc' dir='ltr'>καὶ</span> <span class='ocrx_word' id='word_1_222' title='bbox 2927 1363 3272 1433; x_wconf 70' lang='grc' dir='ltr'><strong>μετανοήσας</strong></span> <span class='ocrx_word' id='word_1_223' title='bbox 3313 1361 3572 1428; x_wconf 71' lang='grc' dir='ltr'>ἔκλαυσα,</span> <span class='ocrx_word' id='word_1_224' title='bbox 3619 1361 3715 1414; x_wconf 81' lang='grc' dir='ltr'>καὶ</span> 
     </span>
    </p>
   </div>
   <div class='ocr_carea' id='block_1_31' title="bbox 2127 1455 3711 1532">
    <p class='ocr_par' dir='ltr' id='par_1_31' title="bbox 2127 1455 3711 1532">
     <span class='ocr_line' id='line_1_31' title="bbox 2127 1455 3711 1532; baseline -0.004 -18"><span class='ocrx_word' id='word_1_225' title='bbox 2127 1459 2380 1532; x_wconf 77' lang='grc' dir='ltr'><strong>ηὐξάμην</strong></span> <span class='ocrx_word' id='word_1_226' title='bbox 2411 1457 2601 1530; x_wconf 80' lang='grc' dir='ltr'>Κυρίῳ</span> <span class='ocrx_word' id='word_1_227' title='bbox 2620 1498 2636 1523; x_wconf 88' lang='grc'><strong>,</strong></span> <span class='ocrx_word' id='word_1_228' title='bbox 2674 1456 2762 1512; x_wconf 80' lang='grc' dir='ltr'>ἵνα</span> <span class='ocrx_word' id='word_1_229' title='bbox 2801 1455 3238 1527; x_wconf 68' lang='grc' dir='ltr'><strong>ἀποκαταστήσῃ</strong></span> <span class='ocrx_word' id='word_1_230' title='bbox 3269 1456 3368 1526; x_wconf 82' lang='grc' dir='ltr'><strong>τὴν</strong></span> <span class='ocrx_word' id='word_1_231' title='bbox 3396 1455 3556 1527; x_wconf 80' lang='grc' dir='ltr'>χεῖρά</span> <span class='ocrx_word' id='word_1_232' title='bbox 3588 1471 3711 1525; x_wconf 89' lang='grc' dir='ltr'>μου,</span> 
     </span>
    </p>
   </div>
   <div class='ocr_carea' id='block_1_32' title="bbox 2127 1546 3715 1624">
    <p class='ocr_par' dir='ltr' id='par_1_32' title="bbox 2127 1546 3715 1624">
     <span class='ocr_line' id='line_1_32' title="bbox 2127 1546 3715 1624; baseline -0.004 -18"><span class='ocrx_word' id='word_1_233' title='bbox 2127 1553 2221 1606; x_wconf 73' lang='grc' dir='ltr'>καὶ</span> <span class='ocrx_word' id='word_1_234' title='bbox 2241 1551 2570 1624; x_wconf 80' lang='grc' dir='ltr'>ἀπόσχωμαι</span> <span class='ocrx_word' id='word_1_235' title='bbox 2585 1549 2695 1604; x_wconf 75' lang='grc' dir='ltr'>ἀπὸ</span> <span class='ocrx_word' id='word_1_236' title='bbox 2708 1550 2905 1614; x_wconf 73' lang='grc' dir='ltr'>παντὸς</span> <span class='ocrx_word' id='word_1_237' title='bbox 2924 1546 3225 1622; x_wconf 82' lang='grc' dir='ltr'><strong>μολυσμοῦ,</strong></span> <span class='ocrx_word' id='word_1_238' title='bbox 3252 1549 3349 1601; x_wconf 73' lang='grc' dir='ltr'>καὶ</span> <span class='ocrx_word' id='word_1_239' title='bbox 3375 1546 3593 1617; x_wconf 88' lang='grc' dir='ltr'>φθόνου,</span> <span class='ocrx_word' id='word_1_240' title='bbox 3620 1547 3715 1600; x_wconf 74' lang='grc' dir='ltr'>καὶ</span> 
     </span>
    </p>
   </div>
   <div class='ocr_carea' id='block_1_33' title="bbox 2129 1637 3716 1713">
    <p class='ocr_par' dir='ltr' id='par_1_33' title="bbox 2129 1637 3716 1713">
     <span class='ocr_line' id='line_1_33' title="bbox 2129 1637 3716 1713; baseline -0.007 -14"><span class='ocrx_word' id='word_1_241' title='bbox 2129 1644 2240 1700; x_wconf 79' lang='grc' dir='ltr'>ἀπὸ</span> <span class='ocrx_word' id='word_1_242' title='bbox 2296 1642 2480 1713; x_wconf 69' lang='grc' dir='ltr'>πάσης</span> <span class='ocrx_word' id='word_1_243' title='bbox 2527 1640 2859 1712; x_wconf 80' lang='grc' dir='ltr'>ἀφροσύνης.</span> <span class='ocrx_word' id='word_1_244' title='bbox 2914 1641 3126 1709; x_wconf 82' lang='grc' dir='ltr'>Ἔγνων</span> <span class='ocrx_word' id='word_1_245' title='bbox 3172 1639 3304 1710; x_wconf 81' lang='grc' dir='ltr'>γὰρ,</span> <span class='ocrx_word' id='word_1_246' title='bbox 3359 1639 3442 1692; x_wconf 79' lang='grc' dir='ltr'>ὅτι</span> <span class='ocrx_word' id='word_1_247' title='bbox 3481 1637 3716 1710; x_wconf 81' lang='grc' dir='ltr'>πονηρὸν</span> 
     </span>
    </p>
   </div>
   <div class='ocr_carea' id='block_1_34' title="bbox 446 1707 2036 1810">
    <p class='ocr_par' dir='ltr' id='par_1_34' title="bbox 446 1707 2024 1802">
     <span class='ocr_line' id='line_1_34' title="bbox 446 1707 2024 1802; baseline -0.003 -15"><span class='ocrx_word' id='word_1_248' title='bbox 446 1707 503 1787; x_wconf 76' lang='lat' dir='ltr'><strong>et</strong></span> <span class='ocrx_word' id='word_1_249' title='bbox 531 1707 702 1788; x_wconf 68' lang='lat' dir='ltr'><strong>Jacbb</strong></span> <span class='ocrx_word' id='word_1_250' title='bbox 727 1741 883 1802; x_wconf 80' lang='lat' dir='ltr'><strong>patre</strong></span> <span class='ocrx_word' id='word_1_251' title='bbox 915 1745 1060 1798; x_wconf 88' lang='lat' dir='ltr'><strong>meo,</strong></span> <span class='ocrx_word' id='word_1_252' title='bbox 1096 1738 1284 1786; x_wconf 89' lang='lat' dir='ltr'><strong>contra</strong></span> <span class='ocrx_word' id='word_1_253' title='bbox 1307 1728 1512 1798; x_wconf 82' lang='lat' dir='ltr'><strong>Joseph</strong></span> <span class='ocrx_word' id='word_1_254' title='bbox 1557 1727 1782 1786; x_wconf 85' lang='lat' dir='ltr'><strong>fratrem</strong></span> <span class='ocrx_word' id='word_1_255' title='bbox 1819 1743 2024 1795; x_wconf 89' lang='lat' dir='ltr'><strong>meum,</strong></span> 
     </span>
    </p>
   </div>
   <div class='ocr_carea' id='block_1_35' title="bbox 2137 1707 3714 1810">
    <p class='ocr_par' dir='ltr' id='par_1_35' title="bbox 2137 1707 3714 1810">
     <span class='ocr_line' id='line_1_35' title="bbox 2137 1707 3714 1810; baseline -0.008 -16"><span class='ocrx_word' id='word_1_256' title='bbox 2137 1740 2362 1810; x_wconf 75' lang='grc' dir='ltr'>πρᾶγμα</span> <span class='ocrx_word' id='word_1_257' title='bbox 2389 1707 2732 1810; x_wconf 77' lang='grc' dir='ltr'>ἐνεθυμήθην</span> <span class='ocrx_word' id='word_1_258' title='bbox 2754 1707 3370 1805; x_wconf 15' lang='grc' dir='ltr'>ἐνώπιονήΚυρίουξκαὶ</span> <span class='ocrx_word' id='word_1_259' title='bbox 3403 1729 3596 1784; x_wconf 84' lang='grc' dir='ltr'>Ἰακὼὸ</span> <span class='ocrx_word' id='word_1_260' title='bbox 3608 1707 3714 1782; x_wconf 65' lang='grc' dir='ltr'>τοῦ</span> 
     </span>
    </p>
   </div>
   <div class='ocr_carea' id='block_1_36' title="bbox 449 1823 804 1880">
    <p class='ocr_par' dir='ltr' id='par_1_36' title="bbox 449 1823 804 1880">
     <span class='ocr_line' id='line_1_36' title="bbox 449 1823 804 1880; baseline 0.003 -1"><span class='ocrx_word' id='word_1_261' title='bbox 449 1823 703 1880; x_wconf 88' lang='lat' dir='ltr'><strong>invidens</strong></span> <span class='ocrx_word' id='word_1_262' title='bbox 732 1823 804 1880; x_wconf 90' lang='lat' dir='ltr'><strong>ei.</strong></span> 
     </span>
    </p>
   </div>
   <div class='ocr_carea' id='block_1_37' title="bbox 521 2007 2031 2078">
    <p class='ocr_par' dir='ltr' id='par_1_37' title="bbox 521 2007 2031 2078">
     <span class='ocr_line' id='line_1_37' title="bbox 521 2007 2031 2078; baseline 0 -14"><span class='ocrx_word' id='word_1_263' title='bbox 521 2008 608 2066; x_wconf 81' lang='lat' dir='ltr'><strong>ill.</strong></span> <span class='ocrx_word' id='word_1_264' title='bbox 665 2029 684 2062; x_wconf 82' lang='grc' dir='ltr'><strong>ι</strong></span> <span class='ocrx_word' id='word_1_265' title='bbox 723 2007 788 2063; x_wconf 78' lang='lat' dir='ltr'><strong>Et</strong></span> <span class='ocrx_word' id='word_1_266' title='bbox 820 2024 986 2076; x_wconf 85' lang='lat' dir='ltr'><strong>nunc,</strong></span> <span class='ocrx_word' id='word_1_267' title='bbox 1041 2007 1168 2074; x_wconf 87' lang='lat' dir='ltr'><strong>lilii,</strong></span> <span class='ocrx_word' id='word_1_268' title='bbox 1211 2008 1486 2068; x_wconf 84' lang='lat' dir='ltr'><strong>custodite</strong></span> <span class='ocrx_word' id='word_1_269' title='bbox 1527 2023 1627 2068; x_wconf 90' lang='lat' dir='ltr'><strong>vos</strong></span> <span class='ocrx_word' id='word_1_270' title='bbox 1667 2023 1700 2064; x_wconf 84' lang='lat' dir='ltr'><strong>a</strong></span> <span class='ocrx_word' id='word_1_271' title='bbox 1747 2007 2031 2078; x_wconf 82' lang='lat' dir='ltr'><strong>spiritibus</strong></span> 
     </span>
    </p>
   </div>
   <div class='ocr_carea' id='block_1_38' title="bbox 450 2101 2030 2166">
    <p class='ocr_par' dir='ltr' id='par_1_38' title="bbox 450 2101 2030 2166">
     <span class='ocr_line' id='line_1_38' title="bbox 450 2101 2030 2166; baseline -0.004 -5"><span class='ocrx_word' id='word_1_272' title='bbox 450 2104 656 2162; x_wconf 85' lang='lat' dir='ltr'><strong>erroris</strong></span> <span class='ocrx_word' id='word_1_273' title='bbox 701 2112 756 2158; x_wconf 89' lang='lat' dir='ltr'><strong>et</strong></span> <span class='ocrx_word' id='word_1_274' title='bbox 795 2103 1032 2166; x_wconf 79' lang='lat' dir='ltr'><strong>invidiae.</strong></span> <span class='ocrx_word' id='word_1_275' title='bbox 1061 2103 1273 2162; x_wconf 89' lang='lat' dir='ltr'><strong>Etenim</strong></span> <span class='ocrx_word' id='word_1_276' title='bbox 1307 2103 1508 2160; x_wconf 81' lang='lat' dir='ltr'><strong>invidia</strong></span> <span class='ocrx_word' id='word_1_277' title='bbox 1537 2101 1851 2165; x_wconf 87' lang='lat' dir='ltr'><strong>dominatur</strong></span> <span class='ocrx_word' id='word_1_278' title='bbox 1878 2101 2030 2156; x_wconf 87' lang='lat' dir='ltr'><strong>omni</strong></span> 
     </span>
    </p>
   </div>
   <div class='ocr_carea' id='block_1_39' title="bbox 453 2195 2034 2269">
    <p class='ocr_par' dir='ltr' id='par_1_39' title="bbox 453 2195 2034 2269">
     <span class='ocr_line' id='line_1_39' title="bbox 453 2195 2034 2269; baseline 0 -17"><span class='ocrx_word' id='word_1_279' title='bbox 453 2197 823 2269; x_wconf 74' lang='lat' dir='ltr'><strong>intelligentia:</strong></span> <span class='ocrx_word' id='word_1_280' title='bbox 870 2196 1134 2262; x_wconf 82' lang='lat' dir='ltr'><strong>hominis,</strong></span> <span class='ocrx_word' id='word_1_281' title='bbox 1185 2205 1240 2262; x_wconf 85' lang='lat' dir='ltr'><strong>et</strong></span> <span class='ocrx_word' id='word_1_282' title='bbox 1286 2212 1396 2254; x_wconf 88' lang='lat' dir='ltr'><strong>non</strong></span> <span class='ocrx_word' id='word_1_283' title='bbox 1438 2196 1641 2268; x_wconf 83' lang='lat' dir='ltr'><strong>patitur</strong></span> <span class='ocrx_word' id='word_1_284' title='bbox 1665 2210 1792 2256; x_wconf 86' lang='lat' dir='ltr'><strong>eum</strong></span> <span class='ocrx_word' id='word_1_285' title='bbox 1826 2195 1910 2250; x_wconf 89' lang='lat' dir='ltr'><strong>vel</strong></span> <span class='ocrx_word' id='word_1_286' title='bbox 1946 2209 2034 2252; x_wconf 85' lang='lat' dir='ltr'><strong>co—</strong></span> 
     </span>
    </p>
   </div>
   <div class='ocr_carea' id='block_1_40' title="bbox 452 2287 2032 2360">
    <p class='ocr_par' dir='ltr' id='par_1_40' title="bbox 452 2287 2032 2360">
     <span class='ocr_line' id='line_1_40' title="bbox 452 2287 2032 2360; baseline 0 -14"><span class='ocrx_word' id='word_1_287' title='bbox 452 2291 712 2358; x_wconf 81' lang='lat' dir='ltr'><strong>medere,</strong></span> <span class='ocrx_word' id='word_1_288' title='bbox 759 2291 846 2347; x_wconf 88' lang='lat' dir='ltr'><strong>vel</strong></span> <span class='ocrx_word' id='word_1_289' title='bbox 881 2290 1084 2357; x_wconf 89' lang='lat' dir='ltr'><strong>bibere,</strong></span> <span class='ocrx_word' id='word_1_290' title='bbox 1115 2289 1199 2354; x_wconf 88' lang='lat' dir='ltr'><strong>vel</strong></span> <span class='ocrx_word' id='word_1_291' title='bbox 1252 2287 1434 2350; x_wconf 87' lang='lat' dir='ltr'><strong>facere</strong></span> <span class='ocrx_word' id='word_1_292' title='bbox 1478 2288 1684 2360; x_wconf 85' lang='lat' dir='ltr'><strong>aliquid</strong></span> <span class='ocrx_word' id='word_1_293' title='bbox 1725 2289 1891 2356; x_wconf 84' lang='lat' dir='ltr'><strong>boni;</strong></span> <span class='ocrx_word' id='word_1_294' title='bbox 1935 2289 2032 2346; x_wconf 87' lang='lat' dir='ltr'><strong>sed</strong></span> 
     </span>
    </p>
   </div>
   <div class='ocr_carea' id='block_1_41' title="bbox 451 2381 2034 2456">
    <p class='ocr_par' dir='ltr' id='par_1_41' title="bbox 451 2381 2034 2456">
     <span class='ocr_line' id='line_1_41' title="bbox 451 2381 2034 2456; baseline -0.002 -17"><span class='ocrx_word' id='word_1_295' title='bbox 451 2400 671 2454; x_wconf 80' lang='lat' dir='ltr'><strong>semper</strong></span> <span class='ocrx_word' id='word_1_296' title='bbox 712 2384 957 2456; x_wconf 74' lang='lat' dir='ltr'><strong>suggerit</strong></span> <span class='ocrx_word' id='word_1_297' title='bbox 993 2383 1242 2438; x_wconf 87' lang='lat' dir='ltr'><strong>occidere</strong></span> <span class='ocrx_word' id='word_1_298' title='bbox 1287 2397 1446 2447; x_wconf 87' lang='lat' dir='ltr'><strong>eum,</strong></span> <span class='ocrx_word' id='word_1_299' title='bbox 1487 2382 1577 2440; x_wconf 91' lang='lat' dir='ltr'><strong>cui</strong></span> <span class='ocrx_word' id='word_1_300' title='bbox 1624 2381 1940 2450; x_wconf 84' lang='lat' dir='ltr'><strong>invidetur;</strong></span> <span class='ocrx_word' id='word_1_301' title='bbox 1979 2390 2034 2440; x_wconf 85' lang='lat' dir='ltr'><strong>et</strong></span> 
     </span>
    </p>
   </div>
   <div class='ocr_carea' id='block_1_42' title="bbox 452 2475 2030 2545">
    <p class='ocr_par' dir='ltr' id='par_1_42' title="bbox 452 2475 2030 2545">
     <span class='ocr_line' id='line_1_42' title="bbox 452 2475 2030 2545; baseline -0.004 -11"><span class='ocrx_word' id='word_1_302' title='bbox 452 2477 758 2536; x_wconf 88' lang='lat' dir='ltr'><strong>invidiosus</strong></span> <span class='ocrx_word' id='word_1_303' title='bbox 799 2491 1013 2545; x_wconf 89' lang='lat' dir='ltr'><strong>semper</strong></span> <span class='ocrx_word' id='word_1_304' title='bbox 1045 2475 1224 2540; x_wconf 81' lang='lat' dir='ltr'><strong>ﬂoret,</strong></span> <span class='ocrx_word' id='word_1_305' title='bbox 1272 2475 1520 2530; x_wconf 90' lang='lat' dir='ltr'><strong>invidens</strong></span> <span class='ocrx_word' id='word_1_306' title='bbox 1559 2491 1687 2530; x_wconf 87' lang='lat' dir='ltr'><strong>vero</strong></span> <span class='ocrx_word' id='word_1_307' title='bbox 1722 2475 2030 2531; x_wconf 88' lang='lat' dir='ltr'><strong>marcescit.</strong></span> 
     </span>
    </p>
   </div>
   <div class='ocr_carea' id='block_1_43' title="bbox 453 2565 2036 2639">
    <p class='ocr_par' dir='ltr' id='par_1_43' title="bbox 453 2565 2036 2639">
     <span class='ocr_line' id='line_1_43' title="bbox 453 2565 2036 2639; baseline -0.005 -11"><span class='ocrx_word' id='word_1_308' title='bbox 453 2569 557 2628; x_wconf 81' lang='lat' dir='ltr'><strong>Per</strong></span> <span class='ocrx_word' id='word_1_309' title='bbox 601 2569 740 2628; x_wconf 90' lang='lat' dir='ltr'><strong>duos</strong></span> <span class='ocrx_word' id='word_1_310' title='bbox 783 2582 962 2627; x_wconf 88' lang='lat' dir='ltr'><strong>annos</strong></span> <span class='ocrx_word' id='word_1_311' title='bbox 994 2568 1208 2628; x_wconf 88' lang='lat' dir='ltr'><strong>dierum</strong></span> <span class='ocrx_word' id='word_1_312' title='bbox 1249 2568 1304 2624; x_wconf 91' lang='lat' dir='ltr'><strong>in</strong></span> <span class='ocrx_word' id='word_1_313' title='bbox 1346 2568 1543 2628; x_wconf 89' lang='lat' dir='ltr'><strong>timore</strong></span> <span class='ocrx_word' id='word_1_314' title='bbox 1584 2565 1801 2624; x_wconf 81' lang='lat' dir='ltr'><strong>Domini</strong></span> <span class='ocrx_word' id='word_1_315' title='bbox 1847 2566 2036 2639; x_wconf 87' lang='lat' dir='ltr'><strong>punivi</strong></span> 
     </span>
    </p>
   </div>
   <div class='ocr_carea' id='block_1_44' title="bbox 453 2659 2036 2736">
    <p class='ocr_par' dir='ltr' id='par_1_44' title="bbox 453 2659 2036 2736">
     <span class='ocr_line' id='line_1_44' title="bbox 453 2659 2036 2736; baseline -0.002 -18"><span class='ocrx_word' id='word_1_316' title='bbox 453 2663 696 2722; x_wconf 85' lang='lat' dir='ltr'><strong>animam</strong></span> <span class='ocrx_word' id='word_1_317' title='bbox 723 2676 902 2718; x_wconf 87' lang='lat' dir='ltr'><strong>meam</strong></span> <span class='ocrx_word' id='word_1_318' title='bbox 930 2660 1145 2736; x_wconf 82' lang='lat' dir='ltr'><strong>jejunio</strong></span> <span class='ocrx_word' id='word_1_319' title='bbox 1172 2678 1188 2724; x_wconf 87' lang='lat'><strong>;</strong></span> <span class='ocrx_word' id='word_1_320' title='bbox 1223 2669 1279 2715; x_wconf 88' lang='lat' dir='ltr'><strong>el.</strong></span> <span class='ocrx_word' id='word_1_321' title='bbox 1301 2659 1529 2732; x_wconf 86' lang='lat' dir='ltr'><strong>cognovi</strong></span> <span class='ocrx_word' id='word_1_322' title='bbox 1554 2659 1703 2730; x_wconf 83' lang='lat' dir='ltr'><strong>quod</strong></span> <span class='ocrx_word' id='word_1_323' title='bbox 1722 2660 1925 2718; x_wconf 84' lang='lat' dir='ltr'><strong>solutio</strong></span> <span class='ocrx_word' id='word_1_324' title='bbox 1951 2660 2036 2720; x_wconf 86' lang='lat' dir='ltr'><strong>in—</strong></span> 
     </span>
    </p>
   </div>
   <div class='ocr_carea' id='block_1_45' title="bbox 450 2751 2039 2822">
    <p class='ocr_par' dir='ltr' id='par_1_45' title="bbox 450 2751 2039 2822">
     <span class='ocr_line' id='line_1_45' title="bbox 450 2751 2039 2822; baseline 0 -14"><span class='ocrx_word' id='word_1_325' title='bbox 450 2754 614 2809; x_wconf 66' lang='lat' dir='ltr'><strong>vidiae</strong></span> <span class='ocrx_word' id='word_1_326' title='bbox 650 2769 746 2822; x_wconf 83' lang='lat' dir='ltr'><strong>per</strong></span> <span class='ocrx_word' id='word_1_327' title='bbox 791 2753 1043 2808; x_wconf 87' lang='lat' dir='ltr'><strong>timorem</strong></span> <span class='ocrx_word' id='word_1_328' title='bbox 1091 2751 1186 2810; x_wconf 89' lang='lat' dir='ltr'><strong>Dei</strong></span> <span class='ocrx_word' id='word_1_329' title='bbox 1213 2752 1464 2808; x_wconf 75' lang='lat' dir='ltr'><strong>efﬁcitur.</strong></span> <span class='ocrx_word' id='word_1_330' title='bbox 1509 2751 1568 2806; x_wconf 90' lang='lat' dir='ltr'><strong>Si</strong></span> <span class='ocrx_word' id='word_1_331' title='bbox 1599 2752 1725 2822; x_wconf 85' lang='lat' dir='ltr'><strong>quis</strong></span> <span class='ocrx_word' id='word_1_332' title='bbox 1751 2751 1820 2806; x_wconf 91' lang='lat' dir='ltr'><strong>ad</strong></span> <span class='ocrx_word' id='word_1_333' title='bbox 1850 2751 2039 2808; x_wconf 66' lang='lat' dir='ltr'><strong>Domi-</strong></span> 
     </span>
    </p>
   </div>
   <div class='ocr_carea' id='block_1_46' title="bbox 454 2842 2032 2918">
    <p class='ocr_par' dir='ltr' id='par_1_46' title="bbox 454 2842 2032 2918">
     <span class='ocr_line' id='line_1_46' title="bbox 454 2842 2032 2918; baseline -0.004 -14"><span class='ocrx_word' id='word_1_334' title='bbox 454 2862 588 2906; x_wconf 83' lang='lat' dir='ltr'><strong>num</strong></span> <span class='ocrx_word' id='word_1_335' title='bbox 622 2844 875 2914; x_wconf 80' lang='lat' dir='ltr'><strong>refugiat,</strong></span> <span class='ocrx_word' id='word_1_336' title='bbox 915 2843 1128 2918; x_wconf 75' lang='lat' dir='ltr'><strong>aufugit</strong></span> <span class='ocrx_word' id='word_1_337' title='bbox 1164 2843 1508 2914; x_wconf 89' lang='lat' dir='ltr'><strong>perniciosus</strong></span> <span class='ocrx_word' id='word_1_338' title='bbox 1541 2843 1768 2912; x_wconf 87' lang='lat' dir='ltr'><strong>spiritus</strong></span> <span class='ocrx_word' id='word_1_339' title='bbox 1798 2842 1868 2898; x_wconf 83' lang='lat' dir='ltr'><strong>ab</strong></span> <span class='ocrx_word' id='word_1_340' title='bbox 1894 2842 2032 2912; x_wconf 81' lang='lat' dir='ltr'><strong>ipso,</strong></span> 
     </span>
    </p>
   </div>
   <div class='ocr_carea' id='block_1_47' title="bbox 453 2935 2034 3006">
    <p class='ocr_par' dir='ltr' id='par_1_47' title="bbox 453 2935 2034 3006">
     <span class='ocr_line' id='line_1_47' title="bbox 453 2935 2034 3006; baseline -0.001 -13"><span class='ocrx_word' id='word_1_341' title='bbox 453 2947 512 2993; x_wconf 90' lang='lat' dir='ltr'><strong>et</strong></span> <span class='ocrx_word' id='word_1_342' title='bbox 533 2937 770 2994; x_wconf 89' lang='lat' dir='ltr'><strong>eflicitur</strong></span> <span class='ocrx_word' id='word_1_343' title='bbox 795 2951 951 2991; x_wconf 86' lang='lat' dir='ltr'><strong>mens</strong></span> <span class='ocrx_word' id='word_1_344' title='bbox 978 2937 1144 3004; x_wconf 84' lang='lat' dir='ltr'><strong>levis;</strong></span> <span class='ocrx_word' id='word_1_345' title='bbox 1173 2945 1229 2990; x_wconf 92' lang='lat' dir='ltr'><strong>et</strong></span> <span class='ocrx_word' id='word_1_346' title='bbox 1251 2935 1364 3006; x_wconf 86' lang='lat' dir='ltr'><strong>jam</strong></span> <span class='ocrx_word' id='word_1_347' title='bbox 1389 2936 1717 3004; x_wconf 89' lang='lat' dir='ltr'><strong>compatitur</strong></span> <span class='ocrx_word' id='word_1_348' title='bbox 1743 2936 2034 3003; x_wconf 87' lang='lat' dir='ltr'><strong>invidioso,</strong></span> 
     </span>
    </p>
   </div>
   <div class='ocr_carea' id='block_1_48' title="bbox 2131 1822 3718 1901">
    <p class='ocr_par' dir='ltr' id='par_1_48' title="bbox 2131 1822 3718 1901">
     <span class='ocr_line' id='line_1_48' title="bbox 2131 1822 3718 1901; baseline -0.007 -17"><span class='ocrx_word' id='word_1_349' title='bbox 2131 1831 2336 1901; x_wconf 74' lang='grc' dir='ltr'>πατρός</span> <span class='ocrx_word' id='word_1_350' title='bbox 2379 1847 2504 1901; x_wconf 74' lang='grc' dir='ltr'>μου,</span> <span class='ocrx_word' id='word_1_351' title='bbox 2534 1828 2622 1884; x_wconf 67' lang='grc' dir='ltr'>διὰ</span> <span class='ocrx_word' id='word_1_352' title='bbox 2666 1827 2862 1900; x_wconf 74' lang='grc' dir='ltr'>Ἰωσὴφ</span> <span class='ocrx_word' id='word_1_353' title='bbox 2895 1827 2988 1880; x_wconf 80' lang='grc' dir='ltr'>τὸν</span> <span class='ocrx_word' id='word_1_354' title='bbox 3016 1825 3243 1897; x_wconf 81' lang='grc' dir='ltr'>ἀδελφόν</span> <span class='ocrx_word' id='word_1_355' title='bbox 3276 1841 3400 1894; x_wconf 83' lang='grc' dir='ltr'>μου,</span> <span class='ocrx_word' id='word_1_356' title='bbox 3445 1822 3718 1893; x_wconf 77' lang='grc' dir='ltr'>φθονήσας</span> 
     </span>
    </p>
   </div>
   <div class='ocr_carea' id='block_1_49' title="bbox 2133 1923 2303 1994">
    <p class='ocr_par' dir='ltr' id='par_1_49' title="bbox 2133 1923 2303 1994">
     <span class='ocr_line' id='line_1_49' title="bbox 2133 1923 2303 1994; baseline 0.012 -18"><span class='ocrx_word' id='word_1_357' title='bbox 2133 1923 2303 1994; x_wconf 72' lang='grc' dir='ltr'>αὐτῷ.</span> 
     </span>
    </p>
   </div>
   <div class='ocr_carea' id='block_1_50' title="bbox 2203 2007 3718 2083">
    <p class='ocr_par' dir='ltr' id='par_1_50' title="bbox 2203 2007 3718 2083">
     <span class='ocr_line' id='line_1_50' title="bbox 2203 2007 3718 2083; baseline -0.007 -14"><span class='ocrx_word' id='word_1_358' title='bbox 2203 2017 2277 2069; x_wconf 84' lang='lat' dir='ltr'><strong>I&quot;.</strong></span> <span class='ocrx_word' id='word_1_359' title='bbox 2321 2036 2340 2069; x_wconf 74' lang='grc' dir='ltr'><strong>ι</strong></span> <span class='ocrx_word' id='word_1_360' title='bbox 2366 2017 2476 2072; x_wconf 69' lang='grc' dir='ltr'><strong>Καὶ</strong></span> <span class='ocrx_word' id='word_1_361' title='bbox 2501 2015 2618 2082; x_wconf 82' lang='grc' dir='ltr'>νῦν,</span> <span class='ocrx_word' id='word_1_362' title='bbox 2639 2014 2830 2080; x_wconf 80' lang='grc' dir='ltr'>τέκνα,</span> <span class='ocrx_word' id='word_1_363' title='bbox 2865 2011 3172 2083; x_wconf 77' lang='grc' dir='ltr'>φυλάξασθε</span> <span class='ocrx_word' id='word_1_364' title='bbox 3195 2009 3305 2065; x_wconf 77' lang='grc' dir='ltr'>ἀπὸ</span> <span class='ocrx_word' id='word_1_365' title='bbox 3335 2008 3447 2062; x_wconf 85' lang='grc' dir='ltr'><strong>τῶν</strong></span> <span class='ocrx_word' id='word_1_366' title='bbox 3476 2007 3718 2077; x_wconf 86' lang='grc' dir='ltr'>πνευμά-</span> 
     </span>
    </p>
   </div>
   <div class='ocr_carea' id='block_1_51' title="bbox 2130 2100 3720 2181">
    <p class='ocr_par' dir='ltr' id='par_1_51' title="bbox 2130 2100 3720 2181">
     <span class='ocr_line' id='line_1_51' title="bbox 2130 2100 3720 2181; baseline -0.011 -13"><span class='ocrx_word' id='word_1_367' title='bbox 2130 2129 2244 2168; x_wconf 92' lang='grc' dir='ltr'><strong>των</strong></span> <span class='ocrx_word' id='word_1_368' title='bbox 2285 2110 2385 2181; x_wconf 81' lang='grc' dir='ltr'>τῆς</span> <span class='ocrx_word' id='word_1_369' title='bbox 2432 2108 2642 2180; x_wconf 81' lang='grc' dir='ltr'>πλάνης</span> <span class='ocrx_word' id='word_1_370' title='bbox 2679 2109 2778 2162; x_wconf 75' lang='grc' dir='ltr'>καὶ</span> <span class='ocrx_word' id='word_1_371' title='bbox 2823 2105 2922 2160; x_wconf 81' lang='grc' dir='ltr'>τοῦ</span> <span class='ocrx_word' id='word_1_372' title='bbox 2958 2105 3176 2175; x_wconf 77' lang='grc' dir='ltr'>φθόνου.</span> <span class='ocrx_word' id='word_1_373' title='bbox 3199 2103 3324 2156; x_wconf 73' lang='grc' dir='ltr'><strong>Καὶ</strong></span> <span class='ocrx_word' id='word_1_374' title='bbox 3343 2101 3504 2173; x_wconf 79' lang='grc' dir='ltr'>γὰρὸ</span> <span class='ocrx_word' id='word_1_375' title='bbox 3528 2100 3720 2170; x_wconf 84' lang='grc' dir='ltr'>φθόνος</span> 
     </span>
    </p>
   </div>
   <div class='ocr_carea' id='block_1_52' title="bbox 2133 2195 3722 2278">
    <p class='ocr_par' dir='ltr' id='par_1_52' title="bbox 2133 2195 3722 2278">
     <span class='ocr_line' id='line_1_52' title="bbox 2133 2195 3722 2278; baseline -0.009 -17"><span class='ocrx_word' id='word_1_376' title='bbox 2133 2206 2378 2278; x_wconf 81' lang='grc' dir='ltr'><strong>κυριεύει</strong></span> <span class='ocrx_word' id='word_1_377' title='bbox 2408 2205 2591 2277; x_wconf 83' lang='grc' dir='ltr'>πάσης</span> <span class='ocrx_word' id='word_1_378' title='bbox 2633 2204 2738 2274; x_wconf 79' lang='grc' dir='ltr'><strong>τῆς</strong></span> <span class='ocrx_word' id='word_1_379' title='bbox 2759 2202 2998 2265; x_wconf 76' lang='grc' dir='ltr'>διανοίας</span> <span class='ocrx_word' id='word_1_380' title='bbox 3023 2199 3118 2254; x_wconf 81' lang='grc' dir='ltr'>τοῦ</span> <span class='ocrx_word' id='word_1_381' title='bbox 3141 2197 3428 2269; x_wconf 77' lang='grc' dir='ltr'>ἀνθρώπου</span> <span class='ocrx_word' id='word_1_382' title='bbox 3455 2236 3471 2260; x_wconf 95' lang='grc'><strong>,</strong></span> <span class='ocrx_word' id='word_1_383' title='bbox 3500 2195 3596 2248; x_wconf 82' lang='grc' dir='ltr'>καὶ</span> <span class='ocrx_word' id='word_1_384' title='bbox 3619 2195 3722 2247; x_wconf 81' lang='grc' dir='ltr'>οὐκ</span> 
     </span>
    </p>
   </div>
   <div class='ocr_carea' id='block_1_53' title="bbox 2134 2288 3721 2373">
    <p class='ocr_par' dir='ltr' id='par_1_53' title="bbox 2134 2288 3721 2373">
     <span class='ocr_line' id='line_1_53' title="bbox 2134 2288 3721 2373; baseline -0.01 -17"><span class='ocrx_word' id='word_1_385' title='bbox 2134 2301 2360 2373; x_wconf 78' lang='grc' dir='ltr'>ἀφίησιν</span> <span class='ocrx_word' id='word_1_386' title='bbox 2386 2297 2554 2353; x_wconf 81' lang='grc' dir='ltr'>αὐτὸν</span> <span class='ocrx_word' id='word_1_387' title='bbox 2581 2295 2705 2350; x_wconf 75' lang='grc' dir='ltr'>οὔτε</span> <span class='ocrx_word' id='word_1_388' title='bbox 2729 2298 2922 2366; x_wconf 77' lang='grc' dir='ltr'>φαγεῖν</span> <span class='ocrx_word' id='word_1_389' title='bbox 2944 2292 3115 2361; x_wconf 60' lang='grc' dir='ltr'>,οὔτε</span> <span class='ocrx_word' id='word_1_390' title='bbox 3150 2293 3314 2354; x_wconf 80' lang='grc' dir='ltr'>πιεῖν,</span> <span class='ocrx_word' id='word_1_391' title='bbox 3344 2288 3469 2342; x_wconf 76' lang='grc' dir='ltr'>οὕτε</span> <span class='ocrx_word' id='word_1_392' title='bbox 3498 2288 3721 2359; x_wconf 78' lang='grc' dir='ltr'>ποιῆσαί</span> 
     </span>
    </p>
   </div>
   <div class='ocr_carea' id='block_1_54' title="bbox 2134 2377 3722 2462">
    <p class='ocr_par' dir='ltr' id='par_1_54' title="bbox 2134 2377 3722 2462">
     <span class='ocr_line' id='line_1_54' title="bbox 2134 2377 3722 2462; baseline -0.011 -13"><span class='ocrx_word' id='word_1_393' title='bbox 2134 2411 2190 2449; x_wconf 88' lang='grc' dir='ltr'><strong>τι</strong></span> <span class='ocrx_word' id='word_1_394' title='bbox 2215 2391 2424 2462; x_wconf 84' lang='grc' dir='ltr'>ἀγαθόν</span> <span class='ocrx_word' id='word_1_395' title='bbox 2445 2408 2460 2421; x_wconf 79' lang='grc' dir='ltr'><strong>ο</strong></span> <span class='ocrx_word' id='word_1_396' title='bbox 2487 2389 2626 2446; x_wconf 80' lang='grc' dir='ltr'><strong>ἀλλά</strong></span> <span class='ocrx_word' id='word_1_397' title='bbox 2649 2387 2881 2442; x_wconf 83' lang='grc' dir='ltr'>πάντοτε</span> <span class='ocrx_word' id='word_1_398' title='bbox 2911 2383 3204 2439; x_wconf 76' lang='grc' dir='ltr'>ὑποϐάλλει</span> <span class='ocrx_word' id='word_1_399' title='bbox 3235 2381 3443 2435; x_wconf 79' lang='grc' dir='ltr'>ἀνελεῖν</span> <span class='ocrx_word' id='word_1_400' title='bbox 3463 2379 3556 2431; x_wconf 77' lang='grc' dir='ltr'>τὸν</span> <span class='ocrx_word' id='word_1_401' title='bbox 3592 2377 3722 2446; x_wconf 88' lang='grc' dir='ltr'>φθο-</span> 
     </span>
    </p>
   </div>
   <div class='ocr_carea' id='block_1_55' title="bbox 2135 2469 3722 2556">
    <p class='ocr_par' dir='ltr' id='par_1_55' title="bbox 2135 2469 3722 2556">
     <span class='ocr_line' id='line_1_55' title="bbox 2135 2469 3722 2556; baseline -0.009 -15"><span class='ocrx_word' id='word_1_402' title='bbox 2135 2486 2225 2542; x_wconf 88' lang='grc' dir='ltr'><strong>νού</strong></span> <span class='ocrx_word' id='word_1_403' title='bbox 2235 2501 2422 2556; x_wconf 75' lang='grc' dir='ltr'>μενονο</span> <span class='ocrx_word' id='word_1_404' title='bbox 2464 2483 2560 2538; x_wconf 78' lang='grc' dir='ltr'>καὶ</span> <span class='ocrx_word' id='word_1_405' title='bbox 2589 2484 2620 2536; x_wconf 79' lang='grc' dir='ltr'><strong>ό</strong></span> <span class='ocrx_word' id='word_1_406' title='bbox 2645 2480 2744 2552; x_wconf 82' lang='grc' dir='ltr'><strong>μὲν</strong></span> <span class='ocrx_word' id='word_1_407' title='bbox 2773 2478 3135 2550; x_wconf 80' lang='grc' dir='ltr'>φθονούμενος</span> <span class='ocrx_word' id='word_1_408' title='bbox 3157 2475 3388 2529; x_wconf 86' lang='grc' dir='ltr'>πάντοτε</span> <span class='ocrx_word' id='word_1_409' title='bbox 3409 2471 3582 2536; x_wconf 75' lang='grc' dir='ltr'>ἀνθεῖ,</span> <span class='ocrx_word' id='word_1_410' title='bbox 3607 2471 3636 2524; x_wconf 86' lang='grc' dir='ltr'><strong>ό</strong></span> <span class='ocrx_word' id='word_1_411' title='bbox 3661 2469 3722 2526; x_wconf 77' lang='grc' dir='ltr'><strong>δέ</strong></span> 
     </span>
    </p>
   </div>
   <div class='ocr_carea' id='block_1_56' title="bbox 2136 2560 3722 2654">
    <p class='ocr_par' dir='ltr' id='par_1_56' title="bbox 2136 2560 3722 2654">
     <span class='ocr_line' id='line_1_56' title="bbox 2136 2560 3722 2654; baseline -0.017 -16"><span class='ocrx_word' id='word_1_412' title='bbox 2136 2582 2345 2654; x_wconf 86' lang='grc' dir='ltr'>φθονῶν</span> <span class='ocrx_word' id='word_1_413' title='bbox 2373 2575 2714 2650; x_wconf 81' lang='grc' dir='ltr'>μαραίνεται.</span> <span class='ocrx_word' id='word_1_414' title='bbox 2742 2570 2848 2625; x_wconf 89' lang='grc' dir='ltr'>Δύο</span> <span class='ocrx_word' id='word_1_415' title='bbox 2875 2569 2975 2640; x_wconf 76' lang='grc' dir='ltr'><strong>ἐτη</strong></span> <span class='ocrx_word' id='word_1_416' title='bbox 3003 2566 3226 2640; x_wconf 83' lang='grc' dir='ltr'>ήμερῶν</span> <span class='ocrx_word' id='word_1_417' title='bbox 3253 2567 3312 2618; x_wconf 80' lang='grc' dir='ltr'><strong>ἐν</strong></span> <span class='ocrx_word' id='word_1_418' title='bbox 3338 2562 3491 2633; x_wconf 70' lang='grc' dir='ltr'>φόϐῳ</span> <span class='ocrx_word' id='word_1_419' title='bbox 3515 2560 3722 2632; x_wconf 79' lang='grc' dir='ltr'>Κυρίου</span> 
     </span>
    </p>
   </div>
   <div class='ocr_carea' id='block_1_57' title="bbox 2135 2654 3721 2740">
    <p class='ocr_par' dir='ltr' id='par_1_57' title="bbox 2135 2654 3721 2740">
     <span class='ocr_line' id='line_1_57' title="bbox 2135 2654 3721 2740; baseline -0.015 -11"><span class='ocrx_word' id='word_1_420' title='bbox 2135 2674 2394 2729; x_wconf 73' lang='grc' dir='ltr'>ἐκάκωσα</span> <span class='ocrx_word' id='word_1_421' title='bbox 2423 2669 2521 2740; x_wconf 79' lang='grc' dir='ltr'><strong>τήν</strong></span> <span class='ocrx_word' id='word_1_422' title='bbox 2544 2667 2724 2738; x_wconf 83' lang='grc' dir='ltr'>ψυχήν</span> <span class='ocrx_word' id='word_1_423' title='bbox 2759 2680 2861 2735; x_wconf 88' lang='grc' dir='ltr'><strong>μου</strong></span> <span class='ocrx_word' id='word_1_424' title='bbox 2885 2664 2946 2716; x_wconf 81' lang='grc' dir='ltr'>ὲν</span> <span class='ocrx_word' id='word_1_425' title='bbox 2974 2659 3198 2732; x_wconf 81' lang='grc' dir='ltr'>νηστείᾳ</span> <span class='ocrx_word' id='word_1_426' title='bbox 3219 2676 3233 2690; x_wconf 93' lang='grc'><strong>·</strong></span> <span class='ocrx_word' id='word_1_427' title='bbox 3264 2659 3359 2711; x_wconf 67' lang='grc' dir='ltr'>καὶ</span> <span class='ocrx_word' id='word_1_428' title='bbox 3379 2655 3551 2725; x_wconf 77' lang='grc' dir='ltr'>ἐγνων</span> <span class='ocrx_word' id='word_1_429' title='bbox 3573 2656 3658 2707; x_wconf 82' lang='grc' dir='ltr'>ὅτι</span> <span class='ocrx_word' id='word_1_430' title='bbox 3687 2654 3721 2724; x_wconf 88' lang='grc' dir='ltr'><strong>ή</strong></span> 
     </span>
    </p>
   </div>
   <div class='ocr_carea' id='block_1_58' title="bbox 2135 2746 3725 2830">
    <p class='ocr_par' dir='ltr' id='par_1_58' title="bbox 2135 2746 3725 2830">
     <span class='ocr_line' id='line_1_58' title="bbox 2135 2746 3725 2830; baseline -0.016 -8"><span class='ocrx_word' id='word_1_431' title='bbox 2135 2767 2290 2830; x_wconf 87' lang='grc' dir='ltr'>λύσις</span> <span class='ocrx_word' id='word_1_432' title='bbox 2327 2762 2424 2818; x_wconf 79' lang='grc' dir='ltr'>τοῦ</span> <span class='ocrx_word' id='word_1_433' title='bbox 2465 2760 2661 2830; x_wconf 85' lang='grc' dir='ltr'>φθόνου</span> <span class='ocrx_word' id='word_1_434' title='bbox 2693 2756 2783 2811; x_wconf 83' lang='grc' dir='ltr'><strong>διὰ</strong></span> <span class='ocrx_word' id='word_1_435' title='bbox 2829 2753 2996 2825; x_wconf 76' lang='grc' dir='ltr'>φόόου</span> <span class='ocrx_word' id='word_1_436' title='bbox 3025 2750 3166 2806; x_wconf 78' lang='grc' dir='ltr'>θεοῦ</span> <span class='ocrx_word' id='word_1_437' title='bbox 3204 2751 3434 2820; x_wconf 87' lang='grc' dir='ltr'>γίνεται.</span> <span class='ocrx_word' id='word_1_438' title='bbox 3479 2746 3606 2800; x_wconf 81' lang='grc' dir='ltr'><strong>Ἐάν</strong></span> <span class='ocrx_word' id='word_1_439' title='bbox 3639 2762 3725 2809; x_wconf 87' lang='grc' dir='ltr'><strong>τις</strong></span> 
     </span>
    </p>
   </div>
   <div class='ocr_carea' id='block_1_59' title="bbox 2137 2836 3723 2926">
    <p class='ocr_par' dir='ltr' id='par_1_59' title="bbox 2137 2836 3723 2926">
     <span class='ocr_line' id='line_1_59' title="bbox 2137 2836 3723 2926; baseline -0.014 -15"><span class='ocrx_word' id='word_1_440' title='bbox 2137 2858 2231 2911; x_wconf 75' lang='grc' dir='ltr'>ἐπὶ</span> <span class='ocrx_word' id='word_1_441' title='bbox 2253 2854 2456 2926; x_wconf 76' lang='grc' dir='ltr'>Κύριον</span> <span class='ocrx_word' id='word_1_442' title='bbox 2479 2847 2804 2919; x_wconf 82' lang='grc' dir='ltr'>καταφεύγῃ</span> <span class='ocrx_word' id='word_1_443' title='bbox 2824 2886 2840 2910; x_wconf 91' lang='grc'><strong>,</strong></span> <span class='ocrx_word' id='word_1_444' title='bbox 2878 2843 3173 2916; x_wconf 75' lang='grc' dir='ltr'>ἀποτρέχει</span> <span class='ocrx_word' id='word_1_445' title='bbox 3195 2842 3258 2895; x_wconf 83' lang='grc' dir='ltr'>τὸ</span> <span class='ocrx_word' id='word_1_446' title='bbox 3289 2839 3526 2911; x_wconf 76' lang='grc' dir='ltr'>πονηρὸν</span> <span class='ocrx_word' id='word_1_447' title='bbox 3555 2836 3723 2891; x_wconf 80' lang='grc' dir='ltr'>πνεῦ-</span> 
     </span>
    </p>
   </div>
   <div class='ocr_carea' id='block_1_60' title="bbox 2143 2931 3724 3025">
    <p class='ocr_par' dir='ltr' id='par_1_60' title="bbox 2143 2931 3724 3025">
     <span class='ocr_line' id='line_1_60' title="bbox 2143 2931 3724 3025; baseline -0.016 -18"><span class='ocrx_word' id='word_1_448' title='bbox 2143 2970 2218 3025; x_wconf 90' lang='grc' dir='ltr'><strong>μα</strong></span> <span class='ocrx_word' id='word_1_449' title='bbox 2261 2951 2357 3005; x_wconf 81' lang='grc' dir='ltr'><strong>ἀπ’</strong></span> <span class='ocrx_word' id='word_1_450' title='bbox 2416 2944 2604 3012; x_wconf 81' lang='grc' dir='ltr'>αὐτοῦ,</span> <span class='ocrx_word' id='word_1_451' title='bbox 2660 2942 2756 2996; x_wconf 77' lang='grc' dir='ltr'>καὶ</span> <span class='ocrx_word' id='word_1_452' title='bbox 2802 2941 3010 3010; x_wconf 81' lang='grc' dir='ltr'>γίνεται</span> <span class='ocrx_word' id='word_1_453' title='bbox 3053 2941 3087 3010; x_wconf 91' lang='grc' dir='ltr'><strong>ή</strong></span> <span class='ocrx_word' id='word_1_454' title='bbox 3129 2937 3337 2992; x_wconf 89' lang='grc' dir='ltr'>διάνοια</span> <span class='ocrx_word' id='word_1_455' title='bbox 3378 2935 3584 3005; x_wconf 82' lang='grc' dir='ltr'>κούφη·</span> <span class='ocrx_word' id='word_1_456' title='bbox 3629 2931 3724 2984; x_wconf 75' lang='grc' dir='ltr'>καὶ</span> 
     </span>
    </p>
   </div>
   <div class='ocr_carea' id='block_1_61' title="bbox 456 3025 2036 3126">
    <p class='ocr_par' dir='ltr' id='par_1_61' title="bbox 456 3029 2032 3104">
     <span class='ocr_line' id='line_1_61' title="bbox 456 3029 2032 3104; baseline -0.001 -15"><span class='ocrx_word' id='word_1_457' title='bbox 456 3041 512 3089; x_wconf 90' lang='lat' dir='ltr'><strong>et</strong></span> <span class='ocrx_word' id='word_1_458' title='bbox 541 3049 650 3087; x_wconf 91' lang='lat' dir='ltr'><strong>non</strong></span> <span class='ocrx_word' id='word_1_459' title='bbox 696 3031 1044 3103; x_wconf 89' lang='lat' dir='ltr'><strong>reprehendit</strong></span> <span class='ocrx_word' id='word_1_460' title='bbox 1066 3030 1354 3104; x_wconf 73' lang='lat' dir='ltr'><strong>diligentes</strong></span> <span class='ocrx_word' id='word_1_461' title='bbox 1385 3030 1588 3101; x_wconf 82' lang='lat' dir='ltr'><strong>ipsum,</strong></span> <span class='ocrx_word' id='word_1_462' title='bbox 1613 3039 1667 3086; x_wconf 92' lang='lat' dir='ltr'><strong>et</strong></span> <span class='ocrx_word' id='word_1_463' title='bbox 1693 3029 1768 3086; x_wconf 93' lang='lat' dir='ltr'><strong>ita</strong></span> <span class='ocrx_word' id='word_1_464' title='bbox 1796 3031 2032 3102; x_wconf 88' lang='lat' dir='ltr'><strong>quiescit</strong></span> 
     </span>
    </p>
   </div>
   <div class='ocr_carea' id='block_1_62' title="bbox 2137 3025 3725 3126">
    <p class='ocr_par' dir='ltr' id='par_1_62' title="bbox 2137 3025 3725 3126">
     <span class='ocr_line' id='line_1_62' title="bbox 2137 3025 3725 3126; baseline -0.018 -22"><span class='ocrx_word' id='word_1_465' title='bbox 2137 3047 2316 3110; x_wconf 79' lang='grc' dir='ltr'>λοιπὸν</span> <span class='ocrx_word' id='word_1_466' title='bbox 2351 3038 2626 3114; x_wconf 84' lang='grc' dir='ltr'>συμπαθεῖ</span> <span class='ocrx_word' id='word_1_467' title='bbox 2668 3035 2746 3110; x_wconf 81' lang='grc' dir='ltr'><strong>τῷ</strong></span> <span class='ocrx_word' id='word_1_468' title='bbox 2775 3031 3141 3106; x_wconf 78' lang='grc' dir='ltr'>φθονουμένῳ,</span> <span class='ocrx_word' id='word_1_469' title='bbox 3183 3031 3278 3084; x_wconf 76' lang='grc' dir='ltr'>καὶ</span> <span class='ocrx_word' id='word_1_470' title='bbox 3309 3028 3368 3081; x_wconf 81' lang='grc' dir='ltr'><strong>ού</strong></span> <span class='ocrx_word' id='word_1_471' title='bbox 3414 3025 3725 3126; x_wconf 70' lang='grc' dir='ltr'>καταγινώ-</span> 
     </span>
    </p>
   </div>
   <div class='ocr_carea' id='block_1_63' title="bbox 457 3122 781 3186">
    <p class='ocr_par' dir='ltr' id='par_1_63' title="bbox 457 3122 781 3186">
     <span class='ocr_line' id='line_1_63' title="bbox 457 3122 781 3186; baseline 0.003 -7"><span class='ocrx_word' id='word_1_472' title='bbox 457 3122 526 3179; x_wconf 88' lang='lat' dir='ltr'><strong>ab</strong></span> <span class='ocrx_word' id='word_1_473' title='bbox 554 3123 781 3186; x_wconf 78' lang='lat' dir='ltr'><strong>invidia.</strong></span> 
     </span>
    </p>
   </div>
   <div class='ocr_carea' id='block_1_64' title="bbox 531 3299 2040 3376">
    <p class='ocr_par' dir='ltr' id='par_1_64' title="bbox 531 3299 2040 3376">
     <span class='ocr_line' id='line_1_64' title="bbox 531 3299 2040 3376; baseline -0.002 -16"><span class='ocrx_word' id='word_1_474' title='bbox 531 3302 624 3360; x_wconf 84' lang='lat' dir='ltr'><strong>IV.</strong></span> <span class='ocrx_word' id='word_1_475' title='bbox 671 3322 690 3358; x_wconf 76' lang='grc' dir='ltr'><strong>ι</strong></span> <span class='ocrx_word' id='word_1_476' title='bbox 713 3301 780 3364; x_wconf 82' lang='lat' dir='ltr'><strong>Et</strong></span> <span class='ocrx_word' id='word_1_477' title='bbox 804 3302 1179 3373; x_wconf 83' lang='lat' dir='ltr'><strong>interrogabat</strong></span> <span class='ocrx_word' id='word_1_478' title='bbox 1216 3308 1370 3376; x_wconf 84' lang='lat' dir='ltr'><strong>pater</strong></span> <span class='ocrx_word' id='word_1_479' title='bbox 1389 3301 1458 3357; x_wconf 87' lang='lat' dir='ltr'><strong>de</strong></span> <span class='ocrx_word' id='word_1_480' title='bbox 1479 3315 1592 3365; x_wconf 87' lang='lat' dir='ltr'><strong>me,</strong></span> <span class='ocrx_word' id='word_1_481' title='bbox 1616 3300 1878 3372; x_wconf 86' lang='lat' dir='ltr'><strong>quoniam</strong></span> <span class='ocrx_word' id='word_1_482' title='bbox 1901 3299 2040 3363; x_wconf 83' lang='lat' dir='ltr'><strong>vidit</strong></span> 
     </span>
    </p>
   </div>
   <div class='ocr_carea' id='block_1_65' title="bbox 459 3392 2037 3469">
    <p class='ocr_par' dir='ltr' id='par_1_65' title="bbox 459 3392 2037 3469">
     <span class='ocr_line' id='line_1_65' title="bbox 459 3392 2037 3469; baseline -0.003 -14"><span class='ocrx_word' id='word_1_483' title='bbox 459 3413 549 3462; x_wconf 89' lang='lat' dir='ltr'><strong>me</strong></span> <span class='ocrx_word' id='word_1_484' title='bbox 569 3398 806 3465; x_wconf 83' lang='lat' dir='ltr'><strong>tristem,</strong></span> <span class='ocrx_word' id='word_1_485' title='bbox 846 3407 902 3454; x_wconf 88' lang='lat' dir='ltr'><strong>et</strong></span> <span class='ocrx_word' id='word_1_486' title='bbox 935 3397 1217 3469; x_wconf 86' lang='lat' dir='ltr'><strong>dicebam:</strong></span> <span class='ocrx_word' id='word_1_487' title='bbox 1249 3415 1269 3448; x_wconf 79' lang='grc' dir='ltr'><strong>ι</strong></span> <span class='ocrx_word' id='word_1_488' title='bbox 1293 3394 1496 3466; x_wconf 81' lang='lat' dir='ltr'><strong>l-lepata</strong></span> <span class='ocrx_word' id='word_1_489' title='bbox 1531 3410 1651 3452; x_wconf 83' lang='lat' dir='ltr'><strong>mea</strong></span> <span class='ocrx_word' id='word_1_490' title='bbox 1675 3394 1889 3450; x_wconf 56' lang='lat' dir='ltr'><strong>doleoa</strong></span> <span class='ocrx_word' id='word_1_491' title='bbox 1913 3392 2037 3450; x_wconf 84' lang='lat' dir='ltr'><strong>Tri-</strong></span> 
     </span>
    </p>
   </div>
   <div class='ocr_carea' id='block_1_66' title="bbox 462 3489 2038 3561">
    <p class='ocr_par' dir='ltr' id='par_1_66' title="bbox 462 3489 2038 3561">
     <span class='ocr_line' id='line_1_66' title="bbox 462 3489 2038 3561; baseline -0.004 -14"><span class='ocrx_word' id='word_1_492' title='bbox 462 3491 650 3550; x_wconf 84' lang='lat' dir='ltr'><strong>stabar</strong></span> <span class='ocrx_word' id='word_1_493' title='bbox 675 3493 823 3548; x_wconf 86' lang='lat' dir='ltr'><strong>enim</strong></span> <span class='ocrx_word' id='word_1_494' title='bbox 842 3505 1008 3561; x_wconf 87' lang='lat' dir='ltr'><strong>supra</strong></span> <span class='ocrx_word' id='word_1_495' title='bbox 1032 3505 1246 3555; x_wconf 87' lang='lat' dir='ltr'><strong>omnes,</strong></span> <span class='ocrx_word' id='word_1_496' title='bbox 1263 3489 1527 3560; x_wconf 81' lang='lat' dir='ltr'><strong>quoniam</strong></span> <span class='ocrx_word' id='word_1_497' title='bbox 1559 3503 1660 3559; x_wconf 90' lang='lat' dir='ltr'><strong>ego</strong></span> <span class='ocrx_word' id='word_1_498' title='bbox 1692 3502 1844 3544; x_wconf 90' lang='lat' dir='ltr'><strong>eram</strong></span> <span class='ocrx_word' id='word_1_499' title='bbox 1869 3501 2038 3543; x_wconf 87' lang='lat' dir='ltr'><strong>causa</strong></span> 
     </span>
    </p>
   </div>
   <div class='ocr_carea' id='block_1_67' title="bbox 459 3577 2037 3656">
    <p class='ocr_par' dir='ltr' id='par_1_67' title="bbox 459 3577 2037 3656">
     <span class='ocr_line' id='line_1_67' title="bbox 459 3577 2037 3656; baseline -0.003 -18"><span class='ocrx_word' id='word_1_500' title='bbox 459 3585 791 3644; x_wconf 85' lang='lat' dir='ltr'><strong>venditionis</strong></span> <span class='ocrx_word' id='word_1_501' title='bbox 841 3581 1066 3654; x_wconf 80' lang='lat' dir='ltr'><strong>Joseph.</strong></span> <span class='ocrx_word' id='word_1_502' title='bbox 1169 3579 1236 3636; x_wconf 90' lang='lat' dir='ltr'><strong>Et</strong></span> <span class='ocrx_word' id='word_1_503' title='bbox 1279 3580 1500 3656; x_wconf 86' lang='lat' dir='ltr'><strong>quando</strong></span> <span class='ocrx_word' id='word_1_504' title='bbox 1558 3577 1940 3636; x_wconf 84' lang='lat' dir='ltr'><strong>descendimus</strong></span> <span class='ocrx_word' id='word_1_505' title='bbox 1981 3579 2037 3634; x_wconf 90' lang='lat' dir='ltr'><strong>in</strong></span> 
     </span>
    </p>
   </div>
   <div class='ocr_carea' id='block_1_68' title="bbox 465 3668 2038 3747">
    <p class='ocr_par' dir='ltr' id='par_1_68' title="bbox 465 3668 2038 3747">
     <span class='ocr_line' id='line_1_68' title="bbox 465 3668 2038 3747; baseline -0.007 -15"><span class='ocrx_word' id='word_1_506' title='bbox 465 3671 786 3747; x_wconf 62' lang='lat' dir='ltr'><strong>Egyptum,</strong></span> <span class='ocrx_word' id='word_1_507' title='bbox 811 3684 866 3729; x_wconf 90' lang='lat' dir='ltr'><strong>et</strong></span> <span class='ocrx_word' id='word_1_508' title='bbox 887 3674 1070 3744; x_wconf 85' lang='lat' dir='ltr'><strong>ligavit</strong></span> <span class='ocrx_word' id='word_1_509' title='bbox 1087 3687 1174 3727; x_wconf 92' lang='lat' dir='ltr'><strong>me</strong></span> <span class='ocrx_word' id='word_1_510' title='bbox 1191 3672 1339 3726; x_wconf 89' lang='lat' dir='ltr'><strong>velut</strong></span> <span class='ocrx_word' id='word_1_511' title='bbox 1362 3671 1786 3740; x_wconf 81' lang='lat' dir='ltr'><strong>exploratorem,</strong></span> <span class='ocrx_word' id='word_1_512' title='bbox 1809 3668 2038 3738; x_wconf 81' lang='lat' dir='ltr'><strong>cognovi</strong></span> 
     </span>
    </p>
   </div>
   <div class='ocr_carea' id='block_1_69' title="bbox 464 3760 2040 3842">
    <p class='ocr_par' dir='ltr' id='par_1_69' title="bbox 464 3760 2040 3842">
     <span class='ocr_line' id='line_1_69' title="bbox 464 3760 2040 3842; baseline -0.008 -14"><span class='ocrx_word' id='word_1_513' title='bbox 464 3767 612 3842; x_wconf 79' lang='lat' dir='ltr'><strong>quod</strong></span> <span class='ocrx_word' id='word_1_514' title='bbox 633 3767 781 3837; x_wconf 78' lang='lat' dir='ltr'><strong>iuste</strong></span> <span class='ocrx_word' id='word_1_515' title='bbox 817 3766 1084 3837; x_wconf 85' lang='lat' dir='ltr'><strong>patiebar,</strong></span> <span class='ocrx_word' id='word_1_516' title='bbox 1132 3772 1322 3826; x_wconf 88' lang='lat' dir='ltr'><strong>etnon</strong></span> <span class='ocrx_word' id='word_1_517' title='bbox 1359 3779 1481 3822; x_wconf 90' lang='lat' dir='ltr'><strong>sum</strong></span> <span class='ocrx_word' id='word_1_518' title='bbox 1513 3763 1890 3821; x_wconf 88' lang='lat' dir='ltr'><strong>contristatus.</strong></span> <span class='ocrx_word' id='word_1_519' title='bbox 1940 3760 2040 3816; x_wconf 80' lang='lat' dir='ltr'><strong>Jo-</strong></span> 
     </span>
    </p>
   </div>
   <div class='ocr_carea' id='block_1_70' title="bbox 465 3851 2040 3931">
    <p class='ocr_par' dir='ltr' id='par_1_70' title="bbox 465 3851 2040 3931">
     <span class='ocr_line' id='line_1_70' title="bbox 465 3851 2040 3931; baseline -0.007 -15"><span class='ocrx_word' id='word_1_520' title='bbox 465 3862 600 3931; x_wconf 78' lang='lat' dir='ltr'><strong>seph</strong></span> <span class='ocrx_word' id='word_1_521' title='bbox 636 3876 766 3916; x_wconf 84' lang='lat' dir='ltr'><strong>vero</strong></span> <span class='ocrx_word' id='word_1_522' title='bbox 790 3865 910 3914; x_wconf 86' lang='lat' dir='ltr'><strong>erat</strong></span> <span class='ocrx_word' id='word_1_523' title='bbox 941 3858 1024 3912; x_wconf 89' lang='lat' dir='ltr'><strong>vir</strong></span> <span class='ocrx_word' id='word_1_524' title='bbox 1053 3857 1265 3922; x_wconf 85' lang='lat' dir='ltr'><strong>bonus;</strong></span> <span class='ocrx_word' id='word_1_525' title='bbox 1305 3865 1360 3911; x_wconf 88' lang='lat' dir='ltr'><strong>et</strong></span> <span class='ocrx_word' id='word_1_526' title='bbox 1384 3855 1592 3910; x_wconf 83' lang='lat' dir='ltr'><strong>habens</strong></span> <span class='ocrx_word' id='word_1_527' title='bbox 1623 3853 1890 3925; x_wconf 86' lang='lat' dir='ltr'><strong>Spiritum</strong></span> <span class='ocrx_word' id='word_1_528' title='bbox 1945 3851 2040 3910; x_wconf 90' lang='lat' dir='ltr'><strong>Dei</strong></span> 
     </span>
    </p>
   </div>
   <div class='ocr_carea' id='block_1_71' title="bbox 468 3945 2042 4024">
    <p class='ocr_par' dir='ltr' id='par_1_71' title="bbox 468 3945 2042 4024">
     <span class='ocr_line' id='line_1_71' title="bbox 468 3945 2042 4024; baseline -0.004 -17"><span class='ocrx_word' id='word_1_529' title='bbox 468 3953 524 4016; x_wconf 82' lang='lat' dir='ltr'><strong>in</strong></span> <span class='ocrx_word' id='word_1_530' title='bbox 551 3953 756 4024; x_wconf 90' lang='lat' dir='ltr'><strong>seipso,</strong></span> <span class='ocrx_word' id='word_1_531' title='bbox 791 3949 1106 4006; x_wconf 89' lang='lat' dir='ltr'><strong>misericors</strong></span> <span class='ocrx_word' id='word_1_532' title='bbox 1134 3956 1189 4003; x_wconf 87' lang='lat' dir='ltr'><strong>et</strong></span> <span class='ocrx_word' id='word_1_533' title='bbox 1236 3947 1498 4009; x_wconf 89' lang='lat' dir='ltr'><strong>clemens,</strong></span> <span class='ocrx_word' id='word_1_534' title='bbox 1558 3961 1668 4000; x_wconf 90' lang='lat' dir='ltr'><strong>non</strong></span> <span class='ocrx_word' id='word_1_535' title='bbox 1720 3945 2042 4001; x_wconf 87' lang='lat' dir='ltr'><strong>recordatus</strong></span> 
     </span>
    </p>
   </div>
   <div class='ocr_carea' id='block_1_72' title="bbox 468 4037 2044 4106">
    <p class='ocr_par' dir='ltr' id='par_1_72' title="bbox 468 4037 2044 4106">
     <span class='ocr_line' id='line_1_72' title="bbox 468 4037 2044 4106; baseline -0.007 -2"><span class='ocrx_word' id='word_1_536' title='bbox 468 4053 557 4104; x_wconf 84' lang='lat' dir='ltr'><strong>est</strong></span> <span class='ocrx_word' id='word_1_537' title='bbox 589 4043 772 4098; x_wconf 88' lang='lat' dir='ltr'><strong>facere</strong></span> <span class='ocrx_word' id='word_1_538' title='bbox 796 4041 1000 4096; x_wconf 89' lang='lat' dir='ltr'><strong>malum</strong></span> <span class='ocrx_word' id='word_1_539' title='bbox 1030 4039 1188 4106; x_wconf 85' lang='lat' dir='ltr'><strong>mihi,</strong></span> <span class='ocrx_word' id='word_1_540' title='bbox 1211 4038 1304 4099; x_wconf 83' lang='lat' dir='ltr'><strong>sed</strong></span> <span class='ocrx_word' id='word_1_541' title='bbox 1330 4049 1387 4094; x_wconf 90' lang='lat' dir='ltr'><strong>et</strong></span> <span class='ocrx_word' id='word_1_542' title='bbox 1420 4037 1611 4092; x_wconf 82' lang='lat' dir='ltr'><strong>dilexit</strong></span> <span class='ocrx_word' id='word_1_543' title='bbox 1654 4052 1741 4092; x_wconf 89' lang='lat' dir='ltr'><strong>me</strong></span> <span class='ocrx_word' id='word_1_544' title='bbox 1792 4046 1854 4092; x_wconf 90' lang='lat' dir='ltr'><strong>ut</strong></span> <span class='ocrx_word' id='word_1_545' title='bbox 1901 4039 2044 4094; x_wconf 88' lang='lat' dir='ltr'><strong>alios</strong></span> 
     </span>
    </p>
   </div>
   <div class='ocr_carea' id='block_1_73' title="bbox 467 4129 2044 4202">
    <p class='ocr_par' dir='ltr' id='par_1_73' title="bbox 467 4129 2044 4202">
     <span class='ocr_line' id='line_1_73' title="bbox 467 4129 2044 4202; baseline -0.005 -10"><span class='ocrx_word' id='word_1_546' title='bbox 467 4136 690 4194; x_wconf 88' lang='lat' dir='ltr'><strong>fratres.</strong></span> <span class='ocrx_word' id='word_1_547' title='bbox 720 4133 1005 4189; x_wconf 86' lang='lat' dir='ltr'><strong>Custodite</strong></span> <span class='ocrx_word' id='word_1_548' title='bbox 1033 4131 1199 4202; x_wconf 84' lang='lat' dir='ltr'><strong>igitur</strong></span> <span class='ocrx_word' id='word_1_549' title='bbox 1225 4144 1346 4196; x_wconf 79' lang='lat' dir='ltr'><strong>vos,</strong></span> <span class='ocrx_word' id='word_1_550' title='bbox 1376 4129 1470 4182; x_wconf 89' lang='lat' dir='ltr'><strong>lilii</strong></span> <span class='ocrx_word' id='word_1_551' title='bbox 1498 4129 1626 4196; x_wconf 88' lang='lat' dir='ltr'><strong>mei,</strong></span> <span class='ocrx_word' id='word_1_552' title='bbox 1652 4129 1722 4184; x_wconf 91' lang='lat' dir='ltr'><strong>ab</strong></span> <span class='ocrx_word' id='word_1_553' title='bbox 1751 4129 1902 4184; x_wconf 91' lang='lat' dir='ltr'><strong>omni</strong></span> <span class='ocrx_word' id='word_1_554' title='bbox 1925 4130 2044 4184; x_wconf 87' lang='lat' dir='ltr'><strong>zelo</strong></span> 
     </span>
    </p>
   </div>
   <div class='ocr_carea' id='block_1_74' title="bbox 467 4221 2044 4294">
    <p class='ocr_par' dir='ltr' id='par_1_74' title="bbox 467 4221 2044 4294">
     <span class='ocr_line' id='line_1_74' title="bbox 467 4221 2044 4294; baseline -0.006 -9"><span class='ocrx_word' id='word_1_555' title='bbox 467 4239 525 4286; x_wconf 88' lang='lat' dir='ltr'><strong>et</strong></span> <span class='ocrx_word' id='word_1_556' title='bbox 558 4227 786 4290; x_wconf 84' lang='lat' dir='ltr'><strong>invidia,</strong></span> <span class='ocrx_word' id='word_1_557' title='bbox 817 4235 870 4284; x_wconf 90' lang='lat' dir='ltr'><strong>et</strong></span> <span class='ocrx_word' id='word_1_558' title='bbox 895 4223 1172 4282; x_wconf 84' lang='lat' dir='ltr'><strong>ambulate</strong></span> <span class='ocrx_word' id='word_1_559' title='bbox 1200 4223 1254 4276; x_wconf 94' lang='lat' dir='ltr'><strong>in</strong></span> <span class='ocrx_word' id='word_1_560' title='bbox 1281 4221 1634 4294; x_wconf 86' lang='lat' dir='ltr'><strong>simplicitate</strong></span> <span class='ocrx_word' id='word_1_561' title='bbox 1667 4221 1866 4278; x_wconf 64' lang='lat' dir='ltr'><strong>animae</strong></span> <span class='ocrx_word' id='word_1_562' title='bbox 1895 4230 1950 4278; x_wconf 89' lang='lat' dir='ltr'><strong>et</strong></span> <span class='ocrx_word' id='word_1_563' title='bbox 1987 4222 2044 4279; x_wconf 89' lang='lat' dir='ltr'><strong>iu</strong></span> 
     </span>
    </p>
   </div>
   <div class='ocr_carea' id='block_1_75' title="bbox 453 4313 2044 4402">
    <p class='ocr_par' dir='ltr' id='par_1_75' title="bbox 453 4313 2044 4402">
     <span class='ocr_line' id='line_1_75' title="bbox 453 4313 2044 4402; baseline -0.007 -20"><span class='ocrx_word' id='word_1_564' title='bbox 453 4321 613 4402; x_wconf 43' lang='grc' dir='ltr'><strong>,δοηο</strong></span> <span class='ocrx_word' id='word_1_565' title='bbox 629 4318 816 4385; x_wconf 88' lang='lat' dir='ltr'><strong>corde,</strong></span> <span class='ocrx_word' id='word_1_566' title='bbox 853 4318 1159 4385; x_wconf 76' lang='lat' dir='ltr'><strong>cogitantes</strong></span> <span class='ocrx_word' id='word_1_567' title='bbox 1184 4313 1406 4370; x_wconf 90' lang='lat' dir='ltr'><strong>fratrem</strong></span> <span class='ocrx_word' id='word_1_568' title='bbox 1443 4315 1616 4385; x_wconf 87' lang='lat' dir='ltr'><strong>patris</strong></span> <span class='ocrx_word' id='word_1_569' title='bbox 1647 4315 1836 4380; x_wconf 88' lang='lat' dir='ltr'><strong>vestri,</strong></span> <span class='ocrx_word' id='word_1_570' title='bbox 1865 4325 1925 4370; x_wconf 91' lang='lat' dir='ltr'><strong>ut</strong></span> <span class='ocrx_word' id='word_1_571' title='bbox 1951 4316 2044 4371; x_wconf 87' lang='lat' dir='ltr'><strong>det</strong></span> 
     </span>
    </p>
   </div>
   <div class='ocr_carea' id='block_1_76' title="bbox 2143 3118 3727 3204">
    <p class='ocr_par' dir='ltr' id='par_1_76' title="bbox 2143 3118 3727 3204">
     <span class='ocr_line' id='line_1_76' title="bbox 2143 3118 3727 3204; baseline -0.016 -8"><span class='ocrx_word' id='word_1_572' title='bbox 2143 3159 2263 3200; x_wconf 85' lang='grc' dir='ltr'>σκει</span> <span class='ocrx_word' id='word_1_573' title='bbox 2285 3139 2394 3192; x_wconf 85' lang='grc' dir='ltr'><strong>τῶν</strong></span> <span class='ocrx_word' id='word_1_574' title='bbox 2421 3130 2761 3204; x_wconf 72' lang='grc' dir='ltr'>ἀγαταῦντων</span> <span class='ocrx_word' id='word_1_575' title='bbox 2795 3127 2907 3199; x_wconf 85' lang='grc'>(85)</span> <span class='ocrx_word' id='word_1_576' title='bbox 2947 3124 3131 3190; x_wconf 82' lang='grc' dir='ltr'>αὑτὸν,</span> <span class='ocrx_word' id='word_1_577' title='bbox 3168 3123 3266 3177; x_wconf 72' lang='grc' dir='ltr'>καὶ</span> <span class='ocrx_word' id='word_1_578' title='bbox 3295 3120 3468 3185; x_wconf 78' lang='grc' dir='ltr'>οὕτως</span> <span class='ocrx_word' id='word_1_579' title='bbox 3496 3118 3727 3172; x_wconf 83' lang='grc' dir='ltr'>παύεται</span> 
     </span>
    </p>
   </div>
   <div class='ocr_carea' id='block_1_77' title="bbox 2135 3226 3488 3300">
    <p class='ocr_par' dir='ltr' id='par_1_77' title="bbox 2135 3226 3488 3300">
     <span class='ocr_line' id='line_1_77' title="bbox 2135 3226 3488 3300; baseline -0.011 -12"><span class='ocrx_word' id='word_1_580' title='bbox 2135 3231 2231 3288; x_wconf 84' lang='grc' dir='ltr'>τοῦ</span> <span class='ocrx_word' id='word_1_581' title='bbox 2253 3226 2469 3300; x_wconf 85' lang='grc' dir='ltr'>φθόνου.</span> <span class='ocrx_word' id='word_1_582' title='bbox 3485 3229 3488 3233; x_wconf 85' lang='grc'><em>’</em></span> 
     </span>
    </p>
   </div>
   <div class='ocr_carea' id='block_1_78' title="bbox 2209 3299 3728 3388">
    <p class='ocr_par' dir='ltr' id='par_1_78' title="bbox 2209 3299 3728 3388">
     <span class='ocr_line' id='line_1_78' title="bbox 2209 3299 3728 3388; baseline -0.016 -12"><span class='ocrx_word' id='word_1_583' title='bbox 2209 3299 2282 3377; x_wconf 72' lang='grc' dir='ltr'><strong>Δθ.</strong></span> <span class='ocrx_word' id='word_1_584' title='bbox 2317 3339 2336 3372; x_wconf 77' lang='grc' dir='ltr'><strong>ι</strong></span> <span class='ocrx_word' id='word_1_585' title='bbox 2360 3311 2554 3388; x_wconf 78' lang='grc' dir='ltr'>Καὶῆν</span> <span class='ocrx_word' id='word_1_586' title='bbox 2575 3311 2796 3386; x_wconf 78' lang='grc' dir='ltr'>ἐρωτῶν</span> <span class='ocrx_word' id='word_1_587' title='bbox 2840 3313 2870 3365; x_wconf 91' lang='grc' dir='ltr'><strong>ό</strong></span> <span class='ocrx_word' id='word_1_588' title='bbox 2902 3308 3086 3378; x_wconf 72' lang='grc' dir='ltr'>πατὴρ</span> <span class='ocrx_word' id='word_1_589' title='bbox 3109 3307 3238 3379; x_wconf 78' lang='grc' dir='ltr'>περὶ</span> <span class='ocrx_word' id='word_1_590' title='bbox 3275 3301 3435 3376; x_wconf 80' lang='grc' dir='ltr'>ἐμοῦ,</span> <span class='ocrx_word' id='word_1_591' title='bbox 3467 3303 3549 3355; x_wconf 77' lang='grc' dir='ltr'>ὅτι</span> <span class='ocrx_word' id='word_1_592' title='bbox 3581 3299 3728 3371; x_wconf 86' lang='grc' dir='ltr'>ἐώρα</span> 
     </span>
    </p>
   </div>
   <div class='ocr_carea' id='block_1_79' title="bbox 2141 3394 3730 3485">
    <p class='ocr_par' dir='ltr' id='par_1_79' title="bbox 2141 3394 3730 3485">
     <span class='ocr_line' id='line_1_79' title="bbox 2141 3394 3730 3485; baseline -0.013 -19"><span class='ocrx_word' id='word_1_593' title='bbox 2141 3429 2208 3485; x_wconf 89' lang='grc' dir='ltr'><strong>με</strong></span> <span class='ocrx_word' id='word_1_594' title='bbox 2234 3407 2579 3481; x_wconf 77' lang='grc' dir='ltr'>σκυθρωπὸν,</span> <span class='ocrx_word' id='word_1_595' title='bbox 2603 3404 2698 3458; x_wconf 82' lang='grc' dir='ltr'>καὶ</span> <span class='ocrx_word' id='word_1_596' title='bbox 2714 3403 2900 3472; x_wconf 74' lang='grc' dir='ltr'>ἔλεγον</span> <span class='ocrx_word' id='word_1_597' title='bbox 2920 3417 2934 3431; x_wconf 87' lang='grc'><strong>·</strong></span> <span class='ocrx_word' id='word_1_598' title='bbox 2969 3419 2989 3452; x_wconf 77' lang='grc' dir='ltr'><strong>ι</strong></span> <span class='ocrx_word' id='word_1_599' title='bbox 3011 3399 3092 3452; x_wconf 82' lang='grc' dir='ltr'><strong>Τὰ</strong></span> <span class='ocrx_word' id='word_1_600' title='bbox 3110 3397 3300 3470; x_wconf 76' lang='grc' dir='ltr'>ἠπατά</span> <span class='ocrx_word' id='word_1_601' title='bbox 3327 3413 3428 3468; x_wconf 87' lang='grc' dir='ltr'><strong>μου</strong></span> <span class='ocrx_word' id='word_1_602' title='bbox 3449 3394 3622 3449; x_wconf 81' lang='grc' dir='ltr'>κακοῦ</span> <span class='ocrx_word' id='word_1_603' title='bbox 3631 3411 3730 3465; x_wconf 88' lang='grc' dir='ltr'><strong>μαι</strong></span> 
     </span>
    </p>
   </div>
   <div class='ocr_carea' id='block_1_80' title="bbox 2137 3487 3728 3574">
    <p class='ocr_par' dir='ltr' id='par_1_80' title="bbox 2137 3487 3728 3574">
     <span class='ocr_line' id='line_1_80' title="bbox 2137 3487 3728 3574; baseline -0.013 -16"><span class='ocrx_word' id='word_1_604' title='bbox 2137 3503 2268 3574; x_wconf 85' lang='grc' dir='ltr'>ἐγώ.</span> <span class='ocrx_word' id='word_1_605' title='bbox 2284 3522 2305 3555; x_wconf 69' lang='grc' dir='ltr'><strong>ι</strong></span> <span class='ocrx_word' id='word_1_606' title='bbox 2322 3497 2611 3556; x_wconf 81' lang='grc' dir='ltr'>Ἑπένθουν</span> <span class='ocrx_word' id='word_1_607' title='bbox 2643 3495 2756 3566; x_wconf 80' lang='grc' dir='ltr'>γὰρ</span> <span class='ocrx_word' id='word_1_608' title='bbox 2779 3491 2931 3563; x_wconf 81' lang='grc' dir='ltr'><strong>παρά</strong></span> <span class='ocrx_word' id='word_1_609' title='bbox 2956 3491 3196 3555; x_wconf 81' lang='grc' dir='ltr'>πάντας,</span> <span class='ocrx_word' id='word_1_610' title='bbox 3223 3489 3306 3542; x_wconf 76' lang='grc' dir='ltr'>ὅτι</span> <span class='ocrx_word' id='word_1_611' title='bbox 3333 3487 3446 3556; x_wconf 75' lang='grc' dir='ltr'>ἐγὼ</span> <span class='ocrx_word' id='word_1_612' title='bbox 3468 3488 3616 3558; x_wconf 73' lang='grc' dir='ltr'>ήμην</span> <span class='ocrx_word' id='word_1_613' title='bbox 3641 3487 3728 3539; x_wconf 78' lang='grc' dir='ltr'><strong>αι’-</strong></span> 
     </span>
    </p>
   </div>
   <div class='ocr_carea' id='block_1_81' title="bbox 2137 3581 3729 3668">
    <p class='ocr_par' dir='ltr' id='par_1_81' title="bbox 2137 3581 3729 3668">
     <span class='ocr_line' id='line_1_81' title="bbox 2137 3581 3729 3668; baseline -0.013 -16"><span class='ocrx_word' id='word_1_614' title='bbox 2137 3596 2361 3668; x_wconf 74' lang='grc' dir='ltr'>τιοςτῆς</span> <span class='ocrx_word' id='word_1_615' title='bbox 2381 3593 2640 3667; x_wconf 80' lang='grc' dir='ltr'>πράσεως</span> <span class='ocrx_word' id='word_1_616' title='bbox 2677 3589 2895 3659; x_wconf 82' lang='grc' dir='ltr'>Ἰωσήφ.</span> <span class='ocrx_word' id='word_1_617' title='bbox 2964 3586 3074 3640; x_wconf 75' lang='grc' dir='ltr'><strong>Καὶ</strong></span> <span class='ocrx_word' id='word_1_618' title='bbox 3133 3585 3222 3637; x_wconf 77' lang='grc' dir='ltr'>ὅτε</span> <span class='ocrx_word' id='word_1_619' title='bbox 3273 3581 3589 3653; x_wconf 72' lang='grc' dir='ltr'>κατέϐημεν</span> <span class='ocrx_word' id='word_1_620' title='bbox 3647 3583 3729 3643; x_wconf 82' lang='grc' dir='ltr'>εἰς</span> 
     </span>
    </p>
   </div>
   <div class='ocr_carea' id='block_1_82' title="bbox 2139 3675 3730 3760">
    <p class='ocr_par' dir='ltr' id='par_1_82' title="bbox 2139 3675 3730 3760">
     <span class='ocr_line' id='line_1_82' title="bbox 2139 3675 3730 3760; baseline -0.014 -14"><span class='ocrx_word' id='word_1_621' title='bbox 2139 3692 2434 3760; x_wconf 73' lang='grc' dir='ltr'>Αἴγυπτον,</span> <span class='ocrx_word' id='word_1_622' title='bbox 2468 3686 2568 3738; x_wconf 76' lang='grc' dir='ltr'>καὶ</span> <span class='ocrx_word' id='word_1_623' title='bbox 2594 3682 2754 3754; x_wconf 80' lang='grc' dir='ltr'>ἐδησέ</span> <span class='ocrx_word' id='word_1_624' title='bbox 2791 3697 2857 3752; x_wconf 89' lang='grc' dir='ltr'>με</span> <span class='ocrx_word' id='word_1_625' title='bbox 2884 3679 2962 3742; x_wconf 84' lang='grc' dir='ltr'>ὼς</span> <span class='ocrx_word' id='word_1_626' title='bbox 3007 3677 3378 3741; x_wconf 84' lang='grc' dir='ltr'>κατάσκοπον,</span> <span class='ocrx_word' id='word_1_627' title='bbox 3425 3675 3601 3745; x_wconf 75' lang='grc' dir='ltr'>ἔγνων</span> <span class='ocrx_word' id='word_1_628' title='bbox 3648 3676 3730 3728; x_wconf 78' lang='grc' dir='ltr'>ὅτι</span> 
     </span>
    </p>
   </div>
   <div class='ocr_carea' id='block_1_83' title="bbox 2141 3763 3731 3850">
    <p class='ocr_par' dir='ltr' id='par_1_83' title="bbox 2141 3763 3731 3850">
     <span class='ocr_line' id='line_1_83' title="bbox 2141 3763 3731 3850; baseline -0.013 -11"><span class='ocrx_word' id='word_1_629' title='bbox 2141 3781 2364 3845; x_wconf 75' lang='grc' dir='ltr'>δικαίως</span> <span class='ocrx_word' id='word_1_630' title='bbox 2395 3781 2610 3850; x_wconf 84' lang='grc' dir='ltr'>πάσχω,</span> <span class='ocrx_word' id='word_1_631' title='bbox 2639 3775 2735 3831; x_wconf 79' lang='grc' dir='ltr'>καὶ</span> <span class='ocrx_word' id='word_1_632' title='bbox 2780 3774 2881 3829; x_wconf 76' lang='grc' dir='ltr'>οὐκ</span> <span class='ocrx_word' id='word_1_633' title='bbox 2928 3770 3264 3842; x_wconf 79' lang='grc' dir='ltr'>ἐλυπούμην.</span> <span class='ocrx_word' id='word_1_634' title='bbox 3315 3767 3518 3839; x_wconf 81' lang='grc' dir='ltr'>Ἰωσὴφ</span> <span class='ocrx_word' id='word_1_635' title='bbox 3562 3767 3622 3820; x_wconf 85' lang='grc' dir='ltr'>δὲ</span> <span class='ocrx_word' id='word_1_636' title='bbox 3664 3763 3731 3837; x_wconf 80' lang='grc' dir='ltr'>ἦν</span> 
     </span>
    </p>
   </div>
   <div class='ocr_carea' id='block_1_84' title="bbox 2140 3858 3731 3948">
    <p class='ocr_par' dir='ltr' id='par_1_84' title="bbox 2140 3858 3731 3948">
     <span class='ocr_line' id='line_1_84' title="bbox 2140 3858 3731 3948; baseline -0.013 -16"><span class='ocrx_word' id='word_1_637' title='bbox 2140 3875 2282 3948; x_wconf 73' lang='grc' dir='ltr'>ἀνὴρ</span> <span class='ocrx_word' id='word_1_638' title='bbox 2315 3871 2540 3942; x_wconf 82' lang='grc' dir='ltr'>ἀγαθὸς,</span> <span class='ocrx_word' id='word_1_639' title='bbox 2566 3869 2660 3924; x_wconf 73' lang='grc' dir='ltr'>καὶ</span> <span class='ocrx_word' id='word_1_640' title='bbox 2683 3867 2824 3938; x_wconf 68' lang='grc' dir='ltr'>ἔχων</span> <span class='ocrx_word' id='word_1_641' title='bbox 2848 3865 3071 3936; x_wconf 85' lang='grc' dir='ltr'>πνεῦμα</span> <span class='ocrx_word' id='word_1_642' title='bbox 3115 3861 3253 3917; x_wconf 85' lang='grc' dir='ltr'><strong>Θεοῦ</strong></span> <span class='ocrx_word' id='word_1_643' title='bbox 3307 3862 3368 3914; x_wconf 78' lang='grc' dir='ltr'><strong>ἐν</strong></span> <span class='ocrx_word' id='word_1_644' title='bbox 3417 3859 3570 3932; x_wconf 83' lang='grc' dir='ltr'><strong>αὐτῷ</strong></span> <span class='ocrx_word' id='word_1_645' title='bbox 3591 3902 3606 3926; x_wconf 90' lang='grc'><strong>,</strong></span> <span class='ocrx_word' id='word_1_646' title='bbox 3643 3858 3731 3912; x_wconf 74' lang='grc' dir='ltr'><strong>εὖ-</strong></span> 
     </span>
    </p>
   </div>
   <div class='ocr_carea' id='block_1_85' title="bbox 2145 3950 3732 4036">
    <p class='ocr_par' dir='ltr' id='par_1_85' title="bbox 2145 3950 3732 4036">
     <span class='ocr_line' id='line_1_85' title="bbox 2145 3950 3732 4036; baseline -0.011 -16"><span class='ocrx_word' id='word_1_647' title='bbox 2145 3967 2451 4036; x_wconf 84' lang='grc' dir='ltr'>σπλαγχνος</span> <span class='ocrx_word' id='word_1_648' title='bbox 2477 3962 2573 4016; x_wconf 75' lang='grc' dir='ltr'>καὶ</span> <span class='ocrx_word' id='word_1_649' title='bbox 2604 3960 2870 4032; x_wconf 80' lang='grc' dir='ltr'>ἐλεήμων,</span> <span class='ocrx_word' id='word_1_650' title='bbox 2900 3958 3002 4011; x_wconf 79' lang='grc' dir='ltr'>οὐκ</span> <span class='ocrx_word' id='word_1_651' title='bbox 3025 3953 3433 4027; x_wconf 72' lang='grc' dir='ltr'>ἐμνησικάκησε</span> <span class='ocrx_word' id='word_1_652' title='bbox 3467 3969 3579 4022; x_wconf 84' lang='grc' dir='ltr'>μοι,</span> <span class='ocrx_word' id='word_1_653' title='bbox 3598 3950 3732 4004; x_wconf 83' lang='grc' dir='ltr'><strong>ἀλλά</strong></span> 
     </span>
    </p>
   </div>
   <div class='ocr_carea' id='block_1_86' title="bbox 2144 4043 3729 4130">
    <p class='ocr_par' dir='ltr' id='par_1_86' title="bbox 2144 4043 3729 4130">
     <span class='ocr_line' id='line_1_86' title="bbox 2144 4043 3729 4130; baseline -0.011 -17"><span class='ocrx_word' id='word_1_654' title='bbox 2144 4058 2238 4114; x_wconf 74' lang='grc' dir='ltr'>καὶ</span> <span class='ocrx_word' id='word_1_655' title='bbox 2255 4053 2508 4130; x_wconf 81' lang='grc' dir='ltr'>ήγὰπησέ</span> <span class='ocrx_word' id='word_1_656' title='bbox 2533 4071 2620 4125; x_wconf 83' lang='grc' dir='ltr'><strong>με,</strong></span> <span class='ocrx_word' id='word_1_657' title='bbox 2642 4052 2717 4115; x_wconf 78' lang='grc' dir='ltr'>ὡς</span> <span class='ocrx_word' id='word_1_658' title='bbox 2741 4052 2870 4114; x_wconf 81' lang='grc' dir='ltr'>τοὺς</span> <span class='ocrx_word' id='word_1_659' title='bbox 2890 4049 3084 4111; x_wconf 80' lang='grc' dir='ltr'>ἄλλους</span> <span class='ocrx_word' id='word_1_660' title='bbox 3113 4045 3394 4116; x_wconf 84' lang='grc' dir='ltr'>ἀδελφούς.</span> <span class='ocrx_word' id='word_1_661' title='bbox 3417 4043 3729 4108; x_wconf 77' lang='grc' dir='ltr'>Φυλάξασθε</span> 
     </span>
    </p>
   </div>
   <div class='ocr_carea' id='block_1_87' title="bbox 2143 4135 3734 4217">
    <p class='ocr_par' dir='ltr' id='par_1_87' title="bbox 2143 4135 3734 4217">
     <span class='ocr_line' id='line_1_87' title="bbox 2143 4135 3734 4217; baseline -0.011 -14"><span class='ocrx_word' id='word_1_662' title='bbox 2143 4143 2442 4212; x_wconf 77' lang='grc' dir='ltr'>οὗν,τέκνα</span> <span class='ocrx_word' id='word_1_663' title='bbox 2478 4161 2603 4217; x_wconf 85' lang='grc' dir='ltr'>μου,</span> <span class='ocrx_word' id='word_1_664' title='bbox 2640 4143 2749 4198; x_wconf 84' lang='grc' dir='ltr'>ἀπὸ</span> <span class='ocrx_word' id='word_1_665' title='bbox 2796 4139 2999 4203; x_wconf 80' lang='grc' dir='ltr'>παντὸς</span> <span class='ocrx_word' id='word_1_666' title='bbox 3027 4138 3192 4210; x_wconf 78' lang='grc' dir='ltr'>ζήλου</span> <span class='ocrx_word' id='word_1_667' title='bbox 3221 4137 3314 4192; x_wconf 79' lang='grc' dir='ltr'>καὶ</span> <span class='ocrx_word' id='word_1_668' title='bbox 3362 4135 3561 4206; x_wconf 79' lang='grc' dir='ltr'>φθόνου</span> <span class='ocrx_word' id='word_1_669' title='bbox 3582 4176 3598 4199; x_wconf 92' lang='grc'><strong>,</strong></span> <span class='ocrx_word' id='word_1_670' title='bbox 3641 4136 3734 4188; x_wconf 76' lang='grc' dir='ltr'>καὶ</span> 
     </span>
    </p>
   </div>
   <div class='ocr_carea' id='block_1_88' title="bbox 2146 4226 3730 4311">
    <p class='ocr_par' dir='ltr' id='par_1_88' title="bbox 2146 4226 3730 4311">
     <span class='ocr_line' id='line_1_88' title="bbox 2146 4226 3730 4311; baseline -0.01 -17"><span class='ocrx_word' id='word_1_671' title='bbox 2146 4239 2444 4311; x_wconf 85' lang='grc' dir='ltr'>πορεύεσθε</span> <span class='ocrx_word' id='word_1_672' title='bbox 2472 4239 2532 4291; x_wconf 86' lang='grc' dir='ltr'><strong>ἐν</strong></span> <span class='ocrx_word' id='word_1_673' title='bbox 2563 4235 2826 4306; x_wconf 77' lang='grc' dir='ltr'>ἁπλότητι</span> <span class='ocrx_word' id='word_1_674' title='bbox 2851 4232 3051 4303; x_wconf 77' lang='grc' dir='ltr'>ψυχῆς,</span> <span class='ocrx_word' id='word_1_675' title='bbox 3082 4231 3180 4284; x_wconf 76' lang='grc' dir='ltr'>καὶ</span> <span class='ocrx_word' id='word_1_676' title='bbox 3211 4231 3269 4284; x_wconf 71' lang='grc' dir='ltr'><strong>ἐν</strong></span> <span class='ocrx_word' id='word_1_677' title='bbox 3295 4228 3476 4298; x_wconf 80' lang='grc' dir='ltr'>ἀγαθῇ</span> <span class='ocrx_word' id='word_1_678' title='bbox 3511 4226 3730 4297; x_wconf 70' lang='grc' dir='ltr'>καρδία,</span> 
     </span>
    </p>
   </div>
   <div class='ocr_carea' id='block_1_89' title="bbox 2145 4318 3736 4398">
    <p class='ocr_par' dir='ltr' id='par_1_89' title="bbox 2145 4318 3736 4398">
     <span class='ocr_line' id='line_1_89' title="bbox 2145 4318 3736 4398; baseline -0.008 -13"><span class='ocrx_word' id='word_1_679' title='bbox 2145 4328 2451 4393; x_wconf 74' lang='grc' dir='ltr'>ἐννοοῦντες</span> <span class='ocrx_word' id='word_1_680' title='bbox 2485 4328 2580 4383; x_wconf 86' lang='grc' dir='ltr'>τὸν</span> <span class='ocrx_word' id='word_1_681' title='bbox 2604 4323 2979 4398; x_wconf 84' lang='grc' dir='ltr'>πατράδελφον</span> <span class='ocrx_word' id='word_1_682' title='bbox 3018 4321 3174 4395; x_wconf 81' lang='grc' dir='ltr'><strong>ὑμῶν</strong></span> <span class='ocrx_word' id='word_1_683' title='bbox 3205 4320 3338 4393; x_wconf 83' lang='grc'>(86),</span> <span class='ocrx_word' id='word_1_684' title='bbox 3373 4321 3461 4373; x_wconf 75' lang='grc' dir='ltr'>ἵνα</span> <span class='ocrx_word' id='word_1_685' title='bbox 3493 4318 3608 4392; x_wconf 77' lang='grc' dir='ltr'><strong>δώῃ</strong></span> <span class='ocrx_word' id='word_1_686' title='bbox 3642 4320 3736 4372; x_wconf 73' lang='grc' dir='ltr'>καὶ</span> 
     </span>
    </p>
   </div>
   <div class='ocr_carea' id='block_1_90' title="bbox 469 4407 2036 4495">
    <p class='ocr_par' dir='ltr' id='par_1_90' title="bbox 469 4407 2036 4481">
     <span class='ocr_line' id='line_1_90' title="bbox 469 4407 2036 4481; baseline -0.004 -11"><span class='ocrx_word' id='word_1_687' title='bbox 469 4423 526 4470; x_wconf 84' lang='lat' dir='ltr'><strong>et</strong></span> <span class='ocrx_word' id='word_1_688' title='bbox 550 4411 704 4466; x_wconf 89' lang='lat' dir='ltr'><strong>vobis</strong></span> <span class='ocrx_word' id='word_1_689' title='bbox 725 4409 866 4466; x_wconf 90' lang='lat' dir='ltr'><strong>Deus</strong></span> <span class='ocrx_word' id='word_1_690' title='bbox 892 4409 1148 4481; x_wconf 68' lang='lat' dir='ltr'><strong>gratiam,</strong></span> <span class='ocrx_word' id='word_1_691' title='bbox 1172 4416 1224 4463; x_wconf 92' lang='lat' dir='ltr'><strong>et</strong></span> <span class='ocrx_word' id='word_1_692' title='bbox 1244 4407 1503 4478; x_wconf 84' lang='lat' dir='ltr'><strong>gloriam,</strong></span> <span class='ocrx_word' id='word_1_693' title='bbox 1527 4415 1584 4463; x_wconf 87' lang='lat' dir='ltr'><strong>et</strong></span> <span class='ocrx_word' id='word_1_694' title='bbox 1610 4407 2036 4464; x_wconf 76' lang='lat' dir='ltr'><strong>benedictionem</strong></span> 
     </span>
    </p>
   </div>
   <div class='ocr_carea' id='block_1_91' title="bbox 2137 4407 3735 4495">
    <p class='ocr_par' dir='ltr' id='par_1_91' title="bbox 2150 4412 3735 4495">
     <span class='ocr_line' id='line_1_91' title="bbox 2150 4412 3735 4495; baseline -0.008 -18"><span class='ocrx_word' id='word_1_695' title='bbox 2150 4425 2327 4495; x_wconf 72' lang='grc' dir='ltr'>ὑμῖνὸ</span> <span class='ocrx_word' id='word_1_696' title='bbox 2349 4421 2483 4485; x_wconf 85' lang='grc' dir='ltr'>Θεὸς</span> <span class='ocrx_word' id='word_1_697' title='bbox 2513 4420 2695 4492; x_wconf 84' lang='grc' dir='ltr'>χάριν,</span> <span class='ocrx_word' id='word_1_698' title='bbox 2724 4415 3036 4484; x_wconf 71' lang='grc' dir='ltr'>καὶδόξαν,</span> <span class='ocrx_word' id='word_1_699' title='bbox 3068 4415 3165 4471; x_wconf 68' lang='grc' dir='ltr'>καὶ</span> <span class='ocrx_word' id='word_1_700' title='bbox 3212 4415 3465 4482; x_wconf 81' lang='grc' dir='ltr'>εὐλογίαν</span> <span class='ocrx_word' id='word_1_701' title='bbox 3502 4415 3598 4468; x_wconf 74' lang='grc' dir='ltr'>ἐπὶ</span> <span class='ocrx_word' id='word_1_702' title='bbox 3636 4412 3735 4475; x_wconf 79' lang='grc' dir='ltr'><strong>τὰς</strong></span> 
     </span>
    </p>
   </div>
   <div class='ocr_carea' id='block_1_92' title="bbox 471 4499 2045 4574">
    <p class='ocr_par' dir='ltr' id='par_1_92' title="bbox 471 4499 2045 4574">
     <span class='ocr_line' id='line_1_92' title="bbox 471 4499 2045 4574; baseline -0.002 -13"><span class='ocrx_word' id='word_1_703' title='bbox 471 4520 641 4574; x_wconf 75' lang='lat' dir='ltr'><strong>super</strong></span> <span class='ocrx_word' id='word_1_704' title='bbox 667 4503 846 4572; x_wconf 88' lang='lat' dir='ltr'><strong>capita</strong></span> <span class='ocrx_word' id='word_1_705' title='bbox 882 4509 1084 4568; x_wconf 87' lang='lat' dir='ltr'><strong>vestra,</strong></span> <span class='ocrx_word' id='word_1_706' title='bbox 1117 4501 1263 4556; x_wconf 87' lang='lat' dir='ltr'><strong>sicut</strong></span> <span class='ocrx_word' id='word_1_707' title='bbox 1289 4499 1485 4557; x_wconf 84' lang='lat' dir='ltr'><strong>videtis</strong></span> <span class='ocrx_word' id='word_1_708' title='bbox 1509 4500 1564 4556; x_wconf 92' lang='lat' dir='ltr'><strong>in</strong></span> <span class='ocrx_word' id='word_1_709' title='bbox 1597 4499 1739 4572; x_wconf 88' lang='lat' dir='ltr'><strong>ipso.</strong></span> <span class='ocrx_word' id='word_1_710' title='bbox 1774 4499 2045 4558; x_wconf 83' lang='lat' dir='ltr'><strong>Omnibus</strong></span> 
     </span>
    </p>
   </div>
   <div class='ocr_carea' id='block_1_93' title="bbox 470 4591 2045 4664">
    <p class='ocr_par' dir='ltr' id='par_1_93' title="bbox 470 4591 2045 4664">
     <span class='ocr_line' id='line_1_93' title="bbox 470 4591 2045 4664; baseline -0.004 -11"><span class='ocrx_word' id='word_1_711' title='bbox 470 4597 667 4656; x_wconf 88' lang='lat' dir='ltr'><strong>diebus</strong></span> <span class='ocrx_word' id='word_1_712' title='bbox 690 4611 799 4651; x_wconf 90' lang='lat' dir='ltr'><strong>non</strong></span> <span class='ocrx_word' id='word_1_713' title='bbox 827 4592 1178 4664; x_wconf 81' lang='lat' dir='ltr'><strong>exprobravit</strong></span> <span class='ocrx_word' id='word_1_714' title='bbox 1205 4607 1304 4648; x_wconf 82' lang='lat' dir='ltr'><strong>nos</strong></span> <span class='ocrx_word' id='word_1_715' title='bbox 1328 4591 1397 4646; x_wconf 89' lang='lat' dir='ltr'><strong>de</strong></span> <span class='ocrx_word' id='word_1_716' title='bbox 1424 4591 1592 4646; x_wconf 90' lang='lat' dir='ltr'><strong>verbo</strong></span> <span class='ocrx_word' id='word_1_717' title='bbox 1627 4591 1750 4654; x_wconf 88' lang='lat' dir='ltr'><strong>hoc.</strong></span> <span class='ocrx_word' id='word_1_718' title='bbox 1781 4591 1873 4646; x_wconf 88' lang='lat' dir='ltr'><strong>sed</strong></span> <span class='ocrx_word' id='word_1_719' title='bbox 1906 4593 2045 4647; x_wconf 83' lang='lat' dir='ltr'><strong>dile-</strong></span> 
     </span>
    </p>
   </div>
   <div class='ocr_carea' id='block_1_94' title="bbox 470 4683 2048 4757">
    <p class='ocr_par' dir='ltr' id='par_1_94' title="bbox 470 4683 2048 4757">
     <span class='ocr_line' id='line_1_94' title="bbox 470 4683 2048 4757; baseline -0.004 -11"><span class='ocrx_word' id='word_1_720' title='bbox 470 4690 555 4752; x_wconf 80' lang='lat' dir='ltr'><strong>xit</strong></span> <span class='ocrx_word' id='word_1_721' title='bbox 583 4705 686 4748; x_wconf 88' lang='lat' dir='ltr'><strong>nos</strong></span> <span class='ocrx_word' id='word_1_722' title='bbox 715 4697 776 4742; x_wconf 91' lang='lat' dir='ltr'><strong>ut</strong></span> <span class='ocrx_word' id='word_1_723' title='bbox 802 4689 1043 4744; x_wconf 85' lang='lat' dir='ltr'><strong>animam</strong></span> <span class='ocrx_word' id='word_1_724' title='bbox 1072 4700 1254 4750; x_wconf 81' lang='lat' dir='ltr'><strong>suam,</strong></span> <span class='ocrx_word' id='word_1_725' title='bbox 1275 4694 1331 4740; x_wconf 88' lang='lat' dir='ltr'><strong>et</strong></span> <span class='ocrx_word' id='word_1_726' title='bbox 1357 4699 1524 4756; x_wconf 87' lang='lat' dir='ltr'><strong>supra</strong></span> <span class='ocrx_word' id='word_1_727' title='bbox 1555 4683 1696 4740; x_wconf 82' lang='lat' dir='ltr'><strong>filios</strong></span> <span class='ocrx_word' id='word_1_728' title='bbox 1719 4700 1850 4744; x_wconf 79' lang='lat' dir='ltr'><strong>suos</strong></span> <span class='ocrx_word' id='word_1_729' title='bbox 1880 4685 2048 4757; x_wconf 86' lang='lat' dir='ltr'><strong>glori-</strong></span> 
     </span>
    </p>
   </div>
   <div class='ocr_carea' id='block_1_95' title="bbox 471 4777 2048 4852">
    <p class='ocr_par' dir='ltr' id='par_1_95' title="bbox 471 4777 2048 4852">
     <span class='ocr_line' id='line_1_95' title="bbox 471 4777 2048 4852; baseline -0.004 -14"><span class='ocrx_word' id='word_1_730' title='bbox 471 4782 656 4840; x_wconf 73' lang='lat' dir='ltr'><strong>ﬁcavit</strong></span> <span class='ocrx_word' id='word_1_731' title='bbox 687 4797 824 4852; x_wconf 81' lang='lat' dir='ltr'><strong>nos;</strong></span> <span class='ocrx_word' id='word_1_732' title='bbox 856 4789 910 4840; x_wconf 89' lang='lat' dir='ltr'><strong>et</strong></span> <span class='ocrx_word' id='word_1_733' title='bbox 929 4778 1171 4845; x_wconf 82' lang='lat' dir='ltr'><strong>divitias,</strong></span> <span class='ocrx_word' id='word_1_734' title='bbox 1205 4786 1253 4832; x_wconf 87' lang='lat' dir='ltr'><strong>el</strong></span> <span class='ocrx_word' id='word_1_735' title='bbox 1284 4793 1505 4848; x_wconf 85' lang='lat' dir='ltr'><strong>pecora,</strong></span> <span class='ocrx_word' id='word_1_736' title='bbox 1535 4786 1591 4833; x_wconf 92' lang='lat' dir='ltr'><strong>et</strong></span> <span class='ocrx_word' id='word_1_737' title='bbox 1617 4777 1830 4834; x_wconf 86' lang='lat' dir='ltr'><strong>fructus</strong></span> <span class='ocrx_word' id='word_1_738' title='bbox 1868 4779 2048 4840; x_wconf 84' lang='lat' dir='ltr'><strong>omni-</strong></span> 
     </span>
    </p>
   </div>
   <div class='ocr_carea' id='block_1_96' title="bbox 470 4871 2046 4943">
    <p class='ocr_par' dir='ltr' id='par_1_96' title="bbox 470 4871 2046 4943">
     <span class='ocr_line' id='line_1_96' title="bbox 470 4871 2046 4943; baseline -0.003 -12"><span class='ocrx_word' id='word_1_739' title='bbox 470 4875 577 4931; x_wconf 81' lang='lat' dir='ltr'><strong>bus</strong></span> <span class='ocrx_word' id='word_1_740' title='bbox 608 4874 765 4930; x_wconf 82' lang='lat' dir='ltr'><strong>nobis</strong></span> <span class='ocrx_word' id='word_1_741' title='bbox 793 4872 1023 4942; x_wconf 84' lang='lat' dir='ltr'><strong>largitus</strong></span> <span class='ocrx_word' id='word_1_742' title='bbox 1051 4882 1152 4928; x_wconf 89' lang='lat' dir='ltr'><strong>est.</strong></span> <span class='ocrx_word' id='word_1_743' title='bbox 1187 4871 1255 4926; x_wconf 80' lang='lat' dir='ltr'><strong>Et</strong></span> <span class='ocrx_word' id='word_1_744' title='bbox 1275 4886 1372 4927; x_wconf 87' lang='lat' dir='ltr'><strong>vos</strong></span> <span class='ocrx_word' id='word_1_745' title='bbox 1399 4887 1548 4943; x_wconf 88' lang='lat' dir='ltr'><strong>ergo,</strong></span> <span class='ocrx_word' id='word_1_746' title='bbox 1579 4871 1674 4925; x_wconf 89' lang='lat' dir='ltr'><strong>lilii</strong></span> <span class='ocrx_word' id='word_1_747' title='bbox 1706 4872 1812 4927; x_wconf 86' lang='lat' dir='ltr'><strong>mei</strong></span> <span class='ocrx_word' id='word_1_748' title='bbox 1839 4871 2046 4938; x_wconf 85' lang='lat' dir='ltr'><strong>dilecti,</strong></span> 
     </span>
    </p>
   </div>
   <div class='ocr_carea' id='block_1_97' title="bbox 473 4962 2045 5038">
    <p class='ocr_par' dir='ltr' id='par_1_97' title="bbox 473 4962 2045 5038">
     <span class='ocr_line' id='line_1_97' title="bbox 473 4962 2045 5038; baseline -0.003 -14"><span class='ocrx_word' id='word_1_749' title='bbox 473 4965 684 5038; x_wconf 78' lang='lat' dir='ltr'><strong>diligite</strong></span> <span class='ocrx_word' id='word_1_750' title='bbox 709 4963 1090 5034; x_wconf 80' lang='lat' dir='ltr'><strong>unusquisque</strong></span> <span class='ocrx_word' id='word_1_751' title='bbox 1131 4962 1354 5022; x_wconf 74' lang='lat' dir='ltr'><strong>fratrem</strong></span> <span class='ocrx_word' id='word_1_752' title='bbox 1386 4979 1548 5018; x_wconf 89' lang='lat' dir='ltr'><strong>suum</strong></span> <span class='ocrx_word' id='word_1_753' title='bbox 1581 4963 1638 5017; x_wconf 91' lang='lat' dir='ltr'><strong>in</strong></span> <span class='ocrx_word' id='word_1_754' title='bbox 1666 4963 1812 5019; x_wconf 89' lang='lat' dir='ltr'><strong>bono</strong></span> <span class='ocrx_word' id='word_1_755' title='bbox 1857 4964 2045 5029; x_wconf 88' lang='lat' dir='ltr'><strong>corde,</strong></span> 
     </span>
    </p>
   </div>
   <div class='ocr_carea' id='block_1_98' title="bbox 472 5057 2052 5128">
    <p class='ocr_par' dir='ltr' id='par_1_98' title="bbox 472 5057 2052 5128">
     <span class='ocr_line' id='line_1_98' title="bbox 472 5057 2052 5128; baseline -0.003 -12"><span class='ocrx_word' id='word_1_756' title='bbox 472 5069 530 5116; x_wconf 89' lang='lat' dir='ltr'><strong>et</strong></span> <span class='ocrx_word' id='word_1_757' title='bbox 558 5068 806 5122; x_wconf 73' lang='lat' dir='ltr'><strong>amovele</strong></span> <span class='ocrx_word' id='word_1_758' title='bbox 833 5074 864 5112; x_wconf 89' lang='lat' dir='ltr'><strong>a</strong></span> <span class='ocrx_word' id='word_1_759' title='bbox 891 5057 1048 5119; x_wconf 82' lang='lat' dir='ltr'><strong>vobis</strong></span> <span class='ocrx_word' id='word_1_760' title='bbox 1091 5057 1345 5128; x_wconf 86' lang='lat' dir='ltr'><strong>spiritum</strong></span> <span class='ocrx_word' id='word_1_761' title='bbox 1373 5057 1617 5124; x_wconf 61' lang='lat' dir='ltr'><strong>invidiae,</strong></span> <span class='ocrx_word' id='word_1_762' title='bbox 1645 5059 1910 5127; x_wconf 88' lang='lat' dir='ltr'><strong>quoniam</strong></span> <span class='ocrx_word' id='word_1_763' title='bbox 1945 5058 2052 5112; x_wconf 82' lang='lat' dir='ltr'><strong>iste</strong></span> 
     </span>
    </p>
   </div>
   <div class='ocr_carea' id='block_1_99' title="bbox 477 5148 2047 5223">
    <p class='ocr_par' dir='ltr' id='par_1_99' title="bbox 477 5148 2047 5223">
     <span class='ocr_line' id='line_1_99' title="bbox 477 5148 2047 5223; baseline -0.001 -16"><span class='ocrx_word' id='word_1_764' title='bbox 477 5160 750 5223; x_wconf 88' lang='lat' dir='ltr'><strong>agrestem</strong></span> <span class='ocrx_word' id='word_1_765' title='bbox 800 5148 932 5208; x_wconf 85' lang='lat' dir='ltr'><strong>facit</strong></span> <span class='ocrx_word' id='word_1_766' title='bbox 956 5218 961 5222; x_wconf 23' lang='grc' dir='ltr'><strong>η</strong></span> <span class='ocrx_word' id='word_1_767' title='bbox 990 5151 1252 5214; x_wconf 85' lang='lat' dir='ltr'><strong>animam,</strong></span> <span class='ocrx_word' id='word_1_768' title='bbox 1280 5161 1332 5206; x_wconf 86' lang='lat' dir='ltr'><strong>et</strong></span> <span class='ocrx_word' id='word_1_769' title='bbox 1359 5149 1668 5220; x_wconf 85' lang='lat' dir='ltr'><strong>corrumpit</strong></span> <span class='ocrx_word' id='word_1_770' title='bbox 1695 5165 1895 5220; x_wconf 90' lang='lat' dir='ltr'><strong>corpus</strong></span> <span class='ocrx_word' id='word_1_771' title='bbox 1921 5191 1938 5216; x_wconf 88' lang='lat'><strong>,</strong></span> <span class='ocrx_word' id='word_1_772' title='bbox 1990 5151 2047 5206; x_wconf 89' lang='lat' dir='ltr'><strong>in</strong></span> 
     </span>
    </p>
   </div>
   <div class='ocr_carea' id='block_1_100' title="bbox 477 5243 2047 5315">
    <p class='ocr_par' dir='ltr' id='par_1_100' title="bbox 477 5243 2047 5315">
     <span class='ocr_line' id='line_1_100' title="bbox 477 5243 2047 5315; baseline 0 -13"><span class='ocrx_word' id='word_1_773' title='bbox 477 5246 615 5304; x_wconf 83' lang='lat' dir='ltr'><strong>iram</strong></span> <span class='ocrx_word' id='word_1_774' title='bbox 641 5254 695 5302; x_wconf 89' lang='lat' dir='ltr'><strong>et</strong></span> <span class='ocrx_word' id='word_1_775' title='bbox 717 5243 918 5300; x_wconf 83' lang='lat' dir='ltr'><strong>bellum</strong></span> <span class='ocrx_word' id='word_1_776' title='bbox 954 5243 1115 5298; x_wconf 89' lang='lat' dir='ltr'><strong>vertit</strong></span> <span class='ocrx_word' id='word_1_777' title='bbox 1137 5243 1451 5309; x_wconf 89' lang='lat' dir='ltr'><strong>consilium,</strong></span> <span class='ocrx_word' id='word_1_778' title='bbox 1508 5252 1564 5300; x_wconf 90' lang='lat' dir='ltr'><strong>et</strong></span> <span class='ocrx_word' id='word_1_779' title='bbox 1621 5243 1675 5299; x_wconf 92' lang='lat' dir='ltr'><strong>in</strong></span> <span class='ocrx_word' id='word_1_780' title='bbox 1729 5246 2047 5315; x_wconf 85' lang='lat' dir='ltr'><strong>sanguinem</strong></span> 
     </span>
    </p>
   </div>
   <div class='ocr_carea' id='block_1_101' title="bbox 479 5321 2052 5426">
    <p class='ocr_par' dir='ltr' id='par_1_101' title="bbox 479 5321 2052 5426">
     <span class='ocr_line' id='line_1_101' title="bbox 479 5321 2052 5426; baseline 0.002 -33"><span class='ocrx_word' id='word_1_781' title='bbox 479 5337 701 5411; x_wconf 70' lang='lat' dir='ltr'><strong>(caedes)</strong></span> <span class='ocrx_word' id='word_1_782' title='bbox 734 5337 970 5403; x_wconf 83' lang='lat' dir='ltr'><strong>exacuit,</strong></span> <span class='ocrx_word' id='word_1_783' title='bbox 1001 5345 1056 5392; x_wconf 90' lang='lat' dir='ltr'><strong>et</strong></span> <span class='ocrx_word' id='word_1_784' title='bbox 1079 5336 1132 5390; x_wconf 92' lang='lat' dir='ltr'><strong>in</strong></span> <span class='ocrx_word' id='word_1_785' title='bbox 1169 5321 1413 5392; x_wconf 79' lang='lat' dir='ltr'><strong>exstasin</strong></span> <span class='ocrx_word' id='word_1_786' title='bbox 1467 5336 1621 5392; x_wconf 91' lang='lat' dir='ltr'><strong>ducit</strong></span> <span class='ocrx_word' id='word_1_787' title='bbox 1669 5347 1904 5426; x_wconf 39' lang='lat' dir='ltr'><strong>men‘tem</strong></span> <span class='ocrx_word' id='word_1_788' title='bbox 1933 5381 1948 5404; x_wconf 94' lang='lat'><strong>,</strong></span> <span class='ocrx_word' id='word_1_789' title='bbox 1996 5351 2052 5398; x_wconf 89' lang='lat' dir='ltr'><strong>et</strong></span> 
     </span>
    </p>
   </div>
   <div class='ocr_carea' id='block_1_102' title="bbox 479 5421 2053 5499">
    <p class='ocr_par' dir='ltr' id='par_1_102' title="bbox 479 5421 2053 5499">
     <span class='ocr_line' id='line_1_102' title="bbox 479 5421 2053 5499; baseline 0.003 -14"><span class='ocrx_word' id='word_1_790' title='bbox 479 5446 592 5486; x_wconf 89' lang='lat' dir='ltr'><strong>non</strong></span> <span class='ocrx_word' id='word_1_791' title='bbox 619 5432 750 5486; x_wconf 92' lang='lat' dir='ltr'><strong>sinit</strong></span> <span class='ocrx_word' id='word_1_792' title='bbox 770 5430 1104 5485; x_wconf 87' lang='lat' dir='ltr'><strong>intellectum</strong></span> <span class='ocrx_word' id='word_1_793' title='bbox 1145 5430 1201 5484; x_wconf 90' lang='lat' dir='ltr'><strong>in</strong></span> <span class='ocrx_word' id='word_1_794' title='bbox 1233 5429 1547 5484; x_wconf 87' lang='lat' dir='ltr'><strong>hominibus</strong></span> <span class='ocrx_word' id='word_1_795' title='bbox 1578 5421 1829 5499; x_wconf 73' lang='lat' dir='ltr'><strong>operari;</strong></span> <span class='ocrx_word' id='word_1_796' title='bbox 1856 5432 1950 5487; x_wconf 84' lang='lat' dir='ltr'><strong>sed</strong></span> <span class='ocrx_word' id='word_1_797' title='bbox 1997 5443 2053 5489; x_wconf 87' lang='lat' dir='ltr'><strong>et</strong></span> 
     </span>
    </p>
   </div>
   <div class='ocr_carea' id='block_1_103' title="bbox 554 5563 2055 5638">
    <p class='ocr_par' dir='ltr' id='par_1_103' title="bbox 554 5563 2055 5638">
     <span class='ocr_line' id='line_1_103' title="bbox 554 5563 2055 5638; baseline 0.002 -19"><span class='ocrx_word' id='word_1_798' title='bbox 554 5566 666 5638; x_wconf 74' lang='grc'>(85)</span> <span class='ocrx_word' id='word_1_799' title='bbox 704 5566 814 5619; x_wconf 74' lang='lat' dir='ltr'><strong>Kal</strong></span> <span class='ocrx_word' id='word_1_800' title='bbox 855 5567 931 5638; x_wconf 64' lang='grc' dir='ltr'>οὐ</span> <span class='ocrx_word' id='word_1_801' title='bbox 947 5563 1372 5638; x_wconf 43' lang='grc' dir='ltr'>καταγινοηκει</span> <span class='ocrx_word' id='word_1_802' title='bbox 1389 5564 1507 5618; x_wconf 78' lang='grc' dir='ltr'><strong>τῶν</strong></span> <span class='ocrx_word' id='word_1_803' title='bbox 1520 5563 1899 5634; x_wconf 62' lang='grc' dir='ltr'>ἀγαπώντων.</span> <span class='ocrx_word' id='word_1_804' title='bbox 1917 5569 2055 5638; x_wconf 82' lang='grc' dir='ltr'>Συγ-</span> 
     </span>
    </p>
   </div>
   <div class='ocr_carea' id='block_1_104' title="bbox 484 5634 1413 5704">
    <p class='ocr_par' dir='ltr' id='par_1_104' title="bbox 484 5634 1413 5704">
     <span class='ocr_line' id='line_1_104' title="bbox 484 5634 1413 5704; baseline -0.001 -16"><span class='ocrx_word' id='word_1_805' title='bbox 484 5634 744 5704; x_wconf 72' lang='grc' dir='ltr'>γινὼσκει</span> <span class='ocrx_word' id='word_1_806' title='bbox 774 5638 887 5697; x_wconf 87' lang='grc' dir='ltr'>τοῖς</span> <span class='ocrx_word' id='word_1_807' title='bbox 909 5634 1217 5704; x_wconf 80' lang='grc' dir='ltr'>ἀγαπῶσιν.</span> <span class='ocrx_word' id='word_1_808' title='bbox 1244 5634 1413 5690; x_wconf 59' lang='grc' dir='ltr'>(ἕλη.</span> 
     </span>
    </p>
   </div>
   <div class='ocr_carea' id='block_1_105' title="bbox 565 5702 2052 5779">
    <p class='ocr_par' dir='ltr' id='par_1_105' title="bbox 565 5702 2052 5779">
     <span class='ocr_line' id='line_1_105' title="bbox 565 5702 2052 5779; baseline 0.005 -20"><span class='ocrx_word' id='word_1_809' title='bbox 565 5702 670 5777; x_wconf 86' lang='grc'>(86)</span> <span class='ocrx_word' id='word_1_810' title='bbox 723 5703 1098 5770; x_wconf 74' lang='grc' dir='ltr'>Ἐννοοῦντες</span> <span class='ocrx_word' id='word_1_811' title='bbox 1129 5703 1672 5778; x_wconf 61' lang='grc' dir='ltr'>τὸνπατράδελφον</span> <span class='ocrx_word' id='word_1_812' title='bbox 1715 5707 1896 5779; x_wconf 72' lang='grc' dir='ltr'>ὑμῶν.</span> <span class='ocrx_word' id='word_1_813' title='bbox 1930 5709 2052 5766; x_wconf 59' lang='lat' dir='ltr'><strong>Hac</strong></span> 
     </span>
    </p>
   </div>
   <div class='ocr_carea' id='block_1_106' title="bbox 2145 4510 3735 4590">
    <p class='ocr_par' dir='ltr' id='par_1_106' title="bbox 2145 4510 3735 4590">
     <span class='ocr_line' id='line_1_106' title="bbox 2145 4510 3735 4590; baseline -0.009 -15"><span class='ocrx_word' id='word_1_814' title='bbox 2145 4518 2387 4590; x_wconf 84' lang='grc' dir='ltr'>κεφαλὰς</span> <span class='ocrx_word' id='word_1_815' title='bbox 2413 4515 2588 4587; x_wconf 82' lang='grc' dir='ltr'>ὑμῶν,</span> <span class='ocrx_word' id='word_1_816' title='bbox 2613 4512 2794 4577; x_wconf 83' lang='grc' dir='ltr'>καθὼς</span> <span class='ocrx_word' id='word_1_817' title='bbox 2808 4513 2976 4568; x_wconf 71' lang='grc' dir='ltr'>εἴδετε</span> <span class='ocrx_word' id='word_1_818' title='bbox 2999 4513 3060 4567; x_wconf 84' lang='grc' dir='ltr'><strong>ἐν</strong></span> <span class='ocrx_word' id='word_1_819' title='bbox 3082 4510 3249 4582; x_wconf 76' lang='grc' dir='ltr'>αὐτῷ.</span> <span class='ocrx_word' id='word_1_820' title='bbox 3270 4510 3459 4575; x_wconf 71' lang='lat' dir='ltr'><strong>ﬂaua;</strong></span> <span class='ocrx_word' id='word_1_821' title='bbox 3481 4511 3580 4575; x_wconf 74' lang='grc' dir='ltr'>τὰς</span> <span class='ocrx_word' id='word_1_822' title='bbox 3599 4511 3735 4582; x_wconf 77' lang='grc' dir='ltr'>ήμέ-</span> 
     </span>
    </p>
   </div>
   <div class='ocr_carea' id='block_1_107' title="bbox 2149 4604 3733 4688">
    <p class='ocr_par' dir='ltr' id='par_1_107' title="bbox 2149 4604 3733 4688">
     <span class='ocr_line' id='line_1_107' title="bbox 2149 4604 3733 4688; baseline -0.007 -19"><span class='ocrx_word' id='word_1_823' title='bbox 2149 4633 2248 4688; x_wconf 86' lang='grc' dir='ltr'><strong>ρας</strong></span> <span class='ocrx_word' id='word_1_824' title='bbox 2277 4615 2380 4668; x_wconf 81' lang='grc' dir='ltr'>οὺκ</span> <span class='ocrx_word' id='word_1_825' title='bbox 2409 4609 2680 4665; x_wconf 80' lang='grc' dir='ltr'>ὠνείδισεν</span> <span class='ocrx_word' id='word_1_826' title='bbox 2701 4609 2848 4678; x_wconf 76' lang='grc' dir='ltr'>ἡμᾶς</span> <span class='ocrx_word' id='word_1_827' title='bbox 2872 4607 3001 4680; x_wconf 72' lang='grc' dir='ltr'>περὶ</span> <span class='ocrx_word' id='word_1_828' title='bbox 3029 4604 3127 4660; x_wconf 76' lang='grc' dir='ltr'><strong>τοῦ</strong></span> <span class='ocrx_word' id='word_1_829' title='bbox 3158 4604 3320 4674; x_wconf 83' lang='grc' dir='ltr'>λόγου</span> <span class='ocrx_word' id='word_1_830' title='bbox 3346 4604 3570 4669; x_wconf 77' lang='grc' dir='ltr'>τούτου,</span> <span class='ocrx_word' id='word_1_831' title='bbox 3598 4604 3733 4659; x_wconf 81' lang='grc' dir='ltr'><strong>ἀλλά</strong></span> 
     </span>
    </p>
   </div>
   <div class='ocr_carea' id='block_1_108' title="bbox 2144 4695 3733 4780">
    <p class='ocr_par' dir='ltr' id='par_1_108' title="bbox 2144 4695 3733 4780">
     <span class='ocr_line' id='line_1_108' title="bbox 2144 4695 3733 4780; baseline -0.004 -23"><span class='ocrx_word' id='word_1_832' title='bbox 2144 4707 2430 4780; x_wconf 67' lang='grc' dir='ltr'><strong>⁴ήγάιιτησεν</strong></span> <span class='ocrx_word' id='word_1_833' title='bbox 2455 4704 2602 4775; x_wconf 80' lang='grc' dir='ltr'>ἡμᾶς</span> <span class='ocrx_word' id='word_1_834' title='bbox 2633 4701 2710 4765; x_wconf 81' lang='grc' dir='ltr'>ὡς</span> <span class='ocrx_word' id='word_1_835' title='bbox 2729 4701 2829 4773; x_wconf 83' lang='grc' dir='ltr'>τὴν</span> <span class='ocrx_word' id='word_1_836' title='bbox 2855 4700 3036 4772; x_wconf 75' lang='grc' dir='ltr'>ψυχὴν</span> <span class='ocrx_word' id='word_1_837' title='bbox 3066 4695 3256 4760; x_wconf 75' lang='grc' dir='ltr'>αὐτοῦ,</span> <span class='ocrx_word' id='word_1_838' title='bbox 3303 4697 3398 4752; x_wconf 79' lang='grc' dir='ltr'>καὶ</span> <span class='ocrx_word' id='word_1_839' title='bbox 3432 4697 3579 4769; x_wconf 83' lang='grc' dir='ltr'>ὑπὲρ</span> <span class='ocrx_word' id='word_1_840' title='bbox 3608 4699 3733 4760; x_wconf 77' lang='grc' dir='ltr'>τοὺς</span> 
     </span>
    </p>
   </div>
   <div class='ocr_carea' id='block_1_109' title="bbox 2145 4791 3733 4866">
    <p class='ocr_par' dir='ltr' id='par_1_109' title="bbox 2145 4791 3733 4866">
     <span class='ocr_line' id='line_1_109' title="bbox 2145 4791 3733 4866; baseline -0.008 -10"><span class='ocrx_word' id='word_1_841' title='bbox 2145 4801 2295 4864; x_wconf 68' lang='grc' dir='ltr'>υἱοὺς</span> <span class='ocrx_word' id='word_1_842' title='bbox 2313 4796 2478 4855; x_wconf 82' lang='grc' dir='ltr'>αὐτοῦ</span> <span class='ocrx_word' id='word_1_843' title='bbox 2513 4795 2761 4860; x_wconf 76' lang='grc' dir='ltr'>ἐδόξασεν</span> <span class='ocrx_word' id='word_1_844' title='bbox 2800 4795 2970 4866; x_wconf 79' lang='grc' dir='ltr'>ἡμᾶς,</span> <span class='ocrx_word' id='word_1_845' title='bbox 3013 4794 3108 4848; x_wconf 80' lang='grc' dir='ltr'>καὶ</span> <span class='ocrx_word' id='word_1_846' title='bbox 3137 4791 3386 4855; x_wconf 79' lang='grc' dir='ltr'>πλοῦτον,</span> <span class='ocrx_word' id='word_1_847' title='bbox 3419 4793 3515 4846; x_wconf 78' lang='grc' dir='ltr'>καὶ</span> <span class='ocrx_word' id='word_1_848' title='bbox 3539 4793 3733 4864; x_wconf 77' lang='grc' dir='ltr'>κτήνη,</span> 
     </span>
    </p>
   </div>
   <div class='ocr_carea' id='block_1_110' title="bbox 2147 4879 3730 4963">
    <p class='ocr_par' dir='ltr' id='par_1_110' title="bbox 2147 4879 3730 4963">
     <span class='ocr_line' id='line_1_110' title="bbox 2147 4879 3730 4963; baseline -0.008 -16"><span class='ocrx_word' id='word_1_849' title='bbox 2147 4893 2245 4948; x_wconf 72' lang='grc' dir='ltr'><strong>καὶ</strong></span> <span class='ocrx_word' id='word_1_850' title='bbox 2268 4892 2516 4963; x_wconf 75' lang='grc' dir='ltr'>καρποὺς</span> <span class='ocrx_word' id='word_1_851' title='bbox 2538 4889 2833 4961; x_wconf 79' lang='grc' dir='ltr'>ἐχαρίσατο</span> <span class='ocrx_word' id='word_1_852' title='bbox 2885 4887 3054 4941; x_wconf 79' lang='grc' dir='ltr'>πᾶσιν</span> <span class='ocrx_word' id='word_1_853' title='bbox 3082 4886 3238 4956; x_wconf 83' lang='grc' dir='ltr'>ήμίν.</span> <span class='ocrx_word' id='word_1_854' title='bbox 3286 4884 3396 4937; x_wconf 76' lang='grc' dir='ltr'><strong>Καὶ</strong></span> <span class='ocrx_word' id='word_1_855' title='bbox 3425 4885 3587 4956; x_wconf 81' lang='grc' dir='ltr'>ὑμεῖς</span> <span class='ocrx_word' id='word_1_856' title='bbox 3617 4879 3730 4944; x_wconf 82' lang='grc' dir='ltr'>οὖν,</span> 
     </span>
    </p>
   </div>
   <div class='ocr_carea' id='block_1_111' title="bbox 2146 4975 3733 5056">
    <p class='ocr_par' dir='ltr' id='par_1_111' title="bbox 2146 4975 3733 5056">
     <span class='ocr_line' id='line_1_111' title="bbox 2146 4975 3733 5056; baseline -0.008 -16"><span class='ocrx_word' id='word_1_857' title='bbox 2146 4984 2312 5040; x_wconf 72' lang='grc' dir='ltr'>τέκνα</span> <span class='ocrx_word' id='word_1_858' title='bbox 2337 5001 2438 5056; x_wconf 85' lang='grc' dir='ltr'><strong>μου</strong></span> <span class='ocrx_word' id='word_1_859' title='bbox 2465 4981 2748 5053; x_wconf 78' lang='grc' dir='ltr'>ἀγαπητὰ,</span> <span class='ocrx_word' id='word_1_860' title='bbox 2780 4980 3102 5052; x_wconf 79' lang='grc' dir='ltr'>ἀγαπήσατε</span> <span class='ocrx_word' id='word_1_861' title='bbox 3147 4977 3380 5041; x_wconf 72' lang='grc' dir='ltr'>ἕκαστος</span> <span class='ocrx_word' id='word_1_862' title='bbox 3395 4977 3488 5032; x_wconf 82' lang='grc' dir='ltr'>τὸν</span> <span class='ocrx_word' id='word_1_863' title='bbox 3506 4975 3733 5044; x_wconf 76' lang='grc' dir='ltr'>ἀδελφὸν</span> 
     </span>
    </p>
   </div>
   <div class='ocr_carea' id='block_1_112' title="bbox 2149 5069 3731 5146">
    <p class='ocr_par' dir='ltr' id='par_1_112' title="bbox 2149 5069 3731 5146">
     <span class='ocr_line' id='line_1_112' title="bbox 2149 5069 3731 5146; baseline -0.007 -14"><span class='ocrx_word' id='word_1_864' title='bbox 2149 5076 2315 5132; x_wconf 78' lang='grc' dir='ltr'>αὐτοῦ</span> <span class='ocrx_word' id='word_1_865' title='bbox 2348 5077 2406 5130; x_wconf 81' lang='grc' dir='ltr'><strong>ἐν</strong></span> <span class='ocrx_word' id='word_1_866' title='bbox 2434 5074 2612 5146; x_wconf 78' lang='grc' dir='ltr'>ἀγαθῇ</span> <span class='ocrx_word' id='word_1_867' title='bbox 2660 5073 2882 5146; x_wconf 76' lang='grc' dir='ltr'>καρδίᾳ,</span> <span class='ocrx_word' id='word_1_868' title='bbox 2936 5072 3032 5126; x_wconf 76' lang='grc' dir='ltr'>καὶ</span> <span class='ocrx_word' id='word_1_869' title='bbox 3061 5071 3407 5144; x_wconf 85' lang='grc' dir='ltr'>ἀποστήσατε</span> <span class='ocrx_word' id='word_1_870' title='bbox 3450 5071 3546 5140; x_wconf 75' lang='grc' dir='ltr'>ἀφ’</span> <span class='ocrx_word' id='word_1_871' title='bbox 3580 5069 3731 5141; x_wconf 78' lang='grc' dir='ltr'>ὑμῶν</span> 
     </span>
    </p>
   </div>
   <div class='ocr_carea' id='block_1_113' title="bbox 2143 5162 3725 5240">
    <p class='ocr_par' dir='ltr' id='par_1_113' title="bbox 2143 5162 3725 5240">
     <span class='ocr_line' id='line_1_113' title="bbox 2143 5162 3725 5240; baseline -0.006 -17"><span class='ocrx_word' id='word_1_872' title='bbox 2143 5168 2212 5224; x_wconf 74' lang='grc' dir='ltr'>τὸ</span> <span class='ocrx_word' id='word_1_873' title='bbox 2252 5167 2470 5240; x_wconf 82' lang='grc' dir='ltr'>πνεῦμα</span> <span class='ocrx_word' id='word_1_874' title='bbox 2503 5167 2598 5221; x_wconf 81' lang='grc' dir='ltr'><strong>τοῦ</strong></span> <span class='ocrx_word' id='word_1_875' title='bbox 2623 5167 2847 5237; x_wconf 77' lang='grc' dir='ltr'>φθόνου,</span> <span class='ocrx_word' id='word_1_876' title='bbox 2871 5166 2952 5219; x_wconf 73' lang='grc' dir='ltr'>ὅτι</span> <span class='ocrx_word' id='word_1_877' title='bbox 2979 5165 3161 5236; x_wconf 88' lang='grc' dir='ltr'>ἀγριοί</span> <span class='ocrx_word' id='word_1_878' title='bbox 3200 5162 3357 5217; x_wconf 79' lang='grc' dir='ltr'>τοῦτο</span> <span class='ocrx_word' id='word_1_879' title='bbox 3389 5163 3488 5234; x_wconf 79' lang='grc' dir='ltr'>τὴν</span> <span class='ocrx_word' id='word_1_880' title='bbox 3530 5162 3725 5233; x_wconf 75' lang='grc' dir='ltr'>ψυχὴν,</span> 
     </span>
    </p>
   </div>
   <div class='ocr_carea' id='block_1_114' title="bbox 2149 5255 3730 5334">
    <p class='ocr_par' dir='ltr' id='par_1_114' title="bbox 2149 5255 3730 5334">
     <span class='ocr_line' id='line_1_114' title="bbox 2149 5255 3730 5334; baseline -0.006 -17"><span class='ocrx_word' id='word_1_881' title='bbox 2149 5263 2245 5317; x_wconf 70' lang='grc' dir='ltr'>καὶ</span> <span class='ocrx_word' id='word_1_882' title='bbox 2268 5261 2478 5334; x_wconf 81' lang='grc' dir='ltr'>φθείρει</span> <span class='ocrx_word' id='word_1_883' title='bbox 2503 5261 2568 5315; x_wconf 83' lang='grc' dir='ltr'>τὸ</span> <span class='ocrx_word' id='word_1_884' title='bbox 2595 5262 2778 5334; x_wconf 83' lang='grc' dir='ltr'>σῶμα,</span> <span class='ocrx_word' id='word_1_885' title='bbox 2811 5259 2982 5332; x_wconf 83' lang='grc' dir='ltr'>ὀργήν</span> <span class='ocrx_word' id='word_1_886' title='bbox 3017 5257 3113 5312; x_wconf 73' lang='grc' dir='ltr'>καὶ</span> <span class='ocrx_word' id='word_1_887' title='bbox 3141 5258 3377 5328; x_wconf 86' lang='grc' dir='ltr'>πόλεμον</span> <span class='ocrx_word' id='word_1_888' title='bbox 3411 5257 3641 5328; x_wconf 68' lang='grc' dir='ltr'>παρέχει</span> <span class='ocrx_word' id='word_1_889' title='bbox 3671 5255 3730 5308; x_wconf 79' lang='grc' dir='ltr'>τὸ</span> 
     </span>
    </p>
   </div>
   <div class='ocr_carea' id='block_1_115' title="bbox 2150 5347 3733 5428">
    <p class='ocr_par' dir='ltr' id='par_1_115' title="bbox 2150 5347 3733 5428">
     <span class='ocr_line' id='line_1_115' title="bbox 2150 5347 3733 5428; baseline -0.001 -20"><span class='ocrx_word' id='word_1_890' title='bbox 2150 5353 2452 5409; x_wconf 79' lang='grc' dir='ltr'>διαϐούλιον</span> <span class='ocrx_word' id='word_1_891' title='bbox 2490 5355 2635 5428; x_wconf 87' lang='grc'>(87),</span> <span class='ocrx_word' id='word_1_892' title='bbox 2681 5353 2780 5407; x_wconf 63' lang='grc' dir='ltr'><strong>καὶ¹</strong></span> <span class='ocrx_word' id='word_1_893' title='bbox 2807 5354 2889 5416; x_wconf 85' lang='grc' dir='ltr'><strong>εἰς</strong></span> <span class='ocrx_word' id='word_1_894' title='bbox 2921 5352 3130 5424; x_wconf 80' lang='grc' dir='ltr'>αἵματα</span> <span class='ocrx_word' id='word_1_895' title='bbox 3174 5350 3490 5421; x_wconf 80' lang='grc' dir='ltr'>παροξύνει.</span> <span class='ocrx_word' id='word_1_896' title='bbox 3523 5348 3616 5403; x_wconf 75' lang='grc' dir='ltr'>καὶ</span> <span class='ocrx_word' id='word_1_897' title='bbox 3654 5347 3733 5406; x_wconf 77' lang='grc' dir='ltr'><strong>εἰς</strong></span> 
     </span>
    </p>
   </div>
   <div class='ocr_carea' id='block_1_116' title="bbox 2152 5439 3732 5517">
    <p class='ocr_par' dir='ltr' id='par_1_116' title="bbox 2152 5439 3732 5517">
     <span class='ocr_line' id='line_1_116' title="bbox 2152 5439 3732 5517; baseline -0.006 -17"><span class='ocrx_word' id='word_1_898' title='bbox 2152 5445 2406 5500; x_wconf 72' lang='grc' dir='ltr'>ἔκστασιν</span> <span class='ocrx_word' id='word_1_899' title='bbox 2437 5447 2560 5517; x_wconf 78' lang='grc' dir='ltr'>ἄγει</span> <span class='ocrx_word' id='word_1_900' title='bbox 2585 5445 2686 5517; x_wconf 80' lang='grc' dir='ltr'>τὴν</span> <span class='ocrx_word' id='word_1_901' title='bbox 2735 5443 2992 5508; x_wconf 85' lang='grc' dir='ltr'>διάνοιαν,</span> <span class='ocrx_word' id='word_1_902' title='bbox 3017 5443 3112 5496; x_wconf 79' lang='grc' dir='ltr'>καὶ</span> <span class='ocrx_word' id='word_1_903' title='bbox 3133 5441 3233 5498; x_wconf 72' lang='grc' dir='ltr'>οὐκ</span> <span class='ocrx_word' id='word_1_904' title='bbox 3254 5441 3320 5512; x_wconf 80' lang='grc' dir='ltr'><strong>ἐᾷ</strong></span> <span class='ocrx_word' id='word_1_905' title='bbox 3368 5441 3468 5512; x_wconf 77' lang='grc' dir='ltr'>τὴν</span> <span class='ocrx_word' id='word_1_906' title='bbox 3521 5439 3732 5494; x_wconf 82' lang='grc' dir='ltr'>σύνεσιν</span> 
     </span>
    </p>
   </div>
   <div class='ocr_carea' id='block_1_117' title="bbox 2155 5576 3240 5635">
    <p class='ocr_par' dir='ltr' id='par_1_117' title="bbox 2155 5576 3240 5635">
     <span class='ocr_line' id='line_1_117' title="bbox 2155 5576 3240 5635; baseline -0.005 -1"><span class='ocrx_word' id='word_1_907' title='bbox 2155 5581 2358 5635; x_wconf 83' lang='lat' dir='ltr'><strong>omissa</strong></span> <span class='ocrx_word' id='word_1_908' title='bbox 2392 5589 2521 5634; x_wconf 83' lang='lat' dir='ltr'><strong>sunt</strong></span> <span class='ocrx_word' id='word_1_909' title='bbox 2554 5581 2608 5634; x_wconf 89' lang='lat' dir='ltr'><strong>in</strong></span> <span class='ocrx_word' id='word_1_910' title='bbox 2645 5596 2751 5634; x_wconf 86' lang='lat' dir='ltr'><strong>ms.</strong></span> <span class='ocrx_word' id='word_1_911' title='bbox 2785 5578 2909 5635; x_wconf 89' lang='lat' dir='ltr'><strong>cod.</strong></span> <span class='ocrx_word' id='word_1_912' title='bbox 2946 5576 3122 5635; x_wconf 77' lang='lat' dir='ltr'><strong>Oxon.</strong></span> <span class='ocrx_word' id='word_1_913' title='bbox 3162 5577 3240 5630; x_wconf 84' lang='lat' dir='ltr'><strong>In.</strong></span> 
     </span>
    </p>
   </div>
   <div class='ocr_carea' id='block_1_118' title="bbox 2229 5645 3405 5722">
    <p class='ocr_par' dir='ltr' id='par_1_118' title="bbox 2229 5645 3405 5722">
     <span class='ocr_line' id='line_1_118' title="bbox 2229 5645 3405 5722; baseline -0.005 -17"><span class='ocrx_word' id='word_1_914' title='bbox 2229 5651 2336 5722; x_wconf 80' lang='grc'>(87)</span> <span class='ocrx_word' id='word_1_915' title='bbox 2385 5650 2449 5707; x_wconf 71' lang='grc' dir='ltr'><strong>Τὸ</strong></span> <span class='ocrx_word' id='word_1_916' title='bbox 2483 5651 2842 5708; x_wconf 59' lang='grc' dir='ltr'>διιιίῖρῠλιον.</span> <span class='ocrx_word' id='word_1_917' title='bbox 2881 5646 3294 5722; x_wconf 72' lang='grc' dir='ltr'>Τῷδιαΰουλίῳ.</span> <span class='ocrx_word' id='word_1_918' title='bbox 3332 5645 3405 5700; x_wconf 84' lang='lat' dir='ltr'><strong>lo.</strong></span> 
     </span>
    </p>
   </div>
  </div>
