3944 6146
203 277 348 338 telo
1384 267 1904 332 rasrsm'mu
1945 263 2290 329 smsonls.
2451 260 2453 264 '
3325 249 3488 326 lose

197 400 266 454 ἑν
296 397 606 470 ἀνθρώποις
631 397 874 469 ἐνεργεῖν
895 411 910 428 ο
958 394 1102 456 ἀλλὰ
1131 396 1246 459 ’καὶ
1263 394 1358 450 τδν
1406 394 1576 450 ὕπνον
1629 397 1801 465 ἀφαι-

1917 410 2164 451 somnum
2197 393 2400 459 aufert,
2447 383 2504 449 et
2540 374 2908 448 turbationem
2943 388 3138 445 tribuit
3177 387 3395 453 anim'a’,
3436 396 3493 443 et

203 496 295 565 ρεί
320 490 457 563 (88),
478 491 576 545 καὶ
601 489 792 544 κλόνον
819 489 1050 562 παρέχει
1081 491 1150 560 τῇ
1173 487 1342 559 ψυχῇ,
1374 489 1468 542 καὶ
1489 487 1698 561 τρόμον
1722 487 1802 559 τῷ

1917 501 2199 543 tremorem
2242 485 2496 556 corpori;
2553 483 2815 554 quoniam
2859 492 2914 536 et
2957 481 3012 536 in
3059 496 3253 538 somno
3287 479 3492 550 aliquis

206 587 424 655 σώματι
445 600 457 614 ·
491 584 574 638 ὅτι
599 582 760 650 καίγε
792 581 852 635 ὲν
877 579 1032 651 ὕπνῳ
1072 597 1159 643 τις
1209 578 1369 650 ζῆλος
1400 579 1601 643 κακίας
1640 578 1802 633 αὑτὸν

1917 581 2057 638 zelus
2080 575 2699 648 malitimimaginationi
2731 575 2981 630 insidens
3008 575 3187 644 ipsum
3219 573 3490 633 corrodit,

206 674 502 747 φαντάζων
534 674 827 737 κατεσθίει,
862 673 959 730 καὶ
1005 670 1283 743 πνεύμασι
1322 674 1582 743 πονηροῖς
1617 670 1802 724 διατα-

209 767 404 838 ράσσει
435 769 533 839 τὴν
555 765 735 838 ψυχὴν
783 765 973 831 αὑτοῦ,
1029 766 1126 822 καὶ
1155 762 1500 836 ὲκθροείσοαι
1549 762 1612 816 τὸ
1645 762 1805 833 σῶμα

195 864 380 926 ποιεῖ,
409 863 502 916 καὶ
533 864 592 916 ὲν
621 861 836 932 ταραχῇ
859 856 1235 922 διῦτινίζεσθαι
1267 857 1362 914 τὸν
1381 856 1518 912 νοῦν
1541 895 1556 920 ,
1599 857 1698 910 καὶ
1727 855 1804 917 ὡς

207 954 429 1026 πνεῦμα
461 953 696 1026 πονηρὸν
741 954 836 1007 καὶ
870 951 1071 1008 ἰοϐόλον
1117 949 1260 1022 ἔχων
1285 989 1302 1014 ,
1349 948 1521 1012 οὕτως
1557 948 1804 1018 φαίνεται

207 1047 326 1107 τοῖς
350 1042 679 1116 ἀνθρώποις.

281 1138 359 1190 Ε’.
393 1155 412 1187 ι
449 1135 548 1190 Διὰ
577 1134 740 1190 τοῦτο
794 1135 993 1206 Ἰωσὴφ
1037 1129 1108 1206 ἦν
1135 1134 1360 1206 ⁴ὡραῖος
1388 1133 1468 1204 τῷ
1495 1131 1626 1187 εἴδει
1652 1171 1667 1194 ,
1708 1133 1804 1192 καὶ

207 1230 375 1294 καλὸς
393 1232 459 1302 τῇ
485 1230 627 1300 ὄψει,
650 1230 731 1283 ὅτι
763 1231 864 1284 οὐκ
896 1229 1169 1302 ἐνῴκησεν
1194 1230 1252 1282 ὲν
1284 1228 1434 1300 αὐτῷ
1452 1226 1606 1280 οὐδὲν
1629 1243 1801 1298 πονη-

203 1323 308 1396 ρόν
327 1340 340 1353 ο
371 1322 472 1394 τὴν
505 1322 616 1394 γὰρ
641 1321 886 1393 ταραχὴν
929 1321 1026 1375 τοῦ
1065 1320 1379 1392 πνεύματος
1405 1320 1469 1374 τὸ
1512 1318 1805 1391 πρόσωπον

199 1414 382 1488 δηλοῖ.
412 1415 524 1469 Καὶ
543 1413 659 1480 νῦν,
686 1413 854 1468 τέκνα
893 1429 994 1485 μου
1021 1452 1036 1476 ,
1078 1411 1390 1481 ἀγαθύνατε
1424 1410 1527 1474 τὰς
1579 1409 1808 1482 καρδίας

203 1506 370 1579 ὑμῶν
396 1506 623 1566 ἐνώπιον
655 1506 881 1579 Κυρίου,
911 1507 1010 1560 καὶ
1037 1505 1297 1560 εὐθύνατε
1332 1503 1432 1567 τὰς
1455 1504 1608 1560 ὁδοὺς
1652 1502 1809 1574 ὑμῶν

202 1598 444 1652 ἐνώπιον
468 1597 578 1652 τῶν
593 1597 917 1669 ἀνθρώπων,
937 1597 1031 1652 καὶ
1051 1595 1240 1651 ἔσεσθε
1271 1595 1620 1667 εὑρίσκοντες
1645 1593 1806 1665 χάριν

208 1691 446 1747 ἐνώπιον
466 1691 602 1744 Θεοῦ
635 1691 728 1745 xui.
755 1689 852 1744 ἀνθ
860 1687 1077 1762 ρώπων.
1117 1690 1228 1747 Καὶ
1246 1687 1587 1757 φυλάσσεσθε
1608 1684 1706 1742 τοῦ
1728 1686 1804 1759 μὴ

1907 683 1963 730 et
1985 671 2276 743 spiritibus
2312 669 2640 740 perniciosis
2676 667 2972 722 conturbat
3020 669 3261 720 animam
3293 665 3488 736 ipsius,

1903 776 1959 821 et
1988 777 2354 834 expavescere
2383 775 2587 830 corpus
2619 757 2772 823 facit,
2803 766 2858 812 et
2890 756 3313 812 conturbatione
3341 753 3491 811 exci-

1905 857 2008 912 tari
2041 864 2278 910 mentem
2305 872 2320 919 ;
2353 862 2408 908 et
2427 854 2569 908 sicut
2599 851 2854 922 spiritum
2883 849 3256 919 perniciosum
3295 861 3350 903 et
3397 863 3491 903 ve-

1904 964 2110 1005 nenum
2137 946 2453 1003 fundentem
2483 945 2714 1012 habens,
2744 943 2818 999 ita
2849 949 3077 1013 apparet
3107 939 3446 996 hominibus.

1978 1151 2046 1207 ν.
2084 1171 2104 1205 ι
2127 1151 2422 1222 Propterea
2452 1150 2653 1221 Joseph
2680 1159 2799 1206 erat
2821 1149 3048 1221 pulcher
3077 1149 3218 1205 facie
3246 1157 3301 1203 et
3328 1149 3492 1204 deco—

1906 1260 2004 1301 rus
2037 1253 2283 1316 aspectu,
2318 1243 2582 1315 quoniam
2613 1260 2721 1298 non
2771 1243 3036 1298 habitavit
3066 1244 3120 1298 in
3171 1243 3292 1315 ipso
3327 1242 3491 1312 quid-

1905 1352 2073 1408 quam
2107 1335 2517 1407 perniciosum;
2570 1334 3050 1390 conturbationem
3079 1334 3226 1389 enim
3259 1333 3489 1404 spiritus

1906 1429 2076 1486 facies
2101 1426 2435 1484 manifestat.
2472 1425 2540 1480 Et
2563 1441 2731 1492 nunc,
2758 1425 2853 1480 lilii
2885 1426 3015 1488 mei,
3045 1425 3279 1496 benigna
3324 1425 3491 1482 facile

1906 1523 2073 1578 corda
2117 1529 2302 1578 vestra
2341 1535 2528 1575 coram
2584 1519 2839 1584 Domino,
2865 1528 2921 1574 et
2946 1528 3126 1573 rectas
3163 1518 3326 1574 facite
3374 1519 3492 1574 vias

1905 1624 2121 1671 vestras
2149 1628 2336 1669 coram
2363 1610 2700 1671 hominibus.
2732 1618 2788 1664 et
2817 1611 3105 1665 invenietis
3135 1610 3365 1680 gratiam
3396 1625 3492 1663 co—

1905 1721 2027 1762 ram
2059 1705 2169 1759 Deo
2193 1714 2248 1759 et
2279 1703 2622 1760 hominibus.
2650 1703 2716 1756 Et
2739 1710 2951 1768 cavete,
3001 1717 3070 1755 ne
3095 1701 3445 1756 fornicemini
3473 1719 3489 1768 ;

211 1785 536 1858 πορνεύεινο
570 1785 651 1839 ὅτι
698 1786 732 1856 ἡ
762 1783 991 1856 πορνεία
1042 1784 1225 1854 μήτηρ
1261 1784 1381 1838 ἐστὶ
1421 1783 1645 1838 πάντων
1693 1782 1805 1836 τῶν

1917 1798 2174 1868 quoniam
2209 1795 2498 1851 fornicatio
2538 1804 2714 1850 mater
2745 1803 2831 1850 est
2886 1794 3137 1848 omnium
3196 1779 3490 1861 malorum,

201 1879 424 1946 κακῶν,
453 1877 762 1950 χωρίζουσα
804 1877 964 1940 Θεοῦ,
1007 1878 1104 1932 καὶ
1141 1878 1580 1948 προσεγγίξουσα
1607 1877 1686 1949 τῷ
1711 1879 1809 1931 Βε-

212 1970 363 2042 λιάρ.
417 1969 671 2042 Ἑώρακα
708 1970 818 2044 γὰρ
869 1973 928 2026 ὲν
980 1970 1289 2042 χαρακτῆρι
1335 1971 1554 2042 γραφῆς
1597 1970 1806 2041 Ἑνὼχ,

213 2065 299 2118 ὅτι
342 2064 392 2118 oi
416 2065 522 2117 υίοὶ
551 2063 704 2136 ὑμῶν
741 2062 859 2135 μεθ’
885 2061 1040 2133 ὑμῶν
1069 2063 1127 2117 ὲν
1149 2061 1375 2134 πορνείᾳ
1423 2062 1808 2133 φθαρήσονται,

215 2157 314 2212 καί.
353 2157 410 2210 ὲν
439 2155 566 2211 Λευῒ
599 2155 947 2227 ἀδικήσουσιν
989 2155 1048 2208 ὲν
1085 2154 1347 2226 ῥομφαίᾳ.
1392 2154 1533 2206 Ἀλλ’
1559 2155 1620 2208 οὐ
1655 2154 1813 2226 δυνή-

218 2267 404 2304 σονται
434 2248 572 2322 πρὸς
593 2247 748 2311 Acut,
771 2249 856 2302 ὅτι
886 2247 1121 2318 πόλεμον
1141 2247 1347 2318 Κυρίου
1374 2246 1697 2317 πολεμήσει,
1717 2247 1812 2302 καὶ

217 2345 432 2415 νικήσει
458 2345 638 2397 πᾶσαν
661 2341 1016 2415 παρεμϐολὴν
1046 2341 1223 2412 ὑμῶν,
1251 2343 1347 2395 καὶ
1385 2340 1602 2394 ἔσονται
1641 2340 1813 2409 ὀλίγι-

220 2453 338 2490 στοι
391 2433 838 2506 ὲπιμεριζόμενοι
891 2435 950 2488 ἐν
1003 2433 1082 2505 τῷ
1124 2432 1254 2487 Λευῒ
1305 2432 1402 2488 xui.
1463 2431 1670 2503 Ἰούδᾳο
1721 2433 1814 2487 καὶ

216 2532 372 2587 ἔσται
403 2531 515 2602 (89)
535 2529 595 2595 ἐξ
621 2528 775 2600 ὑμῶν
806 2529 886 2592 είς
907 2527 1226 2598 ἠγεμονίαν,
1244 2525 1428 2589 καθὼς
1447 2527 1544 2580 καὶ
1573 2527 1602 2580 ό
1629 2527 1813 2598 πατὴρ

232 2623 428 2682 Ἰακὼϐ
456 2624 862 2696 προεφήτευσεν
890 2621 948 2674 ὲν
975 2620 1249 2690 εὐλογίαις
1280 2618 1414 2692 (90).

293 2720 383 2785 (τ’.
425 2735 446 2769 ι
479 2716 610 2770 ’ἰδοὺ
646 2715 951 2787 προείρηκα
975 2715 1104 2784 ὑμῖν
1137 2712 1340 2776 πάντα,
1370 2713 1807 2776 ὄπωςδικαιωθῶ

215 2811 329 2866 ἀπὸ
360 2811 460 2881 τῆς
492 2809 765 2881 ἁμαρτίας
816 2806 927 2862 τῶν
958 2805 1151 2877 ψυχῶν
1198 2804 1374 2876 ὑμῶν.
1425 2804 1551 2858 Ἐὰν
1592 2805 1649 2860 δὲ
1681 2806 1816 2876 ἀφέ-

214 2904 349 2972 λητε
383 2901 477 2970 ἀφ’
511 2899 664 2971 ὑμῶν
683 2900 776 2952 τὸν
811 2897 1027 2967 φθόνον,
1049 2896 1147 2950 xui.
1181 2897 1363 2951 πᾶσαν
1398 2896 1813 2971 σκληροτραχη-

209 2995 361 3057 λίαν,
396 2995 473 3057 ώς
508 2992 658 3065 ῥόδον
690 2990 911 3062 ἀνθήσει
943 2989 1013 3044 τὰ
1043 2989 1179 3043 ὀστᾶ
1199 2989 1310 3060 (91)
1331 3006 1434 3060 μου
1467 2989 1526 3043 ὲν
1573 2989 1812 3061 Ἰσραὴλ,

1919 1890 2172 1947 dividens
2196 1905 2226 1943 a
2251 1887 2384 1954 Deo,
2415 1897 2469 1943 et
2497 1888 2939 1959 appropinquare
2962 1886 3169 1942 faciens
3194 1887 3258 1941 ad
3290 1885 3490 1942 Beliar.

1912 1982 2034 2038 Vidi
2063 1983 2207 2037 enim
2237 1982 2292 2037 in
2325 1982 2641 2036 charactere
2665 1982 2956 2051 scripturae
2985 1980 3196 2040 Enoch.
3223 1980 3369 2052 quod
3398 1980 3491 2035 lilii

1916 2077 2084 2130 vestri
2115 2075 2404 2130 vobiscum
2447 2075 2501 2128 in
2548 2074 2915 2129 fornicatione
2965 2085 3406 2144 corrumpentur,
3440 2082 3496 2129 et

1911 2165 2041 2226 Levi
2065 2167 2390 2236 injustitiam
2418 2166 2622 2224 facient
2645 2168 2698 2222 in
2730 2167 2934 2238 gladio.
2968 2167 3073 2222 Sed
3125 2183 3236 2222 non
3281 2182 3495 2237 prma-

1913 2260 2106 2318 lebunt
2125 2268 2320 2319 contra
2352 2258 2505 2326 Levi,
2537 2260 2798 2328 quoniam
2821 2259 3024 2314 bellum
3069 2257 3290 2313 Domini
3327 2258 3498 2313 bella-

1914 2353 2018 2416 bit,
2047 2361 2104 2408 ct
2131 2352 2315 2412 vincet
2340 2367 2502 2408 omne
2526 2360 2769 2409 castrum
2796 2360 3066 2417 vestrum,
3091 2360 3148 2406 ct
3175 2365 3337 2406 erunt
3361 2367 3498 2421 pau-

1916 2443 2314 2501 cissimidivisi
2348 2443 2404 2499 in
2429 2441 2558 2498 Levi
2592 2451 2648 2497 et
2673 2440 2848 2507 Juda;
2883 2449 2937 2496 et
2960 2442 3066 2496 erit
3114 2457 3146 2495 e
3172 2442 3328 2495 vobis
3358 2441 3495 2504 dux,

1915 2535 2381 2607 quemadmodum
2427 2544 2580 2604 pater
2627 2549 2784 2593 meus
2833 2533 3005 2590 Jacob
3064 2533 3410 2603 prophelavit
3441 2533 3497 2587 in

1914 2629 2414 2688 benedictionibus.

1986 2719 2078 2778 Vl.
2109 2720 2252 2778 Ecce
2287 2721 2516 2790 prmdixi
2547 2720 2706 2775 vobis
2748 2721 2959 2784 omnia,
3023 2729 3083 2774 ut
3136 2719 3409 2790 justiticer
3462 2733 3492 2772 a

1914 2823 2140 2886 peccato
2164 2813 2472 2872 animarum
2501 2822 2836 2867 vestrarum.
2867 2810 2925 2864 Si
2959 2819 3142 2865 autem
3170 2809 3433 2864 auferatis
3467 2824 3498 2863 a

1914 2907 2074 2962 vobis
2098 2904 2360 2962 invidiam
2387 2911 2442 2958 et
2469 2917 2692 2956 munem
2722 2901 2954 2958 cervicis
2971 2900 3252 2964 duritiem,
3281 2907 3341 2954 ut
3371 2913 3498 2953 rosa

1915 2999 2192 3058 ﬂorebunt
2219 3011 2347 3054 ossa
2375 3010 2497 3051 mea
2532 2997 2588 3050 in
2618 2993 2817 3062 Israel,
2844 3006 2900 3051 et
2924 3006 2985 3052 ut
3015 2994 3194 3048 lilium
3219 3008 3351 3047 caro
3377 3007 3499 3048 mea

209 3087 316 3142 acui.
363 3084 439 3148 ὡς
480 3081 660 3154 κρίνον
695 3083 729 3153 ἡ
765 3079 904 3153 σάρξ
941 3098 1042 3152 μου
1076 3081 1136 3136 ὲν
1181 3079 1402 3143 Ἰακὼϐ,
1437 3080 1536 3135 καὶ
1586 3079 1744 3136 ἔσται
1777 3083 1808 3153 ἡ

1918 3093 1972 3146 in
2007 3089 2176 3146 Jacob
2199 3108 2214 3156 ;
2241 3096 2299 3143 et
2325 3089 2433 3143 erit
2459 3087 2599 3141 odor
2648 3100 2806 3142 meus
2835 3085 2982 3141 sicut
3018 3083 3154 3140 odor
3187 3082 3405 3147 Libani,
3444 3091 3502 3137 et

210 3176 363 3248 ὀσμή
399 3193 500 3247 μου
534 3175 611 3239 ὡς
640 3173 782 3243 ὀσμὴ
816 3172 1068 3233 Λιϐάνου,
1103 3171 1199 3226 καὶ
1232 3171 1695 3243 πληθυνθήσονται
1739 3173 1816 3239 ὡς

215 3266 404 3337 κέδροι
439 3266 585 3334 ἅγιοι
619 3265 680 3330 ἐξ
711 3262 848 3335 ἐμοῦ
881 3262 988 3327 ἓως
1035 3262 1254 3326 αἰῶνος,
1287 3264 1384 3318 καὶ
1416 3264 1466 3317 οί
1501 3265 1686 3320 κλάδοι
1719 3267 1818 3321 αὐ-

217 3359 334 3416 τῶν
367 3359 474 3424 ἓως
505 3360 587 3423 είς
623 3357 832 3428 μακρὸν
853 3355 1084 3410 ἔσονται.
1114 3353 1250 3409 Τότε
1272 3354 1556 3415 ἀπολεῖται
1591 3359 1815 3430 σπέρμα

223 3453 469 3517 Χαναὰν,
505 3453 601 3505 καὶ
634 3450 1052 3520 ἐγκατάλειμμα
1084 3449 1184 3502 οὐκ
1214 3447 1370 3500 ἔσται
1417 3447 1498 3520 τῷ
1543 3450 1811 3522 Ἀμαλὴκ,

225 3547 322 3599 καὶ
355 3542 684 3598 ἀπολοῦνται
737 3542 939 3606 πάντες
984 3543 1033 3595 oi
1069 3543 1454 3607 Καππάδοκες,
1487 3543 1581 3598 xui.
1613 3545 1814 3611 πάντες

224 3632 276 3683 oi
311 3634 562 3687 Χετταῖοι
609 3631 1171 3704 ὲξολοθρευθήσονται.
1207 3634 1342 3687 Τότε
1395 3633 1633 3705 ἐκλείψει
1667 3637 1700 3707 ἡ
1738 3636 1810 3708 γῆ

225 3727 378 3798 Χάμ,
412 3727 508 3781 xui.
539 3726 650 3790 πᾶς
694 3726 724 3780 ό
753 3724 882 3790 λαὸς
926 3723 1225 3779 ἀπολεῖται.
1287 3726 1419 3780 τότε
1472 3728 1812 3784 καταπαύσει

302 3861 414 3932 (88)
467 3861 643 3916 Ἀλλὰ
674 3860 771 3914 καὶ
790 3860 916 3932 ᾼτὸν
942 3862 1140 3916 ὕπνον
1162 3861 1415 3932 ἀφαιρεῖ.
1457 3862 1580 3924 llaec
1606 3865 1810 3925 omissa

229 3929 360 3990 sunt
400 3934 454 3986 in
479 3949 582 3985 ms.
620 3932 742 3984 cod.
777 3929 956 3986 Oxon.
992 3935 1072 3987 in.

256 4065 264 4070 _
303 4004 413 4076 (89)
453 4005 678 4076 Ἔσται.
708 4002 1086 4076 beaddjtum
1111 4014 1212 4070 est,
1243 4004 1389 4072 quod
1411 4019 1638 4062 sensum
1654 4022 1812 4076 pror-

233 4071 332 4130 sus
364 4071 700 4130 contrarium
729 4071 880 4126 facit.
915 4072 1050 4128 Vide
1075 4071 1624 4143 nomin’sequentem.
1656 4071 1734 4136 in.

304 4145 415 4215 (90)
467 4146 562 4198 Ἐν
587 4145 910 4215 εὐλογίαις.
948 4145 1084 4200 Dum
1112 4146 1198 4201 hic
1223 4146 1290 4198 de
1321 4147 1554 4214 posteris
1597 4149 1813 4206 Simeo-

233 4213 320 4295 ιιιε
349 4216 586 4295 dicit"?
623 4215 744 4295 Καὶ
791 4213 1004 4295 ἕξοντα
1030 4213 1331 4295 ὀᾎὲγιστοιέ
1367 4218 1811 4295 ἐπεμερρξάμεελοι

232 4287 292 4340 ὲν
311 4285 390 4358 τῷ
414 4283 897 4358 ΛευῖκαὶὼΊούδᾳ,
934 4287 1195 4358 alluditur
1241 4286 1307 4358 ad
1355 4283 1678 4342 vaticinium
1717 4289 1812 4343 Ja-

233 4354 449 4413 cobi'de
476 4357 618 4411 tribu
646 4354 903 4426 Simeon.
933 4356 1068 4412 Gen.
1098 4373 1248 4426 xmx,
1276 4356 1344 4410 7:
1373 4360 1660 4426 Διαμεριῶ
1703 4362 1810 4414 αὐ-

233 4427 473 4523 ςιοὺςΙ
515 4425 730 4523 ἔᾳκὼϐ,
758 4425 855 4508 καὶ
883 4425 1183 4523 (ξιασπερῶ
1203 4427 1424 4492 αὐτοὺς
1445 4428 1532 4523 ἐνιῐ
1549 4429 1805 4498 Ἰσραήλ.
1841 4467 1887 4523 D

235 4498 391 4565 Quod
427 4499 480 4552 in
515 4497 771 4566 Simeone
791 4497 1070 4564 impletum
1100 4513 1222 4552 esse
1245 4506 1392 4566 patet
1414 4515 1479 4554 ex
1503 4497 1670 4555 Josue
1691 4517 1807 4565 xlv,

233 4572 332 4626 rtl
369 4568 606 4636 Paralip.
646 4583 721 4623 tv.
750 4565 1046 4635 Sequentia
1097 4565 1258 4637 quod
1285 4569 1514 4625 attinet:
1559 4571 1669 4624 Καὶ
1712 4571 1815 4626 οὐκ

237 4640 388 4698 ἔσται
411 4640 469 4706 ἐξ
503 4639 656 4710 ὑμῶν
681 4639 763 4710 είς
783 4639 1199 4710 ἡγεμονίανωιί
1226 4651 1372 4694 recte
1398 4640 1451 4693 in
1471 4641 1660 4696 codice
1675 4639 1818 4696 Oxo-

236 4711 414 4766 niensi
443 4707 682 4780 legitur),
715 4707 990 4764 dillicilius
1013 4707 1448 4780 est'conjcctare,
1481 4712 1684 4779 quibus
1716 4711 1815 4768 Ja-

237 4781 360 4836 cobi
387 4781 569 4836 verbis
595 4779 696 4835 ista
726 4779 1069 4834 intimentur.
1107 4779 1350 4834 Dicerem
1394 4791 1675 4836 auctorem
1727 4799 1817 4837 re-

239 4853 487 4922 spexisse
526 4853 643 4906 lucc
677 4849 868 4922 Jacobi
889 4853 1053 4922 verba
1082 4869 1096 4905 :
1122 4849 1307 4922 Cat-tui
1347 4867 1527 4905 eorum
1553 4869 1656 4906 non
1681 4852 1816 4922 jun-

238 4920 398 4994 gatur
425 4924 596 4994 gloria
624 4938 760 4994 mea.
798 4920 851 4978 id
875 4931 962 4994 est
981 4921 1210 4994 intribu
1245 4936 1437 4977 eorum
1470 4937 1578 4994 non
1612 4920 1817 4979 existat

239 4991 468 5061 regnum
501 4991 883 5064 lsraeliticum.
921 4992 965 5047 si
992 4993 1228 5062 aliquem
1265 4993 1656 5064 ex__veteribus
1713 5009 1816 5064 pro

239 5064 346 5118 hac
377 5064 719 5132 expositione
745 5061 1019 5117 adducere
1047 5061 1288 5132 pesscm.
1327 5061 1530 5117 Verum
1561 5065 1612 5116 hi
1645 5061 1811 5134 longe

238 5134 518 5188 diversum
552 5135 744 5188 homin
774 5134 1065 5188 verborum
1112 5148 1334 5188 sensum
1371 5134 1616 5199 tradunt;
1656 5134 1804 5188 ideo.

237 5220 349 5275 que
376 5205 688 5266 dicendum,
707 5203 790 5275 vel
816 5204 1126 5259 citationem
1154 5203 1596 5259 benedictionum
1621 5204 1813 5260 Jacobi

239 5274 309 5331 ad
346 5275 461 5329 hmo
489 5290 594 5328 non
619 5274 908 5343 pertinere,
934 5275 1028 5329 sed
1056 5275 1123 5330 ad
1147 5291 1208 5328 ea
1243 5291 1364 5343 qua:
1389 5284 1808 5342 praecesserunt;

238 5346 328 5401 vel
372 5356 652 5415 auctorem
679 5343 1013 5415 'l‘cstamenti
1042 5344 1168 5401 Levi
1205 5345 1610 5415 nonallegasse
1645 5346 1810 5399 bene-

239 5416 514 5472 dictiones
540 5413 727 5470 Jacobi
767 5414 821 5468 in
849 5416 1116 5471 canonico
1139 5415 1279 5470 libro
1305 5413 1581 5471 Ceneseos
1601 5415 1811 5471 descri-

283 5499 387 5556 tas.
424 5485 520 5540 sed
566 5486 938 5556 apocryphum
992 5484 1180 5542 Jacobi
1239 5495 1623 5543 testamentum
1669 5487 1811 5540 inter

283 5503 387 5543 tas.
424 5503 520 5540 seu
566 5503 938 5556 apocrypnum
992 5503 1180 5542 Jacobi
1239 5503 1623 5543 tesmtnentum
1669 5503 1810 5540 inter

239 5503 506 5630 ginﬂxug
528 5556 696 5628 τριῶν
721 5556 1100 5680 Πατριαρχῶν,
1127 5572 1357 5627 quarum
1392 5556 1723 5610 mentionem
1755 5565 1810 5610 et

244 5645 350 5680 eno
406 5629 458 5680 in
497 5629 704 5680 praefat.
739 5628 806 5680 ad
862 5643 957 5680 nec
1026 5627 1362 5680 Teslamenta
1396 5625 1497 5680 feci
1525 5669 1540 5680 .
1573 5637 1629 5680 et
1692 5627 1808 5680 inse

244 5645 350 5693 ego
387 5625 458 5682 'in
497 5625 704 5696 priefzit.
739 5628 806 5696 ad
842 5625 957 5682 inec
994 5625 1362 5696 ’Tesl’omenla
1396 5625 1497 5682 feci
1525 5669 1540 5691 ,
1573 5637 1629 5681 et
1692 5627 1808 5695 ipse

247 5706 436 5751 noster
463 5695 654 5752 auctor
679 5699 732 5752 in
769 5695 1119 5752 Testamento
1148 5695 1430 5767 Beluamin
1464 5697 1490 5767 ς
1515 5715 1570 5760 x,
1598 5696 1802 5766 injecit.

248 5767 516 5823 (Sanctum
545 5770 590 5824 si
625 5769 914 5839 quisquam
941 5769 1228 5824 lectionem
1275 5769 1479 5825 codicis
1510 5768 1804 5824 Cantabria

1916 3180 2424 3251 multiplicabuntur
2443 3187 2504 3234 ut
2523 3177 2694 3244 cedri,
2712 3176 2887 3232 sancti
2907 3192 2974 3231 ex
3003 3192 3092 3231 me
3115 3190 3290 3244 usque
3319 3175 3372 3228 in
3401 3190 3504 3230 sar-

1915 3275 2124 3337 culum,
2139 3281 2194 3328 et
2215 3270 2352 3326 rami
2379 3285 2569 3327 eorum
2595 3285 2769 3340 usque
2791 3270 2846 3324 in
2863 3269 3260 3338 longitudinem
3283 3267 3500 3322 dierum

1915 3373 2076 3423 erunt
2100 3364 2235 3435 (92).
2267 3361 2426 3420 Tunc
2449 3361 2650 3431 peribit
2665 3375 2853 3418 semen
2901 3359 3164 3415 Chanaan
3189 3401 3204 3426 ,
3255 3367 3313 3414 et
3359 3359 3503 3414 resi-

1914 3457 2084 3513 duum
2114 3471 2222 3511 non
2239 3455 2346 3512 erit
2367 3454 2651 3518 Amalech,
2680 3462 2735 3507 et
2762 3453 3018 3522 peribunt
3046 3467 3242 3508 omnes
3277 3451 3500 3522 Cappa-

1915 3551 2104 3614 doces,
2133 3556 2190 3603 et
2214 3561 2407 3603 omnes
2444 3545 2649 3602 Cetluei
2701 3544 3022 3614 perdentur.
3071 3543 3231 3598 Tunc
3282 3543 3502 3598 deﬁciet

1914 3650 2060 3696 terra
2082 3637 2278 3703 Cbam,
2307 3645 2362 3692 et
2385 3635 2567 3691 omnis
2590 3634 2825 3706 populus
2854 3634 3075 3704 peribit.
3103 3633 3259 3688 Tunc
3288 3635 3503 3704 requie-

1913 3741 2028 3788 scet
2061 3729 2242 3788 omnis
2275 3741 2420 3783 terra
2445 3743 2475 3782 a
2503 3728 2937 3798 perturbatione,
2959 3735 3014 3782 et
3037 3728 3221 3784 omnis
3245 3743 3368 3798 quae
3395 3729 3500 3783 sub

1913 3863 2126 3946 giensis
2151 3869 2207 3916 et
2263 3859 2489 3946 Rgberti
2543 3860 2948 3946 Lin‘eplniensis
3008 3862 3500 3946 prmfer_re_vell_et,

1908 3931 2266 4009 iuxtaquam
2330 3931 2558 4009 Simeon
2612 3933 2931 3999 allirmavit,
2966 3931 3032 3988 ei
3086 3937 3335 4009 posteris
3373 3931 3496 4009 ejus

1911 4004 2033 4060 fore
2064 4005 2260 4057 ducem
2289 4021 2304 4069 ;
2341 4018 2519 4073 neque
2546 4004 2694 4058 hunc
2723 4019 2946 4060 sensum
2977 4022 3040 4059 ex
3067 4005 3279 4063 ultimis
3309 4004 3501 4064 Jacobi

1910 4075 2118 4148 verbis,
2153 4073 2449 4148 Oeagrus
2477 4114 2523 4148 ,_
2545 4075 2763 4148 elicere,
2795 4091 2896 4130 nec
2930 4075 3089 4148 facile
3117 4092 3241 4132 cum
3297 4096 3502 4148 ιιι-ξιξερ-

1911 4146 2246 4268 dentibuslin
2283 4142 2558 4201 Simeonis
2585 4143 2938 4202 Testamento
2981 4147 3163 4204 verbis
3207 4142 3504 4206 conciliare

1916 4227 2135 4268 00101⁵11..
2197 4232 2251 4268 1).

1951 4227 2135 4270 οιθτιι.
2173 4227 2251 4268 ID.

1913 4234 2446 4364 βῆξῧμύιζρόδον
2475 4285 2823 4364 ὰνζθρ-οςερτὰ
2849 4289 3022 4354 ὀστᾶ,
3050 4311 3104 4347 κ.
3132 4313 3184 4348 τ.
3213 4294 3263 4348 λ.
3308 4294 3500 4364 liespi-

1912 4357 2254 4413 eit’fortasse
2279 4367 2476 4412 auctor
2496 4357 2562 4411 ad
2600 4357 2769 4414 Eécli.
2791 4379 2938 4425 xm,
2972 4364 3069 4418 l4:
3114 4366 3190 4419 Τὰ
3214 4363 3366 4419 ὀστᾶ
3395 4357 3503 4420 ἀύ-

1913 4427 2033 4484 τῶν
2064 4428 2356 4484 ἀναθάὶοι
2388 4429 2456 4482 ἐκ
2483 4427 2590 4482 τοῦ
2623 4429 2812 4486 τόπου
2860 4433 3057 4489 αὐτῶν
3077 4454 3097 4489 :
3129 4436 3267 4490 Ossa
3318 4452 3500 4488 eorum

1916 4499 2276 4624 siustorum)
2312 4499 2573 4570 pullulent
2601 4502 2665 4554 de
2690 4503 2806 4556 loco
2833 4522 2950 4559 suo.
2991 4504 3095 4560 Ubi
3140 4507 3222 4559 vir
3248 4522 3502 4561 summus

1949 4571 2154 4624 acubus
2195 4568 2468 4624 Benisznus
2505 4571 2806 4624 Bossuetus
2845 4577 2962 4624 haec
2999 4577 3256 4624 adnotat:
3310 4596 3328 4624 ι
3363 4578 3502 4624 (Issa

1949 4571 2154 4624 acubus
2195 4568 2468 4639 Benignus
2505 4571 2806 4627 Bossuetus
2845 4577 2962 4631 haec
2999 4577 3256 4632 adnotat:
3310 4596 3328 4628 ι
3363 4578 3502 4631 Ossa

1916 4656 2098 4694 eorum
2129 4639 2412 4716 pullulent,
2449 4639 2683 4716 formula
2713 4644 2851 4700 bene
2877 4649 3208 4716 apprecandi
3243 4649 3499 4713 mortuis,

1917 4721 1986 4788 ut
2005 4719 2152 4788 patet
2173 4710 2317 4788 infra
2342 4712 2598 4788 κως,άῖ
2623 4728 2636 4764 :
2659 4784 2671 4788 _
2696 4716 2809 4770 Kal
2844 4710 2963 4788 ζῶνί
2999 4715 3230 4773 δώδεκα
3268 4710 3503 4788 atpoqu

1915 4781 2034 4836 τῶν
2057 4782 2129 4836 τὰ
2154 4780 2306 4837 ὀστᾶ
2325 4782 2618 4837 ἁναθὰλοι
2645 4784 2717 4838 ἐκ
2763 4786 2872 4839 τοῦ
2913 4788 3103 4842 τόπου
3154 4780 3408 4843 αὐτῶν-ε’
3433 4780 3500 4843 Et

1915 4852 2192 4925 duodecim
2219 4855 2594 4925 prophetarum
2619 4871 2741 4909 ossa
2771 4855 3036 4925 pullulent
3087 4857 3152 4913 de
3207 4859 3324 4914 loco
3380 4876 3498 4913 suo.

1915 4922 2087 4990 Quasi
2111 4922 2350 4977 diceret:
2388 4922 2590 4977 Eorum
2625 4922 2890 4982 memoria
2913 4929 3251 4985 reﬂorescat.
3289 4930 3501 4985 Alludit

1915 5003 2116 5068 autem
2157 4994 2224 5048 ad
2267 4995 3080 5068 consuetudinemcollocandi
3129 5001 3382 5068 sepulcra
3442 5001 3498 5054 in

1914 5063 2152 5141 amantis
2182 5073 2262 5141 et
2289 5065 2595 5141 virentibus
2653 5067 2812 5132 locis,
2847 5079 2978 5139 puta
3008 5063 3326 5140 hortis-(iV
3367 5071 3498 5141 Reg.

1915 5129 2296 5207 xx1,_18,2li),
2330 5136 2537 5207 Christi
2569 5129 3186 5207 quoque-monumento
3233 5129 3298 5195 in
3336 5129 3498 5197 hori'o

1912 5205 2154 5332 auodam
2190 5207 2370 5276 posito
2401 5205 2586 5275 (Joan.
2623 5205 2740 5274 xui,
2775 5209 2890 5274 41).
2919 5211 3100 5266 Credo
3125 5213 3191 5267 ad
3215 5227 3499 5267 commen-

1951 5277 2152 5331 andam
2184 5278 2399 5332 piorum
2425 5293 2720 5332 perennem
2753 5295 2817 5332 ac
2845 5297 3064 5332 semper
3087 5281 3354 5332 virentem
3389 5299 3499 5332 me-

1951 5277 2152 5351 andam
2184 5278 2399 5346 piorum
2425 5293 2817 5351 perennemac
2845 5297 3064 5351 semper
3087 5281 3354 5337 virentem
3389 5299 3503 5337 me-

1913 5349 2144 5402 moriam
2172 5363 2424 5422 ac_spem
2451 5350 2908 5422 resurrectionis:
2935 5349 3029 5422 qui
3064 5352 3206 5408 horti
3260 5369 3386 5407 cum
3417 5353 3502 5406 vi-

1912 5427 2212 5501 rescerent,
2249 5420 2367 5501 ipsa
2391 5433 2517 5476 ossa
2553 5420 2618 5474 de
2650 5419 2762 5475 loco
2791 5437 2910 5501 suo,
2938 5419 2992 5477 id
3019 5431 3102 5501 est
3135 5425 3203 5478 de
3239 5425 3498 5501 sepulcro

1910 5488 2078 5561 veluti
2113 5488 2442 5561 germinare,
2478 5499 2534 5544 et
2563 5506 2666 5545 suo
2693 5491 2936 5561 quodam
2969 5494 3136 5548 modo
3170 5488 3502 5550 reviviscere

1909 5559 2256 5615 videbantur.
2292 5580 2310 5612 ι
2341 5558 2530 5629 Neque
2553 5558 2726 5617 aliud'
2754 5562 2986 5619 innuere
3016 5563 3233 5620 videtur
3279 5564 3370 5620 hic
3411 5564 3498 5620 Si-

1913 5646 2094 5692 meon,
2124 5630 2190 5684 ad
2219 5641 2452 5684 mentem
2479 5633 2721 5686 auctoris
2771 5633 2968 5688 horum
3013 5633 3495 5689 Testamentorum.

1981 5701 2093 5772 (92)
2138 5699 2330 5756 Erunt.
2357 5701 2410 5756 Id
2438 5713 2542 5771 est,
2577 5703 2848 5760 latissime
2873 5720 2931 5762 se
2960 5705 3291 5764 diﬂuudcut.
3321 5705 3493 5763 (ἶιιΑιι.
