4076 6142
479 241 611 301 1051

1468 227 1938 302 τΕεΤΑκεΝτΑ
1971 237 2066 300 xu
2107 226 2733 304 Parnmncmnuu'.

3602 241 3747 300 1053

474 365 619 419 cmlo
642 371 751 429 est,
784 379 812 418 a
845 364 1012 419 bello.
1044 363 1202 421 Tunc
1232 364 1358 421 Sem
1385 367 1805 437 gloriﬁcabitur,
1831 365 2054 437 quando

2164 370 2308 422 πᾶσα
2352 370 2386 440 ή
2418 371 2488 440 γῆ
2517 371 2627 425 ἀπὸ
2656 367 2934 440 ταραχῆς,
2983 365 3077 420 καὶ
3109 365 3258 419 πᾶσα
3304 364 3338 434 ή
3381 361 3472 416 ὑπ’
3517 361 3747 431 οὐρανὸν

480 458 746 516 Dominus
782 459 926 516 Deus
953 461 1182 531 Magnus
1209 464 1376 519 Israel
1405 467 1691 535 apparebit
1726 467 1779 520 in
1828 475 1969 520 terra
1997 474 2059 519 ut

480 552 664 615 Immo,
721 562 772 606 et
821 553 1057 607 salvabit
1105 554 1160 607 in
1203 555 1322 625 ipso
1346 557 1542 611 Adam.
1577 557 1733 612 Tunc
1778 558 2059 612 dabuntur

478 657 669 696 omnes
709 643 936 712 spiritus
964 645 1171 698 erroris
1197 647 1249 699 in
1273 648 1769 712 conculcationem,
1793 658 1846 702 et
1877 649 2058 702 homi-

479 751 575 789 nes
607 736 913 804 regnabant
941 752 1106 806 super
1138 739 1479 806 perniciosos
1507 741 1754 809 spiritus.
1790 740 1945 795 Tunc
1971 756 2057 796 re-

477 844 697 897 surgam
725 830 778 882 in
809 829 1021 895 lzetitia,
1053 831 1443 886 etbenedicam
1474 833 1761 886 Altissimo
1790 833 1843 886 in
1887 833 2058 886 mira-

477 921 679 976 bilibus
709 922 881 991 ipsius
908 940 920 983 ;
953 924 1214 992 quoniam
1251 923 1394 980 Deus
1422 940 1624 994 corpus
1651 940 1977 990 assumens,
2004 932 2062 980 et

476 1015 771 1070 comedens
801 1032 926 1070 cum
960 1016 1297 1081 hominibus,
1328 1018 1556 1073 salvavit
1581 1032 1697 1074 eos.

551 1301 662 1356 VII.
697 1323 714 1355 ι
739 1303 802 1358 Et
829 1321 997 1373 nunc,
1025 1306 1174 1363 ﬁlioli
1203 1310 1332 1371 mei,
1357 1310 1574 1365 obedite
1590 1309 1740 1375 Levi,
1769 1321 1822 1365 et
1844 1311 1895 1364 in
1920 1310 2060 1365 Juda

479 1394 963 1462 liberabimiui;et
1011 1415 1080 1454 ne
1111 1400 1419 1456 elleramini
1475 1419 1643 1473 super
1692 1403 1833 1457 duas
1883 1403 2060 1459 tribus

480 1489 602 1556 has,
627 1491 888 1561 quoniam
922 1509 988 1548 ex
1015 1494 1148 1564 ipsis
1177 1496 1383 1551 orietur
1410 1496 1564 1552 vobis
1595 1495 1744 1552 salus
1771 1495 1889 1552 Dei.
1921 1495 2062 1553 Sus-

479 1581 671 1636 citabit
709 1585 854 1639 enim
900 1585 1168 1643 Dominus
1212 1605 1279 1644 ex
1333 1589 1463 1644 Levi
1505 1591 1840 1659 pontiﬁcem,
1901 1600 1957 1645 et
1995 1605 2059 1644 ex

477 1672 618 1729 Juda
645 1691 851 1747 regem,
881 1677 1050 1733 Deum
1077 1689 1131 1734 et
1161 1682 1463 1736 hominem.
1483 1684 1584 1739 llic
1604 1682 1832 1738 salvahit
1865 1697 2060 1738 omnes

481 1779 692 1838 gentes,
723 1778 778 1824 et
805 1785 980 1841 genus
1002 1773 1191 1826 Israel.
1223 1773 1453 1842 Propter
1509 1779 1613 1828 hoc
1641 1774 1826 1828 omnia
1857 1773 2060 1828 mando

481 1861 657 1925 vobis,
708 1871 766 1916 ut
797 1871 853 1916 et
884 1879 981 1918 vos
1014 1865 1282 1919 mandetis
1324 1865 1450 1919 liliis
1479 1866 1676 1920 vestris
1703 1905 1719 1931 ,
1757 1874 1818 1920 ut
1868 1876 2062 1922 custo-

482 1955 637 2010 diant
665 1955 754 2011 illa
777 1956 830 2010 in
857 1959 1240 2028 generationes
1264 1974 1475 2014 eorum.
1506 1979 1523 2012 ι

559 2158 689 2214 VIII.
726 2159 792 2216 Et
825 2160 1050 2217 Simeon
1081 2163 1490 2218 consummavit
1533 2177 1854 2229 sermones,
1920 2176 2065 2232 quos

485 2253 764 2307 mandavit
787 2254 914 2308 liliis
943 2255 1079 2321 suis,
1111 2266 1166 2311 et
1194 2255 1455 2311 dormivit
1479 2271 1606 2311 cum
1631 2256 1889 2326 patribus
1922 2254 2062 2319 suis,

485 2361 608 2398 cum
631 2354 777 2401 esset
797 2357 1018 2402 centum
1043 2358 1098 2403 et
1127 2350 1317 2420 viginti
1344 2365 1636 2404 annorum.
1674 2347 1740 2402 Et
1761 2355 2068 2418 posuerunt

483 2452 608 2492 eum
648 2440 700 2493 iu
736 2441 952 2496 thecam
983 2442 1256 2513 lignorum
1286 2458 1393 2497 non
1420 2443 1872 2514 putrescentium,
1901 2451 1960 2496 ut
1984 2455 2071 2495 re-

481 2531 746 2587 ducerent
789 2548 914 2588 ossa
967 2534 1088 2603 ejus
1145 2535 1199 2588 in
1235 2533 1475 2590 Hebron.
1511 2533 1578 2589 Et
1630 2535 1971 2590 reduxerunt
2001 2546 2066 2586 ea

483 2623 623 2677 clam
649 2624 700 2678 in
726 2625 866 2679 bello
891 2625 1295 2697 Egyptiorum.
1323 2625 1460 2682 Ossa
1485 2627 1630 2680 enim
1657 2625 1860 2695 Ioseph
1889 2632 2070 2678 custo-

483 2715 708 2770 diebant
734 2715 973 2786 JEgyptii
1032 2719 1084 2773 in
1113 2719 1324 2772 agrariis
1358 2733 1570 2790 regum.
1616 2717 1880 2770 Dicebant
1919 2716 2066 2769 enim

483 2803 566 2856 eis
599 2802 991 2864 incantatores.
1017 2805 1161 2872 quod
1199 2807 1243 2859 si
1276 2806 1636 2875 deportentur
1659 2819 1786 2858 ossa
1833 2802 2063 2872 Joseph,

486 2892 667 2946 forent
689 2894 743 2946 in
776 2895 926 2949 omni
964 2895 1199 2967 [Egypto
1235 2897 1470 2952 tenebrae
1503 2905 1558 2951 et
1592 2897 1769 2966 caligo
1813 2905 1869 2950 et
1908 2894 2069 2964 plaga

486 3001 686 3055 magna
707 2987 864 3041 valde
895 2986 1188 3059 Egyptiis,
1218 2998 1277 3042 ut
1303 3005 1427 3044 cum
1463 2991 1683 3044 lucerna
1715 3002 1937 3059 quoque
1959 3003 2068 3043 non

485 3086 787 3146 cognoscat
817 3081 1197 3150 unusquisque
1229 3081 1452 3136 fratrem
1485 3097 1670 3137 suum.

561 3169 654 3224 IX.
691 3171 756 3226 Et
786 3171 1054 3228 ﬂeverunt
1077 3175 1171 3228 lilii
1199 3174 1417 3229 Simeon
1444 3185 1652 3246 patrem
1677 3190 1842 3230 suum
1867 3189 2068 3230 secun-

484 3263 615 3317 dum
653 3263 823 3334 legem
851 3265 1122 3330 tristitiae;
1152 3274 1207 3320 et
1240 3275 1398 3320 erant
1432 3267 1485 3320 in
1523 3265 1760 3336 Egypto
1795 3279 1972 3331 usque
1997 3263 2066 3319 ad

486 3355 606 3412 dies
639 3357 821 3413 exitus
853 3372 1050 3413 eorum
1078 3358 1148 3412 ab
1177 3357 1412 3431 Egypto
1443 3360 1496 3414 in
1532 3348 1958 3430 manu'Moysis.

1096 3584 1328 3640 CAPUT
1367 3587 1454 3640 III.

600 3679 990 3734 Testamentum
1022 3678 1180 3745 Levi,
1213 3680 1276 3732 de
1301 3680 1595 3733 sacerdotio
1617 3688 1667 3732 et
1693 3680 1961 3749 superbia.

561 3769 601 3823 1.
636 3769 1053 3841 Transcriptum
1089 3771 1376 3826 verborum
1402 3771 1553 3838 Levi,
1591 3789 1932 3845 quaecunque
1957 3775 2072 3832 dis-

490 3863 672 3934 posuit
692 3864 817 3918 liliis
835 3865 972 3927 suis,
1015 3866 1313 3920 secundum
1358 3865 1541 3919 omnia
1567 3881 1689 3935 qum
1736 3865 1972 3932 facient,
2019 3877 2073 3923 et

492 3971 837 4026 quaecunque
859 3956 1286 4026 coutingeutcis
1329 3973 1502 4028 usque
1549 3958 1616 4013 ad
1663 3959 1806 4014 diem
1850 3961 2066 4031 judicii.

493 4046 676 4101 Sanus
691 4056 828 4113 erat,
854 4049 1076 4117 quando
1095 4048 1312 4102 vocavit
1337 4063 1432 4103 eos
1459 4048 1525 4103 ad
1550 4049 1787 4118 seipsum
1811 4069 1824 4106 :
1876 4055 2074 4122 praevi-

491 4137 653 4192 debat
677 4139 822 4192 enim
855 4139 998 4208 quod
1025 4139 1325 4194 moriturus
1354 4148 1491 4194 erat.
1520 4139 1659 4194 Cum
1708 4151 1889 4197 autem
1937 4157 2073 4198 con-

493 4232 696 4304 gregati
720 4241 901 4285 essent
917 4273 932 4297 ,
957 4231 1095 4286 dixit
1116 4232 1230 4287 eis:

563 4325 626 4382 Il.
667 4346 685 4377 ‹
707 4325 820 4397 Ego
845 4326 971 4380 Levi
992 4326 1043 4380 in
1061 4326 1306 4381 Charran
1327 4338 1626 4392 conceptus
1654 4344 1800 4396 sum,
1831 4338 1886 4386 et
1910 4338 2071 4388 natus

494 4421 638 4487 illic;
667 4430 860 4491 etpost
885 4420 999 4474 haec
1033 4421 1154 4474 veni
1178 4435 1302 4475 cum
1336 4430 1486 4490 patre
1515 4421 1568 4474 in
1594 4420 1860 4476 Sichima.
1904 4421 2068 4478 Eram

494 4529 622 4567 vero
639 4511 827 4582 junior
851 4511 1008 4582 quasi
1041 4528 1309 4566 annorum
1343 4513 1554 4583 viginti,
1573 4513 1795 4582 quando
1823 4513 1925 4570 feci
1942 4531 2069 4570 cura

495 4604 751 4659 Simeone
770 4605 1064 4658 vindictam
1097 4603 1308 4658 sororis
1333 4613 1533 4658 nostrae
1562 4603 1712 4660 Dina:
1731 4605 1797 4660 de
1825 4604 2068 4660 Emmor.

497 4698 568 4754 Ut
601 4707 782 4752 autem
808 4697 1061 4766 pavimus
1086 4711 1275 4766 greges
1307 4697 1358 4750 in
1387 4697 1692 4761 Abelmaul,
1721 4698 1959 4767 Spiritus
1990 4699 2073 4753 in-

495 4792 742 4848 tellectus
773 4789 987 4845 Domini
1022 4789 1172 4844 venit
1193 4773 1358 4859 super
1389 4803 1496 4855 me,
1521 4799 1574 4843 et
1595 4790 1841 4844 videbam
1879 4806 2072 4847 omnes

497 4888 750 4942 homines
781 4885 1120 4941 occultantes
1170 4885 1314 4936 viam
1345 4898 1502 4938 suam
1529 4925 1543 4948 ,
1575 4892 1630 4938 et
1681 4881 1826 4952 quod
1882 4899 2073 4942 muros

495 4979 784 5034 :edilicavit
813 4977 914 5032 subi
947 4977 1049 5046 ipsi
1080 4975 1348 5046 injustitia
1380 4975 1423 5040 ⁷,
1453 4984 1508 5031 et
1537 4990 1702 5045 super
1732 4985 1912 5031 turres
1964 4977 2071 5032 ini-

565 5096 584 5126 ⁷
612 5093 758 5148 Psal.
789 5109 900 5156 uv,
933 5093 1020 5160 ll,
1052 5092 1136 5147 l2.

567 5213 679 5282 (95)
721 5210 1086 5281 Φαινόμενος
1138 5209 1236 5263 ἐπὶ
1281 5207 1426 5282 γῆς,
1457 5208 1543 5282 ὡς,
1568 5209 1899 5282 ἇκθρωπος.
1942 5209 2074 5277 Qua:

499 5279 590 5348 hic
617 5279 671 5339 et
707 5283 870 5353 paulo
897 5279 1040 5352 posl,
1076 5282 1143 5336 de
1168 5296 1364 5346 magno
1399 5279 1506 5334 Deo
1534 5281 1587 5334 in
1619 5280 1796 5353 forma
1831 5281 2071 5337 hominis

498 5370 663 5424 super
696 5352 899 5408 terram
926 5360 1309 5424 apparenteet‘
1346 5365 1471 5424 cum
1518 5352 1838 5424 hominibus
1884 5367 2071 5424 come—

497 5420 659 5481 dente
685 5420 973 5484 dicuntur,
1001 5420 1112 5477 non
1139 5421 1335 5480 .Iudmi.
1370 5420 1464 5474 sed
1498 5423 1798 5478 Christiani
1832 5422 2072 5478 hominis

499 5508 628 5551 sunt
651 5496 836 5550 verba.
863 5494 1035 5553 GRAB.

572 5568 663 5636 (94

592 5639 662 5690 95

592 5639 662 5690 95

570 5639 663 5777 29s

735 5565 834 5632 Ὠς
852 5567 1183 5635 ἄνθρωπος.
1212 5561 1428 5620 Omissa
1471 5573 1618 5621 sunt.
1654 5567 1734 5621 Id.

737 5636 850 5690 Ἐν.
891 5637 1031 5689 Ἐπί.
1070 5638 1145 5690 In.

738 5707 1048 5776 'Apztspéa,
1076 5709 1167 5760 καὶ
1199 5707 1266 5760 ἐκ
1292 5708 1396 5761 τοῦ
1435 5707 1621 5761 Ἰούδα
1638 5708 1922 5771 βασιλέα.
1967 5711 2072 5774 rp.

665 5569 686 5776 ξ

2158 463 2266 516 ἀπὸ
2299 464 2558 534 πολέμου.
2595 465 2738 516 Τότε⁸
2760 464 2881 534 Σὴμ
2913 459 3382 529 ἐνδοξασθήσεται,
3417 457 3507 509 ὅτε
3542 455 3746 524 Κύριος

2156 557 2186 608 ὁ
2217 555 2351 618 Θεὸς
2387 556 2558 626 μέγας
2589 554 2685 607 τοῦ
2733 553 2948 628 Ἰσραὴλ
2982 553 3308 623 φαινόμενος
3349 549 3443 603 ἐπὶ
3481 549 3586 620 γῆς
3635 547 3745 616 (95)

2158 648 2236 711 ὡς
2282 648 2566 718 ἄνθρωπος
2602 647 2713 717 (94)
2735 687 2750 710 ,
2786 647 2880 701 καὶ
2915 644 3106 709 σώζων
3139 647 3198 697 ἐν
3216 641 3365 712 αύτῷ
3414 642 3507 694 τὸν
3552 640 3742 710 Ἀδάμ.

2159 741 2293 793 Τότε
2325 739 2642 810 δοθήσονται
2679 739 2854 792 πάντα
2887 737 2956 791 τὰ
2975 736 3263 808 πνεύματα
3295 736 3395 806 τῆς
3428 732 3636 803 πλάνης
3669 733 3747 794 εἰς

2160 833 2560 905 καταπάτησιν,
2597 835 2692 887 καὶ
2721 835 2772 886 οἱ
2804 831 3078 903 ἄνθρωποι
3115 829 3493 902 βασιλεύσουσι
3525 825 3747 878 τῶνπο-

2157 928 2342 1001 νηρῶν
2374 929 2723 998 πνευμάτων.
2760 927 2894 980 Τότε
2913 926 3291 997 ἀναστήσομαι
3324 926 3383 976 ἐν
3415 921 3754 994 εὐφροσύνῃ,

2161 1026 2253 1079 καὶ
2288 1025 2566 1096 εὐλογήσω
2597 1025 2690 1079 τὸν
2728 1025 2990 1093 ’Ὕψιστον
3023 1025 3080 1077 ὲν
3113 1021 3225 1094 (95)
3259 1025 3374 1086 τοῖς
3423 1013 3744 1091 θαυμασίοις

2161 1118 2326 1172 αὐτοῦ
2347 1137 2360 1149 ·
2397 1120 2479 1173 ὃτι
2513 1121 2541 1172 ό
2590 1118 2724 1182 Θεὸς
2757 1119 2916 1187 σῶμα
2947 1115 3147 1180 λαϐὼν,
3182 1116 3277 1168 καὶ
3325 1114 3619 1168 συνεσθίων
3651 1115 3743 1168 ἀν-

2162 1210 2418 1283 θρώποις,
2455 1211 2656 1265 ἔσωσεν
2689 1210 2904 1273 αὐτούς.

2235 1303 2308 1354 Z'.
2351 1321 2368 1351 ε
2399 1303 2509 1355 Kal
2541 1301 2656 1365 νῦν,
2691 1300 2881 1354 τεκνία
2917 1317 3017 1372 μου
3043 1340 3058 1362 ,
3095 1300 3398 1354 ὑπακούετε
3443 1299 3575 1352 Δευτ
3597 1339 3612 1363 ,
3655 1303 3746 1356 καὶ

2164 1395 2221 1446 ὲν
2269 1393 2438 1466 Ἰούδᾳ
2469 1393 2919 1465 λυτρωθήσεσθε·
2957 1394 3053 1446 καὶ
3091 1393 3164 1464 μὴ
3201 1392 3492 1464 ἐπαίρεσθε
3528 1393 3619 1445 ἐπὶ
3649 1394 3745 1454 τὰς

2161 1488 2256 1541 δύο
2288 1487 2462 1556 φυλὰς
2494 1487 2731 1550 ταύτας,
2768 1487 2850 1540 ὃτι
2900 1486 2961 1550 ἐξ
2992 1485 3172 1539 αὐτῶν
3218 1485 3468 1538 ἀνατελεῖ
3517 1486 3644 1556 ὑμῖν
3686 1485 3746 1538 τὸ

2167 1582 2431 1652 σωτήριον
2462 1579 2558 1634 τοῦ
2600 1579 2754 1634 Θεοῦ.
2806 1579 3123 1650 Ἀναστήσει
3168 1577 3278 1650 γὰρ
3311 1577 3519 1649 Κύριος
3559 1579 3624 1631 ἐκ
3655 1579 3744 1631 τοῦ

2165 1668 2296 1723 Λευτ
2345 1670 2650 1742 ἀρχιερέα,
2706 1671 2800 1724 καὶ
2852 1671 2918 1722 ἐκ
2966 1667 3060 1722 τοῦ
3107 1669 3278 1722 ’ἰούδα
3333 1667 3557 1738 βασιλέα
3603 1668 3744 1738 (96),

2162 1763 2296 1816 Θεὸν
2316 1764 2411 1816 καὶ
2442 1763 2746 1836 ἄνθρωπον.
2795 1752 2963 1824 Οὗτος
3003 1760 3166 1816 σώσει
3189 1762 3367 1815 πάντα
3385 1761 3456 1815 τά
3489 1761 3634 1832 ἔθνη,
3658 1764 3748 1815 καὶ

2162 1857 2224 1909 τὸ
2255 1855 2411 1924 γένος
2441 1857 2550 1909 τῶν
2598 1858 2834 1930 Ἰσραήλ.
2870 1857 2967 1912 Διά
2997 1857 3156 1911 τοῦτο
3205 1857 3383 1910 πάντα
3428 1855 3539 1926 (97)
3574 1854 3749 1908 ἐντέλ-

2165 1951 2332 2020 λομαι
2366 1950 2519 2020 ὑμῖν,
2556 1951 2644 2003 ἴνα
2676 1952 2770 2005 καὶ
2818 1952 2978 2022 ὑμεῖς
3021 1951 3334 2022 ὲντείλησθε
3381 1952 3495 2013 τοῖς
3541 1950 3748 2010 τέκνοις

2164 2043 2340 2115 ὑμῶν,
2377 2045 2525 2109 ὅπως
2558 2045 2865 2114 φυλάξωσιν
2897 2046 3038 2100 αύτά
3058 2047 3139 2110 είς
3170 2045 3269 2109 τὰς
3301 2043 3495 2113 γενεὰς
3519 2045 3742 2097 αὐτῶν.»

2237 2137 2320 2191 H'.
2369 2138 2480 2190 Kal
2540 2137 2852 2190 συνετέλεσε
2925 2137 3148 2209 Συμεὼν
3207 2138 3590 2210 ἐντελλόμενος
3642 2139 3749 2201 τοῖς

2165 2231 2302 2292 υίοῖς
2333 2231 2518 2294 αὐτοῦ,
2554 2231 2649 2284 καὶ
2680 2230 2946 2302 ἐκοιμήθη
2972 2231 3110 2301 μετὰ
3140 2232 3247 2286 τῶν
3281 2233 3534 2303 πατέρων
3566 2228 3748 2302 αὐτοῦ,

2165 2329 2301 2381 ἐτῶν
2327 2335 2428 2400 ρκ’.
2457 2327 2567 2380 Καὶ
2592 2325 2792 2396 ἔθηκαν
2817 2325 2978 2378 αὑτὸν
3011 2328 3069 2378 ὲν
3089 2324 3233 2400 θήκῃ
3266 2326 3440 2393 ξύλων
3471 2328 3749 2398 ἀσήπτων,

2164 2421 2261 2474 τοῦ
2296 2424 2590 2490 ἀναγαγεῖν
2623 2421 2691 2472 τὰ
2721 2421 2857 2473 ὀστᾶ
2889 2420 3053 2473 αὐτοῦ
3089 2422 3148 2472 ὲν
3193 2420 3423 2492 Χεϐρόν.
3473 2422 3584 2475 Kal
3624 2421 3744 2491 ἀνή-

2165 2531 2364 2582 νεγκαν
2397 2513 2538 2567 αὐτὰ
2571 2515 2626 2566 ὲν
2661 2513 2886 2584 πολέμῳ
2926 2513 3240 2582 Αἰγυπτίων
3282 2516 3486 2586 κρυφῇ.
3537 2514 3621 2566 Τὰ
3649 2513 3756 2585 γὰρ

2165 2608 2302 2660 ὀστᾶ
2365 2606 2562 2678 Ἰωσὴφ
2621 2606 2918 2676 ἐφύλαττον
2951 2607 3000 2660 οἱ
3034 2607 3325 2674 Αἰγύπτιοι
3382 2607 3440 2659 ὲν
3498 2609 3612 2670 τοῖς
3659 2623 3754 2658 τα·-

2169 2699 2340 2771 μείοις
2374 2698 2484 2769 (98)
2519 2698 2628 2752 τῶν
2684 2697 2964 2768 βασιλέων.
3027 2697 3255 2766 Ἔλεγον
3313 2699 3422 2771 γὰρ
3474 2699 3657 2762 αὐτοῖς
3707 2700 3755 2752 oi

2167 2791 2426 2854 ὲπαοιδοὶ,
2459 2793 2542 2846 δτι
2575 2793 2633 2844 ἐν
2666 2791 2829 2862 ἐξόδῳ
2848 2791 3051 2847 ὀστέων
3098 2793 3296 2864 Ἰωσὴφ
3331 2792 3481 2844 ἔσται
3515 2793 3573 2844 ἐν
3609 2791 3756 2864 πάσῃ

2166 2887 2233 2956 τῇ
2265 2887 2335 2956 γῇ
2371 2883 2648 2952 Αἰγύπτου
2682 2883 2890 2947 σκότος,
2929 2885 3021 2937 καὶ
3057 2882 3238 2954 πληγὴ
3295 2881 3503 2954 μεγάλη
3554 2881 3756 2950 σφόδρα

2167 2979 2279 3040 τοῖς
2307 2975 2643 3044 Αἰγυπτίοις,
2678 2974 2819 3027 ὥστε
2856 2973 2995 3045 μετά
3026 2973 3221 3045 λύχνου
3268 2974 3342 3045 μὴ
3376 2973 3757 3042 ἐπιγινώσκειν

2091 3090 2136 3148 c
2169 3070 2399 3133 ἕκαστος
2431 3068 2522 3122 τὸν
2553 3067 2780 3136 ἀδελφὸν
2814 3063 3002 3120 αὑτοῦ.

2243 3164 2319 3217 6'.
2356 3165 2466 3217 Kal
2499 3161 2768 3214 ἔκλαυσαν
2800 3160 2908 3214 υἱοὶ
2940 3159 3164 3232 Συμεὼν
3195 3161 3286 3214 τδν
3321 3164 3533 3234 πατέρα
3579 3161 3757 3215 αὐτῶν

2173 3253 2316 3310 κατά
2345 3255 2437 3308 τὸν
2470 3253 2633 3325 νόμον
2665 3253 2760 3304 τοῦ
2789 3250 3048 3316 πένθους·
3085 3252 3180 3305 καὶ
3201 3248 3340 3324 ἦσαν
3373 3254 3453 3315 είς
3486 3254 3758 3320 Αἴγυπτον

2172 3349 2278 3409 ἕως
2314 3347 2526 3419 ἡμέρας
2579 3345 2761 3413 ἐξόδου
2818 3343 3000 3398 αὐτῶν
3032 3345 3128 3398 ἀπ’
3188 3344 3300 3418 (99)
3361 3347 3640 3415 Αἰγύπτου
3699 3347 3758 3400 ὲν

2174 3439 2318 3511 χειρ)⁵
2352 3437 2589 3493 Μωῦσοῦ
2624 3437 2794 3509 (100).

2705 3593 3100 3647 ΚΕΦΑΔΑΙΟΝ
3132 3593 3208 3647 1".

2173 3687 2431 3758 Διαθήκη
2464 3689 2630 3754 Λευῒ,
2653 3691 2788 3757 περὶ
2818 3689 3154 3757 ἱερωσύνης
3189 3689 3288 3744 καὶ
3323 3689 3758 3759 ὑπερηφανίας.

2244 3805 2320 3856 A'.
2371 3802 2723 3874 Ἀντίγραφον
2757 3801 2930 3871 λόγων
2963 3801 3113 3868 Λευῒ,
3149 3802 3248 3856 ὅσα
3270 3801 3474 3856 διέθετο
3493 3806 3606 3864 τοῖς
3624 3803 3762 3866 υἱοῖς

2173 3894 2361 3959 αὑτοῦ,
2399 3893 2539 3948 κατὰ
2569 3892 2744 3947 πάντα
2776 3893 2812 3948 ἂ
2845 3895 3154 3965 ποιήσουσι,
3191 3895 3286 3947 καὶ
3318 3894 3417 3946 ὅσα
3439 3895 3761 3964 συναντήσει

2173 3992 2355 4056 αὐτοῖς
2387 3990 2492 4053 ἓως
2523 3992 2736 4064 ἡμέρας
2771 3993 3025 4064 κρίσεως.
3075 3991 3365 4060 ’Υγιαίνων
3397 3987 3486 4063 ἦν,
3523 3992 3611 4043 ὅτε
3633 3990 3762 4043 exa-

2173 4084 2326 4137 λεσεν
2385 4084 2581 4148 αὐτοὺς
2639 4084 2773 4156 πρὸς
2807 4084 3034 4136 ἑαυτόν·
3095 4081 3248 4154 ὤφθη
3309 4083 3420 4155 γὰρ
3473 4083 3639 4152 αὐτῷ,
3678 4084 3762 4136 ὅτι

2177 4175 2359 4247 μέλλει
2394 4176 2773 4246 ἀποθνήσκειν.
2815 4178 2942 4230 Ὅτε
2975 4177 3033 4231 δὲ
3067 4175 3430 4248 συνήχθησαν,
3465 4173 3588 4230 εἶπε
3623 4177 3762 4248 πρὸς

2174 4264 2387 4330 αὐτούς’

2248 4362 2321 4413 B'.
2363 4379 2380 4411 ι
2423 4359 2564 4428 Ἐγὼ
2596 4357 2724 4413 Λευῖ
2757 4361 2814 4411 ἐν
2847 4357 3074 4431 Χαρῤἀν
3109 4358 3478 4432 συνελήφθην,
3514 4358 3608 4413 καὶ
3639 4358 3756 4412 ἐτέ-

2099 4433 2148 4493 D
2175 4448 2309 4518 χθην
2343 4450 2479 4510 ἐκεῖ,
2514 4449 2608 4502 καὶ
2643 4447 2782 4520 μετά
2813 4448 2986 4501 ταῦτα
3019 4443 3181 4518 ἦλθον
3217 4450 3314 4501 σὺν
3347 4447 3429 4520 τῷ
3463 4450 3630 4518 πατρὶ
3681 4449 3763 4509 εἰς

2175 4538 2408 4610 Σίκημα.
2451 4541 2637 4611 Ἤμην
2685 4538 2742 4591 δὲ
2785 4538 3069 4610 νεώτερος,
3103 4538 3237 4592 ὡσεὶ
3271 4537 3347 4609 (1)
3398 4539 3533 4592 ὲτῶν
3567 4545 3635 4600 κ’,
3672 4539 3762 4590 ὅτε

2175 4631 2406 4703 ἐποίησα
2453 4631 2591 4701 μετά
2635 4631 2860 4701 Συμεὼν
2912 4631 3010 4702 τὴν
3051 4630 3329 4702 ἐκδίκησιν
3383 4631 3481 4701 τῆς
3524 4629 3766 4700 ἀδελφῆς

2176 4724 2330 4796 ήμῶν
2355 4724 2513 4788 Δίνας
2538 4725 2644 4779 ἀπὸ
2675 4724 2770 4778 τοῦ
2802 4725 3048 4798 Ἑμμὼρ.
3088 4723 3176 4787 Ὠς
3199 4725 3254 4778 δὲ
3278 4725 3668 4794 ὲποιμαίνομεν
3686 4724 3762 4794 (2)

2174 4821 2232 4873 ὲν
2271 4817 2622 4888 Ἀϐελμαοὺλ,
2657 4819 2875 4889 πνεῦμα
2921 4817 3190 4881 συνέσεως
3224 4816 3433 4888 Κυρίου
3472 4812 3637 4887 ἦλθεν
3673 4817 3763 4869 ἐπ’

2174 4913 2294 4984 ἐμὲ,
2327 4893 2656 4973 καῖ’πάντας
2681 4910 2999 4982 ἀνθρώπους
3035 4907 3222 4980 ἐώρων
3261 4906 3625 4977 ἀφανίζοντας
3660 4907 3762 4977 τὴν

2173 5003 2290 5057 ὁδὸν
2316 5002 2516 5067 αὐτῶν,
2544 5004 2638 5056 κα).
2659 5003 2739 5056 ὅτι
2763 5001 2912 5072 τείχη
2934 5000 3281 5072 ᾠκοδόμησεν
3305 4999 3471 5072 ἑαυτῇ
3496 5001 3530 5071 ἡ
3555 4996 3760 5060 ἀδικία,

2171 5212 2248 5278 ὡς
2269 5211 2552 5285 ἀρχιερέα,
2586 5207 2927 5285 ὼς-βα-σιλέα.
2963 5206 3037 5261 In.

2269 5231 2305 5268 α
2381 5231 2552 5285 ιερεα,
2586 5231 2662 5274 ως
2688 5231 2927 5277 ρασιΛεα.

2268 5231 2377 5341 θεῖ(
2400 5283 2620 5337 Πάντα.
2657 5279 2863 5332 Ταῦτα.
2890 5277 2964 5332 In.

2268 5349 2358 5422 98)
2406 5354 2686 5422 Ταμείοις.
2726 5349 3026 5422 Ταμιείοις.
3055 5349 3129 5404 In.

2268 5420 2358 5488 99)
2410 5420 2544 5478 Ἀπ’.
2589 5421 2695 5488 Ἐξ.
2727 5420 2800 5474 In.

2249 5491 2714 5582 (I90)nhlcai"c;‘ofr.
2744 5493 2863 5582 ξ’ρᾲ
2878 5491 3108 5582 Μξυῦσῆ.
3148 5491 3220 5546 In.

2248 5553 2324 5634 (Ι)
2375 5553 2555 5619 Ὧσεί.
2589 5553 3008 5634 Omissum._ln.

2249 5632 2325 5708 (2)
2380 5634 2852 5704 Ἐποιμαίιιομεικ
2901 5632 3266 5706 Ἐποίμαινον.
3305 5632 3378 5688 In.
