4076 6142
394 285 531 342 1053

1693 282 2218 340 TESTAMENTUM
2256 281 2434 337 Μῖνι.

3523 290 3659 347 1054

387 403 486 458 καὶ
516 403 610 457 ἐπὶ
633 403 875 476 πύργους
914 406 945 474 ἡ
982 400 1183 474 ἀνομία
1218 401 1486 475 κάθηται”
1525 404 1619 456 καὶ
1659 401 1968 473 ἐλυπούμην

2090 402 2279 472 quitas
2310 402 2483 466 sedit;
2517 408 2569 456 et
2597 406 2851 461 tnstatus
2874 409 2995 462 sum
3027 409 3094 463 de
3117 423 3311 479 genere
3351 408 3660 473 hominum,

390 499 521 568 περὶ
543 496 636 550 τοῦ
673 498 862 566 γένους
894 497 1002 550 τῶν
1025 495 1348 568 ἀνθρώπων,
1375 498 1470 550 καὶ
1493 495 1738 567 εὐξάμην
1764 495 1974 566 Κυρίῳ,

387 591 537 654 ὅπως
565 590 742 644 σωθῶ.
772 590 904 642 Τότε
930 589 1198 642 ἐπέπεσεν
1223 587 1309 640 ἐπ’
1341 588 1446 658 ἐμὲ
1480 585 1668 649 ὕπνος,
1709 585 1804 638 καὶ
1818 583 1974 637 ἐθεα-

389 681 574 752 σάμην
597 683 720 753 ὅρος
745 681 977 752 ὑψηλόνο
1019 679 1179 734 τοῦτο
1204 680 1329 751 ὅρος
1375 679 1624 742 ’Ᾱσπίδος
1663 679 1721 730 ἐν
1786 678 1977 748 Ἅϐελ-η

390 772 564 843 μαούλ
591 772 688 843 (5).
719 773 828 825 Καὶ
865 772 974 825 ἰδοὺ
998 769 1352 842 ἀνεῴχθησαν
1377 772 1427 822 οἱ
1451 771 1692 842 οὐρανοὶ,
1737 771 1832 823 καὶ
1869 769 1982 838 ἀγέ

387 860 542 928 γελος
569 860 771 931 Κυρίου
807 855 929 914 εἷπε
955 859 1090 931 πρός
1123 875 1226 930 με·
1283 878 1302 911 ι
1327 857 1460 912 Λευῒ
1481 899 1497 922 ,
1542 859 1774 913 εἴσελθε.
1803 880 1822 913 ι
1865 860 1976 913 Καὶ

385 952 637 1023 εἰσῆλθον
685 953 749 1007 ἐκ
786 954 881 1007 τοῦ
919 953 1140 1025 πρώτου
1180 951 1411 1026 ούρανοῦ
1458 953 1538 1016 εἰς
1576 953 1668 1006 τὸν
1701 953 1972 1024 δεύτερον,

389 1045 484 1096 καὶ
516 1039 654 1097 εἶδον
695 1046 813 1099 ἐκεῖ
852 1044 997 1117 ὕδωρ
1032 1044 1382 1116 κρεμάμενον
1421 1043 1526 1098 ἀνὰ
1555 1044 1720 1115 μέσον
1779 1043 1973 1098 τούτου

389 1131 662 1186 κάκείνου.
701 1136 811 1188 Καὶ
844 1130 983 1188 εἶδον
1011 1133 1087 1205 (4)
1122 1134 1306 1207 τρίτον
1329 1133 1560 1206 οὐρανὸν
1598 1133 1733 1186 πολὺ
1775 1152 1972 1204 φωτει-

391 1225 610 1297 νότερον
655 1227 810 1298 παρά
861 1227 988 1290 τοὺς
1025 1225 1149 1280 δύο·
1188 1228 1282 1280 καὶ
1315 1227 1424 1297 γὰρ
1449 1226 1582 1298 ὕψος
1619 1223 1688 1298 ἦν
1723 1230 1780 1281 ἐν
1824 1230 1973 1301 αύτῷ

385 1318 631 1390 ἄπειρον.
669 1320 780 1371 Καὶ
799 1317 950 1372 εἷπον
973 1319 1051 1390 τῷ
1078 1319 1294 1390 ἀγγέλῳ
1316 1337 1330 1350 ·
1367 1339 1384 1370 ι
1410 1320 1562 1372 Διατί
1586 1319 1792 1386 οὖτωςς
1820 1340 1838 1371 ι
1860 1322 1972 1375 Καὶ

385 1405 538 1464 εἶπεν
570 1414 600 1464 ὁ
624 1411 852 1482 ἄγγελος
879 1413 1014 1484 πρός
1041 1430 1107 1484 με
1127 1429 1141 1442 ⁸
1186 1432 1203 1462 ι
1229 1413 1318 1484 Μὴ
1356 1411 1602 1483 θαύμαζε
1626 1413 1721 1466 ἐπὶ
1741 1411 1969 1476 τούτοις,
2000 1487 2006 1496 .

383 1504 577 1571 ἄλλους
611 1508 720 1578 γὰρ
742 1508 1014 1578 τέσσαρας
1036 1508 1300 1580 οὐρανοὺς
1322 1508 1442 1578 ἕψει
1467 1509 1855 1582 φαιδροτέρους
1879 1509 1972 1563 καὶ

381 1598 769 1671 ἀσυγκρίτους,
806 1600 935 1652 ὅταν
969 1599 1200 1670 ἀνέλθῃς
1228 1600 1374 1652 ἐκεῖ·
1411 1600 1492 1653 ὃτι
1536 1601 1600 1653 σὺ
1639 1601 1806 1669 ἐγγὺς
1852 1602 1969 1654 Κυ-

385 1690 502 1760 ρίου
531 1691 727 1762 στήσῃ,
759 1692 854 1744 καὶ
881 1690 1194 1763 λειτουργὸς
1227 1689 1392 1744 αὑτοῦ
1418 1692 1538 1766 ἔσῃ,
1577 1693 1669 1746 καὶ
1696 1694 1970 1765 μυστήρια

381 1756 548 1832 αὑτοῦ
575 1756 889 1850 ἐξαγγελεῖς
910 1784 1023 1845 τοῖς
1048 1756 1377 1853 ἀνθρώποις,
1415 1756 1518 1835 καί.
1543 1784 1672 1855 περὶ
1696 1756 1804 1836 *τοῦ
1845 1756 1972 1855 μέλ-
2001 1756 2044 1811 Β

379 1869 578 1949 λοντος.
590 1869 916 1942 λυτροῦσθαι
939 1870 1032 1924 τὸν
1079 1872 1298 1944 Ἰσραὴλ
1323 1873 1580 1944 κηρύξεις
1598 1891 1610 1904 ·
1649 1874 1743 1927 κα)⁵
1769 1874 1855 1927 διὰ
1877 1873 1970 1927 σοῦ

379 1962 475 2017 καὶ
513 1963 678 2016 Ἰούδα
703 1963 996 2035 ὀφθήσεται
1022 1966 1226 2038 Κύριος
1248 1968 1306 2019 ἐν
1341 1966 1677 2039 ἀνθρώποις,
1704 1965 1894 2030 σώζων
1912 1969 1971 2021 ἐν

378 2054 565 2118 αὐτοῖς
590 2056 698 2108 πᾶν
731 2056 887 2126 γένος
912 2057 1217 2130 ἀνθρώπων
1238 2077 1251 2089 ο
1289 2061 1383 2112 καὶ
1417 2060 1480 2112 ἐκ
1510 2058 1726 2130 μερίδος
1763 2058 1970 2131 Κυρίου

379 2141 414 2208 ἡ
437 2138 548 2211 ζωή
581 2157 696 2206 σου,
721 2144 814 2196 καὶ
839 2143 1001 2208 αὐτὸς
1025 2143 1177 2197 ἔσται
1205 2161 1296 2198 σου
1325 2145 1513 2217 ἀγρὸς,
1541 2145 1819 2217 ἀμπελὼν,
1839 2165 1968 2219 καρ-

379 2231 492 2294 ποὶ,
529 2234 753 2304 χρυσίον
787 2237 881 2289 καὶ
916 2236 1200 2309 ἀργύριον.

450 2325 523 2379 1".
577 2345 595 2377 ι
643 2329 905 2382 Ἄκουσον
953 2325 1044 2383 οὖν
1092 2331 1221 2401 περὶ
1267 2331 1376 2384 τῶν
1424 2332 1564 2386 ἐτι-τὰ
1597 2333 1861 2406 οὐρανῶν.
1911 2336 1969 2391 Ὁ

379 2415 684 2489 κατώτερος
717 2419 805 2474 διὰ
836 2421 994 2476 τοῦτο
1030 2423 1380 2496 στυγνότερός
1406 2425 1574 2489 ἐστιν,
1602 2427 1788 2499 ἐπειδὴ
1816 2420 1968 2492 οὗτος

378 2507 529 2579 παρά
576 2510 754 2574 πάσας
802 2511 1016 2575 ἀδικίας
1064 2510 1386 2582 ἀνθρώπων.
1453 2514 1510 2566 '0
1554 2512 1808 2586 δεύτερος
1853 2514 1967 2585 ἔχει

378 2599 512 2671 πῦρ,
549 2602 723 2671 χιόνα,
755 2603 1106 2675 κρύσταλλον,
1135 2593 1444 2674 ἓτοιμαέίς
1482 2604 1697 2677 ἡμέραν
1731 2605 1968 2676 προστά-

376 2709 589 2763 γματος
613 2696 840 2768 Κυρίου,
869 2698 927 2748 ἐν
954 2700 1019 2768 τῇ
1047 2697 1416 2769 δικαιοκρισίᾳ
1447 2695 1541 2750 τοῦ
1576 2697 1711 2750 Θεοῦ
1731 2715 1743 2727 ·
1782 2699 1840 2751 ἐν
1865 2698 1964 2752 αύ-

374 2785 457 2857 τῷ
495 2790 599 2841 εἱσι
637 2791 814 2843 πάντα
847 2789 918 2842 τὰ
952 2789 1239 2862 πνεύματα
1280 2790 1356 2861 (5)
1393 2791 1500 2842 τῶν
1545 2791 1849 2859 ἐπαγωγῶν
1885 2793 1966 2855 εἰς

376 2881 656 2952 ἐκδίκησιν
689 2881 798 2934 τῶν
833 2883 1070 2953 ἀνόμων.
1123 2883 1210 2936 Ἐν
1243 2881 1320 2953 τῷ
1345 2881 1514 2954 τρίτῳ
1551 2883 1692 2936 εἰσὶν
1716 2884 1770 2936 αί
1805 2882 1965 2938 δυνά-

379 2991 500 3044 μεις
532 2973 641 3026 τῶν
668 2973 1052 3045 παρεμϐολῶν,
1087 2973 1370 3044 ταχθεῖσαι
1399 2973 1472 3045 (6)
1503 2977 1581 3038 εἰς
1609 2974 1821 3048 ἡμέραν
1845 2973 1964 3046 κρί-

2079 502 2134 548 ει
2169 494 2324 547 oravi
2355 493 2645 548 Dominum
2677 504 2736 550 ut
2758 497 3019 554 salvarer.
3065 498 3219 556 Tunc
3251 500 3448 556 cecidit
3497 517 3660 570 super

2079 601 2168 640 me
2202 601 2453 653 somnus,
2473 597 2530 642 et
2546 590 2948 659 contemplatus
2964 607 3083 646 sum
3103 601 3343 648 montem
3355 594 3653 649 excelsum:

2079 679 2169 734 hic
2198 687 2285 733 est
2309 695 2472 734 mons
2497 679 2722 749 Aspidis
2751 681 2804 735 in
2837 682 3145 738 Abelmaul.
3203 685 3270 739 Et
3313 703 3437 742 ecce
3481 689 3655 757 aperti

2077 780 2208 826 sunt
2227 773 2352 828 εωΙί
2382 813 2398 838 ,
2424 783 2476 828 ει
2505 775 2732 844 angelus
2750 773 2844 830 Dei
2876 776 3011 830 dixit
3035 778 3168 831 mihi
3193 795 3206 830 :
3260 799 3278 829 ι
3300 779 3447 846 Levi,
3475 782 3656 852 ingre-

2075 864 2224 920 dere.
2249 885 2268 918 ι
2312 864 2378 920 Ει
2406 866 2750 936 ingrediebar
2779 869 2846 923 de
2879 868 3055 938 primo
3087 871 3226 925 celo
3252 871 3304 924 in
3330 873 3651 939 secundum,

2075 965 2129 1012 ct
2167 958 2280 1012 vidi
2313 957 2424 1014 illic
2447 976 2646 1029 aquam
2690 977 3015 1031 suspensam
3074 963 3129 1016 in
3180 963 3358 1018 medio
3394 965 3556 1034 huius
3598 973 3654 1019 et
3729 981 3733 988 ’

2076 1051 2246 1107 illius.
2278 1051 2344 1107 Et
2365 1053 2474 1106 vidi
2507 1055 2727 1107 tertium
2757 1055 2954 1110 coelum
2992 1056 3166 1110 multo
3205 1057 3438 1112 lucidius
3486 1074 3650 1128 quam

2076 1145 2253 1212 duos;
2285 1146 2486 1201 etenim
2526 1147 2757 1202 altitudo
2793 1158 2911 1203 erat
2936 1150 2990 1203 in
3025 1149 3144 1219 ipso
3175 1150 3407 1206 infinita.
3453 1151 3519 1207 Et
3570 1153 3654 1207 di-

2076 1237 2266 1292 cebam
2302 1237 2493 1306 angelo
2531 1255 2543 1290 :
2581 1257 2600 1290 ‹
2643 1237 2873 1307 Propter
2902 1239 3034 1309 quid
3078 1241 3193 1294 ita?
3222 1261 3241 1294 ι
3275 1240 3340 1296 Ει
3376 1242 3512 1298 dixit
3551 1261 3652 1298 an-

2075 1327 2230 1398 gelus
2266 1328 2432 1382 mihi:
2468 1326 2581 1382 «Ne
2611 1328 2828 1384 mireris
2883 1329 2936 1382 in
2973 1328 3094 1396 his;
3129 1349 3147 1381 ι
3183 1331 3320 1385 alios
3341 1331 3486 1386 enim
3514 1346 3651 1400 qna-

2075 1429 2201 1475 tuor
2257 1421 2427 1475 caelos
2464 1421 2673 1475 videbis
2733 1421 2998 1476 clariores
3053 1431 3107 1477 et
3169 1422 3647 1492 incomparabiles,

2073 1529 2200 1569 cum
2232 1512 2548 1568 ascenderis
2575 1513 2716 1578 illic;
2749 1515 3008 1583 quoniam
3035 1522 3090 1568 tu
3136 1528 3304 1584 pr0pe
3357 1513 3653 1568 Dominum

2075 1607 2273 1671 stabis,
2301 1615 2356 1660 et
2376 1606 2627 1660 minister
2651 1606 2826 1676 ipsius
2861 1607 2994 1672 eris,
3021 1614 3075 1661 et
3113 1606 3372 1677 mysteria
3408 1606 3530 1674 ejus
3554 1621 3654 1659 an-

2074 1701 2355 1756 nuntiabis
2385 1699 2722 1763 hominibus,
2754 1709 2807 1753 et
2854 1697 2922 1753 de
2953 1707 3184 1752 venturo
3214 1698 3451 1751 liberare
3485 1693 3655 1754 Israel

2075 1791 2437 1863 praedicabis;
2473 1800 2527 1847 et
2545 1807 2642 1861 per
2675 1799 2728 1845 te
2759 1800 2814 1846 et
2835 1789 3031 1846 Judam
3064 1789 3348 1858 apparebit
3390 1787 3653 1844 Dominus

2073 1889 2216 1942 inter
2248 1886 2520 1952 homines,
2561 1885 2782 1940 salvans
2831 1885 2886 1938 in
2917 1883 3049 1954 ipsis
3078 1898 3241 1938 omne
3265 1898 3436 1952 genus
3470 1881 3618 1936 homi
3638 1910 3652 1924 ι

2073 1996 2242 2044 num;
2272 1989 2327 2034 et
2355 1996 2420 2034 ex
2451 1988 2605 2049 parte
2635 1978 2851 2033 Domini
2882 1982 2986 2033 erit
3007 1979 3115 2032 vita
3149 1987 3272 2044 tua;
3301 1985 3355 2030 et
3379 1977 3496 2046 ipse
3546 1974 3654 2030 erit

2072 2073 2169 2128 tibi
2197 2087 2347 2142 ager,
2372 2071 2554 2136 vinea,
2586 2069 2820 2139 fructus,
2853 2087 3051 2127 aurum
3075 2079 3128 2126 et
3151 2079 3456 2140 argentum.

2143 2349 2230 2404 Ill.
2279 2351 2462 2406 «Audi
2485 2366 2616 2422 ergo
2649 2352 2717 2406 de
2744 2361 2952 2421 septem
2997 2349 3188 2406 caelis:
3233 2347 3469 2405 Inferius
3518 2364 3648 2420 pro-

2069 2453 2258 2514 pterea
2285 2446 2499 2502 tristius
2537 2455 2642 2511 est,
2667 2445 2796 2516 quia
2835 2445 2978 2500 istud
3008 2445 3167 2514 juxta
3208 2459 3403 2499 omnes
3427 2443 3650 2513 injusti-

2071 2539 2178 2593 tias
2207 2538 2491 2592 hominum
2520 2547 2625 2593 est.
2651 2537 2967 2593 Secundum
2993 2537 3157 2592 habet
3194 2537 3400 2607 ignem,
3443 2536 3647 2602 nivem,

2069 2632 2324 2706 glaciem,
2368 2639 2558 2701 parata
2589 2631 2642 2685 in
2675 2631 2822 2686 diem
2848 2632 3099 2701 praecepti
3151 2631 3390 2698 Domini,
3430 2632 3483 2685 in
3499 2631 3650 2700 justo

2064 2725 2278 2795 judicio
2296 2723 2389 2778 Dei
2415 2743 2428 2790 ;
2457 2724 2510 2778 in
2537 2725 2658 2794 ipso
2696 2734 2826 2780 sunt
2855 2740 3049 2780 omnes
3074 2725 3302 2794 spiritus
3330 2724 3648 2780 retributio-

2069 2834 2200 2872 num
2230 2817 2284 2871 in
2317 2817 2612 2872 vindictam
2644 2817 2984 2887 iniquorum.
3011 2816 3068 2871 ln
3103 2818 3261 2871 tertio
3311 2823 3441 2871 sunt
3471 2817 3648 2870 virtu-

2068 2919 2151 2967 tes
2173 2919 2505 2976 castrorum,
2535 2910 2803 2965 ordinata;
2834 2909 2888 2963 in
2914 2910 3058 2965 diem
3078 2909 3296 2979 judieii,
3332 2909 3399 2963 ad
3442 2908 3652 2964 facien»

2067 3005 2198 3059 dum
2230 3003 2530 3058 vindictam
2577 3003 2632 3056 in
2679 3001 2964 3072 spiritibus
3015 3002 3222 3058 erroris
3245 3010 3300 3056 et
3344 3001 3542 3056 Beliar.
3587 2999 3646 3055 ln

376 3083 536 3130 σεως,
574 3067 793 3137 ποιῆσαι
829 3067 1108 3138 ἐκδίκησιν
1142 3067 1198 3119 ἐν
1231 3069 1345 3130 τοῖς
1381 3066 1657 3138 πνεύμασι
1689 3067 1787 3138 τῆς
1827 3066 1962 3122 πλά-

2068 3103 2266 3166 quarto
2282 3105 2462 3150 autem
2492 3096 2746 3165 superius
2771 3095 2856 3148 his
2884 3094 3060 3149 sancti
3089 3103 3252 3159 sunt;
3286 3094 3550 3162 quoniam
3591 3093 3647 3146 in

374 3175 474 3228 νης
502 3158 593 3212 καὶ
618 3157 712 3210 τοῦ
739 3157 1028 3228 Βελιάρ.οί
1061 3159 1118 3211 δὲ
1151 3159 1232 3221 είς
1257 3158 1515 3229 τέταρτον
1545 3158 1731 3210 ἐπάνω
1755 3158 1963 3212 τούτων

377 3251 523 3320 ἆγιοί
546 3254 714 3305 είσιν’
744 3251 826 3304 ὅτι
860 3252 916 3302 ἐν
950 3249 1207 3322 ἀνωτέρῳ
1246 3249 1462 3302 πάντων
1495 3248 1750 3301 καταλύει
1863 3267 1962 3319 με-

372 3345 514 3415 γάλη
540 3345 668 3409 δόξα
687 3341 921 3412 ἐνἈγίῳ
946 3336 1137 3410 ἁγίων,
1168 3341 1424 3412 ὑπεράνω
1451 3339 1629 3408 πάσης
1655 3339 1960 3411 ἁγιότητος.

387 3437 478 3488 Ἐν
509 3434 658 3504 αὐτῷ
693 3433 769 3504 (7)
803 3435 851 3485 οἱ
887 3430 1109 3500 ἄγγελοί
1136 3433 1242 3483 εἰσι
1277 3429 1369 3482 τοῦ
1405 3427 1698 3500 προσώπου
1735 3429 1961 3500 Κυρίου,

371 3530 423 3582 οί
457 3525 898 3598 λειτουργοῦντες
930 3526 1024 3578 καὶ
1049 3523 1457 3593 ἐξιλασκόμενοι
1484 3519 1621 3594 πρὸς
1646 3521 1848 3594 Κύριον
1871 3523 1964 3574 ἐπὶ

375 3619 578 3682 πάσαις
616 3621 738 3682 ταῖς
772 3615 1015 3685 ἀγνοίαις
1061 3615 1170 3668 τῶν
1215 3613 1458 3668 δικαίων.
1489 3613 1868 3686 Προσφέρουσι
1906 3613 1964 3667 δὲ

371 3711 564 3783 Κυρίῳ
605 3710 680 3781 (8)
718 3710 895 3780 ὀσμὴν
927 3708 1157 3772 εὐωδίας
1191 3706 1416 3778 λογικὴν
1440 3748 1455 3772 ,
1492 3708 1587 3760 καὶ
1627 3706 1964 3777 ἀναίμακτον

372 3803 707 3877 προσφοράν.
757 3803 844 3854 Ἐν
886 3801 944 3854 δὲ
989 3799 1068 3870 τῷ
1118 3799 1373 3852 ὑποκάτω
1405 3798 1542 3852 εἰσὶν
1580 3800 1630 3852 οἱ
1663 3798 1882 3869 ἄγγελοι
1913 3797 1962 3850 οἱ

373 3895 630 3966 φέροντες
663 3892 761 3955 τὰς
785 3889 1105 3961 ἀποκρίσεις
1126 3890 1237 3950 τοῖς
1261 3887 1510 3956 ἀγγέλοις
1541 3886 1635 3940 τοῦ
1669 3886 1960 3959 προσώπου

372 3985 602 4057 Κυρίου.
641 3983 730 4035 Ἐν
750 3982 807 4035 δὲ
838 3980 916 4050 τῷ
951 3979 1069 4051 μετ’
1101 3979 1284 4043 αὑτὸν,
1321 3978 1429 4029 εἰσὶ
1461 3977 1662 4049 θρόνοι,
1697 3977 1958 4043 ἐξουσίαι,

372 4081 431 4131 ἐν
455 4071 498 4145 ᾧ
525 4076 612 4130 ἀεὶ
640 4075 797 4146 ὕμνοι
829 4072 908 4144 τῷ
939 4070 1058 4143 Θεῷ
1082 4069 1500 4142 προσφέρονται.
1531 4070 1696 4122 Ὅταν
1723 4065 1815 4123 οὖν
1842 4071 1961 4123 ἐπι-

372 4169 545 4242 ϐλέψῃ
575 4171 604 4223 ὁ
633 4167 840 4238 Κύριος
872 4164 948 4236 (9)
977 4163 1062 4233 ἐφ’
1090 4163 1262 4234 ἡμᾶς,
1297 4161 1500 4224 πάντες
1534 4161 1698 4232 ἡμεῖς
1735 4161 1958 4215 σαλευό-

376 4261 516 4334 μεθα
539 4279 552 4291 ο
591 4261 685 4314 καὶ
709 4261 758 4312 οἱ
792 4257 1033 4330 οὐρανοὶ,
1063 4256 1156 4310 καὶ
1190 4256 1224 4326 ἡ
1256 4252 1351 4324 γῆ,
1380 4253 1476 4306 καὶ
1499 4254 1553 4305 αί
1579 4253 1824 4319 ἀόυσσοι,
1853 4255 1960 4308 ἀπὺ

373 4352 665 4426 προσώπου
688 4350 790 4421 τῆς
828 4346 1220 4421 μεγαλωσύνης
1253 4343 1420 4400 αὑτοῦ
1457 4344 1768 4398 σαλεύονται
1804 4345 1915 4417 (10)
1940 4363 1953 4376 ·

371 4449 420 4501 οί
455 4446 510 4500 δὲ
543 4447 647 4499 υἱοὶ
676 4443 787 4498 τῶν
819 4440 1145 4513 ἀνθρώπων,
1197 4439 1290 4492 ἐπὶ
1322 4437 1532 4501 τούτοις
1565 4437 1954 4509 ἀναισθητοῦν-ι
1989 4434 2032 4489 D

370 4557 483 4604 τες,
520 4536 914 4609 ἁμαρτάνουσι,
950 4534 1044 4587 καὶ
1076 4531 1467 4603 παροργίζουσι
1506 4530 1597 4582 τὸν
1635 4529 1920 4599 Ὕψιστον.

444 4635 517 4686 A'.
548 4652 565 4683 ι
600 4629 716 4684 Νῦν
744 4623 837 4683 οὖν
859 4625 1176 4696 γινώσκετε,
1201 4625 1282 4678 ὅτι
1311 4626 1525 4697 ποιήσει
1547 4624 1752 4696 Κύριος
1775 4623 1955 4696 κρίσιν

371 4728 466 4781 ἐπὶ
497 4728 622 4789 τοὺς
677 4725 824 4788 υἱοὺς
867 4722 976 4775 τῶν
1019 4717 1355 4792 ἀνθρώπων,
1403 4720 1526 4784 ὅτε,
1575 4719 1684 4771 τῶν
1732 4716 1954 4790 πετρῶν

373 4819 726 4892 σχιζομένων,
753 4814 960 4870 καὶτοῦ
986 4814 1137 4886 ἡλίου
1164 4812 1544 4883 σϐεννυμένου,
1566 4813 1661 4866 καὶ
1689 4811 1800 4866 τῶν
1828 4811 1954 4864 ὑδά-

370 4931 481 4967 των
511 4910 912 4983 ξηραινομένων
931 4948 946 4972 ,
981 4907 1075 4960 καὶ
1102 4904 1197 4958 τοῦ
1225 4905 1397 4976 πυρὸς
1439 4905 1919 4974 καταπτήσσοντος
1941 4952 1958 4972 ,

373 5002 469 5057 καὶ
503 5001 683 5072 πάσης
725 4999 955 5062 κτίσεως
996 4994 1359 5067 κλονουμένης
1383 5035 1398 5059 ,
1426 4995 1521 5048 καὶ
1554 4993 1664 5048 τῶν
1707 4995 1956 5066 ἀοράτων

445 5159 524 5228 (5)
563 5158 673 5212 Καὶ
725 5156 1078 5224 ἐλυπούμην
1103 5192 1118 5208 .
1140 5193 1154 5207 .
1181 5193 1193 5205 .
1221 5192 1236 5206 .
1389 5149 1777 5229 apameae.
1831 5147 1956 5229 llmc

371 5221 559 5286 omnia
613 5229 816 5283 omissa
871 5221 1039 5292 sunt,
1087 5224 1278 5295 procul
1329 5222 1496 5277 dubio
1545 5236 1639 5290 per
1687 5221 1954 5273 incuriam

373 5301 590 5358 scr.b;e.
626 5300 705 5352 In.
1628 5301 1633 5318 '

446 5374 526 5440 (4)
567 5369 768 5425 Εἶδον.
806 5367 928 5420 Ἔτι
961 5366 1225 5440 additum.
1248 5366 1337 5440 _l_n.

573 5443 646 5495 Τὰ
678 5440 1008 5514 πνεύματα.
1037 5435 1112 5514 De
1138 5436 1232 5514 his
1246 5433 1616 5514 Ecclesiastici
1646 5448 1836 5514 χχχιιι,
1862 5434 1956 5489 55.

376 5505 552 5571 Ἔστι
584 5505 909 5579 πνεύματα,
943 5506 982 5560 ἃ
1012 5510 1099 5573 εἱς
1129 5506 1444 5579 ἐκδίκησιν
1475 5505 1759 5560 ἔκτισται.
1804 5505 1882 5559 In.

469 5585 524 5642 6)
570 5575 898 5650 Ταχθὲἷσαι.
936 5579 999 5630 Οἱ
1020 5577 1340 5650 ταχθέντες.
1384 5575 1459 5630 lu.

472 5653 524 5722 7)
563 5646 751 5717 Αὐτῷ.
788 5651 878 5722 Τῷ
914 5646 1242 5722 μετ’-αὐτόν.
1269 5646 1355 5722 _|D.

448 5717 524 5793 (8)
566 5717 980 5795 Προσφέρὸυσι
1023 5719 1090 5773 δὲ
1131 5720 1343 5788 Κιζρίῳ.
1379 5717 1456 5773 lla
1503 5718 1616 5786 ipse
1659 5717 1960 5786 archange-

2070 3203 2329 3256 supremo
2377 3187 2624 3242 omnium
2676 3186 2888 3240 habitat
2924 3201 3126 3256 magna
3163 3185 3334 3254 gloria
3357 3185 3409 3237 in
3446 3184 3650 3238 Sancto

2069 3294 2410 3343 sanetorum,
2443 3293 2608 3346 supra
2640 3293 2862 3332 omnem
2899 3278 3268 3331 sanctitatem.
3321 3275 3380 3329 ln
3411 3276 3515 3329 hoc
3547 3291 3646 3329 an-

2068 3375 2170 3444 geli
2221 3382 2350 3428 sunt
2400 3373 2556 3427 faciei
2590 3371 2706 3438 Dei,
2763 3371 3141 3426 ministrantes
3197 3379 3251 3425 et
3283 3371 3647 3439 propitiantes

2066 3464 2209 3534 apud
2243 3463 2538 3519 Dominum
2571 3463 2625 3516 in
2671 3463 2930 3518 omnibus
2975 3461 3301 3532 ignorantiis
3343 3462 3644 3530 justorum.

2066 3557 2316 3612 ()flerunt
2338 3571 2469 3610 vero
2512 3554 2746 3610 Domino
2776 3555 3001 3608 odorem
3056 3552 3343 3607 suavitatis
3401 3555 3645 3606 rationa-

2067 3649 2193 3716 lem,
2225 3658 2280 3703 et
2305 3649 2424 3704 sine
2459 3647 2724 3716 sanguine
2750 3646 3104 3701 oblationem.
3129 3646 3186 3698 In
3211 3659 3276 3699 eo
3293 3653 3472 3700 autem
3498 3645 3645 3713 quod

2066 3741 2261 3796 subtus
2291 3749 2396 3805 est,
2430 3749 2559 3794 sunt
2583 3739 2760 3810 angeli
2784 3739 2876 3808 qui
2907 3737 3090 3792 ferunt
3122 3737 3506 3807 responsiones
3547 3752 3647 3791 an-

2065 3835 2202 3904 gelis
2233 3833 2394 3887 faciei
2425 3830 2664 3886 Domini.
2693 3829 2750 3884 In
2776 3845 2844 3885 eo
2881 3845 3010 3884 vero
3041 3829 3188 3900 quod
3227 3839 3352 3898 post
3407 3829 3511 3882 hoc
3537 3837 3642 3894 est,

2065 3932 2196 3978 sunt
2227 3923 2408 3976 tln'oni
2437 3930 2490 3976 et
2514 3929 2832 3992 potestates,
2867 3921 2920 3974 in
2947 3935 3056 3988 quo
3082 3919 3268 3990 hymni
3296 3935 3512 3988 semper
3533 3917 3643 3974 Deo

2063 4013 2391 4068 offeruntur.
2425 4011 2658 4078 Quando
2681 4027 2812 4081 ergo
2833 4010 3137 4080 respexerit
3159 4009 3426 4064 Dominus
3477 4025 3642 4078 super

2062 4121 2184 4168 nos.
2224 4118 2638 4169 commovemur
2663 4117 2856 4156 omnes
2888 4117 3022 4167 nos;
3055 4109 3110 4156 et
3153 4101 3298 4164 coeli,
3325 4109 3378 4154 et
3399 4109 3562 4166 terra,
3589 4109 3644 4154 et

2063 4197 2268 4268 abyssi,
2289 4212 2319 4250 a
2350 4195 2489 4251 facie
2515 4193 2911 4265 magnitudinis
2932 4194 3050 4263 ejus
3075 4202 3520 4247 commoventur:
3547 4191 3644 4246 lilii

2062 4300 2243 4345 autem
2272 4289 2554 4343 hominum
2589 4288 2644 4342 in
2677 4287 2764 4342 his
2793 4286 3090 4342 existentes
3137 4284 3487 4340 insensibiles
3517 4298 3644 4352 pec-

2063 4384 2284 4448 cabunt,
2325 4391 2380 4437 et
2410 4381 2704 4436 irritabunt
2731 4380 3096 4436 Altissimum.

2136 4605 2230 4662 ιν.
2268 4624 2288 4658 ι
2313 4604 2470 4661 Νυηε
2491 4621 2621 4676 ergo
2653 4604 2989 4676 cognoscite,
3013 4603 3156 4674 quod
3184 4601 3350 4658 faciet
3375 4600 3642 4656 Dominus

2054 4701 2324 4772 judicium
2349 4715 2514 4770 super
2553 4699 2696 4754 filios
2733 4699 3040 4762 hominum,
3064 4696 3286 4766 quando
3312 4693 3480 4764 petris
3505 4693 3641 4748 scis-

2059 4795 2158 4861 sis,
2197 4802 2253 4848 et
2273 4793 2388 4849 sole
2413 4792 2687 4848 exstincto
2707 4832 2724 4857 ,
2751 4800 2808 4846 et
2832 4790 2992 4859 aquis
3023 4787 3241 4842 siccatis
3263 4826 3278 4852 ,
3300 4795 3355 4841 et
3384 4786 3508 4857 igne
3532 4793 3640 4840 tre-

2063 4897 2270 4955 mente,
2305 4897 2360 4942 et
2381 4888 2532 4942 omni
2565 4895 2817 4942 creatura
2870 4885 3086 4939 turbata
3111 4923 3127 4947 ,
3173 4890 3227 4936 et
3273 4879 3640 4935 invisibilibus

2061 4980 2349 5051 spiritibus
2374 4978 2710 5050 liquefactis,
2731 4988 2787 5032 et
2809 4975 3025 5031 inferno
3051 4973 3284 5044 spoliato
3304 4973 3357 5026 in
3385 4971 3641 5042 passione

2059 5146 2145 5200 lus
2178 5141 2453 5212 Raphacl,
2489 5139 2772 5212 Τρίκαιι,
2816 5136 2921 5212 1.5:
2965 5134 3117 5212 ξΕγώ
3158 5137 3276 5212 εἰμι
3334 5129 3636 5212 Ῥαφαὴᾼ

2057 5216 2146 5282 εἷς
2176 5215 2246 5268 ἐκ
2265 5201 2395 5266 ’τῶν
2428 5201 2578 5264 ἑπτὰ
2607 5201 2792 5282 ἁγίων
2823 5201 3138 5282 ἀγγέλων,
3173 5201 3229 5260 οῗ
3261 5201 3640 5282 προσαναφέ-

2049 5275 2234 5357 ρούσι
2266 5285 2370 5357 τὰς
2399 5275 2754 5357 ετροσεεηζάς¹
2766 5275 2895 5357 ῖῶνέ
2923 5275 3107 5357 ἀξιωτ-
3124 5318 3155 5357 ,_
3183 5277 3283 5329 καὶ
3300 5275 3638 5357 Λεὶσὶτορειέ-

2057 5343 2228 5412 ρνται
2255 5343 2512 5409 ἐνώπιον
2544 5343 2667 5418 τῆξ
2682 5343 2868 5415 δόξης
2907 5343 3014 5402 τοῦ
3054 5347 3249 5418 ᾀγίου.
3295 5343 3516 5400 Confer.
3578 5343 3637 5400 S.

2058 5427 2292 5484 Joannis
2317 5416 2642 5494 Apocalyps.
2677 5419 2882 5494 vim},
2919 5435 3045 5494 seq.
3067 5416 3150 5494 lu.

2132 5498 2210 5568 (9)
2253 5485 2439 5568 ’στὰν
2459 5485 2584 5568 0ὑῇ
2604 5491 2902 5568 ἐπιϐλέψῃ
2934 5493 2967 5544 ὀ
2989 5491 3228 5568 ᾕύρίος,
3253 5499 3358 5544 etc.
3383 5485 3641 5568 Respexit

2061 5557 2506 5637 ad‘p'ropheliam
2541 5557 2833 5637 Habacuci
2859 5557 2954 5637 ιιι,
3046 5579 3060 5614 :
3114 5561 3328 5637 ςἘσζη,
3363 5558 3461 5637 καί
3494 5557 3638 5611 ἐσα-

2060 5628 2246 5704 λεύθη
2267 5628 2318 5704 ’ἡ
2353 5635 2450 5706 γῆ,
2483 5633 2800 5706 ἐσπέὸλεψε,
2837 5632 2934 5706 καὶ
2967 5628 3209 5706 διετὰκη
3238 5632 3400 5700 ἔθνη.
3436 5632 3510 5684 In.

2135 5701 2245 5778 (10)
2287 5701 2668 5761 Σιὶλεύόνται.
2709 5701 3155 5777 Σαλευθήσονται.
3194 5703 3270 5758 lu.
