3944 6146
161 304 327 361 ίθῦἿ
1436 295 1963 358 TES'I'AMENTUM
2001 294 2181 352 LEVI.
3339 300 3482 362 l058

162 421 557 487 κατεδέξαντο
590 423 689 494 τὴν
733 421 1032 494 περιτομὴν
1050 462 1064 488 ,
1090 425 1184 477 καὶ
1223 420 1361 494 μετὰ
1394 420 1554 474 τοῦτο
1583 417 1772 472 ἀπέθα-

1892 413 2125 482 sionem,
2170 424 2227 472 et
2246 425 2372 486 post
2395 416 2501 472 hoc
2527 418 2733 473 mortui
2755 426 2920 485 sunt;
2960 427 3017 473 et
3037 417 3096 472 in
3132 417 3474 474 benedictio-

163 530 274 568 νον
296 530 314 545 ·
356 516 456 570 καὶ
487 516 546 568 ὲν
578 519 698 579 ταῖς
738 516 1008 585 εὐλογίαις
1042 515 1216 580 ἄλλως
1251 514 1525 585 ἐποίησεν.
1575 512 1772 583 Ἥμαρ-

1887 505 2051 561 nibus
2079 507 2238 562 aliter
2276 507 2426 562 fecit.
2451 506 2808 564 Peccavimus
2837 509 3010 576 enim,
3034 509 3297 579 quoniam
3331 524 3474 579 pra:-

165 623 366 678 τομεν
420 608 563 682 γὰρ,
603 610 684 663 ὅτι
735 609 884 681 παρὰ
923 608 1151 682 γνώμην
1193 608 1361 663 αὐτοῦ
1405 609 1772 679 πεποιήκαμεη

1889 602 1972 650 ter
1989 597 2284 653 consilium
2315 599 2440 669 ejus
2491 599 2599 654 hoc
2628 598 2895 667 iecimus;
2942 609 2998 656 et
3041 601 3351 658 inﬁrmatus
3388 611 3475 658 est

167 699 358 754 τοῦτο
382 719 396 731 ο
432 701 589 769 καίγε
623 701 963 774 ἐμαλακίσοη
998 703 1056 756 ὲν
1087 705 1153 774 τῇ
1189 702 1372 774 ἡμέρᾳ.
1398 699 1605 774 ἐκείνῃ.
1645 699 1786 754 Ἀλλ’

171 790 305 860 ἐγὼ
342 789 484 847 εἶδον
505 833 521 854 ,
557 793 637 847 ὅτι
670 792 944 863 ἀπόφασις
975 792 1112 848 Θεοῦ
1142 789 1213 866 ἦν
1257 795 1336 857 είς
1371 791 1517 846 κακὰ
1559 792 1653 847 ἐπὶ
1696 792 1785 844 Σί-

171 900 356 955 κημα
377 901 388 914 ·
424 883 558 938 διότι
591 884 780 957 ἤθελον
813 887 893 950 είς
922 885 1021 958 τὴν
1054 887 1268 960 Σάρραν
1301 886 1544 958 ποιῆσαι,
1578 885 1637 939 ὃν
1661 885 1787 958 τρό-

171 988 292 1027 πον
346 973 613 1045 ὲποίησαν
659 974 817 1028 Δίναν
862 975 963 1045 τὴν
1008 973 1242 1046 ἀδελφὴν
1289 973 1480 1046 ἡμῶνο
1527 972 1624 1027 καὶ
1669 971 1784 1026 Κύ-

178 1083 308 1137 ριος
351 1061 624 1119 ἐκώλυσεν
663 1065 877 1130 αύτούς.
918 1065 1028 1118 Καὶ
1064 1064 1237 1131 οὕτως
1270 1065 1497 1131 ἐδίωξαν
1533 1063 1788 1136 Ἀδραὰμ

167 1158 276 1211 τὸν
322 1155 545 1228 πατέρα
589 1161 622 1229 ή
632 1157 748 1228 μῶν
771 1198 786 1220 ,
841 1157 990 1225 ξένον
1042 1158 1170 1212 ὄντα
1188 1199 1202 1223 ,
1257 1157 1352 1212 καὶ
1397 1156 1784 1228 κατεπάτησαν

1889 687 1943 742 in
1973 690 2064 746 die
2086 690 2199 745 illa.
2233 690 2340 747 Sed
2372 707 2474 762 ego
2506 692 2658 756 novi,
2700 693 2848 761 quod
2876 694 3148 748 sententia
3201 691 3297 748 Dei
3350 703 3473 750 erat

1888 784 1944 840 in
1985 785 2129 839 mala
2165 800 2332 855 super
2369 783 2650 852 Sichima;
2693 785 2958 855 quoniam
2985 786 3278 842 voluerunt
3319 785 3472 844 Sara:

1887 873 2090 943 facere,
2139 876 2604 946 quemadmodum
2651 874 2901 930 fecerunt
2950 875 3103 932 Din-.e
3144 879 3321 936 sorori
3368 896 3472 935 no-

1886 978 2047 1024 strae:
2080 977 2136 1023 et
2171 966 2439 1023 Dominus
2461 967 2745 1036 prohibuit
2790 982 2911 1023 eos.
2955 966 3022 1023 Et
3073 972 3152 1024 sic
3193 971 3468 1038 persecuti

1886 1071 2016 1117 sunt
2041 1061 2318 1116 Abraham
2355 1071 2564 1131 patrem
2607 1070 2884 1127 nostrum,
2941 1061 3288 1132 peregrinum
3343 1062 3465 1116 exi~

1885 1163 2142 1220 stentem,
2167 1162 2224 1209 et
2253 1154 2718 1209 conculcaverunt
2763 1167 2956 1224 greges
3010 1153 3154 1224 ejus,
3218 1153 3468 1223 turgidos

175 1238 314 1321 (17)·
330 1251 408 1306 τὰ
429 1251 657 1324 ποίμνια
693 1251 1000 1323 ὠγκωμένα
1028 1252 1156 1306 ὄντα
1192 1253 1280 1304 ἐπ’
1315 1251 1477 1304 αὐτόν
1496 1267 1509 1280 ο
1539 1250 1635 1303 καὶ
1682 1250 1784 1302 ἰε-

172 1341 315 1395 6λαῒ
337 1383 356 1406 ,
390 1341 485 1397 τὸν
513 1343 762 1415 οἰκογενῆ
796 1343 994 1408 αὐτοῦ,
1030 1345 1235 1416 σφόδρα
1273 1343 1572 1396 αίκίσαντο.
1607 1343 1781 1411 Καίγε

171 1431 370 1497 οὕτως
395 1435 611 1487 έποίουν
641 1435 848 1498 πάντας
874 1436 1002 1498 τοὺς
1030 1435 1215 1502 ξένους
1249 1435 1384 1506 (18),
1414 1435 1473 1488 ἐν
1495 1435 1783 1506 δυναστεία

172 1525 537 1596 ἁρπάζοντες
560 1526 658 1591 τὰς
683 1530 946 1594 γυναῖκας
975 1527 1156 1580 αὐτῶν
1174 1567 1188 1590 ,
1229 1528 1324 1580 καὶ
1363 1527 1782 1600 ξενηλατοῦντες

175 1616 670 1686 αὐτούς.ἘφΘασε
690 1618 747 1672 δὲ
765 1620 798 1688 ὴ
819 1618 956 1690 ὀργὴ
975 1619 1180 1690 Κυρίου
1197 1620 1281 1672 ἐπ’
1299 1619 1495 1682 αὐτοὺς
1510 1621 1590 1683 εἰς
1604 1618 1776 1683 τέλος.

256 1709 342 1761 Z'.
385 1727 404 1760 ι
441 1709 549 1762 Καὶ
581 1705 733 1763 εἷπον
769 1709 849 1781 τῷ
883 1710 1082 1782 πατρί·
1117 1731 1136 1762 ι
1181 1710 1274 1782 Μὴ
1313 1711 1554 1783 ὀργίζου,
1599 1711 1776 1782 κύριε,

175 1797 270 1850 ὅτι
297 1798 361 1851 ὲν
383 1799 467 1852 σοὶ
505 1799 847 1866 ὲξουδενώσει
882 1800 1085 1872 Κύριος
1118 1802 1246 1865 τοὺς
1289 1801 1626 1866 Χαναναίους
1644 1841 1658 1865 ,
1685 1803 1780 1856 καὶ

175 1888 356 1943 δώσει
395 1890 494 1960 τὴν
530 1891 634 1963 γῆν
668 1891 847 1946 αὐτῶν
889 1910 970 1946 σοι
993 1931 1007 1958 ,
1063 1895 1155 1946 καὶ
1193 1895 1468 1967 σπέρματί
1506 1913 1598 1949 σου
1642 1896 1780 1966 μετὰ

178 1983 272 2038 σέ.
312 1987 507 2040 Ἔσται
541 1986 651 2061 γὰρ
683 1989 791 2042 ἀπὸ
827 1991 1064 2062 σήμερον
1098 1991 1279 2063 Σικὴμ
1319 1992 1584 2064 λεγομένη
1627 1992 1780 2057 πόλις

179 2077 473 2131 ἀσυνέτων
490 2095 504 2109 ’
527 2079 610 2132 ὅτι
623 2079 754 2133 ὡσεί
772 2097 858 2145 τις
877 2081 1127 2151 χλευάσει
1150 2083 1351 2154 μωρὸν,
1373 2083 1545 2148 οὕτως
1565 2083 1782 2154 ἐχλευάς

181 2183 257 2219 σα
263 2184 368 2238 μεν
386 2169 600 2234 αὐτούς’
619 2171 702 2224 ὅτι
717 2188 787 2225 κα
795 2173 874 2241 ίγε
891 2173 1198 2246 ἀφροσύνην
1213 2173 1453 2246 ἔπραξαν
1469 2176 1526 2230 ὲν
1542 2177 1778 2250 Ἰσραὴλ,

79 2324 88 2332 θ
184 2260 386 2328 μιᾶναι
420 2259 646 2333 (19)τὴν
677 2263 914 2336 ἀδελφὴν
947 2267 1124 2338 ἡμῶν.
1142 2268 1253 2321 Καὶ
1277 2267 1534 2332 λαϐόντες
1568 2267 1780 2322 ἐκεῖθεν

178 2348 293 2420 τὴν
319 2349 552 2423 ἀδελφὴν
576 2353 755 2424 ἡμῶν,
773 2356 1078 2429 ἀπάροντες
1094 2357 1205 2430 (20)
1221 2359 1457 2430 ήλθομεν
1476 2362 1555 2423 είς
1582 2360 1772 2433 Βεθήλ.

261 2442 347 2497 H'.
378 2461 398 2495 ς
429 2445 605 2499 Κάκεῖ
632 2446 793 2500 πάλιν
819 2445 957 2502 εἶδον
992 2452 1243 2522 πρᾶγμα,
1275 2451 1464 2523 ὥσπερ
1490 2452 1552 2505 τὸ
1580 2453 1778 2525 πρότει-

189 2546 312 2602 ρον,
348 2534 483 2605 μετὰ
508 2535 570 2589 τὸ
601 2538 822 2609 ποιῆσαι
845 2541 1061 2613 ἡμέρας
1089 2549 1130 2595 d
1168 2544 1300 2614 (21).
1329 2545 1440 2598 Καὶ
1474 2541 1613 2598 εἶδον
1637 2546 1778 2601 ἑπτὰ

192 2626 526 2697 ἀνθρώπους
538 2630 597 2683 ὲν
612 2631 799 2702 ἐσθῆτι
825 2632 1014 2706 λευκῇ,
1032 2633 1292 2703 λέγοντάς
1315 2654 1434 2708 μοι’
1459 2655 1478 2690 t
1516 2639 1776 2705 Ἀναστὰς

186 2717 412 2774 ἔνδυσαι
439 2721 538 2792 τὴν
569 2721 762 2795 στολὴν
795 2725 898 2794 τῆς
936 2725 1230 2797 ίερατείας,
1275 2731 1368 2782 καὶ
1395 2729 1486 2782 τὸν
1514 2731 1775 2801 στέφανον

183 2809 296 2880 τῆς
325 2811 691 2884 δικαιοσύνης,
720 2817 813 2870 καὶ
835 2816 898 2869 τὸ
919 2816 1098 2886 λόγιον
1128 2821 1226 2891 τῆς
1249 2822 1534 2888 συνέσεως,
1561 2827 1655 2879 καὶ
1679 2827 1773 2880 τὸν

185 2903 404 2974 ποδήρη
445 2905 545 2975 τῆς
590 2906 865 2976 ἀληθείας,
907 2911 1000 2962 καὶ
1029 2911 1091 2963 τὸ
1120 2911 1358 2977 ,πέταλον
1385 2915 1486 2985 τῆς
1515 2918 1769 2984 πίστεως,

181 2993 282 3046 καὶ
317 2994 415 3065 τὴν
443 2995 642 3084 μίτραν
664 2999 758 3051 τοῦ
784 3002 1031 3072 σημείου,
1055 3004 1150 3057 καὶ
1175 3005 1237 3058 τὸ
1261 3006 1426 3076 ἑφοὺδ
1446 3009 1546 3079 τῆς
1568 3029 1772 3084 προφηο

1883 1250 2182 1304 existentes
2211 1248 2355 1318 apud
2387 1248 2605 1316 ipsum;
2645 1255 2700 1302 et
2751 1245 2958 1308 Jeblai,
2995 1248 3050 1300 in
3094 1246 3260 1299 domo
3290 1245 3466 1316 ipsius

1884 1343 2152 1412 genitum,
2181 1341 2338 1395 valde
2387 1341 2834 1396 verberaverunt.
2871 1338 2937 1393 Et
2985 1339 3062 1394 ita
3107 1337 3382 1394 faciebant
3410 1340 3464 1393 in

1883 1447 2077 1486 omnes
2114 1431 2455 1501 peregrinos,
2490 1431 2542 1486 vi
2573 1431 2850 1500 rapientes
2897 1443 3098 1485 uxores
3149 1445 3364 1495 eorum,
3411 1441 3467 1484 et

1883 1521 1937 1576 in
1969 1522 2224 1576 exsilium
2259 1520 2600 1590 impellentes
2628 1535 2746 1576 cos.
2804 1518 2966 1575 Venit
3001 1529 3181 1575 autem
3241 1522 3323 1576 ira
3357 1521 3465 1576 Do—

1881 1614 2016 1688 mini
2041 1627 2206 1683 super
2237 1627 2333 1668 eos
2362 1612 2417 1666 in
2451 1612 2638 1668 ﬁnem.
3451 1619 3456 1637 ¹

1953 1705 2068 1761 VII.
2117 1725 2135 1758 ι
2161 1705 2227 1761 Ει
2257 1706 2506 1761 dicebam
2536 1707 2712 1776 patri:
2748 1725 2766 1758 ι
2790 1706 2870 1762 Ne
2903 1707 3180 1775 irascaris,
3213 1707 3460 1775 domine,

1885 1799 2146 1870 quoniam
2177 1799 2231 1853 in
2255 1809 2309 1855 te
2331 1801 2400 1856 ad
2424 1799 2658 1854 nihilum
2687 1801 2894 1870 rediget
2923 1799 3069 1856 Deus
3093 1800 3461 1868 Cliananteos,

1883 1901 1938 1948 et
1976 1892 2125 1946 dabit
2170 1902 2373 1946 terram
2425 1891 2667 1961 ipsorum
2699 1891 2818 1957 tibi,
2858 1901 2911 1946 et
2947 1892 3145 1946 semini
3195 1901 3290 1946 tuo
3340 1901 3466 1962 post

1884 1986 1955 2039 te.
1986 2003 2005 2036 ι
2041 1981 2156 2038 Erit
2211 1983 2357 2037 enim
2398 1981 2466 2036 ab
2502 1981 2610 2036 hoc
2664 1981 2753 2036 die
2797 1980 3020 2036 Sichem
3071 1981 3220 2037 dicta
3263 1981 3462 2038 civitas

1884 2077 2176 2130 stultorum
2201 2091 2216 2141 ;
2241 2074 2501 2144 quoniam
2527 2081 2588 2129 ut
2608 2075 2734 2144 quis
2755 2074 2966 2129 deridet
2996 2073 3230 2140 fatuum,
3260 2076 3333 2129 ita
3365 2075 3462 2130 de-

1883 2167 2108 2222 risimus
2123 2181 2237 2230 eos;
2256 2167 2516 2237 quoniam
2535 2167 2903 2236 insipientiam
2921 2167 3129 2236 operati
3153 2179 3284 2221 sunt
3305 2167 3360 2221 in
3379 2169 3464 2223 ls-

1881 2259 2016 2324 rael,
2036 2258 2387 2328 inquinantcs
2411 2272 2656 2315 sororem
2676 2268 2942 2313 nostram.
2963 2257 3028 2313 Et
3047 2258 3378 2327 accipientes
3395 2259 3466 2312 il-

1880 2353 1992 2410 linc
2014 2369 2258 2410 sororem
2275 2359 2544 2420 nostram,
2563 2352 2874 2408 auferentes
2903 2356 3158 2409 venimus
3175 2353 3228 2408 in
3248 2353 3457 2409 Betliel.

1894 2468 1897 2471 ·
1952 2443 2089 2502 Vill.
2131 2466 2150 2500 ι
2188 2443 2255 2501 Ει
2288 2445 2360 2500 ibi
2407 2461 2604 2501 rursus
2627 2445 2880 2501 videbam
2929 2460 3067 2509 rem,
3097 2447 3460 2517 quemadmo-

1878 2538 2008 2593 dum
2041 2536 2216 2607 prius,
2243 2544 2533 2606 postquam
2560 2535 2662 2591 ieci
2695 2537 2812 2591 dies
2842 2537 3208 2608 septuaginta.
3241 2536 3308 2593 Et
3349 2538 3458 2591 vidi

1877 2641 2087 2701 septem
2117 2629 2368 2685 homines
2395 2629 2450 2682 in
2475 2639 2623 2685 veste
2645 2629 2789 2695 alba,
2824 2629 3070 2685 dicentes
3099 2630 3234 2684 milii
3261 2648 3277 2685 :
3308 2649 3326 2682 ι
3350 2629 3462 2686 Ex-

1877 2737 2132 2794 surgens,
2160 2721 2323 2777 induc
2355 2722 2548 2777 stolam
2577 2721 2892 2787 sacerdotii,
2922 2730 2977 2776 et
3007 2735 3270 2776 coronam
3295 2723 3460 2792 justi-

1876 2815 1964 2870 tia:
1986 2857 2001 2882 ,
2043 2823 2097 2870 et
2135 2814 2403 2870 rationale
2442 2815 2775 2880 intellectus,
2810 2823 2865 2870 et
2895 2815 3149 2883 poderem
3179 2817 3455 2885 veritatis,

1872 2918 1928 2963 et
1955 2907 2192 2978 petalum
2222 2907 2366 2970 ﬁdei,
2397 2916 2451 2961 et
2477 2907 2696 2962 mitram
2726 2907 2891 2977 signi,
2925 2916 2979 2962 et
3007 2908 3186 2978 ephod
3217 2911 3454 2979 prophe-

1877 3000 1985 3053 tiae.
2019 3015 2038 3050 ι
2071 2997 2138 3053 Et
2171 2998 2550 3067 unusquisque
2583 2999 2828 3068 ipsorum
2862 3002 3296 3070 unumquodque
3328 3015 3458 3071 por-

179 3085 360 3148 τείας.
385 3103 405 3138 ι
429 3088 538 3140 Καὶ
552 3083 633 3152 εἷς
654 3089 883 3156 ἕκαστος
910 3095 1090 3147 αὐτῶν
1115 3095 1345 3151 ἕκαστον
1387 3083 1768 3169 βαστάζοντες,

1878 3098 2078 3157 tantes,
2115 3091 2500 3159 imposuerunt
2551 3090 2706 3156 mihi,
2739 3099 2794 3144 et
2844 3091 3145 3146 dixerunt:
3178 3112 3198 3145 ι
3231 3093 3312 3147 Ab
3352 3096 3457 3151 hoc

181 3176 471 3247 ἑπέθηκάν
510 3196 619 3249 μοι,
646 3183 742 3234 καὶ
765 3179 951 3237 εἶπονο
997 3185 1131 3238 Ἀπὸ
1160 3187 1254 3240 τοῦ
1290 3189 1385 3242 νῦν
1408 3191 1558 3256 γίνου
1587 3194 1669 3257 είς
1698 3195 1773 3247 ἰε-

189 3268 294 3337 ρέα
338 3264 566 3340 Κυρίου,
601 3272 666 3325 σὺ
697 3273 791 3326 καὶ
821 3275 1042 3344 σπέρμα
1079 3295 1174 3331 σου
1209 3278 1316 3342 ἓως
1357 3281 1572 3345 αἰῶνος.
1609 3285 1718 3338 Καὶ
1743 3287 1772 3339 ὁ

188 3360 411 3432 πρῶτος
435 3362 546 3432 (2‘2)
573 3363 757 3433 ἧλειψέ
782 3383 848 3434 με
871 3367 1035 3440 ἐλαίῳ
1056 3370 1216 3439 ἁγίῳ,
1250 3373 1343 3424 καὶ
1363 3372 1531 3426 ἔδωκέ
1555 3391 1644 3444 μοι
1676 3376 1773 3447 ῥά-

190 3452 318 3506 ϐδον
356 3455 609 3524 κρίσεως.
651 3459 709 3512 '0
734 3458 982 3530 δεύτερος
1025 3462 1212 3515 Ελουσέ
1246 3480 1313 3533 με
1344 3463 1496 3519 ὕδατι
1522 3467 1766 3540 καθαρῷ,

191 3543 290 3596 καὶ
319 3545 561 3616 ἐψώμισε
591 3547 752 3619 ἄρτον
791 3550 901 3620 (25)
929 3553 1024 3606 καὶ
1051 3548 1210 3617 οἶνον,
1245 3555 1410 3624 ’Ἅγια
1440 3559 1608 3626 ἁγίων
1633 3561 1767 3633 (24),

193 3637 289 3688 καὶ
314 3636 604 3710 περιέθηκέ
631 3657 720 3711 μοι
753 3642 942 3714 στολὴν
971 3645 1132 3714 ἁγίαν
1162 3647 1255 3700 καὶ
1289 3647 1515 3716 ἔνδοξον.
1561 3651 1618 3707 '0
1649 3655 1768 3726 τρί-

189 3744 284 3789 τος
329 3728 584 3801 βυσσίνην
617 3749 682 3802 με
713 3733 1054 3806 περιέϐαλεν,
1093 3739 1283 3808 ὁμοίαν
1328 3741 1511 3810 ὲφούδ.
1573 3743 1630 3798 Ὀ
1679 3745 1771 3799 τέ-

189 3835 387 3889 ταρτος
418 3820 592 3892 ζώνην
635 3840 723 3892 μοι
756 3826 1108 3899 περιέθηκεν,
1153 3832 1345 3902 ὁμοίαν
1380 3833 1653 3906 πορφύρᾳ.
1711 3837 1771 3892 Ὀ

185 3912 440 3984 πέμπτος
466 3915 659 3971 κλάδον
691 3938 778 3991 μοι
803 3921 985 3986 ἐλαίας
1013 3923 1179 3980 ἔδωκε
1212 3925 1480 3998 πιότητος.
1530 3930 1586 3984 Ὀ
1613 3931 1769 3995 ἕκτος

183 4004 454 4074 στέφανόν
487 4025 576 4078 μοι
599 4011 664 4080 τῇ
695 4012 903 4084 κεφαλῇ
932 4015 1278 4087 περιέθηκεν.
1326 4019 1382 4073 '0
1408 4019 1632 4093 ἕϐδομος
1655 4022 1770 4076 διά-

182 4095 336 4168 δημα
359 4102 423 4172 τῇ
460 4103 668 4175 κεφαλῇ
703 4122 792 4174 μοι
827 4107 1096 4179 ίερατείας
1126 4111 1436 4184 περιέθηκε,
1467 4115 1561 4168 καὶ
1597 4115 1767 4187 ἐπλή-

191 4207 335 4260 ρωσε
371 4193 470 4258 τὰς
503 4198 692 4267 χεῖράς
735 4215 836 4268 μου
881 4200 1242 4273 θυμιάματος,
1286 4204 1426 4258 ὥστε
1472 4207 1768 4278 ἱερατεύειν

192 4297 262 4349 με
286 4284 490 4356 Κυρίῳ.
519 4283 693 4342 Εἶπαν
724 4288 782 4342 δὲ
809 4289 947 4360 πρός
973 4309 1070 4362 με·
1107 4312 1126 4343 ‹
1156 4294 1288 4348 Λευῒ
1317 4296 1396 4359 είς
1423 4301 1574 4369 τρεῖς
1594 4297 1769 4369 ἀρχὰς

188 4371 585 4447 διαιρεθήσεται
611 4377 674 4430 τὺ
705 4378 926 4450 σπέρμα
954 4399 1069 4444 σου,
1107 4381 1187 4446 είς
1225 4387 1449 4456 σημεῖον
1472 4384 1629 4458 δόξης
1656 4390 1767 4442 Κυ-

1878 3191 2122 3251 temporc
2153 3191 2273 3236 esto
2301 3180 2556 3235 sacerdos
2595 3179 2829 3246 Domini,
2864 3189 2922 3236 tu
2967 3192 3022 3237 et
3071 3199 3253 3238 semen
3299 3197 3452 3243 tuum

1876 3287 2052 3342 usque
2080 3273 2135 3326 in
2177 3273 2460 3328 saeculum.
2495 3289 2513 3323 ι
2551 3271 2618 3324 Et
2647 3273 2856 3341 primus
2888 3275 3041 3328 unxit
3069 3291 3154 3330 me
3178 3277 3301 3332 oleo
3325 3292 3457 3334 san-

1875 3377 1983 3431 cto,
2017 3374 2072 3421 et
2121 3367 2271 3421 dedit
2320 3365 2454 3420 mihi
2488 3365 2698 3434 virgam
2725 3367 2941 3436 judicii.
2992 3369 3278 3426 Secundus
3321 3374 3454 3430 lavit

1876 3474 1964 3513 me
1987 3471 2128 3528 aqua
2165 3458 2388 3522 munda,
2421 3466 2476 3512 et
2504 3458 2708 3513 cibavit
2727 3458 2906 3529 (dans)
2933 3475 3125 3528 panem
3157 3471 3212 3518 et
3238 3465 3451 3531 vinum,

1875 3552 2084 3608 scilicet
2109 3551 2309 3607 Sancta
2345 3558 2684 3615 sanctorum,
2722 3561 2777 3606 et
2806 3553 3160 3609 circumdedit
3198 3571 3284 3612 me
3311 3558 3456 3613 stola

1873 3655 2063 3702 sancta
2092 3655 2146 3701 et
2169 3645 2430 3717 gloriosa.
2458 3643 2676 3700 Tertius
2704 3645 2924 3716 byssina
2950 3663 3036 3702 me
3058 3649 3257 3717 induit,
3284 3653 3453 3706 simili

1871 3741 2071 3810 ephod.
2106 3739 2346 3805 Quartus
2382 3754 2576 3792 zonam
2625 3739 2760 3793 mihi
2799 3740 3242 3811 circumposuit,
3289 3745 3448 3800 simi-

1872 3833 1977 3888 lem
2010 3847 2286 3902 purpuraa.
2315 3830 2552 3898 Quintus
2583 3847 2796 3887 ramum
2821 3833 2980 3889 oliv:e
3007 3835 3140 3890 mihi
3165 3838 3452 3907 deditpin-

1872 3926 2143 3997 guedinis.
2197 3924 2396 3979 Sextus
2444 3939 2708 3979 coronam
2747 3927 2913 3995 capiti
2965 3943 3088 3982 meo
3135 3930 3450 4002 circumpo-

1872 4018 2004 4074 suit.
2039 4015 2320 4086 Septimus
2345 4017 2598 4071 diadema
2631 4019 2795 4088 capiti
2839 4035 2965 4074 meo
3009 4022 3303 4079 sacerdotii
3335 4024 3448 4082 cir-

1871 4108 2207 4180 cumposuit,
2233 4115 2287 4162 et
2310 4107 2552 4177 implevit
2579 4124 2777 4164 manus
2804 4125 2956 4168 meas
2987 4113 3362 4184 tliymiamate,
3387 4129 3450 4175 ut

1871 4201 2180 4255 sacerdotio
2204 4200 2460 4269 lungerer
2489 4198 2742 4254 Domino.
2773 4200 3039 4258 Dixerunt
3059 4218 3242 4261 autem
3269 4209 3403 4264 mihi
3431 4227 3448 4267 :

1876 4311 1896 4344 ι
1927 4290 2080 4359 Levi,
2113 4292 2170 4348 in
2215 4292 2316 4346 tria
2351 4291 2620 4362 principia
2649 4291 2923 4348 dividetur
2950 4311 3136 4352 semen
3171 4309 3359 4368 tuum,
3393 4303 3449 4357 in

1871 4386 2090 4456 signum
2121 4383 2310 4454 gloria:
2345 4382 2560 4438 Domini
2600 4387 3074 4454 supervenientis;
3107 4399 3162 4444 et
3196 4393 3289 4460 qui
3327 4407 3453 4449 cre-

193 4460 310 4534 ρίου
338 4465 736 4536 ἐπερχομένου·
755 4447 903 4522 καὶὴό
935 4471 1232 4534 πιστεύσας
1253 4447 1366 4545 (ἔὸ)
1391 4447 1764 4550 πριῖηος-κλῆ-

1878 4447 2088 4542 diderit,
2119 4476 2294 4548 prima
2336 4492 2459 4532 sors
2481 4477 2605 4544 erit,
2628 4486 2683 4532 et
2705 4476 2882 4547 major
2907 4493 3072 4549 super
3115 4447 3294 4550 ipsum
3335 4500 3446 4540 non

194 4571 285 4625 ρος
317 4554 488 4622 ἔσται,
523 4561 617 4612 καὶ
658 4561 832 4632 μέγας
873 4563 1015 4633 ὑπὲρ
1056 4564 1221 4618 αὑτὸν
1253 4567 1316 4620 ού
1345 4567 1656 4638 γενήσεται.
1706 4571 1764 4626 ’0

193 4647 436 4723 δεύτερος
458 4653 610 4708 ἔσται
629 4656 688 4708 ὲν
715 4657 1002 4729 ίερωσύνῃ.
1035 4656 1094 4713 '0
1111 4660 1312 4731 τρίτος,
1335 4663 1764 4737 ὲπικληθήσεται

261 4785 374 4866 (Γζ)
390 4790 864 4866 ΔΚᾳτειττὰτηοέαν.
901 4795 1315 4866 Κατεπόνησαν,
1351 4800 1533 4856 nimiis
1561 4801 1763 4860 labori-

195 4853 839 4944 bus-defa't'igarunt,'sive
860 4853 1220 4944 confecerit};
1253 4853 1422 4944 Gate.

408 4925 645 5010 ζζάζτας
675 4934 817 5010 τοὺς
848 4925 1083 5010 ξένους.
1119 4938 1260 5010 Πᾶσι
1287 4941 1400 5002 τοῖς
1443 4936 1631 5006 ξένοις.
1681 4943 1758 5000 In.

409 4996 647 5084 ριιᾶνςαὶ.
677 4996 982 5084 Μιάναίθτες
1009 4996 1186 5060 Α’ίναν.
1213 5005 1295 5062 In.

281 5069 371 5142 20)
423 5069 794 5141 'Aadportsc.
832 5077 1186 5142 Ἐτυάραντες,
1212 5093 1314 5134 ms.
1345 5078 1519 5136 Oxon.
1553 5081 1657 5138 Sed
1685 5087 1763 5142 le-

191 5140 584 5218 gendumputo
609 5140 937 5218 ἀπάραντες.
967 5140 1042 5202 lo.

282 5211 374 5350 2i;
388 5211 644 5294 Ἡμέρας.
664 5211 884 5271 Inserta!
899 5211 1026 5273 Sunt
1048 5219 1169 5273 dna:
1190 5234 1350 5277 voces
1373 5223 1522 5294 ἡμᾶς
1537 5225 1756 5283 ὲκεῖ.1ο.

282 5280 350 5334 22
426 5284 486 5336 '0
516 5301 762 5350 πρωτος.
801 5290 920 5342 Ἔτι
944 5290 1210 5345 additum.
1241 5291 1316 5346 Io.

282 5280 374 5350 22)
426 5284 486 5336 Ὀ
514 5280 762 5352 πρῶτος.
801 5290 920 5342 Ἔτι
944 5290 1210 5345 additum.
1241 5291 1316 5346 Io.

280 5353 369 5493 25;
411 5354 632 5423 Ἄρτον.
662 5359 764 5410 Με.
799 5358 872 5414 In.

280 5423 347 5476 24
412 5425 572 5493 Ἅγια
618 5428 818 5493 ἁγίων.
863 5429 872 5481 1

260 5423 369 5494 (24)
412 5425 572 5504 “Aqua
618 5428 824 5504 rit/mf.
863 5429 1039 5484 Minus
1085 5435 1300 5501 placent
1342 5452 1463 5504 quze
1511 5436 1564 5490 in
1613 5437 1761 5494 hunc

191 5495 365 5547 locum
401 5496 628 5550 adnotat
663 5498 925 5564 Grabius;
967 5518 1029 5555 ea
1065 5495 1209 5560 enim
1247 5505 1300 5558 in
1347 5495 1586 5560 alienum
1633 5525 1758 5562 sen-

190 5580 305 5646 sum
335 5565 542 5646 detorta
563 5568 951 5646 vidc~2iitur._1‘&
993 5574 1154 5646 Ἅγια
1199 5575 1307 5627 τῶν
1351 5578 1522 5646 ἁγίων
1563 5593 1759 5632 occur-

191 5643 312 5688 runt
334 5637 533 5714 passim
563 5638 616 5692 in
641 5641 811 5714 sacris
849 5637 1152 5711 litteris,'in
1191 5647 1382 5714 primis
1399 5637 1542 5702 'vero
1580 5647 1756 5706 Levit.

191 5708 617 5778 respondentque
671 5711 738 5765 iis
785 5708 1092 5780 plut-cipue,
1153 5708 1276 5782 qua!
1321 5729 1513 5785 sponte
1571 5719 1753 5774 oblata

352 4926 372 5139 ξ

262 5210 282 5420 ἓ

1866 4573 1978 4628 ﬁet.
2015 4571 2304 4627 Secundus
2334 4570 2440 4625 erit
2471 4570 2526 4625 in
2556 4572 2889 4628 sacerdotio.
2923 4569 3164 4639 Tertius,
3205 4576 3253 4630 ei
3284 4591 3452 4633 voca-

1865 4667 2015 4724 bitur
2047 4680 2246 4721 nomen
2277 4679 2507 4729 novum,
2532 4665 2795 4736 quoniam
2838 4663 2955 4720 Rex
2983 4680 3050 4720 ex
3080 4663 3219 4721 inda
3246 4682 3446 4724 exsur-

1866 4802 2123 4867 Domino,
2155 4802 2356 4877 ﬁebant
2385 4801 2584 4877 Sancta
2613 4810 2924 4877 sanctorum
2938 4844 2954 4868 ,
2985 4803 3362 4877 cedebantque
3389 4811 3448 4866 in

1866 4889 2025 4929 usum
2057 4875 2406 4928 sacerdotum
2434 4880 2508 4943 et_
2536 4870 2847 4925 levitarum.
2881 4871 3068 4943 Neque
3109 4870 3286 4931 aliter'
3312 4896 3448 4935 sane

1865 4947 2111 4999 sensisse
2149 4957 2428 4999 auctorem
2467 4940 2925 4996 Testamentorum
2971 4940 3133 5012 puto,
3183 4948 3313 5002 dum
3359 4952 3449 5005 hic

1863 5015 1991 5070 Levi
2022 5015 2107 5086 sic
2153 5016 2475 5086 loquentem
2505 5012 2735 5086 inducit.
2767 5043 2836 5086 -έ
2869 5013 3035 5069 Recte
3073 5019 3448 5075 consideranti

1863 5087 1980 5158 haec
2011 5085 2152 5140 visio
2181 5083 2363 5158 potius
2391 5084 2608 5138 videtur
2649 5083 2841 5139 referri
2871 5086 2940 5158 ad
2987 5087 3352 5145 christianum
3393 5101 3450 5146 et

1862 5155 2340 5231 divinunraitaris
2387 5165 2817 5231 sacramentumA
2833 5155 2935 5231 sub
2968 5167 3196 5228 utraque
3234 5169 3446 5231 Specie;

1863 5229 2023 5300 cujus
2046 5235 2101 5280 et
2126 5228 2254 5283 ltinc
2275 5241 2494 5298 quoque
2513 5229 2767 5300 primaeva
2790 5225 2924 5281 ﬁdes
2944 5225 3134 5284 contra
3163 5225 3451 5291 haereticos

1861 5299 2240 5356 Protestantes
2263 5298 2613 5369 comprobari
2639 5308 2836 5364 potest.
2874 5301 3076 5356 limen.

1940 5370 2047 5440 i255)
2084 5371 2196 5422 Καὶ
2237 5374 2270 5424 o'
2313 5373 2668 5435 πιστεύσας.
2722 5371 2831 5424 Καὶ
2879 5372 3215 5438 ἐπίστευσα,
3266 5374 3338 5428 ita
3387 5387 3448 5431 ut

1861 5439 2092 5509 πρῶτος
2122 5457 2319 5495 novam
2371 5441 2587 5496 inchoet
2623 5442 2933 5512 periodum.
2965 5442 3135 5497 Cum.
3163 5475 3227 5482 —
3254 5446 3442 5500 Graeca

1861 5513 2030 5565 verbo
2065 5523 2222 5588 tenus
2264 5512 2336 5566 ita
2380 5521 2580 5566 sonant
2625 5511 2642 5566 ξ
2680 5511 2748 5588 _Et
2779 5514 2869 5582 qui
2900 5513 3207 5588 crediderit,
3248 5531 3442 5588 magna

1861 5599 1974 5635 sors
2003 5586 2100 5634 erit
2121 5623 2149 5662 ,.
2167 5593 2217 5635 et
2246 5599 2464 5662 inriguus
2496 5599 2655 5652 super
2683 5584 2851 5652 ipsum
2882 5601 2985 5640 non
3013 5586 3101 5654 ﬁet
3131 5601 3148 5638 :
3183 5588 3288 5642 hoc
3323 5584 3405 5644 est

1861 5669 2009 5706 llt’INU
2042 5670 2211 5720 ntajor
2239 5669 2372 5721 τρδυ.
