4076 6142
451 250 588 306 Ιῢῦθ

1456 236 1926 295 TESTAIIENTA
1957 233 2049 288 XII
2085 227 2708 288 PATRIARCHARUM.

3592 223 3725 278 1060

449 387 560 446 get,
582 384 639 426 et
667 367 827 424 faciet
850 359 1223 420 sacerdotium
1255 369 1484 417 novum,
1509 357 1818 408 secundum
1842 358 2030 420 typum
2062 408 2065 415 Α

2169 344 2287 415 ,ὐτῷ
2309 343 2482 413 ὄνομα
2513 341 2723 404 καινὸν,
2753 339 2835 392 ﬁt
2878 337 3130 406 βασιλεὺς
3159 338 3225 390 ὲκ
3255 335 3348 389 τοῦ
3385 335 3558 389 Ἰούδα
3594 336 3724 388 ἀνα-

2220 436 2232 446 .
2539 432 2551 446 ι
2707 429 2718 446 ρ
2746 444 2811 446 ξ-.
2855 426 3277 446 !___-_I..,,,,1_,,
3346 421 3482 446 ____‘_
3518 422 3607 446 -3“
3636 421 3693 446 -.Ἴ

453 440 717 536 gentium,
751 461 807 513 in
856 469 1053 510 omnes
1082 459 1293 521 gentes.
1326 447 1607 500 Adventus
1643 452 1826 496 autem
1866 440 2040 508 ipsius

454 535 768 616 ineﬂ'abilis,
801 558 862 603 ut
891 546 1175 618 prophetae
1207 539 1478 596 Altissimi
1507 555 1573 592 ex
1604 537 1814 591 semine
1858 535 2040 586 Abra-

2144 436 2431 504 στήσεται,
2468 432 2564 484 καὶ
2600 429 2819 498 ποιήσει
2855 427 3125 496 ἱερατείαν
3153 426 3300 488 νέαν,
3344 421 3484 494 μέ.τά
3517 422 3608 473 τὸν
3635 421 3726 472 τύ-

2143 544 2246 579 πον
2274 525 2382 578 τῶν
2412 523 2604 588 ἐθνῶν,
2640 523 2720 584 εἰς
2753 521 2931 576 πάντα
2967 517 3036 570 τὰ
3076 518 3225 589 ἔθνη.
3265 518 3327 570 Ἡ
3365 516 3424 568 δὲ
3458 513 3729 584 παρουσία

457 607 785 719 ᾗξιιῖῥθιτῑὲ
816 607 1015 699 nostri:
1049 641 1226 696 Omne
1250 634 1618 692 desiderabile
1659 632 1712 684 iu
1745 630 1911 686 Israel
1943 629 2043 683 tibi

2169 617 2308 671 ιύτοῦ
2341 617 2642 688 ἄφραστος,
2673 615 2751 676 ὡς
2782 613 3064 682 προφήτου
3094 610 3299 682 ὑψηλοῦ
3329 609 3441 679 (26)
3472 609 3536 660 ὲκ
3564 607 3728 677 σπέρ-

2362 710 2403 719 ..
2429 709 2454 719 n
2542 707 2552 719 ε
2814 704 2828 719 I
2930 706 2942 719 ι
3012 703 3037 714 ⁸⁵
3137 703 3219 719 πο
3301 702 3316 719 1
3392 700 3419 719 Ιι
3471 699 3632 719 ...μὶμ
3677 699 3728 719 ι-.

453 744 579 808 erit,
610 751 665 796 et
693 739 893 796 semini
927 747 1060 799 tuo;
1109 742 1164 787 et
1208 728 1509 787 comedetis
1548 740 1711 781 omne
1751 723 2043 794 pulchrum

457 836 602 897 visu,
637 842 693 888 et
722 844 968 886 mensam
999 823 1216 879 Domini
1246 820 1538 876 distribuet
1558 831 1745 871 semen
1777 824 1964 878 tuum,
1992 822 2047 867 et

458 945 525 985 ex
555 926 690 996 ipsis
718 931 880 979 erunt
903 917 1190 991 pontiﬁces
1215 921 1270 968 et
1292 910 1532 982 judices,
1557 915 1612 960 et
1638 905 1834 960 scribae
1858 920 1873 969 ;
1907 917 2048 973 quo—

460 995 608 1075 niam
641 1019 695 1072 in
723 1031 821 1071 ore
860 1029 1054 1068 eorum
1095 1008 1440 1065 custodietur
1471 1012 1750 1061 sanctum.
1791 1016 1810 1048 ι
1848 995 1917 1050 Et
1952 1011 2050 1050 ex-

462 1107 811 1181 pergefactus
838 1103 1103 1165 intellexi,
1130 1100 1394 1171 quoniam
1424 1099 1530 1152 hoc
1553 1093 1737 1151 simile
1766 1090 1916 1146 illius
1940 1097 2046 1144 est.

462 1179 737 1256 Abscondi
763 1213 892 1251 vero
920 1197 1023 1250 hoc
1052 1195 1106 1248 in
1131 1192 1296 1248 corde
1327 1204 1475 1251 meo,
1502 1199 1558 1245 et
1586 1200 1696 1242 non
1725 1179 2050 1237 annuntiavi

465 1293 570 1347 hoc
600 1291 855 1360 cuiquam
884 1285 1094 1341 homini
1121 1285 1178 1339 in
1203 1293 1371 1337 terra.

537 1543 630 1599 ιχ.
666 1562 684 1595 ι
719 1541 783 1597 Et
806 1549 930 1612 post
952 1541 1096 1596 duos
1131 1539 1249 1594 dies
1272 1537 1622 1593 ascendimus
1659 1551 1760 1606 ego
1801 1543 1856 1588 et
1883 1533 2055 1588 Judas

2148 727 2316 780 ματος
2362 707 2614 779 Ἀϐραὰμ
2663 704 2871 777 πατρὸς
2920 703 3099 774 ἡμῶν.
3137 703 3251 755 Πᾶν
3297 699 3634 771 ἐπιθυμητὸν
3673 699 3730 749 ὲν

2159 803 2378 874 Ἰσραήλ
2405 819 2487 854 σοι
2519 801 2694 863 ἔσται,
2724 799 2819 852 καὶ
2845 798 2922 870 τῷ
2953 796 3230 866 σπέρματί
3273 811 3393 847 σου·
3435 793 3529 846 καὶ
3555 791 3732 844 ἔδεσθε

2148 897 2257 948 πᾶν
2281 894 2482 964 ὡραῖον
2505 890 2718 962 ὁράσει,
2752 890 2848 942 καὶ
2874 888 2972 958 τὴν
3008 885 3287 958 τράπεζαν
3316 884 3526 955 Κυρίου
3558 883 3731 935 διανε-

2153 988 2383 1058 μήσεται
2404 984 2466 1036 τὸ
2497 982 2717 1054 σπέρμα
2754 998 2871 1044 σου,
2908 981 3003 1032 καὶ
3029 980 3087 1046 ἐξ
3114 978 3293 1032 αὐτῶν
3314 977 3527 1030 ἔσονται
3550 977 3727 1046 ἀρχιευ

2155 1081 2286 1149 ρεῐς,
2317 1075 2911 1148 κριτα“ι,γραμματεῐς·
2938 1072 3020 1125 ὅτι
3050 1073 3143 1124 ἐπὶ
3169 1071 3434 1142 στόματος
3451 1069 3628 1122 αὐτῶν
3647 1085 3735 1136 φυ-

2151 1172 2483 1242 λαχθήσεται
2507 1168 2619 1239 (9.7)
2641 1169 2702 1220 τὸ
2732 1167 2905 1235 ἅγιον.
2939 1187 2957 1217 ι
2988 1166 3098 1218 Kal
3118 1163 3462 1231 ἐξυπνισθεὶς
3505 1161 3732 1230 συνῆκα,

2153 1265 2233 1317 ὅτι
2257 1263 2417 1316 τοῦτο
2437 1263 2624 1332 ὅμοιον
2653 1259 2846 1329 ἐκείνῳ
2875 1259 3012 1310 ἐστί.
3051 1257 3228 1325 Καίγε
3255 1255 3469 1327 ἔκρυψα
3498 1253 3652 1306 τοῦτο
3680 1253 3736 1304 ἐν

2155 1358 2219 1426 τῇ
2262 1353 2461 1426 καρδίᾳ
2492 1369 2617 1422 μου,
2650 1351 2744 1404 καὶ
2792 1349 2892 1402 οὐκ
2923 1349 3221 1421 άνήγγειλα
3267 1349 3398 1402 αὐτὸ
3442 1347 3603 1402 παντὶ
3643 1346 3736 1398 ἀν-

2157 1447 2360 1520 θρώπῳ
2394 1449 2487 1500 ἐπὶ
2516 1448 2614 1517 τῆς
2645 1446 2770 1516 γῆς.

2229 1540 2307 1593 Θ’.
2343 1559 2361 1590 ι
2397 1540 2507 1593 Kal
2535 1538 2653 1610 μεθ’
2680 1538 2894 1610 ἡμέρας
2922 1535 3016 1590 δύο
3036 1535 3237 1606 ἀνέϐην
3264 1533 3374 1603 ἐγὼ
3400 1531 3496 1586 καὶ
3545 1529 3740 1592 Ἰούδας

468 1637 535 1692 ad
567 1635 719 1690 lsaac
751 1649 877 1688 eum
907 1642 1064 1703 patre
1088 1640 1309 1695 uostro;
1343 1636 1397 1682 et
1425 1626 1709 1681 benedixit
1739 1625 1874 1680 mihi
1903 1633 2055 1694 pater

2169 1633 2298 1704 πρὸς
2356 1631 2542 1684 Ἰσαὰκ
2577 1629 2716 1701 μετὰ
2745 1630 2836 1683 τὸν
2881 1629 3093 1701 πατέρα
3131 1626 3316 1698 ἡμῶν⁸
3357 1625 3453 1678 καὶ
3486 1620 3740 1691 εῦλόγησέ

468 1729 640 1800 patris
679 1725 806 1791 mei,
839 1724 1142 1780 secundum
1174 1735 1460 1775 sermones
1485 1717 1761 1773 visionum
1804 1731 2051 1770 mearum

2169 1743 2227 1797 με
2252 1727 2281 1777 ὁ
2312 1722 2492 1794 πατὴρ
2528 1721 2622 1775 τοῦ
2661 1721 2866 1792 πατρός
2908 1739 3031 1792 μου,
3061 1719 3200 1773 κατά
3239 1718 3366 1780 τοὺς
3401 1715 3595 1784 λόγους
3631 1712 3738 1765 τῶν

468 1837 608 1891 quas
629 1821 907 1884 videram;
935 1826 990 1871 et
1013 1831 1122 1870 non
1149 1813 1322 1868 voluit
1346 1813 1426 1867 ire
1452 1813 1736 1867 nobiscum
1766 1811 1820 1865 in
1845 1809 2052 1864 Betltel.

2169 1816 2401 1889 5ράσεών
2440 1832 2562 1886 μου,
2608 1808 2683 1869 ὧν
2729 1811 2898 1868 εἶδον·
2945 1814 3041 1866 καὶ
3080 1812 3181 1864 οὐκ
3221 1808 3380 1882 ἤθελε
3417 1804 3743 1877 πορευθῆναι

472 1913 543 1969 Ut
571 1923 753 1968 autem
779 1911 1029 1966 venimus
1053 1908 1107 1961 in
1142 1906 1349 1972 Bethel,
1376 1906 1514 1960 vidit
1535 1915 1687 1976 pater
1707 1918 1864 1958 meus
1886 1901 2057 1957 Jacob

2169 1909 2280 1982 μεθ’
2309 1912 2342 1981 ἡ
2353 1908 2468 1980 μῶν
2491 1909 2571 1972 εἰς
2597 1907 2792 1979 Βεθήλ.
2839 1907 2926 1969 Ὠς
2948 1906 3005 1958 δὲ
3031 1905 3264 1976 ἡλθομεν
3285 1903 3365 1964 είς
3394 1898 3588 1969 Βεθὴλ,
3614 1893 3744 1949 εἶδεν

473 2010 529 2062 in
559 2006 772 2061 visione
797 2004 866 2059 de
904 2019 1010 2066 me,
1043 2002 1195 2073 quod
1234 2002 1452 2056 futurus
1481 2014 1659 2054 essem
1687 1999 1768 2053 eis
1799 1997 2058 2052 sacerdos

2169 2007 2187 2058 5
2217 2005 2400 2075 πατήρ
2431 2020 2530 2073 μου
2575 1999 2768 2055 Ἰακὼϐ
2793 2001 2850 2052 ὲν
2884 2001 3122 2072 ὁράματι
3163 1996 3291 2067 περὶ
3320 1993 3477 2065 ἐμοῦ,
3515 1993 3599 2044 ὅτι
3631 1991 3748 2043 ἐσο-

472 2101 542 2156 ad
567 2099 761 2154 Deum.
803 2098 870 2152 Et
891 2113 1196 2166 exsurgens
1225 2110 1385 2150 mane
1409 2092 1706 2148 deeimavit
1745 2090 1929 2144 omnia
1966 2105 2060 2158 per

473 2207 561 2246 me
591 2190 844 2244 Domino.
873 2187 939 2242 Et
969 2188 1221 2241 venimus
1247 2185 1296 2238 in
1323 2182 1539 2238 Hebron
1571 2182 1638 2236 ad
1666 2180 2056 2246 habitandum;

471 2295 527 2341 et
554 2285 708 2339 Isaac
754 2283 970 2337 vocavit
1018 2296 1105 2334 me
1135 2279 1422 2343 continuo,
1466 2286 1523 2330 ut
1553 2282 1884 2330 memoraret
1925 2273 2061 2327 mihi

473 2379 646 2448 legem
694 2375 931 2438 Domini,
975 2373 1119 2429 sicut
1147 2369 1474 2426 monstravit
1511 2368 1645 2421 mihi
1673 2366 1902 2436 angelus
1942 2362 2057 2417 Dei.

475 2471 541 2525 Et
567 2469 757 2524 docuit
781 2483 868 2522 me
894 2468 1065 2535 legem
1094 2461 1412 2526 sacerdotii,
1445 2458 1870 2522 saeriliciorum,
1904 2455 2062 2509 holo-

474 2571 851 2618 cautomatum
876 2601 891 2624 ,
950 2558 1347 2628 primitiarum,
1374 2554 1834 2617 voluntariorum,
1859 2551 2067 2607 saluta-

476 2657 645 2710 rium.
675 2653 920 2722 Singulis
942 2650 1135 2704 diebus
1166 2649 1353 2703 docuit
1379 2664 1466 2702 me
1509 2647 1833 2715 intelligere,
1857 2655 1914 2698 et
1935 2659 2064 2713 per-

476 2747 832 2805 scverabatin
859 2761 945 2798 me
967 2758 1150 2802 coram
1180 2739 1503 2795 Domino.Et
1524 2739 1664 2792 dixit
1689 2735 1820 2790 mihi
1843 2734 2063 2800 :tCave,

478 2843 578 2904 ﬁli,
599 2856 629 2893 a
653 2838 847 2908 spiritu
876 2834 1292 2899 fornicationis;
1330 2833 1419 2885 hic
1443 2831 1590 2885 enim
1617 2826 1981 2900 permanebit,
2013 2833 2067 2880 et

479 2947 575 3002 per
600 2945 786 2985 semen
816 2937 968 2981 tuum
1001 2923 1312 2994 inquinabit
1335 2934 1544 2977 sancta.
1575 2919 1776 2988 Accipe
1798 2930 1932 2988 ergo
1970 2915 2067 2970 tibi

481 3035 732 3086 uxorem,
768 3019 948 3073 adhuc
972 3015 1192 3086 juvenis
1220 3014 1488 3075 existens,
1522 3011 1796 3066 maculam
1827 3023 1936 3062 non
1969 3007 2068 3062 ba-

481 3116 696 3170 bentem
733 3126 909 3182 neque
937 3109 1303 3180 inquinatam,
1321 3121 1498 3176 neque
1510 3105 1576 3160 de
1592 3118 1787 3176 genere
1810 3099 2067 3170 alienige-

483 3201 1132 3277 narumvelgentiumﬁt
1160 3197 1455 3270 antequam
1487 3199 1656 3253 intres
1687 3197 1740 3250 in
1761 3193 2067 3258 sancta,la-

481 3315 644 3365 vare;
670 3297 795 3352 etin
826 3293 1210 3360 sacriﬁcando,
1232 3295 1445 3358 lavare;
1480 3300 1536 3347 et
1558 3289 1838 3359 complens
1867 3288 2072 3344 sacriﬁ-

482 3390 650 3454 cium,
676 3402 869 3443 rursus
898 3387 1100 3441 lavare.
1122 3383 1418 3438 Duodecim
1437 3382 1693 3442 arborum
1727 3392 1942 3446 semper
1979 3377 2070 3430 ha-

484 3482 730 3538 bentium
770 3478 900 3534 folia
931 3478 1189 3549 (fructus)
1222 3475 1356 3531 olfer
1391 3473 1646 3537 Domino,
1677 3481 1735 3526 ut
1769 3471 1935 3525 etiam
1984 3484 2070 3522 me

484 3575 760 3629 Abraham
790 3571 998 3626 docuit.
1033 3568 1100 3622 Et
1137 3569 1322 3623 omnis
1352 3567 1607 3621 animalis
1641 3563 1853 3628 mundi,
1885 3572 1939 3616 et
1977 3577 2070 3615 vo—

486 3665 651 3719 latilis
683 3661 873 3716 mundi
919 3661 1052 3715 oﬁer
1099 3659 1427 3714 sacriﬁcium
1485 3657 1741 3711 Domino.
1791 3653 1858 3708 Et
1890 3652 2071 3707 omnis

487 3755 650 3826 primi
678 3753 940 3824 germinis
971 3753 1054 3807 tui
1085 3761 1140 3807 et
1177 3752 1286 3806 vini
1318 3751 1452 3806 offer
1500 3751 1807 3820 primitias,
1861 3747 2072 3804 sacriﬁ-

488 3851 634 3905 cium
675 3847 933 3912 Domino;
965 3855 1019 3900 et
1062 3859 1225 3900 omne
1267 3841 1598 3898 sacriﬁcium
1654 3842 1767 3896 sale
1816 3851 2075 3907 consper-

489 3960 605 4015 ges.
640 3961 658 3992 ι

562 4034 631 4090 Χ.
675 4052 693 4085 ι
733 4032 890 4088 Nunc
931 4033 1099 4103 igitur
1140 4029 1436 4093 custodite,
1483 4039 1830 4096 quaecunque
1873 4025 2075 4078 mando

494 4131 675 4196 vobis,
709 4128 837 4193 ﬁlii;
869 4126 1133 4196 quoniam
1170 4136 1512 4194 quaecunque
1548 4119 1733 4176 audivi
1767 4133 1797 4172 a
1831 4117 2077 4188 patribus

495 4222 653 4288 meis,
682 4217 1004 4274 annuntiavi
1036 4216 1213 4270 vobis.
1242 4213 1511 4270 lnnocens
1539 4227 1661 4268 sum
1694 4211 1764 4266 ab
1796 4209 1947 4264 omni
1976 4209 2078 4263 im-

495 4315 694 4385 pietate
742 4318 926 4365 vestra
956 4317 1010 4363 et
1051 4305 1510 4376 transgressione,
1561 4318 1728 4373 quam
1775 4299 1991 4356 facietis
2023 4300 2078 4354 in

2164 2113 2262 2167 μαι
2294 2095 2478 2157 αὐτοῖς
2523 2095 2602 2156 είς
2649 2091 2799 2164 ἱερέα
2846 2093 2982 2162 πρὸς
3019 2089 3109 2141 τὸν
3155 2086 3306 2140 Θεόν.
3354 2084 3464 2137 Kal
3511 2078 3749 2142 ἀναστάς

2161 2188 2222 2241 τὸ
2246 2187 2354 2258 (28)
2380 2185 2525 2258 πρωῒ
2559 2183 2944 2239 άπεδεκάτωσε
2980 2179 3158 2234 πάντα
3184 2180 3249 2232 δι’
3278 2175 3411 2248 ἐμοῦ
3439 2175 3518 2245 τῷ
3540 2173 3746 2244 Κυρίῳ.

2163 2281 2274 2335 Kal
2299 2279 2532 2352 ἧλθομεν
2565 2279 2646 2341 εἰς
2680 2275 2927 2348 Χεϐρὼν,
2958 2273 3052 2326 τοῦ
3084 2270 3410 2326 καταλῦσαι⁸
3435 2270 3528 2322 καί
3567 2265 3753 2320 Ἰσαάκ

2164 2373 2346 2427 ἐκάλει
2376 2389 2442 2442 με
2472 2369 2708 2440 συνεχῶς
2731 2367 2826 2421 τοῦ
2853 2365 3167 2437 ὑπομνῆσαι
3197 2363 3309 2435 (29)
3349 2379 3418 2433 με
3451 2361 3615 2431 νόμον
3640 2359 3754 2411 Κυ-

2167 2467 2304 2540 ρίου,
2339 2463 2522 2526 καθὼς
2551 2462 2717 2529 ἔδειξέ
2754 2462 2895 2533 μοιό
2919 2459 3148 2528 ἄγγελος
3186 2456 3283 2511 τοῦ
3311 2454 3469 2508 Θεοῦ.
3506 2455 3618 2507 Kal
3643 2451 3752 2503 ὲδί-

2165 2557 2331 2612 δασκέ
2362 2575 2429 2628 με
2465 2555 2626 2627 νόμον
2655 2552 2974 2626 ἱερωσύνης,
3007 2551 3227 2615 θυσιῶν,
3265 2546 3752 2616 ὁλοκαυτωμάτων,

2167 2649 2454 2723 ἀπαρχῶν,
2502 2648 2789 2712 ἑκουσίων,
2837 2645 3140 2718 σωτηρίων.
3191 2643 3302 2697 Kal
3343 2636 3411 2710 ἦν
3452 2638 3575 2693 καθ’
3622 2636 3753 2690 ἑκά·-

2171 2762 2301 2816 στην
2331 2742 2543 2814 ἡμέραν
2573 2738 2864 2803 συνετίζων
2904 2755 2992 2809 με,
3010 2737 3104 2791 καὶ
3128 2737 3208 2799 είς
3229 2735 3330 2807 ἐμὲ
3363 2731 3754 2803 ἀσχολούμενος

2166 2835 2234 2911 ἦν
2269 2836 2499 2891 ἐνώπιον
2545 2833 2774 2906 Κυρίου.
2808 2832 2920 2885 Καὶ
2962 2829 3117 2898 ἐλεγέ
3149 2845 3264 2900 μοι·
3310 2847 3328 2878 ι
3365 2826 3628 2898 Πρόσεχε,
3671 2823 3744 2874 τέ-

2150 2949 2294 2985 ικνον
2326 2929 2461 2999 (50),
2510 2927 2618 2982 ἀπὸ
2657 2927 2753 2980 τοῦ
2793 2911 3102 2995 πνεύματος
3129 2922 3230 2991 τῆς
3272 2918 3558 2990 πορνείας·
3602 2915 3757 2968 τοῦτο

2171 3023 2280 3094 γὰρ
2301 3021 2585 3092 ὲνδελεχεῖ,
2615 3019 2712 3072 καὶ
2735 3017 2918 3090 μέλλει
2951 3015 3182 3086 μιαίνειν
3207 3011 3294 3065 διὰ
3314 3009 3409 3063 τοῦ
3441 3007 3757 3079 σπέρματός

2173 3131 2270 3170 σου
2304 3115 2454 3182 am.
2494 3112 2640 3166 Λάϐε
2663 3105 2755 3164 οῦν
2778 3107 2989 3178 σεαυτῷ
3013 3107 3267 3174 γυναῖκα,
3301 3102 3381 3154 ἔτι
3415 3099 3534 3163 νέος
3561 3097 3658 3160 ὣν,
3685 3095 3758 3167 μὴ

2169 3206 2396 3277 ἔχουσαν
2430 3203 2639 3276 μῶμον,
2667 3201 2802 3273 μηδὲ
2825 3198 3208 3271 βεϐηλωμὲνην
3233 3235 3248 3259 ,
3278 3195 3414 3265 μήτε
3439 3191 3550 3245 ἀπὸ
3570 3189 3758 3277 γένους

2169 3275 2482 3367 ἀλλοφύλων
2526 3294 2559 3365 ἢ
2594 3292 2784 3347 ἐθνῶν.
2832 3291 2944 3345 Kal
2990 3289 3100 3360 πρὸ
3139 3285 3233 3341 τοῦ
3272 3283 3534 3338 εἰσελθεῖν
3574 3282 3656 3343 εἰς
3693 3275 3758 3330 τὰ

2171 3389 2321 3458 ἆγια,
2355 3386 2539 3441 λούουο
2574 3385 2668 3439 καὶ
2709 3386 2768 3437 ἐν
2797 3381 2876 3454 τῷ
2923 3381 3092 3444 θύειν,
3136 3379 3356 3432 νίπτου’
3397 3377 3492 3429 καὶ
3530 3373 3756 3443 ἀπαρτί·

2171 3478 2279 3544 ζων
2321 3476 2484 3531 πάλιν
2524 3475 2624 3546 τὴν
2668 3473 2880 3539 θυσίαν,
2910 3471 3122 3526 νίπτου.
3164 3469 3383 3522 Δώδεκα
3411 3466 3642 3537 δένδρων
3678 3459 3758 3518 ἀεὶ

2171 3573 2404 3644 ἐχόντων
2433 3569 2605 3640 φύλλα
2630 3568 2872 3636 ἀνάγαγε
2895 3565 2976 3636 τῷ
3002 3564 3209 3636 Κυρίῳ,
3235 3562 3310 3626 ὡς
3329 3561 3478 3632 κάμὲ
3509 3557 3756 3629 Ἀϐραάμ

2173 3663 2397 3728 ἐδίδαξε.
2452 3662 2565 3715 Kal
2608 3659 2810 3722 παντὸς
2862 3655 3001 3721 ζώου
3050 3651 3316 3724 καθαροῦ,
3365 3652 3461 3704 καὶ
3509 3645 3760 3702 πετεινοῦ

2174 3754 2414 3826 καθαροῦ
2463 3752 2744 3824 πρόσφερε
2791 3747 2981 3801 θυσίαν
3023 3744 3102 3814 τῷ
3143 3743 3351 3815 Κυρίῳ.
3406 3741 3518 3794 Kal
3561 3737 3764 3799 παντὸς

2175 3845 2668 3921 πρωτογενήματός
2707 3858 2822 3904 σου,
2850 3841 2945 3895 καὶ
2970 3838 3128 3892 οἴνων
3164 3837 3440 3908 πρόσφερε
3485 3830 3761 3904 ἀπαρχὰς,

2176 3939 2364 3992 θυσίαν
2390 3934 2468 4006 τῷ
2491 3935 2680 4005 Κυρίῳ
2698 3951 2710 3962 ·
2738 3932 2834 3986 καί¹
2861 3932 3040 3984 πᾶσαν
3067 3928 3259 3981 θυσίαν
3293 3925 3452 3980 aiam
3477 3925 3668 3988 ἀλιείς.
3708 3942 3728 3974 ›

2252 4033 2308 4084 l'.
2359 4049 2377 4080 ι
2404 4028 2519 4082 Νῦν
2562 4023 2656 4080 οὖν
2691 4023 2983 4096 φυλάξατε,
3008 4023 3108 4076 ὅσα
3141 4019 3251 4088 ἐγὼ
3273 4018 3590 4089 ἐντέλλομαι
3609 4017 3761 4086 ὑμῖν,

2177 4123 2374 4177 τέκνα·
2410 4121 2492 4173 ὅτι
2545 4119 2645 4172 ὅσα
2689 4118 2898 4189 ἥκουσα
2954 4113 3106 4186 παρὰ
3151 4111 3261 4165 τῶν
3306 4111 3559 4181 πατέρων
3614 4125 3718 4179 μου
3747 4149 3762 4170 ,

2178 4213 2474 4286 ἀνήγγειλα
2526 4212 2675 4282 ὑμῖν.
2715 4208 2915 4272 Ἀθῶός
2958 4209 3072 4279 εἰμι
3123 4205 3230 4260 ἀπὸ
3276 4203 3458 4275 πάσης
3508 4200 3767 4263 ἀσεϐείας

2182 4306 2336 4380 ὑμῶν
2367 4303 2894 4377 καὶ-παραϐάσεως,
2939 4301 3007 4372 ἢν
3044 4299 3296 4370 ποιήσετε
3348 4296 3442 4350 ἐπὶ
3485 4293 3768 4363 συντελείᾳ

496 4402 973 4461 consummatione
1026 4397 1356 4454 saeculorum
1410 4396 1463 4450 in
1498 4392 1839 4450 Salvatorem
1888 4392 2065 4447 mundi

2180 4401 2290 4454 τῶν
2315 4398 2525 4452 αἰώνων
2559 4397 2639 4460 εἰς
2668 4395 2758 4447 τὸν
2791 4393 3021 4464 Σωτῆρα
3055 4388 3150 4443 τοῦ
3178 4390 3382 4459 κόσμου
3417 4384 3765 4447 ἀσεϐοῦντες,

499 4498 664 4568 impie
692 4494 974 4560 facientes,
1011 4491 1334 4547 seducentes
1367 4488 1553 4555 Israel,
1588 4497 1641 4542 et
1671 4486 2004 4542 suscitantes
2027 4485 2075 4539 ei

499 4589 644 4643 mala
667 4602 863 4658 magna
887 4602 918 4640 a
943 4585 1196 4639 Domino.
1216 4582 1282 4637 Et
1303 4582 1488 4651 inique
1507 4579 1723 4634 facietis
1741 4595 1864 4633 cum
1890 4576 2076 4644 lsrael,

501 4692 561 4735 ut
589 4696 698 4735 non
748 4679 1020 4734 sustineat
1055 4691 1114 4732 se
1142 4674 1446 4729 Jerusalem
1479 4687 1508 4725 a
1542 4670 1682 4726 facie
1715 4670 1943 4724 malitia:
1986 4684 2080 4724 ve.

501 4784 663 4840 strae;
690 4773 782 4826 sed
815 4770 1101 4825 scindatur
1129 4767 1312 4821 velum
1349 4764 1560 4835 templi,
1590 4772 1651 4818 ut
1687 4779 1796 4818 non
1826 4761 1966 4816 velet
1988 4761 2082 4815 de-

503 4867 837 4924 formitatem
862 4871 1122 4917 vestram.
1148 4857 1215 4914 Et
1236 4856 1625 4928 dispergemini
1649 4854 1853 4925 captivi
1876 4855 1928 4907 in
1959 4870 2082 4924 gen-

503 4961 671 5024 tibus,
709 4967 762 5012 et
792 4956 946 5011 eritis
979 4955 1032 5008 in
1075 4951 1458 5022 opprobrium,
1501 4957 1554 5003 et
1597 4947 2037 5002 maledictionem
2063 4984 2079 5010 ,

501 5065 558 5111 et
579 5050 1083 5114 conculcationem;
1115 5048 1312 5100 domus
1336 5044 1480 5098 enim
1506 5056 1670 5111 quam
1699 5041 1862 5110 eliget
1891 5036 2078 5091 Domi-

505 5164 630 5213 nus,
659 5143 961 5200 Jerusalem
991 5139 1297 5199 vocabitur,
1339 5134 1806 5207 quemadmodum
1839 5132 2082 5188 continet

504 5241 642 5296 liber
667 5235 852 5290 Enoch
883 5233 1038 5303 justi.

722 5437 1062 5508 _'A5ppaa_zoc
1082 5473 1096 5497 ,
1235 5429 1558 5508 apag/130v
1601 5425 1866 5496 ὑψηλοῦ.
1923 5425 2083 5493 Ἀγα-

508 5499 681 5576 πητὴξ
705 5506 779 5570 ὼς
796 5499 1087 5576 προφήτης
1123 5501 1398 5576 ’Υψίστουί
1417 5499 1596 5576 Gesn.

599 5567 689 5642 27)
728 5567 1212 5642 Φυλαχθῆσῖεταιξ
1243 5569 1612 5640 Ληφθήσεται.
1641 5567 1716 5621 lu.

600 5643 692 5698 28)
737 5647 826 5697 Τό.
871 5644 1020 5696 Ἀπό.
1047 5643 1124 5696 ID.

601 5704 691 5783 29)
742 5712 1122 5783 Tuom-ﬁam.
1165 5707 1659 5779 Ὑπομνηματίσαι.
1687 5704 1762 5759 In.

2181 4489 2491 4551 πλανῶντες
2515 4485 2605 4539 τὸν
2645 4481 2880 4555 Ἰσραὴλ,
2923 4483 3018 4535 καὶ
3047 4481 3418 4550 ἐπεγείροντες
3441 4475 3592 4546 αύτῷ
3617 4475 3769 4530 κακά

2184 4580 2395 4656 μεγάλα
2420 4575 2573 4647 παρά
2599 4573 2810 4645 Κυρίῳ.
2834 4573 2944 4626 Καὶ
2971 4571 3271 4642 ἀνομήσετε
3298 4569 3394 4621 σὺν
3415 4566 3495 4637 τῷ
3523 4566 3767 4637 Ἰσραὴλ,

2182 4671 2324 4724 ὥστε
2369 4667 2444 4740 μὴ
2480 4664 2748 4738 βαστάσαι
2791 4661 3145 4734 Ἰερουσαλὴμ
3190 4659 3298 4714 ἀπὸ
3337 4656 3635 4729 προσώπου
3673 4673 3770 4708 πο·-

2182 4761 2372 4833 νηρίας
2405 4758 2558 4830 ὑμῶν
2575 4773 2589 4788 ·
2616 4755 2755 4810 ἀλλά
2790 4756 2973 4825 σχίσαι
3000 4753 3062 4806 τὸ
3085 4753 3286 4822 ἔνδυμα
3307 4749 3403 4803 τοῦ
3428 4747 3582 4812 ναοῦ,
3626 4747 3768 4803 ὥστε

2186 4852 2261 4924 μὴ
2285 4849 2721 4906 κατακαλύπτειν
2755 4846 3139 4921 ἀσχημοσύνην
3181 4841 3354 4914 ὑμῶν.
3381 4843 3494 4896 Kal
3530 4841 3767 4896 διασπα-

2185 4943 2413 5016 ρήσεσθε
2442 4944 2773 5014 αἰχμάλωτοι
2800 4944 2857 4995 ὲν
2877 4943 2991 5004 τοῖς
3015 4939 3212 4998 ἔθνεσι,
3235 4937 3331 4988 xal
3348 4936 3538 4989 ἔσεσθε
3555 4937 3635 5000 είς
3653 4937 3767 5006 (3i)

2183 5034 2506 5104 ὀνειδισμὸν,
2561 5034 2654 5086 καὶ
2699 5033 2965 5102 κατάραν,
3003 5031 3098 5083 καὶ
3137 5032 3549 5102 καταπάτημα·
3592 5031 3620 5081 ὁ
3657 5028 3767 5099 γάρ

2184 5125 2351 5192 οἶκος,
2369 5127 2426 5179 ὃν
2444 5127 2509 5180 ἂν
2531 5125 2818 5198 ἐκλέξηται
2840 5123 3064 5195 Κύριος,
3103 5124 3467 5196 Ἰερουσαλὴμ
3499 5123 3769 5195 κληθήσεο

2187 5237 2302 5285 ται,
2352 5219 2535 5283 καθὼς
2561 5217 2806 5289 περιέχει
2839 5215 3015 5286 βίϐλος
3059 5216 3228 5287 Ἑνὼχ
3249 5217 3344 5270 τοῦ
3384 5215 3596 5270 δικαίου
3624 5213 3762 5284 (52).

2414 5422 2646 5502 {exva}:
2681 5418 2918 5502 Z_sau_r§i.
2946 5417 3022 5474 In.

2261 5489 2371 5566 (δι)
2416 5495 2554 5566 Είςη
2585 5491 2732 5566 Ἐκεῖ
2763 5489 3146 5566 additum._ln.

2262 5555 2372 5635 (5‘2)
2412 5555 2631 5635 Βίϐλος
2677 5559 2858 5635 Ἐνῲχ
2879 5559 3010 5635 ’τοῦ
3035 5559 3286 5635 δικαίου.
3330 5557 3461 5635 _.lam
3504 5572 3668 5625 supra
3711 5555 3768 5607 in

2191 5629 2538 5689 TeStaiuento
2573 5629 2843 5701 Simeonis
2876 5631 2904 5701 ᾗ
2931 5631 3275 5701 καμίνοισι
3294 5630 3474 5698 aliqua
3501 5643 3567 5682 ex
3590 5641 3770 5701 χαρᾶς

2190 5703 2352 5775 κτῆρι
2395 5701 2614 5774 γραφῆς
2654 5699 2842 5770 Ἑνὼχ,
2878 5691 3096 5769 Vet'jam
3133 5700 3189 5755 iu
3234 5691 3768 5756 Testamento'vL'cvi
