4076 6142
346 240 511 338 εποδε

1638 243 2159 310 rasum:qu
2199 248 2378 305 LEVI.
2432 231 2440 240 '

3476 256 3616 313 1066

368 331 600 431 θήσεσθε
627 359 720 415 ἐπὶ
743 363 808 433 τῇ
837 358 1126 434 ἱερωσύνῃ,
1157 357 1298 412 κατά
1326 331 1434 411 τῶν
1462 356 1764 428 ἀνθρώπων
1791 359 1944 410 ἐπαι-

2051 361 2144 414 sed
2169 367 2223 414 et
2245 361 2508 416 adversus
2531 361 2787 418 mandata
2809 361 2904 420 Dei
2931 363 3125 436 inﬂati,
3149 365 3387 424 illudetis
3407 379 3618 435 sancta,

371 449 616 521 ρόμενοι·
659 451 720 504 ού
774 451 931 522 μόνον
973 449 1047 512 δὲ,
1096 448 1232 502 ἀλλά
1265 446 1528 502 καὶκατὰ
1563 446 1674 498 τῶν
1721 445 1949 500 ἐντολῶν

363 541 460 594 τοῦ
489 539 624 595 Θεοῦ
654 541 1019 612 φυσιούμενοι,
1059 537 1424 602 καταπαίξετε
1463 535 1534 590 τά
1576 535 1706 604 ἅγια
1731 535 1864 607 (48),
1893 537 1952 588 ἐν

327 663 332 667 -
366 634 765 706 καταφρονήσει
793 632 1181 702 γελοιάζοντες.

435 725 536 778 IE'.
573 744 590 775 ι
618 725 716 779 Διά
740 725 907 778 ταῦτα
930 727 959 778 6
1001 723 1146 790 ναὸς,
1174 722 1234 776 ὃν
1283 722 1350 776 ἃν
1392 719 1676 790 ἐκλέξηται
1719 719 1946 792 Κύριος,

365 816 568 892 ἔρημος
613 821 761 874 ἔσται
797 821 853 874 ἐν
880 819 1206 891 ἀκαθαρσίᾳ,
1261 818 1356 871 καὶ
1405 819 1563 888 ὑμεῖς
1612 815 1951 887 αἰχμάλωτοι

363 907 549 964 ἔσεσθε
582 910 690 983 (49)
721 913 801 974 εἰς
831 912 1008 965 πάντα
1035 911 1105 963 τὰ
1133 909 1283 980 ἔθνη,
1317 909 1412 961 καὶ
1454 907 1640 960 ἔσεσθε
1674 906 1949 978 βδέλυγμα

363 999 421 1054 ἐν
449 1001 647 1067 αὐτοῖς,
689 1002 782 1056 καὶ
805 1000 1034 1073 λήψεσθε
1063 999 1259 1062 ὄνειδος
1294 997 1388 1051 καὶ
1433 994 1694 1066 αἰσχύνην
1734 993 1950 1047 αἰώνιον

363 1090 512 1164 παρὰ
534 1093 635 1163 τῆς
655 1091 1046 1159 δικαιοκρισίας
1067 1090 1161 1143 τοῦ
1191 1087 1325 1142 Θεοῦ
1344 1106 1357 1118 °
1392 1087 1485 1141 καὶ
1514 1087 1714 1148 πάντες
1735 1086 1784 1138 οἱ
1816 1084 1950 1178 θεωῖ

366 1183 583 1255 ροῦντες
628 1186 770 1257 ὑμᾶς
820 1184 1104 1254 φεύξονται
1150 1184 1240 1253 ἀφ’
1286 1181 1459 1253 ὑμῶν.
1504 1179 1616 1234 Καὶ
1654 1179 1702 1232 εί
1758 1176 1833 1249 μὴ
1877 1176 1930 1230 δι

375 1273 640 1349 Ἀϐραὰμ,
690 1279 782 1332 καὶ
821 1277 1037 1339 Ἰσαὰκ,
1100 1277 1192 1330 καὶ
1234 1273 1464 1335 Ἰακὼϐ,
1525 1274 1650 1336 τοὺς
1701 1271 1948 1341 πατέρας

359 1366 536 1440 ήμῶν,
571 1363 650 1432 εἷς
693 1369 757 1421 ἐκ
797 1367 890 1420 τοῦ
932 1367 1242 1440 σπέρματός
1272 1383 1372 1436 μου
1410 1365 1471 1417 ού
1507 1362 1580 1435 μὴ
1609 1361 1944 1433 καταλειφθῇ

359 1462 451 1514 ἐπὶ
479 1462 581 1532 τῆς
605 1462 730 1531 γῆς.

351 1538 358 1544 ’
426 1555 544 1620 ις’.
581 1552 734 1607 (Καὶ
763 1549 858 1605 νῦν
888 1551 1057 1622 ἐγνων
1109 1553 1166 1604 ἐν
1200 1549 1386 1622 βιϐλίῳ
1429 1547 1618 1617 Ἑνὼχ,
1668 1545 1750 1599 ὅτι
1794 1545 1944 1598 ἐϐδο-

357 1649 602 1720 μήκοντα
642 1647 936 1718 ἑϐδομάδας
980 1643 1408 1714 πλανηθήσεσθε,
1437 1641 1532 1695 καὶ
1572 1637 1670 1710 τὴν
1713 1637 1942 1709 ἱερωσύ-

2052 450 2106 506 in
2133 462 2446 524 contemptu
2473 453 2798 512 deridentes.

2053 701 2062 794 ί
2119 716 2240 775 XV.
2279 737 2299 770 ι
2334 717 2562 788 Propter
2609 719 2727 776 haec
2773 721 3032 790 templum
3067 724 3213 793 quod
3240 726 3429 796 utique
3457 727 3620 797 eliget

2052 809 2339 874 Dominus,
2367 811 2705 868 desolabitur
2737 813 2790 867 in
2824 815 3188 881 immunditia,
3213 828 3266 873 et
3296 835 3392 874 vos
3421 823 3622 892 captivi

2049 903 2203 957 eritis
2238 902 2292 956 in
2333 918 2525 959 omnes
2554 914 2762 975 gentes,
2791 914 2847 961 et
2868 907 3202 963 abominatio
3231 909 3368 966 inter
3410 929 3538 981 eas;
3567 923 3624 968 et

2050 994 2330 1064 accipietis
2387 997 2740 1065 opprobrium
2805 1008 2859 1053 et
2917 1000 3296 1056 confusionem
3339 1006 3625 1075 sempiter-

2051 1081 2178 1139 nam
2210 1101 2238 1139 a
2268 1085 2417 1154 justo
2443 1086 2651 1156 judicio
2679 1086 2807 1155 Det;
2833 1098 2887 1144 et
2902 1106 3094 1147 omnes
3125 1091 3220 1162 qui
3246 1093 3480 1149 viderint
3505 1113 3624 1161 vos,

2051 1173 2260 1245 fugient
2301 1189 2332 1229 a
2368 1175 2543 1231 vobis.
2586 1174 2653 1231 Et
2709 1177 2816 1232 nisi
2867 1187 3014 1234 esset
3053 1188 3274 1251 propter
3325 1183 3624 1250 Abraham,

2049 1267 2199 1322 Isaac
2225 1277 2277 1323 et
2318 1266 2487 1324 Jacob
2514 1309 2531 1335 ,
2576 1279 2760 1340 patres
2828 1281 3083 1342 nostros,
3116 1291 3260 1332 unus
3302 1291 3370 1330 ex
3416 1278 3626 1335 semine

2049 1356 2173 1413 meo
2225 1374 2333 1414 non
2363 1360 2764 1430 relinqueretur
2790 1361 2845 1416 in
2875 1370 3040 1418 terra.

2116 1539 2255 1593 XVI.
2293 1561 2309 1590 ι
2341 1539 2404 1594 Et
2434 1555 2582 1596 nunc
2620 1542 2849 1614 cognovi
2892 1543 2948 1599 in
2972 1544 3112 1600 libro
3138 1544 3347 1613 Enoch,
3371 1548 3513 1618 quod
3542 1565 3628 1604 se-

2046 1632 2328 1701 ptuaginta
2361 1632 2730 1688 hebdomadas
2764 1634 3037 1703 eri-abitis,
3060 1644 3115 1690 et
3150 1637 3512 1692 sacerdotium
3543 1641 3626 1695 in-

354 1757 453 1810 νην
500 1735 854 1813 βεϐηλώσετε,
903 1740 996 1792 καὶ
1033 1738 1132 1800 τὰς
1174 1737 1362 1798 θυσίας
1403 1735 1663 1806 μιανεῖτε,
1712 1730 1808 1784 καὶ
1848 1731 1938 1782 τὸν

2044 1725 2367 1795 quinabitis,
2393 1733 2449 1780 et
2479 1725 2746 1781 sacriﬁcia
2771 1728 3045 1798 polluetis,
3069 1736 3124 1783 et
3159 1729 3330 1800 legem
3362 1731 3625 1786 extermi-

353 1836 518 1906 νόμον
549 1833 858 1903 ἀφανίσετε,
886 1832 980 1887 καὶ
1005 1831 1194 1900 λόγους
1221 1827 1514 1901 προφητῶν
1537 1823 1940 1892 ἐξουδενώσετε,

354 1929 413 1981 ἐν
442 1927 737 1998 διαστροφῇ
770 1923 988 1990 διώξετε
1028 1921 1225 1993 ἄνδρας
1260 1918 1520 1981 δικαίους,
1562 1918 1658 1970 καὶ
1700 1913 1942 1976 εὐσεϐεῖς

357 2021 649 2091 μισήσετε,
697 2015 964 2088 ἀληθινῶν
1016 2014 1206 2082 λόγους
1253 2010 1586 2082 βδελύξεσθε,
1637 2009 1732 2063 καλ⁴
1775 2008 1943 2080 ἄνδρα

353 2109 868 2166 ἀνακαινοποιοῦντα
883 2108 976 2162 τὸν
1007 2107 1168 2178 νόμον
1185 2105 1242 2157 ἐν
1267 2105 1490 2176 δυνάμει
1528 2102 1782 2172 Ὑψίστου
1809 2101 1944 2156 πλά-

354 2222 442 2261 νον
486 2193 977 2276 προσαγορεύσετε,
1017 2199 1111 2253 καὶ
1153 2197 1324 2262 τέλος,
1374 2196 1450 2260 ὡς
1483 2196 1752 2267 νομίσετε,
1805 2195 1943 2248 ἀπο-

353 2299 592 2352 κτενεῖτε
636 2294 820 2358 αὐτὸν,
860 2292 960 2346 οὐκ
1005 2291 1206 2354 εἰδότες
1244 2287 1408 2343 αὐτοῦ
1441 2288 1502 2341 τὸ
1545 2288 1854 2358 ἀνάστημα,
1881 2287 1944 2340 τὸ

353 2385 529 2441 ἀθῶον
558 2379 696 2456 αἷμα
725 2385 781 2436 ἐν
811 2381 979 2452 κακία
1008 2383 1099 2434 ἐπὶ
1128 2380 1370 2448 κεφαλὰς
1415 2378 1569 2451 ὑμῶν
1614 2377 1941 2448 ἀναδεχόμε-

355 2495 454 2531 νοι.
484 2477 594 2530 Καὶ
622 2475 688 2528 δι’
728 2474 888 2528 αὐτόν
920 2472 1068 2527 ἐσται
1098 2471 1167 2525 τά
1212 2473 1343 2540 ἆγια
1392 2470 1545 2542 ὑμῶν
1591 2469 1792 2542 ἔρημα,
1840 2470 1944 2532 ἕως

355 2566 581 2636 ἐδάφους
609 2564 962 2637 μεμιαμμένα
980 2581 993 2593 °
1027 2563 1122 2616 καὶ
1151 2563 1250 2616 οὐκ
1278 2561 1430 2615 ἔσται
1459 2560 1622 2624 τόπος
1658 2560 1812 2631 ὑμῶν
1839 2577 1942 2613 κα-

356 2657 538 2730 θαρδς,
568 2657 681 2710 ἀλλ’
713 2660 771 2711 ὲν
804 2659 916 2719 τοῖς
957 2654 1164 2708 ἔθνεσιν
1215 2652 1402 2706 ἔσεσθε
1447 2653 1526 2715 εἱς
1574 2652 1818 2723 κατάραν
1850 2651 1944 2705 καὶ

355 2750 438 2817 εἰς
486 2747 948 2819 διασκορπισμὸν,
991 2747 1094 2810 ἓως
1145 2745 1307 2807 αὐτὸς
1351 2742 1511 2798 πάλιν
1553 2743 1940 2814 ἐπισκέψηται,

355 2841 454 2895 καί¹
507 2841 848 2914 οἱκτειρήσας
893 2839 1252 2910 προσδέξηται
1304 2836 1450 2908 ὑμᾶς
1498 2837 1556 2890 ἐν
1607 2835 1788 2890 πίστει
1851 2835 1945 2890 καί

358 2924 535 2985 ὕδατι.

428 3023 527 3076 IZ'.
567 3023 721 3080 «Καὶ
763 3022 845 3076 ὅτι
901 3023 1170 3093 ἠκούσατε
1217 3022 1346 3094 περὶ
1377 3022 1488 3076 τῶν
1529 3021 1940 3114 ονέϐδομάδων,
1970 3057 2012 3114 C

2044 1817 2267 1884 nabitis,
2296 1825 2351 1872 et
2395 1832 2677 1874 sermones
2726 1820 3112 1890 prophetarum
3162 1825 3542 1889 contemnetis,
3569 1824 3625 1878 in

2044 1910 2398 1979 perversitate
2422 1912 2823 1981 persequemini
2854 1912 3000 1968 viros
3023 1913 3225 1983 justos,
3256 1923 3311 1970 et
3343 1917 3464 1986 pios
3498 1918 3626 1973 odio

2043 1998 2335 2066 habebitis,
2375 2001 2656 2055 veracium
2705 2016 2988 2058 sermones
3033 2003 3523 2074 abominabimini,
3572 2016 3632 2076 et

2042 2090 2221 2146 virum
2248 2103 2599 2148 reuovantem
2640 2095 2812 2165 legem
2854 2094 2910 2149 in
2960 2096 3163 2153 virtute
3203 2098 3492 2166 Altissimi,
3525 2101 3632 2156 im-

2043 2194 2320 2252 postorem
2349 2187 2720 2256 appellabitis;
2749 2199 2803 2244 et
2827 2189 2881 2242 in
2911 2189 3035 2255 line,
3059 2198 3119 2244 ut
3141 2191 3500 2258 aestimabitis,
3533 2207 3630 2249 oc-

2045 2274 2238 2332 cidetis
2277 2292 2424 2344 eum,
2453 2281 2756 2336 nescientes
2780 2281 2951 2350 ipsius
2973 2282 3450 2350 resurrectionem,
3479 2285 3631 2339 inno-

2045 2377 2272 2423 centem
2309 2373 2632 2444 sanguinem
2672 2372 2725 2426 in
2777 2374 2987 2428 malitia
3033 2389 3196 2444 super
3231 2374 3408 2446 capita
3446 2385 3627 2432 vestra

2045 2463 2332 2531 recepturi.
2365 2462 2428 2519 Et
2468 2474 2689 2536 propter
2713 2465 2892 2536 ipsum
2925 2477 3084 2522 erunt
3119 2475 3308 2522 sancta
3333 2477 3512 2522 vestra
3537 2468 3629 2522 de-

2044 2563 2212 2618 serta,
2235 2569 2412 2624 usque
2448 2557 2517 2611 ad
2546 2558 2909 2627 pavimentum
2940 2557 3255 2629 profanata;
3287 2567 3342 2614 et
3371 2576 3482 2614 non
3521 2563 3628 2617 erit

2045 2641 2198 2698 Iocus
2227 2653 2406 2699 vester
2439 2648 2694 2714 mundus,
2725 2649 2817 2703 sed
2851 2648 2904 2702 in
2939 2649 3190 2719 gentibus
3221 2649 3377 2704 eritis
3421 2651 3477 2705 in
3517 2667 3630 2704 ma-

2045 2733 2386 2793 ledictionem
2428 2740 2567 2794 etin
2617 2739 3031 2810 dispersionem,
3059 2741 3234 2796 donec
3277 2742 3395 2812 ipse
3432 2759 3628 2800 rursus

2045 2833 2307 2900 visitabit,
2333 2841 2388 2888 et
2409 2833 2679 2888 miserens
2708 2833 2930 2903 recipiet
2951 2847 3047 2888 vos
3069 2834 3124 2888 in
3149 2832 3256 2890 ﬁde
3279 2842 3334 2890 et
3355 2850 3518 2906 aqua.

2113 3009 2285 3066 XVII.
2318 3029 2338 3062 ι
2365 3011 2434 3066 Et
2457 3012 2716 3083 quoniam
2747 3012 2979 3069 audistis
3015 3013 3082 3069 de
3125 3015 3467 3086 septuaginta
3495 3016 3630 3072 heb-

352 3113 622 3168 ἀκούσατε
653 3116 744 3169 καὶ
769 3116 897 3187 περὶ
925 3116 1026 3184 τῆς
1060 3115 1379 3187 ἱερωσύνης.
1404 3113 1543 3167 Καθ’
1569 3112 1800 3168 ἕκαστον
1829 3113 1938 3186 γὰρ

2045 3104 2392 3170 domadibus,
2418 3106 2601 3161 audite
2635 3106 2798 3160 etiam
2852 3107 2920 3162 de
2957 3107 3281 3162 sacerdotio.
3315 3108 3626 3166 Secundum

370 3203 675 3274 Ἰωϐηλαῖον
704 3204 858 3258 ἔσται
890 3205 1173 3275 ἱερωσύνη.
1202 3205 1312 3257 Καὶ
1338 3206 1396 3256 ἐν
1417 3203 1496 3273 τῷ
1520 3202 1722 3275 πρώτῳ
1762 3202 1944 3275 Ἰωϐή-

355 3293 493 3366 λαίῳ
520 3296 549 3348 6
571 3295 786 3366 πρῶτος
809 3294 1094 3365 χριόμενος
1129 3295 1209 3357 είς
1244 3291 1540 3364 ἱερωσύνην
1564 3292 1738 3363 μέγας
1763 3293 1939 3358 ἔσται,

355 3387 453 3441 καὶ
479 3384 698 3457 λαλήσει
736 3383 854 3454 Θεῷ
891 3385 966 3446 ὼς
994 3383 1194 3454 πατρί’
1245 3381 1340 3436 καὶ
1384 3384 1418 3453 ή
1467 3383 1733 3454 ἱερωσύνη
1773 3383 1940 3438 αὑτοῦ

356 3477 572 3547 πλήρης
599 3488 736 3546 μετα
763 3471 926 3541 φόϐου
958 3472 1161 3544 Κυρίου
1181 3488 1194 3502 ο
1233 3471 1326 3525 καὶ
1353 3473 1408 3524 ἐν
1438 3472 1620 3544 ἡμέρᾳ.
1647 3475 1821 3543 χαρᾶς
1845 3476 1943 3528 αι)-

356 3564 454 3619 τοῦ
488 3565 580 3618 ἐπὶ
618 3563 859 3634 σωτηρίᾳ
883 3563 1088 3632 κόσμου
1119 3561 1282 3625 αὐτὸς
1311 3562 1694 3634 ἀναστήσεται.
1736 3564 1822 3616 Ἐν
1861 3563 1942 3635 τῷ

356 3653 594 3728 δευτέρῳ
631 3652 924 3724 Ίωϐηλαίῳ
953 3655 981 3706 ὁ
1016 3653 1299 3724 χριόμενος
1326 3654 1383 3705 ἐν
1414 3652 1598 3706 πένθει
1642 3653 1940 3726 ἀγαπητῶν

360 3745 813 3818 συλληφθήσεται,
850 3744 945 3799 καὶ
986 3743 1137 3798 ἔσται
1182 3745 1216 3816 ἡ
1265 3744 1532 3816 ἱερωσύνη
1570 3745 1734 3798 αὑτοῦ
1763 3745 1939 3818 τιμία,

358 3838 453 3892 καὶ
489 3835 640 3910 παρά
677 3838 810 3890 πᾶσι
847 3835 1251 3908 δοξασθήσεται.
1286 3836 1342 3890 '0
1373 3836 1430 3889 δὲ
1464 3837 1644 3910 τρίτος
1678 3839 1854 3909 ἱερεὺς
1883 3840 1941 3893 ἐν

359 3929 506 4002 λύπῃ
541 3927 1040 4001 παραληφθήσεται.
1092 3928 1202 3981 Καὶ
1249 3927 1278 3979 ὁ
1325 3929 1582 3997 τέταρτος
1627 3929 1684 3981 ἐν
1729 3928 1942 3993 ὀδύναις

358 4022 511 4074 ἔσται
531 4039 545 4051 ·
576 4021 658 4074 ὄτι
682 4019 976 4092 προσθήσει
1007 4019 1093 4073 ἐπ’
1126 4019 1288 4072 αὐτὸν
1317 4021 1348 4091 ή
1382 4019 1563 4072 ἀδικία
1592 4021 1673 4084 είς
1700 4019 1904 4091 πλῆθος
1922 4037 1938 4052 ο

357 4114 455 4168 καὶ
507 4113 616 4176 πᾶς
657 4110 872 4183 Ἰσραὴλ
924 4113 1240 4184 μισήσουσιν
1294 4111 1521 4183 ἕκαστος
1574 4113 1666 4165 τὸν
1716 4112 1942 4184 πλησίον

358 4203 544 4258 αὐτοῦ.
587 4206 644 4258 Ὀ
668 4204 918 4275 πέμπτος
956 4205 1014 4257 ἐν
1056 4204 1235 4257 σκότει
1281 4203 1800 4275 παραληφθήσεται·
1831 4204 1940 4257 ὡσ-

358 4291 536 4355 αύτως
569 4292 663 4345 καὶ
691 4294 719 4346 6
744 4292 919 4357 ἕκτος,
953 4292 1047 4344 καὶ
1067 4293 1095 4343 6
1127 4291 1369 4363 ἕϐδομος.
1413 4293 1502 4346 Ἐν
1528 4291 1586 4344 δὲ
1613 4291 1691 4363 τῷ
1730 4291 1941 4364 ἑϐδόμῳ

2045 3211 2493 3264 unumquemque
2517 3197 2664 3250 enim
2691 3197 2976 3266 jubihnum
3009 3197 3113 3253 erit
3142 3200 3532 3255 sacerdotium.
3567 3200 3629 3256 In

2042 3289 2219 3358 primo
2235 3288 2456 3358 jubilzeo
2475 3289 2684 3356 primus
2705 3301 2903 3346 unctus
2929 3291 2984 3346 in
3009 3291 3371 3347 sacerdotium
3396 3310 3630 3363 magnus

2041 3381 2166 3447 erit,
2191 3390 2246 3434 et
2262 3381 2516 3451 loquetur
2539 3381 2650 3437 Deo
2674 3391 2733 3438 ut
2757 3385 2898 3453 patri
2924 3401 2939 3450 ;
2976 3391 3031 3438 et
3060 3385 3424 3440 sacerdotium
3453 3387 3628 3456 ipsius

2042 3470 2264 3542 plenum
2298 3473 2403 3528 erit
2435 3490 2559 3528 cum
2591 3475 2790 3529 timore
2833 3475 3082 3542 Domini;
3124 3484 3179 3530 et
3223 3477 3277 3531 in
3311 3476 3400 3532 die
3441 3478 3626 3547 gaudii

2042 3563 2215 3634 ipsius
2260 3563 2314 3619 in
2363 3565 2540 3620 salute
2587 3566 2777 3620 mundi
2813 3566 2928 3636 ipse
2976 3578 3242 3639 resurget.
3283 3567 3342 3622 In
3383 3570 3626 3624 secundo

2037 3655 2260 3726 jubilazo
2302 3665 2524 3718 unctus.
2545 3658 2599 3711 in
2644 3659 2863 3712 tristitia
2903 3658 3221 3715 dilectorum
3267 3660 3626 3732 concipietur,

2039 3759 2097 3807 et
2121 3749 2224 3805 erit
2249 3752 2615 3806 sacerdotium
2655 3752 2776 3821 ejus
2807 3752 3147 3819 honorabile,
3172 3762 3228 3810 et
3257 3755 3400 3825 apud
3432 3757 3626 3810 Omnes

2042 3843 2454 3914 gloriﬁcabitur.
2480 3843 2700 3900 Tertius
2727 3859 2859 3898 vero
2896 3846 3156 3901 sacerdos
3187 3847 3243 3901 in
3279 3849 3500 3903 tristitia
3531 3864 3627 3904 as-

2041 3949 2307 3994 sumetur.
2345 3937 2411 3992 Et
2435 3947 2666 4008 quartus
2694 3938 2747 3992 in
2778 3938 2968 3993 dolore
2995 3939 3128 4004 erit;
3160 3943 3420 4011 quoniam
3457 3957 3628 4013 appo--

2041 4041 2135 4087 net
2187 4047 2351 4101 super
2397 4031 2574 4102 ipsum
2632 4031 2898 4101 injustitia
2949 4031 3004 4086 in
3053 4034 3458 4090 multitudinem
3507 4053 3522 4090 :
3571 4043 3627 4091 et

2041 4124 2222 4179 omnis
2260 4121 2589 4178 Israel'odio
2627 4125 2846 4180 habebit
2895 4125 3275 4196 unusquisque
3314 4126 3625 4197 proximum

2042 4231 2225 4270 suum.
2266 4213 2501 4281 Quintus
2530 4216 2586 4269 in
2633 4217 2873 4272 tenebris
2903 4217 3432 4286 comprehendetur:
3471 4219 3628 4275 simi-

2042 4308 2164 4364 liter
2211 4316 2267 4362 et
2326 4317 2510 4364 sextus
2555 4316 2611 4362 et
2657 4308 2942 4378 septimus.
2985 4307 3043 4363 In
3090 4309 3491 4388 septimogvero
3519 4309 3626 4365 erit

358 4382 509 4435 ἔσται
541 4382 797 4454 μιασμὸς,
825 4383 884 4436 ὃν
913 4383 974 4436 οὐ
1000 4383 1232 4456 δύναμαι
1261 4386 1454 4449 εἰπεῖν,
1479 4381 1708 4436 ἐνώπιον
1732 4384 1936 4452 Κυρίου

2044 4399 2394 4464 abominatio,
2426 4414 2591 4470 quam
2641 4415 2750 4454 non
2799 4415 3020 4470 possum
3065 4401 3266 4465 dicere,
3293 4385 3476 4456 coram
3509 4401 3624 4457 Do--

359 4473 456 4525 καὶ
495 4472 826 4545 ἀνθρώπωΨ
873 4475 954 4528 ὅτι
1003 4475 1157 4528 αὐτοὶ
1209 4474 1507 4544 γνώσονται
1554 4477 1603 4529 οἱ
1660 4474 1940 4540 ποιοῦντες

359 4559 520 4612 αὐτά.
571 4559 669 4614 Διὰ
713 4559 874 4615 τοῦτο
924 4563 982 4615 ἐν
1038 4563 1399 4636 αἰχμαλωσίᾳ,
1447 4566 1538 4619 καὶ
1586 4566 1644 4619 ἐν
1696 4569 1939 4638 προνομῇ

358 4649 602 4702 ἔσονται·
635 4650 786 4722 καὶή
829 4652 928 4722 γῆ,
961 4653 1054 4706 καὶ
1087 4656 1120 4724 ή
1154 4653 1383 4724 ὓπαρξις
1427 4655 1606 4710 αὐτῶν
1650 4656 1944 4729 ἀφανισθή-

361 4753 531 4794 σεται.
587 4741 698 4796 Καὶ⁹
739 4744 798 4796 ἐν
846 4743 1070 4818 πέμπτῃ
1122 4744 1373 4816 ἐϐδομάδι
1406 4745 1821 4818 ἐπιστρέφουσιν
1862 4749 1944 4811 εἱς

358 4833 465 4902 γῆν
491 4833 820 4905 ἐρημώσεως
847 4836 1044 4903 αὐτῶν,
1073 4838 1168 4891 καὶ
1195 4839 1768 4912 ἀνακαινοποιήσουσιν
1796 4838 1942 4904 οἶκον

357 4924 586 4996 Κυρίου.
630 4927 717 4981 Ἐν
742 4928 800 4982 δὲ
827 4929 904 5000 τῷ
927 4930 1139 5002 ἑϐδόμῳ
1163 4930 1503 5004 ἐϐδοματικῷ
1529 4934 1745 5005 ἥξουσιν
1776 4936 1943 5007 ἱερεῖς

356 5015 889 5090 εἰδωλολατροῦντες,
917 5022 1174 5093 μάχιμοι,
1221 5023 1566 5098 φιλάργυροι,
1603 5027 1964 5099 ὑπερήφανοι,

356 5109 572 5182 ἄνομοι,
601 5111 866 5181 ἀσελγεῖς,
898 5115 1262 5188 παιδοφθόροι,
1287 5119 1662 5192 κτηνοφθόροι.

427 5309 680 5363 ιΗ’.‹Κα“ι
723 5309 861 5382 μετὰ
899 5311 961 5363 τὸ
1003 5312 1252 5383 γενέσθαι
1293 5313 1392 5387 τὴν
1436 5314 1716 5389 ἐκδίκησιν
1762 5317 1941 5372 αὐτῶν

568 5467 973 5591 ἷξεταπαίξετε
1009 5469 1083 5523 τὰ
1121 5469 1272 5541 ἅγια.
1318 5457 1781 5549 Καταφρονήσετε
1823 5475 1936 5530 τῶν

424 5608 538 5688 (49)
562 5607 754 5677 Ὑμεῖς
778 5609 1133 5688 αἰχμάλωτοι
1158 5613 1392 5670 ἔσεσθε.
1425 5614 1733 5672 Iudaeorum
1768 5617 1942 5688 piaci-.

355 5677 439 5746 δίει⁸
465 5679 687 5734 adversa
741 5677 969 5758 omnino
1014 5682 1223 5736 videtur
1274 5687 1550 5754 praedictio
1606 5677 1934 5758 captivitatis

684 5757 970 5838 ΡΑτιιοι..
1001 5777 1120 5839 (ιιι.
1162 5777 1238 5839 II.

2047 4492 2198 4547 mino
2235 4499 2289 4546 et
2315 4491 2664 4558 hominibus;
2701 4493 2960 4562 quoniam
3007 4493 3108 4563 ipsi
3151 4503 3501 4562 cOgnoscent,
3528 4494 3623 4564 qui

2046 4582 2245 4639 facient
2271 4598 2372 4637 ea.
2418 4581 2648 4654 Propter
2685 4585 2789 4640 hoc
2842 4585 2897 4639 in
2940 4585 3253 4654 captivitate
3289 4594 3342 4639 et
3383 4585 3435 4639 in
3478 4585 3617 4642 dire-

2044 4678 2227 4748 ptione
2255 4684 2525 4743 erunt;et
2553 4687 2696 4734 terra
2724 4685 2779 4731 et
2807 4677 3111 4732 substantia
3143 4691 3333 4731 eorum
3362 4681 3612 4732 extermi~

2044 4769 2284 4824 nabitur.
2327 4767 2392 4823 Et
2443 4768 2497 4822 in
2550 4768 2739 4839 quinta
2790 4768 3127 4842 hebdomade
3181 4778 3521 4824 revertentur
3564 4770 3619 4824 in

2043 4858 2620 4915 terram‘desolationis
2645 4858 2913 4929 ipsarum,
2947 4867 3001 4912 ct
3029 4859 3370 4914 renovabunt
3396 4860 3621 4915 domum

2043 4950 2283 5010 Domini.
2322 4951 2379 5006 In
2405 4952 2634 5022 septima
2660 4966 2791 5006 vero
2827 4951 3162 5006 Iiedemade
3187 4954 3404 5006 venient
3441 4969 3623 5008 sacer-

2043 5042 2198 5098 dotes
2219 5042 2644 5107 idoloIatrantes,
2679 5041 2990 5105 bellatores,
3019 5043 3193 5110 avari,
3237 5045 3481 5114 superbi,
3517 5044 3623 5099 ini-

2043 5133 2160 5203 qui,
2187 5133 2468 5203 impudici,
2494 5149 2788 5204 puerorum
2817 5143 3189 5205 corruptores,
3217 5151 3475 5206 pecorum
3497 5153 3624 5193 cor-

2043 5234 2313 5296 ruptores.
2375 5274 2380 5278 .
2615 5211 2622 5218 ’
3026 5281 3030 5285 .

2112 5315 2300 5371 XVIII.
2337 5336 2356 5370 ι
2391 5315 2458 5372 Ει
2486 5325 2774 5388 postquam
2819 5316 2963 5373 facta
3007 5317 3171 5374 fuerit
3199 5319 3434 5377 vindicta
3473 5321 3619 5394 ipso-

2043 5487 2205 5546 atque
2256 5475 2565 5535 aIIIictionis
2609 5473 3112 5546 temporeMessia‘,
3142 5476 3245 5530 sub
3283 5491 3392 5545 quo
3435 5478 3619 5532 omnia

2042 5545 2144 5600 sibi
2185 5561 2439 5615 prospera
2473 5547 2813 5616 pollicentur.
2847 5545 3097 5602 Attamen
3126 5548 3334 5615 priscos
3361 5548 3619 5604 rabbinos

2043 5617 2181 5672 male
2207 5619 2349 5686 genti
2395 5615 2528 5681 sure,
2559 5615 2720 5669 etiam
2750 5625 2870 5685 post
2899 5617 3188 5671 adventum
3219 5616 3448 5678 Messiee.
3480 5619 3618 5674 omi-

2043 5696 2200 5742 natos
2232 5701 2375 5755 esse,
2405 5702 2473 5742 ex
2503 5687 2887 5743 traditionibus
2930 5701 3123 5743 eorum
3162 5697 3397 5745 eonsmt.
3422 5692 3507 5750 In.

3221 5781 3298 5840 33s
