4076 6142
414 301 437 356 1
447 302 562 360 069

954 439 1246 495 ΚΕΦΛΛΔΙ
1255 442 1347 497 ΟΝ
1393 444 1466 496 A'.

420 551 683 622 Διαθήκη
728 553 949 630 Ἰούδα-
983 557 1117 625 περὶ
1162 556 1488 630 -ἀνδρείας,
1555 560 1653 612 καὶ
1707 563 1995 630 φιλαργυ-

882 627 1039 695 ρίας,
1081 626 1180 680 καὶ
1219 628 1518 696 πορνείας.

489 739 568 792 Α’.
619 739 974 814 Ἀντίγραφον
1005 740 1178 810 λόγων
1225 740 1427 808 Ἰούδα,
1462 741 1563 794 ὅσα
1608 739 1835 812 ὲλάλησε
1881 745 1991 807 τοῖς

417 830 552 894 υἱοῖς
595 831 759 886 αὐτού
797 833 902 906 πρὸ
932 833 1026 887 τοῦ
1063 827 1352 888 ἀποθανεῖν
1398 831 1580 886 αὐτόν.
1629 831 1992 904 Συναχθέντες

413 916 577 994 ἦλθον
625 924 761 995 πρὸς
812 925 1006 990 αὑτὸν,
1060 926 1154 980 καὶ
1203 921 1356 979 εἶπεν
1403 925 1583 989 αὐτοῖς
1605 941 1619 955 ·
1674 944 1692 976 ι
1721 925 1990 998 Τέταρτος

417 1013 529 1079 υἱὸς
561 1016 825 1088 ἐγενόμην
870 1017 983 1087 ἐγὼ
1011 1018 1090 1090 τῷ
1111 1019 1274 1091 πατρί
1299 1036 1398 1090 μου
1419 1059 1434 1084 ,
1469 1018 1561 1071 καί
1591 1018 1624 1089 ἡ
1665 1019 1848 1090 μήτηρ
1885 1035 1986 1088 μου

414 1107 525 1183 (56)
576 1111 824 1183 ὠνόμασέ
861 1130 928 1184 με
974 1111 1194 1177 Ἰούδαν,
1248 1111 1509 1181 λέγουσα·
1575 1110 1989 1183 Ἀνθομολογοῦ-

415 1220 511 1273 μαι
555 1203 634 1274 τῷ
683 1204 910 1277 Κυρίῳ,
946 1205 1028 1258 ὅτι
1073 1203 1272 1258 δέδωκέ
1310 1222 1397 1275 μοι
1432 1204 1526 1257 κα)⁸
1558 1204 1815 1276 τέταρτον
1847 1204 1984 1259 υἱόν.

424 1292 577 1359 ὀξὺς
609 1295 756 1366 ήμην
789 1294 882 1347 καὶ
916 1295 1202 1357 σπουδαῖος
1235 1295 1295 1347 ὲν
1328 1292 1539 1364 νεότητί
1576 1312 1698 1364 μου,
1721 1295 1814 1349 καὶ
1846 1297 1986 1350 ὑπα-

409 1384 585 1439 κούων
630 1385 708 1457 τῷ
756 1384 926 1457 πατρὶ
976 1384 1119 1438 κατὰ
1151 1384 1327 1439 πάντα
1377 1385 1563 1453 λόγον·
1603 1386 1696 1439 καὶ
1729 1386 1984 1456 εὐλόγουν

407 1475 520 1547 (57)
554 1475 653 1547 τὴν
689 1476 899 1548 μητέρα
937 1493 1038 1548 μου
1061 1514 1077 1540 ,
1112 1476 1208 1530 καὶ
1239 1476 1340 1548 τὴν
1374 1473 1606 1547 ἀδελφὴν
1638 1477 1740 1546 τῆς
1777 1479 1982 1550 μητρός

409 1585 528 1638 μου.
568 1569 679 1620 Καὶ
711 1567 927 1636 ἐγένετο
949 1608 964 1634 ,
997 1566 1073 1633 ὡς
1105 1567 1386 1640 ἠνδρώθην
1423 1569 1534 1642 (58)
1559 1608 1574 1632 ,
1610 1570 1706 1624 καὶ
1735 1570 1764 1622 ὁ
1799 1572 1980 1643 πατήρ

406 1677 508 1730 μου
579 1658 774 1714 Ἰακὼϐ
823 1658 1024 1730 ηὔξατό
1077 1677 1168 1731 μοι
1219 1658 1354 1732 (59),
1403 1660 1621 1730 λέγων·
1679 1663 1982 1728 Βασιλεὺς

400 1752 538 1822 ἔσῃ,
567 1750 1071 1821 κατευοδούμενος
1113 1751 1184 1805 ἐν
1220 1749 1390 1806 πᾶσι.

474 1864 550 1918 B'.
592 1883 610 1916 ι
637 1864 747 1918 Καὶ
768 1863 936 1918 ἔδωκέ
974 1880 1062 1935 μοι
1097 1863 1495 1935 Κύριοςςχάριν
1527 1861 1586 1914 ἐν
1603 1863 1736 1916 πᾶσι
1756 1862 1977 1934 τοῖςέρο

399 1971 517 2023 γοις
584 1972 717 2026 μου,
766 1953 826 2008 ἐν
873 1971 933 2007 τε
977 1953 1057 2026 τῷ
1103 1954 1293 2026 ἀγρῷ,
1343 1953 1439 2007 καὶ
1471 1954 1531 2006 ὲν
1563 1953 1642 2024 τῷ
1685 1953 1838 2024 οἴκῳ.
1891 1954 1979 2017 Ὠς

397 2039 536 2098 εἶδον
603 2043 712 2115 (60)
734 2084 749 2108 ,
801 2044 883 2097 ὅτι
920 2043 1253 2117 συνέδραμον
1289 2045 1355 2115 τῇ
1404 2043 1608 2113 ἐλάφῳ,
1645 2042 1740 2096 καὶ
1774 2042 1977 2105 πιάσας

395 2137 586 2209 αὐτὴν,
623 2137 855 2207 ἐποίησα
886 2136 964 2208 τῷ
997 2135 1164 2208 πατρί
1201 2153 1302 2208 μου
1338 2134 1551 2208 βρῶμα.
1571 2136 1684 2199 Τὰς
1715 2135 1978 2207 δορκάδας

395 2228 666 2300 ἐκράτουν
696 2227 786 2280 διὰ
816 2225 910 2281 τοῦ
942 2227 1167 2300 δρόμου,
1204 2227 1296 2281 καὶ
1330 2228 1459 2293 πᾶν,
1487 2227 1517 2279 ὃ
1545 2221 1612 2297 ἦν
1646 2226 1704 2279 ὲν
1735 2229 1850 2290 τοῖς
1884 2241 1979 2278 πε-

392 2319 544 2383 δίοις,
579 2318 1002 2389 κατελάμϐανον.
1055 2317 1264 2390 Φοράδα
1298 2317 1494 2390 ἀγρίαν
1528 2316 1846 2381 κατέλαϐον,
1883 2317 1990 2386 καὶ,

396 2411 596 2475 πιάσας
644 2411 907 2483 ήμέρωσα
953 2409 1084 2482 (61)·
1125 2412 1219 2464 καὶ
1265 2410 1455 2464 λέοντα
1501 2409 1829 2474 ἀπέκτεινα,
1880 2409 1975 2463 καὶ

391 2503 694 2574 ἀφειλόμην
758 2503 944 2574 ἔριφον
979 2504 1043 2555 ὲκ
1074 2501 1170 2555 τοῦ
1205 2502 1472 2573 στόματος
1517 2500 1701 2556 αὐτοῦ.
1742 2503 1975 2574 Ἀρκτον

391 2594 572 2649 λαϐὼν
605 2594 714 2648 ἀπὸ
745 2591 841 2648 τοῦ
876 2594 1066 2659 ποδὸς,
1102 2594 1412 2649 άπεκύλισα
1443 2594 1525 2658 είς
1562 2593 1806 2665 κρημνόν
1830 2609 1843 2622 ·
1881 2593 1975 2646 καὶ

391 2686 502 2741 πᾶν
535 2684 722 2757 θηρίον
745 2724 760 2748 ,
796 2686 844 2738 εί
891 2685 1229 2758 ἐπέστρεφεν
1263 2684 1352 2738 ἐπ’
1386 2683 1510 2755 ἐμὲ,
1545 2683 1783 2737 διέσπων
1817 2683 1971 2749 αὐτὸ,

389 2776 466 2841 ὡς
495 2776 663 2832 κύων.
713 2775 916 2850 Ἀτρίῳ
947 2777 1116 2851 χοίρῳ
1152 2777 1489 2850 συνέδραμον
1509 2815 1522 2840 ,
1558 2777 1651 2830 καὶ
1684 2775 1972 2846 προλαϐὼν

388 2868 449 2920 ὲν
480 2866 558 2938 τῷ
590 2868 805 2940 τρέχειν
842 2885 929 2939 με,
965 2867 1358 2940 κατεσπάραξα
1387 2865 1572 2921 αὐτόν.
1606 2867 1880 2937 Πάρδαλις
1913 2868 1970 2920 ὲν

388 2955 612 3029 Χεϐρὼν
635 2957 1048 3030 προσεπήδησεν
1067 2958 1162 3011 ἐπὶ
1181 2957 1273 3010 τὸν
1306 2956 1476 3010 κύναο
1512 2954 1607 3009 καὶ
1638 2955 1838 3018 πιάσας
1871 2955 1972 3008 αύ-

385 3047 486 3120 τὴν
531 3047 638 3102 ἀπὸ
669 3049 768 3120 τῆς
800 3047 988 3120 οὐρᾶς,
1025 3047 1369 3120 ἀπηκόντισα
1387 3046 1556 3118 αὐτὴν
1575 3087 1589 3111 ,
1625 3047 1727 3100 καὶ
1758 3047 1968 3120 ὲῤῥάγη

1689 330 2217 390 TESTAMENTUM
2249 334 2470 394 JUDAS.

3529 359 3676 422 16Ίο

2695 458 2925 519 CAPUT
2979 464 3046 522 ιν

2102 564 2498 625 Testamentum
2529 570 2723 654 Judte,
2775 576 2840 654 de
2871 578 3182 654 fortitudine
3203 625 3218 653 ,
3249 597 3298 641 et
3330 592 3588 654 avaritia.
3613 601 3672 654 et

2691 643 3042 714 fornicatione

2165 743 2207 798 ι.
2247 745 2663 844 Transcriptum
2715 769 3032 814 sermonum
3081 760 3270 832 Judte,
3324 783 3668 844 quaecunque

2093 837 2311 894 locutus
2331 848 2418 896 est
2461 841 2590 898 ﬁliis
2642 845 2778 913 suis,
2827 857 3118 921 antequam
3165 837 3487 918 moreretur.
3514 837 3663 922 Con-

2092 932 2301 1002 gregali
2323 945 2594 992 venerunt
2631 939 2698 992 ad
2724 939 2924 1010 ipsum,
2956 955 3009 999 et
3041 946 3176 1001 dixit
3208 949 3286 1006 eis
3317 969 3331 1005 :
3369 972 3387 1004 ‹
3420 954 3666 1021 Quartus

2090 1021 2237 1079 ﬁlius
2265 1025 2488 1083 eﬁ‘ectus
2517 1043 2637 1083 sum
2659 1031 2801 1100 patri
2834 1050 2978 1101 meo,
3007 1045 3061 1092 et
3092 1049 3267 1095 mater
3305 1059 3420 1099 mea
3450 1051 3668 1108 vocavit

2091 1128 2177 1202 me
2207 1111 2425 1183 Iudam,
2470 1117 2657 1175 dicens
2687 1138 2700 1174 :
2735 1138 2756 1172 ι
2788 1121 3064 1180 Conﬁteor
3096 1125 3363 1197 Domino,
3397 1135 3660 1202 quoniam

2088 1201 2389 1260 deditmihi
2418 1215 2474 1262 et
2501 1219 2758 1279 quartum
2787 1212 2983 1270 ﬁlium.
3015 1235 3036 1268 ι
3077 1216 3246 1275 Velox
3279 1201 3430 1279 eram
3463 1236 3517 1282 et
3541 1239 3660 1284 stu-

2085 1483 2140 1529 et
2161 1478 2337 1531 sorori
2365 1481 2558 1536 matris
2614 1497 2770 1539 meae.
2807 1485 2874 1541 Et
2922 1486 3124 1546 factum
3176 1506 3298 1562 est,
3326 1506 3385 1552 ut
3434 1499 3662 1559 eﬂ‘ectus

2085 1581 2209 1662 sum
2238 1569 2361 1637 vir,
2405 1581 2461 1662 et
2486 1582 2640 1643 pater
2687 1592 2842 1633 meus
2890 1577 3061 1638 Jacob
3109 1587 3286 1642 oravit
3333 1605 3497 1660 super
3550 1611 3658 1662 me,

2085 1658 2272 1717 dicens
2298 1680 2312 1716 :
2350 1680 2370 1713 ι
2405 1661 2520 1719 Rex
2549 1665 2680 1733 eris,
2710 1681 3065 1741 prosperatus
3096 1675 3151 1730 in
3183 1658 3458 1736 omnibus.
3497 1701 3514 1731 ι

2150 1860 2217 1916 ll.
2262 1880 2282 1914 ι
2319 1861 2388 1918 Ει
2428 1865 2579 1922 dedit
2617 1869 2751 1924 mihi
2793 1869 3065 1930 Dominus
3111 1879 3340 1946 gratiam
3375 1881 3427 1935 in
3468 1887 3655 1940 omni--

2081 1951 2184 2008 bus
2224 1957 2484 2025 operibus
2537 1961 2696 2028 meis,
2735 1971 2791 2018 et
2817 1963 2873 2018 in
2919 1981 3050 2038 agro
3080 1979 3133 2023 et
3172 1972 3226 2024 in
3257 1971 3442 2030 domo.
3477 1973 3548 2030 Ut
3570 1977 3654 2031 vi-

2079 2045 2298 2113 debam,
2348 2049 2494 2119 quod
2545 2055 2939 2110 concurrebam
2985 2072 3196 2127 cervae;
3244 2073 3300 2117 et
3342 2067 3646 2136 apprehen-

2078 2137 2214 2194 dens
2246 2138 2445 2209 ipsam,
2477 2140 2580 2197 feci
2616 2143 2797 2199 cibum
2823 2147 2966 2216 patri
3009 2164 3154 2205 meo.
3185 2151 3392 2222 Capras
3422 2171 3651 2227 supera-

2079 2228 2203 2283 bam
2261 2246 2358 2299 per
2397 2246 2646 2299 cursum,
2691 2243 2746 2290 et
2783 2251 2947 2292 omne
2975 2240 3122 2309 quod
3150 2251 3270 2296 erat
3309 2244 3362 2299 in
3403 2244 3652 2317 campis,

2076 2321 2376 2409 capiebam.
2427 2321 2634 2394 Equam
2669 2337 2936 2396 agrestem
2979 2332 3300 2400 capiebam,
3347 2343 3403 2390 et
3454 2352 3652 2409 appre-

2079 2408 2322 2466 hendens
2356 2413 2694 2469 mansuefeci
2715 2431 2732 2481 ;
2757 2425 2812 2470 et
2833 2416 3043 2474 leonem
3070 2419 3335 2489 interfeci,
3369 2433 3424 2478 et
3445 2408 3646 2494 eripie-

2076 2499 2201 2555 bam
2225 2501 2438 2557 haedum
2458 2519 2526 2559 ex
2548 2520 2643 2561 ore
2665 2507 2806 2577 ejus.
2834 2507 3036 2565 Ursum
3065 2512 3286 2582 Capiens
3313 2529 3408 2585 per
3434 2519 3648 2586 pedem,

2075 2592 2358 2649 volvebam
2389 2595 2442 2649 in
2472 2599 2830 2670 praecipitium
2857 2619 2872 2668 ;
2899 2611 2951 2658 et
2981 2617 3200 2662 omnem
3235 2605 3428 2673 feram,
3461 2610 3506 2665 si
3564 2627 3650 2666 re-

2073 2699 2233 2742 versa
2266 2695 2350 2743 est
2375 2687 2431 2743 in
2455 2705 2564 2754 me,
2589 2691 2957 2750 dilacerabam
2989 2711 3133 2762 eam,
3171 2706 3234 2753 ut
3269 2700 3445 2756 cauis.
3476 2701 3649 2760 Porco

2076 2777 2316 2834 silvestri
2369 2785 2793 2852 concurrebam,
2821 2796 2875 2842 et
2904 2803 3295 2860 praeoccupans
3335 2793 3390 2848 in
3421 2810 3650 2851 curren-

2073 2869 2168 2938 do,
2195 2871 2493 2928 dilaceravi
2530 2890 2678 2930 eum.
2706 2875 2955 2936 Pardalis
2983 2881 3039 2952 in
3072 2881 3290 2940 Hebron
3315 2887 3528 2944 insiluit
3551 2905 3648 2944 su-

2073 2975 2172 3032 per
2203 2977 2427 3029 canem;
2461 2974 2517 3019 et
2546 2969 2961 3037 apprehendens
2985 2987 3104 3027 eam
3135 2989 3232 3044 per
3270 2979 3521 3044 caudam,
3550 2980 3648 3034 ab-

2067 3055 2326 3125 jiciebam
2372 3072 2524 3123 eam,
2561 3069 2616 3115 et
2665 3059 2884 3133 dirupta
2935 3074 3020 3120 est
3067 3067 3121 3120 in
3171 3070 3420 3125 terminis
3462 3071 3640 3126 (ἔειπε.

385 3141 443 3192 ὲν
475 3142 587 3204 τοῖς
623 3141 769 3212 ὅροις
803 3140 1003 3212 Γάζης.
1060 3139 1198 3193 Βοῦν
1229 3141 1418 3211 ἄγριον
1451 3140 1510 3193 ὲν
1544 3139 1700 3212 χώρᾳ
1733 3138 1970 3210 νεμόμε-

2076 3147 2275 3204 Bovem
2315 3148 2620 3206 silvestrem
2675 3151 2730 3206 in
2779 3155 3002 3224 regione
3035 3165 3251 3226 pastum
3283 3161 3429 3214 tenui
3459 3161 3644 3218 cornio

383 3247 474 3283 vov
506 3231 787 3303 ἐκράτησα
822 3229 932 3302 (62)
965 3229 1073 3283 τῶν
1107 3231 1376 3302 κεράτων,
1412 3230 1505 3283 καὶ
1537 3232 1594 3283 ὲν
1626 3229 1811 3299 κύκλῳ
1831 3245 1963 3282 συσ-

385 3321 592 3386 σείσας,
628 3321 721 3374 καὶ
756 3320 1028 3384 σκοτίσας,
1065 3319 1227 3395 ῥίψας
1261 3318 1470 3371 ἀνεῖλον
1502 3317 1686 3371 αὐτόν.

453 3435 528 3486 Γθ.
572 3453 592 3484 ‹
617 3431 727 3486 Kal.
747 3433 837 3484 ὅτε
856 3426 1021 3502 ἦλθον
1037 3431 1085 3484 οἱ
1106 3430 1200 3484 δύο
1225 3431 1462 3502 βασιλεῖς
1492 3430 1602 3484 τῶν
1634 3428 1958 3484 Χαναναίων

377 3525 841 3598 τεθωρακισμένοι
873 3523 968 3576 ἐπὶ
998 3523 1065 3578 τά
1100 3523 1344 3596 ποίμνια,
1380 3522 1474 3576 καὶ
1503 3523 1670 3586 πολὺς
1697 3521 1824 3585 λαὸς
1843 3519 1960 3592 μετ’

377 3612 590 3678 αὐτῶν,
626 3611 781 3681 κάγὼ
830 3611 989 3684 μόνος
1019 3610 1240 3684 δραμὼν
1289 3612 1382 3666 ἐπὶ
1414 3611 1506 3666 τὸν
1541 3611 1763 3682 βασιλέα
1795 3611 1956 3681 Σοὺρ,

378 3701 639 3774 συνέσχον
675 3701 787 3776 (65)
809 3700 992 3768 αὑτὸν,
1016 3704 1109 3756 καὶ
1139 3702 1232 3757 ἐπὶ
1263 3701 1362 3767 τὰς
1396 3701 1663 3772 κνημίδας
1696 3699 1954 3774 κρούσας,

377 3798 731 3862 κατέσπασα,
766 3796 861 3852 καὶ
891 3795 1064 3862 οὕτως
1097 3795 1306 3850 ἀνεῖλον
1338 3795 1519 3850 αὐτόν.
1554 3795 1666 3848 Καὶ
1705 3794 1797 3848 τὸν
1839 3794 1959 3847 ἓτε-

380 3908 472 3963 ρον
525 3889 749 3964 βασιλέα
799 3890 1048 3960 Ταφουὲ,
1099 3888 1413 3960 καθήμενον
1461 3886 1553 3941 ἐπὶ
1602 3885 1698 3940 τοῦ
1753 3886 1954 3951 ἵππου,

375 3984 578 4040 ἀνεῖλον
599 3983 780 4048 αὐτὸν,
798 3981 893 4036 καὶ
924 3981 1096 4045 οὕτως
1113 3981 1294 4035 πάντα
1306 3979 1397 4034 τὸν
1427 3978 1552 4033 λαὸν
1583 3977 1694 4051 (64)
1713 3978 1958 4050 διεσκόρ-

377 4094 528 4132 πισα.
579 4077 684 4130 Τὸν
742 4074 919 4147 Ἀχὼρ
971 4072 1229 4146 βασιλέα,
1282 4071 1450 4144 ἄνδρα
1482 4069 1788 4140 γιγάντων,
1825 4069 1954 4141 βάλ-

372 4167 531 4222 λοντα
563 4167 692 4233 τόξα
724 4166 1030 4239 ἔμπροσθεν
1065 4165 1158 4218 καὶ
1191 4164 1412 4218 ὄπισθεν
1432 4203 1446 4229 ,
1483 4165 1569 4234 ἐφ’
1604 4164 1770 4217 ἵππου
1805 4163 1900 4216 άνε
1930 4191 1953 4202 -

373 4261 594 4331 λόμενος
614 4300 628 4325 ,
662 4259 807 4314 λίθον
841 4259 1104 4331 ἐξήκοντα
1151 4255 1353 4330 λιτρῶν
1387 4256 1673 4321 ἀκοντίσας
1697 4297 1713 4322 ,
1745 4255 1953 4310 δέδωκα

371 4353 450 4423 τῷ
481 4353 634 4423 ἵππῳ
667 4354 760 4404 καὶ
810 4352 1106 4404 ἀπέκτεινα
1138 4349 1321 4406 αὐτόν.
1373 4350 1484 4404 Kal.
1518 4349 1830 4421 πολεμήσας
1859 4348 1954 4402 τὸν

2067 3236 2192 3304 bus,
2229 3249 2283 3294 et
2310 3239 2364 3294 in
2399 3241 2669 3298 circulum
2691 3245 2918 3301 volvens
2945 3258 3002 3303 et
3020 3249 3412 3315 obteuebrans,
3428 3251 3643 3322 jaciens

2065 3330 2241 3386 occidi
2263 3346 2412 3388 eum.

2133 3443 2222 3502 Ill.
2263 3464 2282 3497 ι
2312 3445 2378 3502 Ει
2403 3449 2622 3519 quando
2651 3451 2944 3508 veniebant
2977 3454 3087 3509 duo
3116 3470 3270 3525 reges
3295 3457 3638 3517 Chananaeoo

2062 3552 2187 3595 rum
2221 3538 2433 3596 loricati
2469 3555 2634 3611 super
2661 3558 2873 3614 greges,
2904 3553 2959 3600 et
3000 3546 3206 3603 multus
3245 3551 3478 3619 populus
3510 3568 3638 3610 cum

2063 3629 2219 3701 ipsis,
2245 3639 2300 3686 et
2331 3647 2433 3702 ego
2464 3633 2616 3689 solus
2660 3649 2889 3691 currens
2912 3636 2967 3691 in
2999 3653 3180 3708 regem
3215 3637 3341 3708 Sur,
3387 3645 3636 3704 continui

2061 3739 2187 3780 eum
2211 3732 2266 3779 et
2297 3726 2348 3778 in
2382 3725 2547 3780 tibias
2583 3728 2892 3796 percutiens
2912 3771 2928 3796 ,
2958 3733 3254 3800 prostravi,
3279 3743 3334 3790 et
3361 3735 3435 3790 ita
3457 3739 3636 3794 occidi

2059 3830 2206 3871 eum.
2232 3815 2298 3870 Et
2318 3817 2486 3871 alium
2516 3831 2696 3886 regem
2721 3816 2964 3889 Taphue,
2992 3822 3268 3878 sedentem
3293 3825 3346 3880 in
3373 3841 3515 3897 equo
3542 3843 3638 3883 oc-

2060 3908 2189 3977 cidi,
2223 3918 2387 3980 atque
2410 3910 2484 3966 ita
2514 3927 2733 3967 omnem
2760 3914 3019 3984 populum
3048 3914 3299 3986 dispersi.
3333 3918 3518 3976 Achor
3545 3937 3634 3977 re-

2059 4017 2201 4073 gem,
2225 4003 2404 4059 virum
2429 4003 2731 4076 gigantum,
2760 4006 3107 4075 sagittantem
3143 4015 3268 4063 ante
3298 4017 3352 4064 et
3377 4021 3544 4079 retro,
3575 4014 3630 4069 in

2055 4109 2200 4164 equo
2220 4097 2652 4166 apprehendens,
2672 4096 2906 4166 lapidem
2928 4098 3208 4168 sexaginta
3226 4099 3485 4156 librarum
3499 4120 3634 4159 con-

2057 4197 2342 4263 torquens,
2376 4188 2581 4259 projeci
2623 4187 2679 4243 in
2711 4203 2936 4260 equum,
2963 4196 3017 4244 et
3059 4189 3240 4260 ipsum
3271 4191 3537 4249 interfeci.
3564 4194 3632 4250 Et

2054 4294 2375 4351 expugnans
2404 4279 2588 4334 Achor
2618 4279 2767 4335 horis
2790 4279 3026 4342 duabus,
3057 4280 3230 4336 occidi
3257 4296 3405 4346 eum,
3431 4292 3485 4338 et
3514 4285 3628 4341 dis-

2055 4388 2246 4430 secans
2268 4374 2515 4445 clypeum
2532 4371 2669 4444 ejus,
2687 4373 2928 4430 conscidi
2948 4375 3112 4444 pedes
3130 4375 3269 4444 ejus.
3297 4374 3354 4430 In
3377 4378 3628 4433 exuendo

386 4443 563 4516 ’Λχὼρ
597 4443 688 4497 ἐπὶ
722 4443 868 4515 ὥρας
899 4444 994 4497 δύο
1013 4483 1026 4508 ,
1061 4443 1356 4498 ἀπέκτεινα
1388 4441 1550 4496 αὐτὸν
1569 4482 1584 4507 ,
1621 4441 1714 4494 καὶ
1745 4442 1826 4505 είς
1857 4440 1952 4494 δύο

2071 4475 2240 4522 autem
2272 4465 2392 4536 ejus
2432 4467 2731 4532 thoracem,
2755 4479 2886 4520 ecce
2903 4473 3030 4521 octo
3053 4464 3179 4530 viri,
3205 4464 3366 4520 amici
3395 4466 3517 4536 ejus
3541 4467 3630 4523 in-

372 4535 516 4610 μέρη
553 4536 780 4607 ποιήσας
810 4535 910 4606 τὴν
943 4535 1145 4588 ἀσπίδα
1176 4535 1359 4600 αὐτοῦ,
1397 4533 1668 4605 συνέκοψα
1698 4534 1825 4597 τοὺς
1848 4532 1947 4586 πός-

365 4628 466 4692 δας
497 4625 680 4681 αὐτοῦ.
731 4627 818 4680 Ἑν
849 4626 908 4680 δὲ
937 4626 1017 4696 τῷ
1050 4625 1256 4680 ἐκδύειν
1294 4645 1361 4698 με
1395 4627 1557 4681 αὐτὸν
1586 4626 1678 4680 τὸν
1695 4624 1946 4697 θώρακα,

373 4722 484 4775 ίδοὺ
530 4718 720 4792 ἄνδρες
753 4716 897 4771 ὀκτὼ
919 4758 934 4783 ,
968 4717 1174 4789 ἑταῖροι
1206 4719 1389 4783 αὐτοῦ,
1424 4717 1658 4791 ἧρξαντο
1690 4716 1947 4787 πολεμεῖν

2052 4564 2316 4627 ceperunt
2360 4571 2604 4628 pugnare
2652 4555 2915 4611 adversus
2987 4570 3094 4610 me.
3147 4553 3432 4611 involvens
3493 4572 3626 4629 ergo

2051 4651 2247 4706 stolam
2269 4664 2446 4704 meam
2476 4648 2528 4704 in
2555 4664 2720 4703 manu
2750 4663 2893 4713 mea,
2929 4647 3204 4717 lapidibus
3233 4662 3264 4703 e
3295 4647 3464 4703 funda
3490 4656 3622 4720 peh

2049 4741 2266 4796 cutiens
2293 4742 2463 4810 ipsos,
2492 4749 2733 4811 quatuor
2773 4755 2962 4795 eorum
2991 4739 3200 4804 occidi;
3230 4741 3409 4794 caeteri
3437 4753 3621 4799 autem

371 4811 507 4882 πρὸς
557 4827 645 4882 με.
707 4809 1019 4881 Ἑνειλήσας
1083 4802 1176 4861 οὖν
1239 4807 1339 4878 τὴν
1405 4807 1597 4879 στολήν
1635 4824 1733 4878 μου
1768 4806 1829 4859 ὲν
1875 4807 1948 4876 τῇ

2071 4802 2328 4901 tigerunt:
2359 4802 2608 4883 Etlacob
2633 4837 2786 4898 pater
2817 4837 3003 4883 noster
3033 4802 3234 4884 occid-it
3262 4828 3492 4897 Beelisa,
3525 4849 3617 4889 re-

369 4903 512 4975 χειρί
547 4919 668 4973 μου,
703 4901 870 4966 λίθοις
921 4900 1284 4971 σφενδονήσας
1330 4897 1545 4964 αὐτοὺς,
1577 4899 1850 4971 τέσσαρας
1884 4896 1943 4964 ἐξ

2071 4896 2166 4990 gem
2195 4920 2441 4976 omnium
2464 4896 2676 4991 regum,
2708 4921 2979 4991 gigantem
3012 4919 3330 4977 fortitudine
3349 4961 3368 4989 ,
3399 4896 3616 4980 cubito-

366 4993 548 5052 αὐτῶν
598 4992 839 5049 ἀνεῖλον*
891 4995 941 5048 οἱ
987 4993 1046 5048 δὲ
1079 4992 1228 5048 ἄλλοι
1273 4991 1496 5062 ἔφυγον.
1534 4992 1644 5044 Καὶ
1687 4990 1881 5044 Ἰακὼϐ
1912 4989 1942 5042 ό

2071 5026 2168 5066 um
2216 4989 2628 5066 iluodecimaEt
2676 4989 2874 5066 cecidit
2903 5025 3068 5080 super
3120 5011 3270 5082 ipsos
3307 5022 3530 5081 tremor,
3561 5026 3617 5071 et

366 5090 550 5161 πατὴρ
581 5088 740 5161 ἡμῶν
772 5087 948 5142 ἀνεῖλε
998 5087 1090 5140 τὸν
1141 5085 1404 5150 Βεελισᾶ,
1453 5082 1672 5155 βασιλέα
1719 5085 1939 5138 πάντων

2073 5111 2395 5158 essaverunt
2419 5117 2666 5174 pugnare
2690 5111 2882 5157 contra
2910 5117 3032 5157 nos.
3065 5100 3294 5172 Propter
3323 5104 3428 5160 hoc
3454 5121 3614 5160 secu-

362 5182 472 5236 τῶν
518 5181 810 5252 βασιλέων,
863 5179 1092 5249 γίγαντα
1119 5181 1188 5250 τῇ
1244 5176 1420 5248 ίσχύῖ,
1458 5174 1675 5245 πηχέων
1708 5172 1934 5227 δώδεκα.

2071 5209 2136 5250 us
2160 5201 2278 5250 erat
2318 5203 2472 5274 pater
2500 5172 2655 5251 meus
2686 5193 2740 5247 in
2775 5193 2999 5263 praeliis,
3031 5195 3294 5264 quoniam
3319 5210 3421 5266 ego
3459 5211 3611 5252 erant

362 5273 472 5327 Καὶ
521 5271 783 5326 ἐπέπεσεν
829 5269 915 5324 ἐπ’
962 5269 1159 5334 αὐτοὺς
1202 5267 1404 5341 τρόμος
1427 5307 1442 5335 ,
1492 5265 1586 5320 καὶ
1624 5264 1934 5320 ἐπαύσαντο

2071 5303 2162 5343 um
2209 5264 2470 5344 fratribus
2517 5286 2674 5342 meis.
2711 5283 2855 5340 Vidit
2890 5286 3038 5340 enim
3071 5286 3128 5340 in
3157 5264 3370 5342 visione
3397 5287 3465 5343 de
3485 5303 3606 5353 me,

2103 5465 2218 5536 (6|)
2241 5464 2476 5536 φοράδα
2487 5465 2702 5536 ἀγρίαν
2719 5463 3070 5526 κατέλαϐον,
3097 5462 3195 5516 καὶ
3219 5461 3432 5530 πιάσας
3469 5463 3608 5534 ἡμέν-

2023 5534 2212 5604 ρωσα.
2246 5535 2470 5590 Desunt.
2506 5534 2585 5589 In.

2101 5605 2213 5677 (δὲ)
2257 5605 2610 5677 Ἐκράτησια
2640 5605 2972 5677 Κρατείσας.
3011 5607 3084 5662 In.

2250 5675 2425 5754 Σοὺρν
2453 5674 2785 5754 ρ’ρνέσχρν.
2834 5676 3049 5745 ’Aao'bp,
3074 5679 3333 5748 συνεῖχον.
3365 5674 3438 5730 in.

2099 5746 2210 5819 (64)
2241 5748 2419 5802 Λαόν.
2452 5746 2658 5802 Αὐτῶν.
2688 5747 2763 5805 ιο.

432 5471 545 5545 (56)
577 5473 784 5545 Μήτηρ
811 5469 1107 5545 μουηᾼία.
1138 5471 1217 5526 In.

433 5491 545 5561 (ρο)
577 5491 784 5597 Μῃτὲρ
811 5491 1107 5557 you/ua.
1142 5491 1217 5526 ID.

433 5545 548 5611 (οη
584 5547 710 5600 Ευλ
749 5559 916 5612 γουν.
972 5541 1310 5612 Ετίμωνλι).

455 5560 548 5611 οι)
584 5560 916 5612 ιςῡνιογουν.
972 5560 1064 5596 rm

455 5614 543 5680 58)
599 5611 953 5681 Ἡνδρὼθην.
1004 5560 1112 5681 ἨΞ

454 5685 543 5753 59)
568 5684 802 5749 Ηϋξατό
816 5700 936 5753 μοι.
963 5681 1303 5753 gemeam.
1336 5684 1416 5738 In.

428 5717 543 5830 ὶέὅί
568 5717 1080 5822 πῖἕέῗέοῗῖῗὸῖὲἔῖ
1089 5717 1178 5807 Ἰἱῗ

1102 5611 1321 5683 ρύνθην.
1363 5611 1437 5667 In.
