4076 6142
476 286 609 350 ωτι

1427 290 1885 348 TESTAMENTA
1925 293 1964 348 Χ
1976 293 2016 348 ll
2052 289 2673 352 PATRIARCIIARUM.

3583 298 3714 354 1072

450 409 611 482 quod
637 407 860 479 angelus
897 405 1116 461 virtutis
1174 406 1507 476 sequebatur
1531 422 1618 464 me
1662 408 1716 462 in
1756 407 2007 462 omnibus

2145 407 2513 479 πολεμοῦντες
2561 410 2646 478 ἐφ’
2695 409 2862 480 ἡμᾶς.
2918 409 3018 463 Διά
3063 411 3224 466 τοῦτο
3269 411 3573 485 ἁμέριμνος
3605 409 3715 486 ἦνὸ

462 512 518 556 ιιι
564 517 669 555 non
702 499 971 554 vincerer.

2142 502 2323 572 πατήρ
2360 518 2460 571 μου
2494 502 2550 554 ἐν
2580 503 2692 564 τοῖς
2727 501 3006 571 πολέμοις,
3039 503 3120 557 ὅτι
3154 503 3265 572 ἐγὼ
3296 506 3444 576 ἥμην
3480 506 3577 558 σὺν
3609 508 3716 570 τοῖς

461 596 712 666 ἀδελφοῖς
763 611 887 665 μου.
925 587 1048 646 Εἷδε
1096 591 1205 664 γὰρ
1237 593 1559 664 ἐν’ὁράματι
1608 595 1736 665 περὶ
1770 592 1927 663 ἐμοῦ,
1961 593 2044 646 δτι
2081 593 2312 662 ἄγγελος
2359 595 2642 666 δυνάμεως
2698 595 2895 647 ιὲπεταί
2931 613 3019 666 μοι
3051 598 3109 650 ἐν
3144 598 3311 662 πᾶσι,
3383 597 3478 651 τοῦ
3515 599 3591 670 μὴ
3623 600 3714 670 ἧτ-

457 685 673 743 τᾶσθαι.

530 799 622 856 IV.
644 819 664 852 ι
688 798 755 854 Ει
769 798 834 854 ad
850 805 1098 855 austrum
1122 797 1323 852 factum
1350 805 1435 852 est
1457 797 1619 852 nobis
1641 799 1889 868 prazlium
1912 793 2049 854 ma?

455 893 569 962 jus,
597 907 762 964 quam
787 888 933 960 quod
963 888 1017 942 in
1044 887 1303 943 Sichimis
1333 905 1346 953 ;
1381 894 1435 940 et
1471 887 1776 942 instructus
1822 887 1877 942 in
1914 889 2032 943 acie

455 998 583 1041 cum
616 983 882 1038 fratribus
921 981 1079 1047 mris,
1121 986 1448 1050 persecutus
1489 993 1610 1032 sum
1651 979 1799 1032 mille
1845 979 2026 1048 viros,

453 1090 510 1137 ct
531 1080 706 1138 occidi
756 1095 821 1134 ex
869 1079 948 1134 eis
987 1079 1249 1132 ducentos
1276 1077 1456 1139 viros,
1487 1084 1540 1129 et
1569 1084 1808 1144 quatuor
1842 1090 2025 1147 reges.

455 1173 524 1228 Et
567 1172 792 1228 ascendi
841 1186 1003 1240 super
1059 1170 1208 1238 ipsos
1243 1169 1295 1222 in
1344 1177 1596 1234 murum,
1625 1175 1680 1222 et
1716 1167 1852 1222 alios
1885 1167 2026 1225 duos

453 1280 611 1336 reges
633 1262 807 1320 occidi
836 1279 850 1316 :
879 1272 934 1317 et
977 1263 1050 1315 ita
1099 1261 1451 1315 liberavimus
1479 1258 1716 1327 llebron,
1743 1265 1798 1313 et
1849 1259 2026 1315 abdu-

382 1399 386 1404 .
453 1352 637 1407 ximus
661 1366 880 1406 omnem
905 1365 1094 1420 regum
1119 1348 1512 1419 captivitatem.

520 1535 586 1592 ν.
627 1553 646 1588 ι
684 1533 752 1589 Ει
797 1541 1019 1605 postero
1059 1531 1146 1587 die
1184 1530 1454 1586 abivimus
1478 1530 1532 1585 in
1558 1529 1799 1596 Aretam,
1834 1532 2026 1587 civita-

447 1638 557 1684 tem
587 1635 865 1700 potentem
912 1633 972 1681 et
1019 1631 1290 1679 muratam
1319 1663 1334 1689 ,
1371 1630 1425 1675 et
1472 1621 1629 1677 nobis
1673 1621 2025 1677 inaccessibi-

446 1722 578 1786 lem,
631 1727 864 1775 mortem
917 1716 1238 1771 minantem.
1275 1713 1387 1784 Ego
1434 1713 1599 1784 igitur
1627 1724 1680 1768 et
1708 1713 1822 1768 Gad
1853 1713 2023 1768 adve-

2217 795 2290 845 A'.
2323 811 2341 843 (
2383 792 2493 845 Kal
2524 791 2828 846 κατὰ’νότον
2843 792 3065 861 γέγονεν
3086 795 3220 865 ἡμῖν
3250 795 3485 868 πόλεμος
3520 797 3714 868 μείζω

2132 881 2226 933 τοῦ
2243 882 2300 933 ἐν
2317 881 2576 952 Σικήμοις
2595 898 2607 910 °
2633 881 2727 934 καὶ
2761 882 3211 954 παραταξάμενος
3247 885 3392 956 μετά
3422 887 3532 940 τῶν
3563 889 3716 942 ἀδελ-

2134 973 2251 1042 φῶν
2289 990 2390 1044 μου
2414 1013 2428 1038 ,
2464 972 2658 1040 ἐδίωξα
2691 973 2896 1044 χιλίους
2930 974 3147 1045 ἄνδρας,
3185 979 3282 1030 καὶ·
3329 978 3628 1034 ἀπέκτεινα
3659 981 3736 1050 ἐξ.

2133 1062 2312 1114 αὐτῶν
2373 1061 2680 1127 διακοσίους
2741 1065 2959 1136 ἄνδρας,
3009 1068 3104 1119 xal
3135 1067 3408 1141 τέσσαρας
3459 1070 3706 1141 βασιλεῖς.

2132 1154 2242 1207 Kal
2275 1155 2503 1225 ἀνῆλθον
2537 1157 2622 1208 ἐπ’
2655 1157 2850 1220 αὐτοὺς
2868 1158 2961 1211 ἐπὶ⁹
2991 1157 3084 1211 τοῦ
3117 1159 3352 1230 τείχους,
3387 1164 3485 1216 καὶ
3529 1163 3712 1230 ἄλλους

2131 1245 2224 1298 δύο
2261 1245 2496 1315 βασιλεῖς
2531 1245 2739 1299 ἀνεῖλον
2759 1264 2773 1276 ο
2812 1247 2906 1300 καὶ
2940 1248 3111 1312 οὕτως
3132 1249 3586 1323 ἠλευθερώσαμεν
3617 1253 3708 1326 τὴν

2133 1338 2360 1410 Χεϐρὼν
2384 1380 2399 1404 ,
2435 1340 2529 1393 καὶ
2562 1339 2824 1412 ἐλάϐομεν
2861 1342 3040 1395 πᾶσαν
3072 1343 3173 1414 τὴν
3205 1339 3578 1416 αἰχμαλωσίαν
3604 1347 3707 1402 τῶν

2138 1430 2430 1499 βασιλέων.

2204 1531 2278 1584 Ε’.
2322 1549 2342 1582 ι
2370 1533 2480 1586 Kal
2512 1535 2578 1606 τῇ
2617 1529 2745 1605 ἑξῆς
2795 1533 3114 1606 ἀπήλθομεν
3143 1536 3223 1600 εἰς
3269 1535 3514 1609 Ἀρέταν,
3561 1537 3707 1593 πόλιν

2128 1620 2394 1692 κραταιὰν
2424 1623 2520 1676 καὶ
2553 1625 2803 1696 τειχήρη,
2840 1625 2933 1678 καὶ
2966 1626 3401 1697 ἀπροσέγγιστον
3434 1631 3584 1700 ἡμῖν,
3619 1630 3706 1684 θά-

2127 1728 2283 1764 νατον
2333 1712 2680 1768 ἀπειλοῦσαν.
2743 1713 2883 1783 Ἐγὼ
2927 1710 3021 1770 οὖν
3066 1717 3163 1770 xal
3209 1716 3317 1771 Γάδ
3359 1720 3704 1791 προσήξαμεν

445 1813 633 1868 nimus
661 1812 730 1866 ab
752 1811 964 1865 oriente
987 1805 1256 1872 civitatis;
1285 1807 1483 1861 Ruben
1537 1821 1668 1860 vero
1703 1815 1756 1860 et
1779 1805 1913 1860 Levi
1955 1805 2007 1860 al

2135 1802 2242 1854 ἀπὸ
2289 1803 2561 1858 ἀνατολῶν
2613 1805 2715 1876 τῆς
2766 1805 2972 1871 πόλεως
2993 1824 3008 1838 ο
3074 1807 3314 1880 Ῥουϐὴμ
3355 1809 3411 1862 δὲ
3455 1811 3547 1862 καὶ
3579 1809 3705 1864 Λευῖ

445 1902 729 1958 occidente
752 1909 807 1954 et
835 1906 1046 1953 austro.
1079 1897 1147 1952 Et
1171 1897 1555 1952 existimantes
1587 1896 1679 1965 qui
1711 1911 1876 1966 super
1897 1911 2021 1952 mu-

443 2008 539 2048 ros
559 2000 737 2058 erant,
762 1990 910 2060 quod
939 2005 1040 2044 nos
1067 1989 1171 2044 soli
1217 2003 1488 2053 essemus,
1543 1988 1759 2043 alti-acti
1791 1997 1920 2044 sunt
1962 1989 2018 2045 in

444 2101 582 2152 nos;
640 2093 696 2140 et
742 2085 816 2139 ita
869 2083 1100 2138 latentes
1141 2079 1342 2136 fratres
1378 2081 1484 2135 mei
1515 2089 1581 2135 ex
1607 2091 1838 2151 utraque
1867 2093 2020 2152 parte

441 2179 662 2252 paxillis
699 2176 1065 2233 ascenderunt
1109 2189 1349 2238 murum,
1407 2181 1461 2228 et
1511 2173 1853 2229 intraverunt
1880 2175 2018 2229 civi-

440 2281 628 2338 tatem,
681 2267 1061 2340 ignorantibus
1094 2265 1250 2336 ipsis.
1283 2264 1351 2318 Et
1391 2264 1640 2335 cepimus
1667 2279 1788 2320 eam
1836 2265 1891 2320 in
1921 2281 2020 2322 ore

439 2364 624 2436 gladii,
657 2372 713 2419 et
757 2360 1090 2432 refugientes
1133 2359 1189 2413 in
1220 2359 1442 2423 turrim,
1492 2359 1850 2415 incendentes
1871 2375 2014 2428 eam,

441 2473 569 2514 cum
601 2457 737 2527 ipsis
766 2457 1036 2525 cepimus.
1066 2451 1281 2509 Etcum
1310 2454 1709 2520 recederemus,
1730 2455 1836 2509 viri
1868 2453 2016 2511 Tha-

437 2550 585 2620 pltue
622 2547 950 2603 invadebant
971 2545 1211 2616 praedam
1261 2555 1546 2614 nostram;
1579 2553 1634 2601 et
1671 2562 1800 2602 cum
1860 2562 2016 2603 acce-

436 2643 649 2713 pissent
667 2655 788 2696 eam
813 2655 939 2694 cum
969 2638 1096 2692 filiis
1121 2635 1346 2701 nostris,
1369 2637 1648 2706 congressi
1673 2651 1865 2694 sumus
1887 2652 2014 2693 cum

435 2731 518 2787 eis
539 2746 714 2801 usque
737 2729 804 2784 ad
831 2728 1097 2798 Thapbue
1121 2745 1136 2795 ;
1165 2741 1370 2796 eosque
1409 2727 1734 2794 occidimus,
1781 2737 1836 2783 et
1879 2729 2014 2784 civi-

434 2831 603 2877 tatem
659 2819 1025 2884 incendimus,
1082 2825 1374 2889 postquam
1428 2819 1618 2874 omnia
1643 2817 1847 2889 quain
1893 2819 2012 2890 ipsa

434 2923 614 2982 erant,
641 2912 1057 2984 spoliassemus.

506 3091 597 3148 Vl.
635 3110 654 3145 ι
685 3091 750 3148 Et
778 3100 834 3147 ut
867 3106 1016 3146 cram
1055 3092 1108 3147 in
1137 3092 1296 3164 aquis
1326 3089 1609 3158 Cltuzeba,
1655 3092 1692 3146 ii
1737 3093 1884 3163 quia
1911 3091 2006 3149 Jo-

2121 1892 2228 1947 ἀπὸ
2260 1891 2478 1965 δυσμῶν
2509 1896 2604 1949 καί
2634 1896 2808 1952 νότου.
2844 1898 2954 1951 Kal
3001 1899 3311 1970 νομίζοντες
3358 1903 3406 1954 οἱ
3459 1901 3568 1954 ἀπὸ
3613 1902 3701 1956 τοῦ

2119 1985 2350 2056 τείχους,
2385 1987 2468 2040 ὅτι
2499 1989 2663 2059 ἡμεῖς
2699 1991 2850 2060 μόνοι
2883 1990 3070 2062 ἐσμὲν,
3107 1991 3535 2066 ἐφειλκύσθησαν
3571 1973 3702 2068 πρὸς

2118 2075 2284 2145 ἡμᾶς’
2322 2077 2414 2129 καὶ
2446 2076 2617 2142 οὕτως
2651 2077 2892 2151 λαθραῖοι
2941 2083 2988 2132 οἱ
3021 2080 3238 2150 ἀδελφοί
3286 2099 3388 2153 μου
3425 2083 3485 2150 ἐξ
3516 2085 3703 2140 ἐκατέ-

2126 2182 2239 2236 ρων
2273 2164 2385 2238 (65)
2421 2166 2718 2231 πασσάλοις
2754 2169 3096 2241 ἐπανέϐησαν
3130 2169 3208 2240 τῷ
3243 2170 3431 2241 τείχει,
3468 2170 3560 2224 καὶ
3593 2173 3703 2225 εἰσ-ι

2117 2255 2276 2328 ἦλθον
2308 2258 2388 2323 είς
2438 2258 2536 2330 τὴν
2570 2259 2741 2326 πόλιν,
2769 2260 3107 2330 ἀγνοούντων
3145 2262 3342 2317 αὐτῶν.
3377 2264 3486 2316 Kal
3517 2263 3702 2318 ἐλάϐο-

2120 2335 2219 2419 μεν
2267 2349 2436 2423 αὐτὴν
2483 2351 2543 2405 ἐν
2590 2350 2818 2422 στόματι
2870 2351 3175 2424 μαχαίρας,
3230 2353 3323 2406 καὶ
3371 2355 3498 2418 τοὺς
3533 2357 3591 2410 ὲν
3622 2357 3699 2427 Ti?

2116 2440 2312 2514 πύργῳ
2345 2443 2774 2513 καταφυγόντας,
2809 2445 3190 2517 ἐμπρήσαντες
3223 2439 3314 2499 τὸν
3346 2446 3574 2520 πύργον,
3605 2449 3698 2502 σὺν

2115 2535 2296 2598 αὐτοῖς
2329 2534 2611 2606 ἐλάϐομεν.
2660 2537 2768 2589 Kal
2802 2538 2860 2590 ἐν
2911 2536 2992 2607 τῷ
3023 2538 3238 2591 ἀπιέναι
3273 2539 3453 2609 ἡμᾶς,
3509 2541 3697 2612 ἄνδρες

2114 2626 2326 2696 Θαφουὲ
2349 2627 2611 2681 ἐπέϐαλον
2631 2631 2696 2700 τῇ
2732 2615 3087 2702 αἰχμαλωσίᾳ
3126 2631 3302 2703 ἡμῶν,
3324 2633 3419 2685 καὶ
3455 2635 3699 2705 παραλα-

2114 2718 2302 2784 ϐόντες
2335 2719 2509 2790 αὐτὴν
2543 2720 2638 2774 σὺν
2676 2720 2785 2791 (66)
2822 2724 2934 2786 τοῖς
2968 2721 3103 2786 υἱοῖς
3147 2723 3324 2794 ἡμῶν,
3385 2725 3696 2796 συνήψαμεν

2114 2807 2254 2880 πρὸς
2291 2811 2490 2876 αὐτοὺς
2505 2811 2610 2876 ἓως
2642 2811 2856 2882 Θαφουέ
2892 2812 3001 2886 (67)
3025 2831 3039 2844 ·
3062 2816 3351 2880 κάκείνους
3371 2817 3693 2871 ἀπεκτείνα-

2115 2923 2236 2975 μεν,
2273 2909 2369 2960 καὶ
2401 2906 2501 2980 τὴν
2553 2909 2707 2964 πόλιν
2740 2910 3155 2982 ἐνεπρήσαμεν,
3193 2912 3372 2966 πάντα
3402 2912 3470 2966 τὰ
3502 2915 3561 2966 ἐν
3594 2913 3694 2966 αὐ-

2110 3000 2176 3069 τῇ
2215 2998 2631 3067 σκυλεύσαντες.

2184 3093 2272 3158 (τ’.
2304 3111 2320 3142 ι
2362 3091 2469 3147 Kal
2500 3093 2576 3158 ὡς
2609 3095 2756 3166 ’ήμην
2789 3096 2848 3150 ἐν
2879 3099 2993 3162 τοῖς
3026 3087 3180 3152 ὕδασι
3211 3096 3555 3170 Χουζηϐἄ,οῑ
3589 3098 3698 3153 ἀπο

432 3188 541 3251 bel,
573 3187 868 3242 veniebant
914 3187 1179 3242 adversus
1228 3202 1330 3242 nos
1379 3187 1435 3241 in
1466 3186 1745 3257 praelium;
1786 3194 1842 3241 et
1875 3202 2006 3242 con-

2124 3155 2312 3254 Ἰωϐὴλ
2344 3178 2508 3254 ἦλθον
2712 3155 2861 3258 Σἡμᾶς
2894 3155 2988 3253 είς-
3009 3189 3275 3262 πόλεμον·
3313 3155 3410 3245 υἱέι
3447 3155 3690 3264 συνήψα-

433 3278 605 3350 gressi
636 3293 828 3333 sumus
858 3293 984 3333 cum
1014 3280 1124 3346 eis,
1159 3280 1422 3350 ipsosque
1456 3279 1780 3346 occidimus,
1803 3293 2008 3349 eosque

430 3369 526 3440 qui
563 3385 594 3425 a
638 3367 800 3425 Selon
831 3370 1107 3424 auxiliarii
1138 3370 1382 3440 ipsorum
1413 3379 1604 3435 erant;
1631 3378 1684 3423 et
1714 3384 1823 3424 non
1854 3369 2007 3424 dedi-

431 3479 555 3519 mus
578 3465 662 3519 eis
687 3478 992 3534 egressum,
1037 3472 1097 3518 ut
1123 3463 1372 3518 venirent
1410 3463 1476 3516 ad
1511 3477 1630 3518 nos.
1665 3461 1732 3516 Et
1757 3463 1850 3532 qui
1879 3471 2008 3518 sunt

428 3571 461 3612 a
491 3553 699 3612 Mecbir
733 3563 1169 3624 supervenerunt
1218 3553 1376 3608 nobis
1403 3555 1597 3623 quinto
1624 3553 1732 3619 die,
1756 3561 1814 3608 ut
1836 3557 2004 3623 captio

430 3661 529 3702 vos
603 3647 959 3711 abducerent,
985 3653 1038 3700 ct
1061 3646 1265 3716 agressi
1297 3661 1392 3700 eos
1429 3645 1557 3699 forti
1589 3660 1769 3715 pugna
1800 3644 2004 3700 invasi-

431 3752 578 3802 mus,
619 3736 880 3807 quoniam
921 3745 1081 3790 erant
1124 3735 1474 3791 multitudine
1504 3743 1788 3806 potentes;
1820 3744 1874 3790 et
1904 3750 2002 3790 oc-

429 3829 665 3884 cidimus
706 3843 824 3895 eos,
851 3836 1148 3897 antequam
1190 3827 1557 3882 ascenderunt
1597 3827 1998 3884 ascensionem.

429 3919 501 3976 Ut
543 3927 727 3975 autem
778 3920 1032 3975 venimus
1062 3919 1130 3974 ad
1174 3918 1452 3974 civitatem
1491 3933 1705 3986 eorum,
1743 3920 2001 3973 mulieres

423 4031 614 4071 eorum
635 4014 925 4069 volvebant
947 4028 1115 4084 super
1134 4028 1234 4068 nos
1257 4013 1464 4082 lapides
1492 4027 1522 4068 a
1546 4014 1748 4068 vertice
1771 4012 1997 4077 montis,

423 4110 478 4162 in
517 4123 628 4178 quo
657 4115 776 4162 erat
815 4107 1028 4160 civitas.
1082 4104 1148 4158 Et
1178 4105 1458 4161 latitantes
1487 4119 1590 4175 ego
1618 4112 1672 4158 et
1721 4102 1940 4157 Simcon
1966 4117 1996 4156 a

421 4209 594 4270 tergo,
643 4197 1103 4268 apprehendimus
1145 4197 1390 4264 excelsa,
1421 4205 1476 4250 et
1502 4204 1672 4252 totam
1715 4194 1994 4250 civitatem

421 4290 784 4362 perdidimus.

494 4381 607 4436 Vll.
649 4400 668 4434 ι
702 4380 768 4437 Ει
790 4380 1040 4452 sequenti
1069 4381 1158 4436 die
1186 4379 1394 4435 dictum
1429 4387 1515 4435 est
1540 4379 1719 4441 nobis.
1743 4380 1888 4449 quod
1918 4379 1996 4436 ci-

2113 3292 2210 3346 μεν
2243 3277 2440 3341 αὐτοὺς
2476 3278 2609 3351 (68),
2645 3280 2932 3345 κάκείνους
2967 3281 3401 3352 ἀπεκτείναμεν
3439 3285 3535 3336 καὶ
3563 3284 3690 3347 τοὺς

2105 3365 2432 3440 ἀπδΣηλὼμ
2468 3372 2790 3441 συμμάχους
2825 3371 3006 3425 αὐτῶν
3039 3373 3460 3446 ἀπεκτείναμεν
3483 3375 3578 3427 καὶ
3595 3375 3692 3427 οὐκ

2105 3460 2383 3532 ἐδώκαμεν
2416 3462 2598 3526 αὐτοῖς
2643 3463 2893 3529 διέξοδον,
2927 3464 3021 3517 τοῦ
3057 3465 3316 3519 εἰσελθεῖν
3353 3464 3489 3538 πρὸς
3525 3469 3688 3538 ἡμᾶς.

2105 3554 2215 3607 Kal
2246 3555 2295 3606 οἱ
2331 3553 2438 3606 ἀπὸ
2471 3554 2664 3626 Μεχὴρ
2697 3555 2930 3626 ἐπῆλθον
2963 3557 3096 3627 ἡμῖν
3129 3559 3197 3628 τῇ
3232 3557 3459 3631 πέμπτῃ
3484 3559 3686 3632 ἡμέρᾳ,

2104 3644 2285 3698 λαϐεῖν
2330 3646 2428 3715 τὴν
2479 3645 2889 3716 αἰχμαλωσίανσ
2942 3647 3038 3700 καὶ
3087 3648 3460 3720 προσάξαντες
3507 3652 3688 3713 αὐτοῖς

2103 3737 2161 3788 ἐν
2194 3738 2440 3808 κρατερᾷ
2476 3737 2625 3810 μάχῃ
2661 3737 3114 3810 περιεγενόμεθα,
3167 3740 3248 3793 ὅτι
3294 3736 3436 3812 ἦσαν
3489 3741 3688 3813 πλῆθος

2101 3829 2314 3882 δυνατοὶ
2346 3831 2405 3884 ἐν
2434 3831 2618 3894 αὐτοῖς
2637 3848 2651 3862 ο
2689 3833 2782 3885 καὶ
2805 3832 3206 3904 ἀπεκτείναμεν
3241 3834 3439 3898 αὐτοὺς
3472 3836 3580 3908 πρὸ
3595 3832 3690 3889 τοῦ

2109 3920 2378 3990 ἀναϐῆναι
2426 3921 2523 3992 τὴν
2556 3921 2840 3977 ἀνάϐασιν.
2903 3910 2989 3988 Ὡς
3033 3925 3089 3977 δὲ
3138 3923 3372 3996 ἤλθομεν
3417 3928 3485 3997 τῇ
3541 3925 3688 3980 πόλει

2101 4011 2310 4078 αὐτῶν,
2347 4015 2404 4067 at
2438 4017 2695 4082 γυναῖκες
2730 4013 2910 4068 αὐτῶν
2953 4015 3166 4070 ἐκύλιον
3211 4018 3295 4086 ἐφ’
3331 4019 3478 4088 ἡμᾶς
3510 4018 3688 4082 λίθους

2099 4104 2207 4159 ἀπὸ
2237 4105 2338 4175 τῆς
2369 4107 2612 4177 κορυφῆς
2645 4106 2741 4159 τοῦ
2773 4107 2932 4180 ὅρους
2959 4146 2974 4172 ,
3009 4109 3066 4161 ἐν
3194 4102 3261 4180 ἦν
3294 4110 3328 4181 ἡ
3366 4108 3541 4175 πόλις.
3577 4110 3688 4164 Kal

2099 4196 2506 4268 ὑποκρυϐέντες
2541 4197 2653 4268 ἐγὼ
2684 4199 2779 4252 καὶ
2827 4197 3050 4270 Συμεὼν
3084 4199 3387 4266 ἐξόπισθεν,
3423 4201 3684 4257 ἐπελαϐό-

2102 4287 2242 4358 μεθα
2258 4289 2368 4344 τῶν
2385 4289 2629 4363 ὑψηλῶν,
2651 4293 2744 4345 καὶ
2765 4291 2895 4362 ὃλην
2925 4293 3024 4364 τὴν
3058 4293 3212 4347 πόλιν
3245 4290 3683 4368 ὠλοθρεύσαμεν.

2168 4382 2242 4435 Z'.
2285 4401 2303 4434 ι
2327 4383 2440 4435 Kal
2455 4387 2522 4454 τῇ
2541 4383 2668 4454 ἐξῆς
2696 4384 2895 4456 ἐρῤἑθη
2929 4385 3066 4456 πρὸς
3095 4387 3261 4457 ἡμᾶς,
3298 4386 3379 4439 ὅτι
3412 4389 3467 4439 al
3504 4388 3684 4453 πόλεις

420 4475 619 4529 vitates
658 4474 891 4530 duorum
926 4488 1111 4544 regum
1161 4488 1288 4528 cum
1321 4472 1520 4542 populo
1565 4473 1716 4543 gravi
1746 4473 1994 4527 venirent

2112 4471 2206 4525 τῶν
2237 4473 2329 4528 δύο
2364 4473 2630 4543 βασιλέων
2663 4473 2774 4546 (69)
2809 4476 2866 4529 ἐν
2900 4475 3042 4547 ὄχλῳ
3078 4476 3234 4548 βαρεῖ
3282 4476 3534 4548 ἔρχονται
3570 4479 3680 4550 (70)

419 4568 486 4622 ad
541 4582 664 4622 nos.
709 4566 821 4637 Ego
868 4567 1033 4637 igitur
1066 4577 1120 4620 et
1165 4565 1277 4619 Dan
1306 4604 1322 4627 ,
1357 4565 1621 4634 fingentes
1651 4579 1752 4618 nos
1787 4563 1989 4619 Amor-

422 4660 625 4724 rlneos,
677 4669 735 4714 ut
782 4659 1055 4714 auxiliarii
1089 4659 1337 4712 venimus
1383 4656 1440 4710 in
1473 4657 1750 4711 civitatem
1776 4670 1990 4710 eorum.

417 4748 585 4806 Nocte
614 4761 797 4804 autem
830 4748 1101 4819 profunda
1149 4747 1498 4803 venientibus
1548 4747 1812 4803 fratribus
1859 4763 1992 4818 ape-

418 4844 632 4899 ruimus
673 4852 880 4912 portas,
905 4852 958 4896 et
981 4856 1173 4896 omnes
1205 4856 1300 4894 eos
1329 4841 1664 4909 perdidimus
1686 4882 1701 4908 ,
1729 4851 1784 4898 et
1805 4842 1990 4897 omnia

418 4953 540 5007 qua:
567 4951 760 4990 eorum
799 4944 976 5000 erant,
1011 4935 1405 5002 deprzedantes,
1436 4941 1547 4989 tres
1575 4951 1764 4992 muros
1797 4951 1990 4991 eorum

418 5026 836 5098 prostravimus.
871 5024 939 5080 Et
975 5024 1236 5080 Titanum!
1276 5027 1870 5098 appr-cpiuquavimus,
1897 5027 1990 5082 ubi

419 5130 536 5174 erat
574 5133 736 5174 omne
757 5117 1028 5187 refugium
1069 5117 1387 5172 bellantium
1421 5133 1630 5188 regum.
1660 5117 1817 5172 Tunc
1846 5117 1992 5187 inju-

416 5227 553 5268 Lam
583 5226 781 5280 passus
833 5211 1007 5264 iratus
1039 5225 1196 5272 sum,
1233 5220 1287 5265 et
1316 5211 1580 5280 impetum
1619 5208 1723 5264 feci
1748 5208 1806 5262 in
1840 5208 1990 5277 ipsos

490 5369 602 5436 (65)
654 5366 994 5434 Ἐκατέρων.
1030 5365 1149 5418 Τῶν
1180 5364 1574 5436 μερ‹7›ν.ᾐϐιι.ιβ.

461 5433 600 5524 ⁵(66)
632 5437 741 5524 Kal
775 5433 1222 5504 παραλαϐόντες
1245 5433 1458 5507 αὐτὴν.
1500 5433 1606 5486 Kal
1645 5433 1987 5504 πράσσοντες

418 5512 605 5649 amity).
639 5511 792 5642 Ξὲως
837 5575 1087 5645 Θαφουέ.
1137 5577 1224 5649 Ἐν
1256 5575 1594 5649 «gemost
1625 5575 1701 5628 ID.

489 5645 600 5714 (68)
631 5648 993 5748 Σιίνήψαμεν
1007 5648 1245 5710 αὐτούς.
1265 5645 1373 5698 Καὶ
1397 5647 1730 5716 συνάψαντες
1755 5645 1985 5718 ἐτρέψα-

422 5736 522 5784 μεν
551 5719 766 5780 αὐτούς.
798 5719 870 5771 ID.

491 5790 603 5862 (U9)
636 5792 704 5844 Αἱ
734 5790 936 5853 πόλεις
967 5785 1084 5839 τῶν
1127 5785 1234 5840 δύο
1275 5786 1601 5850 βασιλέων.
1645 5789 1786 5853 Γαᾶς
1832 5787 1983 5851 πόλις

2095 4563 2231 4636 πρὸς
2262 4566 2430 4635 ἡμᾶς.
2479 4564 2620 4634 Ἐγὼ
2652 4559 2744 4619 οὖν
2777 4567 2872 4620 καὶ
2905 4566 3031 4631 Δάν,
3067 4570 3568 4640 προσποιησάμενοι
3597 4571 3684 4624 Ἀ·-

2097 4656 2411 4728 μορῤαίους,
2446 4656 2522 4721 ὡς
2559 4655 2836 4728 σύμμαχοι
2887 4657 3120 4729 ἤλθομεν
3154 4659 3234 4722 είς
3266 4657 3364 4729 τὴν
3398 4658 3552 4713 πόλιν
3585 4661 3679 4714 αύ-

2093 4749 2222 4803 τῶν.
2286 4749 2462 4803 Νυκτὶ
2506 4749 2563 4803 δὲ
2608 4749 2800 4823 βαθείᾳ
2851 4749 3063 4804 ἐλθοῦσι
3109 4753 3221 4815 τοῖς
3268 4750 3518 4821 ἀδελφοῖς
3565 4754 3674 4832 (71)

2091 4838 2381 4910 ὴνοίξαμεν
2414 4837 2513 4904 τὰς
2547 4839 2722 4904 πύλας
2759 4840 2894 4912 (72),
2945 4841 3040 4893 καὶ
3076 4840 3284 4904 πάντας
3319 4842 3516 4907 αὐτοὺς
3549 4842 3679 4897 ὠλο-

2093 4929 2420 5002 θρεύσαμεν,
2455 4932 2547 4985 καὶ
2580 4933 2756 4986 πάντα
2777 4931 2848 4986 τὰ
2869 4932 3048 4987 αὐτῶν
3080 4933 3574 5005 προνομεύσαντες,
3607 4935 3678 4989 τὰ

2093 5024 2223 5096 τρία
2257 5025 2415 5096 τείχη
2465 5024 2641 5078 αὐτῶν
2694 5023 3036 5095 καθείλομεν.
3089 5026 3199 5078 Kal
3257 5023 3315 5078 ἐν
3361 5027 3427 5096 τῇ
3483 5026 3677 5098 Θάμνα

2095 5118 2569 5190 προσηγγίσαμεν,
2621 5112 2682 5171 οὗ
2731 5113 2798 5188 ἦν
2845 5119 2993 5171 πᾶσα
3038 5120 3072 5190 ὴ
3121 5120 3377 5191 ἀποφυγὴ
3420 5121 3531 5193 (75)
3565 5123 3678 5176 τῶν

2093 5210 2365 5280 πολεμίων
2430 5209 2711 5282 βασιλέων.
2781 5209 2911 5261 Τότε
2963 5210 3315 5281 ὑϐριζόμενος
3362 5211 3672 5287 ἐθυμώθην,

2094 5370 2378 5439 βασιλέων.
2433 5368 2505 5423 lo.

2160 5441 2272 5512 (70)
2312 5441 2646 5512 Ἔρχονται.
2681 5441 2957 5512 Ἔρχεται.
2991 5439 3066 5512 lu.

2163 5510 2275 5580 (71)
2331 5511 2601 5580 Ἐλθοῦοζι
2657 5510 2778 5575 τοῖς
2813 5510 3131 5580 ἀδελφοῖς.
3201 5511 3494 5568 Ἐλθόντων
3561 5512 3682 5573 τᾶν

2090 5577 2542 5666 “agamem-
2571 5577 2644 5666 ’.υτ

2163 5652 2274 5718 (7a)
2316 5649 2539 5715 Πύλας.
2569 5652 2781 5715 Αὐτοῖς.
2811 5649 2886 5704 In.

2164 5722 2276 5793 (75)
2331 5719 2647 5792 Ἀποφυγή.
2693 5722 3016 5795 Ἀποσκευή.
3050 5722 3124 5779 In.
