4076 6142
447 316 587 378 ξυπ
633 349 640 357 -

1709 309 2231 367 TESTA-MENTUM
2263 311 2290 366 J
2303 310 2498 373 ISIMS.~

3551 313 3688 369 1074

443 433 539 488 καὶ
572 430 808 503 ὥρμησα
841 429 928 482 ἐπ’
963 428 1161 493 αὐτοὺς
1201 428 1295 482 ἐπὶ
1339 427 1450 501 τὴν.
1472 425 1724 499 κορυφήν
1749 443 1762 455 ο
1790 427 2028 480 κάκεῖνοι

2137 443 2302 499 super
2329 427 2586 486 verticem
2623 436 2716 482 :et
2764 427 2842 482 illi
2880 427 3062 484 fundis
3096 427 3372 498 jaciebant
3407 413 3570 499 super
3603 447 3691 486 me

442 520 771 594 ἐσφενδόνων
808 518 895 572 ἐπ’
943 518 1042 588 ἐμὲ
1087 516 1257 581 λίθοις
1310 518 1406 570 καὶ
1451 513 1662 580 τόξοις·
1715 515 1810 572 καὶ
1859 519 1912 568 εἰ
1949 517 2024 588 μὴ

439 613 546 666 Δάν
578 615 606 666 6
639 611 863 681 ἀδελφός
897 627 1004 682 μου,
1033 593 1377 680 συνεμάχησέ
1401 626 1510 679 μοι,
1530 604 1674 682 εἶχόν
1697 624 1764 678 με
1789 608 2020 674 ἀνελεῖν.

452 703 790 776 Ἐπήλθομεν
822 697 915 756 οὖν
949 703 1038 756 ἐπ’
1072 701 1272 764 αὐτοὺς
1310 699 1452 771 μετὰ,
1482 699 1678 770 θυμοῦ,
1697 701 1802 756 καὶ,
1827 700 2025 764 πάντες

439 794 673 866 ἔφυγον·
731 795 827 850 καὶ
871 793 1170 856 διελθόντες
1218 793 1285 854 δι’
1322 791 1488 862 ἄλλης
1522 791 1678 854 ὁδοῦ,
1730 790 2026 862 ἐδεήθησαν

440 885 535 945 τοῦ
569 883 774 956 πατρός
805 901 944 955 μου,
979 882 1072 936 καὶ
1115 880 1378 951 ἐποίησεν
1425 881 1648 952 είρήνην
1697 881 1814 950 μετ’
1847 878 2026 932 αὐτῶν

445 975 579 1046 (74),
603 976 698 1029 καὶ
718 975 819 1028 οὐκ
850 974 1187 1043 ἐποιήσαμεν
1237 969 1420 1034 αὐτοῖς
1468 969 1622 1023 οὐδὲν
1672 967 1875 1034 κακὸν,
1912 966 2026 1021 ἀλλ’

444 1068 774 1138 ἐποιήσαμεν
824 1066 1022 1128 αὐτοὺς
1074 1061 1472 1126 ὑποσπόνδους,
1522 1061 1618 1114 καὶ
1668 1059 2028 1130 ἀπεδώκαμεν

445 1159 625 1222 αὐτοῖς
663 1159 844 1212 πᾶσαν
859 1157 958 1227 τὴν
993 1154 1391 1226 αἰχμαλωσίαν.
1427 1152 1540 1205 Καὶ
1559 1151 1883 1223 ᾠκοδόμησα
1917 1149 2028 1219 ἐγὼ

443 1251 540 1321 τὴν
573 1250 814 1321 Θάμναν,
849 1249 941 1302 καὶ
973 1249 1000 1301 6
1029 1249 1210 1319 πατήρ
1245 1265 1344 1318 μου
1376 1245 1476 1316 τὴν
1511 1243 1808 1315 Ῥαμὸαήλ.
1841 1244 2028 1297 Εἴκοσι

443 1342 581 1395 ἐτῶν
613 1341 782 1413 ήμην,
819 1339 908 1392 ὅτε
940 1337 1156 1406 ἐγένετο
1189 1340 1217 1392 6
1243 1337 1480 1408 πόλεμος
1515 1330 1700 1398 οὗτοςο
1751 1335 1845 1387 καὶ
1888 1329 2028 1406 ἦσαν
2065 1324 2074 1334 ”

442 1430 492 1482 οἱ
523 1429 812 1490 Χαναναῖοι
850 1425 1170 1496 φοϐούμενοί
1204 1441 1290 1496 με,
1321 1425 1416 1478 καὶ
1448 1424 1575 1487 τοὺς
1599 1421 1860 1492 ἀδελφούς
1899 1439 2022 1493 μου.

514 1519 598 1572 H'.
635 1537 653 1570 ‹
682 1513 791 1570 Ἦν
815 1516 873 1571 δέ
914 1533 1002 1588 μοι
1030 1517 1124 1570 καὶ
1155 1517 1324 1588 κτήνη
1358 1514 1548 1579 πολλὰ,
1577 1516 1672 1569 καὶ
1701 1509 1844 1585 εἶχον
1873 1515 2028 1588 ἀρχι-

444 1609 679 1681 ποίμενα
720 1609 863 1682 Ἰρᾶν
897 1607 988 1661 τὸν
1027 1587 1409 1678 Ὀδολαμίτην·
1457 1608 1594 1679 πρὸς
1628 1607 1687 1660 ὃν
1725 1605 1913 1666 ἐλθὼν,
1949 1587 2028 1661 εἷ-

443 1701 535 1762 δον
565 1701 781 1772 Βάρσαν
810 1698 920 1772 (75)
944 1699 1166 1772 βασιλέα
1203 1699 1451 1770 Ὀδολάμ.
1480 1699 1589 1753 Καὶ
1621 1698 1871 1767 ἐποίησεν
1899 1699 2027 1768 ἡμῖν

2128 525 2358 594 lapides,
2386 533 2440 578 et
2465 523 2853 592 iaculabantur
2875 525 3111 580 arcubus
3135 542 3150 590 ;
3181 534 3234 579 et
3260 523 3364 579 nisi
3390 522 3502 577 Dan
3525 522 3692 578 frater

2126 632 2286 670 mens
2336 616 2611 685 suppetias
2660 615 2794 675 mihi
2853 615 3106 678 tulisset,
3143 615 3688 671 interfecissentme.

2129 707 2557 776 Supervenimus
2616 707 2781 777 igitur
2833 705 2970 776 ipsis
3001 722 3143 762 .cum
3182 705 3383 767 furore,
3422 715 3476 761 et
3501 720 3694 761 omnes

2112 796 2426 868 fugerunt;
2473 805 2527 851 et
2568 805 2918 854 transeuntes
2951 812 3042 867 per
3078 799 3238 858 aliam
3263 799 3404 859 viam
3428 799 3684 868 depreca-

2110 887 2326 949 bantur
2367 895 2576 957 patrem
2621 903 2826 952 meum,
2877 898 2932 942 et
2968 886 3098 942 fecit
3134 903 3319 956 pacem
3349 904 3472 944 cum
3496 890 3610 953 eis,
3641 896 3707 948 et.

2129 993 2240 1033 non
2266 977 2495 1034 fecimus
2554 977 2635 1034 eis
2695 978 2994 1048 quidquam
3051 979 3221 1044 mali,
3267 979 3360 1034 sed
3407 980 3532 1035 data
3567 982 3708 1046 fide,

2128 1070 2438 1140 recepimus
2463 1084 2559 1125 eos
2587 1070 2640 1122 in
2665 1070 3004 1136 societatem,
3028 1081 3082 1124 et
3101 1071 3433 1126 reddidimus
3470 1072 3549 1127 eis
3578 1088 3697 1128 om-

2132 1178 2233 1218 nes
2259 1163 2525 1234 captivos.
2554 1161 2620 1218 Et
2648 1163 2911 1217 :ediﬁcavi
2957 1178 3057 1232 ego
3094 1161 3422 1226 Thamnam,
3468 1172 3522 1217 et
3547 1176 3696 1232 pater

2129 1269 2286 1310 mens
2341 1253 2670 1309 Rambahel.
2725 1253 2922 1326 Viginti
2961 1269 3231 1309 annorum
3271 1257 3699 1324 eram.quando

2130 1346 2336 1402 factum
2387 1355 2471 1402 est
2513 1348 2657 1402 istud
2690 1347 2933 1415 bellum;
2976 1355 3031 1400 et
3076 1345 3372 1400 Chanamei
3401 1348 3712 1406 timuerunt.

2130 1453 2239 1502 me,
2274 1447 2328 1493 et
2359 1437 2555 1492 fratres
2594 1453 2765 1493 meos.

2202 1529 2336 1586 VIII.
2384 1549 2408 1581 ι.
2433 1529 2600 1588 Erant
2629 1539 2809 1584 autem
2836 1528 2969 1582 mihi
2995 1535 3050 1582 et
3077 1543 3273 1598 pecora
3302 1529 3498 1593 multa,
3524 1537 3578 1582 et
3604 1530 3702 1586 ba.-

2118 1601 2322 1676 ibebam
2368 1619 2668 1692 principem
2699 1629 2978 1688 pastorum
3024 1618 3146 1678 lran
3198 1616 3590 1685 Odolamiteni;
3637 1621 3702 1671 ad

2130 1726 2291 1780 quem
2339 1725 2465 1766 cum
2513 1709 2656 1771 veni,
2693 1709 2802 1786 vidi
2854 1707 3058 1763 Barsan
3107 1723 3286 1778 regem
3335 1707 3584 1763 Odolam.
3638 1707 3704 1764 Et

447 1788 610 1842 πότον
629 1806 642 1820 ·
669 1790 763 1843 καὶ
801 1789 1184 1860 παρακαλέσας
1208 1788 1392 1842 δίδωσί
1415 1806 1504 1860 μοι
1528 1789 1627 1859 τὴν
1653 1785 1929 1858 θυγατέρα
1942 1787 2032 1838 αὺ-

2137 1797 2259 1852 l‘ecit
2308 1798 2468 1851 nobis
2517 1782 2859 1862 convivium,
2913 1805 2966 1853 et
3019 1799 3316 1866 deprecans
3371 1796 3518 1851 dedit
3571 1797 3704 1850 mihi

443 1880 538 1944 τοῦ
555 1882 797 1953 Βησσουέ
821 1882 901 1944 είς
916 1884 1169 1949 γυναῖκα.
1192 1879 1342 1952 Αὕτη
1358 1880 1620 1952 ἐτεκέημοι
1637 1879 1727 1932 τὸν
1746 1879 1846 1949 Εἳρ
1866 1879 1916 1946 (7
1925 1878 2026 1949 5⁶),

445 1975 542 2026 καὶ
566 1971 658 2025 τὸν
681 1974 856 2032 Αὺνᾶν
878 1971 1009 2044 (76),
1037 1973 1130 2026 καὶ
1154 1970 1368 2043 Σιλώμ·
1401 1964 1475 2024 ὧν
1502 1971 1630 2035 τοὺς
1652 1970 1744 2023 δύο
1771 1971 2032 2031 ἀτέκνους

446 2062 625 2115 ἀνεῖλε
675 2061 906 2134 Κύριος·
944 2065 972 2116 6
1011 2061 1120 2135 γὰρ
1162 2059 1352 2138 Σιλὼμ
1402 2061 1586 2134 ἔζησε,
1619 2062 1714 2115 καὶ
1761 2061 1829 2114 τά
1866 2062 2032 2114 τέκνα

449 2153 612 2218 αὑτοῦ
641 2155 799 2225 ὑμεῖς
831 2155 972 2208 ἐστε.

515 2244 593 2298 Θ’.
634 2264 652 2296 ‹
683 2243 970 2298 Δεκαοκτὼ
1007 2243 1098 2316 ἔτη
1149 2244 1488 2315 ἐποιήσαμεν
1525 2245 1767 2314 ετρήνην’
1795 2243 1823 2295 ὁ
1851 2242 2032 2314 πατὴρ

450 2337 603 2408 ἡμῶν
635 2337 728 2390 καὶ
753 2338 934 2407 ἡμεῖς,
969 2335 1106 2406 μετὰ
1125 2335 1220 2388 τοῦ
1254 2335 1483 2404 ἀδελφοῦ
1507 2334 1670 2388 αὑτοῦ
1717 2334 1911 2398 Ἡσαῦ,
1937 2335 2034 2388 καὶ

448 2431 496 2483 οἱ
532 2430 638 2482 υἱοὶ
680 2426 843 2482 αὑτοῦ
888 2427 1203 2500 μεθ’ήμῶν,
1244 2425 1382 2499 μετὰ
1425 2426 1520 2480 τοῦ
1564 2426 1739 2480 ἐλθεῖν
1781 2428 1928 2497 ἡμᾶς
1969 2427 2034 2479 ἐκ

450 2522 881 2592 Μεσοποταμίας
923 2521 1030 2578 ἀπὸ
1069 2520 1274 2575 Δάόαν.
1327 2521 1438 2574 Καὶ
1487 2519 1885 2592 πληρωθέντων
1921 2519 2034 2572 τῶν

447 2613 721 2668 δεκαοκτὼ
754 2615 909 2679 ἐτῶν,
944 2617 1002 2668 ἐν
1032 2613 1110 2686 τῷ
1133 2611 1554 2683 τεσσαρακοστῷ
1595 2611 1705 2664 ἔτει
1743 2611 1845 2682 τῆς
1888 2611 2035 2682 ζωῆς

456 2723 576 2776 μου,
599 2705 831 2776 ἐπῆλθεν
856 2708 986 2777 ήμῖν
1015 2702 1206 2767 Ἡσαῦ,
1231 2703 1259 2754 6
1281 2702 1507 2771 ἀδελφὸς
1541 2701 1636 2755 τοῦ
1671 2701 1879 2774 πατρός
1910 2719 2032 2773 μου,

452 2782 510 2847 ἔν
546 2796 657 2867 λαῷ
706 2795 864 2868 βαρεῖ
899 2797 992 2849 καὶ
1027 2793 1252 2865 ἰσχυρῷ·
1291 2793 1384 2846 καὶ
1427 2792 1618 2846 ἔπεσεν
1656 2791 1768 2864 (77)
1801 2793 1858 2844 ἐν
1896 2790 2035 2862 τόξῳ

466 2886 664 2940 Ἰακὼϐ
714 2887 856 2959 (78),
904 2888 997 2942 καὶ
1037 2885 1178 2958 ήρθη
1225 2884 1417 2957 νεκρὸς
1469 2886 1526 2936 ἐν
1567 2882 1683 2954 ὄρει
1731 2882 1900 2954 Σιείρ·
1941 2883 2036 2936 καὶ⁴

453 2978 816 3050 πορευόμενος
839 2979 1023 3033 ἐπάνω
1048 2978 1332 3050 Είρῤαμνᾶ
1364 2975 1477 3046 (80)
1513 2974 1800 3029 ἀπέθανεν.
1841 2974 2034 3044 Ἡμεῖς

451 3069 508 3123 δὲ
545 3068 840 3141 ἐδιώξαμεν
877 3071 968 3122 ἐπὶ
1000 3055 1136 3132 τοὺς
1170 3069 1317 3129 υἱοὺς
1349 3066 1539 3119 Ἠσαῦ.
1573 3060 1682 3117 Ἦν
1726 3064 1783 3117 δὲ
1824 3063 2035 3126 τούτοις

453 3160 626 3226 πόλις,
662 3162 756 3214 καὶ
798 3163 976 3229 τεῖχος
1023 3158 1297 3228 σιδηροῦν,
1334 3159 1428 3210 καὶ
1469 3155 1632 3208 πύλαι
1676 3153 1902 3224 χαλκαῖ*
1942 3155 2036 3207 καὶ
2063 3133 2105 3189 C

451 3249 552 3304 εΰκ
583 3249 930 3320 ἠδυνήθημεν
959 3247 1218 3300 εἰσελθεῖν
1253 3248 1312 3299 ἐν
1335 3247 1490 3316 αὐτῇ,
1518 3245 1612 3298 καὶ
1643 3243 2037 3314 περικαθίσαν-
2125 3261 2127 3264 ‘

451 3358 547 3406 τες
571 3339 997 3412 ἐπολιορκοῦμεν
1027 3338 1241 3401 αὐτούς.
1280 3337 1389 3390 Καὶ
1413 3337 1488 3399 ὡς
1510 3336 1610 3388 οὐκ
1637 3335 1871 3405 ήνοιγον,
1901 3332 2040 3404 μετὰ

455 3435 660 3489 εἴκοσιν
701 3432 932 3503 ἡμέρας,
955 3428 1204 3500 ὁρώντων
1248 3428 1448 3492 αὐτῶν,
1482 3427 1744 3500 προσάγω
1775 3424 2036 3496 κλίμακα,

458 3524 553 3578 καὶ
590 3524 689 3594 τήν
729 3522 932 3575 ἀσπίδα
964 3521 1057 3574 ἐπὶ
1091 3519 1193 3589 τῆς
1229 3517 1472 3589 κεφαλῆς
1515 3535 1638 3590 μου·
1679 3517 1774 3570 καὶ
1812 3514 2040 3587 ἀνῆλθον

458 3615 856 3686 ἀποδεχόμενος
887 3611 1068 3674 λίθους
1099 3611 1204 3675 ἕως
1227 3611 1505 3665 ταλάντων
1535 3609 1725 3683 τριῶν⁹
1762 3609 1856 3662 καὶ
1889 3607 2043 3662 ἀνελ-

461 3705 570 3760 θὼν
599 3706 707 3777 (81)
741 3707 1013 3777 τέσσαρας
1051 3705 1177 3767 τοὺς
1210 3703 1470 3766 δυνατοὺς
1503 3702 1560 3770 ἐξ
1598 3699 1798 3756 αὐτῶν.
1833 3699 1944 3753 Καὶ
1972 3702 2040 3771 τῇ

460 3799 587 3868 ἑξῆς
605 3798 867 3870 ἐμϐάντες
882 3795 1122 3866 Ῥουϐὴμ
1138 3797 1230 3848 καὶ
1245 3794 1350 3847 Γὰδ
1369 3793 1579 3847 ἀνεῖλον
1599 3792 1814 3865 ἐτέρους
1833 3789 1893 3857 ’ἐξ

460 3891 599 3946 Τότε
626 3889 868 3945 αίτοῦσιν
895 3889 1042 3961 ἡμᾶς
1074 3887 1142 3940 τά
1178 3886 1314 3958 πρὸς
1351 3887 1594 3958 εἰρήνηνο
1634 3884 1730 3938 καὶ
1761 3882 2042 3952 γενόμενοι

463 3987 564 4057 τῆς
591 3985 787 4056 βουλῆς
807 3981 899 4036 τοῦ
925 3979 1131 4050 πατρὸς
1163 3978 1340 4050 ήμῶν,
1363 3977 1660 4048 ἐδεξάμεθα
1683 3977 1880 4038 αὐτοὺς
1907 3975 2042 4028 ὑπο-

464 4079 681 4150 φόρους.
737 4077 848 4130 Καὶ
879 4072 1020 4147 ἦσαν
1064 4070 1302 4134 διδόντες
1346 4072 1476 4142 ἡμῖν
1525 4069 1700 4141 πυροῦ
1747 4068 1941 4139 κόρους
1977 4072 2042 4128 σθ,

465 4169 646 4222 ἐλαίου
671 4166 771 4219 Βέθ
807 4165 920 4238 (83)
947 4172 1018 4234 φ’,
1044 4161 1189 4216 οἴνου
1221 4161 1396 4234 μέτρα
1421 4177 1472 4231 ,α
1498 4167 1570 4228 φ’,
1596 4158 1702 4220 έως
1729 4159 1817 4211 ὅτε
1841 4155 2042 4228 κατήλ-

466 4260 644 4331 θομεν
659 4259 740 4321 εἰς
759 4257 1052 4325 Αἴγυπτον.

537 4351 590 4404 I'.
634 4369 653 4400 ι
682 4348 837 4403 Μετά
864 4347 920 4401 δὲ
941 4345 1114 4400 ταῦτα
1138 4345 1238 4416 Ε’ίρ
1264 4345 1293 4397 6
1317 4343 1430 4406 υἱός
1466 4359 1566 4413 μου
1599 4341 1788 4410 ἄγεται
1810 4340 1908 4411 τὴν
1935 4339 2043 4393 θά-

472 4460 584 4514 μαρ
609 4444 673 4496 ἐκ
704 4437 1148 4509 Μεσοποταμίας,
1178 4436 1453 4508 θυγατέρα
1496 4435 1690 4505 Ἀράμ.
1729 4429 1837 4485 τΗν
1864 4432 1921 4531 δέ
1947 4431 2046 4502 Ε’ίρ
2080 4477 2122 4531 D

469 4534 724 4604 πονηρὸς,
764 4533 858 4585 καὶ
882 4530 1078 4600 ⁴ήπόρει
1116 4527 1243 4598 περὶ
1274 4528 1372 4597 τῆς
1403 4525 1620 4594 Θάμαρ,
1655 4525 1736 4576 ὅτι
1764 4523 1862 4575 οὐκ
1892 4517 1959 4592 ἦν
1985 4523 2049 4575 ἐκ

469 4623 576 4694 γῆς
612 4621 850 4675 Χαναὰν.
890 4619 1001 4673 Καὶ
1042 4616 1270 4686 ἄγγελος
1307 4613 1512 4686 Κυρίου
1550 4610 1756 4666 ἀνεῖλεν
1791 4610 1952 4662 αὑτὸν
1981 4611 2047 4680 τῇ

468 4712 630 4786 τρίτῃ
667 4710 850 4782 ἡμέρᾳ
891 4712 956 4781 τῇ
995 4709 1172 4772 νυκτὶ,
1202 4707 1297 4760 καὶ
1345 4705 1506 4767 αὐτὸς
1549 4704 1648 4756 οὑκ
1687 4702 1827 4770 ἐγνω
1858 4701 2047 4772 αὐτὴν,

473 4805 617 4860 κατά
650 4801 982 4874 πανουργίαν
1017 4800 1118 4871 τῆς
1156 4796 1360 4870 μητρὸς
1387 4793 1572 4849 αὑτοῦ·
1617 4793 1678 4846 οὺ
1716 4791 1827 4862 γὰρ
1857 4789 2049 4862 ήθελεν

475 4899 620 4969 ἔχειν
640 4897 807 4951 τέκνα
830 4895 924 4948 ἀπ’
946 4893 1134 4961 αὐτῆςο
1182 4888 1338 4954 καίγε
1371 4881 1525 4948 οὗτος
1557 4882 1828 4938 ἀπέθανεν
1856 4884 1915 4935 ἐν
1953 4900 2050 4936 πο-

471 4987 659 5059 νηρίᾳ.
696 4985 786 5040 Ἐν
813 4985 931 5047 ταῖς
966 4981 1201 5054 ἡμέραις
1231 4975 1327 5031 τοῦ
1357 4975 1600 5044 θαλάμου
1629 4970 2051 5044 ἐπεγάμὸρευσα

550 5139 664 5205 (74)
703 5135 928 5192 Αὐτῶν.
963 5131 1154 5187 Αὑτοῦ.
1190 5131 1268 5205 In.

577 5199 664 5277 75)
704 5207 966 5277 Βάρσαν.
1003 5203 1276 5277 Βαρσαῷ.
1314 5199 1389 5254 In.

549 5211 664 5349 (75)
704 5211 966 5275 Βάρσαν.
1003 5211 1276 5326 ﬂamma.
1315 5211 1389 5254 In.

573 5279 686 5346 75‘)
721 5275 1041 5349 Septuag."
1066 5344 1076 5349 _
1101 5291 1150 5345 ρ.
1189 5272 1397 5326 Βκλειι.

549 5337 1291 5418 (76)ΑὐᾶἰῖιιτξΟιρςἐιπιῐῃξε,Δ
1313 5353 1444 5394 tom.
1470 5357 1571 5418 vin
1603 5413 1624 5418 _
1661 5338 1958 5418 Commenta
1996 5337 2053 5391 in

477 5407 758 5478 Joannem,
805 5415 1009 5487 p._152.
1165 5411 1333 5484 Ἰούδᾳ.
1353 5413 1663 5487 παρξλήμῖν
1689 5410 1786 5487 μέν
1823 5407 2053 5487 ὀδερτε-

485 5507 574 5560 ρος
610 5489 784 5560 Αρνᾶν
807 5479 963 5539 ἐἶναι
997 5479 1240 5560 λέγεται,
1271 5479 1520 5560 παραδέ
1546 5479 1844 5560 ’Ἔὸραίοις
1881 5479 2052 5560 ¹Ὠνᾶν

480 5551 612 5614 ἐστι.
648 5557 806 5611 ,Ιιιιίιε
834 5551 1090 5610 secundus
1117 5552 1303 5623 (filius)
1337 5551 1593 5623 dpudnos
1625 5551 1834 5616 quidem
1862 5551 2049 5604 Auuan

482 5647 590 5691 esse
618 5631 830 5688 dicitur.
859 5627 998 5696 apud
1033 5621 1279 5678 Hebraea
1313 5638 1429 5696 v_ero
1457 5621 1629 5676 0mm.
1656 5626 1824 5682 Gnan.

555 5699 664 5764 (77)
709 5690 982 5755 Ἔπεσεν.
1015 5697 1296 5764 Ἐπαισεν.
1335 5690 1412 5764 In.

558 5760 669 5838 (τε)
721 5769 929 5827 Ἰακώϐ.
967 5767 1070 5820 Τὸν
1109 5761 1276 5818 Ἠσαῦ
1312 5761 1434 5816 add.
1463 5760 1537 5818 In.

2130 1887 2295 1942 filiam
2340 1902 2495 1941 suam
2542 1885 2745 1966 Bessue
2774 1887 2830 1940 in
2862 1901 3110 1939 uxorem.
3162 1883 3288 1938 Haec
3325 1884 3530 1954 peperit
3569 1886 3706 1937 mihi

2131 1978 2262 2048 Her,
2287 1990 2341 2036 et
2373 1979 2591 2043 Aunan,
2622 1987 2676 2034 et
2723 1977 2926 2045 Silom;
2964 1992 3199 2047 quorum
3246 1977 3384 2030 duos
3424 1974 3543 2029 sine
3582 1975 3707 2040 filiis

2133 2073 2330 2129 occidit
2361 2070 2656 2138 Dominus;
2695 2069 2865 2124 Silom
2902 2070 3049 2124 enim
3087 2068 3241 2133 vixit,
3267 2076 3320 2121 et
3347 2067 3441 2120 lilii
3466 2066 3584 2136 ejus
3611 2081 3709 2127 vos

2131 2164 2284 2224 estis.

2208 2253 2302 2308 ΙΧ.
2341 2273 2359 2306 ι
2389 2253 2698 2310 Octodecim
2736 2252 2894 2307 annis
2924 2249 3155 2306 fecimus
3181 2265 3394 2320 pacem,
3424 2257 3578 2319 pater
3605 2263 3707 2309 no.-

2135 2356 2249 2403 ster
2278 2357 2332 2402 et
2361 2362 2483 2412 nos,
2514 2361 2638 2402 cum
2672 2345 2840 2399 fratre
2881 2344 3001 2412 ejus
3037 2341 3204 2408 Esau,
3238 2350 3292 2395 et
3320 2341 3417 2394 ﬁlii
3455 2341 3575 2410 ejus
3604 2355 3708 2394 no-

2133 2440 2385 2503 hiscum,
2433 2446 2723 2508 postquam
2793 2425 3045 2490 venimus
3113 2449 3180 2487 ex
3236 2430 3628 2509 Mesopotamia
3678 2445 3712 2483 a

2135 2532 2344 2588 Laban.
2379 2529 2446 2585 Et
2489 2529 2730 2600 impletis
2767 2527 3070 2583 octodecim
3099 2524 3281 2588 annis,
3317 2523 3370 2577 in
3407 2522 3712 2592 quadrage-

2135 2626 2278 2680 simo
2315 2637 2460 2678 anno
2489 2622 2614 2676 vitae
2643 2635 2778 2675 mete
2797 2661 2812 2686 ,
2839 2617 3152 2688 supervenit
3180 2615 3339 2670 nobis
3367 2613 3511 2668 Esau
3541 2611 3712 2666 frater

2136 2717 2308 2788 patris
2353 2715 2481 2780 mei,
2507 2715 2561 2768 in
2604 2714 2805 2785 populo
2845 2711 2996 2783 gravi
3032 2717 3088 2766 et
3124 2707 3286 2774 forti;
3319 2719 3372 2763 et
3411 2705 3608 2762 cecidit
3654 2705 3709 2757 in

2137 2826 2266 2866 arcu
2289 2808 2545 2870 ἔποικοι
2565 2807 2708 2869 latus
2729 2815 2812 2864 est
2833 2813 3085 2860 mortuus
3101 2803 3153 2856 in
3175 2808 3414 2855 montem
3438 2798 3557 2852 Seir
3573 2795 3712 2872 (79)..

2139 2903 2256 2969 Nos
2277 2914 2458 2958 autem
2491 2898 2761 2971 persecuti
2784 2912 2978 2954 sumus
3002 2896 3145 2951 ﬁlios
3172 2893 3338 2952 Esau.
3370 2890 3501 2946 Erat
3522 2900 3710 2945 autem

2137 2997 2218 3053 eis
2263 2980 2482 3060 civitas,
2527 3003 2580 3049 et
2621 3004 2812 3046 murus
2853 2986 3088 3051 ferreus,
3132 2993 3187 3039 et
3233 2992 3404 3054 portae
3447 2996 3629 3047 aereae,
3659 2987 3716 3034 et

2139 3085 2559 3156 nonpotuimus
2585 3083 2794 3143 intrare
2823 3079 2880 3136 in
2901 3093 3046 3146 eam,
3074 3075 3387 3136 obsidentes
3420 3087 3552 3128 vero
3578 3087 3714 3128 con-

2141 3182 2408 3238 elusimus
2443 3192 2539 3234 eos
2557 3185 2652 3246 ;et
2693 3189 2818 3231 cum
2855 3188 2967 3228 non
3003 3170 3295 3240 aperirent,
3333 3175 3456 3236 post
3492 3166 3608 3220 dies
3634 3164 3717 3218 vi-

2143 3272 2299 3344 ginti,
2346 3269 2656 3326 videntibus
2699 3267 2802 3330 eis,
2844 3264 3046 3324 adduxi
3103 3264 3330 3323 scalam,
3371 3269 3425 3312 et
3465 3258 3715 3336 clypeum

2142 3379 2306 3433 super
2356 3369 2521 3434 caput
2566 3375 2779 3425 meum;
2810 3367 2865 3412 et
2901 3355 3145 3419 ascendi,
3190 3351 3466 3422 accipiens
3508 3349 3714 3420 lapides

2143 3471 2318 3530 usque
2344 3456 2412 3510 ad
2441 3453 2654 3525 pondus
2686 3452 3015 3508 talentorum
3052 3448 3254 3506 trium:
3286 3457 3338 3500 et
3365 3459 3489 3499 cum
3524 3458 3718 3497 ascen-

2142 3549 2389 3612 dissem,
2426 3545 2598 3606 occidi
2640 3553 2878 3614 quatuor
2917 3549 3165 3612 potentes
3207 3553 3274 3593 ex
3324 3536 3475 3606 ipsis.
3522 3534 3588 3589 Et
3631 3533 3718 3588 die

2144 3643 2393 3712 sequenti
2445 3639 2710 3696 intrantes
2758 3635 2946 3690 Ruben
2980 3642 3034 3688 et
3061 3632 3177 3688 Gad
3218 3630 3536 3686 occiderunt
3579 3626 3718 3680 alios

2144 3751 2260 3791 sex.
2294 3733 2449 3789 Tunc
2480 3733 2790 3802 petiverunt
2819 3745 2850 3783 a
2881 3727 3039 3782 nobis
3067 3723 3412 3781 conditiones
3451 3718 3632 3790 pacis;
3664 3727 3720 3771 et

2143 3825 2292 3882 ducti
2334 3825 2568 3880 consilio
2600 3824 2770 3894 patris
2799 3821 2970 3876 nostri
3003 3817 3308 3887 recepimus
3347 3828 3443 3868 eos
3482 3811 3715 3866 tributa-

2145 3918 2276 3972 rios.
2319 3916 2386 3970 Et
2431 3916 2698 3970 dederunt
2729 3912 2890 3967 nobis
2929 3909 3187 3964 frumenti
3225 3921 3384 3962 coros
3426 3904 3715 3965 ducentos,

2144 4021 2200 4066 et
2243 4011 2348 4066 olei
2394 4009 2498 4065 Bes
2547 4009 2913 4079 quingentos,
2965 4003 3076 4058 vini
3131 4014 3419 4055 mensuras
3468 3995 3615 4051 inille
3661 4002 3719 4046 et

2147 4104 2492 4175 quingentas,
2525 4102 2700 4155 donec
2727 4096 3111 4153 descendimus
3137 4094 3189 4147 in
3221 4089 3538 4161 Egyptuin.

2217 4304 2287 4361 Χ.
2322 4323 2341 4358 ι
2371 4303 2501 4359 Post
2530 4303 2635 4357 hoc
2661 4299 2766 4354 Her
2795 4298 2938 4353 filius
2962 4312 3117 4352 meus
3145 4294 3292 4350 duxit
3328 4304 3552 4345 uxorem
3579 4287 3721 4345 Tha-

2148 4417 2269 4457 mar
2314 4417 2382 4458 ex
2427 4396 2852 4468 Mesopotamia,
2901 4394 3067 4448 filiam
3117 4391 3304 4445 Aram.
3356 4385 3486 4448 Erat
3532 4395 3717 4445 autem

2152 4499 2260 4554 Her
2287 4498 2647 4569 perniciosus,
2675 4502 2730 4549 et
2751 4492 3016 4548 dubitavit
3063 4489 3131 4544 de
3173 4486 3432 4552 Thamar,
3457 4484 3717 4554 quoniam

2152 4609 2260 4648 non
2290 4601 2408 4646 erat
2440 4606 2507 4645 ex
2540 4600 2683 4644 terra
2711 4586 2991 4642 Chanaan.
3026 4582 3091 4637 Et
3119 4581 3344 4651 angelus
3377 4576 3594 4631 Domini
3622 4591 3720 4632 oc-

2150 4688 2280 4743 cidit
2317 4701 2441 4741 eum
2483 4684 2644 4739 tertia.
2683 4683 2771 4737 die
2801 4682 2853 4735 in
2883 4687 3062 4743 nocte,
3087 4684 3143 4731 et
3171 4676 3286 4745 ipse
3326 4688 3435 4726 non
3466 4668 3720 4741 cognovit

2148 4795 2290 4844 eam,
2336 4794 2430 4847 per
2474 4776 2731 4831 astutiam
2783 4772 2972 4828 matris
3007 4783 3152 4834 sum;
3200 4780 3307 4820 non
3362 4764 3510 4818 enim
3547 4762 3721 4816 voluit

2152 4876 2352 4930 habere
2393 4873 2534 4927 ﬁlios
2577 4886 2644 4925 ex
2687 4871 2835 4939 ipsa;
2865 4875 2920 4922 et
2952 4865 3040 4918 hic
3079 4863 3134 4917 in
3177 4857 3420 4930 nequitia
3468 4863 3718 4910 mortuus

2150 4977 2254 5024 est.
2284 4966 2344 5021 In
2367 4965 2557 5022 diebus
2590 4961 2816 5018 thalami
2845 4958 2966 5014 dedi
2991 4957 3040 5012 ei
3069 4956 3248 5011 virum
3278 4952 3510 5016 Aunan;
3539 4957 3594 5003 et
3617 4948 3719 5003 iste

2227 5126 2339 5190 (79)
2381 5124 2610 5190 Montem
2645 5118 2780 5174 Seir.
2823 5115 3052 5190 Additur
3098 5113 3150 5166 in
3201 5111 3390 5190 (ἰπνοῦ
3420 5116 3599 5190 textu,
3635 5107 3719 5159 vi-

2142 5175 2616 5251 1ἰοέἐ-εέἷὺαάέηδ
2647 5200 2801 5249 super
2829 5181 3067 5251 qumna.
3093 5184 3462 5251 mortuus-est:
3481 5175 3555 5227 In.

2215 5241 2326 5336 (ει)
2355 5241 2604 5336 "Eadm
2625 5241 2942 5336 εείξρεψνᾷ·
3111 5241 3624 5336 veneﬁcis...“

2372 5312 3120 5400 idrelﬂdw._'£il_i'l..dtvsiiov.
3153 5312 3372 5400 propter
3400 5312 3714 5400 similitudi-

2146 5382 2452 5460 nem—vocis
2475 5395 2825 5467 praecedentis
2856 5382 3288 5467 incurja_scri_ba:
3316 5385 3602 5467 omissum.
3636 5382 3711 5467 In.

2220 5451 2497 5541 ὶὲΞΓἝξΪ
2516 5467 2836 5541 Ἐξήκρντας.
2861 5477 2962 5514 πηεο
2992 5459 3156 5541 βοην,
3177 5455 3359 5541 Τνίηην
3375 5453 3611 5541 ,(Ξξδξιέἱιηέ
3637 5451 3713 5541 E9:

2225 5520 2338 5614 (8Ξ)
2379 5520 2510 5596 bis.
2537 5520 2795 5614 suspicor
2818 5520 3104 5614 legendum
3131 5525 3343 5614 {Bait-cpe;
3375 5523 3541 5614 E613?
3568 5520 3718 5614 etim

2153 5591 2524 5672 osfdi’enin'm
2559 5591 2912 5673 Ιὶηίιὶιὶοιειιηῖ2
2945 5607 3006 5652 ut
3035 5591 3194 5652 docet
3223 5593 3441 5672 Ioseph.
3479 5593 3573 5646 lib.
3607 5591 3717 5658 Λη-

2159 5667 2490 5758 ἶῖίίιιῐιξίιιά.
2520 5667 2639 5745 vui,
2663 5687 2782 5744 cap.
2809 5672 2864 5726 2.
2897 5667 2970 5724 lo.
