4076 6142
447 294 590 354 1075

1462 293 1930 352 'I'ESTAMEN'I'A
1968 293 2058 348 XII
2089 292 2706 360 PATRIABCHARUM.

3555 293 3690 350 1076

445 413 503 470 in
524 413 729 469 malitia
760 428 869 469 non
897 415 1151 486 cognovit
1173 430 1316 481 eam,
1342 415 1528 469 vivens
1558 429 1681 469 cum
1705 429 1769 469 ea
1791 426 2014 467 annum.

2119 411 2256 483 αὐτῇ
2297 411 2388 464 τὸν
2426 411 2624 466 Αὒνᾶν·
2664 411 2820 481 καίγε
2861 404 3014 475 οὗτος
3051 412 3110 463 ἐν
3155 410 3389 482 πονηρία
3425 411 3526 465 οὐκ
3553 412 3691 481 ἐγνω

447 501 516 557 Ει
541 505 762 576 quando
791 505 1032 560 minatus
1062 520 1181 559 sum
1210 505 1282 571 ei,
1313 504 1481 558 coivit
1507 503 1725 573 quidem
1749 516 1872 556 cum
1901 501 2014 566 illa,

446 608 632 649 semen
668 610 796 650 vero
823 595 1034 651 corruit
1059 595 1168 667 (85)
1200 596 1253 649 in
1280 603 1502 661 terram,
1531 595 1829 650 secundum
1863 607 2018 646 man-

444 687 634 743 datum
679 689 872 744 matris
905 704 1052 754 suas;
1083 697 1136 742 et
1164 689 1253 742 hic
1284 687 1338 741 in
1367 687 1575 741 malitia
1621 698 1870 744 mortuus
1909 699 2013 745 est.

446 779 708 836 Volebam
751 789 932 836 autem
975 790 1029 834 et
1073 781 1242 836 Silom
1289 780 1421 834 dare
1462 781 1536 847 ei,
1581 782 1678 836 sed
1720 796 1860 835 uxor
1895 798 2016 837 mea

445 872 650 929 Bessue
692 888 796 927 non
846 872 1128 943 permisit;
1160 872 1429 928 malitiosa
1458 873 1602 938 enim
1642 884 1760 928 erat
1786 875 1840 928 in
1867 873 2014 929 Tha-

445 984 586 1032 mar,
615 965 876 1037 quoniam
917 981 1024 1020 non
1066 973 1184 1020 erat
1221 980 1290 1020 ex
1316 965 1533 1021 ﬁliabus
1558 965 1842 1033 Chanaan,
1873 969 2014 1026 sicut

444 1062 584 1131 ipsa.

514 1153 608 1210 XI.
646 1172 664 1204 ι
692 1153 758 1207 Et
793 1167 894 1223 ego
920 1153 1180 1217 sciebam,
1210 1151 1357 1221 quod
1386 1151 1754 1221 perniciosum
1785 1163 1902 1207 erat
1924 1169 2016 1223 ge-

443 1264 548 1303 nus
587 1246 870 1309 Chanaan.
904 1246 998 1301 sed
1037 1246 1330 1300 consilium
1371 1246 1676 1315 juventutis
1723 1247 2018 1302 excazcavit

441 1354 538 1392 cor
586 1354 788 1392 meum.
836 1336 902 1392 Et
949 1337 1138 1391 videns
1186 1353 1306 1390 eam
1349 1338 1536 1390 vinum
1586 1336 1924 1402 fundentem,
1960 1338 2014 1392 in

441 1431 701 1487 ebrietate
752 1431 861 1484 vini
903 1431 1162 1500 deceptus
1207 1446 1352 1495 sum,
1392 1440 1446 1482 et
1488 1429 1701 1482 concidi
1751 1427 1818 1481 ad
1869 1443 2012 1481 eam.

441 1521 583 1593 Ipsa,
608 1538 693 1577 me
722 1523 965 1588 absente,
999 1523 1152 1588 abiit,
1176 1531 1231 1576 et
1252 1522 1462 1590 accepit
1492 1521 1662 1574 Silom
1696 1536 1921 1576 uxorem
1949 1535 2016 1574 cx

444 1624 586 1668 terra
628 1612 909 1668 Chanaan.
957 1613 1025 1666 At
1051 1629 1176 1668 cum
1209 1612 1586 1683 cognovisscm
1630 1611 1759 1680 quid
1793 1610 2014 1677 fecerat,

443 1707 696 1762 maledixi
726 1707 776 1760 ei
819 1705 870 1759 in
901 1705 1090 1760 dolore
1121 1707 1316 1758 animae
1358 1719 1491 1758 mea:
1520 1722 1531 1756 :
1558 1714 1611 1758 et
1644 1705 1758 1773 ipsa
1798 1711 2014 1758 mortua

441 1811 524 1856 est
550 1802 603 1854 in
632 1801 837 1855 malitia
865 1801 1097 1854 filiorum
1131 1814 1377 1852 suorum.

510 1891 626 1948 XII.
660 1911 678 1944 ι
705 1891 837 1946 Post
872 1893 972 1945 hos
1003 1901 1184 1945 autem
1225 1905 1508 1946 sermones
1543 1889 1679 1960 (87),
1707 1889 1872 1944 vidua
1901 1889 2016 1944 exi-

442 1993 617 2040 stente
665 1982 924 2046 Thamar,
979 1992 1103 2052 post
1152 1983 1292 2038 duos
1346 1998 1519 2037 annos
1574 1983 1823 2047 audiens,
1867 1981 2016 2051 quod

441 2075 680 2130 ascendo
708 2075 930 2128 tondere
954 2090 1103 2141 oves,
1131 2081 1325 2128 ornata
1351 2073 1695 2143 sponsalibus
1722 2087 2016 2127 ornamen-

443 2167 533 2230 tis,
563 2166 701 2221 sedit
720 2175 844 2220 ante
866 2167 1138 2221 civitatem
1168 2167 1233 2220 ad
1260 2176 1494 2236 portam.
1519 2163 1628 2220 Lex
1650 2164 1795 2219 enim
1819 2165 2017 2218 Amor-

441 2260 713 2314 rhazorum
741 2267 845 2326 est,
878 2268 1098 2328 nuptam
1135 2259 1424 2328 prazsidcre
1451 2259 1503 2312 in
1533 2257 1894 2313 fornicatione
1921 2271 2017 2326 per

443 2363 648 2422 sep'em
687 2352 802 2406 dies
842 2352 997 2422 juxta
1029 2360 1264 2421 portam.
1297 2347 1602 2405 Inebriatus
1634 2351 1798 2419 igitur
1819 2364 1920 2418 ego
1959 2350 2014 2402 in

444 2447 602 2516 aquis
631 2445 870 2508 Chozeb,
896 2461 1002 2500 non
1037 2445 1229 2515 agnovi
1259 2461 1378 2499 eam
1408 2461 1518 2514 pra:
1543 2445 1700 2510 vino;
1729 2453 1782 2498 et
1803 2443 2016 2512 decepit

443 2553 531 2593 mc
561 2537 908 2606 pulchritudo
940 2536 1114 2607 ipsius
1144 2551 1238 2606 per
1273 2534 1506 2590 formam
1544 2543 1791 2589 ornatus.
1825 2533 1890 2588 Et
1919 2535 2016 2588 de-

442 2624 656 2679 clinans
680 2623 746 2678 ad
770 2625 968 2693 ipsam,
995 2624 1240 2678 dicebam
1270 2642 1283 2678 :
1312 2622 1588 2694 lngredior
1611 2624 1678 2678 ad
1698 2633 1767 2676 te.
1792 2621 1858 2676 Et
1879 2623 2017 2678 dixit

443 2717 577 2772 mihi
605 2736 618 2770 :
646 2715 786 2784 Quid
820 2717 952 2769 mihi
984 2715 1176 2770 dabis?
1215 2714 1281 2768 Et
1323 2715 1446 2769 dedi
1481 2716 1531 2769 ei
1563 2716 1770 2785 virgam
1815 2730 2016 2780 meam,

442 2819 498 2864 et
525 2825 741 2874 zonam,
774 2815 829 2861 et
855 2807 1105 2862 diadema
1138 2807 1289 2878 regni
1324 2826 1336 2860 :
1365 2815 1418 2861 et
1464 2823 1590 2862 cum
1636 2807 1840 2862 coirem
1890 2823 2016 2862 cum

445 2898 559 2964 illa,
605 2897 875 2966 concepit.
930 2894 1194 2966 Ignorans
1241 2905 1424 2950 autem
1480 2895 1613 2964 quid
1673 2894 1819 2962 fecit,
1870 2895 2016 2950 volui

444 2989 697 3046 occidere
737 3003 890 3054 eam;
925 2989 1040 3058 ipsa
1081 2997 1264 3042 autem
1312 2988 1535 3044 mittens
1585 2989 1641 3044 in
1694 2989 2018 3046 abscondito

2118 503 2308 574 αὐτὴν,
2333 506 2562 573 ποιήσας
2589 507 2685 558 σὺν
2712 507 2847 575 αὐτῇ
2872 504 3134 557 ἐνιαυτόν.
3164 503 3278 557 Καὶ
3309 505 3397 556 ὅτε
3424 503 3690 575 ἠπείλησα

2117 597 2295 668 αὐτῷ,
2334 595 2562 666 συνῆλθε
2612 597 2711 666 μὲν
2751 597 2920 667 αὐτῇ.
2952 596 3226 667 διέφθειρε
3267 595 3326 649 δέ
3368 597 3431 648 τὺ
3477 596 3691 667 σπέρμα

2117 691 2209 744 ἐπὶ
2229 690 2326 762 τὴν
2346 690 2472 760 γῆν,
2501 689 2640 761 μετά
2664 691 2763 760 τὴν
2784 691 3000 761 ἐντολὴν
3025 691 3124 760 τῆς
3151 690 3353 761 μητρὸς
3375 690 3538 743 αὑτοῦ
3561 691 3687 761 (84)·

2117 784 2277 851 καίγε
2319 777 2476 845 οὗτος
2515 780 2783 836 ἀπέθανεν
2826 783 2883 835 ἐν
2934 782 3186 854 πονηρίᾳ.
3234 780 3460 836 Ἥθελον
3503 781 3561 834 δὲ
3600 781 3692 835 καὶ

2114 876 2207 930 τὸν
2232 873 2414 945 Σιλὼμ
2437 873 2619 928 δοῦναι
2651 876 2809 945 αὐτῇ,
2837 874 2951 928 ἀλλ’
2972 877 3004 946 ή
3032 877 3168 946 γυνή
3208 891 3308 946 μου
3334 874 3575 946 Βησσουέ
3595 875 3690 928 οὐκ

2116 967 2346 1035 ἀφῆκεν·
2385 967 2744 1039 ἐπονηρεύετο
2776 967 2886 1039 γάρ
2912 968 3050 1039 πρὸς
3087 967 3186 1038 τὴν
3224 967 3442 1040 Θάμαρ,
3478 967 3560 1020 ὅτι
3593 968 3690 1020 οὐκ

2115 1054 2183 1132 ἦν
2204 1062 2272 1113 ἐκ
2295 1058 2607 1132 θυγατέρων
2637 1059 2876 1124 Χαναὰν,
2903 1061 2978 1122 ὡς
3005 1061 3161 1132 αὐτή.

2188 1151 2286 1204 IA'.
2327 1172 2345 1204 ι
2388 1152 2558 1221 Κάγὼ
2593 1152 2759 1224 ᾔδειν,
2791 1153 2873 1206 ὅτι
2903 1152 3136 1223 πονηρὸν
3161 1152 3222 1204 τὸ
3250 1152 3405 1220 γένος
3434 1149 3651 1205 Χαναὰν
3671 1190 3686 1211 .

2116 1242 2254 1296 ἀλλά
2283 1243 2344 1296 τὸ
2372 1243 2670 1297 διαϐούλιον
2710 1244 2809 1314 τῆς
2847 1243 3096 1314 νεότητος
3134 1243 3244 1315 (86)
3283 1243 3556 1312 ἐτύφλωσε
3595 1242 3688 1312 τὴν

2117 1335 2341 1408 καρδίαν
2371 1353 2493 1407 μου.
2529 1337 2637 1389 Καὶ
2667 1334 2788 1388 ἰδὼν
2833 1335 2999 1406 αὐτὴν
3042 1334 3501 1404 οίνοχοοῦσαν,“ὲν
3555 1334 3688 1406 μέθῃ

2116 1428 2260 1481 οῖνου
2311 1426 2617 1499 ἡπατήθην,
2652 1427 2746 1479 καὶ
2789 1425 3059 1478 συνέπεσα
3104 1426 3240 1496 πρὸς
3287 1425 3472 1494 αὑτήν.
3519 1424 3684 1494 Αὕτη,

2117 1522 2347 1584 ἀπόντος
2377 1537 2500 1590 μου,
2527 1518 2818 1592 ἐπορεύθη,
2843 1518 2936 1571 καὶ
2957 1516 3115 1570 ἔλαϐε
3141 1516 3220 1586 τῷ
3246 1515 3428 1587 Σιλὼμ
3460 1518 3687 1584 γυναῖκα

2119 1615 2182 1666 ἐκ
2220 1613 2325 1682 γῆς
2369 1613 2606 1666 Χαναάν.
2656 1611 2822 1672 Γνοὺς
2859 1609 2917 1662 δὲ
2959 1609 2988 1662 ὃ
3023 1609 3264 1680 ἐποίησε,
3291 1607 3686 1678 κατηρασάμην

2118 1707 2253 1776 αὐτῇ
2299 1707 2355 1760 ἐν
2391 1704 2554 1777 ὀδύνῃ
2595 1703 2774 1775 ψυχῆς
2807 1719 2929 1774 μου·
2975 1701 3134 1770 καίγε
3170 1701 3306 1772 αὑτὴ
3339 1701 3603 1754 ἀπέθανεν
3632 1702 3686 1753 ἐν

2118 1795 2351 1867 πονηρία
2385 1794 2513 1847 υἱῶν
2538 1795 2721 1864 αὐτῆς.

2186 1887 2282 1940 ΙΒ’.
2325 1905 2342 1938 ι
2375 1885 2532 1940 Μετά
2573 1887 2630 1940 δὲ
2667 1887 2796 1949 τοὺς
2833 1884 3026 1954 λόγους
3071 1883 3314 1950 τούτους,
3355 1883 3690 1954 χηρευούσης

2113 1981 2212 2054 τῆς
2243 1980 2458 2051 Θάμαρ,
2502 1979 2640 2050 μετά
2679 1978 2771 2032 δύο
2808 1977 2900 2048 ἐτη
2942 1977 3239 2042 ἀκούσασα,
3281 1977 3362 2029 ὅτι
3394 1976 3690 2048 ἀνέρχομαι

2115 2077 2295 2144 κεῖραι
2340 2071 2411 2125 τά
2457 2069 2734 2142 πρόϐατα,
2789 2070 3125 2141 κοσμηθεῖσα
3175 2068 3365 2140 κόσμῳ
3404 2066 3687 2139 νυμφικῷ,

2115 2165 2368 2219 ἐκάθισεν
2402 2165 2662 2218 ἀπέναντι
2687 2166 2754 2236 τῇ
2780 2162 2932 2216 πόλει
2969 2162 3106 2234 πρὸς
3145 2160 3242 2231 τὴν
3281 2159 3473 2229 πύλην.
3509 2158 3690 2228 Νόμος

2114 2260 2224 2332 γὰρ
2261 2259 2623 2332 Ἀμορραίων,
2650 2259 2748 2330 τὴν
2786 2258 3066 2329 γαμοῦσαν
3109 2256 3433 2329 προκαθίσαι
3461 2258 3517 2308 ἐν
3554 2271 3688 2328 πορ-

2116 2353 2234 2426 νεία
2271 2353 2410 2406 ἐπτά
2451 2353 2662 2425 ἡμέρας
2703 2351 2854 2422 παρά
2883 2351 2981 2424 τὴν
3022 2350 3214 2422 πύλην.
3260 2348 3562 2411 Μεθυσθεὶς
3597 2342 3691 2401 οὖν

2117 2447 2226 2514 ἐγὼ
2265 2449 2321 2500 ἐν
2363 2445 2516 2500 ὕδασι
2557 2443 2778 2516 Χωζὴό,
2805 2446 2903 2498 οὐκ
2948 2445 3192 2511 ἐπέγνων
3233 2443 3401 2514 αὐτὴν
3444 2441 3552 2495 ἀπὸ
3593 2439 3688 2493 τοῦ

2117 2539 2280 2592 οἴνου·
2319 2539 2413 2597 καὶ
2445 2538 2693 2608 ὴπάτησέ
2722 2555 2788 2609 με
2817 2537 2878 2590 τὸ
2909 2535 3104 2599 κάλλος
3131 2536 3298 2607 αὐτῆς
3321 2534 3409 2588 διά
3434 2533 3526 2586 τοῦ
3557 2535 3688 2605 σχήο

2120 2649 2289 2703 ματος
2335 2632 2436 2701 τῆς
2479 2633 2820 2702 κοσμήσεως.
2867 2633 2978 2686 Καὶ
3027 2628 3278 2693 ἐκκλίνας
3318 2627 3454 2700 πρὸς
3491 2626 3687 2697 αὐτὴν,

2117 2720 2298 2775 εἷπον·
2341 2741 2360 2774 ι
2394 2721 2633 2775 Είσέλθω
2675 2723 2810 2794 πρὸς
2838 2723 2916 2776 σέ.
2947 2743 2966 2774 ι
3003 2723 3112 2776 Καὶ
3135 2717 3254 2773 εἶπέ
3295 2736 3402 2790 μοι·
3444 2738 3463 2770 ‹
3492 2719 3555 2770 Τί
3598 2735 3688 2788 μοι

2115 2815 2338 2882 δώσεις;
2366 2835 2390 2867 ι
2424 2815 2535 2871 Καὶ
2565 2815 2740 2868 ἔδωκα
2773 2817 2910 2887 αὐτῇ
2944 2817 3042 2887 τὴν
3086 2814 3278 2886 ῥάϐδον
3309 2830 3430 2884 μου,
3459 2812 3552 2865 καὶ
3590 2811 3688 2881 τὴν

2118 2907 2314 2978 ζώνην,
2339 2907 2433 2959 καὶ
2461 2905 2524 2957 τὸ
2556 2905 2794 2975 διάδημα
2817 2905 2916 2974 τῆς
2953 2904 3248 2974 βασιλείας·
3274 2903 3368 2956 καὶ
3391 2902 3466 2965 ὼς
3497 2901 3687 2971 συνῆλ-

2119 2997 2209 3051 θον
2237 2999 2395 3069 αὐτῇ,
2421 2997 2755 3067 συνείληφεν.
2799 2995 3031 3065 ’Λγνοῶν
3064 2996 3120 3049 δέ
3141 2996 3169 3048 ὃ
3201 2994 3472 3066 ἐποίησεν,
3501 2992 3688 3062 ηθελον

442 3083 694 3152 pignora,
747 3081 954 3152 pudore
993 3079 1216 3142 suffudit
1269 3096 1374 3137 me.
1425 3080 1644 3137 Vocans
1689 3097 1820 3138 vero
1862 3098 2014 3150 eam,

2119 3089 2288 3160 αὐτὴν
2305 3088 2529 3143 ἀνελεῖν·
2545 3088 2808 3159 πέμψασα
2823 3087 2878 3142 δέ
2896 3090 2950 3142 ἐν
2967 3088 3192 3158 κρυπτῷ
3206 3087 3329 3150 τοὺς
3345 3085 3686 3158 ἀρραϐῶνας,

443 3173 626 3229 audivi
677 3180 733 3227 et
782 3172 1043 3242 mysticos
1093 3187 1396 3240 sermones,
1423 3189 1563 3242 quos
1609 3173 1824 3229 locutus
1869 3189 2013 3242 sum,

443 3262 724 3319 dormiens
771 3277 896 3317 cum
945 3277 1031 3329 ea,
1062 3263 1118 3316 in
1164 3262 1428 3318 ebrietate
1459 3278 1608 3330 mea;
1639 3271 1826 3318 etnon
1864 3265 2016 3334 potui

443 3357 696 3413 occidere
748 3371 903 3424 cam,
943 3357 1204 3426 quoniam
1232 3373 1264 3412 a
1294 3356 1528 3412 Domino
1569 3366 1707 3411 erat.
1759 3356 2015 3412 Dicebam

442 3459 622 3505 autem
654 3469 666 3504 :
692 3447 771 3504 Ne
803 3449 942 3505 forte
970 3451 1094 3505 dolo
1120 3465 1331 3505 mecum
1358 3459 1503 3520 agat,
1523 3449 1591 3504 ab
1613 3450 1720 3504 alia
1745 3451 2020 3521 accipiens

442 3543 662 3612 pignus.
700 3541 804 3596 Sed
836 3557 1012 3611 neque
1037 3542 1466 3612 apprOpinquavi
1501 3542 1550 3596 ei
1583 3541 1816 3611 amplius
1844 3558 2018 3612 usque

443 3635 511 3689 ad
558 3643 788 3689 mortem
839 3650 1052 3699 meam,
1103 3635 1362 3704 quoniam
1409 3637 1869 3692 abominationem
1913 3636 2020 3693 feci

445 3727 587 3780 hanc
619 3726 673 3780 in
697 3725 848 3779 omni
881 3725 1066 3779 Israel.
1099 3725 1164 3779 Et
1191 3727 1284 3796 qui
1316 3737 1474 3780 erant
1505 3727 1558 3780 in
1590 3728 1828 3794 civitate,
1865 3729 2017 3783 dice-

443 3815 577 3870 bant
596 3830 702 3870 non
728 3815 926 3870 essein
961 3817 1180 3871 civitate
1207 3817 1626 3886 desponsatam;
1656 3820 1915 3887 quoniam
1951 3835 2018 3874 ex

445 3909 554 3963 alio
587 3908 707 3962 loco
738 3908 964 3964 veniens
995 3909 1064 3962 ad
1104 3909 1268 3963 breve
1314 3917 1530 3978 tempus
1561 3911 1702 3964 sedit
1737 3911 1792 3964 in
1822 3921 2014 3981 porta;

445 4009 502 4053 et
535 3998 890 4067 existimavit,
921 4000 1068 4070 quod
1104 4001 1286 4056 nullus
1313 4001 1569 4070 cognovit
1607 4016 1694 4056 me
1727 4001 2018 4058 intravisse

445 4097 512 4153 ad
545 4113 687 4153 eam.
717 4097 780 4152 Et
812 4107 933 4168 post
977 4099 1093 4154 hanc
1129 4098 1377 4153 venimus
1405 4098 1461 4152 in
1497 4098 1793 4171 Egyptum
1824 4098 1892 4152 ad
1926 4097 2019 4162 Io-

447 4189 579 4259 seph
627 4197 849 4259 propter
902 4188 1123 4244 famem.
1182 4189 1550 4260 Quadraginta
1603 4206 1698 4244 sex
1747 4204 2016 4243 annorum

445 4298 620 4348 eram,
645 4291 698 4336 et
729 4282 1069 4351 septuaginta
1095 4291 1206 4336 tres
1237 4299 1412 4337 annos
1441 4282 1551 4337 vixi
1583 4283 1710 4337 illic.

517 4373 656 4429 XIII.
686 4393 704 4426 ι
729 4373 796 4429 Ει
823 4389 968 4429 nunc
997 4389 1337 4444 quaecunque
1365 4389 1465 4445 ego
1489 4375 1646 4429 vobis
1673 4375 1894 4436 mando.
1917 4389 2016 4429 au-

2119 3180 2422 3252 κατῄσχυνέ
2466 3198 2552 3252 με.
2587 3179 2836 3243 Καλέσας
2867 3179 2923 3231 δὲ
2963 3178 3152 3248 αὐτὴν,
3181 3179 3384 3248 ηκουσα
3433 3179 3526 3230 καὶ
3566 3178 3690 3240 τοὺς

2119 3276 2176 3326 ἐν
2211 3278 2493 3345 μυστηρίῳ
2533 3273 2740 3342 λόγους,
2767 3271 2880 3336 οὓς,
2913 3271 3186 3327 καθεύδων
3216 3272 3312 3324 σὺν
3343 3271 3502 3340 αὐτῇ,
3533 3272 3588 3321 ἐν
3621 3271 3689 3340 τῇ

2123 3363 2263 3438 μέθῃ
2291 3381 2390 3435 μου
2417 3363 2670 3433 ἐλάλησα·
2712 3363 2806 3416 καὶ
2835 3363 2934 3415 οὐκ
2960 3361 3230 3434 ἠδυνήθην
3255 3361 3462 3415 ἀνελεῖν
3497 3360 3686 3431 αὐτὴν,

2118 3441 2199 3508 ὅτι
2233 3456 2383 3528 παρὰ
2414 3455 2620 3523 Κυρίου
2652 3451 2740 3528 ἦν.
2779 3456 3002 3524 Ἔλεγον
3028 3456 3157 3528 γάρ·
3195 3475 3213 3506 ‹
3243 3457 3468 3526 Μήποτε
3505 3457 3561 3508 ἐν
3598 3455 3688 3508 δο-

2118 3545 2322 3618 λιότητι
2341 3548 2584 3620 ἐποίησε,
2603 3548 2754 3620 παρὰ
2777 3548 2943 3620 ἀλλης
2962 3547 3199 3601 λαϐοῦσα
3222 3549 3312 3602 τὸν
3337 3548 3647 3619 ἀρραϐῶνα.
3664 3565 3683 3598 ι

2133 3641 2268 3694 Ἀλλ’
2292 3642 2414 3694 οὐδέ
2440 3643 2643 3712 ἦγγισα
2667 3643 2801 3713 αὐτῇ
2831 3641 2910 3694 ἔτι
2931 3641 3035 3706 ἕως
3060 3641 3291 3696 θανάτου
3318 3658 3440 3713 μου,
3463 3642 3543 3694 ὃτι
3571 3641 3689 3711 βδέ-

2117 3732 2300 3805 λυγμα
2331 3735 2562 3805 ἐποίησα
2596 3733 2754 3787 τοῦτο
2792 3737 2848 3787 ἐν
2881 3735 3043 3787 παντὶ
3080 3733 3311 3806 Ἰσραήλ.
3348 3735 3524 3804 Καίγε
3550 3737 3600 3788 οῖ
3631 3737 3689 3787 ὲν

2117 3829 2182 3897 τῇ
2232 3826 2383 3879 πόλει
2429 3826 2630 3896 ἔλεγον,
2674 3827 2748 3898 μὴ
2791 3822 2927 3879 εἶναι
2965 3829 3022 3881 ἐν
3069 3830 3135 3898 τῇ
3182 3827 3335 3879 πόλει
3376 3825 3687 3898 τελισκομέ·

2117 3934 2214 3986 νην
2253 3916 2391 3990 (88)·
2424 3919 2505 3971 ὅτι
2538 3918 2596 3984 ἐξ
2634 3917 2793 3971 ἄλλου
2834 3919 3035 3990 χωρίου
3077 3917 3308 3972 ἐλθοῦσα
3345 3918 3482 3989 πρὸς
3515 3918 3688 3990 βραχὺ

2117 4010 2367 4064 ἐκάθισεν
2410 4013 2466 4065 ἐν
2512 4015 2578 4082 τῇ
2618 4011 2780 4085 πύλη·
2820 4013 2916 4064 καὶ
2951 4011 3198 4083 ἐνόμιζεν
3236 4012 3368 4084 (89),
3397 4013 3480 4065 ὅτι
3516 4012 3691 4082 οὐδειςη

2118 4101 2278 4170 ἔγνω,
2313 4103 2396 4156 ὅτι
2423 4102 2670 4173 εἰσῆλθον
2701 4105 2781 4166 είς
2813 4104 3000 4173 αὑτήν.
3037 4105 3146 4158 Καὶ
3179 4105 3317 4176 μετά
3338 4105 3508 4158 ταῦτα
3532 4103 3685 4177 ἦλθο-

2121 4210 2219 4262 μεν
2239 4195 2318 4256 εἰς
2339 4192 2610 4262 Αἴγυπτον
2636 4193 2770 4264 πρὸς
2799 4191 2992 4266 Ἰωσὴφ
3011 4194 3099 4247 διὰ
3121 4195 3211 4249 τὸν
3231 4195 3404 4267 λιμόν·
3432 4203 3526 4268 μς¹
3552 4197 3687 4252 ἐτῶν

2117 4286 2284 4357 ἥμην,
2308 4286 2400 4337 καὶ
2430 4291 2507 4353 of
2531 4283 2700 4355 ἔζησα
2723 4287 2839 4338 ἐκεῖ
2868 4286 2982 4357 ἐτη.

2189 4373 2286 4426 II".
2327 4392 2344 4424 ι
2377 4374 2486 4426 Καὶ
2507 4373 2600 4428 νῦν
2627 4375 2726 4426 ὅσα
2751 4373 2861 4442 ἐγὼ
2884 4375 3012 4446 ὑμῖν
3035 4375 3368 4447 ἐντέλλομαι,
3395 4377 3686 4443 ἀκούσατε,

447 4467 558 4521 dite
595 4467 690 4523 ﬁlii
721 4467 850 4530 mei,
887 4464 1082 4521 Iudam
1132 4475 1339 4535 patrem
1380 4444 1642 4532 vestrum,
1666 4479 1719 4520 et
1747 4466 2016 4521 custodite

2117 4464 2281 4517 τέκνα
2333 4480 2455 4535 μου,
2493 4463 2661 4518 Ἰούδα
2702 4463 2795 4517 τοῦ
2838 4466 3038 4537 πατρὸς
3077 4465 3249 4536 ὑμῶν,
3290 4469 3384 4520 καὶ
3417 4467 3687 4535 φυλάξατε

447 4574 640 4613 omnes
669 4573 949 4613 sermones
981 4573 1157 4624 meos,
1187 4558 1255 4612 ad
1287 4557 1593 4612 faciendum
1640 4573 1831 4612 omnes
1855 4557 2018 4627 justi-

447 4651 730 4706 licationes
754 4650 993 4718 Domini,
1020 4660 1075 4705 et
1100 4650 1168 4708 ad
1199 4650 1562 4710 obedieudum
1591 4651 1866 4705 mandatis
1899 4651 2015 4706 Dei.

447 4741 516 4796 Et
556 4758 664 4797 non
706 4742 994 4798 ambuletis
1033 4751 1158 4812 post
1194 4741 1464 4796 desideria
1512 4751 1716 4808 vestra,
1754 4759 1930 4812 neque
1962 4743 2018 4797 in

447 4835 872 4907 cogitationibus
917 4835 1270 4889 consiliorum
1309 4842 1638 4898 vestrorum,
1669 4833 1723 4887 in
1763 4834 2019 4904 superbia

444 4926 630 4982 cordis
657 4924 844 4992 vestri,
873 4933 923 4979 et
947 4939 1016 4979 ne
1042 4922 1347 4994 gluriemini
1383 4921 1437 4976 in
1461 4922 1716 4992 operibus
1741 4920 2020 4976 fortitudi-

517 5101 632 5174 (84)
675 5101 756 5174 ρὺ
811 5099 922 5174 γάρ
960 5099 1199 5174 ,ἢθελεν-
1243 5099 1404 5165 ἔχειν
1464 5096 1643 5174 τέκες-α
1688 5095 2014 5174 ἀπ’ῌαὺεῆς·

517 5117 632 5174 (84)
675 5117 756 5154 υυ
811 5117 922 5170 γαρ
974 5117 1189 5168 ηυελεν
1243 5117 1404 5165 εχειν
1464 5117 1643 5150 τεκνα
1688 5117 1770 5150 απ
1807 5117 2014 5219 αυτηὲ-

447 5176 616 5241 uafre
651 5171 826 5236 οὗτος
857 5169 1154 5241 ἀπέθανεν
1175 5169 1244 5241 £7-
1269 5169 1554 5241 πονηρίᾳ,
1584 5169 1678 5241 Ἐξν
1715 5168 1960 5241 (ra/‘91))!
1994 5196 2019 5205 _

440 5235 576 5312 ραις
610 5241 712 5312 τοῦ
738 5235 1005 5312 θαλάμου
1027 5239 1472 5312 ἐπεγάμόρερσα
1493 5235 1772 5312 αὑτῇ-τὸν
1794 5235 2014 5312 Αὺνὰν·

450 5305 615 5383 italiae
643 5311 817 5383 οὗζος
842 5305 912 5363 ὲὺ
934 5305 1190 5383 πονηρίᾳ
1205 5305 1318 5383 οὐκ
1343 5307 1734 5383 ἐξγνωῗαὺτὴν,
1761 5305 2019 5383 apiriam;

450 5376 570 5440 σὺιλ
589 5380 739 5449 αὐτῇ
766 5376 1059 5434 ἐνιαυτόν.
1091 5381 1196 5433 Καὶ
1222 5379 1319 5433 ὅτε
1344 5376 1646 5449 ἠπείλησα
1667 5376 2018 5449 αὐτᾷ-συν-

447 5454 598 5522 ῆλθε
623 5445 738 5522 μὲι·
770 5450 944 5522 αὐτῇ,
979 5452 1266 5522 διέφθειρε
1299 5449 1366 5522 δὲ
1399 5448 1464 5500 τὸ
1503 5447 1739 5522 σπέρμα
1773 5447 1869 5522 ἑξτὶ
1893 5445 2018 5522 ’τὴν

449 5514 584 5592 γῆν,
623 5514 772 5574 κατὰ
815 5514 928 5590 ι’ὴὲ
959 5514 1362 5592 ἐντολὴκτῆς
1387 5517 1614 5592 μητρὸς
1642 5514 1846 5570 αὐτοῦ.
1893 5514 2015 5571 Haec

451 5588 844 5648 in‘Oxonirnsi
878 5588 1090 5645 codice
1135 5591 1276 5644 male
1328 5599 1454 5643 sunt
1509 5588 1710 5640 omissa
1747 5605 1760 5640 :
1801 5595 2016 5640 exstant

449 5679 580 5717 νυιυ
612 5663 662 5713 in
695 5676 760 5714 eo
797 5662 1076 5730 sequentia
1106 5659 1314 5726 εΚαίγε
1345 5653 1500 5730 οὗτος
1535 5657 1802 5730 ἀπέθανεν
1831 5659 1890 5710 ἐν
1921 5672 2015 5708 πο-

450 5733 631 5811 νηρίτ,
668 5746 787 5809 quae
815 5728 1335 5805 iu‘Cantabrigicusi
1367 5729 1580 5784 desunt.
1613 5728 1778 5788 Gnas.

2120 4556 2325 4619 πάντας
2349 4557 2475 4619 τοὺς
2500 4555 2686 4625 λόγους
2715 4574 2836 4627 μου,
2862 4556 2955 4609 τοῦ
2989 4561 3158 4610 ποιεῖν
3181 4558 3357 4614 πάντα
3379 4557 3447 4611 τὰ
3469 4559 3691 4612 δικαιώ-

2123 4665 2271 4718 ματα
2311 4648 2536 4718 Κυρίου,
2573 4649 2666 4702 καὶ
2707 4649 2998 4703 ὑπακούειν
3037 4649 3252 4713 ἐντολὰς
3290 4649 3445 4704 Θεοῦ.
3475 4653 3584 4704 Καὶ
3612 4653 3688 4724 μὴ

2119 4736 2414 4808 πορεύεσθε
2440 4737 2612 4792 ὀπίσω
2633 4739 2739 4792 τῶν
2763 4739 3063 4810 ἐπιθυμιῶν
3092 4740 3263 4812 ὑμῶν,
3296 4741 3430 4811 μηδὲ
3455 4742 3689 4814 ἐνθυμή-

2123 4843 2238 4880 σεσι
2261 4825 2574 4880 διαϐουλίων
2599 4827 2770 4898 ὑμῶν,
2794 4830 2850 4882 ἐν
2883 4829 3228 4901 ὑπερηφανίᾳ
3260 4831 3483 4902 καρδίας
3511 4833 3685 4902 ὑμῶν,

2120 4919 2213 4972 καὶ
2259 4917 2334 4990 μη
2377 4917 2652 4990 καυχᾶσθε
2691 4921 2748 4973 ἐν
2781 4919 2963 4990 ἔργοις
3000 4921 3178 4992 ίσχύος
3222 4922 3470 4994 νεότητος
3509 4923 3684 4994 ὑμῶν,

2186 5103 2300 5166 (85)
2331 5103 2564 5158 Corruit.
2601 5103 2656 5158 In
2683 5104 2888 5166 Graeco,
2925 5107 3178 5172 corrupit.
3217 5105 3290 5158 In.

2186 5173 2294 5245 (86)
2324 5176 2634 5245 Νεότητος.
2665 5175 2858 5244 Ψυχῆς
2885 5175 2976 5227 καὶ¹
3005 5174 3104 5243 τῆς
3127 5175 3393 5245 νεότητος.
3432 5175 3505 5229 Io.

2185 5243 2297 5312 (87)
2329 5243 2457 5297 Post
2488 5245 2579 5299 hos
2609 5243 2787 5298 autem
2817 5243 3096 5296 sermones.
3136 5243 3398 5299 Postha’c.
3425 5246 3503 5299 I1).

2186 5314 2970 5398 (g8).nd.18t.fSJtO’xOﬂéifnt'.
2993 5313 3142 5387 Πύλῃ
3158 5315 3581 5398 τελωνουμέγην.

2115 5385 2614 5456 --’Τελισκομένη,
2645 5401 2752 5439 non
2793 5395 2876 5438 est
2905 5385 3252 5456 desponsata,
3284 5395 3343 5440 ut
3384 5385 3557 5440 reddit
3598 5387 3684 5456 in-

2115 5467 2322 5526 tc-pres
2363 5455 2585 5514 Latine.
2629 5455 2721 5510 sed
2775 5464 3024 5509 scortum.
3068 5455 3243 5510 Semel
3292 5456 3483 5526 legitur
3524 5457 3576 5510 in
3617 5455 3679 5510 S.

2117 5527 2314 5581 Scrint.
2341 5528 2407 5581 de
2437 5537 2618 5581 scorto
2649 5525 2908 5580 masculo.
2940 5523 3152 5580 Denter.
3182 5542 3339 5581 xxiii.
3369 5527 3451 5581 I8.
3485 5527 3678 5581 Alex.:

2157 5539 2314 5591 crlpt.
2341 5539 2407 5581 (te
2437 5539 2618 5581 scorto
2649 5539 2908 5580 mascum.
2940 5539 3152 5580 uenter.
3182 5542 3339 5591 χλιιι,
3369 5539 3451 5584 ιδ.
3485 5539 3678 5583 Atex.:

2117 5545 2314 5594 acrlpt.
2341 5545 2407 5581 ne
2437 5545 2618 5581 scorto
2649 5545 2908 5580 tnascum.
2940 5545 3152 5580 uenter.
3182 5545 3339 5591 xuii,
3369 5545 3451 5584 ιδ.
3485 5545 3605 5581 me:

2113 5599 2213 5652 οὐκ
2241 5598 2390 5651 ἔσται
2419 5595 2952 5669 τελισκόμενος-πρδς
2985 5597 3163 5669 πᾶσαν
3188 5596 3371 5669 εὐχήν.
3405 5596 3605 5654 Ducn.

2185 5616 2213 5651 κ
2241 5614 2390 5651 εσται
2419 5614 2630 5650 τεΑισκο
2675 5614 2790 5659 ενος
2816 5614 2952 5666 προς
2985 5614 3163 5648 πασαν
3188 5614 3244 5648 ευ

2185 5670 2297 5741 (89)
2327 5667 2433 5724 Καὶ
2459 5614 2737 5738 ἐνόμιῇν.
2767 5665 3039 5737 Νομίζων.
3077 5665 3244 5723 (ius.

2131 5846 2146 5853 ‘
2175 5851 2242 5866 2.—
