4076 6142
404 256 543 314 1077

1637 251 2169 310 TESTALIENTUM
2204 251 2420 310 η’ωΕ.

3517 251 3655 305 ιοπ

400 369 484 424 ὅτι
501 367 661 439 καίγε
691 369 848 424 τοῦτο
864 367 1094 442 πονηρὸν
1117 368 1174 422 ὲν
1189 367 1483 440 ὀφθαλμοῖς
1509 367 1730 439 Κυρίου.
1765 366 1983 438 Ἐπειδὴ

2094 366 2180 422 nis
2205 367 2508 438 juventutis
2538 377 2752 436 vestrae,
2782 369 3043 440 quoniam
3065 377 3122 423 et
3145 367 3252 422 hoc
3281 374 3366 423 est
3388 367 3658 438 pernicio-

402 457 512 531 γὰρ
543 458 696 529 κάγὼ
729 458 1162 530 καυχησάμενος,
1206 459 1288 512 ὅτι
1321 458 1378 511 ὲν
1413 456 1672 528 πολέμοις
1703 459 1801 511 οὐκ
1833 457 1979 527 ἡπά-

400 551 534 622 τησέ
591 568 659 622 με
712 551 998 623 πρόσωπον
1047 551 1304 620 γυναικὸς
1350 551 1660 622 εὐμόρφου,
1709 547 1984 612 ὠνείδιζον

413 644 654 716 Ῥουϐὴμ
684 645 776 698 τὸν
808 644 1034 713 ἀδελφόν
1070 660 1170 714 μου
1198 644 1326 715 περὶ
1360 643 1568 706 Βάλλας
1594 641 1850 712 γυναικὸς
1877 657 1984 694 πα-

399 736 526 810 τρός
555 753 676 807 μου·
703 735 881 789 καὶτὸ
906 734 1122 806 πνεῦμα
1153 733 1246 788 τοῦ
1281 734 1447 806 ζήλου
1479 735 1574 788 καὶ
1604 734 1706 804 τῆς
1734 733 1986 805 πορνείας

401 827 745 901 παρετάξατο
785 830 842 881 ὲν
877 828 1018 898 ἐμοὶ,
1046 827 1151 890 ἓως
1180 826 1455 880 συνέπεσα
1494 828 1574 890 είς
1607 825 1854 896 Βησσουὲ
1886 825 1986 898 τὴν

401 919 732 983 Χαναναίαν,
778 918 872 972 καὶ
923 919 1003 980 είς
1049 916 1248 987 Θάμαρ
1297 917 1396 988 τὴν
1433 915 1832 987 νυμφευθεῖσαν
1873 917 1988 978 τοῖς

402 1013 536 1074 υἱοῖς
584 1028 703 1082 μου,
753 1009 864 1062 Kal
910 1008 1094 1077 ἔλεγον
1140 1007 1218 1078 τῷ
1254 1007 1500 1079 πενθερῷ
1543 1023 1666 1078 μουο
1697 1026 1715 1058 ι
1745 1005 1991 1077 Συμϐου-

401 1100 576 1154 λεύσω
600 1099 676 1171 τῷ
708 1099 876 1169 πατρί
914 1115 1038 1170 μου,
1077 1097 1173 1151 xal
1209 1096 1383 1161 οὕτως
1421 1097 1662 1169 λήψομαι
1694 1096 1790 1168 τὴν
1824 1096 1990 1167 θυγα-

400 1192 535 1263 τέρα
570 1209 683 1247 σου.
711 1211 730 1244 ι
763 1192 873 1244 Kal
905 1188 1077 1257 έδειξέ
1109 1207 1198 1261 μοι
1224 1191 1312 1244 ἐπ’
1329 1191 1553 1262 ὀνόματι
1585 1189 1686 1260 τῆς
1720 1189 1988 1262 θυγατρὸς

404 1282 567 1338 αὑτοῦ
601 1283 804 1355 χρυσοῦ
832 1282 1036 1354 πλῆθος
1070 1282 1315 1354 ἄπειρον·
1340 1277 1408 1354 ἦν
1441 1281 1550 1354 γὰρ
1578 1281 1847 1352 βασιλεύς.
1878 1281 1990 1335 Καὶ

401 1375 570 1448 αὐτὴν
596 1377 879 1446 κοσμήσας
903 1377 958 1428 έν
980 1376 1185 1446 χρυσίῳ
1207 1375 1300 1428 καὶ
1327 1374 1713 1446 μαργαρίταις,
1737 1372 1988 1444 εποίησεν

398 1472 533 1540 ἡμῖν
557 1471 814 1540 οἰνοχοεῖν
837 1470 894 1521 ὲν
914 1468 992 1538 τῷ
1012 1469 1232 1540 δείπνῳ,
1259 1470 1316 1521 ὲν
1343 1467 1530 1521 κάλλει
1553 1466 1848 1534 γυναικῶν.
1877 1467 1989 1519 Kal

398 1563 428 1614 ὁ
461 1556 602 1625 οἶνος
650 1561 934 1632 διέστρεψέ
984 1579 1075 1632 μοι
1123 1562 1254 1625 τοὺς
1299 1561 1632 1632 ὀφθαλμοὺς,
1669 1562 1764 1615 καὶ
1807 1560 1990 1632 iurati-

403 1669 544 1732 ρωσε
569 1651 668 1724 τὴν
697 1653 923 1725 καρδίαν
961 1669 1064 1724 μου
1100 1653 1132 1722 ὴ
1173 1652 1350 1724 ἡδονή.
1391 1652 1502 1706 Kal
1529 1651 1781 1721 ἐρασθεὶς
1815 1651 1988 1722 αὐτῆς

399 1727 692 1811 συνέπεσα,
733 1746 827 1799 καὶ
858 1744 1111 1816 παρέϐην
1153 1743 1371 1814 ἐντολὴν
1396 1742 1626 1815 Κυρίου,
1653 1743 1747 1797 καὶ
1771 1741 1990 1813 ἐντολὴν.
2021 1727 2062 1787 Β

397 1836 654 1910 πατέρων
695 1854 817 1908 μου,
857 1839 952 1890 καὶ
1000 1835 1190 1894 ἔλαϐον
1238 1834 1409 1906 αὐτὴν
1447 1836 1526 1899 είς
1572 1837 1823 1903 γυναῖκα.
1879 1835 1989 1887 Kal

396 1924 752 1982 ἀνταπέδωκέ
782 1941 872 1996 μοι
897 1923 1102 1995 Κύριος
1136 1924 1277 1979 κατὰ
1301 1924 1364 1979 τὸ
1396 1923 1702 1978 διαϐούλιον
1727 1923 1830 1994 τῆς
1854 1939 1990 1994 καρ-

396 2012 518 2078 δίας
547 2031 671 2085 μου,
693 2015 774 2067 ὃτι
799 2013 898 2068 οὐκ
920 2014 1226 2087 εὐφράνθην
1250 2015 1308 2068 ὲν
1327 2017 1439 2078 τοῖς
1460 2014 1669 2076 τέκνοις
1689 2013 1878 2084 αὐτῆς.

470 2106 565 2158 ΙΔ’.
605 2125 622 2156 ι
657 2105 769 2158 Καὶ
805 2104 922 2172 νῦν,
965 2106 1132 2160 τέκνα
1175 2125 1298 2177 μου,
1331 2105 1405 2178 μὴ
1450 2105 1787 2176 μεθύσκεσθε
1833 2104 1984 2175 οῖνῳ’

397 2199 481 2251 ὅτι
509 2193 650 2261 οἶνος
680 2197 995 2268 διαστρέφει
1015 2199 1105 2251 τὸν
1136 2198 1259 2251 νοῦν
1290 2197 1400 2252 ἀπὸ
1453 2198 1552 2267 τῆς
1591 2196 1869 2268 ἀληθείας,
1895 2195 1989 2249 καὶ

398 2286 657 2358 ἐμϐάλλει
685 2287 860 2359 ὀργὴν
906 2288 1016 2359 (90)
1044 2287 1360 2360 ἐπιθυμίας,
1405 2288 1500 2344 καὶ
1540 2289 1728 2359 ὁδηγεῖ
1750 2289 1830 2352 είς
1855 2287 1990 2340 πλά-

397 2367 497 2449 νην
529 2377 655 2442 τοὺς
700 2377 1032 2450 ὀφθαλμούς.
1067 2378 1139 2431 Τὸ
1170 2377 1278 2450 γὰρ
1320 2377 1538 2449 πνεῦμα
1584 2378 1680 2448 τῆς
1732 2376 1988 2448 πορνείας

397 2469 490 2523 τὸν
537 2463 677 2524 οἶνον
705 2509 719 2533 ,
769 2469 844 2533 ὡς
900 2469 1145 2528 διάκονον
1191 2470 1330 2542 πρὸς
1365 2469 1464 2535 τὰς
1503 2468 1696 2540 ἡδονὰς
1742 2469 1854 2539 ἔχει
1891 2467 1986 2521 τοῦ

398 2560 548 2625 νοός’
578 2562 660 2616 ὅτι
702 2561 859 2632 καίγε
889 2561 958 2616 τὰ
994 2562 1086 2616 δύο
1118 2561 1294 2616 ταῦτα
1324 2562 1600 2632 ἀφιστῶσι
1630 2562 1728 2633 τὴν
1759 2561 1987 2631 δύναμιν

397 2652 493 2707 τοῦ
530 2653 839 2726 ἀνθρώπου.
887 2655 1012 2710 Ἐὰν
1041 2655 1150 2728 γάρ
1169 2673 1253 2718 τις
1284 2654 1386 2728 πίῃ
1416 2649 1558 2708 οἶνον
1590 2654 1670 2718 είς
1701 2653 1902 2725 μέθην,
1928 2654 1986 2704 ἐν

397 2745 768 2817 διαλογισμοῖς
824 2749 1090 2820 ῥυπαροῖς
1147 2746 1511 2818 συνταράσσει
1563 2745 1654 2798 τὸν
1719 2743 1843 2800 νοῦν
1897 2745 1979 2808 εἰς

402 2837 678 2906 πορνείαν,
707 2838 800 2890 καὶ
832 2837 1179 2910 ὲκθερμαίνει
1205 2838 1266 2889 τὸ
1295 2839 1462 2908 σῶμα,
1481 2839 1560 2902 είς
1591 2837 1737 2909 μίξιν
1757 2855 1771 2868 ·
1817 2838 1911 2892 καὶ
1937 2839 1986 2891 εἰ

402 2925 636 2996 πάρεστι
657 2927 717 2980 τὸ
737 2927 836 2997 τῆς
864 2927 1158 2999 ἐπιθυμίας
1188 2925 1385 2992 αἴτιον,
1417 2929 1652 2999 πράσσει
1686 2929 1788 2999 τὴν
1815 2927 1988 2998 ἀμαρ-

399 3017 521 3071 τίαν
552 3018 683 3090 (91),
715 3021 808 3073 καὶ
835 3021 934 3073 οὐκ
961 3021 1289 3091 αἰσχύνεται,
1310 3019 1562 3083 Τοιοῦτός
1589 3020 1735 3072 ἐστιν
1760 3019 1788 3070 ὁ
1812 3015 1983 3082 οἶνος,

2087 475 2206 514 sum
2246 461 2298 514 in
2331 460 2508 516 oculis
2543 460 2782 516 Domini.
2825 459 2962 527 Quia
3004 461 3152 516 enim
3180 467 3235 516 et
3265 475 3367 530 ego
3393 458 3655 529 gloriatus

2087 569 2232 620 sum,
2256 554 2402 623 quod
2431 553 2484 608 in
2523 554 2678 610 bellis
2717 569 2824 608 non
2865 554 3082 624 decepit.
3101 569 3188 609 me
3217 553 3384 609 facies
3409 551 3655 606 mulieris

2091 643 2370 709 formose,
2406 646 2608 715 probro
2655 644 2808 700 aﬂ‘eci
2853 644 3044 700 Ruben
3088 645 3310 699 fratrem
3359 659 3538 699 meum
3588 643 3682 698 de.

2096 736 2243 792 Balla
2285 752 2456 792 uxore
2494 737 2662 806 patris
2693 737 2800 791 mei
2829 756 2841 792 :
2868 746 2922 792 et
2947 737 3169 806 spiritus
3197 738 3294 791 zeli
3331 746 3384 792 et
3421 736 3656 791 fornica-

2091 830 2257 884 tionis
2289 828 2534 884 constitit
2560 829 2614 882 in
2643 844 2750 895 me,
2781 828 2956 882 donec
2993 828 3156 881 incidi
3197 828 3247 880 in
3275 825 3475 882 Bessne
3507 825 3683 880 Cha-.

2089 937 2358 988 nameam,
2389 929 2442 976 et
2472 921 2525 976 in
2555 920 2794 975 Thamar
2823 929 3044 989 nuptam
3077 919 3202 973 filiis
3232 919 3388 973 meis.
3421 917 3487 972 Et
3511 917 3659 971 diee-

2090 1015 2214 1069 bam
2263 1030 2454 1069 socero
2509 1011 3051 1068 meozpersuadeho
3094 1010 3234 1080 patri
3283 1025 3434 1074 meo,
3481 1019 3546 1064 et,
3580 1009 3661 1064 ita

2093 1105 2356 1175 accipiam
2391 1104 2557 1158 tiliam
2585 1112 2756 1159 tuam.
2790 1102 2856 1158 Et
2884 1103 3122 1157 ostendit
3143 1101 3274 1158 mihi
3295 1102 3512 1155 nomine
3537 1099 3662 1155 ﬁlias

2089 1214 2204 1254 sua:
2234 1197 2353 1252 auri
2383 1197 2781 1252 multitudinem
2816 1197 3112 1263 infinitam;
3143 1203 3260 1250 erat
3282 1197 3424 1249 enim
3450 1207 3566 1247 rex.
3596 1191 3670 1245 Et

2090 1306 2216 1348 cum
2261 1298 2515 1346 ornasset
2551 1307 2670 1347 eam
2717 1306 2851 1346 auro
2891 1299 2945 1346 et
2983 1290 3313 1359 margaritis,
3340 1287 3466 1344 fecit
3505 1287 3662 1341 nobis

2091 1384 2278 1438 vinum
2315 1383 2516 1440 effundi
2542 1385 2596 1438 in
2626 1399 2804 1448 omna,
2835 1383 2888 1437 in
2917 1383 3320 1453 pulchritudine
3347 1380 3659 1436 mulierum.

2091 1473 2159 1529 Et
2195 1476 2380 1530 vinum
2412 1476 2674 1545 pervertit
2713 1475 2903 1530 oculos
2937 1489 3110 1538 meos,
3135 1482 3188 1528 et
3222 1472 3537 1528 obscuravit
3567 1484 3665 1524 cor

2091 1582 2272 1621 meum
2332 1567 2605 1636 voluptas.
2671 1565 2738 1620 Et
2785 1565 3105 1620 desiderans
3155 1579 3276 1618 eam
3328 1562 3566 1628 concidi,
3610 1571 3666 1617 et

2093 1669 2470 1731 transgressus
2500 1676 2621 1714 sum
2654 1659 2970 1713 mandatum
3014 1657 3230 1713 Domini
3257 1666 3310 1711 et
3346 1655 3691 1710 mandatum,

2091 1763 2306 1823 patrum
2341 1767 2610 1817 meorum,
2636 1762 2688 1806 et
2733 1750 2919 1820 accepi
2958 1765 3078 1804 eam
3109 1749 3161 1802 in
3204 1764 3454 1803 uxorem.
3490 1747 3555 1803 Et
3579 1764 3699 1805 se-..

2090 1845 2329 1900 cundum
2367 1845 2658 1900 consilium
2695 1842 2879 1899 cordis
2905 1843 3012 1896 mei
3037 1842 3290 1898 retribuit
3321 1833 3453 1894 mihi
3480 1839 3665 1903 Domi:

2091 1952 2220 2003 nus,
2247 1939 2505 2006 quoniam
2540 1951 2649 1996 non
2686 1936 2901 1992 lattatus
2928 1950 3049 1996 sum
3073 1934 3128 1988 in
3157 1933 3284 1991 filiis
3311 1934 3450 2004 ejus.

2160 2094 2301 2150 XIV.
2343 2113 2361 2146 ι
2395 2093 2461 2147 Et
2485 2109 2652 2156 nunc,
2701 2092 2795 2147 lilii
2845 2091 2976 2158 mei,
3010 2107 3080 2148 ne
3109 2088 3452 2146 inebriemini
3497 2087 3686 2154 vino;

2090 2187 2350 2258 quoniam
2383 2187 2570 2240 vinum
2627 2187 2828 2242 avertit
2884 2185 3220 2240 intellectum
3251 2199 3282 2238 a
3313 2185 3562 2250 veritate,
3611 2191 3682 2240 et:

2090 2279 2336 2336 immittit
2361 2280 2498 2334 iram
2529 2279 2807 2344 desiderii,
2833 2287 2886 2332 et
2917 2277 3069 2332 ducit
3096 2277 3148 2331 in
3175 2292 3418 2332 errorem
3447 2277 3679 2336 oculos.

2093 2372 2330 2442 Spiritus
2357 2371 2502 2426 enim
2532 2369 2910 2426 fornicationis
2936 2369 3125 2423 vinum
3173 2377 3235 2423 ut
3260 2368 3571 2422 ministrum
3594 2365 3682 2424 ad.

2064 2466 2397 2538 'voluptates
2431 2465 2595 2521 habet
2623 2466 2862 2533 mentis;
2897 2464 3158 2535 quoniam
3190 2471 3245 2518 et
3280 2463 3388 2518 duo
3421 2462 3537 2516 bare
3564 2477 3665 2517 au-

2090 2557 2273 2615 ferunt
2305 2557 2604 2628 potentiam
2640 2557 2899 2611 hominis.
2956 2555 3012 2610 Si
3050 2556 3195 2609 enim
3226 2553 3426 2623 aliquis
3468 2552 3666 2608 biberit

2088 2651 2279 2707 vinum
2305 2651 2358 2704 in
2383 2650 2728 2717 ebrietatem,
2765 2648 3188 2718 cogitationibus
3238 2646 3480 2702 sordidis
3529 2661 3665 2700 con-

2089 2744 2275 2800 turbat
2298 2744 2628 2800 intellectum
2659 2744 2712 2798 in
2743 2742 3182 2805 fornicationem,
3197 2749 3251 2793 et
3273 2737 3521 2793 accendit
3541 2751 3664 2790 cor-

2087 2853 2191 2908 pus
2215 2838 2287 2893 ad
2313 2838 2622 2893 mistionem
2647 2855 2661 2902 ;
2699 2844 2754 2892 et
2789 2835 2834 2890 si
2863 2836 3018 2889 adest
3038 2832 3290 2886 desiderii
3323 2844 3513 2894 causa,
3535 2843 3665 2897 ope-

2063 2940 2243 2989 .ratur
2269 2938 2577 3000 peccatum,
2601 2936 2656 2984 et
2673 2942 2787 2982 non
2817 2924 3152 2981 suffunditur
3173 2923 3399 2992 pudore.
3432 2919 3562 2974 Tale
3581 2927 3666 2974 est

2089 3023 2301 3089 vinum,
2342 3021 2440 3076 ﬁlii
2489 3020 2618 3088 mei,
2657 3019 2917 3090 quoniam
2961 3015 3148 3071 ebrius
3198 3013 3335 3068 nihil
3365 3010 3662 3068 erubescit.

398 3109 564 3164 τέκνα
616 3129 740 3182 μου,
787 3112 870 3164 ὅτι
905 3113 932 3162 ὁ
965 3111 1181 3182 μεθύων
1228 3112 1380 3164 οὐδὲν
1424 3111 1675 3164 αἰδεῖται.
1716 3110 1846 3162 Ἰδοὺ
1879 3109 1987 3178 γὰρ

2090 3113 2231 3170 Ecce
2260 3115 2409 3169 enim
2447 3122 2503 3168 et
2529 3128 2616 3168 me
2644 3127 2830 3167 errare
2870 3109 3017 3176 fecit,
3049 3118 3242 3163 utnon
3282 3107 3664 3160 erubescerem

402 3202 547 3273 κάμὲ
589 3202 889 3272 ἐπλάνησε,
914 3202 988 3272 μὴ
1017 3201 1372 3272 αἰσχυνθῆναι
1396 3200 1597 3270 πλῆθος
1627 3201 1684 3252 ἐν
1705 3202 1770 3269 τῇ
1803 3198 1982 3251 πόλει·

397 3290 482 3348 ὅτι
513 3294 569 3346 ὲν
593 3293 895 3363 ὀφθαλμοῖς
927 3293 1143 3347 πάντων
1181 3293 1430 3359 ἐξέκλινα
1467 3291 1605 3361 πρὸς
1638 3291 1735 3360 τὴν
1767 3290 1984 3362 Θάμαρ,

399 3385 494 3438 καὶ
533 3385 766 3452 ἐποίησα
799 3386 1074 3456 ἁμαρτίαν
1119 3386 1382 3456 μεγάλην,
1416 3385 1512 3437 καὶ
1540 3383 1854 3452 ἁνεκὰλυψα
1883 3383 1987 3436 κά-

397 3474 590 3547 λυμμα
617 3476 956 3548 ἀκαθαρσίας
998 3477 1128 3530 υἱῶν
1169 3495 1286 3547 μου.
1315 3476 1461 3530 Πιὼν
1482 3472 1642 3542 οἶνον,
1667 3477 1767 3530 ούκ
1788 3476 1988 3546 ἠσχύν-

401 3567 501 3638 θην
533 3568 630 3640 τὴν
660 3567 876 3640 ἐντολὴν
896 3569 990 3622 τοῦ
1022 3569 1177 3632 Θεοῦ,
1203 3571 1298 3632 καὶ
1324 3569 1514 3623 ἕλαϐον
1543 3572 1779 3638 γυναῖκα
1807 3570 1990 3623 Χανα-

400 3659 580 3714 ναίαν,
599 3660 876 3726 Συνέσεως
905 3661 1012 3732 γὰρ
1041 3660 1229 3734 χρῄζει
1259 3664 1287 3716 ὁ
1319 3660 1458 3715 πιὼν
1485 3659 1646 3723 οἶνον,
1677 3661 1982 3732 τέκνανμου·

399 3751 497 3804 καὶ
525 3750 664 3820 αὕτη
691 3753 839 3805 ἐστὶν
863 3754 896 3824 ἠ
924 3753 1138 3816 σύνεσις
1159 3755 1259 3824 τῆς
1279 3753 1612 3817 οίνοποσίας,
1635 3753 1722 3806 ἵνα
1737 3753 1842 3818 ἕως
1862 3753 1987 3810 ὅτου

401 3841 516 3913 εχει
546 3842 708 3907 αἰδὼ,
731 3844 829 3916 πίῃ
848 3861 861 3874 ο
896 3844 989 3900 ἐὰν
1016 3844 1072 3897 δὲ
1097 3844 1343 3918 παρέλθῃ
1371 3846 1462 3899 τὸν
1497 3846 1624 3917 ὅρον
1645 3843 1856 3911 τοῦτον,
1889 3847 1990 3916 ὲμ-

405 3935 592 3989 ϐάλλει
616 3937 696 4000 εἰς
725 3936 817 3990 τὸν
841 3936 967 3997 νοῦν
996 3937 1058 3990 τὸ
1089 3936 1304 4007 πνεῦμα
1338 3937 1439 4008 τῆς
1467 3937 1696 4009 πλάνης,
1723 3939 1819 3992 καὶ
1845 3941 1990 3991 ποιεῖ

404 4027 497 4082 τὸν
532 4027 764 4099 μέθυσον
793 4031 1322 4102 αίσχρορῤημονεῖν,
1349 4031 1444 4084 καὶ
1493 4034 1860 4103 παρανομεῖν,
1893 4034 1989 4086 καὶ

410 4119 484 4191 μὴ
520 4119 892 4192 αἰσχύνεσθαι,
930 4121 1044 4174 ἀλλ’
1076 4122 1448 4194 ὲγκαυχᾶσθαι
1475 4125 1543 4195 τῇ
1586 4123 1799 4195 ἀτιμίᾳ,
1836 4124 1988 4194 νομί-

405 4209 565 4274 ζοντα
594 4208 734 4265 εῐναι
765 4211 946 4266 καλὸν.

478 4303 577 4356 IE'.
618 4322 636 4356 ι
689 4304 748 4356 '0
787 4303 1098 4372 πορνεύων,
1146 4306 1241 4358 καὶ
1279 4305 1654 4377 γυμνούμενος
1691 4305 1790 4376 τῆς
1829 4304 1986 4376 βασιε

2089 3205 2161 3262 ob
2183 3205 2587 3260 multitudinem
2615 3204 2668 3258 in
2693 3203 2944 3268 civitate;
2975 3199 3233 3270 quoniam
3262 3199 3314 3252 in
3339 3197 3514 3251 oculis
3545 3211 3664 3250 om-

2089 3293 2246 3348 nium
2290 3293 2558 3350 declinavi
2610 3294 2678 3347 ad
2710 3291 2969 3356 Thamar,
3005 3301 3058 3346 et
3089 3290 3189 3344 feci
3234 3296 3516 3358 peccatum
3543 3303 3662 3342 ma—

2089 3399 2279 3454 gnum,
2328 3391 2384 3438 et
2434 3381 2669 3437 revelari
2717 3381 2962 3435 velamen
3013 3376 3371 3432 inmunditia:
3423 3375 3662 3429 lilinrum

2089 3490 2360 3530 meorum.
2392 3474 2532 3530 Cum
2568 3474 2813 3529 biberem
2859 3472 3072 3535 vinum,
3119 3485 3228 3522 non
3268 3467 3664 3523 verecundatus

2089 3582 2212 3623 sum
2240 3567 2556 3622 mandatum
2589 3565 2708 3632 Dei,
2737 3573 2792 3618 ct
2811 3563 2993 3634 accepi
3023 3576 3251 3616 uxorem
3273 3560 3658 3617 Chananaeam.

2088 3659 2320 3730 Propter
2349 3659 2496 3729 quod
2528 3657 2808 3714 intellectu
2845 3671 2985 3725 opus
3039 3653 3221 3719 habet,
3270 3653 3364 3724 qui
3413 3651 3549 3706 bibit
3582 3652 3660 3706 vi-

2089 3768 2244 3818 num,
2272 3752 2367 3806 filii
2400 3750 2536 3816 mei;
2572 3758 2626 3804 et
2655 3750 2703 3803 is
2724 3757 2808 3803 est
2841 3747 3149 3802 intellectus
3184 3745 3294 3799 vini
3330 3743 3659 3816 potationis,

2090 3854 2150 3900 ut
2189 3844 2429 3914 quandiu
2464 3845 2629 3897 habet
2669 3839 3128 3902 erubescentiam,
3184 3839 3372 3901 bibat;
3429 3837 3474 3893 si
3533 3853 3661 3892 vero

2091 3945 2331 3993 transeat
2356 3936 2647 3992 terminum
2667 3934 2832 4000 hunc,
2851 3933 3090 3987 immittit
3112 3931 3164 3985 in
3189 3931 3515 3987 intellectum
3548 3931 3664 4000 spi-

2089 4034 2256 4090 ritum
2289 4031 2512 4096 erroris,
2545 4029 2640 4102 qui
2675 4029 2806 4084 facit
2835 4028 3047 4083 ebrium
3072 4026 3251 4096 turpia
3280 4025 3454 4096 loqui,
3479 4033 3532 4079 et
3557 4025 3663 4078 ini-

2089 4139 2199 4194 qua
2259 4138 2440 4194 agere,
2492 4131 2546 4177 et
2588 4138 2695 4176 non
2726 4118 3226 4185 verecundari,sed
3263 4127 3320 4174 et
3348 4108 3568 4191 gloriari
3605 4115 3661 4170 in

2090 4217 2412 4287 ignominia,
2449 4215 2854 4270 existimantem
2876 4227 2998 4268 esse
3029 4213 3252 4266 bonum.

2160 4305 2279 4362 XV.
2307 4327 2324 4359 ι
2355 4304 2460 4372 Qui
2498 4305 2816 4371 fornicatur,
2855 4312 2910 4359 et
2955 4303 3192 4358 nudatus
3232 4317 3419 4371 regno,
3451 4299 3660 4370 egredi-

405 4391 556 4455 λείας
589 4392 721 4468 (92),
747 4391 1028 4464 ἐξέρχεται
1047 4394 1177 4465 (95),
1207 4394 1495 4458 δουλωθεὶς
1522 4398 1588 4467 τῇ
1621 4396 1870 4469 πορνείᾳ,
1910 4397 1986 4461 ὡς

2089 4410 2200 4466 tur,
2239 4414 2432 4454 servus
2461 4396 2685 4456 effectus
2707 4394 3083 4466 fornicationi,
3116 4394 3332 4449 sicutet
3357 4405 3456 4461 ego
3487 4390 3660 4444 nuda-

406 4481 562 4550 κάγὼ
593 4483 921 4555 γυμνωθείς.
950 4485 1167 4540 Ἕδωκα
1199 4487 1308 4558 γὰρ
1326 4488 1424 4558 τὴν
1460 4487 1653 4559 ῥάϐδον
1681 4505 1805 4560 μου,
1827 4505 1986 4542 τουτ-

402 4573 542 4642 έστι,
571 4575 633 4627 τὸ
663 4577 940 4648 στήριγμα
981 4577 1078 4648 τῆς
1123 4578 1258 4649 ἐμῆς
1302 4569 1498 4649 φῖδλῆς·
1534 4581 1625 4633 καὶ
1663 4581 1764 4653 τὴν
1811 4579 1988 4653 ζώνην

406 4683 542 4740 μου,
584 4667 854 4733 τουτέστι,
892 4668 1145 4740 δύναμιν
1181 4669 1274 4723 xal
1312 4671 1381 4723 τὸ.
1423 4671 1680 4744 διάδημα,
1713 4673 1980 4740 τουτέστι,

404 4760 504 4832 τὴν
535 4760 820 4831 δόξαν.τῆς
851 4760 1129 4832 βασιλείας
1155 4779 1276 4832 μου.
1306 4764 1480 4833 Καίγε
1521 4766 1861 4838 μετανοήσας
1891 4767 1987 4821 ἐπὶ

406 4849 640 4914 τούτοις,
659 4846 798 4904 οἶνον
816 4849 909 4906 καὶ
928 4850 1096 4923 κρέας
1108 4851 1206 4902 οὐκ
1222 4849 1408 4904 ἔλαϐον
1423 4851 1526 4915 ἕως
1549 4853 1748 4924 γῆρας,
1767 4854 1862 4906 καὶ
1877 4854 1982 4906 πᾶ-

409 4959 514 4996 σαν
541 4941 878 5013 εὐφροσύνην
913 4943 1013 4996 οὐκ
1042 4937 1201 4998 εἶδον.
1234 4944 1343 4996 Kal
1370 4943 1539 5010 ἔδειξε
1577 4962 1666 5014 μοι
1698 4947 1726 4998 ὁ
1751 4944 1981 5015 ἄγγελος

404 5033 500 5087 τοῦ
517 5033 674 5098 Θεοῦ,
704 5033 784 5087 ὅτι
800 5033 904 5098 ’έως
918 5031 1011 5086 τοῦ
1037 5032 1252 5100 αἰῶνος,
1268 5033 1368 5088 κᾶν
1385 5034 1612 5104 βασιλεῖ,
1637 5035 1738 5090 κᾶν
1759 5037 1980 5110 πτωχῷ,

408 5125 464 5178 αἱ
499 5127 754 5193 γυναῖκες
795 5125 1314 5196 κατακυριεύσουσι,
1347 5128 1441 5179 καὶ
1468 5127 1563 5180 τοῦ
1597 5128 1696 5199 μὲν
1717 5129 1982 5200 βασιλέως

408 5215 603 5287 ἀροῦσι
625 5217 724 5288 τὴν
755 5216 934 5283 δόξαν,
966 5216 1060 5280 τοῦ
1089 5217 1146 5269 δὲ
1193 5218 1438 5290 ἀνδρείου
1476 5219 1573 5290 τὴν
1602 5221 1825 5292 δύναμιν
1845 5265 1860 5288 ,
1888 5225 1983 5284 καὶ

405 5309 500 5364 τοῦ
539 5308 756 5381 πτωχοῦ
804 5309 867 5362 τὸ
907 5308 1009 5380 τῆς
1057 5311 1332 5381 πτωχείας
1372 5312 1654 5384 ἐλάχιστον
1686 5318 1978 5390 στήριγμα.

409 5467 596 5594 agiagi
647 5465 870 5536 Ὀρτήν.
892 5465 1156 5537 Suspicor
1177 5466 1463 5538 legendum
1487 5471 1686 5542 ὁρμήν,
1705 5470 1977 5540 impetum.

483 5609 594 5682 (9i)
646 5608 990 5682 Ἀλιαρτίαν,
1012 5609 1352 5682 Ἐπιθυμίαν.
1379 5611 1451 5666 In.

483 5679 594 5749 (9⁵3)
631 5679 741 5743 Καὶ
769 5680 1179 5751 γυμνούμενος
1208 5679 1333 5750 ’τῆς
1356 5682 1692 5750 βασιλείας.
1745 5685 1975 5757 Ζημιού-

2091 4502 2178 4546 tus
2213 4506 2358 4546 sum.
2392 4489 2524 4544 Dedi
2553 4488 2698 4544 enim
2729 4488 2899 4557 (aliis)
2940 4487 3149 4556 virgam
3180 4499 3380 4547 meam,
3415 4483 3519 4536 hoc
3552 4491 3656 4546 est,

2091 4584 2492 4638 ﬁrmamentum
2511 4596 2643 4634 mea:
2671 4580 2846 4637 tribus
2865 4597 2880 4645 ;
2898 4589 2952 4632 et
2974 4592 3165 4632 zonam
3195 4590 3397 4640 meam,
3432 4575 3534 4628 hoc
3553 4584 3654 4639 est,

2089 4673 2423 4744 potentiam;
2452 4682 2505 4727 et
2535 4672 2807 4739 diadema,
2847 4673 2950 4725 hoc
2981 4679 3062 4724 est
3094 4668 3319 4739 gloriam
3350 4667 3500 4737 regni
3526 4667 3654 4720 mei.

2091 4766 2156 4820 Et
2188 4766 2456 4835 pmnitens
2476 4765 2544 4819 de
2571 4765 2676 4832 his,
2711 4765 2898 4818 vinum
2929 4772 2982 4816 et
3005 4777 3200 4819 carnes
3228 4776 3338 4814 non
3385 4759 3656 4829 assumpsi

2088 4873 2262 4928 usque
2291 4858 2359 4911 ad
2385 4865 2746 4922 senectutem,
2793 4863 2848 4909 et
2877 4868 3096 4908 omnem
3149 4851 3387 4906 laetitiam
3427 4851 3652 4905 nescivi.

2090 4949 2158 5007 Et
2187 4949 2427 5006 ostendit
2458 4948 2590 5003 mihi
2617 4946 2842 5018 angelus
2869 4944 2984 5008 Dei.
3017 4944 3162 5015 quod
3187 4957 3359 5014 usque
3401 4942 3455 4997 in
3482 4956 3655 4997 sacu-

2085 5047 2227 5110 lum,
2259 5053 2312 5099 et
2336 5043 2540 5114 regi,et
2555 5039 2798 5111 pauperi,
2836 5038 3094 5092 mulieres
3119 5036 3572 5102 dominabuntur;
3601 5044 3655 5088 et

2088 5137 2236 5207 regis
2258 5135 2479 5206 quidem
2505 5132 2696 5186 tollent
2721 5127 2948 5202 gloriam
2975 5136 3028 5180 et
3052 5127 3226 5180 virilis
3250 5126 3567 5196 potentiam,
3599 5134 3652 5179 et

2092 5228 2347 5302 pauperis
2375 5223 2709 5298 paupertatis
2739 5221 3026 5277 minimum
3064 5219 3483 5274 ﬁrmamentum.

2088 5495 2246 5550 μενος
2269 5479 2366 5550 οὐκ
2392 5474 2722 5550 αίσθᾴνεται,
2750 5473 2843 5526 καὶ
2866 5469 3049 5550 ᾇδοξον
3069 5471 3168 5522 οὐκ
3184 5466 3516 5550 αἰσχύνεται.
3533 5463 3668 5520 Κᾶν.

2083 5537 2191 5620 γάρ
2220 5537 2303 5612 τις
2339 5546 2650 5620 βασιλεύσῃ,
2692 5537 2966 5620 πορνεύων
2995 5539 3380 5613 γυμνούμενος.
3410 5537 3486 5594 In.

2157 5615 2266 5690 (9'5)
2320 5615 2666 5686 Ἑξέρχετάι.
2699 5617 2826 5668 Οὺκ.
2865 5615 2942 5669 In.
