4076 6142
446 237 474 293 1
483 237 586 293 079

1478 229 1943 290 'I'ES'I‘AMENTA
1981 230 2076 286 xu
2111 215 2722 297 ιιΑτιιιΑιιοιιΑιιωι.

3570 241 3701 295 1θὲΑέ

517 353 661 410 XVI.
692 372 713 405 ο
749 353 1033 410 Custodite
1055 368 1206 425 ergo,
1251 352 1347 408 ﬁlii
1391 353 1530 419 mei,
1563 352 1855 406 terminum
1887 351 2020 404 vini.

2205 353 2322 419 ις’.
2389 374 2409 405 α
2447 351 2788 408 Φυλάσσεσθε
2817 347 2929 415 οῦν,
2959 327 3139 407 ’τέκνα
3171 370 3295 424 μου,
3324 351 3420 407 τὸν
3445 354 3568 427 ὅρον
3612 355 3706 408 τοῦ

449 444 595 500 Sunt
619 445 766 499 enim
811 446 866 499 in
888 460 954 499 eo
989 454 1226 515 quatuor
1270 443 1498 514 spiritus
1545 443 1865 512 perniciosi;
1890 457 2022 496 con-

448 538 820 608 cupiscentiaz,
849 536 1317 602 inﬂammationis,
1351 536 1606 600 luxuriae,
1632 545 1686 590 et
1715 534 1891 604 turpis
1933 534 2022 587 lu-

448 631 550 684 cri.
599 629 655 682 Si
704 629 903 684 bibatis
946 629 1135 683 vinum
1192 628 1246 682 in
1289 628 1496 693 laetitia,
1542 643 1667 681 cum
1708 629 1902 681 timore
1929 624 2019 679 Dei

445 723 852 788 erubescentes,
902 721 1116 776 vivetis.
1149 719 1206 774 Si
1252 722 1396 775 enim
1447 719 1647 773 bibatis
1686 734 1795 773 non
1830 718 2027 772 erube-

449 823 686 880 scentes,
713 823 768 868 et
791 813 1007 868 recedat
1041 810 1133 866 Dei
1161 811 1345 874 timor,
1365 811 1481 880 jam
1510 810 1740 864 eﬂicitur
1763 810 2023 873 ebrietas,

448 915 501 961 et
549 906 822 960 subintrat
867 904 1274 959 inverecundia.
1329 903 1387 958 Si
1435 917 1565 956 vero
1597 917 1774 972 neque
1799 903 2027 957 omnino

449 997 646 1053 bibetis
688 999 825 1068 (95),
855 1007 915 1052 ut
961 1013 1067 1052 non
1099 997 1332 1066 peccetis
1360 997 1415 1050 in
1445 996 1628 1052 verbis
1655 996 2024 1062 contumeliae,

449 1101 506 1146 et
533 1106 746 1162 pugnae,
783 1099 837 1146 et
860 1090 1169 1156 calumniae,
1215 1099 1269 1145 et
1311 1089 1770 1159 transgressionis
1799 1089 2030 1143 manda-

451 1193 632 1237 torum
672 1181 789 1247 Dei,
817 1191 872 1237 et
902 1183 1136 1252 pereatis
1185 1191 1312 1236 ante
1351 1190 1570 1251 tempus
1598 1190 1866 1236 vestrum.
1892 1177 2028 1234 Nam

453 1275 710 1346 mysteria
746 1274 838 1329 Dei
864 1283 916 1329 et
945 1275 1225 1328 hominum
1255 1275 1449 1328 alienis
1477 1274 1676 1328 revelat
1706 1273 1893 1328 vinum
1943 1272 2026 1342 (ut

449 1376 506 1424 ct
535 1383 636 1436 ego
664 1367 918 1422 mandata
941 1367 1035 1422 Dei
1061 1375 1116 1422 et
1137 1368 1392 1438 mysteria
1417 1366 1586 1421 Iacob
1614 1368 1783 1436 patris
1807 1364 1912 1420 mei
1940 1378 2028 1420 re-

452 1459 625 1514 velavi
649 1457 990 1513 Chananitidi
1029 1458 1250 1530 Bessue)
1284 1459 1485 1530 quibus
1507 1459 1678 1514 vetuit
1708 1457 1850 1513 Deus
1877 1473 2030 1513 reve-

452 1546 584 1601 lare.
643 1546 748 1603 Sed
778 1557 832 1602 et
861 1549 985 1602 belli
1036 1555 1090 1601 et
1118 1548 1554 1604 conturbationis
1602 1563 1768 1603 causa
1797 1546 2034 1602 efﬁcitur

451 1654 662 1692 VIIIIIm.

2127 441 2296 498 οἴνου.
2329 444 2488 496 Ἔστι
2514 445 2625 516 γάρ
2654 446 2710 497 ἐν
2735 444 2884 514 αὐτῷ
2905 445 3145 517 τέσσαρα
3171 443 3454 515 πνεύματα
3507 442 3712 512 πονηρᾶ

2126 535 2445 606 ἐπιθυμίας,
2470 536 2786 606 πυρώσεως,
2819 538 3076 601 ἀσωτίας,
3094 537 3556 608 αίσχροκερδείας.
3587 538 3710 590 Ἐὰν

2132 628 2323 699 πίνητε
2354 624 2494 680 οἶνον
2539 628 2597 680 ἐν
2623 627 2948 700 εὐφροσύνῃ,
2986 627 3121 697 μετὰ
3151 627 3314 696 φόϐου
3356 627 3490 679 Θεοῦ
3531 625 3708 680 αἰδού-

2135 737 2308 790 μενοι,
2343 719 2593 792 ζήσεσθε.
2632 719 2757 772 Ἐὰν
2801 719 2911 790 γὰρ
2936 719 3123 788 πίνητε
3159 719 3231 790 μὴ
3263 719 3587 790 αἰδούμενοι,
3619 719 3711 772 καὶ

2138 813 2348 885 ἀποστῇ
2365 816 2392 867 6
2406 812 2501 866 τοῦ
2519 812 2653 865 Θεοῦ
2668 811 2850 881 φόϐος,
2869 812 3053 864 λοιπὸν
3068 813 3275 880 γίνεται
3295 811 3453 883 μέθη,
3471 811 3565 864 καὶ
3582 829 3712 883 παρ-

2131 903 2246 957 εισέ
2259 904 2878 976 ρχεταιήάναισχυντία.
2913 905 2973 956 Ei
3001 904 3057 957 δὲ
3083 903 3216 975 μηδὲ
3240 903 3376 967 ὅλως
3403 904 3562 975 πίητε
3578 904 3707 974 (94),

2133 998 2224 1051 ἵνα
2251 999 2326 1069 μὴ
2358 998 2640 1070 ἁμάρτητε
2684 999 2740 1050 ἐν
2771 996 2953 1065 λόγοις
2982 995 3212 1068 ῦϐρεως,
3250 997 3342 1050 καὶ
3375 996 3574 1067 μάχης,
3619 999 3712 1052 καὶ

2109 1091 2523 1160 συκοφαντίας,
2575 1089 2670 1143 καὶ
2716 1089 3081 1166 παραϐάσεως
3132 1088 3357 1144 ἐντολῶν
3406 1088 3564 1152 Θεοῦ,
3620 1091 3712 1143 καὶ

2135 1183 2421 1239 ἀπολεῖσθε
2441 1184 2542 1236 οὐκ
2572 1184 2630 1235 ἐν
2657 1181 2833 1252 καιρῷ
2857 1183 2886 1234 ὐ
2895 1180 3031 1252 μῶν.
3056 1181 3230 1249 Καίγε
3270 1183 3543 1252 μυστήρια
3577 1181 3712 1235 Θεοῦ

2133 1277 2228 1330 καὶ
2275 1274 2574 1346 ἀνθρώπων
2623 1274 2924 1345 ἀλλοτρίοις
2970 1272 3342 1326 ἀποκαλύπτει
3386 1273 3415 1325 6
3441 1269 3582 1336 οἶνος
3618 1273 3711 1343 (ὡς

2132 1366 2290 1437 κάγὼ
2316 1367 2534 1431 ἐντολὰς
2560 1366 2695 1420 Θεοῦ
2725 1349 2819 1420 κα),
2843 1367 3117 1436 μυστήρια
3163 1363 3357 1417 Ἰακὼϐ
3385 1363 3481 1418 τοῦ
3510 1365 3711 1436 πατρός

2138 1475 2238 1531 μου
2273 1457 2598 1528 άπεκάλυψα
2636 1461 2702 1530 τῇ
2735 1457 3044 1511 Χανανίτιδι
3087 1456 3348 1528 Βησσουέ)
3387 1451 3467 1520 οἷς
3497 1452 3644 1510 εἶπεν
3680 1459 3711 1508 ό

2113 1547 2267 1612 ’Θεὸς
2307 1548 2383 1621 μὴ
2431 1548 2800 1618 ἀποκαλύψαι.
2833 1549 2942 1606 Kal
2989 1547 3046 1601 δὲ
3077 1547 3316 1618 πολέμου
3345 1547 3440 1604 καὶ
3467 1547 3712 1625 ταραχῆς

2135 1638 2305 1705 αίτιος
2330 1640 2537 1710 γίνεται
2559 1640 2587 1692 6
2619 1635 2780 1704 οἶνος.

525 1726 688 1782 XVII.
724 1745 745 1779 ι
784 1726 984 1782 Mando
1016 1729 1179 1800 igitur
1209 1729 1399 1793 vobis,
1433 1728 1530 1782 ﬁlii
1565 1729 1693 1795 mei,
1721 1736 1780 1781 ut
1811 1742 1921 1781 non
1948 1727 2030 1781 di-

2204 1734 2300 1786 lZ’.
2337 1750 2358 1784 t
2413 1731 2762 1804 Ἐντέλλομαι
2793 1726 2885 1786 οὖν
2920 1732 3078 1803 ὑμῖν,
3120 1731 3288 1786 τέκνα
3318 1749 3441 1804 μου,
3484 1732 3559 1804 μὴ
3581 1732 3714 1801 ἁγα-

453 1820 638 1890 Iigatis
664 1829 974 1889 argentum,
1001 1836 1180 1889 neque
1211 1821 1520 1889 inspiciatis
1563 1820 1617 1874 in
1668 1819 2030 1889 pulchritudi-

455 1925 580 1964 nem
614 1910 904 1964 mulierum
927 1927 942 1976 ;
969 1910 1102 1980 quia
1131 1918 1184 1964 et
1210 1918 1430 1980 pr0pter
1447 1919 1730 1980 argentum
1753 1919 1806 1964 et
1829 1909 2032 1965 formo-

455 2003 672 2057 sitatem
697 2001 875 2056 erravi
923 2002 978 2055 in
1029 1999 1234 2056 Bessue
1266 2000 1662 2056 Chananzeam.
1695 1999 1832 2055 Novi
1859 2002 2029 2067 enim,

456 2093 602 2164 quod
628 2101 848 2164 propter
877 2092 988 2147 duo
1011 2093 1125 2148 hac
1147 2093 1251 2148 erit
1274 2108 1442 2164 genus
1467 2107 1648 2146 meum
1669 2092 1722 2146 in
1753 2093 2030 2162 nequitia;

457 2185 719 2255 quoniam
751 2193 806 2240 et
835 2185 1106 2254 sapientes
1128 2184 1271 2238 viros
1295 2183 1531 2238 ﬁliorum
1559 2198 1806 2238 meorum
1830 2185 2036 2239 aliena-

455 2277 624 2344 bunt,
668 2286 724 2333 et
769 2292 996 2348 regnum
1027 2275 1180 2331 Judae
1218 2278 1487 2343 minuent,
1519 2278 1665 2348 quod
1719 2278 1867 2333 dedit
1897 2278 2034 2332 mihi

457 2369 725 2426 Dominus
749 2369 802 2424 in
834 2370 1140 2426 obedientia
1166 2369 1356 2439 patris.
1390 2367 1681 2440 Nunquam
1725 2371 1872 2424 enim
1900 2386 2034 2425 con-

458 2463 671 2519 tristavi
705 2463 931 2518 verbum
982 2462 1154 2533 patris
1185 2463 1290 2518 mei
1337 2460 1529 2529 Iacob,
1561 2463 1817 2532 quoniam
1852 2463 2037 2517 omnia

459 2572 582 2627 qua:
615 2555 775 2623 dixit,
805 2555 1094 2610 Iaciebam.
1120 2553 1189 2608 Et
1210 2554 1486 2609 Abraham
1525 2563 1680 2624 pater
1721 2554 1893 2624 patris
1929 2555 2035 2608 mei

460 2649 744 2704 benedixit
770 2648 926 2713 mihi,
958 2655 1017 2701 ut
1045 2662 1329 2718 regnarem
1361 2646 1416 2700 in
1455 2644 1660 2712 Israel;
1689 2655 1744 2700 et
1768 2643 1921 2701 Isaac
1946 2647 2040 2700 be-

461 2739 674 2795 nedixit
699 2739 834 2794 mihi
865 2739 1030 2793 simili
1059 2737 1246 2792 modo.
1280 2735 1342 2791 Et
1375 2751 1477 2809 ego
1510 2736 1658 2804 novi,
1688 2736 1835 2807 quad
1857 2753 1925 2792 ex
1955 2753 2040 2793 me

463 2833 634 2888 stabit
667 2849 917 2902 regnum.

539 2921 722 2978 XVIII.
745 2942 762 2974 ι
788 2922 854 2976 Et
881 2922 984 2993 legi
1015 2922 1066 2977 in
1102 2923 1255 2978 libris
1280 2922 1466 2978 Enoch
1489 2923 1646 2994 justi,
1671 2930 1877 2995 quanta
1898 2925 2041 2978 mala

432 3000 438 3012 ’
463 3018 682 3075 facietis
708 3018 762 3072 in
794 3017 1059 3073 extremis
1089 3017 1301 3073 diebus.
1331 3016 1532 3073 Cavete
1561 3018 1744 3089 igitur,
1792 3018 1886 3073 ﬁlii
1911 3017 2041 3082 mei,

467 3128 500 3167 a
547 3111 912 3167 fornicatione
964 3119 1018 3166 et
1051 3111 1312 3178 avaritia;
1364 3110 1546 3166 audite
1587 3110 1783 3166 Iudam
1835 3121 2046 3181 patrem

467 3214 735 3271 vestrum,
752 3203 1012 3273 quoniam
1045 3204 1148 3258 ista
1172 3211 1427 3273 separant
1453 3219 1484 3258 a
1512 3205 1627 3276 lege
1648 3203 1768 3270 Dei,
1800 3215 1854 3258 et
1877 3218 2052 3258 excat-

469 3305 599 3352 cant
627 3298 916 3354 consilium
941 3298 1157 3361 animae,
1183 3307 1238 3351 et
1273 3297 1584 3367 superbiam
1617 3298 1836 3364 docent,
1863 3305 1918 3352 et
1942 3313 2052 3351 non

469 3390 755 3462 patiuntur
773 3391 1048 3446 hominem
1073 3390 1508 3445 misericordiam
1527 3391 1786 3446 exhibere
1800 3389 2054 3465 proximo

474 3495 600 3544 suo,
621 3481 1086 3550 privantanimam
1107 3479 1281 3550 ipsius
1312 3481 1461 3534 omni
1495 3481 1840 3545 bonitate,‘et
1871 3479 2052 3535 conti-

473 3585 604 3630 nent
649 3575 828 3645 ipsum
862 3575 918 3628 in
961 3574 1240 3629 laboribus
1282 3582 1335 3629 et
1361 3573 1644 3628 doloribus
1667 3616 1682 3641 ,
1715 3583 1770 3629 et
1799 3582 2058 3628 amovent

475 3680 736 3721 somnum
753 3665 822 3719 ab
836 3679 925 3732 eo,
945 3674 1281 3720 consumunt
1297 3680 1491 3719 carnes
1507 3665 1700 3736 ipsius,
1717 3673 1771 3720 et
1787 3665 2054 3721 sacriﬁcia

479 3755 577 3810 Dei
606 3755 936 3826 impediunt,
977 3765 1031 3810 et
1063 3755 1472 3811 hencdictiones
1497 3772 1608 3810 non
1639 3764 1965 3822 memorant,
2003 3764 2058 3811 et

479 3847 762 3919 prophetae
808 3847 1052 3918 loquenti
1097 3862 1208 3902 non
1250 3848 1536 3911 obediunt,
1565 3857 1616 3903 et
1642 3848 1809 3904 verbo
1838 3849 2057 3918 pietatis

481 3939 854 3995 offenduntur.
915 3938 1141 3994 Duabus
1177 3940 1322 3994 enim
1366 3939 1718 4013 passionibus
1763 3941 2058 3996 contrariis

482 4032 756 4089 mandatis
778 4031 870 4088 Dei
897 4033 1164 4099 serviens,
1197 4031 1307 4087 Deo
1323 4032 1550 4087 obedire
1570 4047 1679 4088 non
1704 4042 2058 4104 potest,quo-

483 4125 631 4179 niam
659 4132 1072 4179 excaecaverunt
1093 4123 1333 4177 animam
1357 4122 1503 4193 ejus,
1533 4131 1589 4178 et
1621 4122 1674 4178 in
1699 4123 1812 4190 die,
1840 4123 1983 4179 sicut
2004 4123 2058 4180 in

484 4226 644 4274 nocte
660 4217 924 4273 ambulat.

558 4311 699 4367 XIX.
731 4331 750 4364 ι
787 4310 910 4366 Filii
944 4311 1072 4378 mei,
1109 4310 1338 4367 avaritia
1392 4310 1461 4369 ad
1513 4309 1659 4366 idola
1705 4309 1875 4375 ducit,
1923 4325 2062 4380 quo-

2133 1821 2242 1893 πᾷν
2285 1819 2566 1892 ἀργύριον,
2600 1821 2734 1892 μηδέ
2765 1819 3058 1892 ἐμϐλέπειν
3082 1822 3162 1884 είς
3205 1821 3399 1885 κάλλος
3420 1820 3710 1890 γυναικῶν

2133 1914 2214 1967 ὅτι
2256 1915 2415 1984 καίγε
2443 1915 2510 1968 δι’
2532 1914 2814 1987 ἀργύριον,
2847 1915 2942 1968 καὶ
2977 1913 3044 1967 δί’
3064 1914 3368 1985 εὐμορφίαν
3409 1913 3716 1988 ἐπλανήθην

2132 2007 2213 2071 είς
2237 2007 2480 2078 Βησσουέ
2501 2009 2600 2080 τὴν
2626 2008 2958 2062 Χαναναίαν.
2983 2008 3105 2061 Ὀτι
3132 2003 3250 2062 οῖδα
3278 2006 3412 2078 ἐγὼ,
3439 2009 3521 2062 ὅτι
3543 2009 3631 2062 διὰ
3650 2009 3718 2063 τὰ

2133 2100 2226 2153 δύο
2256 2100 2429 2154 ταῦτα
2459 2100 2611 2155 ἔσται
2636 2103 2698 2154 τὸ
2720 2101 2874 2175 γένος
2911 2118 3013 2172 μου
3054 2103 3112 2156 ἐν
3143 2102 3407 2176 πονηρία·
3445 2103 3528 2156 ὅτι
3560 2103 3717 2172 καίγε

2140 2194 2338 2262 σοφοὺς
2368 2193 2569 2266 ἄνδρας
2589 2193 2698 2251 τῶν
2731 2193 2865 2248 υἱῶν
2907 2210 3008 2266 μου
3037 2192 3411 2260 ἀλλοιὼσουσι,
3439 2197 3532 2248 καὶ
3565 2194 3718 2265 ﬁam.-

2135 2285 2287 2340 λείαν
2322 2286 2493 2343 Ἰούδα
2525 2285 2922 2358 σμικρυνθῆναι
2953 2289 3294 2359 ποιήσουσιν,
3323 2288 3394 2359 ἢν.
3429 2286 3596 2340 ἔδωκέ
3631 2304 3719 2358 μοι

2137 2375 2343 2448 Κύριος
2391 2373 2450 2430 ἐν
2499 2376 2713 2448 ὑπακοῇ
2763 2376 2987 2448 πατρός.
3033 2375 3300 2430 Οὐδέποτε
3337 2375 3446 2446 γὰρ
3475 2373 3723 2446 ἐλύπησα

2137 2467 2295 2536 λόγον
2347 2465 2544 2524 Ἰακὼϐ
2581 2467 2678 2520 τοῦ
2713 2469 2918 2541 πατρός
2965 2468 3074 2541 (96)
3123 2486 3223 2541 μου
3240 2509 3262 2536 ,ς
3284 2469 3366 2522 ὅτι
3389 2467 3588 2533 πάντα,
3621 2468 3724 2531 ὅσα

2139 2552 2311 2621 εἶπεν,
2337 2556 2570 2610 ἐποίουν.
2603 2559 2714 2612 Kal
2747 2557 2998 2629 Ἀϐραὰμ
3022 2559 3050 2611 6
3069 2560 3255 2631 πατὴρ
3273 2558 3366 2612 τοῦ
3389 2560 3594 2633 πατρός
3621 2577 3724 2631 μου

2139 2647 2401 2720 εὐλόγησέ
2433 2666 2520 2720 με,
2562 2648 2866 2720 βασιλεύειν
2900 2653 2958 2704 ἐν
2999 2650 3244 2723 Ἰσραήλ·
3277 2653 3381 2708 καὶ,
3415 2653 3600 2706 Ἰσαὰκ
3629 2653 3722 2705 εὐ-

2140 2741 2346 2812 λόγησέ
2389 2757 2454 2812 με
2482 2740 2703 2812 ὁμοίως.
2729 2743 2841 2797 Καὶ
2867 2741 2977 2812 ἐγὼ
3006 2738 3148 2808 οἶδα,
3181 2743 3261 2796 ὅτι
3284 2743 3344 2811 ἐξ
3365 2743 3498 2816 ἐμοῦ
3529 2745 3727 2815 στήσε-

2140 2849 2230 2886 ται
2250 2833 2311 2885 τὸ
2338 2832 2624 2903 βασίλειον.

2214 2922 2321 2976 IH'.
2353 2941 2371 2973 ι
2403 2922 2578 2991 Καίγε
2604 2923 2776 2992 ἔγνων
2806 2926 2863 2977 ἐν
2896 2924 3124 2996 βιϐλίοις
3163 2925 3334 2997 Ἑνὼχ
3375 2925 3470 2981 τοῦ
3493 2925 3728 2992 δικαίου,

2147 3015 2248 3069 δσα
2279 3015 2422 3074 κακὰ
2456 3016 2710 3086 ποιήσετε
2740 3018 2797 3069 ἐν
2834 3018 3093 3089 ἐσχάταις
3118 3019 3376 3091 ἡμέραις.
3417 3018 3729 3086 Φυλάξασθε

2151 3103 2263 3172 οὖν,
2293 3107 2458 3161 τέκνα
2486 3125 2608 3179 μου,
2649 3108 2758 3162 ἀπὸ
2784 3110 2883 3181 τῆς
2914 3111 3171 3182 πορνείας
3199 3112 3293 3163 καὶ
3329 3111 3431 3181 τῆς
3459 3111 3730 3180 φιλαργυ-

2155 3200 2306 3272 ρίαςο
2353 3201 2620 3254 ἀκούσατε
2660 3200 2830 3256 Ἰούδα
2872 3200 2968 3259 τοῦ
2996 3201 3200 3274 πατρὸς
3227 3200 3401 3272 ὑμῶν,
3433 3201 3518 3261 ὅτι
3555 3200 3732 3253 ταῦτα

2153 3275 2358 3362 ἀφιστᾷ
2392 3291 2556 3362 νόμου
2583 3290 2738 3357 Θεοῦ,
2770 3293 2865 3344 καὶ
2886 3290 3076 3360 τυφλοῖ
3094 3293 3155 3349 τὸ
3176 3290 3476 3346 διαϐούλιον
3499 3290 3602 3360 τῆς
3631 3289 3732 3359 ψυ-

2153 3383 2277 3454 χῆς,
2322 3383 2416 3437 καὶ
2463 3383 2840 3454 ὑπερηφανίαν
2868 3383 3194 3449 ἐκδιδάσκει,
3239 3383 3458 3437 καὶούκ
3508 3383 3736 3453 ἀφίησιν

2155 3475 2324 3548 ἄνδρα
2356 3476 2578 3546 ἐλεῆσαι
2609 3475 2704 3529 τοῦ
2727 3476 2952 3546 πλησίον
2990 3474 3175 3539 αὐτοῦ,
3209 3475 3484 3548 στερίσκει
3510 3473 3606 3546 τήν
3629 3475 3733 3544 ψυ-

2156 3569 2256 3641 χὴν
2285 3569 2447 3623 αὐτοῦ
2472 3568 2578 3622 ἀπὸ
2611 3567 2790 3639 πάσης
2819 3567 3195 3637 ἀγαθωσύνης,
3219 3569 3312 3620 καὶ
3333 3568 3546 3637 συνέχει
3573 3567 3738 3628 αὐτὸν

2157 3664 2216 3715 ἐν
2253 3661 2473 3732 μόχθοις
2498 3662 2591 3713 καὶ
2616 3661 2816 3725 πόνοις,
2851 3661 2944 3714 καὶ
2975 3661 3186 3730 ἀφιστᾷ
3229 3659 3394 3713 ὕπνον
3420 3658 3611 3721 αὐτοῦ,
3638 3676 3739 3712 κα·-

2158 3754 2440 3824 ταδαπανᾷ
2470 3751 2678 3824 σάρκας
2710 3751 2896 3816 αὐτοῦ,
2925 3750 3020 3804 καὶ
3049 3749 3238 3811 θυσίας
3269 3747 3406 3802 Θεοῦ
3436 3745 3736 3817 ἐμποδίζει,

2162 3847 2257 3899 καὶ
2285 3843 2532 3913 εὐλογίας
2544 3843 2605 3898 οὐ
2631 3843 2902 3915 μέμνηται
2931 3841 3062 3918 (97),
3085 3840 3178 3893 κα).
3204 3839 3460 3914 προφήτῃ
3488 3837 3741 3891 λαλοῦντι

2167 3937 2272 4010 οὐχ
2295 3935 2581 4000 ὑπακούει,
2616 3935 2708 3988 καὶ
2742 3933 2883 4011 λόγῳ
2911 3932 3185 3995 εὐσεϐείας
3209 3931 3578 4003 προσοχθίζει.
3610 3931 3743 3984 Δυσὶ

2161 4031 2270 4104 γὰρ
2316 4031 2545 4084 πάθεσιν
2579 4028 2839 4092 ἐναντίοις
2864 4025 2972 4079 τῶν
3013 4025 3240 4084 ἐντολῶν
3293 4024 3387 4078 τοῦ
3436 4024 3570 4078 Θεοῦ
3623 4024 3744 4077 δου-

2168 4121 2360 4188 λεύων,
2387 4120 2507 4193 Θεῷ
2538 4119 2831 4175 ὑπακούειν
2857 4120 2917 4173 οὐ
2939 4119 3176 4180 δύναται,
3202 4118 3284 4170 ὅτι
3303 4115 3620 4185 ἐτύφλωσαν
3644 4115 3746 4186 τὴν

2171 4216 2350 4288 ψυχὴν
2376 4214 2561 4279 αὐτοῦ,
2591 4215 2682 4272 καὶ
2717 4214 2774 4267 ἐν
2800 4212 3002 4282 ἡμέρᾳ,
3031 4210 3108 4274 ὼς
3139 4211 3196 4262 ἐν
3227 4209 3404 4272 νυκτὶ,
3431 4205 3740 4280 πορεύεται.

2233 4309 2332 4362 ΙΘ¹.
2358 4327 2376 4359 ι
2406 4305 2582 4362 Τέκνα
2608 4323 2729 4376 μου,
2747 4306 2780 4375 ἠ
2801 4302 3132 4374 φιλαργυρία
3158 4300 3296 4374 πρὸς
3321 4299 3514 4354 εἴδωλα
3539 4299 3746 4370 ὁδηγεῖ,

487 4405 631 4460 niam
657 4402 712 4456 in
733 4417 919 4457 errore
945 4417 1040 4472 per
1061 4415 1368 4474 argentum,
1392 4417 1487 4458 eos
1503 4404 1594 4473 qui
1627 4417 1736 4456 non
1754 4411 1901 4468 sunt,
1927 4402 2043 4456 deo:

2165 4401 2246 4453 ὅτι
2283 4399 2341 4451 ἐν
2373 4416 2411 4451 π
2446 4399 2548 4471 άνῃ
2574 4397 2642 4450 δι’
2663 4394 2922 4468 ἀργυρίου
2952 4394 3077 4457 τοὺς
3105 4392 3179 4464 μὴ
3203 4392 3361 4454 ὄντας
3379 4391 3534 4454 θεοὺς
3549 4390 3750 4461 ὀνομά-

487 4490 808 4557 nominant;
841 4500 896 4546 et
915 4490 1045 4546 lacit
1072 4491 1362 4547 habentem
1397 4508 1517 4548 eam
1565 4493 1619 4550 in
1649 4493 1892 4548 exstasin
1927 4492 2062 4546 inci-

487 4582 640 4639 dere.
663 4581 890 4652 Proptcr
918 4595 1202 4655 argentum
1223 4583 1335 4654 (98)
1355 4600 1454 4654 ego
1473 4585 1682 4654 perdidi
1703 4585 1842 4640 ﬁlios
1873 4600 2023 4640 meos
2047 4603 2062 4651 ;

489 4683 545 4728 rt
572 4673 674 4730 nisi
709 4674 1029 4746 posuitentia
1053 4674 1237 4730 carnis
1276 4690 1430 4740 mem,
1461 4683 1516 4729 et
1547 4675 1828 4731 humilitas
1867 4675 2066 4730 anima:

492 4783 628 4822 mea:
648 4777 702 4822 et
720 4767 1001 4822 orationes
1019 4765 1187 4822 Jacob
1204 4767 1374 4837 patris
1391 4767 1497 4821 mei
1516 4767 1926 4837 (obstitissent),
1945 4768 2064 4822 sine

491 4858 680 4914 liberis
710 4873 968 4912 morerer.
1016 4857 1122 4912 Sed
1156 4856 1298 4913 Deus
1320 4869 1531 4928 patrum
1557 4874 1828 4922 meorum,
1855 4858 2071 4913 miseri-

492 4959 682 5006 corset
695 4949 957 5016 clemens,
977 4950 1231 5022 cognovit
1245 4951 1390 5020 quod
1411 4951 1464 5004 in
1488 4950 1794 5021 ignorantia
1817 4950 1941 5005 feci.
1963 4949 2070 5007 Ex-

493 5041 721 5098 caecavit
745 5042 892 5096 enim
916 5057 1001 5096 ine
1023 5043 1274 5112 princeps
1295 5043 1518 5107 erroris,
1546 5051 1601 5096 et
1625 5043 1891 5114 ignoravi,
1927 5042 2070 5097 sicut

497 5132 686 5197 homo,
717 5139 773 5186 et
802 5130 946 5186 sicut
981 5145 1133 5198 caro,
1169 5131 1223 5186 in
1255 5131 1496 5203 peccatis
1543 5142 1858 5205 corruptus.
1888 5129 1952 5185 Et
1979 5147 2072 5188 co-

571 5269 682 5338 (94)
720 5268 880 5338 Εὶδὲ
909 5268 1063 5336 μηδὲ
1095 5269 1249 5338 ὅλως
1282 5269 1474 5338 πίητε.
1509 5267 1735 5338 corrige
1781 5281 1848 5321 ex
1893 5265 2069 5322 Oxon.

509 5332 632 5395 cod.
665 5332 720 5392 τί
741 5339 796 5391 δὲ
824 5332 990 5406 λέγωξ
1016 5337 1137 5408 μηδ’
1164 5332 1299 5398 ὅλως
1327 5332 1528 5408 πίνετε..
1556 5332 1724 5408 (insin.
1775 5399 1786 5408 -
1814 5397 1824 5408 .
2024 5396 2057 5408 η

581 5410 692 5480 (95)
730 5408 790 5464 Si
837 5396 956 5462 vero
990 5396 1152 5480 neque
1180 5396 1412 5480 anguino
1447 5402 1654 5456 bibetis.
1683 5397 1824 5464 Quid
1854 5413 1968 5452 vero
2001 5396 2084 5450 di-

512 5474 753 5534 cainfne
781 5480 992 5533 omnino
1025 5474 1236 5532 bibatis.
1270 5474 1344 5528 In.

586 5549 698 5612 (96)
730 5549 924 5618 Λόγον
966 5547 1164 5605 Ἰακὼϐ
1203 5546 1308 5599 τοῦ
1342 5545 1579 5612 πατρός.
1624 5538 1816 5594 Ἰακὼϐ
1855 5536 1946 5592 τὸν
1978 5556 2083 5592 πα-

514 5620 668 5673 τέρα.
705 5620 780 5673 In.

581 5636 819 5760 ἵζὴηδὺ
848 5702 1158 5762 μεμνηται.
1185 5683 1322 5741 Θεου
1349 5683 1411 5740 οὐ
1443 5681 1788 5754 μνημονεύει.
1821 5679 1895 5737 In.

2173 4492 2457 4557 ζουσι’καὶ
2478 4493 2620 4544 ποιεῖ
2648 4489 2739 4542 τὸν
2756 4488 2946 4557 ἔχοντα
2977 4487 3146 4558 αὐτὴν
3179 4487 3258 4549 είς
3286 4485 3541 4536 ἔκστασιν
3575 4486 3750 4554 ἐμπε-

2171 4585 2303 4637 σεῖν.
2345 4581 2422 4634 Δι’
2451 4578 2713 4652 ἀργυρίου
2755 4577 2867 4646 ἐγὼ
2901 4575 3156 4632 ἀπώλεσα
3187 4574 3256 4630 τὰ
3285 4574 3450 4627 τέκνα
3495 4590 3597 4644 μου
3619 4613 3632 4635 ,
3657 4573 3752 4626 καὶ

2169 4675 2216 4727 εί
2237 4674 2312 4745 μὴ
2337 4674 2369 4744 ἡ
2395 4671 2650 4744 μετάνοια
2664 4671 2763 4741 τῆς
2787 4670 2987 4742 σαρκός
3011 4686 3132 4744 μου,
3151 4669 3245 4721 καὶ
3259 4669 3292 4738 ἡ
3308 4666 3636 4728 ταπείνωσις
3651 4664 3752 4739 τῆς

2168 4768 2348 4838 ψυχῆς
2393 4783 2518 4836 μου,
2561 4765 2654 4816 καὶ
2698 4765 2754 4816 αἱ
2797 4763 2954 4834 εὐχαὶ
2996 4759 3188 4814 Ἰακὼϐ
3229 4758 3324 4813 τοῦ
3371 4758 3576 4830 πατρός
3626 4775 3749 4829 μου,

2172 4859 2398 4921 ἄτεκνος
2435 4851 2579 4926 εἶχον
2623 4854 2931 4913 ἀποθανεῖν.
2978 4853 3114 4906 Ἀλλ’
3133 4851 3162 4902 6
3185 4851 3316 4915 Θεὸς
3344 4850 3452 4903 τῶν
3499 4850 3753 4919 πατέρων

2178 4966 2301 5020 μου,
2325 4949 2355 5000 6
2379 4945 2676 5017 οἰκτίρμων
2696 4945 2789 4998 καὶ
2809 4943 3074 5014 ἐλεήμων,
3097 4939 3336 5014 συνέγνω
3355 4938 3437 4996 ὅτι
3470 4937 3530 4988 ἐν
3559 4935 3752 5004 ἀγνοίᾳ

2171 5039 2425 5108 ἐποίησα.
2462 5038 2766 5107 Ἑτύφλωσε
2791 5037 2900 5106 γάρ
2931 5052 2996 5106 με
3018 5035 3046 5085 6
3072 5033 3254 5104 ἄρχων
3277 5031 3378 5100 τῆς
3405 5027 3633 5097 πλάνης,
3660 5026 3755 5080 καὶ

2172 5132 2444 5211 ἠγνόησα,
2475 5130 2549 5196 ὼς
2579 5130 2882 5203 ἄνθρωπος,
2930 5127 3022 5180 καὶ
3044 5126 3120 5190 ὼς
3160 5123 3296 5195 σὰρξ
3326 5122 3459 5194 (99),
3489 5122 3548 5173 ἐν
3569 5121 3754 5190 ἁμαρ-

2245 5270 2359 5338 (98)
2391 5268 2616 5342 Propte_r
2653 5273 2948 5342 argentum.
2999 5263 3116 5342 Duo
3151 5261 3321 5342 verba
3355 5261 3458 5342 ista
3508 5259 3574 5313 ad
3616 5273 3757 5342 prm-

2174 5331 2450 5398 ceden'lem
2483 5331 3245 5408 periodumsuntreferenda,
3279 5333 3324 5386 si
3354 5331 3604 5408 Graer'um
3635 5339 3754 5379 tex-

2177 5422 2292 5468 tum
2313 5411 2466 5481 sequi
2485 5401 2754 5481 "velimus,
2775 5407 2828 5460 in
2858 5406 3274 5481 cuju_s_u_troque
3291 5401 3611 5469 exemplari,
3642 5408 3754 5449 tam

2176 5483 2351 5537 Oxen.
2379 5473 2542 5550 quam
2567 5477 2796 5550 Cantab.
2827 5473 2950 5545 post
2970 5477 3036 5530 δι’
3060 5473 3332 5550 λάργυρίου
3357 5481 3759 5541 cstpunctuwl;

2178 5553 2372 5608 melius
2397 5542 2549 5613 'vero,
2576 5549 2733 5617 juxta
2770 5542 2908 5601 hanc
2932 5542 3256 5602 versionem.
3284 5542 3360 5598 lu.

2254 5623 2364 5692 ’99)
2384 5619 2564 5689 Σάρξ.
2581 5616 2898 5675 Οιιιιδευιιι.
2929 5617 3003 5672 In.
