4076 6142
1608 286 2139 349 TESTAMENTUM
2172 292 2389 352 λυθῶ.

361 397 507 461 τίαις
540 396 788 469 φθαρείς.
811 387 926 453 Κατ
951 397 1194 467 ἐπέγνων
1222 400 1323 472 τὴν
1345 402 1586 473 ἐμαυτοῦ
1636 405 1932 476 ἀσθένειαν,

2045 416 2376 484 gnoscebam
2429 417 2646 473 tandem
2706 423 2812 478 mei
2861 424 3039 495 ipsius
3085 427 3478 500 inﬁrmitatem,
3513 435 3606 504 qui

361 487 597 560 νομίζων
617 489 1039 562 ἀκαταμάχητος
1067 486 1226 546 εἶναι.

431 583 516 636 Κ’.
536 602 555 635 ‹
587 584 880 653 Ἐπίγνωτε
907 578 998 639 οῦν
1019 584 1188 660 (100),
1217 588 1383 644 τέκνα
1415 607 1537 662 μου,
1559 590 1641 644 ὅτι
1662 591 1756 646 δύο
1781 591 1941 646 πνεύ-

363 691 510 746 ματα
537 674 854 746 σχολάζουσι
882 678 961 749 τῷ
998 678 1290 751 ἀνθρώπῳ,
1318 682 1379 734 τὸ
1406 683 1508 752 τῆς
1534 683 1811 754 ἀληθείας,
1841 681 1938 738 καὶ

355 767 419 819 τὸ
446 767 549 837 τῆς
576 767 816 838 πλάνης·
854 769 949 822 καὶ
979 769 1143 841 μέσον
1174 772 1292 827 ἐστὶ
1315 773 1378 826 τὸ
1398 774 1498 846 τῆς
1523 775 1792 840 συνέσεως
1839 776 1937 830 τοῦ

356 855 496 922 νοὸς,
523 851 584 910 οὗ
617 859 712 912 ἐὰν
735 859 864 932 θέλῃ
890 860 1087 914 κλῖναι.
1112 862 1288 931 Καίγε
1317 863 1388 918 τά
1411 864 1512 935 τῆς
1536 865 1812 937 ἀληθείας,
1841 867 1937 920 καὶ

352 945 424 998 τὰ
443 946 542 1016 τῆς
571 945 797 1019 πλάνης,
825 949 1133 1022 γέγραπται
1161 952 1255 1004 ἐπὶ
1279 953 1341 1006 τὸ
1370 954 1563 1026 στῆθος
1596 956 1691 1009 τοῦ
1723 955 1934 1029 ἀνθρώ-

355 1052 459 1088 που
476 1053 490 1068 ο
519 1038 611 1090 καὶ¹
636 1037 694 1092 ἐν
713 1039 941 1096 ἕκαστον
962 1041 1142 1096 αὐτῶν
1170 1044 1426 1116 γνωρίζει
1455 1046 1678 1118 Κύριος.
1705 1050 1814 1102 Καὶ
1835 1050 1935 1103 οὐκ

354 1127 469 1182 ἐστι
489 1131 698 1201 καιρὸς,
723 1134 780 1185 ἐν
797 1125 842 1199 ᾧ
861 1131 1146 1204 δυνήσεται
1168 1134 1348 1190 λαθεῖν
1360 1137 1456 1190 ἀνθ
1466 1137 1660 1208 ρώπων
1677 1139 1832 1211 ἔργα,
1853 1143 1936 1195 ὅτι

353 1220 415 1272 ἐν
451 1221 632 1292 στήθει
653 1222 858 1278 ὀστέων
883 1223 1024 1276 αύτά
1045 1225 1416 1296 ἐγγέγραπται
1448 1225 1680 1282 ἐνώπιον
1709 1230 1932 1301 Κυρίου.

353 1312 464 1366 Καὶ
489 1313 551 1366 τὸ
592 1315 809 1387 πνεῦμα
837 1316 938 1386 τῆς
981 1315 1240 1388 ἀληθείας
1289 1322 1556 1390 μαρτυρεί
1605 1320 1806 1385 πάντα,
1841 1321 1935 1377 καὶ

351 1412 652 1480 κατηγορεῖ
687 1409 934 1472 πάντων,
967 1410 1060 1463 καὶ
1088 1410 1496 1481 ἐμπεπύρισται
1537 1413 1568 1464 ὁ
1611 1413 1935 1484 ἁμαρτήσας

351 1499 419 1551 ἐκ
444 1499 544 1569 τῆς
579 1500 713 1563 ἰδίας
739 1499 986 1572 καρδίας,
1017 1501 1111 1554 καὶ
1141 1497 1272 1572 ἆραι
1295 1501 1592 1575 πρόσωπον
1621 1503 1682 1557 οὐ
1712 1503 1933 1559 δύναται

348 1587 491 1659 πρὸς
513 1589 604 1641 τὸν
633 1591 848 1661 κριτήν.
1919 1623 1922 1626 ~

421 1679 552 1732 KA'.
586 1698 606 1731 ‹
640 1680 751 1734 Καὶ
779 1681 895 1746 νῦν,
925 1681 1090 1735 τέκνα
1139 1699 1262 1752 μου,
1295 1683 1619 1756 ἀγαπήσατε
1647 1685 1740 1740 τὸν
1778 1685 1930 1750 Aeni,

346 1772 437 1825 ἵνα
467 1773 808 1844 διαμείνητε·
843 1775 937 1828 καὶ
970 1777 1044 1847 μὴ
1069 1774 1361 1846 ἐπαίρεσθε
1403 1778 1492 1830 ἐπ’
1514 1778 1711 1843 αὑτὸν,
1738 1779 1826 1833 ἵνα
1856 1779 1930 1851 μὴ
1963 1765 2006 1820 Β

343 1862 787 1936 ἐξολοθρευθῆτε.
845 1867 999 1938 Ἐμοὶ
1028 1867 1137 1940 γὰρ
1185 1868 1353 1924 ἔδωκε
1394 1869 1600 1940 Κύριος
1642 1869 1741 1941 τὴν
1780 1869 1936 1940 βασι-

346 1956 519 2020 λείαν,
561 1956 798 2027 κάκείνῳ
821 1959 919 2029 τὴν
961 1959 1264 2028 ἱερατείαν,
1297 1961 1391 2014 καὶ
1433 1958 1668 2025 ὑπέταξε
1698 1959 1797 2032 τὴν
1832 1958 1932 2028 βας-

347 2047 554 2101 σιλείαν
584 2050 651 2119 τῇ
687 2049 974 2123 ἱερωσύνῃ.
1022 2052 1176 2123 Ἐμοὶ
1217 2051 1388 2106 ἔδωκε
1432 2051 1502 2105 τά
1529 2052 1622 2105 ἐπὶ
1656 2053 1756 2122 τῆς
1799 2052 1932 2122 γῆς,

343 2138 586 2210 κάκείνῳ
613 2139 684 2193 τὰ
723 2141 780 2193 ἐν
818 2142 1090 2213 οὐρανοῖς.
1143 2144 1231 2208 Ὧς
1271 2144 1529 2216 ὑπερέχει
1575 2142 1804 2214 οὐρανὸς
1832 2142 1935 2214 τῆς

342 2230 470 2301 γῆς,
503 2230 674 2296 οὕτως
695 2233 952 2306 ὑπερέχει
971 2235 1104 2288 Θεοῦ
1139 2236 1380 2307 ἱερατεία
1401 2236 1503 2306 τῆς
1534 2237 1626 2290 ἐπὶ
1652 2234 1755 2305 γῆς
1782 2233 1936 2304 βασι..

341 2321 494 2384 λείας
519 2321 615 2393 (1).
647 2325 758 2377 Καὶ
781 2322 888 2395 γάρ
915 2325 1077 2383 αὑτὸν
1125 2325 1268 2397 ὑπὲρ
1311 2326 1371 2381 σὲ
1419 2323 1703 2392 ἐξελέξατο
1728 2323 1934 2395 Κύριος

341 2410 584 2482 ἐγγίζειν
630 2414 800 2486 αὐτῷ,
853 2417 948 2469 καὶ
998 2415 1197 2470 ἐσθίειν
1262 2417 1543 2487 τράπεζαν
1581 2415 1783 2482 αὐτοῦ,
1837 2415 1934 2468 καὶ

341 2502 600 2574 ἀπαρχὰς
628 2505 1060 2576 ἐντρυφημόπων
1088 2505 1220 2559 υἱῶν
1268 2503 1513 2576 Ἰσραήλ·
1555 2503 1654 2560 καὶ
1687 2501 1787 2575 έσῃ
1837 2501 1935 2556 αὺ-

339 2595 457 2656 τοῖς
489 2592 562 2665 (2)
591 2595 668 2659 ὠς
703 2597 736 2667 ἡ
784 2595 1050 2650 θάλασσα.
1093 2597 1303 2668 Ὥσπερ
1334 2595 1444 2667 γὰρ
1476 2598 1532 2648 ἐν
1565 2596 1702 2665 αὐτῇ
1733 2594 1931 2650 δίκαιοι

341 2685 440 2739 καὶ
477 2685 652 2740 ἀδικοι
689 2686 1061 2758 χειμάζονται,
1093 2688 1144 2740 οἱ
1176 2688 1276 2759 μὲν
1313 2685 1858 2758 αἰχμαλωιζὸμενοι,
1881 2684 1931 2737 oi

339 2775 402 2830 δὲ
448 2776 830 2842 πλουτοῦντες·
866 2778 1038 2842 οὓτως
1069 2780 1164 2833 καὶ
1186 2780 1244 2831 ἐν
1275 2779 1358 2832 σοὶ
1388 2779 1498 2831 πᾶν
1537 2776 1695 2846 γένος
1722 2773 1935 2847 ἀνθρώ-

349 2885 494 2934 πων,
540 2871 589 2923 οἱ
633 2871 730 2941 μὲν
773 2871 1173 2928 κινδυνεύουσιν
1213 2868 1763 2942 αίχμαλωτιζόμενοι,
1793 2868 1842 2920 οί
1876 2865 1934 2920 δέ

342 2961 666 3017 πλουτοῦσιν
691 2961 1049 3034 ἁρπάζοντες.
1079 2964 1200 3020 ’Ότι
1225 2963 1274 3016 οἱ
1299 2960 1680 3032 βασιλεύοντες
1697 2958 1932 3022 ἔσονται,

341 3057 420 3121 ὡς
449 3059 608 3130 κήτη,
639 3057 1028 3120 καταπίνοντες
1052 3053 1395 3126 ἀνθρώπους,
1419 3054 1494 3117 ὼς
1525 3053 1714 3123 ἰχθύας
1730 3069 1749 3089 ·-
1773 3050 1936 3120 9km;-

340 3150 506 3222 τέρας
526 3150 618 3203 καὶ
642 3149 792 3212 υἱοὺς
817 3147 1133 3218 ἐλευθέρους
1165 3143 1663 3198 καταδουλώσουσιν
1680 3159 1693 3173 ·
1727 3142 1928 3206 οἴκους,

339 3244 567 3315 ἀγροὺς,
601 3243 856 3313 ποίμνια,
904 3242 1167 3311 χρήματα
1199 3236 1538 3308 ἀρπάσουσι·
1589 3237 1686 3289 καὶ
1723 3234 1932 3292 πολλῶν

342 3333 554 3406 σάρκας
596 3333 796 3394 ἀδίκως
843 3330 1077 3401 κόρακες
1119 3327 1214 3382 καὶ
1259 3325 1393 3389 ἴϐεις
1448 3326 1794 3397 χορτάσουσι,
1839 3323 1935 3377 καὶ

341 3427 712 3498 προκόψουσιν
750 3424 847 3476 ἐπὶ
877 3422 938 3474 τὸ
977 3421 1146 3474 κακὸν
1186 3421 1244 3472 ἐν
1287 3418 1572 3490 πλεονεξίᾳ
1617 3417 1931 3489 ὑψούμενοι.

339 3519 454 3571 Καὶ
479 3515 694 3570 ἔσονται
728 3514 805 3577 ὼς
833 3512 1145 3582 καταιγίδες
1173 3510 1643 3582 ψευδοπροφῆται,
1675 3511 1769 3563 καὶ
1797 3509 1934 3564 πάν-

338 3625 442 3672 τας
469 3606 711 3670 δικαίους
731 3604 1030 3669 διώξονται.

415 3701 545 3755 KB’.
592 3719 612 3752 ι
655 3698 880 3765 Ἐπάξει
906 3698 963 3752 δὲ
997 3697 1182 3762 αὐτοῖς
1232 3696 1764 3769 Κύριοςδδιαιρέσεις
1811 3697 1933 3750 κατ’

340 3778 610 3868 enim,
655 3797 749 3849 καὶ
792 3795 1018 3866 πόλεμοι
1055 3795 1297 3864 συνεχεῖς
1330 3791 1543 3845 ἔσονται
1573 3793 1632 3845 ἐν
1678 3792 1931 3864 Ἰσραὴλ,

341 3890 439 3943 καὶ
463 3890 530 3956 ,ἐν
555 3886 872 3957 ἀλλοφύλοις
911 3883 1391 3954 συντελεσθήσεται
1430 3885 1463 3954 ή
1507 3881 1752 3954 βασιλεία
1787 3901 1890 3955 μου
1914 3923 1930 3948 ,

341 3981 449 4045 ἓως
478 3979 574 4033 τοῦ
609 3979 782 4032 ἐλθεῖν
806 3979 868 4032 τὸ
894 3977 1159 4047 σωτήριον
1191 3974 1270 4047 τῷ
1315 3974 1558 4046 Ἰσραὴλ,
1586 3976 1698 4039 ἕως
1731 3992 1934 4047 παρου-

344 4071 468 4133 σίας
500 4069 594 4123 τοῦ
634 4067 770 4121 Θεοῦ
788 4066 888 4137 τῆς
914 4063 1285 4135 δικαιοσύνης,
1306 4063 1400 4117 τοῦ
1419 4063 1690 4136 ήσυχάσαι
1706 4062 1796 4116 τὸν
1828 4063 1934 4117 Ἰα-

343 4160 461 4216 κὼὸ
497 4163 554 4214 ἐν
575 4161 788 4232 εἰρήνῃ,
806 4159 901 4212 καὶ
931 4157 1108 4210 πάντα
1134 4154 1205 4208 τά
1219 4154 1366 4228 ἔθνη.
1387 4153 1500 4212 Καὶ
1514 4153 1676 4218 αὐτὸς
1710 4151 1932 4222 φυλάξει

344 4255 545 4326 κράτος
579 4249 857 4322 βασιλείας
906 4267 1004 4320 μου
1037 4249 1142 4312 ἕως
1185 4246 1280 4300 τοῦ
1323 4245 1539 4308 αἰῶνος.
1593 4247 1780 4317 Ὅρκῳ
1825 4243 1932 4314 γὰρ

342 4344 528 4415 ὡμοσέ
550 4361 637 4414 μοι
657 4342 882 4414 Κύριος,
905 4341 980 4411 μὴ
1002 4338 1271 4409 ἐκλείψειν
1285 4338 1346 4391 τὸ
1362 4336 1626 4408 βασίλειόν
1645 4353 1744 4407 μου
1760 4338 1822 4389 ἐκ
1835 4335 1930 4388 τοῦ

2040 506 2439 563 existimassem
2468 523 2556 564 me
2583 511 3056 584 inexpugnabilem
3079 534 3222 575 esse.
3619 571 3627 580 .

2110 597 2233 653 XX.
2273 618 2293 651 ι
2329 599 2661 672 Cognoscite
2689 604 2876 675 igitur,
2908 607 3004 663 ﬁlii
3033 612 3162 678 mei,
3191 613 3337 682 quod
3363 614 3471 670 duo
3497 616 3608 685 spi-

2045 689 2185 746 ritus
2214 701 2414 747 vacant
2441 694 2673 761 homini,
2709 698 2932 767 spiritus
2959 703 3236 770 veritatis,
3282 713 3336 761 et
3381 707 3611 777 spiritus

2043 783 2279 851 erroris;
2319 791 2374 839 et
2415 785 2631 841 medius
2661 797 2745 842 est
2787 789 3015 860 spiritus
3051 793 3356 851 intellectus
3386 797 3604 864 mentis,

2039 874 2200 945 cujus
2233 884 2338 944 est,
2369 893 2479 948 quo
2501 879 2618 934 vult
2645 878 2926 937 inclinare.
2948 881 3014 937 Et
3037 899 3156 954 qua:
3186 896 3314 941 sunt
3340 890 3604 955 veritatis,

2038 975 2094 1022 et
2117 983 2240 1038 quae
2265 978 2395 1024 sunt
2419 970 2645 1038 erroris,
2669 973 2868 1044 scripta
2893 984 3022 1030 sunt
3036 992 3200 1047 super
3220 987 3407 1047 pectus
3427 980 3606 1034 homi-

2039 1057 2127 1113 nis
2158 1059 2224 1126 ⁸³,
2256 1067 2311 1114 et
2337 1063 2768 1135 unumquodque
2788 1080 2979 1121 eorum
3005 1069 3288 1138 cognoscit
3321 1069 3604 1128 Dominus.

2037 1148 2102 1204 Et
2126 1167 2233 1206 non
2260 1162 2343 1208 est
2368 1161 2599 1224 tempus,
2633 1156 2686 1210 in
2717 1173 2827 1227 quo
2847 1169 3102 1228 poterunt
3125 1161 3290 1216 latere
3322 1164 3612 1220 hominum

2038 1258 2231 1311 opera;
2258 1246 2514 1314 quoniam
2547 1262 2612 1303 ea
2643 1249 2696 1302 in
2725 1260 2942 1319 pectore
2959 1252 3166 1307 ossium
3193 1255 3452 1324 inscripta
3479 1263 3608 1311 sunt

2042 1348 2226 1388 coram
2273 1335 2527 1394 Domino.
2564 1339 2630 1394 Et
2682 1341 2908 1410 spiritus
2954 1343 3196 1400 veritatis
3230 1347 3617 1408 testimonium.

2037 1428 2287 1496 perhibet
2308 1429 2377 1485 de
2409 1432 2686 1499 omnibus,
2714 1443 2768 1488 et
2798 1445 3022 1490 accusat
3049 1436 3263 1502 omnia;
3293 1448 3343 1494 et
3375 1439 3610 1499 adustus

2037 1531 2122 1577 est
2173 1522 2268 1592 qui
2321 1529 2513 1593 peccat
2553 1539 2622 1578 ex
2650 1525 2874 1596 proprio
2903 1526 3089 1592 corde,
3118 1535 3172 1582 et
3205 1528 3384 1584 levare
3412 1530 3606 1586 faciem

2035 1630 2144 1669 non
2181 1623 2356 1684 potest
2377 1615 2444 1670 ad
2475 1615 2734 1686 iudicem.
3099 1671 3104 1675 .

2107 1705 2250 1762 XXI.
2275 1726 2294 1760 ι
2313 1706 2381 1762 Et
2405 1725 2573 1774 nunc,
2602 1708 2700 1764 ﬁlii
2731 1711 2860 1775 mei,
2893 1711 3102 1783 diligite
3126 1711 3278 1778 Levi,
3312 1721 3372 1767 ut
3393 1729 3608 1783 perma-

2037 1800 2250 1867 neatis;
2282 1809 2337 1856 et
2365 1816 2476 1856 non
2499 1801 2800 1856 eﬁeramini
2824 1819 2988 1873 super
3006 1805 3194 1873 ipsum
3219 1846 3234 1870 ,
3269 1815 3330 1860 ut
3355 1821 3468 1862 non
3488 1805 3606 1861 dis-

2041 1893 2301 1961 pereatis.
2335 1891 2468 1947 Mihi
2505 1893 2651 1948 enim
2682 1895 2829 1950 dedit
2857 1894 3125 1952 Dominus
3167 1911 3418 1966 regnum,
3444 1906 3498 1951 et
3528 1897 3608 1953 illi

2035 1984 2427 2051 sacerdotium,
2467 1996 2523 2040 et
2562 1986 2795 2056 subjecit
2824 2001 3051 2059 regnum
3095 1989 3422 2045 sacerdotio.
3476 1988 3608 2045 Mihi

2033 2075 2183 2130 dedit
2211 2092 2332 2146 quae
2361 2078 2415 2131 in
2445 2089 2624 2147 terra;
2663 2079 2738 2133 illi
2771 2095 2922 2146 vero,
2951 2097 3074 2150 quae
3102 2093 3230 2138 sunt
3256 2083 3311 2137 in
3341 2083 3609 2140 ctelis.Ut

2035 2167 2406 2237 supereminet
2431 2171 2629 2224 emtum
2653 2179 2834 2235 teme,
2871 2172 2944 2226 ita
2970 2176 3342 2244 supereminet
3371 2175 3467 2230 Dei
3519 2191 3609 2231 sa-

1947 2297 1954 2305 .
2034 2258 2337 2315 cerdotium
2367 2276 2537 2332 regno
2571 2263 2716 2332 quod
2757 2270 2842 2318 est
2889 2265 2944 2317 in
2973 2275 3141 2322 terra.
3177 2267 3392 2322 Etenim
3421 2269 3607 2339 ipsum

2029 2367 2194 2422 supra
2222 2362 2274 2408 te
2296 2353 2458 2426 elegit
2477 2355 2743 2415 Dominus
2767 2359 3204 2432 appropinquare
3226 2360 3350 2430 ipsi,
3375 2367 3429 2416 et
3456 2377 3608 2417 com-

2027 2445 2188 2500 edere
2226 2461 2469 2503 mensam
2509 2450 2714 2520 ipsius,
2755 2463 2809 2508 et
2859 2454 3128 2524 primitias
3183 2453 3499 2508 deliciarum
3541 2454 3607 2508 Il-

2033 2535 2236 2592 liorum
2266 2535 2434 2592 Israel
2476 2556 2490 2592 :
2529 2548 2583 2594 et
2610 2540 2721 2595 eris
2741 2541 2821 2596 eis
2853 2551 2912 2595 ut
2937 2555 3106 2595 mare.
3134 2539 3606 2606 Quemadmodum

2033 2627 2181 2683 enim
2209 2629 2262 2682 in
2293 2630 2430 2683 mari
2456 2629 2590 2699 justi
2620 2638 2675 2684 et
2728 2629 2919 2699 iniusti
2970 2630 3240 2694 hiemant,
3288 2631 3343 2683 III
3387 2631 3608 2699 quidem

2033 2720 2232 2790 captivi
2272 2717 2422 2784 facti,
2453 2720 2508 2774 hi
2539 2736 2668 2775 vero
2689 2720 2878 2776 dilati:
2909 2721 2978 2775 ita
3011 2730 3066 2776 et
3086 2722 3140 2775 in
3171 2728 3225 2775 te
3254 2736 3414 2776 omne
3436 2737 3609 2792 genus

2036 2804 2345 2876 hominum,
2381 2811 2437 2865 hi
2481 2811 2701 2881 quidem
2731 2812 3106 2882 periclitantur
3154 2813 3208 2867 in
3239 2814 3609 2883 captivitatem

2035 2905 2166 2971 acti,
2197 2904 2254 2958 hi
2280 2918 2413 2958 vero
2462 2904 2713 2960 ditantur
2763 2905 3062 2974 rapientes.
3094 2903 3365 2971 Quoniam
3396 2904 3491 2975 qui
3519 2920 3609 2960 re-

2039 3007 2208 3066 gnant
2239 3004 2401 3052 erunt
2431 2998 2575 3052 sicut
2602 3007 2740 3062 cete,
2774 2999 3138 3069 deglutientes
3166 2998 3421 3054 homines
3461 2998 3612 3054 velut

1959 3105 2004 3164 ο
2037 3086 2402 3155 pisceszﬁlias
2415 3095 2471 3141 et
2499 3088 2643 3142 ﬁlios
2669 3088 2870 3144 liberos
2905 3090 2962 3143 in
2986 3090 3302 3144 servitutem
3331 3089 3607 3159 redigent;

2037 3176 2256 3242 domos,
2283 3191 2467 3246 agros,
2497 3193 2710 3248 greges,
2755 3180 3021 3248 pecunias
3048 3181 3296 3249 rapient;
3329 3189 3383 3235 et
3411 3180 3611 3235 multo-

2035 3285 2158 3322 rum
2192 3268 2450 3323 carnibus
2494 3269 2697 3337 injuste
2741 3284 2936 3324 corvos
2979 3278 3034 3325 et
3067 3270 3234 3326 ibices
3263 3272 3606 3336 saturabunt,

2036 3368 2092 3415 et
2139 3360 2428 3430 proﬁcient
2475 3359 2530 3412 in
2575 3359 2782 3414 malum
2842 3362 2897 3416 in
2951 3361 3180 3416 avaritia
3241 3362 3485 3417 exaltati.
3542 3361 3610 3416 Et

2035 3459 2197 3506 erunt
2221 3459 2282 3504 ut
2310 3451 2564 3521 procellae
2588 3453 3097 3522 pseudoprophetae.
3122 3451 3391 3509 eti’omnes
3426 3453 3610 3522 iustos

2036 3551 2452 3614 persequentur.

2108 3700 2275 3759 XXII.
2322 3719 2344 3754 ι
2377 3701 2601 3756 lnducet
2654 3707 2836 3753 autem
2876 3698 2956 3754 eis
3005 3698 3269 3756 Dominus
3309 3680 3609 3754 divisiones

2036 3796 2178 3852 inter
2223 3811 2304 3861 se,
2354 3803 2410 3850 et
2450 3793 2592 3849 bella
2625 3792 2886 3847 continua
2916 3800 3076 3846 erunt
3126 3792 3180 3846 in
3229 3790 3418 3856 Israel,
3448 3779 3512 3847 et
3551 3793 3608 3846 in

2034 3888 2352 3959 alienigenis
2391 3884 2863 3942 consummabitur
2906 3900 3134 3955 regnum
3170 3886 3609 3950 meumudonec

2034 3981 2216 4035 veniet
2245 3980 2486 4035 salutare
2512 3977 2699 4041 Israel,
2732 3993 2906 4048 usque
2934 3979 3001 4033 ad
3033 3977 3327 4034 adventum
3365 3979 3461 4034 Dei
3507 3978 3608 4050 ju-

2029 4072 2554 4142 stitite,utquiescat
2597 4069 2766 4126 Jacob
2813 4071 2867 4124 in
2899 4085 3052 4140 pace,
3089 4079 3144 4125 et
3174 4087 3365 4127 omnes
3395 4081 3604 4142 gentes.

2035 4165 2103 4219 Et
2148 4165 2265 4236 ipse
2295 4163 2568 4218 custodiet
2615 4171 2942 4233 potestatem
2994 4163 3142 4233 regni
3177 4163 3286 4218 mei
3326 4178 3500 4231 usque
3550 4164 3606 4218 in

2035 4256 2320 4312 saeculum.
2354 4253 2674 4310 Juramento
2702 4255 2847 4308 enim
2889 4255 3098 4325 juravit
3133 4255 3268 4310 mihi
3316 4255 3606 4319 Dominus,

2037 4363 2142 4403 non
2172 4345 2510 4402 defectorum
2550 4360 2776 4417 regnum
2810 4361 2991 4399 meum
3018 4360 3048 4399 e
3074 4346 3284 4400 semine
3311 4360 3454 4408 meo,
3482 4358 3605 4398 om-

344 4433 659 4505 σπέρματός
697 4448 820 4502 μου,
858 4430 1039 4492 πάσας
1072 4428 1168 4492 τὰς
1203 4428 1441 4499 ἡμέρας,
1471 4427 1575 4490 ἐως
1597 4425 1690 4479 τοῦ
1710 4426 1927 4489 αἰῶνος.

2034 4438 2197 4492 nibus
2229 4437 2440 4499 diebus,
2474 4451 2646 4504 usque
2672 4435 2728 4489 in
2761 4433 3044 4491 Steculum.

413 4528 539 4581 KI".
588 4544 607 4578 ι
635 4524 809 4595 Πολλὴ
830 4523 887 4576 δὲ
918 4521 1061 4592 λύπη
1099 4521 1189 4592 μοί
1221 4523 1356 4584 ἐστι,
1381 4520 1546 4574 τέκνα
1575 4536 1698 4590 μου,
1719 4517 1806 4572 διὰ
1827 4518 1926 4583 τάς

339 4619 625 4690 ἀσελγείας
650 4620 744 4672 καὶ
769 4616 1044 4687 γοητείας,
1072 4613 1167 4667 καὶ
1200 4613 1485 4666 εἰδωλολατ
1495 4613 1664 4686 ρείας,
1689 4613 1754 4677 ἀς
1777 4612 1927 4682 ποιή-

341 4725 465 4764 σετε
496 4712 576 4774 εἰς
608 4710 670 4763 τὸ
696 4703 1456 4779 βασίλειον,ὲγγαστριμύθοις
1481 4703 1922 4767 ἀκολουθοῦντες,

340 4803 562 4876 κλῃδόσι
609 4800 720 4874 (5),
771 4803 866 4855 καὶ
913 4802 1132 4872 δαίμοσι
1183 4799 1413 4870 πλάνης.
1465 4798 1578 4862 Τὰς
1620 4797 1926 4870 θυγατέρας

341 4894 497 4968 ὑμῶν
537 4894 799 4967 μουσικὰς
833 4894 927 4947 καὶ
956 4892 1224 4964 δημοσίας
1259 4893 1547 4962 ποιήσετε,
1600 4890 1696 4944 καὶ
1738 4892 1924 4961 ἐπιμι-

336 4985 574 5058 γήσεσθε
609 4987 665 5039 ἐν
700 4983 1062 5055 βδελύγμασιν
1095 4983 1296 5037 ἐθνῶνο
1325 4982 1441 5036 ἀνθ’
1473 4973 1546 5035 ὧν
1571 4980 1688 5046 ἄξει
1720 4982 1924 5054 Κύριος

339 5075 426 5147 ἐφ’
459 5077 602 5146 ὑμᾶς
634 5075 788 5146 λιμὸν
808 5115 823 5139 ,
859 5075 1085 5136 θάνατον
1117 5075 1212 5133 καὶ
1248 5071 1522 5146 ῥομφαίαν
1542 5110 1557 5136 ,
1604 5071 1924 5126 ὲκδικοῦσαν

337 5167 679 5242 πολιορκίαν,
713 5171 808 5222 καὶ
839 5168 1005 5232 κύνας
1045 5169 1122 5230 εἰς
1155 5165 1532 5236 διασπασμὸν,
1587 5164 1796 5236 ἐχθρῶν
1829 5165 1924 5219 καὶ

337 5259 510 5338 φίλων
551 5260 921 5331 ὀνειδισμοὺς,
970 5257 1244 5312 ἀταῦλειαν
1291 5257 1387 5311 καὶ
1433 5255 1509 5330 (4)
1557 5257 1922 5328 σφακελισμδν

417 5352 462 5384 ¹³
493 5351 654 5407 Rom.
691 5367 749 5420 ιι,
783 5352 870 5416 14,
910 5351 994 5407 15.

413 5444 559 5515 (100)
611 5446 921 5514 Ἐπίγνωτε
943 5443 1073 5499 οὖν.
1106 5441 1321 5499 Omissa
1350 5441 1561 5512 integra
1595 5441 1710 5497 hzec
1738 5443 1921 5513 perio-

341 5516 875 5658 dqu)IDBaert.leiac.
923 5585 1238 5658 Βασιλείας,
1273 5585 1387 5658 ὲὰνλ
1417 5587 1490 5658 μὴ
1545 5584 1627 5658 δι’.
1646 5584 1930 5658 ἁμαρτίας

342 5649 553 5728 ἐκπέσῃ
599 5649 955 5727 Κυρίουζκαὶ
989 5657 1250 5728 κυριευθῃ
1297 5649 1718 5725 ὑπδέῖπιγείας,
1771 5649 1922 5710 addit

343 5727 515 5789 Wdex,
546 5726 717 5786 Oxon.

2102 4529 2294 4588 XXIII.
2342 4549 2361 4582 ‹
2394 4528 2560 4583 Multa
2591 4537 2770 4582 autem
2803 4529 3024 4584 tristitia
3053 4527 3187 4582 mihi
3214 4537 3315 4590 est,
3344 4527 3439 4580 lilii
3471 4527 3600 4594 mei,

2033 4633 2258 4694 propter
2293 4623 2684 4694 impudicitias,
2711 4633 2766 4679 et
2810 4622 3113 4692 sortilegia,
3157 4629 3213 4675 et
3244 4621 3601 4685 idololatrias,

2029 4731 2168 4787 quas
2220 4715 2437 4771 facietis
2473 4717 2527 4773 in
2559 4731 2786 4786 regnum
2811 4757 2826 4783 ,
2854 4714 3234 4784 ventriloquos
3276 4723 3599 4783 sequentes,

2028 4807 2396 4863 divinationes
2447 4817 2501 4863 et
2552 4808 2836 4863 dazmonas
2888 4808 3114 4862 erroris.
3181 4804 3345 4859 Filias
3391 4814 3602 4861 vestras

2029 4900 2360 4957 cantatrices
2407 4909 2462 4956 et
2509 4901 2759 4971 publicas
2793 4899 3025 4964 facietis,
3056 4908 3111 4953 et
3158 4897 3603 4953 immiscebimini

2029 4995 2539 5050 abominationibus
2564 4995 2840 5065 gentium;
2885 5007 2984 5063 pro
3009 4992 3210 5062 quibus
3229 4991 3391 5046 ducet
3419 4989 3601 5046 Domi-

2028 5102 2135 5144 nus
2166 5102 2329 5156 super
2354 5101 2454 5142 vos
2489 5085 2689 5140 famem
2738 5093 2792 5140 et
2831 5084 3220 5154 pestilentiam,
3267 5091 3501 5138 mortem
3546 5089 3605 5136 et

2029 5182 2294 5253 gladium.
2327 5180 2686 5236 ulciscentem
2719 5177 3084 5240 obsidionem,
3119 5185 3176 5230 et
3203 5191 3368 5231 canes
3410 5176 3466 5229 in
3509 5174 3592 5228 di-

2028 5273 2406 5342 laniationem,
2459 5271 2809 5327 inimicorum
2851 5277 2908 5324 et
2948 5269 3254 5324 amicorum
3285 5265 3595 5338 opprobria,

2079 5432 2174 5520 'Q)
2201 5432 2451 5520 βαὶέσῃ
2478 5431 2698 5498 αὐτοῖς.
2730 5433 2868 5488 Add.
2893 5431 2956 5485 σὺ
2985 5431 3042 5486 δὲ
3069 5431 3169 5505 ἔσῃ
3196 5429 3444 5501 βασιλεὺς
3492 5429 3596 5485 Ἰα-

2024 5507 2170 5646 κυίέ.)
2198 5503 2728 5640 ρὲἓίίουθοῦντες,
2755 5573 3026 5646 κληδόσι.
3066 5571 3590 5640 Ἐξακολουθοῦντες,

2022 5649 2226 5719 omissa
2253 5645 2498 5719 sequi-nti
2534 5661 2661 5719 voce
2688 5645 2930 5719 κλῃδόσι.
2958 5647 3030 5719 lo.

2095 5717 2168 5786 (4)
2208 5712 2532 5783 Καὶήκύνας
2558 5717 2645 5782 εὶς
2677 5712 3080 5784 διασπασμὸν,
3116 5713 3346 5785 ἐχθρῶν
3377 5714 3474 5770 καὶ
3499 5712 3594 5784 φί-
