4076 6142
285 323 421 382 1085

1446 300 1975 366 ΤΕ8ΤΑΜΕΝΤΗΜ
2026 297 2350 356 ISACHAR.

3410 289 3548 348 1686

278 438 398 492 λίαν
434 454 556 509 μου,
592 435 673 490 ὃτι
697 431 870 488 ταῦτα
900 429 1154 504 μέλλουσι
1180 429 1355 482 ποιεῖν
1387 425 1438 479 οἱ
1466 421 1837 496 βασιλεύοντες

1969 415 2273 479 rescindat,
2304 413 2569 484 quoniam
2598 411 2716 469 haec
2742 412 2941 468 facturi
2971 420 3102 469 sunt
3134 421 3441 483 regnantes.
3483 385 3547 466 lit

278 530 386 584 Καὶ
434 501 738 598 αναγάγετὲ
794 543 862 598 με
903 501 989 588 εἰς
1033 519 1262 594 Χεϐρὼν
1311 517 1428 591 μεθ’
1481 514 1652 589 ὑμῶν.
1686 533 1706 566 ι
1753 513 1837 566 Κα

1967 505 2212 562 reducite
2242 519 2331 561 me
2379 504 2436 559 in
2487 502 2707 558 Hebron
2756 503 3057 559 vobiscum.
3091 521 3110 554 ι
3165 501 3381 557 Etcum
3429 501 3546 556 haec

275 621 450 676 ταῦτα
501 621 708 687 εἰπὼν,
757 617 1023 690 ἐκοιμήθη
1072 613 1306 678 Ἰούδας’
1355 612 1451 666 καὶ
1501 609 1767 679 ἐποίησαν
1812 605 1860 659 oi

1965 601 2238 667 dixisset,
2282 598 2617 656 obdormivit
2661 596 2868 663 Judas;
2904 605 2959 652 et
3005 596 3252 653 fecerunt
3295 596 3390 651 ﬁlii
3425 595 3545 665 ejus

277 714 379 767 υίο).
413 711 577 767 αὐτοῦ
611 710 756 768 κατὰ
798 710 978 764 πάντα
1001 750 1016 774 ,
1051 708 1152 762 ὅσα
1188 703 1462 760 ἐντείλατο
1506 701 1692 763 αὐτοῖς
1715 737 1730 762 ,
1767 714 1837 751 κα

1963 696 2270 753 secundum
2303 693 2487 748 omnia
2517 707 2640 762 quae
2666 692 2946 747 mandavit
2969 693 3083 758 eis,
3129 701 3183 746 et
3212 691 3544 762 sepelierunt

273 806 477 878 ἔθαψαν
509 805 673 860 αὐτὸν
705 805 763 858 ἐν
797 799 1026 873 Χεϐρὼν
1062 797 1202 871 μετὰ
1231 796 1342 851 τῶν
1387 793 1640 865 πατέρων
1671 787 1859 846 αὐτοῦ.

803 935 1204 992 ΚΕΦΑΛΑῙΟΝ
1241 934 1320 986 Ε¹.

511 1028 772 1099 Διαθήκη
811 1029 1077 1098 Ἲσαχὰρ,
1110 1025 1244 1094 περὶ
1275 1025 1632 1091 ἁπλότητος.

338 1129 416 1182 A'.
483 1126 842 1197 Ἀντίγραφον
893 1121 1067 1190 λόγων
1127 1117 1366 1190 Ἰσαχάρ.
1427 1116 1678 1180 Καλέσας
1727 1112 1858 1179 τοὺς

269 1218 416 1282 υἱοὺς
445 1213 635 1279 αὑτοῦ,
670 1210 823 1268 εἷπεν
856 1211 1040 1275 αὐτοῖς
1058 1227 1072 1241 ⁶
1100 1229 1118 1263 t
1152 1209 1468 1272 Ἀκούσατε,
1493 1206 1681 1269 τέκνα,
1719 1206 1856 1259 Ἰσα-

265 1308 373 1381 χὰρ
403 1306 498 1361 τοῦ
536 1307 746 1380 πατρὸς
779 1303 967 1377 ὑμῶν,
1003 1300 1334 1356 ἐνωτίσασθε
1370 1301 1588 1373 ῥήματα
1629 1300 1852 1370 ἠγαπη-

270 1401 416 1472 μένοι
453 1398 566 1472 (10)
601 1399 706 1452 ὑπὸ
747 1397 976 1469 Κυρίου,
1017 1393 1158 1464 Ἐγὼ
1190 1393 1414 1464 ἐτέχθην
1449 1393 1698 1465 πέμπτος
1739 1393 1854 1456 υίὸς

263 1494 340 1566 τῷ
378 1492 596 1558 Ἰακὼϐ,
631 1494 690 1546 ἐν
729 1490 904 1564 μισθῷ
929 1489 1036 1544 τῶν
1066 1488 1477 1560 μανδραγόρων.
1518 1486 1714 1541 Ἰακὼϐ
1739 1486 1850 1559 (11)

263 1585 370 1657 γὰρ
402 1587 604 1658 ἤνεγκε
644 1584 1053 1657 μανδραγόρους
1090 1580 1202 1654 (12)
1243 1581 1308 1634 ἐκ
1363 1578 1459 1632 τοῦ
1512 1577 1720 1651 ἀγροῦ,
1755 1577 1852 1631 καὶ

262 1677 732 1749 προαπαντήσασα
769 1675 970 1746 Ῥαχὴλ
1003 1674 1194 1728 ἐλαϐεν
1230 1672 1426 1737 αὐτούς
1453 1670 1585 1743 (15).
1625 1669 1848 1725 Ἔκλαιε

1960 804 2090 848 eum
2113 789 2168 845 in
2197 786 2418 844 Hebron
2449 799 2577 841 cum
2610 785 2858 856 patribus
2892 785 3028 840 suis.

2583 918 2813 976 CAPUT
2853 920 2919 980 ν.

2175 1015 2572 1070 Testamentum
2603 1013 2850 1080 Isachar,
2879 1014 2945 1068 de
2975 1013 3337 1084 simplicitate.

2030 1107 2069 1166 l.
2102 1107 2521 1178 Transcriptum
2544 1109 2838 1164 verborum
2862 1107 3103 1163 Isachar.
3128 1109 3264 1163 Cum
3288 1119 3539 1166 vocasset

1956 1201 2102 1256 mios
2136 1216 2266 1256 suos
2289 1242 2306 1268 ,
2341 1199 2482 1254 dixit
2513 1197 2594 1253 eis
2623 1216 2637 1252 :
2674 1216 2694 1249 ι
2722 1197 2919 1252 Audite
2951 1198 3046 1252 lilii
3085 1198 3306 1254 lsachar
3329 1209 3535 1268 patrem

1955 1303 2200 1349 vestrum
2221 1333 2236 1354 .
2280 1292 2507 1347 auribus
2545 1290 2808 1362 percipite
2833 1291 3000 1345 verba
3019 1290 3204 1346 dilecti
3228 1306 3257 1344 a
3284 1290 3535 1346 Domino.

1954 1386 2068 1459 Ego
2124 1401 2246 1442 sum
2298 1394 2462 1442 natus
2509 1385 2736 1456 quintus
2768 1384 2915 1439 (ilius
2947 1383 3146 1449 Jacob,
3184 1385 3239 1438 in
3291 1387 3541 1442 mercede

1953 1480 2467 1553 mandragorarum.
2516 1479 2710 1534 Ruben
2741 1481 2889 1534 enim
2925 1479 3110 1534 attulit
3145 1478 3536 1549 mandragoras

1953 1589 2020 1630 ex
2055 1589 2207 1644 agro,
2253 1583 2307 1629 et
2339 1573 2679 1644 praeobvians
2720 1572 2922 1628 Rachel
2957 1572 3165 1641 accepit
3194 1585 3308 1626 eas.
3360 1571 3536 1625 Flevit

1952 1675 2134 1720 autem
2171 1662 2362 1718 Ruben
2387 1704 2404 1730 ,
2436 1672 2491 1717 et
2535 1662 2590 1716 in
2623 1678 2763 1718 voce
2797 1663 2970 1733 ipsius
3005 1661 3174 1717 exivit
3220 1660 3315 1715 Lia
3360 1671 3536 1715 mater

258 1769 314 1822 δὲ
358 1767 635 1839 Ῥουϐὴμ,
689 1767 786 1821 καὶ
836 1767 930 1820 ἐπὶ
961 1770 1028 1838 τῇ
1065 1769 1216 1838 φωνῇ
1250 1763 1415 1820 αὐτοῦ
1453 1763 1644 1836 ἐξῆλθε
1676 1763 1780 1816 Δία
1813 1767 1837 1833 ἡ

1955 1771 2091 1811 mea.
2117 1753 2492 1824 Mandragorte
2519 1763 2702 1810 autem
2728 1764 2888 1809 erant
2910 1753 3051 1808 mala
3087 1753 3382 1818 odorifera,
3413 1770 3534 1823 qua:

260 1861 444 1932 μήτηρ
488 1877 612 1931 μου.
663 1859 851 1914 Ταῦτα
883 1859 940 1914 δέ
973 1855 1112 1931 ἦσαν
1149 1858 1294 1931 μῆλα
1327 1855 1584 1928 εὐώδημα
1627 1855 1761 1928 (id),
1811 1854 1847 1910 δι

257 1949 431 2003 ἐποίει
464 1953 498 2022 ἡ
532 1951 604 2021 γῆ
653 1950 832 2022 Ἀρὰμ
864 1952 922 2005 ἐν
958 1951 1082 2021 ὕψει
1118 1951 1374 2005 ὑποκάτω
1408 1948 1690 2020 φάραγγος
1717 1947 1845 2001 ὑδά-

254 2057 380 2093 των.
408 2036 546 2094 Εἷπε
573 2040 630 2094 δὲ
675 2041 906 2113 Ῥαχήλ’
943 2061 962 2094 t
991 2041 1064 2094 Οὐ
1089 2039 1244 2094 δώσω
1269 2058 1349 2094 σοι
1383 2039 1543 2104 αὐτὰ,
1579 2039 1661 2092 ὅτι
1694 2037 1846 2091 ἔσον-

253 2133 342 2184 ταί
379 2150 468 2203 μοι
504 2133 627 2186 ἀντὶ
656 2133 884 2187 τέκνων.
916 2151 936 2186 ›
973 2127 1153 2186 Ἦσαν
1179 2133 1236 2184 δέ
1272 2132 1416 2204 μῆλα
1449 2131 1560 2186 δύο.
1590 2130 1702 2186 Καὶ
1725 2125 1844 2183 εἷπε

252 2223 387 2276 Δία’
415 2244 432 2275 ι
457 2223 788 2299 Ἰκανούσθω
823 2241 939 2289 σοι,
976 2224 1059 2278 ὃτι
1093 2223 1282 2288 ἐλαϐες
1314 2224 1406 2278 τὸν
1438 2223 1608 2296 ἄνδρα
1642 2221 1848 2294 παρθε-

258 2317 396 2382 1θείας
451 2335 592 2390 μου·
653 2317 727 2390 μὴ
773 2319 870 2372 καὶ
912 2316 1086 2372 ταῦτα
1131 2317 1356 2390 λήψῃς»
1426 2318 1491 2370 Ἥ
1543 2317 1598 2371 δὲ
1649 2313 1843 2370 εἷπενο

257 2426 273 2458 ι
315 2409 468 2472 Ἰδοὺ,
509 2407 652 2462 ἔστω
688 2426 772 2461 σοι
820 2407 1014 2462 Ἰακὼϐ
1039 2407 1140 2480 τὴν
1163 2406 1334 2460 νύκτα
1355 2405 1560 2478 ταύτην
1592 2408 1713 2461 (Ith
1735 2405 1844 2461 τῶν

251 2499 643 2572 μανδραγόρων
675 2499 772 2553 τοῦ
808 2498 926 2553 υἱοῦ
962 2516 1078 2553 σου.
1111 2519 1130 2551 ι
1169 2494 1308 2552 Εἷπε
1340 2499 1398 2552 δέ
1429 2499 1533 2553 Δία
1569 2499 1706 2571 πρὸς
1738 2501 1841 2555 αὐ-

247 2591 376 2660 τήν’
420 2610 438 2641 ι
468 2591 566 2662 Μὴ
592 2590 782 2661 καυχῶ
803 2632 818 2657 ,
853 2590 951 2644 καὶ
987 2588 1067 2661 μὴ·
1093 2587 1350 2655 δοξάζουε
1386 2589 1518 2661 ἐμὸς
1551 2591 1659 2660 γάρ
1694 2591 1841 2644 ἐστιν

247 2685 276 2737 6
312 2685 537 2750 Ἰακὼϐ,
567 2683 722 2752 κάγὼ
754 2682 891 2755 γυνὴ
923 2682 1176 2754 νεότητος
1206 2680 1436 2749 αὑτοῦ..)
1495 2682 1559 2735 Ἦ
1605 2681 1661 2734 δὲ
1718 2681 1842 2736 Ῥα-

246 2775 348 2846 χὴλ
381 2772 537 2829 εἴπεο
575 2795 593 2826 ι
621 2775 686 2828 Τί
719 2770 846 2840 οὖνς
882 2774 963 2826 ὅτι
999 2772 1124 2842 ἐμοὶ
1154 2772 1373 2844 πρῶτον
1401 2770 1510 2843 (15)
1545 2773 1838 2844 ἥρμοσται,

247 2871 340 2924 καὶ
372 2870 438 2924 δι’
466 2870 572 2942 ἐμὲ
598 2868 880 2923 ἐδούλευσε
911 2865 991 2937 τῷ
1022 2867 1191 2939 πατρὶ
1217 2864 1376 2938 ἡμῶν.
1408 2865 1503 2937 ἐτη
1537 2865 1618 2920 ιδ’.
1657 2865 1722 2918 Τί
1757 2883 1840 2918 σοι

249 2965 482 3035 ποιήσω,
519 2963 602 3016 ὅτι
635 2959 934 3034 ἐπλήθυνεν
966 2964 995 3016 6
1028 2963 1176 3026 δόλος
1198 2962 1292 3014 καὶ
1321 2961 1354 3031 ἡ
1391 2959 1696 3032 πανουργία
1728 2957 1838 3011 τῶν

245 3055 572 3128 ἀνθρώπιον,
609 3056 704 3109 καὶ
735 3058 763 3109 6
793 3056 943 3120 δόλος
972 3056 1248 3128 προχωρεῖ
1280 3055 1374 3105 ἐπὶ
1404 3055 1504 3123 τῆς
1529 3054 1665 3124 γῆς;
1689 3053 1751 3105 Εἰ
1779 3050 1838 3105 δέ

1951 1848 2199 1924 producit
2240 1857 2382 1903 terra
2412 1847 2577 1901 Aram
2609 1847 2664 1900 in
2693 1847 2914 1902 excelso
2940 1846 3043 1902 sub
3071 1846 3212 1900 valle
3238 1861 3529 1917 aquarum.

1947 1941 2097 1995 Dixit
2123 1948 2302 1994 autem
2332 1937 2542 1993 Rachel
2568 1956 2581 1996 :
2616 1957 2636 1990 ι
2659 1935 2780 1992 Non
2808 1937 2949 1992 dabo
2973 1937 3092 1993 haec
3119 1937 3242 2003 tibi,
3270 1936 3530 2006 quoniam

1947 2037 2107 2084 erunt
2135 2029 2268 2083 mihi
2304 2044 2404 2099 pro
2433 2027 2584 2084 liliis.
2620 2048 2639 2080 ι
2679 2026 2854 2082 Erant
2885 2035 3068 2082 autem
3106 2027 3247 2082 mala
3281 2027 3412 2082 duo.
3465 2027 3531 2080 Et

1947 2122 2084 2178 dixit
2119 2121 2214 2177 Lia
2249 2142 2259 2176 :
2302 2141 2319 2172 ι
2347 2121 2595 2177 Sullieiat
2616 2121 3031 2191 tibi,.quoniam
3064 2122 3321 2192 accepisti
3347 2123 3526 2176 virum

1945 2215 2282 2285 virginitatis
2315 2230 2487 2282 meae;
2521 2231 2650 2270 num
2686 2224 2741 2270 et
2776 2215 2892 2270 haec
2923 2215 3199 2284 accipies?
3222 2235 3240 2268 ι
3275 2215 3368 2270 llla
3396 2231 3528 2271 vero

1946 2307 2086 2361 dixit
2118 2325 2130 2361 :
2170 2325 2190 2360 ‹
2219 2305 2393 2370 Ecce,
2444 2307 2518 2360 sit
2548 2305 2722 2362 Jacob
2759 2307 2856 2361 tibi
2903 2315 3062 2362 nocte
3093 2307 3195 2361 hac
3223 2322 3324 2376 pro
3369 2321 3530 2362 man-

1939 2399 2194 2471 'dragoris
2221 2399 2316 2454 lilii
2345 2399 2446 2454 tui.
2476 2417 2495 2452 ι
2520 2397 2670 2454 Dixit
2711 2409 2890 2455 autem
2928 2400 2977 2454 ei
3005 2398 3102 2453 Lia
3136 2417 3150 2454 :
3185 2419 3204 2451 ‹
3229 2399 3305 2453 Ne
3325 2400 3525 2470 jactes,

1944 2503 2000 2548 et
2031 2507 2098 2548 ne
2125 2492 2410 2564 glorieris;
2451 2508 2604 2548 meus
2637 2494 2780 2547 enim
2808 2503 2893 2548 est
2918 2492 3087 2548 Jacob
3107 2535 3122 2561 ,
3169 2501 3223 2546 et
3253 2509 3353 2563 ego
3385 2507 3528 2548 uxor

1941 2583 2246 2655 iuventutis
2269 2584 2408 2654 ejus.
2438 2603 2458 2636 ι
2489 2584 2696 2640 Rachel
2723 2600 2856 2640 vero
2886 2585 3025 2640 dixit
3051 2601 3065 2640 ;
3103 2605 3122 2637 ι
3150 2584 3292 2652 Quid
3323 2585 3528 2656 igitur?

1944 2677 2203 2748 quoniam
2240 2677 2374 2731 mihi
2407 2679 2588 2748 primo
2622 2679 2911 2749 copulatus
2943 2688 3024 2734 est
3045 2723 3059 2742 ,
3101 2689 3155 2734 et
3186 2688 3410 2749 propter
3436 2696 3525 2734 me

1943 2771 2167 2826 servivit
2191 2770 2332 2840 patri
2360 2781 2550 2826 nostro
2584 2772 2741 2827 annis
2773 2773 3216 2843 quatuordeeim.
3256 2773 3396 2841 Quid
3425 2777 3523 2830 tibi

1943 2861 2169 2928 faciam,
2203 2865 2465 2934 quoniam
2500 2865 2897 2936 multiplicatus
2924 2874 3008 2922 est
3039 2865 3196 2920 dolus
3231 2876 3287 2920 et
3320 2868 3523 2924 astutia

1942 2956 2264 3022 hominum,
2313 2967 2370 3012 et
2420 2957 2575 3013 dolus
2616 2959 2861 3028 procedit
2905 2958 3176 3015 interra?
3232 2958 3289 3014 Si
3340 2969 3520 3016 autem

1944 3064 2106 3105 secus
2139 3058 2322 3117 esset,
2357 3065 2468 3104 non
2518 3052 2707 3122 utique
2738 3060 2793 3106 tu
2827 3051 3043 3106 videres
3081 3051 3277 3106 faciem
3312 3050 3518 3120 Jacob;

251 3123 362 3220 pth,
379 3149 480 3203 οὐκ
507 3147 574 3202 ἂν
601 3145 669 3223 ᾖς
705 3148 769 3201 σὺ
793 3147 980 3219 ὁρῶσα
1015 3123 1304 3219 πρόσὼπον
1351 3144 1546 3198 Ἰακώϐ
1567 3123 1597 3174 ’ν
1623 3145 1682 3197 οὐ
1728 3144 1837 3214 γὰρ

1943 3155 2053 3195 non
2081 3141 2228 3195 enim
2262 3154 2400 3194 uxor
2432 3141 2605 3211 ipsius
2639 3152 2696 3196 tu
2738 3126 2841 3209 es,
2882 3142 2978 3197 sed
3013 3142 3069 3196 in
3111 3143 3241 3200 dolo
3285 3159 3387 3214 pro
3431 3160 3522 3198 me

247 3242 381 3311 γυνὴ
413 3241 582 3295 αὐτοῦ
608 3237 658 3293 εἴ
693 3240 780 3305 σὺ,
807 3237 920 3293 ἀλλ’
946 3240 1004 3290 ἐν
1047 3237 1184 3308 δόλῳ
1225 3238 1340 3290 ἀντ’
1384 3234 1520 3306 ἐμοῦ
1554 3234 1834 3305 εἰσήχθης.

247 3334 357 3388 Καὶ
391 3333 668 3404 ἐπλάνησέ
705 3349 772 3402 με
805 3333 834 3384 6
860 3332 1043 3401 πατήρ
1080 3347 1204 3400 μου,
1246 3330 1342 3383 καὶ
1379 3328 1724 3398 μεταστήσας
1770 3345 1838 3399 με

244 3428 309 3498 τῇ
332 3426 492 3479 νυκτὶ
514 3425 719 3494 ἐκείνῃ,
748 3423 849 3476 οὐκ
873 3421 1023 3475 εἴασὲ
1057 3439 1123 3492 με
1151 3422 1278 3474 ἰδεῖν
1297 3438 1310 3452 ·
1338 3422 1422 3474 ὅτι
1449 3423 1498 3473 εί
1522 3422 1670 3493 ἤμην
1697 3422 1835 3480 ἐκεῖ,

243 3518 343 3572 οὐκ
360 3516 572 3584 ἐγίνετο
601 3513 776 3568 τοῦτο.
802 3534 822 3568 ι
851 3513 964 3568 Καὶ
981 3509 1103 3566 εἷπε
1139 3512 1339 3584 Ῥαχήλ
1357 3531 1372 3548 ε
1396 3532 1415 3564 ι
1450 3513 1596 3568 Λάϐε
1615 3513 1710 3566 ἕνα
1728 3513 1836 3584 (16)

243 3606 656 3681 μανδραγόραν,
676 3607 772 3659 καὶ
789 3606 910 3659 ἀντὶ
925 3603 1018 3658 τοῦ
1039 3605 1158 3669 ἐνὸς
1187 3603 1433 3675 ἐκμισθῶ
1450 3604 1558 3676 (17)
1578 3621 1659 3658 σοι
1675 3604 1838 3658 αὐτὸν

242 3699 302 3750 ἐν
325 3698 427 3768 μιᾷ
447 3697 619 3750 νυκτί.
647 3715 665 3748 ι
700 3697 811 3768 Καὶ
833 3696 974 3763 ἔγνω
1011 3693 1204 3748 Ἰακὼϐ
1225 3694 1324 3766 τὴν
1346 3695 1502 3758 Λίαν,
1531 3696 1625 3749 καὶ
1647 3693 1838 3749 συλλα-

243 3765 418 3842 ϐοϐσὸι
440 3805 506 3858 με
537 3787 690 3841 ἔτεκε
709 3765 858 3841 ’,καὶ
879 3785 970 3840 διὰ
990 3786 1081 3839 τὸν
1114 3765 1303 3857 μισθὸν
1326 3786 1560 3859 ἐκλήθην
1595 3787 1832 3858 Ἰσαχάρ.

315 3880 572 3934 Β⁹.‹Τότε
605 3880 759 3952 ὤφθη
795 3880 874 3952 τῷ
911 3880 1104 3934 Ἰακὼϐ
1132 3879 1360 3948 ἄγγελος
1385 3879 1612 3950 Κυρίου,
1639 3880 1833 3948 λέγων,

241 3971 324 4024 ὅτι
346 3971 444 4024 δύο
463 3971 633 4025 τέκνα
667 3972 871 4041 Ῥαχὴλ
894 3970 1130 4036 τέξεται,
1157 3971 1239 4023 ὅτι
1263 3970 1514 4025 διέπτυσε
1551 3974 1834 4027 συνουσίαν

242 4063 458 4133 ἀνδρὸς,
494 4065 589 4116 καὶ
619 4063 900 4130 ἐξελέξατο
931 4064 1276 4136 ἐγκράτειαν.
1312 4065 1424 4118 Καὶ
1458 4067 1506 4118 εί
1543 4065 1616 4136 μὴ
1656 4065 1755 4118 Δία
1798 4067 1833 4138 ἡ

241 4155 430 4225 μήτηρ
469 4171 570 4224 μου
598 4153 782 4208 ἀπὲδω
807 4154 927 4208 ἀντὶ
962 4156 1250 4219 συνουσίας
1278 4153 1347 4208 τὰ
1370 4155 1463 4208 δύο
1497 4156 1664 4228 μῆλα,
1689 4155 1834 4210 ὀκτὼ

233 4245 386 4308 υἱοὺς
423 4240 540 4315 εἶχε
573 4249 785 4299 τεκεῖνο
821 4244 912 4299 διὰ
941 4245 1101 4300 τοῦτο
1142 4246 1200 4314 ἓξ
1241 4247 1428 4311 ἔτεκε,
1479 4249 1608 4312 τοὺς
1651 4249 1708 4302 δὲ
1739 4248 1833 4302 δύο

243 4333 474 4405 Ῥαχὴλ,
528 4337 610 4390 ὅτι
661 4337 720 4389 ἐν
756 4335 1156 4407 μανδραγόραις
1201 4336 1540 4406 ἐπεσκέψατο
1585 4337 1753 4409 αὐτὴν
1803 4339 1832 4390 6

231 4430 468 4499 Κύριος.
514 4424 636 4482 Εἷδε
669 4428 813 4500 γὰρ,
849 4429 931 4481 ὅτι
957 4427 1046 4482 διὰ
1077 4429 1244 4482 τέκνα
1281 4429 1440 4499 ἤθελε
1476 4432 1709 4484 συνεῖναι
1751 4430 1830 4501 τῷ

245 4519 449 4576 Ἰακὼϐ
477 4563 490 4584 ,
528 4522 623 4574 καὶ
653 4521 713 4574 οὐ
748 4521 837 4574 διὰ
868 4521 1199 4593 φιληδονίαν.
1246 4523 1549 4594 Προσθεῖσα
1594 4523 1702 4595 γὰρ
1737 4525 1832 4578 καὶ

230 4617 299 4685 τῇ
329 4613 597 4685 ἐπαύριον
632 4613 862 4666 ἀπέδοτο
891 4614 983 4666 τὸν
1040 4614 1235 4668 Ἰακὼϐ
1254 4655 1268 4678 ,
1319 4615 1407 4668 ἵνα
1439 4614 1578 4688 λάϐῃ
1613 4616 1708 4668 καὶ
1740 4616 1831 4670 τὸν

233 4703 396 4758 ἄλλον
431 4704 811 4776 μανδραγόραν
837 4705 967 4775 (18).
1002 4704 1101 4758 Διὰ
1140 4703 1300 4757 τοῦτο
1339 4707 1396 4758 ἐν
1437 4709 1550 4770 τοῖς
1596 4707 1832 4778 μανδρα-

233 4798 432 4868 γὸραις
461 4796 568 4866 (19)
593 4798 865 4866 ἐπήκουσε
898 4795 1104 4868 Κύριος
1125 4796 1226 4864 τῆς
1267 4797 1499 4868 Ῥαχήλ·
1540 4799 1643 4861 ὅτι,
1669 4798 1828 4868 καίγε

234 4888 528 4959 ποθήσασα
570 4889 767 4952 αὐτοὺς
808 4887 956 4961 ('20),
991 4888 1092 4941 οὐκ
1133 4887 1356 4957 ἔφαγεν,
1407 4889 1522 4942 ἀλλ’
1565 4889 1829 4962 ἀνέθηκεν

307 5044 426 5180 (10)
479 5047 887 5115 Ἠγαπημένοι.
939 5047 1342 5117 Ἡγαπημένου.
1371 5046 1543 5102 GRAB.

337 5115 429 5180 11)
483 5116 706 5172 Ἰακώϐ.
756 5115 1108 5180 Ῥουϐήμεθῑ
1136 5117 1356 5180 quidem
1380 5132 1543 5180 recte,

337 5115 429 5188 11)
483 5116 706 5190 Ἰακώϐ.
756 5115 1356 5190 Ῥουϐήμε-θῑρέιυὶᾱειη
1380 5132 1549 5184 recte,
1603 5118 1748 5175 unde
1773 5128 1829 5175 et

209 5181 468 5241 Latinam
500 5189 812 5241 versionem
844 5181 1075 5242 correxi.
1108 5181 1180 5241 In.

309 5258 424 5327 (12)
465 5257 948 5329 Μανδρατόρους.
999 5258 1413 5329 Μανδραγόραν.
1468 5257 1544 5314 In.
1571 5289 1621 5299 —
1661 5265 1825 5316 Μαν-

235 5326 545 5397 δραγόρων
563 5339 617 5382 et
640 5327 1109 5397 μανδραγόρους,
1144 5326 1429 5383 nominum
1470 5330 1647 5385 instar
1686 5333 1823 5387 sim—

238 5399 465 5474 plicipm
489 5399 544 5474 in
571 5415 629 5453 os
659 5397 1024 5474 desiuentium
1048 5401 1198 5474 ;_sed
1231 5400 1650 5474 pa_ulo_i_nferius
1673 5403 1822 5474 leges

233 5468 654 5538 μανδραγόραν
694 5478 746 5523 et
781 5468 1244 5539 μανδραγόραιςζ
1294 5471 1351 5524 1η
1399 5469 1513 5525 Vet.
1571 5468 1823 5529 Testfet

235 5539 382 5606 apud
426 5540 687 5626 profanos
724 5539 1016 5626 scriptorcs
1061 5541 1407 5626 solummodo
1440 5543 1478 5595 '6
1513 5543 1818 5626 μανδραγό-

238 5609 1396 5756 ίῧιῖιεκὲἑεῆῗῖῗὲἓέέεὲῗι-ἷὲέηὲυδῗιῗνιῗὲῗοτῗ
1404 5624 1814 5756 ίξῗαέἕέξὲὲέἑῖς

239 5755 289 5801 et
333 5750 724 5823 μανδραγόρας.
758 5749 975 5808 Dnacu.
1218 5749 1231 5751 ί
1419 5749 1430 5755 ’
1562 5749 1573 5756 ⁷
1647 5749 1658 5754 ⁷
1706 5749 1717 5756 ’
1797 5786 1799 5788 -

1920 5550 2089 5624 δραγφ

1940 3233 2158 3288 inducta
2185 3249 2264 3287 es.
2301 3231 2370 3286 Et
2405 3235 2625 3288 seduxit
2653 3249 2742 3289 me
2777 3243 2932 3302 pater
2972 3251 3151 3298 meus,
3199 3245 3253 3289 et
3281 3235 3518 3290 transfe-

1939 3338 2068 3378 rens
2099 3339 2186 3378 me
2212 3332 2372 3378 nocte
2416 3325 2530 3389 illa,
2568 3339 2676 3379 non
2712 3327 2962 3396 permisit
3001 3342 3089 3381 me
3125 3327 3341 3394 videre;
3378 3345 3517 3399 quo.-

1940 3415 2084 3468 niam
2117 3414 2164 3470 si
2193 3413 2419 3469 fuissem
2453 3415 2588 3484 illic,
2611 3431 2720 3471 non
2768 3415 2976 3471 factum
3022 3415 3218 3472 fuisset
3246 3419 3368 3473 hoc.
3397 3438 3416 3472 ι
3451 3418 3515 3475 Et

1939 3506 2075 3563 dixit
2100 3506 2305 3562 Rachel
2333 3527 2345 3563 :
2383 3527 2402 3560 ι
2430 3508 2632 3579 Accipe
2661 3524 2827 3563 unam
2861 3509 3302 3580 mandragoram,
3339 3519 3394 3566 et
3417 3528 3516 3583 pro

1939 3616 2047 3656 una
2091 3601 2145 3656 in
2195 3601 2502 3658 mercedem
2535 3601 2604 3657 do
2649 3601 2746 3656 tibi
2791 3616 2918 3657 eum
2953 3601 3010 3656 in
3045 3617 3154 3658 una
3190 3612 3368 3658 nocte.
3402 3623 3422 3656 ι
3450 3603 3514 3659 Et

1937 3695 2193 3766 cognovit
2214 3693 2387 3750 Jacob
2414 3694 2595 3757 Liam,
2629 3702 2684 3748 et
2706 3693 3021 3765 concipiens
3053 3708 3141 3749 me
3176 3695 3424 3766 peperit;
3463 3708 3511 3752 et

1936 3797 2157 3859 propter
2182 3788 2490 3844 mercedem
2515 3795 2743 3843 vocatus
2768 3803 2888 3843 sum
2918 3787 3158 3844 lsachar.

2008 3881 2074 3936 ll.
2122 3900 2142 3933 ι
2170 3881 2328 3936 Tunc
2370 3883 2623 3953 apparuit
2664 3881 2836 3937 Iacob
2873 3882 3099 3952 angelus
3133 3881 3385 3951 Domini,
3432 3884 3514 3940 di-

1935 3989 2089 4040 cens,
2125 3975 2270 4045 quod
2301 3975 2440 4031 duos
2469 3977 2610 4032 lilios
2637 3967 2848 4032 Rachel
2881 3976 3076 4047 pariet,
3115 3978 3374 4047 quoniam
3425 3995 3514 4034 re-

1934 4071 2079 4139 spuit
2111 4070 2316 4125 coitum
2354 4070 2499 4138 viri,
2544 4080 2598 4126 et
2645 4071 2811 4142 elegit
2841 4069 3260 4125 continentiam.
3298 4069 3365 4125 Et
3409 4072 3512 4128 uitii

1933 4159 2032 4216 Lia
2056 4170 2233 4216 mater
2256 4177 2378 4216 mea
2403 4177 2507 4232 pro
2529 4163 2677 4217 coitu
2705 4163 3033 4219 reddidisset
3055 4163 3164 4220 duo
3194 4163 3361 4230 mala,
3389 4173 3512 4220 octo

1933 4253 2074 4309 ﬁlios
2095 4253 2344 4324 paritura
2373 4253 2397 4308 l'
2399 4255 2602 4322 uisset;
2629 4264 2849 4325 propter
2872 4254 2977 4310 hoc
3003 4271 3097 4311 sex
3121 4257 3350 4327 peperit,
3376 4257 3511 4313 duos

1932 4361 2066 4402 vero
2114 4345 2358 4413 Rachel,
2412 4347 2675 4417 quoniam
2726 4349 2782 4402 in
2835 4349 3215 4420 mandragoris
3272 4351 3509 4407 visitavit

1933 4453 2052 4492 eam
2099 4437 2388 4495 Dominus.
2451 4439 2623 4495 Scivit
2675 4440 2858 4506 enim,
2909 4443 3053 4512 quod
3100 4452 3316 4513 propter
3370 4442 3509 4497 ﬁlios

1939 4529 2107 4584 voluit
2135 4532 2280 4585 coire
2305 4545 2430 4586 cum
2477 4529 2666 4597 Jacob,
2715 4545 2769 4588 et
2800 4547 2908 4588 non
2937 4543 3155 4604 pr0pter
3180 4534 3508 4589 desiderium

1932 4622 2262 4693 voluptatis.
2314 4624 2609 4693 Apponens
2643 4626 2791 4680 enim
2827 4635 2882 4681 et
2915 4627 2969 4680 in
3006 4627 3244 4681 crastino
3275 4628 3506 4682 reddidit

1931 4713 2129 4783 Jacob,
2165 4724 2227 4769 ut
2257 4715 2529 4786 acciperet
2574 4724 2630 4772 et
2675 4718 2838 4772 aliam
2883 4720 3324 4788 mandragoram.
3373 4719 3506 4774 Pro-

1931 4817 2052 4877 pter
2091 4808 2196 4862 hoc
2244 4808 2299 4862 in
2336 4809 2722 4880 mandragoris
2762 4809 3042 4864 exaudivit
3092 4809 3354 4869 Dominus
3399 4811 3498 4866 Ra-

1930 4901 2089 4970 chel;
2123 4901 2382 4971 quoniam
2410 4911 2464 4957 et
2489 4902 2806 4958 desiderans
2831 4915 2950 4969 eas,
2981 4917 3090 4958 non
3123 4905 3377 4969 comedit,
3413 4906 3510 4966 sed.

2000 5056 2115 5125 (15)
2153 5057 2405 5128 Αὐτούςγ.
2423 5054 2628 5128 Αὐτὴν.
2656 5052 2828 5113 Gutta.

1997 5129 2112 5204 (14)
2129 5126 2440 5204 *Ταῦτα-δὲ
2464 5126 2630 5196 ἦσαν
2644 5128 2816 5198 μῆλα
2841 5130 3136 5201 εὺώδημα.
3172 5130 3320 5204 Αὕτη
3345 5132 3399 5186 δὲ
3434 5127 3508 5204 ἦν,

1931 5198 2075 5268 μῆλα
2098 5197 2324 5269 εῦοσμα.
2354 5198 2426 5254 In.

1999 5267 2113 5340 (l5)
2155 5267 2416 5335 Πρῶτον.
2443 5270 2717 5340 Πρότερόν
2740 5285 2853 5323 σου.
2883 5270 2962 5326 In.

1999 5339 2112 5408 (16)
2155 5341 2317 5393 Ἕνα.
2345 5339 2508 5394 Μίανζ
2537 5341 2606 5394 ID.

1995 5409 2109 5485 (_
2155 5410 2264 5485 Τοῦ
2460 5411 2738 5485 ἐκμισᾷῶ.
2765 5410 2980 5484 Ταύτης
3000 5415 3344 5485 ὲκμισθὼσω.
3384 5415 3460 5471 In.

1996 5480 2498 5604 ἷόῖυᾶλλον
2528 5480 2969 5553 μανδραγόραν.
3008 5480 3118 5557 Τῆν
3157 5485 3321 5559 ἄλλην
3362 5505 3496 5558 μανι-

2165 5569 2212 5604 ν.
2244 5569 2318 5608 ID.

1993 5568 2755 5698 ῗῖἕῖαἶὲέέᾖανδρατόρφςο
2796 5625 2926 5687 Ταῖς
2956 5627 3376 5698 μανδραγόρας.
3420 5628 3493 5684 In.

1998 5692 2112 5760 (9.0)
2148 5692 2398 5761 among.
2427 5694 2623 5760 Λύτάς.
2653 5695 2743 5752 Sic
2767 5704 2821 5752 et
2844 5692 3008 5770 paulo
3033 5692 3278 5771 postflo.
