4076 6142
562 284 700 344 1087

1697 263 2165 329 TESTAMENTA
2219 261 2312 316 Xll
2362 255 2973 316 PATRIARCHARUM.

3683 250 3825 306 1088

561 401 808 474 reposuit
849 414 947 454 eas
994 397 1049 452 in
1085 396 1250 451 domo
1285 391 1539 454 Domini,
1586 388 1825 443 ollerens
1871 380 2142 441 sacerdmi

2245 378 2440 442 αὐτοὺς
2465 378 2523 430 ἐν
2549 374 2682 445 οἴκῳ
2706 369 2934 441 Κυρίου,
2961 367 3374 440 προσενέγκασα
3395 365 3474 438 τῷ
3499 366 3635 437 ίερεῖ
3669 367 3826 436 Ὑψί-

559 491 850 552 Altissimi,
875 488 967 558 qui
1002 498 1122 540 erat
1155 487 1210 539 in
1239 494 1481 553 tempore
1511 481 1624 536 illo.

631 582 718 637 ill.
767 601 784 633 ι
814 580 1042 646 Quando
1084 579 1246 647 igitur
1291 576 1473 632 factus
1529 590 1651 630 sum
1695 575 1801 636 vir,
1850 571 1950 625 lilii
1995 567 2138 633 mei,

558 675 843 732 ambulavi
870 675 924 728 in
960 672 1286 728 rectitudine
1311 668 1495 724 cordis
1517 708 1531 730 ,
1560 675 1614 720 et
1638 665 1814 720 factus
1845 678 1966 719 sum
1995 660 2141 730 agri-

558 769 677 826 cola
701 778 918 838 patrum
960 779 1235 826 meorum,
1265 772 1318 817 et
1347 759 1579 815 fratrum
1605 772 1876 821 meorum,
1907 763 1962 809 et
1984 753 2138 808 attuli

558 861 776 918 fructus
803 876 867 915 ex
897 862 1046 930 agris
1075 855 1372 912 secundum
1403 863 1616 922 tempus
1643 865 1857 913 eorum,
1891 855 1944 903 et
1973 847 2140 901 bene-

561 955 700 1011 dixit
733 954 865 1008 mihi
904 960 1058 1021 pater
1082 963 1238 1003 meus
1263 988 1278 1010 ,
1310 946 1500 1014 videns
1527 942 1671 1012 quod
1701 942 1755 994 in
1791 938 2140 1007 simplicitate

561 1045 931 1112 ambulabam.
985 1040 1053 1095 Et
1100 1055 1206 1094 non
1241 1053 1389 1093 eram
1428 1040 1804 1106 perscrutator
1839 1030 1891 1084 in
1925 1029 2139 1083 actibus

563 1135 724 1200 meis,
755 1147 931 1202 neque
959 1131 1302 1200 perniciosus
1335 1135 1391 1182 et
1425 1125 1677 1178 invidens
1704 1122 1954 1192 proximo
1979 1133 2136 1184 meo;

560 1243 673 1285 non
699 1227 991 1282 oblocutus
1017 1239 1137 1280 sum
1170 1221 1334 1277 alicui
1357 1259 1372 1284 ,
1424 1232 1602 1288 neque
1629 1211 1931 1284 vituperavi
1970 1210 2138 1268 vitam

563 1319 806 1375 hominis
831 1317 1121 1374 ambulans
1162 1316 1218 1370 in
1263 1313 1614 1383 simplicitate
1653 1309 1960 1362 oculorum.
2005 1304 2140 1358 Pro-

565 1420 686 1481 pter
712 1413 812 1466 hoc
839 1410 1060 1481 triginta
1088 1422 1356 1462 annorum
1404 1403 1586 1472 accepi
1614 1402 1862 1455 mihimet
1888 1413 2136 1460 uxorem,

563 1502 823 1571 quoniam
853 1501 1011 1555 labor
1037 1501 1395 1553 devoraverat
1425 1492 1803 1549 fortitudinem
1843 1504 2042 1543 meam.
2074 1486 2140 1541 Et

563 1609 672 1648 non
701 1591 1202 1648 animadvertebam
1229 1586 1565 1656 voluptatem
1600 1580 1868 1645 mulieris,
1906 1580 1999 1634 sed
2044 1592 2141 1647 per

561 1687 801 1742 laborem
830 1700 1058 1739 somnus
1091 1696 1246 1736 meus
1273 1677 1636 1734 circumdedit
1678 1690 1764 1730 me
1784 1719 1797 1741 ,
1841 1683 1895 1728 et
1924 1687 2141 1740 semper

561 1777 782 1847 gavisus
815 1784 900 1830 est
934 1775 987 1828 in
1039 1772 1388 1841 simplicitate
1460 1784 1579 1823 mea
1645 1776 1798 1836 pater
1849 1779 2025 1819 meus.
2078 1763 2137 1824 Si

561 1869 696 1938 quid
749 1867 898 1922 enim
947 1865 1302 1926 laborabam,
1344 1877 1562 1922 omnem
1609 1859 1845 1913 fructum
1888 1865 1942 1912 et
1978 1871 2140 1912 omne

561 1962 803 2030 primum
836 1974 1057 2029 germen
1103 1958 1342 2027 primum
1393 1970 1488 2026 per
1530 1953 1865 2008 sacerdotem
1908 1949 2140 2005 Domino

563 2053 858 2106 offerebam
886 2091 901 2114 ,
930 2049 1127 2105 deinde
1158 2048 1299 2120 patri
1340 2064 1484 2113 meo,
1517 2056 1570 2102 et
1614 2055 1746 2100 tunc
1777 2059 1876 2113 ego
1908 2041 2044 2114 (Ἡ).
2075 2041 2144 2096 Et

563 2143 829 2199 Dominus
862 2142 1164 2212 duplicavit
1211 2143 1353 2196 bona
1389 2141 1442 2194 in
1481 2139 1735 2194 manibus
1767 2138 1920 2192 meis.
1971 2134 2144 2190 Scivit

562 2246 746 2294 autem
773 2245 826 2290 et
852 2233 1044 2299 Jacob,
1091 2233 1238 2304 quod
1273 2231 1416 2287 Deus
1451 2241 1778 2301 cooperatur
1807 2226 2142 2296 simplicitati

563 2343 699 2384 mete
727 2347 742 2381 :
768 2327 920 2381 omni
943 2327 1087 2380 enim
1115 2326 1338 2395 pauperi
1367 2333 1420 2379 et
1441 2323 1588 2378 onmi
1617 2322 1815 2377 alllicto
1837 2319 2141 2375 tribuebam

563 2431 723 2478 terra:
752 2422 892 2474 bona
927 2421 979 2474 in
1009 2419 1356 2489 simplicitate
1383 2418 1588 2472 cordis.
1635 2474 1637 2476 η

633 2510 724 2566 ιν.
762 2530 780 2562 ι
825 2510 890 2565 Et
913 2526 1059 2565 nunc
1101 2510 1286 2564 audite
1338 2525 1459 2575 me,
1506 2507 1719 2573 lilii,et
1765 2505 2040 2560 ambulate
2086 2504 2142 2558 in

563 2603 915 2673 simplicitate
964 2602 1169 2669 cordis,
1215 2603 1477 2673 quoniam
1536 2601 1661 2654 novi
1713 2601 1768 2654 in
1815 2603 1933 2668 ipsa
1981 2611 2144 2651 omne

563 2696 964 2765 beneplacitum
1010 2694 1249 2750 Domini.
1295 2693 1538 2762 Simplex
1570 2707 1768 2746 aurum
1804 2706 1914 2744 non
1938 2703 2140 2744 concu-

562 2788 747 2858 piscit,
787 2788 1096 2856 proximum
1140 2802 1248 2841 non
1297 2785 1683 2851 circumvenit,
1746 2783 1898 2840 cibos
1961 2782 2142 2836 varios

566 2893 678 2934 non
719 2881 945 2950 appetit,
981 2888 1187 2934 vestem
1239 2879 1510 2933 diversam
1559 2892 1668 2931 non
1708 2877 1853 2942 vult,
1896 2886 2142 2944 tempora

562 2969 724 3040 longa
765 2971 867 3024 sibi
899 2987 1010 3025 non
1047 2971 1352 3041 praescribit
1382 2971 1561 3025 vivere
1580 3012 1594 3036 ,
1625 2970 1717 3025 sed
1746 2967 1922 3024 solum
1951 2966 2143 3036 recipit

562 3062 900 3117 voluntatem
951 3062 1085 3131 Dei;
1129 3074 1183 3119 et
1236 3064 1463 3133 spiritus
1517 3063 1720 3118 erroris
1768 3061 1842 3115 nil
1888 3059 2213 3150 valebuntc

565 3155 830 3210 adversus
868 3170 1018 3210 eum.
1053 3152 1171 3208 Non
1197 3156 1343 3208 enim
1385 3153 1537 3207 novit
1577 3153 1819 3221 recipere
1848 3149 2145 3220 pulchritu-

564 3244 748 3300 dinem
786 3245 1052 3312 mulieris,
1086 3255 1281 3300 utnon
1329 3242 1384 3296 in
1435 3243 1780 3313 perversione
1828 3223 2144 3308 coinquinet

567 3347 806 3396 mentem
841 3352 1029 3405 suam;
1069 3352 1178 3391 non
1226 3335 1376 3391 zelus
1425 3336 1480 3390 in
1513 3335 1760 3390 consiliis
1801 3333 1919 3404 ejus
1952 3347 2145 3401 super-

565 3433 784 3500 veniet;
816 3447 924 3485 non
957 3431 1160 3486 invidia
1195 3430 1476 3500 liquefacit
1510 3430 1749 3484 animam
1788 3429 1928 3498 ejus,
1968 3441 2144 3496 neque

566 3526 780 3580 lucrum
825 3525 878 3578 in
905 3524 1313 3579 insatiabilitate
1351 3523 1650 3592 excogitat;
1695 3521 1788 3576 sed
1821 3519 2061 3574 ambulat
2089 3518 2145 3572 in

566 3618 895 3676 rectitudine
929 3618 1091 3684 vita),
1140 3626 1194 3672 et
1243 3617 1426 3670 omnia
1477 3617 1624 3669 videt
1669 3618 1722 3668 in
1760 3615 2141 3683 simplicitate,

565 3725 676 3764 non
706 3709 974 3776 recipiens
999 3708 1173 3763 oculis
1197 3707 1564 3777 malignitates
1605 3707 1673 3761 ab
1700 3721 1888 3760 errore
1930 3705 2143 3774 mundi,

567 3813 630 3858 ut
657 3818 762 3857 non
795 3803 975 3858 videat
1006 3818 1260 3873 perverse
1289 3802 1511 3872 aliquod
1537 3801 1919 3856 mandatorum
1955 3797 2068 3855 Dei.

639 3897 706 3952 V.
738 3917 756 3950 ι
795 3897 1077 3952 Custodite
1121 3897 1319 3967 igitur,
1353 3896 1449 3950 tilii
1497 3895 1638 3961 mei,
1677 3895 1850 3964 legem
1901 3893 2032 3959 Dei,
2090 3901 2146 3948 et

566 3990 972 4060 simplicitatem
1015 3989 1306 4060 possidete,
1335 3999 1389 4044 et
1418 3989 1473 4042 in
1501 3987 1813 4043 innocentia
1845 3986 2140 4051 ambulate,

567 4099 678 4137 non
724 4080 888 4135 nimis
928 4081 1144 4134 curiose
1188 4087 1495 4134 scrutantes
1543 4078 1793 4132 mandata
1818 4077 2056 4142 Domini,
2089 4083 2145 4132 et

566 4175 803 4246 proximi
847 4174 1125 4240 actiones;
1157 4173 1251 4228 sed
1298 4172 1506 4242 diligite
1541 4169 1832 4226 Dominum
1873 4179 1927 4224 et
1955 4169 2143 4240 proxi-

566 4282 754 4330 mum,
801 4265 1060 4336 pauperis
1105 4274 1159 4320 et
1207 4265 1407 4319 inﬁrmi
1445 4263 1799 4317 miseremini.
1842 4261 2143 4334 Supponite

567 4361 792 4414 dorsum
817 4365 1063 4413 vestrum
1105 4357 1173 4413 ad
1225 4372 1417 4428 agrum
1456 4354 1772 4419 colendum,
1805 4363 1858 4408 et
1884 4355 2141 4409 laboran-

2245 485 2393 530 στου,
2416 467 2497 538 τῷ
2519 467 2633 519 ὄντι
2658 465 2717 517 ἐν
2749 461 2827 532 τῷ
2849 459 3028 532 καιρῷ
3049 459 3262 530 ἐκείνῳ.

2311 561 2383 613 l".
2409 578 2429 610 ι
2458 560 2586 611 Ὅτε
2617 553 2710 611 οὖν
2733 553 3022 627 ηδρύνθην,
3042 553 3207 606 τέκνα
3231 569 3351 622 μου,
3387 551 3727 623 ἐπορευόμην
3767 553 3827 605 ἐν

2242 650 2496 719 εὐθύτητι
2515 648 2764 718 καρδίας,
2789 647 2882 700 καὶ
2904 644 3167 715 ἐγενόμην
3186 642 3428 714 γεωργές
3446 643 3554 696 τῶν
3574 643 3766 714 πατέρι
3781 661 3824 695 ιν

2246 761 2371 815 μου,
2400 743 2498 795 καὶ
2531 738 2640 794 τῶν
2683 736 2928 806 ἀδελφῶν
2971 754 3094 807 μου,
3126 737 3220 793 καὶ
3259 735 3454 805 ἔφερον
3486 736 3732 804 καρποὺς
3769 734 3825 800 ἐξ

2242 832 2430 905 ἀγρῶν
2457 829 2600 885 κατὰ
2631 830 2823 903 καιρὸν
2855 829 3054 891 αὐτῶν,
3083 828 3177 881 καὶ
3202 826 3462 897 εύλόγησέ
3489 844 3558 898 με
3590 829 3619 881 ό
3645 833 3826 897 πατὴρ

2245 942 2348 1000 μου
2373 965 2389 989 ,
2425 923 2636 994 βλέπων
2665 925 2748 978 ὅτι
2795 923 2854 975 ἐν
2901 920 3164 991 ἁπλότητι
3211 917 3532 990 πορεύομαι.
3583 919 3694 971 Καὶ
3727 918 3827 972 ο·“ιι

2239 1017 2388 1088 ἢμην
2425 1015 2720 1088 περίεργος
2759 1015 2818 1068 ἐν
2866 1015 2987 1075 ταῖς
3031 1009 3262 1082 πράξεσί
3315 1027 3440 1080 μου,
3486 1008 3607 1088 οὐδὲ
3657 1025 3826 1080 πονη-

2245 1106 2342 1176 ρδς
2363 1103 2476 1176 (21)
2508 1105 2602 1162 καὶ
2637 1104 2917 1176 βάσκανος
2949 1101 3027 1172 τῷ
3060 1100 3287 1170 πλησίον
3322 1115 3457 1169 μου.
3498 1099 3558 1150 οὐ
3599 1098 3826 1152 xm“.

2239 1197 2380 1268 λησά
2414 1213 2579 1260 τινος,
2611 1195 2732 1247 οὐδὲ
2773 1193 2938 1264 ἐψεεα
2981 1193 3093 1264 βίον
3125 1191 3435 1262 ἀνθρώπου,
3463 1191 3826 1262 πορευόμενος

2241 1289 2298 1341 ἐν
2351 1289 2616 1359 ἁπλότητι
2663 1285 2976 1358 ὀφθαλμῶν.
3020 1285 3120 1338 Διὰ
3158 1283 3318 1337 τοῦτο
3368 1284 3664 1356 τριάκοντα
3716 1284 3826 1354 (23)

2240 1380 2379 1433 ἐτῶν
2413 1379 2602 1433 ἔλαϐον
2632 1377 2855 1448 ἐμαυτῷ
2893 1379 3147 1445 γυναῖκα,
3188 1377 3269 1429 ὃτι
3308 1377 3336 1429 ό
3376 1377 3621 1447 κάματος
3655 1379 3826 1449 κατή-

2243 1473 2358 1525 σθιε
2389 1471 2486 1543 τὴν
2516 1471 2666 1542 ίσχύν
2697 1487 2796 1542 μου
2817 1487 2830 1500 ο
2874 1470 2968 1522 καὶ
3009 1469 3111 1521 οὐκ
3144 1470 3388 1522 ἐνενόουν
3415 1470 3609 1541 ἡδονὴν
3638 1489 3831 1540 γυναι-

2241 1565 2354 1628 κὸς,
2381 1564 2514 1619 ἀλλὰ
2536 1564 2623 1618 διὰ
2659 1562 2752 1616 τοῦ
2792 1563 2963 1615 κόπου
2991 1561 3157 1624 ύπνος
3199 1578 3289 1632 μοι
3333 1563 3700 1634 περιεγένετο,
3736 1566 3831 1617 καὶ

2241 1659 2471 1712 πάντοτε
2505 1656 2721 1728 ἔχαιρεν
2759 1656 2852 1709 ἐπὶ
2885 1658 2952 1726 τῇ
2983 1653 3244 1724 ἁπλότητί
3273 1671 3373 1724 μου
3413 1657 3442 1705 ό
3485 1657 3668 1726 πατὴρ
3704 1674 3826 1725 μου.

2171 1721 2359 1805 ΒΕ’ίτι
2404 1721 2835 1821 γὰρΠέκαμνον,
2890 1721 3071 1800 πάσαν
3115 1721 3336 1815 ὀπώραν
3385 1745 3534 1816 (25),
3585 1721 3679 1799 καὶ
3705 1721 3830 1799 πᾶν

2243 1843 2676 1915 πρωτογὲννημα
2702 1841 2917 1914 πρῶτον
2941 1840 3031 1894 διὰ
3068 1839 3162 1893 τοῦ
3208 1839 3398 1910 ἱερέως
3433 1840 3624 1910 Κυρίῳ
3660 1856 3828 1910 προσ-

2243 1937 2460 2007 έφερον,
2507 1934 2696 1988 ἔπειτα
2739 1933 2818 2005 τῷ
2867 1933 3035 2004 πατρί
3071 1950 3195 2004 μου,
3243 1932 3337 1985 καὶ
3389 1932 3508 1985 τότε
3553 1931 3681 2000 ἐγώ.
3722 1932 3832 1983 Καὶ

2241 2026 2448 2096 Κύριος
2529 2023 2875 2076 ἐδιπλασίασε
2951 2022 3021 2075 τὰ
3095 2021 3275 2090 ἀγαθὰ
3354 2023 3412 2074 ἐν
3483 2022 3640 2092 χερσί
3708 2039 3828 2092 μου.

2245 2117 2400 2188 ’ῌδει
2427 2116 2483 2168 δὲ
2519 2117 2614 2168 κα).
2652 2113 2872 2178 Ἰακὼϐ,
2898 2114 2979 2166 ὃτι
3023 2114 3052 2166 ὁ
3095 2113 3227 2176 Θεὸς
3269 2117 3521 2184 συνεργεί
3556 2115 3623 2182 τῇ
3667 2112 3832 2165 ἁπλό-

2241 2210 2364 2282 τητί
2411 2227 2546 2280 μου·
2585 2211 2747 2264 παντὶ
2793 2209 2902 2281 γὰρ
2945 2209 3138 2278 πένητι
3183 2208 3278 2262 καὶ
3325 2209 3490 2260 παντὶ
3531 2206 3831 2276 θλιϐομένῳ

2243 2305 2505 2374 παρεῖχον
2538 2301 2640 2372 τῆς
2665 2301 2768 2371 γῆς
2793 2299 2864 2354 τὰ
2886 2299 3067 2369 ἀγαθὰ
3092 2301 3151 2354 ἐν
3187 2297 3450 2370 ἁπλότητι
3474 2296 3726 2367 καρδίας.

2315 2481 2388 2532 A'.
2430 2498 2449 2531 ι
2475 2480 2587 2532 Καὶ
2609 2479 2706 2534 νῦν
2733 2479 3004 2534 ἀκούσατέ
3039 2497 3160 2550 μου,
3184 2480 3371 2543 τέκνα,
3406 2479 3502 2534 καὶ
3535 2476 3829 2550 πορεύεσθε

2244 2570 2303 2622 ἐν
2332 2571 2589 2641 ἁπλότητι
2623 2572 2868 2642 καρδίας,
2897 2571 2978 2624 ὅτι
3007 2569 3147 2625 εἶδον
3182 2573 3243 2624 ἐν
3270 2573 3407 2642 αὐτῇ
3438 2573 3619 2623 πᾶσαν
3644 2570 3832 2639 εὐαρέ-

2245 2678 2433 2732 στησιν
2460 2663 2689 2732 Κυρίου.
2728 2663 2785 2716 '0
2809 2662 3014 2727 ἁπλοῦς
3039 2664 3260 2735 χρυσίον
3285 2665 3383 2717 οὐκ
3418 2663 3681 2733 ἐπιθυμεῖ
3700 2702 3716 2725 ,
3742 2663 3830 2714 τὸν

2244 2753 2473 2823 πλησίον
2489 2755 2548 2806 ού
2580 2753 2913 2819 πλεονεκτεῖ,
2943 2756 3247 2827 βρωμάτων
3273 2756 3536 2810 ποικίλων
3555 2759 3658 2810 οὐκ
3687 2757 3834 2826 ἐφίε-

2241 2859 2354 2906 ται,
2381 2843 2582 2914 ἐσθῆτα
2611 2844 2866 2917 διάφορον
2904 2847 2962 2899 ού
3006 2847 3170 2910 θέλει,
3206 2849 3431 2919 χρόνους
3467 2849 3714 2919 μακροὺς
3735 2847 3831 2917 οὐχ

2243 2932 2552 3004 ὑπογράφει
2577 2934 2694 3006 ζῇν,
2723 2935 2857 2988 ἁλλὰ
2893 2937 3052 3007 μόνον
3084 2938 3362 3008 ἐκδέχεται
3400 2939 3461 2991 τὸ
3487 2938 3700 3009 θέλημα
3737 2935 3831 2990 τοῦ

2245 3021 2400 3076 Θοοῦο
2439 3022 2598 3093 καίγε
2631 3023 2701 3076 τὰ
2734 3024 3019 3096 πνεύματα
3039 3027 3140 3098 τῆς
3164 3027 3370 3097 πλάνης
3400 3028 3500 3081 οὐκ
3529 3027 3642 3098 (25)
3681 3025 3831 3097 ίοχύ-

2249 3131 2399 3167 σουσι
2433 3115 2571 3187 πρὸς
2604 3116 2786 3171 αὐτόν.
2832 3118 2905 3172 Ού
2940 3117 3050 3191 γὰρ
3083 3115 3220 3174 εἶδεν
3255 3118 3606 3187 ἐπιδέξασθαι
3638 3120 3832 3183 κάλλος

2249 3205 2488 3276 θηλείας,
2525 3207 2612 3261 ἵνα
2637 3208 2711 3280 μὴ
2736 3210 2796 3264 ἐν
2828 3209 3125 3282 διαστροφῇ
3157 3213 3324 3285 μιάνῃ
3356 3211 3447 3264 τὸν
3480 3210 3608 3264 νοῦν
3642 3209 3826 3264 αὐτοῦ

2245 3299 2306 3350 ού
2337 3295 2497 3368 ζῆλος
2521 3299 2578 3351 ἐν
2612 3298 2936 3364 διαϐουλίοις
2964 3300 3128 3353 αὐτοῦ
3149 3300 3521 3356 ἐπελεύσεται·
3545 3302 3608 3354 ού
3629 3301 3831 3371 βασκα-

2247 3387 2334 3440 νία
2351 3388 2576 3458 ἐκτήκει
2602 3387 2780 3460 ψυχὴν
2803 3389 2988 3453 αὑτοῦ,
3007 3390 3127 3444 οὐδὲ
3144 3392 3411 3462 πορισμὸν
3440 3392 3552 3462 (26)
3579 3395 3637 3444 ἐν
3661 3392 3832 3462 ἀπλη-

2248 3477 2372 3549 στίᾳ
2406 3479 2596 3532 ἐννοεῖο
2635 3479 2920 3550 πορεύεται
2953 3480 3009 3533 δὲ
3036 3482 3092 3533 ἐν
3113 3481 3366 3553 εύθύτητι
3403 3482 3547 3554 ζωῆς
3574 3484 3709 3552 (27),
3738 3485 3832 3535 καὶ

2248 3570 2425 3624 πάντα
2459 3574 2560 3643 όρᾷ
2583 3574 2640 3625 ἐν
2676 3572 2961 3642 ἁπλότητι,
3009 3574 3082 3645 μὴ
3119 3574 3499 3645 ἐπιδεχόμενος
3535 3575 3829 3645 ὀφθαλμοῖς

2248 3662 2511 3733 πονηρίας
2537 3663 2646 3716 ἀπὸ
2668 3663 2767 3734 τῆς
2788 3663 2996 3736 πλάνης
3019 3665 3112 3718 τοῦ
3142 3666 3369 3735 κόσμου,
3403 3667 3490 3720 ἵνα
3518 3667 3592 3738 μὴ
3619 3667 3704 3741 ἴδῃ
3726 3667 3831 3721 διε-

2248 3754 2614 3825 στραμμένως
2638 3770 2692 3806 τι
2723 3754 2831 3808 τῶν
2855 3755 3084 3809 ἐντολῶν
3110 3756 3222 3827 (28)
3246 3757 3341 3810 τοῦ
3368 3759 3598 3829 Κυρίου.

2318 3903 2396 3957 E'.
2431 3923 2449 3955 ι
2472 3903 2748 3970 Φυλάξατε
2769 3901 2884 3972 οὖν,
2909 3907 3074 3961 τέκνα
3099 3925 3222 3980 μου,
3240 3909 3402 3982 νόμον
3425 3911 3584 3978 Θεοῦ,
3613 3914 3706 3966 καὶ
3730 3915 3832 3984 τὴν

2247 3996 2533 4068 ἁπλότητα
2568 3998 2865 4070 κτήσασθε,
2907 4001 3001 4053 καὶ
3037 4002 3096 4054 ἐν
3135 4001 3346 4074 ἀκακία
3384 4004 3716 4074 πορεύεσθε,
3754 4008 3831 4077 μὴ

2246 4087 2736 4161 περιεργαζόμενοι
2769 4091 2986 4156 ἐντολὰς
3011 4093 3238 4164 Κυρίου,
3259 4096 3352 4148 καὶ
3381 4095 3475 4148 τοῦ
3497 4095 3720 4168 πλησίον
3733 4099 3831 4164 τὰς

2245 4180 2497 4254 πράξεις·
2537 4181 2652 4235 ἀλλ’
2687 4183 2936 4251 ἀγαπᾶτε
2975 4184 3181 4257 Κύριον
3219 4187 3315 4240 καὶ
3353 4187 3444 4241 τὸν
3476 4189 3720 4258 πλησίον,
3743 4190 3834 4243 πέ-

2243 4289 2381 4344 νητα
2408 4275 2502 4327 κα).
2525 4273 2722 4344 ἀσθενῆ
2741 4274 3018 4346 ἐλεήσατε.
3058 4277 3367 4331 Ὑποτίθετε
3381 4279 3472 4332 τὸν
3487 4279 3653 4333 νῶτον
3676 4282 3829 4352 ὑμῶν

2243 4365 2325 4427 είς
2361 4365 2425 4418 τὸ
2446 4369 2730 4436 γεωργεῖν,
2760 4367 2852 4419 καὶ
2887 4366 3213 4439 ἐργάζεσθαι
3246 4370 3305 4422 ἐν
3338 4368 3520 4441 ἔργοις
3549 4370 3673 4444 γῆς,
3707 4374 3828 4427 καθ’

563 4449 698 4504 dum
729 4449 786 4503 in
819 4449 1077 4520 operibus
1113 4455 1292 4512 terras,
1355 4445 1656 4502 secundum
1696 4460 2139 4515 unamquamque

2248 4454 2488 4526 ἑκάστην
2504 4455 2775 4526 γεωργίαν
2789 4454 2936 4526 δῶρα
2957 4455 3073 4526 μετ’
3093 4456 3441 4527 εὐχαριστίας
3456 4458 3646 4530 Κυρίῳ
3662 4476 3828 4531 προσ-

567 4542 961 4610 agriculturam
997 4541 1141 4596 dona
1173 4556 1296 4596 cum
1327 4539 1629 4611 gratiarum
1663 4539 1877 4593 actione
1907 4537 2138 4594 Domino

569 4636 887 4700 oﬂerentes;
919 4635 1181 4704 quoniam
1203 4633 1256 4686 in
1287 4633 1476 4703 primis
1501 4632 1834 4704 germinibus
1865 4630 2143 4688 fructuum

574 4745 728 4786 terra:
765 4729 1041 4786 benedixit
1070 4729 1167 4784 tibi
1212 4729 1497 4794 Dominus,
1539 4727 1681 4782 sicut
1720 4728 1997 4784 benedixit
2022 4746 2144 4785 om~

571 4822 732 4886 libus
757 4822 982 4888 sanctis,
1007 4822 1076 4876 ab
1116 4821 1250 4877 Abel
1284 4835 1457 4892 usque
1487 4821 1554 4876 ad
1599 4821 1702 4875 hoc
1748 4831 1983 4891 tempus.
2020 4821 2140 4885 Non

579 4915 714 4969 .mim
754 4913 918 4968 datur
950 4914 1047 4968 tibi
1077 4914 1182 4968 alia
1215 4929 1362 4984 pars,
1394 4929 1559 4984 quam
1585 4914 1929 4985 pinguediuis
1959 4930 2138 4982 terras,

567 5007 728 5076 cujus
764 5004 821 5060 in
853 5005 1136 5060 doloribus
1180 5015 1309 5060 sunt
1346 5005 1589 5073 fructus;
1624 5005 1885 5075 quoniam
1906 5014 1960 5058 et
1989 5014 2141 5074 pater

569 5105 758 5153 noster
792 5095 962 5151 Jacob
986 5096 1042 5150 in
1089 5096 1559 5152 benedictionibus
1593 5105 1752 5151 terra;
1778 5105 1834 5150 et
1873 5095 2141 5165 primitia-

571 5208 695 5249 rum
753 5189 1032 5246 fructuum
1085 5190 1363 5246 benedixit
1425 5189 1581 5244 mihi.
1613 5186 1680 5244 Et
1705 5186 1836 5242 Levi
1873 5195 1928 5243 et
1971 5185 2142 5242 Judas

643 5395 756 5466 (21)
795 5395 1080 5466 Πονηρός.
1108 5393 1390 5466 Φθονερός.
1411 5390 1579 5466 ϐίῃ-ΑΒ.

642 5461 756 5536 ἑξεῖ.)
809 5461 1144 5536 Τριάκοντα.
1184 5461 1374 5536 Πέντε,
1401 5463 1526 5520 add.
1556 5461 1721 5516 CMB,

645 5533 756 5606 (:25)
801 5535 1074 5606 Ὀπώραν.
1115 5535 1319 5606 Ὥραν.
1343 5533 1416 5588 In.

646 5603 758 5676 (24)
795 5605 861 5661 Et
915 5616 1043 5660 tunc
1093 5603 1204 5676 ego.
1262 5603 1360 5661 Hic
1410 5603 1614 5673 aliquid
1667 5603 1856 5658 deesse
1899 5603 2134 5660 videtur.

573 5688 648 5732 ιι).

2248 4545 2534 4616 φέροντες⁸
2560 4547 2642 4599 ὅτι
2677 4547 2735 4600 ἐν
2770 4549 3260 4620 πρωτογεννήμασι
3292 4548 3522 4620 καρπῶν
3544 4551 3648 4622 γῆς
3681 4550 3830 4603 εὐλό-

2245 4641 2386 4707 γησέ
2425 4654 2484 4690 σε
2511 4637 2734 4708 Κύριος,
2763 4637 2946 4703 καθὼς
2961 4638 3218 4710 εύλόγησε
3243 4640 3452 4706 πάντας
3469 4642 3598 4706 τοὺς
3620 4643 3826 4710 ἁγίους,

2246 4728 2360 4782 ἀπὸ
2394 4729 2561 4782 Ἀὁελ
2594 4729 2700 4794 ἕως
2721 4730 2815 4784 τοῦ
2840 4731 2955 4785 νῦν.
2988 4733 3061 4784 Οὐ
3085 4732 3194 4802 γὰρ
3217 4732 3424 4787 δέδοταί
3461 4750 3544 4787 σοι
3569 4733 3705 4804 άλλη
3732 4751 3827 4805 με·-

2251 4821 2354 4892 ρὶς,
2380 4819 2414 4890 ἢ
2446 4821 2544 4892 τῆς
2567 4822 2820 4894 πιότητος
2856 4824 2956 4894 τῆς
2989 4825 3112 4894 γῆς,
3147 4819 3214 4894 ἦς
3239 4825 3296 4876 ἐν
3323 4825 3504 4888 πόνοις
3529 4826 3580 4879 οί
3606 4825 3824 4898 καρποί·

2247 4913 2329 4966 ὅτι
2362 4915 2456 4967 κα.)¹
2495 4916 2524 4968 ό
2563 4915 2746 4987 πατὴρ
2780 4915 2937 4986 ἡμῶν
2977 4914 3169 4969 Ἰακὼὸ
3207 4917 3265 4968 ἐν
3298 4916 3568 4986 εὐλογίαις
3601 4919 3704 4988 γῆς
3735 4918 3829 4970 καὶ

2249 5005 2512 5076 ἀπαρχῶν
2559 5006 2786 5078 καρπῶν
2832 5006 3097 5078 εύλόγησέ
3152 5024 3242 5078 με.
3282 5008 3393 5060 Καὶ
3424 5008 3455 5060 ὁ
3500 5009 3634 5062 Δευῖ
3679 5009 3768 5061 καὶ
3800 5009 3829 5059 ό

2262 5098 2429 5152 ⁹ἰούδα
2452 5098 2812 5170 ἐδοξάσθησαν
2831 5097 2983 5170 παρὰ
3009 5099 3198 5171 Κυρίῳ
3219 5100 3276 5151 ἐν
3299 5101 3436 5162 υἱοῖς
3474 5095 3691 5152 Ἰακώϐ.
3721 5099 3830 5150 Καὶ

2249 5193 2359 5266 γὰρ
2388 5196 2417 5248 ό
2447 5193 2652 5266 Κύριος
2679 5193 2989 5265 ἐκλήρωσεν
3013 5192 3071 5246 ἐν
3095 5193 3299 5258 αὐτοῖς,
3323 5192 3417 5246 καὶ
3442 5192 3522 5263 τῷ
3547 5199 3645 5263 μεν
3661 5190 3829 5244 ἔδωκε

2319 5395 2432 5462 (23)
2472 5399 2613 5451 Οὐκ.
2637 5391 2818 5450 Οὐδέν.
2848 5399 2927 5452 In.

2319 5466 2430 5606 (‘26)
2466 5469 2782 5547 Πορισμόν.
2821 5469 3226 5540 Περισπασμόν.
3264 5470 3342 5524 In.

2319 5537 2406 5606 (27
2467 5541 2652 5605 Ζωης.
2681 5539 2890 5606 Ψυχῆς.
2922 5541 2996 5593 ιυ.

2317 5537 2430 5678 E27)
2467 5537 2652 5605 Ζωῆς.
2681 5537 2996 5609 Ψυχῆςζῐυ.

2342 5609 2426 5678 28)
2464 5608 2942 5678 Διεστραμμένως
2975 5628 2996 5664 τ

2342 5609 2426 5678 28)
2464 5608 2942 5688 ᾼιεςττρᾳμμέὴως
2975 5627 3028 5664 τι
3054 5609 3166 5664 τῶν
3197 5609 3485 5664 ἐντολῶν.
3523 5613 3826 5688 Διεστίαμθ

2252 5681 2416 5752 μένας
2443 5679 2538 5743 τὰς
2567 5680 2802 5744 ἐντολάς.
2841 5681 2917 5734 lo.
