  <div class='ocr_page' id='page_1' title='image "/cluster/home/n/w/nwhite01/storage/ocr_20150623/2/mdp.39015005182426/554.png"; bbox 0 0 4076 6142; ppageno 0'>
   <div class='ocr_carea' id='block_1_1' title="bbox 324 284 473 348">
    <p class='ocr_par' dir='ltr' id='par_1_1' title="bbox 324 284 473 348">
     <span class='ocr_line' id='line_1_1' title="bbox 324 284 473 348; baseline 0.007 -3"><span class='ocrx_word' id='word_1_1' title='bbox 324 288 350 345; x_wconf 80' lang='grc' dir='ltr'><strong>Ι</strong></span> <span class='ocrx_word' id='word_1_2' title='bbox 360 284 473 348; x_wconf 74' lang='lat'><strong>089</strong></span> 
     </span>
    </p>
   </div>
   <div class='ocr_carea' id='block_1_2' title="bbox 1442 231 2349 331">
    <p class='ocr_par' dir='ltr' id='par_1_2' title="bbox 1442 231 2349 331">
     <span class='ocr_line' id='line_1_2' title="bbox 1442 231 2349 331; baseline -0.004 -1"><span class='ocrx_word' id='word_1_3' title='bbox 1442 231 1971 331; x_wconf 77' lang='lat' dir='ltr'><strong>TESTAMENTUM</strong></span> <span class='ocrx_word' id='word_1_4' title='bbox 2005 269 2349 330; x_wconf 79' lang='lat' dir='ltr'><strong>ZABULON.</strong></span> 
     </span>
    </p>
   </div>
   <div class='ocr_carea' id='block_1_3' title="bbox 3444 278 3583 336">
    <p class='ocr_par' dir='ltr' id='par_1_3' title="bbox 3444 278 3583 336">
     <span class='ocr_line' id='line_1_3' title="bbox 3444 278 3583 336; baseline 0.014 -2"><span class='ocrx_word' id='word_1_5' title='bbox 3444 280 3468 334; x_wconf 74' lang='grc' dir='ltr'><strong>ι</strong></span> <span class='ocrx_word' id='word_1_6' title='bbox 3478 278 3583 336; x_wconf 78' lang='lat'><strong>090</strong></span> 
     </span>
    </p>
   </div>
   <div class='ocr_carea' id='block_1_4' title="bbox 317 380 1908 481">
    <p class='ocr_par' dir='ltr' id='par_1_4' title="bbox 317 380 1901 481">
     <span class='ocr_line' id='line_1_4' title="bbox 317 380 1901 481; baseline -0.009 -21"><span class='ocrx_word' id='word_1_7' title='bbox 317 409 419 481; x_wconf 66' lang='grc' dir='ltr'>τὴν</span> <span class='ocrx_word' id='word_1_8' title='bbox 450 380 744 479; x_wconf 77' lang='grc' dir='ltr'>ἱερατείαν,</span> <span class='ocrx_word' id='word_1_9' title='bbox 775 399 856 474; x_wconf 82' lang='grc' dir='ltr'><strong>τῷ</strong></span> <span class='ocrx_word' id='word_1_10' title='bbox 879 400 935 455; x_wconf 82' lang='grc' dir='ltr'>δὲ</span> <span class='ocrx_word' id='word_1_11' title='bbox 969 394 1268 471; x_wconf 87' lang='grc' dir='ltr'>βασιλείαν.</span> <span class='ocrx_word' id='word_1_12' title='bbox 1305 395 1500 458; x_wconf 81' lang='grc' dir='ltr'>Αὐτοῖς</span> <span class='ocrx_word' id='word_1_13' title='bbox 1533 394 1901 460; x_wconf 81' lang='grc' dir='ltr'><strong>ὑπακούσατε,</strong></span> 
     </span>
    </p>
   </div>
   <div class='ocr_carea' id='block_1_5' title="bbox 2010 380 3583 481">
    <p class='ocr_par' dir='ltr' id='par_1_5' title="bbox 2010 387 3583 465">
     <span class='ocr_line' id='line_1_5' title="bbox 2010 387 3583 465; baseline 0.007 -19"><span class='ocrx_word' id='word_1_14' title='bbox 2010 390 2294 465; x_wconf 88' lang='lat' dir='ltr'><strong>gloriﬁcati</strong></span> <span class='ocrx_word' id='word_1_15' title='bbox 2326 397 2454 445; x_wconf 91' lang='lat' dir='ltr'><strong>sunt</strong></span> <span class='ocrx_word' id='word_1_16' title='bbox 2501 403 2534 443; x_wconf 92' lang='lat' dir='ltr'><strong>a</strong></span> <span class='ocrx_word' id='word_1_17' title='bbox 2579 387 2812 446; x_wconf 90' lang='lat' dir='ltr'><strong>Domino</strong></span> <span class='ocrx_word' id='word_1_18' title='bbox 2860 391 2915 446; x_wconf 94' lang='lat' dir='ltr'><strong>in</strong></span> <span class='ocrx_word' id='word_1_19' title='bbox 2963 391 3090 449; x_wconf 89' lang='lat' dir='ltr'><strong>ﬁliis</strong></span> <span class='ocrx_word' id='word_1_20' title='bbox 3137 391 3325 451; x_wconf 83' lang='lat' dir='ltr'><strong>Jacob.</strong></span> <span class='ocrx_word' id='word_1_21' title='bbox 3364 395 3583 458; x_wconf 87' lang='lat' dir='ltr'><strong>Etenim</strong></span> 
     </span>
    </p>
   </div>
   <div class='ocr_carea' id='block_1_6' title="bbox 315 484 1899 569">
    <p class='ocr_par' dir='ltr' id='par_1_6' title="bbox 315 484 1899 569">
     <span class='ocr_line' id='line_1_6' title="bbox 315 484 1899 569; baseline -0.011 -16"><span class='ocrx_word' id='word_1_22' title='bbox 315 500 416 553; x_wconf 73' lang='grc' dir='ltr'>καὶ</span> <span class='ocrx_word' id='word_1_23' title='bbox 446 501 512 569; x_wconf 77' lang='grc' dir='ltr'>τῇ</span> <span class='ocrx_word' id='word_1_24' title='bbox 544 493 804 565; x_wconf 78' lang='grc' dir='ltr'><strong>ἁπλότητι</strong></span> <span class='ocrx_word' id='word_1_25' title='bbox 825 490 918 546; x_wconf 82' lang='grc' dir='ltr'>τοῦ</span> <span class='ocrx_word' id='word_1_26' title='bbox 943 487 1150 561; x_wconf 82' lang='grc' dir='ltr'>πατρὸς</span> <span class='ocrx_word' id='word_1_27' title='bbox 1184 484 1339 557; x_wconf 85' lang='grc' dir='ltr'>ὑμῶν</span> <span class='ocrx_word' id='word_1_28' title='bbox 1366 485 1798 557; x_wconf 51' lang='grc' dir='ltr'>περιπατήσατε</span> <span class='ocrx_word' id='word_1_29' title='bbox 1817 484 1899 537; x_wconf 83' lang='grc' dir='ltr'>ὅτι</span> 
     </span>
    </p>
   </div>
   <div class='ocr_carea' id='block_1_7' title="bbox 317 574 1904 659">
    <p class='ocr_par' dir='ltr' id='par_1_7' title="bbox 317 574 1904 659">
     <span class='ocr_line' id='line_1_7' title="bbox 317 574 1904 659; baseline -0.011 -15"><span class='ocrx_word' id='word_1_30' title='bbox 317 592 415 644; x_wconf 72' lang='grc' dir='ltr'><strong>καὶ</strong></span> <span class='ocrx_word' id='word_1_31' title='bbox 443 589 522 659; x_wconf 80' lang='grc' dir='ltr'><strong>τῷ</strong></span> <span class='ocrx_word' id='word_1_32' title='bbox 557 586 664 641; x_wconf 84' lang='grc' dir='ltr'><strong>Γὰδ</strong></span> <span class='ocrx_word' id='word_1_33' title='bbox 700 585 857 655; x_wconf 87' lang='grc' dir='ltr'>ὲδόθη</span> <span class='ocrx_word' id='word_1_34' title='bbox 881 580 1140 637; x_wconf 79' lang='grc' dir='ltr'><strong>ἀπολέσαι</strong></span> <span class='ocrx_word' id='word_1_35' title='bbox 1178 577 1248 632; x_wconf 86' lang='grc' dir='ltr'><strong>τὰ</strong></span> <span class='ocrx_word' id='word_1_36' title='bbox 1279 577 1612 649; x_wconf 81' lang='grc' dir='ltr'>πειρατήρια</span> <span class='ocrx_word' id='word_1_37' title='bbox 1644 574 1714 628; x_wconf 88' lang='grc' dir='ltr'>τὰ</span> <span class='ocrx_word' id='word_1_38' title='bbox 1746 575 1904 646; x_wconf 74' lang='grc' dir='ltr'>ἐπερ-</span> 
     </span>
    </p>
   </div>
   <div class='ocr_carea' id='block_1_8' title="bbox 316 678 798 756">
    <p class='ocr_par' dir='ltr' id='par_1_8' title="bbox 316 678 798 756">
     <span class='ocr_line' id='line_1_8' title="bbox 316 678 798 756; baseline -0.012 -19"><span class='ocrx_word' id='word_1_39' title='bbox 316 686 526 756; x_wconf 89' lang='grc' dir='ltr'>χόμενα</span> <span class='ocrx_word' id='word_1_40' title='bbox 562 678 798 752; x_wconf 82' lang='grc' dir='ltr'>Ἰσραήλ.</span> 
     </span>
    </p>
   </div>
   <div class='ocr_carea' id='block_1_9' title="bbox 392 944 1906 1028">
    <p class='ocr_par' dir='ltr' id='par_1_9' title="bbox 392 944 1906 1028">
     <span class='ocr_line' id='line_1_9' title="bbox 392 944 1906 1028; baseline -0.012 -15"><span class='ocrx_word' id='word_1_41' title='bbox 392 963 482 1028; x_wconf 70' lang='grc' dir='ltr'><strong>ς’.</strong></span> <span class='ocrx_word' id='word_1_42' title='bbox 516 977 535 1011; x_wconf 81' lang='grc' dir='ltr'><strong>ι</strong></span> <span class='ocrx_word' id='word_1_43' title='bbox 558 952 686 1013; x_wconf 75' lang='grc' dir='ltr'>Οἶδα</span> <span class='ocrx_word' id='word_1_44' title='bbox 711 956 786 1021; x_wconf 78' lang='grc' dir='ltr'>δὲ,</span> <span class='ocrx_word' id='word_1_45' title='bbox 805 955 970 1010; x_wconf 87' lang='grc' dir='ltr'>τέκνα</span> <span class='ocrx_word' id='word_1_46' title='bbox 992 969 1112 1025; x_wconf 92' lang='grc' dir='ltr'>μου,</span> <span class='ocrx_word' id='word_1_47' title='bbox 1131 951 1212 1005; x_wconf 80' lang='grc' dir='ltr'><strong>δτι</strong></span> <span class='ocrx_word' id='word_1_48' title='bbox 1235 951 1294 1002; x_wconf 80' lang='grc' dir='ltr'>ὲν</span> <span class='ocrx_word' id='word_1_49' title='bbox 1315 946 1561 1019; x_wconf 72' lang='grc' dir='ltr'><strong>ἐσχάτοις</strong></span> <span class='ocrx_word' id='word_1_50' title='bbox 1583 944 1793 1016; x_wconf 87' lang='grc' dir='ltr'>καιροῖς</span> <span class='ocrx_word' id='word_1_51' title='bbox 1811 958 1906 996; x_wconf 70' lang='grc' dir='ltr'>καρ</span> 
     </span>
    </p>
   </div>
   <div class='ocr_carea' id='block_1_10' title="bbox 313 1035 1902 1122">
    <p class='ocr_par' dir='ltr' id='par_1_10' title="bbox 313 1035 1902 1122">
     <span class='ocr_line' id='line_1_10' title="bbox 313 1035 1902 1122; baseline -0.012 -16"><span class='ocrx_word' id='word_1_52' title='bbox 313 1050 659 1122; x_wconf 72' lang='grc' dir='ltr'>ταλείψουσιν</span> <span class='ocrx_word' id='word_1_53' title='bbox 691 1048 741 1103; x_wconf 83' lang='lat' dir='ltr'><strong>oi</strong></span> <span class='ocrx_word' id='word_1_54' title='bbox 768 1048 874 1101; x_wconf 79' lang='grc' dir='ltr'>υἱοὶ</span> <span class='ocrx_word' id='word_1_55' title='bbox 905 1045 1066 1117; x_wconf 80' lang='grc' dir='ltr'>ἡμῶν</span> <span class='ocrx_word' id='word_1_56' title='bbox 1095 1041 1208 1114; x_wconf 74' lang='lat'><strong>(29)</strong></span> <span class='ocrx_word' id='word_1_57' title='bbox 1231 1042 1331 1113; x_wconf 78' lang='grc' dir='ltr'>τὴν</span> <span class='ocrx_word' id='word_1_58' title='bbox 1347 1039 1646 1108; x_wconf 80' lang='grc' dir='ltr'><strong>ἁπλότητα,</strong></span> <span class='ocrx_word' id='word_1_59' title='bbox 1664 1036 1760 1100; x_wconf 73' lang='grc' dir='ltr'>καὶ</span> <span class='ocrx_word' id='word_1_60' title='bbox 1777 1035 1902 1088; x_wconf 87' lang='grc' dir='ltr'>κολ-</span> 
     </span>
    </p>
   </div>
   <div class='ocr_carea' id='block_1_11' title="bbox 313 1128 1948 1217">
    <p class='ocr_par' dir='ltr' id='par_1_11' title="bbox 313 1128 1948 1217">
     <span class='ocr_line' id='line_1_11' title="bbox 313 1128 1948 1217; baseline -0.012 -18"><span class='ocrx_word' id='word_1_61' title='bbox 313 1142 639 1217; x_wconf 86' lang='grc' dir='ltr'>ληθήσονται</span> <span class='ocrx_word' id='word_1_62' title='bbox 673 1141 740 1213; x_wconf 76' lang='grc' dir='ltr'><strong>τῇ</strong></span> <span class='ocrx_word' id='word_1_63' title='bbox 780 1137 1074 1210; x_wconf 73' lang='grc' dir='ltr'><strong>ἀπληστίᾳ·</strong></span> <span class='ocrx_word' id='word_1_64' title='bbox 1111 1135 1207 1188; x_wconf 80' lang='grc' dir='ltr'>καὶ</span> <span class='ocrx_word' id='word_1_65' title='bbox 1248 1132 1480 1203; x_wconf 82' lang='grc' dir='ltr'><strong>ἀφέντες</strong></span> <span class='ocrx_word' id='word_1_66' title='bbox 1518 1130 1617 1202; x_wconf 84' lang='grc' dir='ltr'><strong>τὴν</strong></span> <span class='ocrx_word' id='word_1_67' title='bbox 1644 1128 1900 1192; x_wconf 80' lang='grc' dir='ltr'><strong>ἀκακίαν,</strong></span> <span class='ocrx_word' id='word_1_68' title='bbox 1946 1142 1948 1144; x_wconf 76' lang='lat'><strong>&#39;</strong></span> 
     </span>
    </p>
   </div>
   <div class='ocr_carea' id='block_1_12' title="bbox 315 1217 1900 1308">
    <p class='ocr_par' dir='ltr' id='par_1_12' title="bbox 315 1217 1900 1308">
     <span class='ocr_line' id='line_1_12' title="bbox 315 1217 1900 1308; baseline -0.011 -21"><span class='ocrx_word' id='word_1_69' title='bbox 315 1232 754 1308; x_wconf 83' lang='grc' dir='ltr'>προσπελὰσουσι</span> <span class='ocrx_word' id='word_1_70' title='bbox 787 1231 854 1301; x_wconf 78' lang='grc' dir='ltr'>τῇ</span> <span class='ocrx_word' id='word_1_71' title='bbox 888 1225 1217 1298; x_wconf 82' lang='grc' dir='ltr'>κακουργίᾳ,</span> <span class='ocrx_word' id='word_1_72' title='bbox 1246 1224 1340 1278; x_wconf 53' lang='grc' dir='ltr'><strong>καὶ⁵</strong></span> <span class='ocrx_word' id='word_1_73' title='bbox 1364 1219 1752 1281; x_wconf 83' lang='grc' dir='ltr'>καταλιπόντες</span> <span class='ocrx_word' id='word_1_74' title='bbox 1790 1217 1900 1288; x_wconf 77' lang='lat'><strong>(&#39;50)</strong></span> 
     </span>
    </p>
   </div>
   <div class='ocr_carea' id='block_1_13' title="bbox 314 1309 1904 1394">
    <p class='ocr_par' dir='ltr' id='par_1_13' title="bbox 314 1309 1904 1394">
     <span class='ocr_line' id='line_1_13' title="bbox 314 1309 1904 1394; baseline -0.012 -13"><span class='ocrx_word' id='word_1_75' title='bbox 314 1326 417 1390; x_wconf 85' lang='grc' dir='ltr'><strong>τὰς</strong></span> <span class='ocrx_word' id='word_1_76' title='bbox 456 1324 673 1388; x_wconf 82' lang='grc' dir='ltr'>ὲντολὰς</span> <span class='ocrx_word' id='word_1_77' title='bbox 705 1320 932 1394; x_wconf 81' lang='grc' dir='ltr'>Κυρίου,</span> <span class='ocrx_word' id='word_1_78' title='bbox 976 1316 1401 1390; x_wconf 87' lang='grc' dir='ltr'>κολληθήσονται</span> <span class='ocrx_word' id='word_1_79' title='bbox 1434 1311 1512 1383; x_wconf 84' lang='grc' dir='ltr'><strong>τῷ</strong></span> <span class='ocrx_word' id='word_1_80' title='bbox 1547 1310 1764 1381; x_wconf 84' lang='grc' dir='ltr'>Βελιὰρ·</span> <span class='ocrx_word' id='word_1_81' title='bbox 1809 1309 1904 1363; x_wconf 78' lang='grc' dir='ltr'>καὶ</span> 
     </span>
    </p>
   </div>
   <div class='ocr_carea' id='block_1_14' title="bbox 315 1403 1903 1487">
    <p class='ocr_par' dir='ltr' id='par_1_14' title="bbox 315 1403 1903 1487">
     <span class='ocr_line' id='line_1_14' title="bbox 315 1403 1903 1487; baseline -0.013 -15"><span class='ocrx_word' id='word_1_82' title='bbox 315 1417 546 1487; x_wconf 79' lang='grc' dir='ltr'>ἀφέντες</span> <span class='ocrx_word' id='word_1_83' title='bbox 574 1414 634 1469; x_wconf 75' lang='grc' dir='ltr'><strong>τό</strong></span> <span class='ocrx_word' id='word_1_84' title='bbox 655 1413 940 1484; x_wconf 83' lang='grc' dir='ltr'>γεώργιον,</span> <span class='ocrx_word' id='word_1_85' title='bbox 987 1407 1468 1478; x_wconf 80' lang='grc' dir='ltr'>ὲξακολουθήσουσι</span> <span class='ocrx_word' id='word_1_86' title='bbox 1505 1406 1620 1465; x_wconf 88' lang='grc' dir='ltr'>τοῖς</span> <span class='ocrx_word' id='word_1_87' title='bbox 1647 1403 1903 1473; x_wconf 83' lang='grc' dir='ltr'>πονηροῖς</span> 
     </span>
    </p>
   </div>
   <div class='ocr_carea' id='block_1_15' title="bbox 314 1494 1902 1571">
    <p class='ocr_par' dir='ltr' id='par_1_15' title="bbox 314 1494 1902 1571">
     <span class='ocr_line' id='line_1_15' title="bbox 314 1494 1902 1571; baseline -0.011 -9"><span class='ocrx_word' id='word_1_88' title='bbox 314 1506 640 1571; x_wconf 79' lang='grc' dir='ltr'>διαδουλίοις</span> <span class='ocrx_word' id='word_1_89' title='bbox 659 1504 858 1569; x_wconf 84' lang='grc' dir='ltr'>αὐτῶν,</span> <span class='ocrx_word' id='word_1_90' title='bbox 883 1502 978 1557; x_wconf 78' lang='grc' dir='ltr'>καὶ</span> <span class='ocrx_word' id='word_1_91' title='bbox 995 1500 1461 1571; x_wconf 84' lang='grc' dir='ltr'>διασπαρήσονται</span> <span class='ocrx_word' id='word_1_92' title='bbox 1483 1497 1541 1549; x_wconf 85' lang='grc' dir='ltr'>ὲν</span> <span class='ocrx_word' id='word_1_93' title='bbox 1566 1498 1681 1559; x_wconf 86' lang='grc' dir='ltr'>τοῖς</span> <span class='ocrx_word' id='word_1_94' title='bbox 1704 1494 1902 1557; x_wconf 77' lang='grc' dir='ltr'>ἔθνεσι,</span> 
     </span>
    </p>
   </div>
   <div class='ocr_carea' id='block_1_16' title="bbox 315 1577 1905 1663">
    <p class='ocr_par' dir='ltr' id='par_1_16' title="bbox 315 1577 1905 1663">
     <span class='ocr_line' id='line_1_16' title="bbox 315 1577 1905 1663; baseline -0.012 -9"><span class='ocrx_word' id='word_1_95' title='bbox 315 1599 414 1654; x_wconf 74' lang='grc' dir='ltr'>καὶ</span> <span class='ocrx_word' id='word_1_96' title='bbox 437 1596 778 1652; x_wconf 82' lang='grc' dir='ltr'>δουλεύσουσι</span> <span class='ocrx_word' id='word_1_97' title='bbox 820 1595 933 1657; x_wconf 90' lang='grc' dir='ltr'>τοῖς</span> <span class='ocrx_word' id='word_1_98' title='bbox 979 1591 1192 1663; x_wconf 76' lang='grc' dir='ltr'>ἐχθροῖς</span> <span class='ocrx_word' id='word_1_99' title='bbox 1224 1586 1424 1642; x_wconf 83' lang='grc' dir='ltr'>αὐτῶν.</span> <span class='ocrx_word' id='word_1_100' title='bbox 1469 1585 1581 1639; x_wconf 81' lang='grc' dir='ltr'>Καὶ</span> <span class='ocrx_word' id='word_1_101' title='bbox 1612 1585 1776 1654; x_wconf 74' lang='grc' dir='ltr'>ὑμεῖς</span> <span class='ocrx_word' id='word_1_102' title='bbox 1812 1577 1905 1636; x_wconf 79' lang='grc' dir='ltr'>οὖν</span> 
     </span>
    </p>
   </div>
   <div class='ocr_carea' id='block_1_17' title="bbox 313 1674 1908 1752">
    <p class='ocr_par' dir='ltr' id='par_1_17' title="bbox 313 1674 1908 1752">
     <span class='ocr_line' id='line_1_17' title="bbox 313 1674 1908 1752; baseline -0.011 -7"><span class='ocrx_word' id='word_1_103' title='bbox 313 1690 508 1745; x_wconf 73' lang='grc' dir='ltr'>εἴπατε</span> <span class='ocrx_word' id='word_1_104' title='bbox 533 1688 706 1742; x_wconf 82' lang='grc' dir='ltr'>ταῦτα</span> <span class='ocrx_word' id='word_1_105' title='bbox 737 1689 850 1750; x_wconf 91' lang='grc' dir='ltr'>τοῖς</span> <span class='ocrx_word' id='word_1_106' title='bbox 881 1684 1093 1745; x_wconf 85' lang='grc' dir='ltr'>τέκνοις</span> <span class='ocrx_word' id='word_1_107' title='bbox 1128 1679 1306 1752; x_wconf 83' lang='grc' dir='ltr'>ὑμῶν,</span> <span class='ocrx_word' id='word_1_108' title='bbox 1331 1680 1502 1740; x_wconf 85' lang='grc' dir='ltr'>ὅπως,</span> <span class='ocrx_word' id='word_1_109' title='bbox 1538 1675 1634 1729; x_wconf 73' lang='grc' dir='ltr'>ἐὰν</span> <span class='ocrx_word' id='word_1_110' title='bbox 1658 1674 1908 1746; x_wconf 79' lang='grc' dir='ltr'>ἁμαρτή-</span> 
     </span>
    </p>
   </div>
   <div class='ocr_carea' id='block_1_18' title="bbox 2001 481 3586 562">
    <p class='ocr_par' dir='ltr' id='par_1_18' title="bbox 2001 481 3586 562">
     <span class='ocr_line' id='line_1_18' title="bbox 2001 481 3586 562; baseline 0.006 -26"><span class='ocrx_word' id='word_1_111' title='bbox 2001 483 2146 540; x_wconf 85' lang='lat' dir='ltr'><strong>Deus</strong></span> <span class='ocrx_word' id='word_1_112' title='bbox 2181 481 2554 537; x_wconf 74' lang='lat' dir='ltr'><strong>haereditatem</strong></span> <span class='ocrx_word' id='word_1_113' title='bbox 2591 485 2892 553; x_wconf 73' lang='lat' dir='ltr'><strong>assumpsit</strong></span> <span class='ocrx_word' id='word_1_114' title='bbox 2923 500 2990 540; x_wconf 90' lang='lat' dir='ltr'><strong>ex</strong></span> <span class='ocrx_word' id='word_1_115' title='bbox 3030 488 3166 556; x_wconf 89' lang='lat' dir='ltr'><strong>illis;</strong></span> <span class='ocrx_word' id='word_1_116' title='bbox 3200 499 3254 544; x_wconf 90' lang='lat' dir='ltr'><strong>et</strong></span> <span class='ocrx_word' id='word_1_117' title='bbox 3303 489 3431 546; x_wconf 88' lang='lat' dir='ltr'><strong>huic</strong></span> <span class='ocrx_word' id='word_1_118' title='bbox 3460 493 3586 562; x_wconf 88' lang='lat' dir='ltr'><strong>qui-</strong></span> 
     </span>
    </p>
   </div>
   <div class='ocr_carea' id='block_1_19' title="bbox 1999 573 3585 652">
    <p class='ocr_par' dir='ltr' id='par_1_19' title="bbox 1999 573 3585 652">
     <span class='ocr_line' id='line_1_19' title="bbox 1999 573 3585 652; baseline 0.006 -21"><span class='ocrx_word' id='word_1_119' title='bbox 1999 577 2123 632; x_wconf 87' lang='lat' dir='ltr'><strong>dem</strong></span> <span class='ocrx_word' id='word_1_120' title='bbox 2174 574 2320 630; x_wconf 80' lang='lat' dir='ltr'><strong>dedit</strong></span> <span class='ocrx_word' id='word_1_121' title='bbox 2365 573 2770 642; x_wconf 77' lang='lat' dir='ltr'><strong>sacerdotium,</strong></span> <span class='ocrx_word' id='word_1_122' title='bbox 2820 576 2949 632; x_wconf 87' lang='lat' dir='ltr'><strong>huic</strong></span> <span class='ocrx_word' id='word_1_123' title='bbox 2997 595 3129 635; x_wconf 88' lang='lat' dir='ltr'><strong>vero</strong></span> <span class='ocrx_word' id='word_1_124' title='bbox 3179 597 3432 652; x_wconf 91' lang='lat' dir='ltr'><strong>regnum.</strong></span> <span class='ocrx_word' id='word_1_125' title='bbox 3486 582 3585 641; x_wconf 81' lang='lat' dir='ltr'><strong>Eis</strong></span> 
     </span>
    </p>
   </div>
   <div class='ocr_carea' id='block_1_20' title="bbox 2000 667 3585 740">
    <p class='ocr_par' dir='ltr' id='par_1_20' title="bbox 2000 667 3585 740">
     <span class='ocr_line' id='line_1_20' title="bbox 2000 667 3585 740; baseline 0.006 -17"><span class='ocrx_word' id='word_1_126' title='bbox 2000 683 2132 739; x_wconf 80' lang='lat' dir='ltr'><strong>ergo</strong></span> <span class='ocrx_word' id='word_1_127' title='bbox 2164 667 2400 734; x_wconf 89' lang='lat' dir='ltr'><strong>obedite,</strong></span> <span class='ocrx_word' id='word_1_128' title='bbox 2433 675 2490 723; x_wconf 90' lang='lat' dir='ltr'><strong>et</strong></span> <span class='ocrx_word' id='word_1_129' title='bbox 2524 667 2578 721; x_wconf 89' lang='lat' dir='ltr'><strong>in</strong></span> <span class='ocrx_word' id='word_1_130' title='bbox 2604 667 2954 738; x_wconf 88' lang='lat' dir='ltr'><strong>simplicitate</strong></span> <span class='ocrx_word' id='word_1_131' title='bbox 2987 672 3157 740; x_wconf 79' lang='lat' dir='ltr'><strong>patris</strong></span> <span class='ocrx_word' id='word_1_132' title='bbox 3185 675 3350 729; x_wconf 87' lang='lat' dir='ltr'><strong>vestri</strong></span> <span class='ocrx_word' id='word_1_133' title='bbox 3387 676 3585 732; x_wconf 85' lang='lat' dir='ltr'><strong>ambu-</strong></span> 
     </span>
    </p>
   </div>
   <div class='ocr_carea' id='block_1_21' title="bbox 2001 760 3586 834">
    <p class='ocr_par' dir='ltr' id='par_1_21' title="bbox 2001 760 3586 834">
     <span class='ocr_line' id='line_1_21' title="bbox 2001 760 3586 834; baseline 0.005 -15"><span class='ocrx_word' id='word_1_134' title='bbox 2001 764 2139 828; x_wconf 88' lang='lat' dir='ltr'><strong>late;</strong></span> <span class='ocrx_word' id='word_1_135' title='bbox 2163 761 2424 832; x_wconf 91' lang='lat' dir='ltr'><strong>quoniam</strong></span> <span class='ocrx_word' id='word_1_136' title='bbox 2456 770 2510 816; x_wconf 90' lang='lat' dir='ltr'><strong>et</strong></span> <span class='ocrx_word' id='word_1_137' title='bbox 2536 760 2651 816; x_wconf 90' lang='lat' dir='ltr'><strong>Gad</strong></span> <span class='ocrx_word' id='word_1_138' title='bbox 2682 763 2869 817; x_wconf 88' lang='lat' dir='ltr'><strong>datum</strong></span> <span class='ocrx_word' id='word_1_139' title='bbox 2894 771 2978 819; x_wconf 89' lang='lat' dir='ltr'><strong>est</strong></span> <span class='ocrx_word' id='word_1_140' title='bbox 2997 766 3223 834; x_wconf 88' lang='lat' dir='ltr'><strong>perdere</strong></span> <span class='ocrx_word' id='word_1_141' title='bbox 3250 767 3586 828; x_wconf 84' lang='lat' dir='ltr'><strong>tentationes</strong></span> 
     </span>
    </p>
   </div>
   <div class='ocr_carea' id='block_1_22' title="bbox 2001 853 2667 924">
    <p class='ocr_par' dir='ltr' id='par_1_22' title="bbox 2001 853 2667 924">
     <span class='ocr_line' id='line_1_22' title="bbox 2001 853 2667 924; baseline -0.006 -14"><span class='ocrx_word' id='word_1_142' title='bbox 2001 853 2446 924; x_wconf 87' lang='lat' dir='ltr'><strong>supervenientes</strong></span> <span class='ocrx_word' id='word_1_143' title='bbox 2480 853 2667 908; x_wconf 91' lang='lat' dir='ltr'><strong>lsrael.</strong></span> 
     </span>
    </p>
   </div>
   <div class='ocr_carea' id='block_1_23' title="bbox 2072 944 3582 1018">
    <p class='ocr_par' dir='ltr' id='par_1_23' title="bbox 2072 944 3582 1018">
     <span class='ocr_line' id='line_1_23' title="bbox 2072 944 3582 1018; baseline 0.005 -17"><span class='ocrx_word' id='word_1_144' title='bbox 2072 945 2162 1001; x_wconf 83' lang='lat' dir='ltr'><strong>VI.</strong></span> <span class='ocrx_word' id='word_1_145' title='bbox 2205 965 2224 999; x_wconf 80' lang='grc' dir='ltr'><strong>ι</strong></span> <span class='ocrx_word' id='word_1_146' title='bbox 2256 945 2397 1002; x_wconf 88' lang='lat' dir='ltr'><strong>Novi</strong></span> <span class='ocrx_word' id='word_1_147' title='bbox 2425 961 2577 1012; x_wconf 88' lang='lat' dir='ltr'><strong>vero,</strong></span> <span class='ocrx_word' id='word_1_148' title='bbox 2612 945 2708 1001; x_wconf 92' lang='lat' dir='ltr'><strong>ﬁlii</strong></span> <span class='ocrx_word' id='word_1_149' title='bbox 2737 944 2868 1015; x_wconf 89' lang='lat' dir='ltr'><strong>mei,</strong></span> <span class='ocrx_word' id='word_1_150' title='bbox 2905 948 3050 1018; x_wconf 89' lang='lat' dir='ltr'><strong>quod</strong></span> <span class='ocrx_word' id='word_1_151' title='bbox 3074 950 3129 1002; x_wconf 93' lang='lat' dir='ltr'><strong>in</strong></span> <span class='ocrx_word' id='word_1_152' title='bbox 3158 951 3417 1008; x_wconf 82' lang='lat' dir='ltr'><strong>extremis</strong></span> <span class='ocrx_word' id='word_1_153' title='bbox 3441 961 3582 1008; x_wconf 87' lang='lat' dir='ltr'><strong>tem-</strong></span> 
     </span>
    </p>
   </div>
   <div class='ocr_carea' id='block_1_24' title="bbox 2000 1040 3585 1114">
    <p class='ocr_par' dir='ltr' id='par_1_24' title="bbox 2000 1040 3585 1114">
     <span class='ocr_line' id='line_1_24' title="bbox 2000 1040 3585 1114; baseline 0.004 -19"><span class='ocrx_word' id='word_1_154' title='bbox 2000 1041 2226 1111; x_wconf 88' lang='lat' dir='ltr'><strong>poribus</strong></span> <span class='ocrx_word' id='word_1_155' title='bbox 2269 1040 2652 1110; x_wconf 90' lang='lat' dir='ltr'><strong>derelinquent</strong></span> <span class='ocrx_word' id='word_1_156' title='bbox 2705 1041 2802 1096; x_wconf 93' lang='lat' dir='ltr'><strong>ﬁlii</strong></span> <span class='ocrx_word' id='word_1_157' title='bbox 2850 1043 3020 1098; x_wconf 85' lang='lat' dir='ltr'><strong>vestri</strong></span> <span class='ocrx_word' id='word_1_158' title='bbox 3070 1041 3476 1114; x_wconf 88' lang='lat' dir='ltr'><strong>simplicitatem</strong></span> <span class='ocrx_word' id='word_1_159' title='bbox 3529 1055 3585 1102; x_wconf 89' lang='lat' dir='ltr'><strong>et</strong></span> 
     </span>
    </p>
   </div>
   <div class='ocr_carea' id='block_1_25' title="bbox 2002 1131 3582 1204">
    <p class='ocr_par' dir='ltr' id='par_1_25' title="bbox 2002 1131 3582 1204">
     <span class='ocr_line' id='line_1_25' title="bbox 2002 1131 3582 1204; baseline 0.004 -19"><span class='ocrx_word' id='word_1_160' title='bbox 2002 1132 2363 1187; x_wconf 71' lang='lat' dir='ltr'><strong>adhaerebunt</strong></span> <span class='ocrx_word' id='word_1_161' title='bbox 2403 1131 2677 1192; x_wconf 72' lang='lat' dir='ltr'><strong>avaritiae;</strong></span> <span class='ocrx_word' id='word_1_162' title='bbox 2720 1139 2774 1186; x_wconf 88' lang='lat' dir='ltr'><strong>et</strong></span> <span class='ocrx_word' id='word_1_163' title='bbox 2818 1133 3152 1189; x_wconf 89' lang='lat' dir='ltr'><strong>dimittentes</strong></span> <span class='ocrx_word' id='word_1_164' title='bbox 3191 1134 3582 1204; x_wconf 85' lang='lat' dir='ltr'><strong>innocentiam,</strong></span> 
     </span>
    </p>
   </div>
   <div class='ocr_carea' id='block_1_26' title="bbox 2003 1223 3584 1297">
    <p class='ocr_par' dir='ltr' id='par_1_26' title="bbox 2003 1223 3584 1297">
     <span class='ocr_line' id='line_1_26' title="bbox 2003 1223 3584 1297; baseline 0.004 -19"><span class='ocrx_word' id='word_1_165' title='bbox 2003 1223 2517 1294; x_wconf 85' lang='lat' dir='ltr'><strong>appropinquabunt</strong></span> <span class='ocrx_word' id='word_1_166' title='bbox 2576 1224 2939 1294; x_wconf 80' lang='lat' dir='ltr'><strong>malignitati;</strong></span> <span class='ocrx_word' id='word_1_167' title='bbox 3023 1235 3078 1280; x_wconf 93' lang='lat' dir='ltr'><strong>et</strong></span> <span class='ocrx_word' id='word_1_168' title='bbox 3144 1226 3584 1297; x_wconf 88' lang='lat' dir='ltr'><strong>derelinquentes</strong></span> 
     </span>
    </p>
   </div>
   <div class='ocr_carea' id='block_1_27' title="bbox 2003 1312 3588 1384">
    <p class='ocr_par' dir='ltr' id='par_1_27' title="bbox 2003 1312 3588 1384">
     <span class='ocr_line' id='line_1_27' title="bbox 2003 1312 3588 1384; baseline 0.005 -16"><span class='ocrx_word' id='word_1_169' title='bbox 2003 1315 2257 1370; x_wconf 86' lang='lat' dir='ltr'><strong>mandata</strong></span> <span class='ocrx_word' id='word_1_170' title='bbox 2299 1312 2428 1380; x_wconf 91' lang='lat' dir='ltr'><strong>Dei,</strong></span> <span class='ocrx_word' id='word_1_171' title='bbox 2480 1315 2836 1370; x_wconf 72' lang='lat' dir='ltr'><strong>adhaerebunt</strong></span> <span class='ocrx_word' id='word_1_172' title='bbox 2886 1315 3100 1384; x_wconf 88' lang='lat' dir='ltr'><strong>Beliar;</strong></span> <span class='ocrx_word' id='word_1_173' title='bbox 3145 1326 3199 1371; x_wconf 88' lang='lat' dir='ltr'><strong>et</strong></span> <span class='ocrx_word' id='word_1_174' title='bbox 3250 1319 3588 1376; x_wconf 86' lang='lat' dir='ltr'><strong>dimittentes</strong></span> 
     </span>
    </p>
   </div>
   <div class='ocr_carea' id='block_1_28' title="bbox 2004 1406 3588 1478">
    <p class='ocr_par' dir='ltr' id='par_1_28' title="bbox 2004 1406 3588 1478">
     <span class='ocr_line' id='line_1_28' title="bbox 2004 1406 3588 1478; baseline 0.004 -16"><span class='ocrx_word' id='word_1_175' title='bbox 2004 1407 2420 1477; x_wconf 73' lang='lat' dir='ltr'><strong>agriculturam,</strong></span> <span class='ocrx_word' id='word_1_176' title='bbox 2449 1415 2747 1478; x_wconf 88' lang='lat' dir='ltr'><strong>sequentur</strong></span> <span class='ocrx_word' id='word_1_177' title='bbox 2775 1408 3083 1476; x_wconf 86' lang='lat' dir='ltr'><strong>perniciosa</strong></span> <span class='ocrx_word' id='word_1_178' title='bbox 3111 1406 3338 1465; x_wconf 90' lang='lat' dir='ltr'><strong>consilia</strong></span> <span class='ocrx_word' id='word_1_179' title='bbox 3379 1426 3500 1478; x_wconf 89' lang='lat' dir='ltr'><strong>sua,</strong></span> <span class='ocrx_word' id='word_1_180' title='bbox 3531 1420 3588 1468; x_wconf 89' lang='lat' dir='ltr'><strong>et</strong></span> 
     </span>
    </p>
   </div>
   <div class='ocr_carea' id='block_1_29' title="bbox 2004 1497 3583 1571">
    <p class='ocr_par' dir='ltr' id='par_1_29' title="bbox 2004 1497 3583 1571">
     <span class='ocr_line' id='line_1_29' title="bbox 2004 1497 3583 1571; baseline 0.003 -16"><span class='ocrx_word' id='word_1_181' title='bbox 2004 1500 2382 1570; x_wconf 82' lang='lat' dir='ltr'><strong>dispergentur</strong></span> <span class='ocrx_word' id='word_1_182' title='bbox 2420 1500 2474 1555; x_wconf 90' lang='lat' dir='ltr'><strong>in</strong></span> <span class='ocrx_word' id='word_1_183' title='bbox 2505 1501 2778 1571; x_wconf 76' lang='lat' dir='ltr'><strong>gentibus,</strong></span> <span class='ocrx_word' id='word_1_184' title='bbox 2813 1511 2866 1556; x_wconf 91' lang='lat' dir='ltr'><strong>et</strong></span> <span class='ocrx_word' id='word_1_185' title='bbox 2901 1501 3140 1556; x_wconf 87' lang='lat' dir='ltr'><strong>servient</strong></span> <span class='ocrx_word' id='word_1_186' title='bbox 3168 1497 3410 1558; x_wconf 89' lang='lat' dir='ltr'><strong>inimicis</strong></span> <span class='ocrx_word' id='word_1_187' title='bbox 3441 1504 3583 1561; x_wconf 89' lang='lat' dir='ltr'><strong>suis.</strong></span> 
     </span>
    </p>
   </div>
   <div class='ocr_carea' id='block_1_30' title="bbox 2009 1591 3584 1663">
    <p class='ocr_par' dir='ltr' id='par_1_30' title="bbox 2009 1591 3584 1663">
     <span class='ocr_line' id='line_1_30' title="bbox 2009 1591 3584 1663; baseline 0.002 -17"><span class='ocrx_word' id='word_1_188' title='bbox 2009 1591 2074 1646; x_wconf 84' lang='lat' dir='ltr'><strong>Et</strong></span> <span class='ocrx_word' id='word_1_189' title='bbox 2104 1607 2203 1646; x_wconf 89' lang='lat' dir='ltr'><strong>vos</strong></span> <span class='ocrx_word' id='word_1_190' title='bbox 2245 1591 2408 1661; x_wconf 85' lang='lat' dir='ltr'><strong>igitur</strong></span> <span class='ocrx_word' id='word_1_191' title='bbox 2436 1591 2552 1646; x_wconf 72' lang='lat' dir='ltr'><strong>haec</strong></span> <span class='ocrx_word' id='word_1_192' title='bbox 2573 1591 2739 1646; x_wconf 90' lang='lat' dir='ltr'><strong>dicite</strong></span> <span class='ocrx_word' id='word_1_193' title='bbox 2768 1591 2894 1646; x_wconf 89' lang='lat' dir='ltr'><strong>tiliis</strong></span> <span class='ocrx_word' id='word_1_194' title='bbox 2923 1591 3142 1658; x_wconf 70' lang='lat' dir='ltr'><strong>vestris,</strong></span> <span class='ocrx_word' id='word_1_195' title='bbox 3178 1600 3236 1646; x_wconf 92' lang='lat' dir='ltr'><strong>ut</strong></span> <span class='ocrx_word' id='word_1_196' title='bbox 3264 1591 3308 1646; x_wconf 88' lang='lat' dir='ltr'><strong>si</strong></span> <span class='ocrx_word' id='word_1_197' title='bbox 3339 1602 3584 1663; x_wconf 88' lang='lat' dir='ltr'><strong>peccent,</strong></span> 
     </span>
    </p>
   </div>
   <div class='ocr_carea' id='block_1_31' title="bbox 2005 1685 3588 1756">
    <p class='ocr_par' dir='ltr' id='par_1_31' title="bbox 2005 1685 3588 1756">
     <span class='ocr_line' id='line_1_31' title="bbox 2005 1685 3588 1756; baseline -0.001 -13"><span class='ocrx_word' id='word_1_198' title='bbox 2005 1688 2268 1743; x_wconf 83' lang='lat' dir='ltr'><strong>velociter</strong></span> <span class='ocrx_word' id='word_1_199' title='bbox 2312 1694 2657 1742; x_wconf 86' lang='lat' dir='ltr'><strong>revertantur</strong></span> <span class='ocrx_word' id='word_1_200' title='bbox 2695 1686 2764 1741; x_wconf 91' lang='lat' dir='ltr'><strong>ad</strong></span> <span class='ocrx_word' id='word_1_201' title='bbox 2808 1685 3130 1754; x_wconf 89' lang='lat' dir='ltr'><strong>Dominum;</strong></span> <span class='ocrx_word' id='word_1_202' title='bbox 3188 1686 3446 1756; x_wconf 88' lang='lat' dir='ltr'><strong>quoniam</strong></span> <span class='ocrx_word' id='word_1_203' title='bbox 3483 1687 3588 1741; x_wconf 88' lang='lat' dir='ltr'><strong>mi-</strong></span> 
     </span>
    </p>
   </div>
   <div class='ocr_carea' id='block_1_32' title="bbox 316 1766 1908 1853">
    <p class='ocr_par' dir='ltr' id='par_1_32' title="bbox 316 1766 1908 1853">
     <span class='ocr_line' id='line_1_32' title="bbox 316 1766 1908 1853; baseline -0.013 -15"><span class='ocrx_word' id='word_1_204' title='bbox 316 1799 454 1837; x_wconf 90' lang='grc' dir='ltr'>σωσι</span> <span class='ocrx_word' id='word_1_205' title='bbox 477 1779 815 1853; x_wconf 78' lang='grc' dir='ltr'>(51),τὰχιον</span> <span class='ocrx_word' id='word_1_206' title='bbox 837 1774 1208 1848; x_wconf 77' lang='grc' dir='ltr'>ὲπιστρέψωσι</span> <span class='ocrx_word' id='word_1_207' title='bbox 1243 1771 1379 1844; x_wconf 82' lang='grc' dir='ltr'>πρὸς</span> <span class='ocrx_word' id='word_1_208' title='bbox 1399 1769 1622 1841; x_wconf 85' lang='grc' dir='ltr'>Κύριον·</span> <span class='ocrx_word' id='word_1_209' title='bbox 1658 1769 1741 1822; x_wconf 81' lang='grc' dir='ltr'>ὅτι</span> <span class='ocrx_word' id='word_1_210' title='bbox 1764 1766 1908 1853; x_wconf 68' lang='grc' dir='ltr'>ἐλεή-</span> 
     </span>
    </p>
   </div>
   <div class='ocr_carea' id='block_1_33' title="bbox 2010 1766 3585 1853">
    <p class='ocr_par' dir='ltr' id='par_1_33' title="bbox 2011 1779 3585 1851">
     <span class='ocr_line' id='line_1_33' title="bbox 2011 1779 3585 1851; baseline 0.002 -16"><span class='ocrx_word' id='word_1_211' title='bbox 2011 1781 2248 1836; x_wconf 88' lang='lat' dir='ltr'><strong>sericors</strong></span> <span class='ocrx_word' id='word_1_212' title='bbox 2286 1787 2391 1850; x_wconf 86' lang='lat' dir='ltr'><strong>est,</strong></span> <span class='ocrx_word' id='word_1_213' title='bbox 2431 1788 2486 1835; x_wconf 88' lang='lat' dir='ltr'><strong>et</strong></span> <span class='ocrx_word' id='word_1_214' title='bbox 2521 1779 2716 1851; x_wconf 89' lang='lat' dir='ltr'><strong>eripiet</strong></span> <span class='ocrx_word' id='word_1_215' title='bbox 2744 1795 2863 1848; x_wconf 78' lang='lat' dir='ltr'><strong>eos,</strong></span> <span class='ocrx_word' id='word_1_216' title='bbox 2900 1789 2960 1836; x_wconf 91' lang='lat' dir='ltr'><strong>ut</strong></span> <span class='ocrx_word' id='word_1_217' title='bbox 2993 1789 3340 1837; x_wconf 85' lang='lat' dir='ltr'><strong>revertantur</strong></span> <span class='ocrx_word' id='word_1_218' title='bbox 3369 1781 3427 1835; x_wconf 91' lang='lat' dir='ltr'><strong>in</strong></span> <span class='ocrx_word' id='word_1_219' title='bbox 3469 1789 3585 1838; x_wconf 82' lang='lat' dir='ltr'><strong>ter-</strong></span> 
     </span>
    </p>
   </div>
   <div class='ocr_carea' id='block_1_34' title="bbox 317 1851 1902 1946">
    <p class='ocr_par' dir='ltr' id='par_1_34' title="bbox 317 1851 1902 1946">
     <span class='ocr_line' id='line_1_34' title="bbox 317 1851 1902 1946; baseline -0.013 -16"><span class='ocrx_word' id='word_1_220' title='bbox 317 1892 438 1946; x_wconf 85' lang='grc' dir='ltr'><strong>μων</strong></span> <span class='ocrx_word' id='word_1_221' title='bbox 465 1851 601 1938; x_wconf 67' lang='grc' dir='ltr'>ἐστὶ,</span> <span class='ocrx_word' id='word_1_222' title='bbox 643 1873 737 1926; x_wconf 75' lang='grc' dir='ltr'>καὶ</span> <span class='ocrx_word' id='word_1_223' title='bbox 775 1869 1034 1937; x_wconf 79' lang='grc' dir='ltr'>ὲξελεῖται</span> <span class='ocrx_word' id='word_1_224' title='bbox 1063 1865 1284 1928; x_wconf 76' lang='grc' dir='ltr'>αὐτοὺς,</span> <span class='ocrx_word' id='word_1_225' title='bbox 1324 1861 1420 1916; x_wconf 83' lang='grc' dir='ltr'>τοῦ</span> <span class='ocrx_word' id='word_1_226' title='bbox 1457 1851 1784 1931; x_wconf 72' lang='grc' dir='ltr'>ἐπιστρέψαι</span> <span class='ocrx_word' id='word_1_227' title='bbox 1821 1857 1902 1921; x_wconf 86' lang='grc' dir='ltr'><strong>είς</strong></span> 
     </span>
    </p>
   </div>
   <div class='ocr_carea' id='block_1_35' title="bbox 313 1963 913 2041">
    <p class='ocr_par' dir='ltr' id='par_1_35' title="bbox 313 1963 913 2041">
     <span class='ocr_line' id='line_1_35' title="bbox 313 1963 913 2041; baseline -0.007 -19"><span class='ocrx_word' id='word_1_228' title='bbox 313 1969 416 2041; x_wconf 83' lang='grc' dir='ltr'>τὴν</span> <span class='ocrx_word' id='word_1_229' title='bbox 438 1969 540 2040; x_wconf 85' lang='grc' dir='ltr'>γῆν</span> <span class='ocrx_word' id='word_1_230' title='bbox 565 1965 744 2021; x_wconf 75' lang='grc' dir='ltr'>αὐτῶν</span> <span class='ocrx_word' id='word_1_231' title='bbox 778 1963 913 2034; x_wconf 74' lang='grc'><strong>(52).</strong></span> 
     </span>
    </p>
   </div>
   <div class='ocr_carea' id='block_1_36' title="bbox 389 2038 1904 2125">
    <p class='ocr_par' dir='ltr' id='par_1_36' title="bbox 389 2038 1904 2125">
     <span class='ocr_line' id='line_1_36' title="bbox 389 2038 1904 2125; baseline -0.014 -13"><span class='ocrx_word' id='word_1_232' title='bbox 389 2060 464 2112; x_wconf 92' lang='lat' dir='ltr'><strong>Z&#39;.</strong></span> <span class='ocrx_word' id='word_1_233' title='bbox 499 2038 518 2108; x_wconf 59' lang='grc' dir='ltr'>ξ</span> <span class='ocrx_word' id='word_1_234' title='bbox 549 2055 678 2110; x_wconf 73' lang='grc' dir='ltr'><strong>Ρκὸ¹</strong></span> <span class='ocrx_word' id='word_1_235' title='bbox 705 2055 843 2110; x_wconf 76' lang='grc' dir='ltr'>ἐτῶν</span> <span class='ocrx_word' id='word_1_236' title='bbox 887 2054 1004 2125; x_wconf 77' lang='grc' dir='ltr'>εἰμι</span> <span class='ocrx_word' id='word_1_237' title='bbox 1041 2049 1169 2121; x_wconf 78' lang='grc' dir='ltr'>ἐγώ·</span> <span class='ocrx_word' id='word_1_238' title='bbox 1215 2047 1310 2103; x_wconf 76' lang='grc' dir='ltr'>καὶ</span> <span class='ocrx_word' id='word_1_239' title='bbox 1352 2047 1453 2100; x_wconf 82' lang='grc' dir='ltr'>οὐκ</span> <span class='ocrx_word' id='word_1_240' title='bbox 1488 2044 1658 2113; x_wconf 82' lang='grc' dir='ltr'>ἔγνων</span> <span class='ocrx_word' id='word_1_241' title='bbox 1691 2040 1779 2093; x_wconf 70' lang='grc' dir='ltr'><strong>ἐπ’</strong></span> <span class='ocrx_word' id='word_1_242' title='bbox 1802 2038 1904 2111; x_wconf 76' lang='grc' dir='ltr'><strong>ἐμὲ</strong></span> 
     </span>
    </p>
   </div>
   <div class='ocr_carea' id='block_1_37' title="bbox 317 2132 1904 2221">
    <p class='ocr_par' dir='ltr' id='par_1_37' title="bbox 317 2132 1904 2221">
     <span class='ocr_line' id='line_1_37' title="bbox 317 2132 1904 2221; baseline -0.014 -16"><span class='ocrx_word' id='word_1_243' title='bbox 317 2148 594 2221; x_wconf 79' lang='grc' dir='ltr'>ἁμαρτίαν</span> <span class='ocrx_word' id='word_1_244' title='bbox 629 2149 709 2210; x_wconf 83' lang='grc' dir='ltr'><strong>είς</strong></span> <span class='ocrx_word' id='word_1_245' title='bbox 748 2145 996 2200; x_wconf 79' lang='grc' dir='ltr'>θάνατον.</span> <span class='ocrx_word' id='word_1_246' title='bbox 1037 2141 1184 2212; x_wconf 78' lang='grc' dir='ltr'>Πλὴν</span> <span class='ocrx_word' id='word_1_247' title='bbox 1207 2140 1308 2211; x_wconf 80' lang='grc' dir='ltr'>τῆς</span> <span class='ocrx_word' id='word_1_248' title='bbox 1350 2132 1608 2206; x_wconf 85' lang='grc' dir='ltr'>γυναικός</span> <span class='ocrx_word' id='word_1_249' title='bbox 1648 2151 1768 2204; x_wconf 76' lang='grc' dir='ltr'>μου,</span> <span class='ocrx_word' id='word_1_250' title='bbox 1803 2132 1904 2183; x_wconf 86' lang='grc' dir='ltr'>οὐκ</span> 
     </span>
    </p>
   </div>
   <div class='ocr_carea' id='block_1_38' title="bbox 318 2221 1902 2310">
    <p class='ocr_par' dir='ltr' id='par_1_38' title="bbox 318 2221 1902 2310">
     <span class='ocr_line' id='line_1_38' title="bbox 318 2221 1902 2310; baseline -0.013 -16"><span class='ocrx_word' id='word_1_251' title='bbox 318 2241 492 2310; x_wconf 75' lang='grc' dir='ltr'>ἔγνων</span> <span class='ocrx_word' id='word_1_252' title='bbox 518 2237 702 2308; x_wconf 76' lang='grc' dir='ltr'>ἄλληνο</span> <span class='ocrx_word' id='word_1_253' title='bbox 744 2237 844 2289; x_wconf 83' lang='grc' dir='ltr'>οὑκ</span> <span class='ocrx_word' id='word_1_254' title='bbox 879 2233 1182 2306; x_wconf 80' lang='grc' dir='ltr'>ὲπόρνευσα</span> <span class='ocrx_word' id='word_1_255' title='bbox 1204 2231 1262 2283; x_wconf 80' lang='grc' dir='ltr'>ἐν</span> <span class='ocrx_word' id='word_1_256' title='bbox 1301 2223 1662 2300; x_wconf 87' lang='grc' dir='ltr'>μετεωρισμῷ</span> <span class='ocrx_word' id='word_1_257' title='bbox 1701 2221 1902 2310; x_wconf 80' lang='grc' dir='ltr'>ὀφθαλ-</span> 
     </span>
    </p>
   </div>
   <div class='ocr_carea' id='block_1_39' title="bbox 325 2309 1906 2403">
    <p class='ocr_par' dir='ltr' id='par_1_39' title="bbox 325 2309 1906 2403">
     <span class='ocr_line' id='line_1_39' title="bbox 325 2309 1906 2403; baseline -0.013 -19"><span class='ocrx_word' id='word_1_258' title='bbox 325 2309 460 2403; x_wconf 81' lang='grc' dir='ltr'>μών·</span> <span class='ocrx_word' id='word_1_259' title='bbox 497 2325 637 2382; x_wconf 80' lang='grc' dir='ltr'>οἶνον</span> <span class='ocrx_word' id='word_1_260' title='bbox 677 2329 757 2392; x_wconf 80' lang='grc' dir='ltr'><strong>εἰς</strong></span> <span class='ocrx_word' id='word_1_261' title='bbox 800 2325 1173 2395; x_wconf 87' lang='grc' dir='ltr'>ἁποπλάνησιν</span> <span class='ocrx_word' id='word_1_262' title='bbox 1212 2320 1312 2374; x_wconf 84' lang='grc' dir='ltr'><strong>ούκ</strong></span> <span class='ocrx_word' id='word_1_263' title='bbox 1357 2319 1528 2371; x_wconf 79' lang='grc' dir='ltr'>ἔπιον·</span> <span class='ocrx_word' id='word_1_264' title='bbox 1574 2317 1682 2370; x_wconf 73' lang='grc' dir='ltr'>πᾶν</span> <span class='ocrx_word' id='word_1_265' title='bbox 1718 2309 1906 2366; x_wconf 76' lang='grc' dir='ltr'>ἐπιθύ-</span> 
     </span>
    </p>
   </div>
   <div class='ocr_carea' id='block_1_40' title="bbox 327 2403 1903 2493">
    <p class='ocr_par' dir='ltr' id='par_1_40' title="bbox 327 2403 1903 2493">
     <span class='ocr_line' id='line_1_40' title="bbox 327 2403 1903 2493; baseline -0.012 -19"><span class='ocrx_word' id='word_1_266' title='bbox 327 2437 484 2493; x_wconf 83' lang='grc' dir='ltr'>μημα</span> <span class='ocrx_word' id='word_1_267' title='bbox 510 2417 604 2472; x_wconf 80' lang='grc' dir='ltr'>τοῦ</span> <span class='ocrx_word' id='word_1_268' title='bbox 628 2416 854 2488; x_wconf 87' lang='grc' dir='ltr'>πλησίον</span> <span class='ocrx_word' id='word_1_269' title='bbox 882 2413 984 2467; x_wconf 82' lang='grc' dir='ltr'>οὐκ</span> <span class='ocrx_word' id='word_1_270' title='bbox 1015 2411 1279 2480; x_wconf 81' lang='grc' dir='ltr'>ὲπόθησα·</span> <span class='ocrx_word' id='word_1_271' title='bbox 1301 2407 1449 2471; x_wconf 84' lang='grc' dir='ltr'>δόλος</span> <span class='ocrx_word' id='word_1_272' title='bbox 1472 2407 1572 2460; x_wconf 87' lang='grc' dir='ltr'>οὐκ</span> <span class='ocrx_word' id='word_1_273' title='bbox 1596 2404 1812 2474; x_wconf 77' lang='grc' dir='ltr'>ἐγένετο</span> <span class='ocrx_word' id='word_1_274' title='bbox 1845 2403 1903 2455; x_wconf 80' lang='grc' dir='ltr'>ὲν</span> 
     </span>
    </p>
   </div>
   <div class='ocr_carea' id='block_1_41' title="bbox 325 2495 1904 2583">
    <p class='ocr_par' dir='ltr' id='par_1_41' title="bbox 325 2495 1904 2583">
     <span class='ocr_line' id='line_1_41' title="bbox 325 2495 1904 2583; baseline -0.011 -18"><span class='ocrx_word' id='word_1_275' title='bbox 325 2511 522 2583; x_wconf 79' lang='grc' dir='ltr'>καρδίᾳ</span> <span class='ocrx_word' id='word_1_276' title='bbox 550 2526 670 2581; x_wconf 88' lang='grc' dir='ltr'>μου·</span> <span class='ocrx_word' id='word_1_277' title='bbox 703 2506 895 2578; x_wconf 80' lang='grc' dir='ltr'>ψεῦδος</span> <span class='ocrx_word' id='word_1_278' title='bbox 922 2507 1024 2559; x_wconf 79' lang='grc' dir='ltr'>οὐκ</span> <span class='ocrx_word' id='word_1_279' title='bbox 1058 2501 1256 2574; x_wconf 82' lang='grc' dir='ltr'>ἀνῆλθε</span> <span class='ocrx_word' id='word_1_280' title='bbox 1279 2499 1368 2553; x_wconf 90' lang='grc' dir='ltr'><strong>διὰ</strong></span> <span class='ocrx_word' id='word_1_281' title='bbox 1396 2495 1504 2553; x_wconf 83' lang='grc' dir='ltr'><strong>τῶν</strong></span> <span class='ocrx_word' id='word_1_282' title='bbox 1531 2496 1754 2569; x_wconf 87' lang='grc' dir='ltr'>χειλέων</span> <span class='ocrx_word' id='word_1_283' title='bbox 1783 2513 1904 2567; x_wconf 89' lang='grc' dir='ltr'>μου.</span> 
     </span>
    </p>
   </div>
   <div class='ocr_carea' id='block_1_42' title="bbox 322 2585 1908 2672">
    <p class='ocr_par' dir='ltr' id='par_1_42' title="bbox 322 2585 1908 2672">
     <span class='ocr_line' id='line_1_42' title="bbox 322 2585 1908 2672; baseline -0.013 -14"><span class='ocrx_word' id='word_1_284' title='bbox 322 2603 497 2657; x_wconf 74' lang='grc' dir='ltr'>Παντὶ</span> <span class='ocrx_word' id='word_1_285' title='bbox 521 2599 790 2672; x_wconf 84' lang='grc' dir='ltr'>ἀνθρώπῳ</span> <span class='ocrx_word' id='word_1_286' title='bbox 818 2594 1142 2668; x_wconf 85' lang='grc' dir='ltr'>όδυνωμένῳ</span> <span class='ocrx_word' id='word_1_287' title='bbox 1169 2590 1549 2657; x_wconf 82' lang='grc' dir='ltr'>συνεστέναξα,</span> <span class='ocrx_word' id='word_1_288' title='bbox 1579 2589 1673 2642; x_wconf 74' lang='grc' dir='ltr'>καὶ</span> <span class='ocrx_word' id='word_1_289' title='bbox 1707 2585 1908 2658; x_wconf 88' lang='grc' dir='ltr'>πτωχῷ</span> 
     </span>
    </p>
   </div>
   <div class='ocr_carea' id='block_1_43' title="bbox 334 2678 1909 2763">
    <p class='ocr_par' dir='ltr' id='par_1_43' title="bbox 334 2678 1909 2763">
     <span class='ocr_line' id='line_1_43' title="bbox 334 2678 1909 2763; baseline -0.01 -14"><span class='ocrx_word' id='word_1_290' title='bbox 334 2694 610 2750; x_wconf 76' lang='grc' dir='ltr'>ιιετέδωκα</span> <span class='ocrx_word' id='word_1_291' title='bbox 649 2692 740 2746; x_wconf 85' lang='grc' dir='ltr'>τὸν</span> <span class='ocrx_word' id='word_1_292' title='bbox 782 2691 944 2763; x_wconf 79' lang='grc' dir='ltr'>ἄρτον</span> <span class='ocrx_word' id='word_1_293' title='bbox 985 2705 1104 2760; x_wconf 91' lang='grc' dir='ltr'>μου.</span> <span class='ocrx_word' id='word_1_294' title='bbox 1143 2685 1258 2740; x_wconf 86' lang='grc' dir='ltr'><strong>υύκ</strong></span> <span class='ocrx_word' id='word_1_295' title='bbox 1300 2684 1500 2755; x_wconf 75' lang='grc' dir='ltr'>ἔφαγον</span> <span class='ocrx_word' id='word_1_296' title='bbox 1548 2678 1726 2754; x_wconf 76' lang='grc' dir='ltr'>μόνοςο</span> <span class='ocrx_word' id='word_1_297' title='bbox 1762 2681 1909 2758; x_wconf 82' lang='grc' dir='ltr'>ὅριον</span> 
     </span>
    </p>
   </div>
   <div class='ocr_carea' id='block_1_44' title="bbox 321 2767 1909 2851">
    <p class='ocr_par' dir='ltr' id='par_1_44' title="bbox 321 2767 1909 2851">
     <span class='ocr_line' id='line_1_44' title="bbox 321 2767 1909 2851; baseline -0.009 -13"><span class='ocrx_word' id='word_1_298' title='bbox 321 2786 426 2838; x_wconf 87' lang='grc' dir='ltr'>οὐκ</span> <span class='ocrx_word' id='word_1_299' title='bbox 452 2783 633 2850; x_wconf 70' lang='grc' dir='ltr'>ἔλυσα,</span> <span class='ocrx_word' id='word_1_300' title='bbox 669 2782 948 2836; x_wconf 80' lang='grc' dir='ltr'>εὐσέϐειαν</span> <span class='ocrx_word' id='word_1_301' title='bbox 972 2778 1206 2851; x_wconf 79' lang='grc' dir='ltr'>ἐποίησα</span> <span class='ocrx_word' id='word_1_302' title='bbox 1232 2779 1289 2831; x_wconf 83' lang='grc' dir='ltr'>ὲν</span> <span class='ocrx_word' id='word_1_303' title='bbox 1305 2776 1506 2839; x_wconf 87' lang='grc' dir='ltr'>πάσαις</span> <span class='ocrx_word' id='word_1_304' title='bbox 1527 2772 1649 2837; x_wconf 86' lang='grc' dir='ltr'>ταῖς</span> <span class='ocrx_word' id='word_1_305' title='bbox 1673 2767 1909 2844; x_wconf 81' lang='grc' dir='ltr'>ἡμέραις</span> 
     </span>
    </p>
   </div>
   <div class='ocr_carea' id='block_1_45' title="bbox 324 2861 1912 2944">
    <p class='ocr_par' dir='ltr' id='par_1_45' title="bbox 324 2861 1912 2944">
     <span class='ocr_line' id='line_1_45' title="bbox 324 2861 1912 2944; baseline -0.009 -17"><span class='ocrx_word' id='word_1_306' title='bbox 324 2873 482 2944; x_wconf 72' lang='grc' dir='ltr'>ἐμοῦ,</span> <span class='ocrx_word' id='word_1_307' title='bbox 502 2874 594 2926; x_wconf 62' lang='grc' dir='ltr'><strong>καὶ⁹</strong></span> <span class='ocrx_word' id='word_1_308' title='bbox 607 2871 861 2942; x_wconf 83' lang='grc' dir='ltr'>ἀλήθειαν</span> <span class='ocrx_word' id='word_1_309' title='bbox 887 2870 1018 2940; x_wconf 78' lang='grc'>(55).</span> <span class='ocrx_word' id='word_1_310' title='bbox 1045 2867 1148 2921; x_wconf 86' lang='grc' dir='ltr'><strong>Τὸν</strong></span> <span class='ocrx_word' id='word_1_311' title='bbox 1170 2865 1372 2938; x_wconf 83' lang='grc' dir='ltr'>Κύριον</span> <span class='ocrx_word' id='word_1_312' title='bbox 1394 2864 1656 2936; x_wconf 74' lang='grc' dir='ltr'>ἠγάπησα</span> <span class='ocrx_word' id='word_1_313' title='bbox 1677 2862 1736 2927; x_wconf 67' lang='grc' dir='ltr'>ὲν</span> <span class='ocrx_word' id='word_1_314' title='bbox 1760 2861 1912 2935; x_wconf 75' lang='grc' dir='ltr'>πάσῃ</span> 
     </span>
    </p>
   </div>
   <div class='ocr_carea' id='block_1_46' title="bbox 323 2952 1908 3033">
    <p class='ocr_par' dir='ltr' id='par_1_46' title="bbox 323 2952 1908 3033">
     <span class='ocr_line' id='line_1_46' title="bbox 323 2952 1908 3033; baseline -0.008 -17"><span class='ocrx_word' id='word_1_315' title='bbox 323 2964 394 3033; x_wconf 80' lang='grc' dir='ltr'><strong>τῇ</strong></span> <span class='ocrx_word' id='word_1_316' title='bbox 427 2961 570 3033; x_wconf 76' lang='grc' dir='ltr'>ἰσχύϊ</span> <span class='ocrx_word' id='word_1_317' title='bbox 604 2977 727 3032; x_wconf 78' lang='grc' dir='ltr'>μουο</span> <span class='ocrx_word' id='word_1_318' title='bbox 760 2960 962 3031; x_wconf 85' lang='grc' dir='ltr'>ὁμοίως</span> <span class='ocrx_word' id='word_1_319' title='bbox 994 2959 1091 3012; x_wconf 76' lang='grc' dir='ltr'>καὶ</span> <span class='ocrx_word' id='word_1_320' title='bbox 1124 2956 1300 3011; x_wconf 87' lang='grc' dir='ltr'>πάντα</span> <span class='ocrx_word' id='word_1_321' title='bbox 1322 2954 1606 3027; x_wconf 81' lang='grc' dir='ltr'>ἄνθρωπον</span> <span class='ocrx_word' id='word_1_322' title='bbox 1621 2952 1908 3023; x_wconf 76' lang='grc' dir='ltr'>ἠγάπησα,</span> 
     </span>
    </p>
   </div>
   <div class='ocr_carea' id='block_1_47' title="bbox 326 3040 1907 3123">
    <p class='ocr_par' dir='ltr' id='par_1_47' title="bbox 326 3040 1907 3123">
     <span class='ocr_line' id='line_1_47' title="bbox 326 3040 1907 3123; baseline -0.008 -17"><span class='ocrx_word' id='word_1_323' title='bbox 326 3055 404 3118; x_wconf 86' lang='grc' dir='ltr'><strong>ώς</strong></span> <span class='ocrx_word' id='word_1_324' title='bbox 436 3053 547 3123; x_wconf 74' lang='grc'><strong>(54)</strong></span> <span class='ocrx_word' id='word_1_325' title='bbox 587 3052 658 3106; x_wconf 81' lang='grc' dir='ltr'><strong>τὰ</strong></span> <span class='ocrx_word' id='word_1_326' title='bbox 688 3051 855 3105; x_wconf 88' lang='grc' dir='ltr'>τέκνα</span> <span class='ocrx_word' id='word_1_327' title='bbox 893 3067 1014 3121; x_wconf 92' lang='grc' dir='ltr'>μου.</span> <span class='ocrx_word' id='word_1_328' title='bbox 1056 3046 1240 3102; x_wconf 79' lang='grc' dir='ltr'>Ταῦτα</span> <span class='ocrx_word' id='word_1_329' title='bbox 1281 3040 1544 3114; x_wconf 86' lang='grc' dir='ltr'>ποιήσατε</span> <span class='ocrx_word' id='word_1_330' title='bbox 1592 3043 1686 3096; x_wconf 75' lang='grc' dir='ltr'>καὶ</span> <span class='ocrx_word' id='word_1_331' title='bbox 1727 3042 1907 3112; x_wconf 80' lang='grc' dir='ltr'>ὑμεῖς,</span> 
     </span>
    </p>
   </div>
   <div class='ocr_carea' id='block_1_48' title="bbox 2003 1886 2333 1927">
    <p class='ocr_par' dir='ltr' id='par_1_48' title="bbox 2003 1886 2333 1927">
     <span class='ocr_line' id='line_1_48' title="bbox 2003 1886 2333 1927; baseline 0 0"><span class='ocrx_word' id='word_1_332' title='bbox 2003 1887 2122 1927; x_wconf 88' lang='lat' dir='ltr'><strong>ram</strong></span> <span class='ocrx_word' id='word_1_333' title='bbox 2154 1886 2333 1927; x_wconf 88' lang='lat' dir='ltr'><strong>suam.</strong></span> 
     </span>
    </p>
   </div>
   <div class='ocr_carea' id='block_1_49' title="bbox 2073 2047 3584 2123">
    <p class='ocr_par' dir='ltr' id='par_1_49' title="bbox 2073 2047 3584 2123">
     <span class='ocr_line' id='line_1_49' title="bbox 2073 2047 3584 2123; baseline 0 -19"><span class='ocrx_word' id='word_1_334' title='bbox 2073 2047 2186 2106; x_wconf 72' lang='grc' dir='ltr'>νη.</span> <span class='ocrx_word' id='word_1_335' title='bbox 2225 2069 2244 2104; x_wconf 81' lang='grc' dir='ltr'><strong>ι</strong></span> <span class='ocrx_word' id='word_1_336' title='bbox 2275 2049 2506 2107; x_wconf 86' lang='lat' dir='ltr'><strong>Centum</strong></span> <span class='ocrx_word' id='word_1_337' title='bbox 2535 2048 2727 2123; x_wconf 76' lang='lat' dir='ltr'><strong>viginti</strong></span> <span class='ocrx_word' id='word_1_338' title='bbox 2763 2050 2873 2106; x_wconf 92' lang='lat' dir='ltr'><strong>duo</strong></span> <span class='ocrx_word' id='word_1_339' title='bbox 2903 2065 3174 2105; x_wconf 90' lang='lat' dir='ltr'><strong>annorum</strong></span> <span class='ocrx_word' id='word_1_340' title='bbox 3209 2065 3331 2107; x_wconf 89' lang='lat' dir='ltr'><strong>sum</strong></span> <span class='ocrx_word' id='word_1_341' title='bbox 3358 2063 3496 2122; x_wconf 92' lang='lat' dir='ltr'><strong>ego;</strong></span> <span class='ocrx_word' id='word_1_342' title='bbox 3526 2055 3584 2105; x_wconf 87' lang='lat' dir='ltr'><strong>et</strong></span> 
     </span>
    </p>
   </div>
   <div class='ocr_carea' id='block_1_50' title="bbox 2002 2141 3587 2214">
    <p class='ocr_par' dir='ltr' id='par_1_50' title="bbox 2002 2141 3587 2214">
     <span class='ocr_line' id='line_1_50' title="bbox 2002 2141 3587 2214; baseline -0.001 -17"><span class='ocrx_word' id='word_1_343' title='bbox 2002 2157 2114 2197; x_wconf 86' lang='lat' dir='ltr'><strong>non</strong></span> <span class='ocrx_word' id='word_1_344' title='bbox 2143 2145 2374 2214; x_wconf 86' lang='lat' dir='ltr'><strong>cognovi</strong></span> <span class='ocrx_word' id='word_1_345' title='bbox 2407 2159 2572 2214; x_wconf 91' lang='lat' dir='ltr'><strong>super</strong></span> <span class='ocrx_word' id='word_1_346' title='bbox 2599 2159 2686 2200; x_wconf 89' lang='lat' dir='ltr'><strong>me</strong></span> <span class='ocrx_word' id='word_1_347' title='bbox 2721 2153 3006 2213; x_wconf 88' lang='lat' dir='ltr'><strong>peccatum</strong></span> <span class='ocrx_word' id='word_1_348' title='bbox 3044 2143 3097 2198; x_wconf 92' lang='lat' dir='ltr'><strong>in</strong></span> <span class='ocrx_word' id='word_1_349' title='bbox 3139 2151 3392 2198; x_wconf 90' lang='lat' dir='ltr'><strong>mortem.</strong></span> <span class='ocrx_word' id='word_1_350' title='bbox 3435 2141 3587 2196; x_wconf 64' lang='lat' dir='ltr'><strong>Prae-</strong></span> 
     </span>
    </p>
   </div>
   <div class='ocr_carea' id='block_1_51' title="bbox 2005 2233 3589 2305">
    <p class='ocr_par' dir='ltr' id='par_1_51' title="bbox 2005 2233 3589 2305">
     <span class='ocr_line' id='line_1_51' title="bbox 2005 2233 3589 2305; baseline -0.002 -14"><span class='ocrx_word' id='word_1_351' title='bbox 2005 2244 2088 2291; x_wconf 89' lang='lat' dir='ltr'><strong>ter</strong></span> <span class='ocrx_word' id='word_1_352' title='bbox 2115 2251 2341 2291; x_wconf 80' lang='lat' dir='ltr'><strong>uxorem</strong></span> <span class='ocrx_word' id='word_1_353' title='bbox 2378 2251 2576 2305; x_wconf 87' lang='lat' dir='ltr'><strong>meam,</strong></span> <span class='ocrx_word' id='word_1_354' title='bbox 2621 2251 2731 2291; x_wconf 91' lang='lat' dir='ltr'><strong>non</strong></span> <span class='ocrx_word' id='word_1_355' title='bbox 2762 2236 2995 2305; x_wconf 77' lang='lat' dir='ltr'><strong>cognovi</strong></span> <span class='ocrx_word' id='word_1_356' title='bbox 3027 2236 3224 2302; x_wconf 90' lang='lat' dir='ltr'><strong>aliam;</strong></span> <span class='ocrx_word' id='word_1_357' title='bbox 3263 2250 3371 2289; x_wconf 90' lang='lat' dir='ltr'><strong>non</strong></span> <span class='ocrx_word' id='word_1_358' title='bbox 3416 2233 3589 2289; x_wconf 89' lang='lat' dir='ltr'><strong>forni-</strong></span> 
     </span>
    </p>
   </div>
   <div class='ocr_carea' id='block_1_52' title="bbox 2006 2326 3588 2394">
    <p class='ocr_par' dir='ltr' id='par_1_52' title="bbox 2006 2326 3588 2394">
     <span class='ocr_line' id='line_1_52' title="bbox 2006 2326 3588 2394; baseline -0.002 -11"><span class='ocrx_word' id='word_1_359' title='bbox 2006 2335 2162 2383; x_wconf 88' lang='lat' dir='ltr'><strong>catus</strong></span> <span class='ocrx_word' id='word_1_360' title='bbox 2185 2343 2308 2383; x_wconf 90' lang='lat' dir='ltr'><strong>sum</strong></span> <span class='ocrx_word' id='word_1_361' title='bbox 2345 2328 2401 2382; x_wconf 91' lang='lat' dir='ltr'><strong>in</strong></span> <span class='ocrx_word' id='word_1_362' title='bbox 2430 2328 2665 2384; x_wconf 89' lang='lat' dir='ltr'><strong>elatione</strong></span> <span class='ocrx_word' id='word_1_363' title='bbox 2700 2329 2984 2383; x_wconf 91' lang='lat' dir='ltr'><strong>oculorum</strong></span> <span class='ocrx_word' id='word_1_364' title='bbox 3011 2345 3027 2394; x_wconf 95' lang='lat'><strong>;</strong></span> <span class='ocrx_word' id='word_1_365' title='bbox 3058 2329 3246 2381; x_wconf 90' lang='lat' dir='ltr'><strong>vinum</strong></span> <span class='ocrx_word' id='word_1_366' title='bbox 3279 2327 3332 2381; x_wconf 88' lang='lat' dir='ltr'><strong>in</strong></span> <span class='ocrx_word' id='word_1_367' title='bbox 3363 2326 3588 2382; x_wconf 76' lang='lat' dir='ltr'><strong>aberra-</strong></span> 
     </span>
    </p>
   </div>
   <div class='ocr_carea' id='block_1_53' title="bbox 2007 2416 3587 2486">
    <p class='ocr_par' dir='ltr' id='par_1_53' title="bbox 2007 2416 3587 2486">
     <span class='ocr_line' id='line_1_53' title="bbox 2007 2416 3587 2486; baseline -0.001 -14"><span class='ocrx_word' id='word_1_368' title='bbox 2007 2419 2212 2474; x_wconf 91' lang='lat' dir='ltr'><strong>tionem</strong></span> <span class='ocrx_word' id='word_1_369' title='bbox 2245 2434 2357 2474; x_wconf 88' lang='lat' dir='ltr'><strong>non</strong></span> <span class='ocrx_word' id='word_1_370' title='bbox 2401 2418 2548 2486; x_wconf 89' lang='lat' dir='ltr'><strong>bibi;</strong></span> <span class='ocrx_word' id='word_1_371' title='bbox 2593 2433 2758 2473; x_wconf 88' lang='lat' dir='ltr'><strong>omne</strong></span> <span class='ocrx_word' id='word_1_372' title='bbox 2797 2416 3156 2472; x_wconf 90' lang='lat' dir='ltr'><strong>desiderabile</strong></span> <span class='ocrx_word' id='word_1_373' title='bbox 3196 2416 3430 2486; x_wconf 79' lang='lat' dir='ltr'><strong>proximi</strong></span> <span class='ocrx_word' id='word_1_374' title='bbox 3476 2431 3587 2470; x_wconf 88' lang='lat' dir='ltr'><strong>non</strong></span> 
     </span>
    </p>
   </div>
   <div class='ocr_carea' id='block_1_54' title="bbox 2008 2512 3587 2580">
    <p class='ocr_par' dir='ltr' id='par_1_54' title="bbox 2008 2512 3587 2580">
     <span class='ocr_line' id='line_1_54' title="bbox 2008 2512 3587 2580; baseline -0.001 -11"><span class='ocrx_word' id='word_1_375' title='bbox 2008 2514 2350 2577; x_wconf 86' lang='lat' dir='ltr'><strong>desideravi;</strong></span> <span class='ocrx_word' id='word_1_376' title='bbox 2399 2513 2561 2570; x_wconf 90' lang='lat' dir='ltr'><strong>dolus</strong></span> <span class='ocrx_word' id='word_1_377' title='bbox 2609 2530 2717 2570; x_wconf 89' lang='lat' dir='ltr'><strong>non</strong></span> <span class='ocrx_word' id='word_1_378' title='bbox 2770 2512 2948 2571; x_wconf 88' lang='lat' dir='ltr'><strong>factus</strong></span> <span class='ocrx_word' id='word_1_379' title='bbox 2997 2523 3080 2569; x_wconf 92' lang='lat' dir='ltr'><strong>est</strong></span> <span class='ocrx_word' id='word_1_380' title='bbox 3131 2513 3186 2568; x_wconf 93' lang='lat' dir='ltr'><strong>in</strong></span> <span class='ocrx_word' id='word_1_381' title='bbox 3234 2514 3396 2569; x_wconf 91' lang='lat' dir='ltr'><strong>corde</strong></span> <span class='ocrx_word' id='word_1_382' title='bbox 3430 2527 3587 2580; x_wconf 88' lang='lat' dir='ltr'><strong>meo;</strong></span> 
     </span>
    </p>
   </div>
   <div class='ocr_carea' id='block_1_55' title="bbox 2010 2601 3590 2676">
    <p class='ocr_par' dir='ltr' id='par_1_55' title="bbox 2010 2601 3590 2676">
     <span class='ocr_line' id='line_1_55' title="bbox 2010 2601 3590 2676; baseline -0.002 -15"><span class='ocrx_word' id='word_1_383' title='bbox 2010 2605 2358 2661; x_wconf 89' lang='lat' dir='ltr'><strong>mendacium</strong></span> <span class='ocrx_word' id='word_1_384' title='bbox 2389 2621 2500 2661; x_wconf 87' lang='lat' dir='ltr'><strong>non</strong></span> <span class='ocrx_word' id='word_1_385' title='bbox 2538 2606 2786 2662; x_wconf 87' lang='lat' dir='ltr'><strong>ascendit</strong></span> <span class='ocrx_word' id='word_1_386' title='bbox 2817 2621 2914 2676; x_wconf 89' lang='lat' dir='ltr'><strong>per</strong></span> <span class='ocrx_word' id='word_1_387' title='bbox 2940 2606 3085 2662; x_wconf 85' lang='lat' dir='ltr'><strong>labia</strong></span> <span class='ocrx_word' id='word_1_388' title='bbox 3116 2622 3259 2662; x_wconf 89' lang='lat' dir='ltr'><strong>mea.</strong></span> <span class='ocrx_word' id='word_1_389' title='bbox 3290 2601 3454 2660; x_wconf 85' lang='lat' dir='ltr'><strong>Omni</strong></span> <span class='ocrx_word' id='word_1_390' title='bbox 3486 2601 3590 2658; x_wconf 87' lang='lat' dir='ltr'><strong>ho-</strong></span> 
     </span>
    </p>
   </div>
   <div class='ocr_carea' id='block_1_56' title="bbox 2010 2697 3594 2770">
    <p class='ocr_par' dir='ltr' id='par_1_56' title="bbox 2010 2697 3594 2770">
     <span class='ocr_line' id='line_1_56' title="bbox 2010 2697 3594 2770; baseline -0.003 -16"><span class='ocrx_word' id='word_1_391' title='bbox 2010 2699 2146 2754; x_wconf 90' lang='lat' dir='ltr'><strong>mini</strong></span> <span class='ocrx_word' id='word_1_392' title='bbox 2170 2699 2360 2754; x_wconf 89' lang='lat' dir='ltr'><strong>dolore</strong></span> <span class='ocrx_word' id='word_1_393' title='bbox 2385 2699 2633 2755; x_wconf 90' lang='lat' dir='ltr'><strong>cruciato</strong></span> <span class='ocrx_word' id='word_1_394' title='bbox 2660 2698 2978 2770; x_wconf 87' lang='lat' dir='ltr'><strong>congemui,</strong></span> <span class='ocrx_word' id='word_1_395' title='bbox 3005 2708 3060 2754; x_wconf 91' lang='lat' dir='ltr'><strong>et</strong></span> <span class='ocrx_word' id='word_1_396' title='bbox 3087 2699 3312 2770; x_wconf 89' lang='lat' dir='ltr'><strong>pauperi</strong></span> <span class='ocrx_word' id='word_1_397' title='bbox 3336 2697 3459 2754; x_wconf 91' lang='lat' dir='ltr'><strong>dedi</strong></span> <span class='ocrx_word' id='word_1_398' title='bbox 3493 2711 3594 2768; x_wconf 78' lang='lat' dir='ltr'><strong>pa-</strong></span> 
     </span>
    </p>
   </div>
   <div class='ocr_carea' id='block_1_57' title="bbox 2011 2789 3588 2858">
    <p class='ocr_par' dir='ltr' id='par_1_57' title="bbox 2011 2789 3588 2858">
     <span class='ocr_line' id='line_1_57' title="bbox 2011 2789 3588 2858; baseline -0.001 -12"><span class='ocrx_word' id='word_1_399' title='bbox 2011 2807 2135 2847; x_wconf 91' lang='lat' dir='ltr'><strong>nem</strong></span> <span class='ocrx_word' id='word_1_400' title='bbox 2180 2807 2387 2846; x_wconf 90' lang='lat' dir='ltr'><strong>meum.</strong></span> <span class='ocrx_word' id='word_1_401' title='bbox 2438 2789 2557 2847; x_wconf 86' lang='lat' dir='ltr'><strong>Non</strong></span> <span class='ocrx_word' id='word_1_402' title='bbox 2612 2793 2825 2848; x_wconf 88' lang='lat' dir='ltr'><strong>comedi</strong></span> <span class='ocrx_word' id='word_1_403' title='bbox 2879 2792 3067 2858; x_wconf 90' lang='lat' dir='ltr'><strong>solus;</strong></span> <span class='ocrx_word' id='word_1_404' title='bbox 3123 2793 3419 2847; x_wconf 90' lang='lat' dir='ltr'><strong>terminum</strong></span> <span class='ocrx_word' id='word_1_405' title='bbox 3482 2804 3588 2844; x_wconf 87' lang='lat' dir='ltr'><strong>non</strong></span> 
     </span>
    </p>
   </div>
   <div class='ocr_carea' id='block_1_58' title="bbox 2012 2882 3594 2953">
    <p class='ocr_par' dir='ltr' id='par_1_58' title="bbox 2012 2882 3594 2953">
     <span class='ocr_line' id='line_1_58' title="bbox 2012 2882 3594 2953; baseline 0.001 -15"><span class='ocrx_word' id='word_1_406' title='bbox 2012 2883 2185 2948; x_wconf 88' lang='lat' dir='ltr'><strong>solvi;</strong></span> <span class='ocrx_word' id='word_1_407' title='bbox 2221 2883 2478 2953; x_wconf 85' lang='lat' dir='ltr'><strong>pietatem</strong></span> <span class='ocrx_word' id='word_1_408' title='bbox 2515 2882 2622 2939; x_wconf 84' lang='lat' dir='ltr'><strong>feci</strong></span> <span class='ocrx_word' id='word_1_409' title='bbox 2672 2883 2727 2938; x_wconf 91' lang='lat' dir='ltr'><strong>in</strong></span> <span class='ocrx_word' id='word_1_410' title='bbox 2768 2883 3028 2939; x_wconf 90' lang='lat' dir='ltr'><strong>omnibus</strong></span> <span class='ocrx_word' id='word_1_411' title='bbox 3073 2883 3265 2939; x_wconf 86' lang='lat' dir='ltr'><strong>diebus</strong></span> <span class='ocrx_word' id='word_1_412' title='bbox 3316 2883 3494 2949; x_wconf 89' lang='lat' dir='ltr'><strong>meis,</strong></span> <span class='ocrx_word' id='word_1_413' title='bbox 3536 2892 3594 2939; x_wconf 91' lang='lat' dir='ltr'><strong>et</strong></span> 
     </span>
    </p>
   </div>
   <div class='ocr_carea' id='block_1_59' title="bbox 2013 2978 3590 3045">
    <p class='ocr_par' dir='ltr' id='par_1_59' title="bbox 2013 2978 3590 3045">
     <span class='ocr_line' id='line_1_59' title="bbox 2013 2978 3590 3045; baseline 0.003 -13"><span class='ocrx_word' id='word_1_414' title='bbox 2013 2978 2319 3034; x_wconf 87' lang='lat' dir='ltr'><strong>veritatem.</strong></span> <span class='ocrx_word' id='word_1_415' title='bbox 2350 2980 2642 3035; x_wconf 88' lang='lat' dir='ltr'><strong>Dominum</strong></span> <span class='ocrx_word' id='word_1_416' title='bbox 2667 2980 2832 3036; x_wconf 83' lang='lat' dir='ltr'><strong>dilexi</strong></span> <span class='ocrx_word' id='word_1_417' title='bbox 2861 2980 2920 3035; x_wconf 89' lang='lat' dir='ltr'><strong>in</strong></span> <span class='ocrx_word' id='word_1_418' title='bbox 2950 2988 3064 3036; x_wconf 88' lang='lat' dir='ltr'><strong>tota</strong></span> <span class='ocrx_word' id='word_1_419' title='bbox 3096 2980 3416 3036; x_wconf 79' lang='lat' dir='ltr'><strong>fortitudine</strong></span> <span class='ocrx_word' id='word_1_420' title='bbox 3439 2996 3590 3045; x_wconf 87' lang='lat' dir='ltr'><strong>mea;</strong></span> 
     </span>
    </p>
   </div>
   <div class='ocr_carea' id='block_1_60' title="bbox 2016 3069 3590 3140">
    <p class='ocr_par' dir='ltr' id='par_1_60' title="bbox 2016 3069 3590 3140">
     <span class='ocr_line' id='line_1_60' title="bbox 2016 3069 3590 3140; baseline 0.003 -16"><span class='ocrx_word' id='word_1_421' title='bbox 2016 3069 2268 3124; x_wconf 91' lang='lat' dir='ltr'><strong>similiter</strong></span> <span class='ocrx_word' id='word_1_422' title='bbox 2298 3079 2354 3125; x_wconf 90' lang='lat' dir='ltr'><strong>et</strong></span> <span class='ocrx_word' id='word_1_423' title='bbox 2374 3086 2594 3126; x_wconf 88' lang='lat' dir='ltr'><strong>omnem</strong></span> <span class='ocrx_word' id='word_1_424' title='bbox 2627 3072 2905 3128; x_wconf 87' lang='lat' dir='ltr'><strong>hominem</strong></span> <span class='ocrx_word' id='word_1_425' title='bbox 2939 3073 3126 3140; x_wconf 79' lang='lat' dir='ltr'><strong>dilexi,</strong></span> <span class='ocrx_word' id='word_1_426' title='bbox 3161 3083 3218 3127; x_wconf 95' lang='lat' dir='ltr'><strong>ut</strong></span> <span class='ocrx_word' id='word_1_427' title='bbox 3240 3073 3381 3129; x_wconf 89' lang='lat' dir='ltr'><strong>ﬁlios</strong></span> <span class='ocrx_word' id='word_1_428' title='bbox 3414 3089 3590 3129; x_wconf 88' lang='lat' dir='ltr'><strong>meos.</strong></span> 
     </span>
    </p>
   </div>
   <div class='ocr_carea' id='block_1_61' title="bbox 325 3121 1908 3231">
    <p class='ocr_par' dir='ltr' id='par_1_61' title="bbox 325 3121 1904 3216">
     <span class='ocr_line' id='line_1_61' title="bbox 325 3121 1904 3216; baseline -0.009 -18"><span class='ocrx_word' id='word_1_429' title='bbox 325 3121 491 3200; x_wconf 73' lang='grc' dir='ltr'>τέκνα</span> <span class='ocrx_word' id='word_1_430' title='bbox 518 3121 640 3216; x_wconf 87' lang='grc' dir='ltr'>μου,</span> <span class='ocrx_word' id='word_1_431' title='bbox 665 3143 760 3196; x_wconf 74' lang='grc' dir='ltr'>καὶ</span> <span class='ocrx_word' id='word_1_432' title='bbox 784 3142 892 3194; x_wconf 85' lang='grc' dir='ltr'>πᾶν</span> <span class='ocrx_word' id='word_1_433' title='bbox 923 3138 1141 3209; x_wconf 82' lang='grc' dir='ltr'>πνεῦμα</span> <span class='ocrx_word' id='word_1_434' title='bbox 1172 3134 1265 3189; x_wconf 83' lang='grc' dir='ltr'>τοῦ</span> <span class='ocrx_word' id='word_1_435' title='bbox 1297 3135 1495 3204; x_wconf 89' lang='grc' dir='ltr'>Βελιὰρ</span> <span class='ocrx_word' id='word_1_436' title='bbox 1534 3131 1790 3202; x_wconf 83' lang='grc' dir='ltr'>φεύξεται</span> <span class='ocrx_word' id='word_1_437' title='bbox 1811 3132 1904 3200; x_wconf 85' lang='grc' dir='ltr'>ἀφ’</span> 
     </span>
    </p>
   </div>
   <div class='ocr_carea' id='block_1_62' title="bbox 2010 3121 3595 3231">
    <p class='ocr_par' dir='ltr' id='par_1_62' title="bbox 2012 3159 3595 3231">
     <span class='ocr_line' id='line_1_62' title="bbox 2012 3159 3595 3231; baseline 0.005 -19"><span class='ocrx_word' id='word_1_438' title='bbox 2012 3159 2139 3218; x_wconf 57' lang='lat' dir='ltr'><strong>Hac</strong></span> <span class='ocrx_word' id='word_1_439' title='bbox 2175 3172 2230 3216; x_wconf 88' lang='lat' dir='ltr'><strong>et</strong></span> <span class='ocrx_word' id='word_1_440' title='bbox 2262 3177 2358 3216; x_wconf 93' lang='lat' dir='ltr'><strong>vos</strong></span> <span class='ocrx_word' id='word_1_441' title='bbox 2404 3162 2653 3228; x_wconf 84' lang='lat' dir='ltr'><strong>faciatis,</strong></span> <span class='ocrx_word' id='word_1_442' title='bbox 2703 3164 2800 3218; x_wconf 88' lang='lat' dir='ltr'><strong>ﬁlii</strong></span> <span class='ocrx_word' id='word_1_443' title='bbox 2842 3165 2982 3231; x_wconf 89' lang='lat' dir='ltr'><strong>mei,</strong></span> <span class='ocrx_word' id='word_1_444' title='bbox 3025 3174 3080 3219; x_wconf 86' lang='lat' dir='ltr'><strong>et</strong></span> <span class='ocrx_word' id='word_1_445' title='bbox 3123 3165 3305 3219; x_wconf 92' lang='lat' dir='ltr'><strong>omnis</strong></span> <span class='ocrx_word' id='word_1_446' title='bbox 3363 3164 3595 3231; x_wconf 86' lang='lat' dir='ltr'><strong>spiritus</strong></span> 
     </span>
    </p>
   </div>
   <div class='ocr_carea' id='block_1_63' title="bbox 326 3222 1908 3308">
    <p class='ocr_par' dir='ltr' id='par_1_63' title="bbox 326 3222 1908 3308">
     <span class='ocr_line' id='line_1_63' title="bbox 326 3222 1908 3308; baseline -0.011 -16"><span class='ocrx_word' id='word_1_447' title='bbox 326 3235 502 3308; x_wconf 77' lang='grc' dir='ltr'>ὑμῶν,</span> <span class='ocrx_word' id='word_1_448' title='bbox 525 3237 622 3290; x_wconf 77' lang='grc' dir='ltr'>καὶ</span> <span class='ocrx_word' id='word_1_449' title='bbox 656 3235 806 3288; x_wconf 82' lang='grc' dir='ltr'>πᾶσα</span> <span class='ocrx_word' id='word_1_450' title='bbox 840 3227 1040 3304; x_wconf 80' lang='grc' dir='ltr'>πρᾶξις</span> <span class='ocrx_word' id='word_1_451' title='bbox 1077 3225 1330 3299; x_wconf 84' lang='grc' dir='ltr'>πονηρῶν</span> <span class='ocrx_word' id='word_1_452' title='bbox 1370 3222 1674 3296; x_wconf 83' lang='grc' dir='ltr'>ἀνθρώπων</span> <span class='ocrx_word' id='word_1_453' title='bbox 1706 3224 1766 3276; x_wconf 83' lang='grc' dir='ltr'><strong>ού</strong></span> <span class='ocrx_word' id='word_1_454' title='bbox 1807 3239 1908 3276; x_wconf 92' lang='grc' dir='ltr'>κυ-</span> 
     </span>
    </p>
   </div>
   <div class='ocr_carea' id='block_1_64' title="bbox 327 3311 1905 3402">
    <p class='ocr_par' dir='ltr' id='par_1_64' title="bbox 327 3311 1905 3402">
     <span class='ocr_line' id='line_1_64' title="bbox 327 3311 1905 3402; baseline -0.013 -18"><span class='ocrx_word' id='word_1_455' title='bbox 327 3328 534 3402; x_wconf 89' lang='grc' dir='ltr'>ριεύσει</span> <span class='ocrx_word' id='word_1_456' title='bbox 549 3326 722 3398; x_wconf 79' lang='grc' dir='ltr'>ὑμῶν·</span> <span class='ocrx_word' id='word_1_457' title='bbox 746 3324 841 3377; x_wconf 71' lang='grc' dir='ltr'>καὶ</span> <span class='ocrx_word' id='word_1_458' title='bbox 856 3323 1032 3376; x_wconf 83' lang='grc' dir='ltr'>πάντα</span> <span class='ocrx_word' id='word_1_459' title='bbox 1047 3320 1235 3390; x_wconf 84' lang='grc' dir='ltr'>ἀγριον</span> <span class='ocrx_word' id='word_1_460' title='bbox 1253 3317 1393 3388; x_wconf 86' lang='grc' dir='ltr'>θῆρα</span> <span class='ocrx_word' id='word_1_461' title='bbox 1406 3311 1905 3376; x_wconf 85' lang='grc' dir='ltr'>καταδουλώσεσθε,</span> 
     </span>
    </p>
   </div>
   <div class='ocr_carea' id='block_1_65' title="bbox 324 3402 1910 3491">
    <p class='ocr_par' dir='ltr' id='par_1_65' title="bbox 324 3402 1910 3491">
     <span class='ocr_line' id='line_1_65' title="bbox 324 3402 1910 3491; baseline -0.011 -18"><span class='ocrx_word' id='word_1_462' title='bbox 324 3418 543 3491; x_wconf 70' lang='grc' dir='ltr'>ἔχοντες</span> <span class='ocrx_word' id='word_1_463' title='bbox 571 3415 687 3486; x_wconf 85' lang='grc' dir='ltr'>μεθ’</span> <span class='ocrx_word' id='word_1_464' title='bbox 716 3411 926 3466; x_wconf 78' lang='grc' dir='ltr'>ἑαυτῶν</span> <span class='ocrx_word' id='word_1_465' title='bbox 948 3410 1082 3463; x_wconf 82' lang='grc' dir='ltr'>Θεὸν</span> <span class='ocrx_word' id='word_1_466' title='bbox 1109 3407 1204 3460; x_wconf 80' lang='grc' dir='ltr'><strong>τοῦ</strong></span> <span class='ocrx_word' id='word_1_467' title='bbox 1229 3405 1476 3479; x_wconf 78' lang='grc' dir='ltr'>ούρανοῦ·</span> <span class='ocrx_word' id='word_1_468' title='bbox 1508 3402 1910 3477; x_wconf 87' lang='grc' dir='ltr'>συμπορευόμε-</span> 
     </span>
    </p>
   </div>
   <div class='ocr_carea' id='block_1_66' title="bbox 325 3492 1910 3576">
    <p class='ocr_par' dir='ltr' id='par_1_66' title="bbox 325 3492 1910 3576">
     <span class='ocr_line' id='line_1_66' title="bbox 325 3492 1910 3576; baseline -0.012 -12"><span class='ocrx_word' id='word_1_469' title='bbox 325 3527 407 3566; x_wconf 89' lang='grc' dir='ltr'><strong>νοι</strong></span> <span class='ocrx_word' id='word_1_470' title='bbox 427 3511 538 3570; x_wconf 83' lang='grc' dir='ltr'>τοῖς</span> <span class='ocrx_word' id='word_1_471' title='bbox 561 3503 870 3576; x_wconf 87' lang='grc' dir='ltr'>ἀνθρώποις</span> <span class='ocrx_word' id='word_1_472' title='bbox 894 3503 950 3554; x_wconf 85' lang='grc' dir='ltr'>ὲν</span> <span class='ocrx_word' id='word_1_473' title='bbox 978 3498 1240 3569; x_wconf 83' lang='grc' dir='ltr'>ἁπλότητι</span> <span class='ocrx_word' id='word_1_474' title='bbox 1261 3498 1509 3570; x_wconf 88' lang='grc' dir='ltr'>καρδίας.</span> <span class='ocrx_word' id='word_1_475' title='bbox 1535 3516 1554 3549; x_wconf 83' lang='grc'>›</span> <span class='ocrx_word' id='word_1_476' title='bbox 1577 3497 1687 3551; x_wconf 72' lang='grc' dir='ltr'>Καὶ</span> <span class='ocrx_word' id='word_1_477' title='bbox 1710 3492 1910 3548; x_wconf 79' lang='grc' dir='ltr'>ἐνετεί-</span> 
     </span>
    </p>
   </div>
   <div class='ocr_carea' id='block_1_67' title="bbox 324 3583 1910 3669">
    <p class='ocr_par' dir='ltr' id='par_1_67' title="bbox 324 3583 1910 3669">
     <span class='ocr_line' id='line_1_67' title="bbox 324 3583 1910 3669; baseline -0.009 -16"><span class='ocrx_word' id='word_1_478' title='bbox 324 3604 460 3654; x_wconf 88' lang='grc' dir='ltr'>λατο</span> <span class='ocrx_word' id='word_1_479' title='bbox 482 3598 686 3660; x_wconf 84' lang='grc' dir='ltr'>αὐτοῖς,</span> <span class='ocrx_word' id='word_1_480' title='bbox 711 3595 858 3669; x_wconf 77' lang='grc' dir='ltr'>ὅπως</span> <span class='ocrx_word' id='word_1_481' title='bbox 878 3591 1151 3660; x_wconf 81' lang='grc' dir='ltr'>ἀνάγωσιν</span> <span class='ocrx_word' id='word_1_482' title='bbox 1182 3589 1344 3643; x_wconf 81' lang='grc' dir='ltr'>αὐτὸν</span> <span class='ocrx_word' id='word_1_483' title='bbox 1381 3591 1440 3642; x_wconf 81' lang='grc' dir='ltr'><strong>έν</strong></span> <span class='ocrx_word' id='word_1_484' title='bbox 1473 3583 1720 3661; x_wconf 78' lang='grc' dir='ltr'>Χεϐρών,</span> <span class='ocrx_word' id='word_1_485' title='bbox 1749 3585 1910 3640; x_wconf 84' lang='grc' dir='ltr'>κάκεῖ</span> 
     </span>
    </p>
   </div>
   <div class='ocr_carea' id='block_1_68' title="bbox 329 3678 1911 3756">
    <p class='ocr_par' dir='ltr' id='par_1_68' title="bbox 329 3678 1911 3756">
     <span class='ocr_line' id='line_1_68' title="bbox 329 3678 1911 3756; baseline -0.009 -11"><span class='ocrx_word' id='word_1_486' title='bbox 329 3689 490 3745; x_wconf 80' lang='grc' dir='ltr'>αὑτὸν</span> <span class='ocrx_word' id='word_1_487' title='bbox 526 3687 769 3754; x_wconf 82' lang='grc' dir='ltr'>θάψωσιν</span> <span class='ocrx_word' id='word_1_488' title='bbox 794 3686 851 3738; x_wconf 79' lang='grc' dir='ltr'>ἐν</span> <span class='ocrx_word' id='word_1_489' title='bbox 882 3683 959 3756; x_wconf 81' lang='grc' dir='ltr'>τῷ</span> <span class='ocrx_word' id='word_1_490' title='bbox 985 3683 1235 3756; x_wconf 83' lang='grc' dir='ltr'>σπηλαίῳ</span> <span class='ocrx_word' id='word_1_491' title='bbox 1271 3680 1410 3755; x_wconf 88' lang='grc' dir='ltr'><strong>μετὰ</strong></span> <span class='ocrx_word' id='word_1_492' title='bbox 1422 3679 1532 3735; x_wconf 86' lang='grc' dir='ltr'><strong>τῶν</strong></span> <span class='ocrx_word' id='word_1_493' title='bbox 1549 3679 1800 3752; x_wconf 89' lang='grc' dir='ltr'>πατέρων</span> <span class='ocrx_word' id='word_1_494' title='bbox 1813 3678 1911 3730; x_wconf 85' lang='grc' dir='ltr'>αύ-</span> 
     </span>
    </p>
   </div>
   <div class='ocr_carea' id='block_1_69' title="bbox 329 3769 1912 3843">
    <p class='ocr_par' dir='ltr' id='par_1_69' title="bbox 329 3769 1912 3843">
     <span class='ocr_line' id='line_1_69' title="bbox 329 3769 1912 3843; baseline -0.01 -6"><span class='ocrx_word' id='word_1_495' title='bbox 329 3783 442 3838; x_wconf 77' lang='grc' dir='ltr'><strong>τοῦ.</strong></span> <span class='ocrx_word' id='word_1_496' title='bbox 481 3782 592 3834; x_wconf 80' lang='grc' dir='ltr'>Καὶ</span> <span class='ocrx_word' id='word_1_497' title='bbox 623 3778 852 3843; x_wconf 80' lang='grc' dir='ltr'>ἐξέτεινε</span> <span class='ocrx_word' id='word_1_498' title='bbox 887 3779 1015 3842; x_wconf 87' lang='grc' dir='ltr'>τοὺς</span> <span class='ocrx_word' id='word_1_499' title='bbox 1062 3775 1228 3839; x_wconf 88' lang='grc' dir='ltr'>πόδας</span> <span class='ocrx_word' id='word_1_500' title='bbox 1276 3774 1462 3839; x_wconf 79' lang='grc' dir='ltr'>αὐτοῦ,</span> <span class='ocrx_word' id='word_1_501' title='bbox 1509 3773 1604 3826; x_wconf 80' lang='grc' dir='ltr'>καὶ</span> <span class='ocrx_word' id='word_1_502' title='bbox 1642 3769 1912 3824; x_wconf 84' lang='grc' dir='ltr'>ἀπέθανεν</span> 
     </span>
    </p>
   </div>
   <div class='ocr_carea' id='block_1_70' title="bbox 331 3862 1910 3946">
    <p class='ocr_par' dir='ltr' id='par_1_70' title="bbox 331 3862 1910 3946">
     <span class='ocr_line' id='line_1_70' title="bbox 331 3862 1910 3946; baseline -0.01 -16"><span class='ocrx_word' id='word_1_503' title='bbox 331 3876 581 3946; x_wconf 85' lang='grc' dir='ltr'>πέμπτος</span> <span class='ocrx_word' id='word_1_504' title='bbox 617 3872 730 3943; x_wconf 78' lang='lat'><strong>(35)</strong></span> <span class='ocrx_word' id='word_1_505' title='bbox 754 3872 810 3924; x_wconf 82' lang='grc' dir='ltr'>ὲν</span> <span class='ocrx_word' id='word_1_506' title='bbox 835 3875 995 3942; x_wconf 82' lang='grc' dir='ltr'>γήρει</span> <span class='ocrx_word' id='word_1_507' title='bbox 1029 3866 1200 3939; x_wconf 79' lang='grc' dir='ltr'>καλῷ,</span> <span class='ocrx_word' id='word_1_508' title='bbox 1227 3869 1336 3921; x_wconf 78' lang='grc' dir='ltr'>πᾶν</span> <span class='ocrx_word' id='word_1_509' title='bbox 1382 3864 1542 3938; x_wconf 89' lang='grc' dir='ltr'>μέλος</span> <span class='ocrx_word' id='word_1_510' title='bbox 1569 3864 1709 3936; x_wconf 76' lang='grc' dir='ltr'>ἔχων</span> <span class='ocrx_word' id='word_1_511' title='bbox 1738 3862 1910 3932; x_wconf 82' lang='grc' dir='ltr'>ὑγιὲς,</span> 
     </span>
    </p>
   </div>
   <div class='ocr_carea' id='block_1_71' title="bbox 332 3957 1414 4036">
    <p class='ocr_par' dir='ltr' id='par_1_71' title="bbox 332 3957 1414 4036">
     <span class='ocr_line' id='line_1_71' title="bbox 332 3957 1414 4036; baseline -0.011 -14"><span class='ocrx_word' id='word_1_512' title='bbox 332 3968 425 4022; x_wconf 79' lang='grc' dir='ltr'>καὶ</span> <span class='ocrx_word' id='word_1_513' title='bbox 459 3964 656 4036; x_wconf 74' lang='grc' dir='ltr'>ἰσχύων</span> <span class='ocrx_word' id='word_1_514' title='bbox 691 3963 938 4017; x_wconf 78' lang='grc' dir='ltr'>ὕπνωσεν</span> <span class='ocrx_word' id='word_1_515' title='bbox 970 3960 1142 4015; x_wconf 75' lang='grc' dir='ltr'>ὕπνον</span> <span class='ocrx_word' id='word_1_516' title='bbox 1175 3957 1414 4013; x_wconf 87' lang='grc' dir='ltr'>αίώνιον.</span> 
     </span>
    </p>
   </div>
   <div class='ocr_carea' id='block_1_72' title="bbox 871 4201 1400 4268">
    <p class='ocr_par' dir='ltr' id='par_1_72' title="bbox 871 4201 1400 4268">
     <span class='ocr_line' id='line_1_72' title="bbox 871 4201 1400 4268; baseline -0.011 -10"><span class='ocrx_word' id='word_1_517' title='bbox 871 4201 1267 4258; x_wconf 76' lang='grc' dir='ltr'><strong>ΚΕΦΑΛΑΙΟΝ</strong></span> <span class='ocrx_word' id='word_1_518' title='bbox 1310 4203 1400 4268; x_wconf 68' lang='grc' dir='ltr'><strong>ς’.</strong></span> 
     </span>
    </p>
   </div>
   <div class='ocr_carea' id='block_1_73' title="bbox 417 4305 1835 4436">
    <p class='ocr_par' dir='ltr' id='par_1_73' title="bbox 417 4305 1835 4436">
     <span class='ocr_line' id='line_1_73' title="bbox 417 4305 1835 4436; baseline -0.008 -64"><span class='ocrx_word' id='word_1_519' title='bbox 417 4315 673 4384; x_wconf 71' lang='grc' dir='ltr'>Διαθῆκη</span> <span class='ocrx_word' id='word_1_520' title='bbox 711 4311 1222 4436; x_wconf 49' lang='grc' dir='ltr'>Ζαϐουλὼνὲζὶὲτερί</span> <span class='ocrx_word' id='word_1_521' title='bbox 1249 4307 1705 4378; x_wconf 75' lang='grc' dir='ltr'>εὐσπλαγχνίας</span> <span class='ocrx_word' id='word_1_522' title='bbox 1735 4305 1835 4361; x_wconf 76' lang='grc' dir='ltr'><strong>καί</strong></span> 
     </span>
     <span class='ocr_line' id='line_1_74' title="bbox 1114 4399 1243 4436; baseline -0.016 -1"><span class='ocrx_word' id='word_1_523' title='bbox 1114 4399 1243 4436; x_wconf 75' lang='grc' dir='ltr'>ουρ.</span> 
     </span>
    </p>
   </div>
   <div class='ocr_carea' id='block_1_74' title="bbox 1114 4399 1243 4448">
    <p class='ocr_par' dir='ltr' id='par_1_74' title="bbox 1114 4399 1243 4448">
     <span class='ocr_line' id='line_1_75' title="bbox 1114 4399 1243 4448; baseline -0.023 -12"><span class='ocrx_word' id='word_1_524' title='bbox 1114 4399 1243 4448; x_wconf 88' lang='grc' dir='ltr'>ους.</span> 
     </span>
    </p>
   </div>
   <div class='ocr_carea' id='block_1_75' title="bbox 406 4490 1910 4572">
    <p class='ocr_par' dir='ltr' id='par_1_75' title="bbox 406 4490 1910 4572">
     <span class='ocr_line' id='line_1_76' title="bbox 406 4490 1910 4572; baseline -0.007 -17"><span class='ocrx_word' id='word_1_525' title='bbox 406 4503 484 4555; x_wconf 85' lang='grc' dir='ltr'><strong>Α’.</strong></span> <span class='ocrx_word' id='word_1_526' title='bbox 537 4499 890 4572; x_wconf 82' lang='grc' dir='ltr'>Ἀντίγραφον</span> <span class='ocrx_word' id='word_1_527' title='bbox 921 4493 1203 4550; x_wconf 76' lang='grc' dir='ltr'>Ζαϐουλὼν</span> <span class='ocrx_word' id='word_1_528' title='bbox 1222 4533 1236 4558; x_wconf 93' lang='grc'><strong>,</strong></span> <span class='ocrx_word' id='word_1_529' title='bbox 1272 4495 1301 4547; x_wconf 78' lang='grc' dir='ltr'><strong>ὃ</strong></span> <span class='ocrx_word' id='word_1_530' title='bbox 1332 4492 1536 4547; x_wconf 77' lang='grc' dir='ltr'>διέθετο</span> <span class='ocrx_word' id='word_1_531' title='bbox 1558 4493 1670 4556; x_wconf 87' lang='grc' dir='ltr'>τοῖς</span> <span class='ocrx_word' id='word_1_532' title='bbox 1700 4490 1910 4556; x_wconf 86' lang='grc' dir='ltr'>τέκνοις</span> 
     </span>
    </p>
   </div>
   <div class='ocr_carea' id='block_1_76' title="bbox 335 4580 1915 4660">
    <p class='ocr_par' dir='ltr' id='par_1_76' title="bbox 335 4580 1915 4660">
     <span class='ocr_line' id='line_1_77' title="bbox 335 4580 1915 4660; baseline -0.009 -12"><span class='ocrx_word' id='word_1_533' title='bbox 335 4592 497 4648; x_wconf 78' lang='grc' dir='ltr'>αὐτοῦ</span> <span class='ocrx_word' id='word_1_534' title='bbox 532 4589 809 4660; x_wconf 78' lang='grc' dir='ltr'>ἑκατοστῷ</span> <span class='ocrx_word' id='word_1_535' title='bbox 841 4584 1261 4658; x_wconf 83' lang='grc' dir='ltr'>τεσσαρακοστῷ</span> <span class='ocrx_word' id='word_1_536' title='bbox 1293 4583 1405 4655; x_wconf 82' lang='lat'><strong>(&#39;56)</strong></span> <span class='ocrx_word' id='word_1_537' title='bbox 1447 4583 1541 4637; x_wconf 78' lang='grc' dir='ltr'>καὶ</span> <span class='ocrx_word' id='word_1_538' title='bbox 1571 4581 1780 4652; x_wconf 84' lang='grc' dir='ltr'>δεκάτῳ</span> <span class='ocrx_word' id='word_1_539' title='bbox 1804 4580 1915 4634; x_wconf 80' lang='grc' dir='ltr'>ἔτει</span> 
     </span>
    </p>
   </div>
   <div class='ocr_carea' id='block_1_77' title="bbox 335 4673 1912 4754">
    <p class='ocr_par' dir='ltr' id='par_1_77' title="bbox 335 4673 1912 4754">
     <span class='ocr_line' id='line_1_78' title="bbox 335 4673 1912 4754; baseline -0.007 -18"><span class='ocrx_word' id='word_1_540' title='bbox 335 4685 431 4754; x_wconf 83' lang='grc' dir='ltr'>τῆς</span> <span class='ocrx_word' id='word_1_541' title='bbox 468 4682 614 4753; x_wconf 82' lang='grc' dir='ltr'>ζωῆς</span> <span class='ocrx_word' id='word_1_542' title='bbox 657 4678 842 4743; x_wconf 77' lang='grc' dir='ltr'>αὐτοῦ,</span> <span class='ocrx_word' id='word_1_543' title='bbox 874 4677 1012 4750; x_wconf 91' lang='grc' dir='ltr'><strong>μετὰ</strong></span> <span class='ocrx_word' id='word_1_544' title='bbox 1047 4677 1140 4730; x_wconf 89' lang='grc' dir='ltr'><strong>δύο</strong></span> <span class='ocrx_word' id='word_1_545' title='bbox 1175 4675 1271 4746; x_wconf 75' lang='grc' dir='ltr'>ἐτη</span> <span class='ocrx_word' id='word_1_546' title='bbox 1296 4675 1389 4728; x_wconf 78' lang='grc' dir='ltr'><strong>τοῦ</strong></span> <span class='ocrx_word' id='word_1_547' title='bbox 1413 4673 1643 4729; x_wconf 84' lang='grc' dir='ltr'>θανάτου</span> <span class='ocrx_word' id='word_1_548' title='bbox 1692 4673 1912 4745; x_wconf 82' lang='grc' dir='ltr'>Ἰωσήφ.</span> 
     </span>
    </p>
   </div>
   <div class='ocr_carea' id='block_1_78' title="bbox 335 4763 1910 4837">
    <p class='ocr_par' dir='ltr' id='par_1_78' title="bbox 335 4763 1910 4837">
     <span class='ocr_line' id='line_1_79' title="bbox 335 4763 1910 4837; baseline -0.008 -10"><span class='ocrx_word' id='word_1_549' title='bbox 335 4775 447 4828; x_wconf 73' lang='grc' dir='ltr'>Καὶ</span> <span class='ocrx_word' id='word_1_550' title='bbox 471 4769 622 4826; x_wconf 78' lang='grc' dir='ltr'>εἶπεν</span> <span class='ocrx_word' id='word_1_551' title='bbox 654 4773 856 4834; x_wconf 76' lang='grc' dir='ltr'>αὐτοῖς’</span> <span class='ocrx_word' id='word_1_552' title='bbox 899 4788 918 4822; x_wconf 89' lang='grc' dir='ltr'><strong>ι</strong></span> <span class='ocrx_word' id='word_1_553' title='bbox 970 4766 1265 4822; x_wconf 83' lang='grc' dir='ltr'>Ἀκούσατέ</span> <span class='ocrx_word' id='word_1_554' title='bbox 1333 4783 1431 4837; x_wconf 92' lang='grc' dir='ltr'><strong>μου</strong></span> <span class='ocrx_word' id='word_1_555' title='bbox 1458 4805 1473 4831; x_wconf 93' lang='grc'><strong>,</strong></span> <span class='ocrx_word' id='word_1_556' title='bbox 1533 4765 1642 4818; x_wconf 75' lang='grc' dir='ltr'>υἱοὶ</span> <span class='ocrx_word' id='word_1_557' title='bbox 1703 4763 1910 4817; x_wconf 78' lang='grc' dir='ltr'>Ζαϐου-</span> 
     </span>
    </p>
   </div>
   <div class='ocr_carea' id='block_1_79' title="bbox 407 4935 1918 5020">
    <p class='ocr_par' dir='ltr' id='par_1_79' title="bbox 407 4935 1918 5020">
     <span class='ocr_line' id='line_1_80' title="bbox 407 4935 1918 5020; baseline -0.006 -17"><span class='ocrx_word' id='word_1_558' title='bbox 407 4947 520 5020; x_wconf 73' lang='lat'><strong>(29)</strong></span> <span class='ocrx_word' id='word_1_559' title='bbox 569 4946 771 5020; x_wconf 75' lang='grc' dir='ltr'><strong>Ἡμῶν.</strong></span> <span class='ocrx_word' id='word_1_560' title='bbox 820 4945 1003 5020; x_wconf 67' lang='grc' dir='ltr'><strong>’Ῑξμῶν</strong></span> <span class='ocrx_word' id='word_1_561' title='bbox 1026 4951 1159 5020; x_wconf 83' lang='lat' dir='ltr'><strong>puto</strong></span> <span class='ocrx_word' id='word_1_562' title='bbox 1181 4941 1500 5020; x_wconf 81' lang='lat' dir='ltr'><strong>legendum,_</strong></span> <span class='ocrx_word' id='word_1_563' title='bbox 1536 4937 1613 4996; x_wconf 88' lang='lat' dir='ltr'><strong>uti</strong></span> <span class='ocrx_word' id='word_1_564' title='bbox 1643 4935 1918 5020; x_wconf 61' lang='lat' dir='ltr'><strong>Robertus</strong></span> 
     </span>
    </p>
   </div>
   <div class='ocr_carea' id='block_1_80' title="bbox 335 5007 1920 5100">
    <p class='ocr_par' dir='ltr' id='par_1_80' title="bbox 335 5007 1920 5100">
     <span class='ocr_line' id='line_1_81' title="bbox 335 5007 1920 5100; baseline -0.009 -24"><span class='ocrx_word' id='word_1_565' title='bbox 335 5007 536 5100; x_wconf 70' lang='lat' dir='ltr'><strong>legisse</strong></span> <span class='ocrx_word' id='word_1_566' title='bbox 572 5007 816 5100; x_wconf 73' lang='lat' dir='ltr'><strong>videtur;</strong></span> <span class='ocrx_word' id='word_1_567' title='bbox 860 5007 983 5100; x_wconf 68' lang='lat' dir='ltr'><strong>licet</strong></span> <span class='ocrx_word' id='word_1_568' title='bbox 1017 5007 1352 5100; x_wconf 52' lang='lat' dir='ltr'><strong>Oxoniensi&#39;s</strong></span> <span class='ocrx_word' id='word_1_569' title='bbox 1387 5012 1593 5081; x_wconf 87' lang='lat' dir='ltr'><strong>pariter</strong></span> <span class='ocrx_word' id='word_1_570' title='bbox 1631 5024 1695 5064; x_wconf 91' lang='lat' dir='ltr'><strong>ac</strong></span> <span class='ocrx_word' id='word_1_571' title='bbox 1721 5007 1920 5063; x_wconf 84' lang='lat' dir='ltr'><strong>Canta-</strong></span> 
     </span>
    </p>
   </div>
   <div class='ocr_carea' id='block_1_81' title="bbox 337 5083 1385 5160">
    <p class='ocr_par' dir='ltr' id='par_1_81' title="bbox 337 5083 1385 5160">
     <span class='ocr_line' id='line_1_82' title="bbox 337 5083 1385 5160; baseline -0.011 -13"><span class='ocrx_word' id='word_1_572' title='bbox 337 5083 635 5160; x_wconf 71' lang='lat' dir='ltr'><strong>brigiensis</strong></span> <span class='ocrx_word' id='word_1_573' title='bbox 665 5083 835 5143; x_wconf 80' lang='lat' dir='ltr'><strong>codex</strong></span> <span class='ocrx_word' id='word_1_574' title='bbox 857 5083 1278 5160; x_wconf 9' lang='lat' dir='ltr'><strong>rbabeatﬁhpiigv.</strong></span> <span class='ocrx_word' id='word_1_575' title='bbox 1308 5084 1385 5160; x_wconf 62' lang='lat' dir='ltr'><strong>In.</strong></span> 
     </span>
    </p>
   </div>
   <div class='ocr_carea' id='block_1_82' title="bbox 433 5152 1717 5230">
    <p class='ocr_par' dir='ltr' id='par_1_82' title="bbox 433 5152 1717 5230">
     <span class='ocr_line' id='line_1_83' title="bbox 433 5152 1717 5230; baseline -0.009 -15"><span class='ocrx_word' id='word_1_576' title='bbox 433 5152 522 5230; x_wconf 46' lang='lat'><strong>&quot;50)</strong></span> <span class='ocrx_word' id='word_1_577' title='bbox 558 5159 1020 5230; x_wconf 65' lang='grc' dir='ltr'>Καταλιπόντες.</span> <span class='ocrx_word' id='word_1_578' title='bbox 1052 5152 1600 5230; x_wconf 53' lang='grc' dir='ltr'>Καταλιμπὰν-οντες.</span> <span class='ocrx_word' id='word_1_579' title='bbox 1638 5152 1717 5204; x_wconf 85' lang='lat' dir='ltr'><strong>In.</strong></span> 
     </span>
    </p>
   </div>
   <div class='ocr_carea' id='block_1_83' title="bbox 409 5161 1534 5304">
    <p class='ocr_par' dir='ltr' id='par_1_83' title="bbox 409 5161 1534 5304">
     <span class='ocr_line' id='line_1_84' title="bbox 433 5161 1534 5230; baseline -0.011 -15"><span class='ocrx_word' id='word_1_580' title='bbox 433 5161 522 5230; x_wconf 78' lang='grc'><strong>50)</strong></span> <span class='ocrx_word' id='word_1_581' title='bbox 558 5161 1020 5221; x_wconf 76' lang='grc' dir='ltr'>Καταλιπόντες.</span> <span class='ocrx_word' id='word_1_582' title='bbox 1058 5161 1534 5225; x_wconf 84' lang='grc' dir='ltr'>Καταλιμπὰνοντε</span> 
     </span>
     <span class='ocr_line' id='line_1_85' title="bbox 409 5161 1534 5304; baseline -0.01 -18"><span class='ocrx_word' id='word_1_583' title='bbox 409 5161 524 5304; x_wconf 47' lang='grc' dir='ltr'><strong>ἓόί)</strong></span> <span class='ocrx_word' id='word_1_584' title='bbox 571 5228 1001 5304; x_wconf 60' lang='grc' dir='ltr'><strong>’ᾼμαρτήσῳᾳι</strong></span> <span class='ocrx_word' id='word_1_585' title='bbox 1051 5226 1384 5304; x_wconf 65' lang='grc' dir='ltr'>ᾋμάρτωειι.</span> <span class='ocrx_word' id='word_1_586' title='bbox 1414 5224 1534 5304; x_wconf 47' lang='grc' dir='ltr'><strong>Ιρ.-</strong></span> 
     </span>
    </p>
   </div>
   <div class='ocr_carea' id='block_1_84' title="bbox 411 5289 1915 5375">
    <p class='ocr_par' dir='ltr' id='par_1_84' title="bbox 411 5289 1915 5375">
     <span class='ocr_line' id='line_1_86' title="bbox 411 5289 1915 5375; baseline -0.009 -18"><span class='ocrx_word' id='word_1_587' title='bbox 411 5289 523 5375; x_wconf 54' lang='grc' dir='ltr'>(δέ.)</span> <span class='ocrx_word' id='word_1_588' title='bbox 535 5289 647 5375; x_wconf 68' lang='grc' dir='ltr'><em>Τοῦ</em></span> <span class='ocrx_word' id='word_1_589' title='bbox 658 5289 1010 5375; x_wconf 64' lang='grc' dir='ltr'>ἐαξιστρέψαι</span> <span class='ocrx_word' id='word_1_590' title='bbox 1024 5289 1240 5375; x_wconf 61' lang='grc' dir='ltr'><strong>εἰς’τὴὶ*</strong></span> <span class='ocrx_word' id='word_1_591' title='bbox 1256 5294 1372 5375; x_wconf 51' lang='lat' dir='ltr'><strong>ﬁt;</strong></span> <span class='ocrx_word' id='word_1_592' title='bbox 1385 5289 1915 5375; x_wconf 46' lang='lat' dir='ltr'><strong>auram-Desinunt).</strong></span> 
     </span>
    </p>
   </div>
   <div class='ocr_carea' id='block_1_85' title="bbox 413 5361 1919 5444">
    <p class='ocr_par' dir='ltr' id='par_1_85' title="bbox 413 5361 1919 5444">
     <span class='ocr_line' id='line_1_87' title="bbox 413 5361 1919 5444; baseline -0.01 -16"><span class='ocrx_word' id='word_1_593' title='bbox 562 5361 889 5444; x_wconf 70' lang='grc' dir='ltr'>Εὐσέϐειαν</span> <span class='ocrx_word' id='word_1_594' title='bbox 901 5361 1249 5444; x_wconf 37' lang='grc' dir='ltr'>ἐποίησα-ὲν</span> <span class='ocrx_word' id='word_1_595' title='bbox 1262 5361 1498 5444; x_wconf 53' lang='grc' dir='ltr'>’.πείσαις</span> <span class='ocrx_word' id='word_1_596' title='bbox 1519 5362 1648 5444; x_wconf 60' lang='lat' dir='ltr'><strong>tat&quot;;</strong></span> <span class='ocrx_word' id='word_1_597' title='bbox 1670 5361 1919 5444; x_wconf 65' lang='grc' dir='ltr'>ἡμέραις</span> 
     </span>
    </p>
   </div>
   <div class='ocr_carea' id='block_1_86' title="bbox 338 5433 1919 5515">
    <p class='ocr_par' dir='ltr' id='par_1_86' title="bbox 338 5433 1919 5515">
     <span class='ocr_line' id='line_1_88' title="bbox 338 5433 1919 5515; baseline -0.009 -17"><span class='ocrx_word' id='word_1_598' title='bbox 338 5433 517 5515; x_wconf 60' lang='grc' dir='ltr'>ἐμοῦ,</span> <span class='ocrx_word' id='word_1_599' title='bbox 537 5442 635 5515; x_wconf 79' lang='grc' dir='ltr'>καὶ</span> <span class='ocrx_word' id='word_1_600' title='bbox 669 5433 1302 5515; x_wconf 24' lang='grc' dir='ltr'>ἀλήθειαντᾳΕύσέᾷειαν</span> <span class='ocrx_word' id='word_1_601' title='bbox 1325 5436 1576 5515; x_wconf 75' lang='grc' dir='ltr'>ἐποίησα,</span> <span class='ocrx_word' id='word_1_602' title='bbox 1607 5434 1665 5487; x_wconf 69' lang='grc' dir='ltr'>ἐν</span> <span class='ocrx_word' id='word_1_603' title='bbox 1714 5433 1919 5495; x_wconf 86' lang='grc' dir='ltr'>πάσαις</span> 
     </span>
    </p>
   </div>
   <div class='ocr_carea' id='block_1_87' title="bbox 340 5507 1521 5656">
    <p class='ocr_par' dir='ltr' id='par_1_87' title="bbox 340 5507 1521 5656">
     <span class='ocr_line' id='line_1_89' title="bbox 340 5507 1521 5633; baseline -0.007 -65"><span class='ocrx_word' id='word_1_604' title='bbox 340 5507 461 5578; x_wconf 62' lang='grc' dir='ltr'>ταῖς</span> <span class='ocrx_word' id='word_1_605' title='bbox 492 5513 724 5585; x_wconf 80' lang='grc' dir='ltr'>ἡμέραις</span> <span class='ocrx_word' id='word_1_606' title='bbox 757 5527 855 5633; x_wconf 45' lang='grc' dir='ltr'><strong>μου</strong></span> <span class='ocrx_word' id='word_1_607' title='bbox 878 5508 1132 5580; x_wconf 85' lang='grc' dir='ltr'>ἀλήθειαν</span> <span class='ocrx_word' id='word_1_608' title='bbox 1161 5507 1414 5578; x_wconf 76' lang='grc' dir='ltr'>ἐποίησα.</span> <span class='ocrx_word' id='word_1_609' title='bbox 1445 5509 1521 5563; x_wconf 83' lang='lat' dir='ltr'><strong>In.</strong></span> 
     </span>
     <span class='ocr_line' id='line_1_90' title="bbox 415 5581 1116 5656; baseline -0.009 -18"><span class='ocrx_word' id='word_1_610' title='bbox 415 5583 525 5656; x_wconf 54' lang='lat' dir='ltr'><strong>(si;</strong></span> <span class='ocrx_word' id='word_1_611' title='bbox 574 5584 688 5656; x_wconf 72' lang='grc' dir='ltr'>ἀς.</span> <span class='ocrx_word' id='word_1_612' title='bbox 741 5581 1044 5656; x_wconf 63' lang='lat' dir='ltr'><strong>&quot;ra-{9.10.</strong></span> <span class='ocrx_word' id='word_1_613' title='bbox 1098 5651 1116 5656; x_wconf 97' lang='lat'>_</span> 
     </span>
    </p>
   </div>
   <div class='ocr_carea' id='block_1_88' title="bbox 228 5596 1044 5650">
    <p class='ocr_par' dir='ltr' id='par_1_88' title="bbox 228 5596 1044 5650">
     <span class='ocr_line' id='line_1_91' title="bbox 228 5596 1044 5650; baseline -0.007 -12"><span class='ocrx_word' id='word_1_614' title='bbox 228 5603 230 5605; x_wconf 61' lang='grc'><em>’</em></span> <span class='ocrx_word' id='word_1_615' title='bbox 415 5596 525 5650; x_wconf 67' lang='grc'><strong>(64)</strong></span> <span class='ocrx_word' id='word_1_616' title='bbox 577 5596 688 5648; x_wconf 75' lang='grc' dir='ltr'><strong>υς.</strong></span> <span class='ocrx_word' id='word_1_617' title='bbox 745 5596 1044 5650; x_wconf 65' lang='lat'><strong>11:59.10.</strong></span> 
     </span>
    </p>
   </div>
   <div class='ocr_carea' id='block_1_89' title="bbox 415 5595 1175 5724">
    <p class='ocr_par' dir='ltr' id='par_1_89' title="bbox 415 5595 1175 5724">
     <span class='ocr_line' id='line_1_92' title="bbox 415 5595 1044 5656; baseline -0.008 -19"><span class='ocrx_word' id='word_1_618' title='bbox 415 5595 525 5656; x_wconf 60' lang='grc'><strong>(54)</strong></span> <span class='ocrx_word' id='word_1_619' title='bbox 576 5595 688 5648; x_wconf 74' lang='grc' dir='ltr'><strong>υς.</strong></span> <span class='ocrx_word' id='word_1_620' title='bbox 744 5595 1044 5650; x_wconf 63' lang='lat'><strong>11:59.10.</strong></span> 
     </span>
     <span class='ocr_line' id='line_1_93' title="bbox 415 5651 1175 5724; baseline -0.011 -14"><span class='ocrx_word' id='word_1_621' title='bbox 415 5655 527 5724; x_wconf 76' lang='grc'><strong>(55)</strong></span> <span class='ocrx_word' id='word_1_622' title='bbox 561 5653 849 5722; x_wconf 71' lang='grc' dir='ltr'>Πέμπτος.</span> <span class='ocrx_word' id='word_1_623' title='bbox 888 5653 1065 5724; x_wconf 71' lang='lat' dir='ltr'><strong>Deest.</strong></span> <span class='ocrx_word' id='word_1_624' title='bbox 1098 5651 1175 5724; x_wconf 73' lang='lat' dir='ltr'><strong>ip.</strong></span> 
     </span>
    </p>
   </div>
   <div class='ocr_carea' id='block_1_90' title="bbox 344 5717 1919 5796">
    <p class='ocr_par' dir='ltr' id='par_1_90' title="bbox 344 5717 1919 5796">
     <span class='ocr_line' id='line_1_94' title="bbox 344 5717 1919 5796; baseline -0.005 -16"><span class='ocrx_word' id='word_1_625' title='bbox 344 5774 350 5780; x_wconf 93' lang='lat'><strong>.</strong></span> <span class='ocrx_word' id='word_1_626' title='bbox 417 5717 526 5796; x_wconf 69' lang='grc'>(56)</span> <span class='ocrx_word' id='word_1_627' title='bbox 564 5717 1051 5794; x_wconf 61' lang='grc' dir='ltr'>Τεὸσαρακοστῷ.</span> <span class='ocrx_word' id='word_1_628' title='bbox 1104 5719 1361 5790; x_wconf 68' lang='grc' dir='ltr'>Τετάρτῳ</span> <span class='ocrx_word' id='word_1_629' title='bbox 1411 5719 1747 5790; x_wconf 85' lang='lat' dir='ltr'><strong>legendum,</strong></span> <span class='ocrx_word' id='word_1_630' title='bbox 1793 5717 1919 5773; x_wconf 90' lang='lat' dir='ltr'><strong>licet</strong></span> 
     </span>
    </p>
   </div>
   <div class='ocr_carea' id='block_1_91' title="bbox 1939 4460 1987 4516">
    <p class='ocr_par' dir='ltr' id='par_1_91' title="bbox 1939 4460 1987 4516">
     <span class='ocr_line' id='line_1_95' title="bbox 1939 4460 1987 4516; baseline 0 0"><span class='ocrx_word' id='word_1_631' title='bbox 1939 4460 1987 4516; x_wconf 85' lang='lat' dir='ltr'><strong>D</strong></span> 
     </span>
    </p>
   </div>
   <div class='ocr_carea' id='block_1_92' title="bbox 2005 3252 3595 3325">
    <p class='ocr_par' dir='ltr' id='par_1_92' title="bbox 2005 3252 3595 3325">
     <span class='ocr_line' id='line_1_96' title="bbox 2005 3252 3595 3325; baseline 0.001 -14"><span class='ocrx_word' id='word_1_632' title='bbox 2005 3255 2182 3311; x_wconf 88' lang='lat' dir='ltr'><strong>Beliar</strong></span> <span class='ocrx_word' id='word_1_633' title='bbox 2211 3252 2438 3324; x_wconf 53' lang='lat' dir='ltr'><strong>fugietxa</strong></span> <span class='ocrx_word' id='word_1_634' title='bbox 2469 3254 2660 3322; x_wconf 90' lang='lat' dir='ltr'><strong>vobis;</strong></span> <span class='ocrx_word' id='word_1_635' title='bbox 2695 3264 2750 3311; x_wconf 92' lang='lat' dir='ltr'><strong>et</strong></span> <span class='ocrx_word' id='word_1_636' title='bbox 2779 3256 2960 3311; x_wconf 88' lang='lat' dir='ltr'><strong>omnis</strong></span> <span class='ocrx_word' id='word_1_637' title='bbox 2989 3257 3132 3312; x_wconf 91' lang='lat' dir='ltr'><strong>actio</strong></span> <span class='ocrx_word' id='word_1_638' title='bbox 3154 3257 3595 3325; x_wconf 88' lang='lat' dir='ltr'><strong>perniciosorum</strong></span> 
     </span>
    </p>
   </div>
   <div class='ocr_carea' id='block_1_93' title="bbox 2006 3345 3596 3418">
    <p class='ocr_par' dir='ltr' id='par_1_93' title="bbox 2006 3345 3596 3418">
     <span class='ocr_line' id='line_1_97' title="bbox 2006 3345 3596 3418; baseline 0.002 -18"><span class='ocrx_word' id='word_1_639' title='bbox 2006 3345 2289 3400; x_wconf 89' lang='lat' dir='ltr'><strong>hominum</strong></span> <span class='ocrx_word' id='word_1_640' title='bbox 2325 3360 2435 3399; x_wconf 92' lang='lat' dir='ltr'><strong>non</strong></span> <span class='ocrx_word' id='word_1_641' title='bbox 2464 3346 2840 3401; x_wconf 88' lang='lat' dir='ltr'><strong>dominabitur</strong></span> <span class='ocrx_word' id='word_1_642' title='bbox 2875 3345 3064 3412; x_wconf 89' lang='lat' dir='ltr'><strong>vobis;</strong></span> <span class='ocrx_word' id='word_1_643' title='bbox 3093 3354 3148 3400; x_wconf 91' lang='lat' dir='ltr'><strong>et</strong></span> <span class='ocrx_word' id='word_1_644' title='bbox 3187 3361 3403 3400; x_wconf 90' lang='lat' dir='ltr'><strong>omnem</strong></span> <span class='ocrx_word' id='word_1_645' title='bbox 3437 3363 3596 3418; x_wconf 87' lang='lat' dir='ltr'><strong>agre-</strong></span> 
     </span>
    </p>
   </div>
   <div class='ocr_carea' id='block_1_94' title="bbox 2007 3435 3593 3507">
    <p class='ocr_par' dir='ltr' id='par_1_94' title="bbox 2007 3435 3593 3507">
     <span class='ocr_line' id='line_1_98' title="bbox 2007 3435 3593 3507; baseline 0.003 -15"><span class='ocrx_word' id='word_1_646' title='bbox 2007 3445 2144 3492; x_wconf 91' lang='lat' dir='ltr'><strong>stem</strong></span> <span class='ocrx_word' id='word_1_647' title='bbox 2173 3435 2344 3491; x_wconf 85' lang='lat' dir='ltr'><strong>feram</strong></span> <span class='ocrx_word' id='word_1_648' title='bbox 2373 3437 2619 3492; x_wconf 89' lang='lat' dir='ltr'><strong>servituti</strong></span> <span class='ocrx_word' id='word_1_649' title='bbox 2651 3436 2979 3507; x_wconf 82' lang='lat' dir='ltr'><strong>subjicietis,</strong></span> <span class='ocrx_word' id='word_1_650' title='bbox 3010 3437 3274 3492; x_wconf 89' lang='lat' dir='ltr'><strong>habentes</strong></span> <span class='ocrx_word' id='word_1_651' title='bbox 3307 3439 3593 3496; x_wconf 88' lang='lat' dir='ltr'><strong>vobiscum</strong></span> 
     </span>
    </p>
   </div>
   <div class='ocr_carea' id='block_1_95' title="bbox 2007 3527 3598 3600">
    <p class='ocr_par' dir='ltr' id='par_1_95' title="bbox 2007 3527 3598 3600">
     <span class='ocr_line' id='line_1_99' title="bbox 2007 3527 3598 3600; baseline 0.002 -17"><span class='ocrx_word' id='word_1_652' title='bbox 2007 3527 2178 3584; x_wconf 90' lang='lat' dir='ltr'><strong>Deum</strong></span> <span class='ocrx_word' id='word_1_653' title='bbox 2206 3529 2328 3584; x_wconf 69' lang='lat' dir='ltr'><strong>coeli</strong></span> <span class='ocrx_word' id='word_1_654' title='bbox 2355 3547 2370 3597; x_wconf 91' lang='lat'><strong>;</strong></span> <span class='ocrx_word' id='word_1_655' title='bbox 2403 3529 2748 3585; x_wconf 88' lang='lat' dir='ltr'><strong>ambulantes</strong></span> <span class='ocrx_word' id='word_1_656' title='bbox 2773 3544 2898 3584; x_wconf 90' lang='lat' dir='ltr'><strong>cum</strong></span> <span class='ocrx_word' id='word_1_657' title='bbox 2940 3527 3258 3584; x_wconf 88' lang='lat' dir='ltr'><strong>hominibus</strong></span> <span class='ocrx_word' id='word_1_658' title='bbox 3299 3529 3353 3582; x_wconf 92' lang='lat' dir='ltr'><strong>in</strong></span> <span class='ocrx_word' id='word_1_659' title='bbox 3386 3529 3598 3600; x_wconf 88' lang='lat' dir='ltr'><strong>simpli-</strong></span> 
     </span>
    </p>
   </div>
   <div class='ocr_carea' id='block_1_96' title="bbox 2008 3621 3594 3687">
    <p class='ocr_par' dir='ltr' id='par_1_96' title="bbox 2008 3621 3594 3687">
     <span class='ocr_line' id='line_1_100' title="bbox 2008 3621 3594 3687; baseline 0.001 -9"><span class='ocrx_word' id='word_1_660' title='bbox 2008 3623 2171 3679; x_wconf 88' lang='lat' dir='ltr'><strong>citate</strong></span> <span class='ocrx_word' id='word_1_661' title='bbox 2201 3623 2407 3679; x_wconf 88' lang='lat' dir='ltr'><strong>cordis.</strong></span> <span class='ocrx_word' id='word_1_662' title='bbox 2452 3641 2472 3675; x_wconf 73' lang='grc' dir='ltr'><strong>ι</strong></span> <span class='ocrx_word' id='word_1_663' title='bbox 2505 3621 2573 3676; x_wconf 86' lang='lat' dir='ltr'><strong>Et</strong></span> <span class='ocrx_word' id='word_1_664' title='bbox 2616 3621 2895 3676; x_wconf 87' lang='lat' dir='ltr'><strong>mandavit</strong></span> <span class='ocrx_word' id='word_1_665' title='bbox 2933 3622 3038 3687; x_wconf 89' lang='lat' dir='ltr'><strong>eis,</strong></span> <span class='ocrx_word' id='word_1_666' title='bbox 3075 3632 3137 3678; x_wconf 92' lang='lat' dir='ltr'><strong>ut</strong></span> <span class='ocrx_word' id='word_1_667' title='bbox 3165 3623 3435 3679; x_wconf 89' lang='lat' dir='ltr'><strong>reducant</strong></span> <span class='ocrx_word' id='word_1_668' title='bbox 3464 3641 3594 3680; x_wconf 91' lang='lat' dir='ltr'><strong>eum</strong></span> 
     </span>
    </p>
   </div>
   <div class='ocr_carea' id='block_1_97' title="bbox 2008 3713 3596 3786">
    <p class='ocr_par' dir='ltr' id='par_1_97' title="bbox 2008 3713 3596 3786">
     <span class='ocr_line' id='line_1_101' title="bbox 2008 3713 3596 3786; baseline 0.003 -16"><span class='ocrx_word' id='word_1_669' title='bbox 2008 3715 2064 3770; x_wconf 92' lang='lat' dir='ltr'><strong>in</strong></span> <span class='ocrx_word' id='word_1_670' title='bbox 2099 3715 2341 3782; x_wconf 86' lang='lat' dir='ltr'><strong>Hebron,</strong></span> <span class='ocrx_word' id='word_1_671' title='bbox 2374 3724 2425 3770; x_wconf 86' lang='lat' dir='ltr'><strong>et</strong></span> <span class='ocrx_word' id='word_1_672' title='bbox 2469 3715 2580 3770; x_wconf 88' lang='lat' dir='ltr'><strong>illic</strong></span> <span class='ocrx_word' id='word_1_673' title='bbox 2609 3729 2736 3770; x_wconf 86' lang='lat' dir='ltr'><strong>eum</strong></span> <span class='ocrx_word' id='word_1_674' title='bbox 2780 3713 3047 3784; x_wconf 87' lang='lat' dir='ltr'><strong>sepeliant</strong></span> <span class='ocrx_word' id='word_1_675' title='bbox 3081 3715 3137 3770; x_wconf 90' lang='lat' dir='ltr'><strong>in</strong></span> <span class='ocrx_word' id='word_1_676' title='bbox 3177 3715 3438 3786; x_wconf 89' lang='lat' dir='ltr'><strong>spelunca</strong></span> <span class='ocrx_word' id='word_1_677' title='bbox 3469 3733 3596 3774; x_wconf 88' lang='lat' dir='ltr'><strong>cum</strong></span> 
     </span>
    </p>
   </div>
   <div class='ocr_carea' id='block_1_98' title="bbox 2009 3806 3596 3879">
    <p class='ocr_par' dir='ltr' id='par_1_98' title="bbox 2009 3806 3596 3879">
     <span class='ocr_line' id='line_1_102' title="bbox 2009 3806 3596 3879; baseline 0.004 -17"><span class='ocrx_word' id='word_1_678' title='bbox 2009 3808 2260 3879; x_wconf 88' lang='lat' dir='ltr'><strong>patribus</strong></span> <span class='ocrx_word' id='word_1_679' title='bbox 2310 3809 2448 3863; x_wconf 91' lang='lat' dir='ltr'><strong>suis.</strong></span> <span class='ocrx_word' id='word_1_680' title='bbox 2486 3806 2554 3862; x_wconf 88' lang='lat' dir='ltr'><strong>Et</strong></span> <span class='ocrx_word' id='word_1_681' title='bbox 2584 3807 2828 3862; x_wconf 85' lang='lat' dir='ltr'><strong>extendit</strong></span> <span class='ocrx_word' id='word_1_682' title='bbox 2873 3807 3039 3877; x_wconf 88' lang='lat' dir='ltr'><strong>pedes</strong></span> <span class='ocrx_word' id='word_1_683' title='bbox 3077 3823 3230 3876; x_wconf 87' lang='lat' dir='ltr'><strong>suos,</strong></span> <span class='ocrx_word' id='word_1_684' title='bbox 3261 3817 3315 3864; x_wconf 92' lang='lat' dir='ltr'><strong>et</strong></span> <span class='ocrx_word' id='word_1_685' title='bbox 3343 3819 3596 3868; x_wconf 86' lang='lat' dir='ltr'><strong>mortuus</strong></span> 
     </span>
    </p>
   </div>
   <div class='ocr_carea' id='block_1_99' title="bbox 2010 3899 3588 3972">
    <p class='ocr_par' dir='ltr' id='par_1_99' title="bbox 2010 3899 3588 3972">
     <span class='ocr_line' id='line_1_103' title="bbox 2010 3899 3588 3972; baseline 0.002 -16"><span class='ocrx_word' id='word_1_686' title='bbox 2010 3909 2093 3956; x_wconf 91' lang='lat' dir='ltr'><strong>est</strong></span> <span class='ocrx_word' id='word_1_687' title='bbox 2126 3901 2351 3970; x_wconf 89' lang='lat' dir='ltr'><strong>quintus</strong></span> <span class='ocrx_word' id='word_1_688' title='bbox 2394 3901 2562 3971; x_wconf 89' lang='lat' dir='ltr'><strong>(ﬁlius</strong></span> <span class='ocrx_word' id='word_1_689' title='bbox 2610 3899 2780 3972; x_wconf 67' lang='lat' dir='ltr'><strong>Liaa),</strong></span> <span class='ocrx_word' id='word_1_690' title='bbox 2813 3899 2868 3954; x_wconf 93' lang='lat' dir='ltr'><strong>in</strong></span> <span class='ocrx_word' id='word_1_691' title='bbox 2911 3909 3192 3956; x_wconf 90' lang='lat' dir='ltr'><strong>senectute</strong></span> <span class='ocrx_word' id='word_1_692' title='bbox 3219 3901 3382 3968; x_wconf 91' lang='lat' dir='ltr'><strong>bona,</strong></span> <span class='ocrx_word' id='word_1_693' title='bbox 3421 3918 3588 3959; x_wconf 89' lang='lat' dir='ltr'><strong>omne</strong></span> 
     </span>
    </p>
   </div>
   <div class='ocr_carea' id='block_1_100' title="bbox 2013 3992 3600 4062">
    <p class='ocr_par' dir='ltr' id='par_1_100' title="bbox 2013 3992 3600 4062">
     <span class='ocr_line' id='line_1_104' title="bbox 2013 3992 3600 4062; baseline 0.002 -15"><span class='ocrx_word' id='word_1_694' title='bbox 2013 3992 2316 4048; x_wconf 90' lang='lat' dir='ltr'><strong>membrum</strong></span> <span class='ocrx_word' id='word_1_695' title='bbox 2354 3992 2562 4047; x_wconf 88' lang='lat' dir='ltr'><strong>habens</strong></span> <span class='ocrx_word' id='word_1_696' title='bbox 2585 4006 2805 4059; x_wconf 87' lang='lat' dir='ltr'><strong>sanum,</strong></span> <span class='ocrx_word' id='word_1_697' title='bbox 2841 3998 2897 4046; x_wconf 88' lang='lat' dir='ltr'><strong>et</strong></span> <span class='ocrx_word' id='word_1_698' title='bbox 2923 4002 3118 4062; x_wconf 88' lang='lat' dir='ltr'><strong>potens</strong></span> <span class='ocrx_word' id='word_1_699' title='bbox 3157 3992 3420 4050; x_wconf 85' lang='lat' dir='ltr'><strong>dormivit</strong></span> <span class='ocrx_word' id='word_1_700' title='bbox 3447 4010 3600 4050; x_wconf 84' lang='lat' dir='ltr'><strong>som-</strong></span> 
     </span>
    </p>
   </div>
   <div class='ocr_carea' id='block_1_101' title="bbox 2013 4092 2518 4154">
    <p class='ocr_par' dir='ltr' id='par_1_101' title="bbox 2013 4092 2518 4154">
     <span class='ocr_line' id='line_1_105' title="bbox 2013 4092 2518 4154; baseline 0.004 -16"><span class='ocrx_word' id='word_1_701' title='bbox 2013 4100 2144 4139; x_wconf 90' lang='lat' dir='ltr'><strong>num</strong></span> <span class='ocrx_word' id='word_1_702' title='bbox 2173 4092 2518 4154; x_wconf 89' lang='lat' dir='ltr'><strong>perpetuum.</strong></span> 
     </span>
    </p>
   </div>
   <div class='ocr_carea' id='block_1_102' title="bbox 2625 4196 2988 4254">
    <p class='ocr_par' dir='ltr' id='par_1_102' title="bbox 2625 4196 2988 4254">
     <span class='ocr_line' id='line_1_106' title="bbox 2625 4196 2988 4254; baseline 0 -1"><span class='ocrx_word' id='word_1_703' title='bbox 2625 4196 2858 4253; x_wconf 86' lang='lat' dir='ltr'><strong>CAPUT</strong></span> <span class='ocrx_word' id='word_1_704' title='bbox 2899 4196 2988 4254; x_wconf 79' lang='lat' dir='ltr'><strong>VI.</strong></span> 
     </span>
    </p>
   </div>
   <div class='ocr_carea' id='block_1_103' title="bbox 2021 4311 3596 4437">
    <p class='ocr_par' dir='ltr' id='par_1_103' title="bbox 2021 4311 3596 4437">
     <span class='ocr_line' id='line_1_107' title="bbox 2021 4311 3596 4437; baseline 0.001 -68"><span class='ocrx_word' id='word_1_705' title='bbox 2021 4312 2408 4369; x_wconf 75' lang='lat' dir='ltr'><strong>Testamentum</strong></span> <span class='ocrx_word' id='word_1_706' title='bbox 2447 4311 2688 4368; x_wconf 82' lang='lat' dir='ltr'><strong>Zabulon</strong></span> <span class='ocrx_word' id='word_1_707' title='bbox 2709 4353 2730 4396; x_wconf 82' lang='lat'><strong>,_</strong></span> <span class='ocrx_word' id='word_1_708' title='bbox 2758 4314 3313 4437; x_wconf 70' lang='lat' dir='ltr'><strong>dedcommiseratione</strong></span> <span class='ocrx_word' id='word_1_709' title='bbox 3355 4322 3408 4369; x_wconf 83' lang='lat' dir='ltr'><strong>et</strong></span> <span class='ocrx_word' id='word_1_710' title='bbox 3436 4315 3596 4370; x_wconf 66' lang='lat' dir='ltr'><strong>misso</strong></span> 
     </span>
     <span class='ocr_line' id='line_1_108' title="bbox 2683 4400 2934 4437; baseline 0 0"><span class='ocrx_word' id='word_1_711' title='bbox 2683 4400 2824 4437; x_wconf 83' lang='lat' dir='ltr'><strong>mor</strong></span> <span class='ocrx_word' id='word_1_712' title='bbox 2862 4401 2934 4437; x_wconf 80' lang='grc' dir='ltr'>ια.</span> 
     </span>
    </p>
   </div>
   <div class='ocr_carea' id='block_1_104' title="bbox 2683 4400 2934 4439">
    <p class='ocr_par' dir='ltr' id='par_1_104' title="bbox 2683 4400 2934 4439">
     <span class='ocr_line' id='line_1_109' title="bbox 2683 4400 2934 4439; baseline 0.004 -1"><span class='ocrx_word' id='word_1_713' title='bbox 2683 4400 2934 4439; x_wconf 79' lang='lat' dir='ltr'><strong>ncorata.</strong></span> 
     </span>
    </p>
   </div>
   <div class='ocr_carea' id='block_1_105' title="bbox 2085 4496 3598 4570">
    <p class='ocr_par' dir='ltr' id='par_1_105' title="bbox 2085 4496 3598 4570">
     <span class='ocr_line' id='line_1_110' title="bbox 2085 4496 3598 4570; baseline 0.001 -17"><span class='ocrx_word' id='word_1_714' title='bbox 2085 4499 2126 4554; x_wconf 89' lang='lat' dir='ltr'><strong>l.</strong></span> <span class='ocrx_word' id='word_1_715' title='bbox 2175 4497 2594 4570; x_wconf 77' lang='lat' dir='ltr'><strong>Transciiptum</strong></span> <span class='ocrx_word' id='word_1_716' title='bbox 2643 4497 2929 4565; x_wconf 86' lang='lat' dir='ltr'><strong>Zahulon,</strong></span> <span class='ocrx_word' id='word_1_717' title='bbox 2967 4499 3113 4569; x_wconf 89' lang='lat' dir='ltr'><strong>quod</strong></span> <span class='ocrx_word' id='word_1_718' title='bbox 3152 4496 3422 4568; x_wconf 88' lang='lat' dir='ltr'><strong>disposuit</strong></span> <span class='ocrx_word' id='word_1_719' title='bbox 3469 4498 3598 4554; x_wconf 88' lang='lat' dir='ltr'><strong>ﬁliis</strong></span> 
     </span>
    </p>
   </div>
   <div class='ocr_carea' id='block_1_106' title="bbox 2019 4581 3597 4663">
    <p class='ocr_par' dir='ltr' id='par_1_106' title="bbox 2019 4581 3597 4663">
     <span class='ocr_line' id='line_1_111' title="bbox 2019 4581 3597 4663; baseline -0.001 -14"><span class='ocrx_word' id='word_1_720' title='bbox 2019 4593 2135 4650; x_wconf 88' lang='lat' dir='ltr'><strong>suis</strong></span> <span class='ocrx_word' id='word_1_721' title='bbox 2175 4594 2478 4648; x_wconf 89' lang='lat' dir='ltr'><strong>centesimo</strong></span> <span class='ocrx_word' id='word_1_722' title='bbox 2505 4592 2718 4648; x_wconf 89' lang='lat' dir='ltr'><strong>decimo</strong></span> <span class='ocrx_word' id='word_1_723' title='bbox 2751 4601 2948 4663; x_wconf 85' lang='lat' dir='ltr'><strong>quarto</strong></span> <span class='ocrx_word' id='word_1_724' title='bbox 2973 4605 3119 4646; x_wconf 86' lang='lat' dir='ltr'><strong>anno</strong></span> <span class='ocrx_word' id='word_1_725' title='bbox 3146 4581 3279 4647; x_wconf 54' lang='lat' dir='ltr'><strong>vita).</strong></span> <span class='ocrx_word' id='word_1_726' title='bbox 3300 4607 3435 4659; x_wconf 68' lang='lat' dir='ltr'><strong>suae,</strong></span> <span class='ocrx_word' id='word_1_727' title='bbox 3472 4601 3597 4662; x_wconf 91' lang='lat' dir='ltr'><strong>post</strong></span> 
     </span>
    </p>
   </div>
   <div class='ocr_carea' id='block_1_107' title="bbox 2017 4682 3596 4754">
    <p class='ocr_par' dir='ltr' id='par_1_107' title="bbox 2017 4682 3596 4754">
     <span class='ocr_line' id='line_1_112' title="bbox 2017 4682 3596 4754; baseline -0.001 -12"><span class='ocrx_word' id='word_1_728' title='bbox 2017 4687 2159 4742; x_wconf 89' lang='lat' dir='ltr'><strong>duos</strong></span> <span class='ocrx_word' id='word_1_729' title='bbox 2193 4699 2369 4740; x_wconf 89' lang='lat' dir='ltr'><strong>annos</strong></span> <span class='ocrx_word' id='word_1_730' title='bbox 2399 4684 2594 4740; x_wconf 88' lang='lat' dir='ltr'><strong>mortis</strong></span> <span class='ocrx_word' id='word_1_731' title='bbox 2639 4682 2863 4754; x_wconf 76' lang='lat' dir='ltr'><strong>Ioseph.</strong></span> <span class='ocrx_word' id='word_1_732' title='bbox 2900 4683 2970 4739; x_wconf 89' lang='lat' dir='ltr'><strong>Et</strong></span> <span class='ocrx_word' id='word_1_733' title='bbox 3004 4685 3145 4740; x_wconf 84' lang='lat' dir='ltr'><strong>dixit</strong></span> <span class='ocrx_word' id='word_1_734' title='bbox 3169 4685 3251 4740; x_wconf 91' lang='lat' dir='ltr'><strong>eis</strong></span> <span class='ocrx_word' id='word_1_735' title='bbox 3281 4683 3316 4739; x_wconf 72' lang='grc' dir='ltr'><strong>ε’</strong></span> <span class='ocrx_word' id='word_1_736' title='bbox 3341 4702 3361 4738; x_wconf 81' lang='grc' dir='ltr'><strong>ι</strong></span> <span class='ocrx_word' id='word_1_737' title='bbox 3394 4683 3596 4741; x_wconf 85' lang='lat' dir='ltr'><strong>Audite</strong></span> 
     </span>
    </p>
   </div>
   <div class='ocr_carea' id='block_1_108' title="bbox 2019 4775 3595 4847">
    <p class='ocr_par' dir='ltr' id='par_1_108' title="bbox 2019 4775 3595 4847">
     <span class='ocr_line' id='line_1_113' title="bbox 2019 4775 3595 4847; baseline -0.001 -14"><span class='ocrx_word' id='word_1_738' title='bbox 2019 4792 2125 4845; x_wconf 92' lang='lat' dir='ltr'><strong>me,</strong></span> <span class='ocrx_word' id='word_1_739' title='bbox 2150 4776 2245 4831; x_wconf 91' lang='lat' dir='ltr'><strong>ﬁlii</strong></span> <span class='ocrx_word' id='word_1_740' title='bbox 2277 4775 2551 4844; x_wconf 85' lang='lat' dir='ltr'><strong>Zabulon,</strong></span> <span class='ocrx_word' id='word_1_741' title='bbox 2584 4775 2848 4832; x_wconf 86' lang='lat' dir='ltr'><strong>attendite</strong></span> <span class='ocrx_word' id='word_1_742' title='bbox 2871 4776 3053 4832; x_wconf 87' lang='lat' dir='ltr'><strong>verbis</strong></span> <span class='ocrx_word' id='word_1_743' title='bbox 3074 4777 3247 4847; x_wconf 88' lang='lat' dir='ltr'><strong>patris</strong></span> <span class='ocrx_word' id='word_1_744' title='bbox 3269 4777 3456 4833; x_wconf 87' lang='lat' dir='ltr'><strong>vestri.</strong></span> <span class='ocrx_word' id='word_1_745' title='bbox 3483 4776 3595 4845; x_wconf 78' lang='lat' dir='ltr'><strong>Ego</strong></span> 
     </span>
    </p>
   </div>
   <div class='ocr_carea' id='block_1_109' title="bbox 2017 4934 3602 5019">
    <p class='ocr_par' dir='ltr' id='par_1_109' title="bbox 2017 4934 3602 5019">
     <span class='ocr_line' id='line_1_114' title="bbox 2017 4934 3602 5019; baseline -0.001 -26"><span class='ocrx_word' id='word_1_746' title='bbox 2017 4948 2134 5019; x_wconf 74' lang='lat' dir='ltr'><strong>tam</strong></span> <span class='ocrx_word' id='word_1_747' title='bbox 2161 4937 2215 4992; x_wconf 92' lang='lat' dir='ltr'><strong>in</strong></span> <span class='ocrx_word' id='word_1_748' title='bbox 2247 4934 2575 5000; x_wconf 84' lang='lat' dir='ltr'><strong>Oxoniensi,</strong></span> <span class='ocrx_word' id='word_1_749' title='bbox 2618 4951 2782 5019; x_wconf 68' lang='lat' dir='ltr'><strong>quam</strong></span> <span class='ocrx_word' id='word_1_750' title='bbox 2816 4935 3254 5019; x_wconf 65' lang='lat' dir='ltr'><strong>Cantabrigiensi</strong></span> <span class='ocrx_word' id='word_1_751' title='bbox 3280 4935 3470 5019; x_wconf 67' lang='lat' dir='ltr'><strong>codice</strong></span> <span class='ocrx_word' id='word_1_752' title='bbox 3497 4936 3602 4992; x_wconf 83' lang='lat' dir='ltr'><strong>ha-</strong></span> 
     </span>
    </p>
   </div>
   <div class='ocr_carea' id='block_1_110' title="bbox 2019 5006 3600 5079">
    <p class='ocr_par' dir='ltr' id='par_1_110' title="bbox 2019 5006 3600 5079">
     <span class='ocr_line' id='line_1_115' title="bbox 2019 5006 3600 5079; baseline -0.001 -15"><span class='ocrx_word' id='word_1_753' title='bbox 2019 5013 2210 5064; x_wconf 87' lang='lat' dir='ltr'><strong>beatur</strong></span> <span class='ocrx_word' id='word_1_754' title='bbox 2243 5006 2696 5079; x_wconf 78' lang='grc' dir='ltr'>τεσσαρακοστῷ,</span> <span class='ocrx_word' id='word_1_755' title='bbox 2732 5007 2984 5079; x_wconf 77' lang='lat' dir='ltr'><strong>quamvis</strong></span> <span class='ocrx_word' id='word_1_756' title='bbox 3025 5006 3219 5079; x_wconf 23' lang='lat' dir='ltr'><strong>in&#39;illo‘</strong></span> <span class='ocrx_word' id='word_1_757' title='bbox 3241 5006 3432 5061; x_wconf 90' lang='lat' dir='ltr'><strong>ultima</strong></span> <span class='ocrx_word' id='word_1_758' title='bbox 3470 5022 3600 5078; x_wconf 76' lang='lat' dir='ltr'><strong>pars</strong></span> 
     </span>
    </p>
   </div>
   <div class='ocr_carea' id='block_1_111' title="bbox 2020 5076 3597 5150">
    <p class='ocr_par' dir='ltr' id='par_1_111' title="bbox 2020 5076 3597 5150">
     <span class='ocr_line' id='line_1_116' title="bbox 2020 5076 3597 5150; baseline -0.001 -16"><span class='ocrx_word' id='word_1_759' title='bbox 2020 5079 2186 5150; x_wconf 86' lang='lat' dir='ltr'><strong>hujus</strong></span> <span class='ocrx_word' id='word_1_760' title='bbox 2233 5078 2383 5150; x_wconf 82' lang='lat' dir='ltr'><strong>vocis</strong></span> <span class='ocrx_word' id='word_1_761' title='bbox 2417 5076 2602 5150; x_wconf 68' lang='lat' dir='ltr'><strong>deleta</strong></span> <span class='ocrx_word' id='word_1_762' title='bbox 2637 5076 2742 5150; x_wconf 79' lang='lat' dir='ltr'><strong>sit,</strong></span> <span class='ocrx_word' id='word_1_763' title='bbox 2787 5077 2934 5150; x_wconf 85' lang='lat' dir='ltr'><strong>quod</strong></span> <span class='ocrx_word' id='word_1_764' title='bbox 2958 5091 3132 5150; x_wconf 31' lang='lat' dir='ltr'><strong>Aerror</strong></span> <span class='ocrx_word' id='word_1_765' title='bbox 3174 5076 3597 5150; x_wconf 84' lang='lat' dir='ltr'><strong>chronologicus</strong></span> 
     </span>
    </p>
   </div>
   <div class='ocr_carea' id='block_1_112' title="bbox 2019 5145 3597 5219">
    <p class='ocr_par' dir='ltr' id='par_1_112' title="bbox 2019 5145 3597 5219">
     <span class='ocr_line' id='line_1_117' title="bbox 2019 5145 3597 5219; baseline -0.001 -15"><span class='ocrx_word' id='word_1_766' title='bbox 2019 5145 2537 5219; x_wconf 68' lang='lat' dir='ltr'><strong>deprehenderetur,</strong></span> <span class='ocrx_word' id='word_1_767' title='bbox 2560 5146 2754 5219; x_wconf 81' lang='lat' dir='ltr'><strong>Ruben</strong></span> <span class='ocrx_word' id='word_1_768' title='bbox 2776 5145 2923 5201; x_wconf 85' lang='lat' dir='ltr'><strong>enim</strong></span> <span class='ocrx_word' id='word_1_769' title='bbox 2948 5145 3121 5202; x_wconf 81' lang='lat' dir='ltr'><strong>frater</strong></span> <span class='ocrx_word' id='word_1_770' title='bbox 3139 5156 3274 5219; x_wconf 78' lang='lat' dir='ltr'><strong>natu</strong></span> <span class='ocrx_word' id='word_1_771' title='bbox 3296 5145 3597 5219; x_wconf 76' lang='lat' dir='ltr'><strong>maximus,</strong></span> 
     </span>
    </p>
   </div>
   <div class='ocr_carea' id='block_1_113' title="bbox 2020 5216 3604 5286">
    <p class='ocr_par' dir='ltr' id='par_1_113' title="bbox 2020 5216 3604 5286">
     <span class='ocr_line' id='line_1_118' title="bbox 2020 5216 3604 5286; baseline -0.002 -11"><span class='ocrx_word' id='word_1_772' title='bbox 2020 5216 2212 5275; x_wconf 80' lang='lat' dir='ltr'><strong>eodem</strong></span> <span class='ocrx_word' id='word_1_773' title='bbox 2285 5233 2395 5286; x_wconf 89' lang='lat' dir='ltr'><strong>quo</strong></span> <span class='ocrx_word' id='word_1_774' title='bbox 2442 5216 2687 5271; x_wconf 87' lang='lat' dir='ltr'><strong>Zabulon</strong></span> <span class='ocrx_word' id='word_1_775' title='bbox 2735 5231 2912 5282; x_wconf 92' lang='lat' dir='ltr'><strong>anno,</strong></span> <span class='ocrx_word' id='word_1_776' title='bbox 2949 5217 3189 5272; x_wconf 89' lang='lat' dir='ltr'><strong>secundo</strong></span> <span class='ocrx_word' id='word_1_777' title='bbox 3232 5217 3440 5286; x_wconf 85' lang='lat' dir='ltr'><strong>scilicet</strong></span> <span class='ocrx_word' id='word_1_778' title='bbox 3474 5225 3604 5286; x_wconf 85' lang='lat' dir='ltr'><strong>post</strong></span> 
     </span>
    </p>
   </div>
   <div class='ocr_carea' id='block_1_114' title="bbox 2020 5285 3598 5358">
    <p class='ocr_par' dir='ltr' id='par_1_114' title="bbox 2020 5285 3598 5358">
     <span class='ocr_line' id='line_1_119' title="bbox 2020 5285 3598 5358; baseline -0.003 -14"><span class='ocrx_word' id='word_1_779' title='bbox 2020 5299 2252 5344; x_wconf 90' lang='lat' dir='ltr'><strong>mortem</strong></span> <span class='ocrx_word' id='word_1_780' title='bbox 2297 5285 2865 5358; x_wconf 15' lang='lat' dir='ltr'><strong>Josephi,rdefunctus</strong></span> <span class='ocrx_word' id='word_1_781' title='bbox 2913 5287 3115 5358; x_wconf 85' lang='lat' dir='ltr'><strong>dicitur</strong></span> <span class='ocrx_word' id='word_1_782' title='bbox 3156 5301 3323 5358; x_wconf 86' lang='lat' dir='ltr'><strong>supra</strong></span> <span class='ocrx_word' id='word_1_783' title='bbox 3345 5285 3598 5358; x_wconf 46' lang='lat' dir='ltr'><strong>festam.</strong></span> 
     </span>
    </p>
   </div>
   <div class='ocr_carea' id='block_1_115' title="bbox 2021 5355 3601 5432">
    <p class='ocr_par' dir='ltr' id='par_1_115' title="bbox 2021 5355 3601 5432">
     <span class='ocr_line' id='line_1_120' title="bbox 2021 5355 3601 5432; baseline -0.003 -18"><span class='ocrx_word' id='word_1_784' title='bbox 2021 5361 2064 5428; x_wconf 84' lang='grc' dir='ltr'>Ι,</span> <span class='ocrx_word' id='word_1_785' title='bbox 2097 5360 2125 5432; x_wconf 84' lang='lat'><strong>§</strong></span> <span class='ocrx_word' id='word_1_786' title='bbox 2161 5360 2214 5415; x_wconf 80' lang='grc'><strong>1.</strong></span> <span class='ocrx_word' id='word_1_787' title='bbox 2243 5355 2491 5432; x_wconf 56' lang='lat' dir='ltr'><strong>Atqu_i_&#39;is</strong></span> <span class='ocrx_word' id='word_1_788' title='bbox 2515 5357 2742 5432; x_wconf 83' lang='lat' dir='ltr'><strong>_ibidet_n</strong></span> <span class='ocrx_word' id='word_1_789' title='bbox 2777 5367 3029 5432; x_wconf 79' lang='lat' dir='ltr'><strong>mortuus</strong></span> <span class='ocrx_word' id='word_1_790' title='bbox 3067 5355 3282 5432; x_wconf 68' lang='lat' dir='ltr'><strong>dicitur</strong></span> <span class='ocrx_word' id='word_1_791' title='bbox 3304 5355 3409 5410; x_wconf 72' lang='lat'><strong>1‘25</strong></span> <span class='ocrx_word' id='word_1_792' title='bbox 3455 5371 3601 5410; x_wconf 89' lang='lat' dir='ltr'><strong>anno</strong></span> 
     </span>
    </p>
   </div>
   <div class='ocr_carea' id='block_1_116' title="bbox 2020 5426 3601 5499">
    <p class='ocr_par' dir='ltr' id='par_1_116' title="bbox 2020 5426 3601 5499">
     <span class='ocr_line' id='line_1_121' title="bbox 2020 5426 3601 5499; baseline -0.003 -15"><span class='ocrx_word' id='word_1_793' title='bbox 2020 5426 2147 5486; x_wconf 69' lang='lat' dir='ltr'><strong>vitae</strong></span> <span class='ocrx_word' id='word_1_794' title='bbox 2165 5426 2355 5499; x_wconf 78' lang='lat' dir='ltr'><strong>ipsius.</strong></span> <span class='ocrx_word' id='word_1_795' title='bbox 2378 5427 2496 5483; x_wconf 88' lang='lat' dir='ltr'><strong>Non</strong></span> <span class='ocrx_word' id='word_1_796' title='bbox 2513 5427 2678 5498; x_wconf 80' lang='lat' dir='ltr'><strong>igitur</strong></span> <span class='ocrx_word' id='word_1_797' title='bbox 2694 5427 2960 5499; x_wconf 84' lang='lat' dir='ltr'><strong>Zabulon,</strong></span> <span class='ocrx_word' id='word_1_798' title='bbox 2985 5430 3152 5499; x_wconf 82' lang='lat' dir='ltr'><strong>frater</strong></span> <span class='ocrx_word' id='word_1_799' title='bbox 3163 5426 3375 5498; x_wconf 87' lang='lat' dir='ltr'><strong>junior,</strong></span> <span class='ocrx_word' id='word_1_800' title='bbox 3394 5440 3601 5480; x_wconf 78' lang='lat' dir='ltr'><strong>anitum</strong></span> 
     </span>
    </p>
   </div>
   <div class='ocr_carea' id='block_1_117' title="bbox 2023 5497 3600 5571">
    <p class='ocr_par' dir='ltr' id='par_1_117' title="bbox 2023 5497 3600 5571">
     <span class='ocr_line' id='line_1_122' title="bbox 2023 5497 3600 5571; baseline -0.003 -15"><span class='ocrx_word' id='word_1_801' title='bbox 2023 5501 2128 5557; x_wconf 78' lang='grc'><strong>150</strong></span> <span class='ocrx_word' id='word_1_802' title='bbox 2158 5497 2427 5571; x_wconf 75' lang='lat' dir='ltr'><strong>attingere</strong></span> <span class='ocrx_word' id='word_1_803' title='bbox 2456 5497 2648 5567; x_wconf 78' lang='lat' dir='ltr'><strong>potuit,</strong></span> <span class='ocrx_word' id='word_1_804' title='bbox 2679 5498 2775 5555; x_wconf 89' lang='lat' dir='ltr'><strong>sed</strong></span> <span class='ocrx_word' id='word_1_805' title='bbox 2813 5499 3024 5571; x_wconf 10' lang='lat' dir='ltr'><strong>utique;</strong></span> <span class='ocrx_word' id='word_1_806' title='bbox 3044 5497 3146 5571; x_wconf 72' lang='lat' dir='ltr'><strong>M4</strong></span> <span class='ocrx_word' id='word_1_807' title='bbox 3170 5497 3321 5571; x_wconf 80' lang='lat' dir='ltr'><strong>anno</strong></span> <span class='ocrx_word' id='word_1_808' title='bbox 3347 5507 3600 5571; x_wconf 80' lang='lat' dir='ltr'><strong>mortuus</strong></span> 
     </span>
    </p>
   </div>
   <div class='ocr_carea' id='block_1_118' title="bbox 2023 5567 3601 5638">
    <p class='ocr_par' dir='ltr' id='par_1_118' title="bbox 2023 5567 3601 5638">
     <span class='ocr_line' id='line_1_123' title="bbox 2023 5567 3601 5638; baseline -0.004 -11"><span class='ocrx_word' id='word_1_809' title='bbox 2023 5581 2124 5636; x_wconf 90' lang='lat' dir='ltr'><strong>est,</strong></span> <span class='ocrx_word' id='word_1_810' title='bbox 2157 5581 2214 5625; x_wconf 90' lang='lat' dir='ltr'><strong>ut</strong></span> <span class='ocrx_word' id='word_1_811' title='bbox 2244 5567 2421 5625; x_wconf 71' lang='lat' dir='ltr'><strong>Latini</strong></span> <span class='ocrx_word' id='word_1_812' title='bbox 2453 5571 2670 5625; x_wconf 85' lang='lat' dir='ltr'><strong>codices</strong></span> <span class='ocrx_word' id='word_1_813' title='bbox 2693 5611 2708 5637; x_wconf 94' lang='lat'><strong>,</strong></span> <span class='ocrx_word' id='word_1_814' title='bbox 2750 5567 3111 5638; x_wconf 35' lang='lat' dir='ltr'><strong>manu’scripti</strong></span> <span class='ocrx_word' id='word_1_815' title='bbox 3157 5568 3362 5638; x_wconf 83' lang='lat' dir='ltr'><strong>pariter</strong></span> <span class='ocrx_word' id='word_1_816' title='bbox 3391 5583 3454 5622; x_wconf 87' lang='lat' dir='ltr'><strong>ac</strong></span> <span class='ocrx_word' id='word_1_817' title='bbox 3495 5567 3601 5621; x_wconf 87' lang='lat' dir='ltr'><strong>im-</strong></span> 
     </span>
    </p>
   </div>
   <div class='ocr_carea' id='block_1_119' title="bbox 2024 5638 3601 5712">
    <p class='ocr_par' dir='ltr' id='par_1_119' title="bbox 2024 5638 3601 5712">
     <span class='ocr_line' id='line_1_124' title="bbox 2024 5638 3601 5712; baseline -0.003 -16"><span class='ocrx_word' id='word_1_818' title='bbox 2024 5642 2221 5712; x_wconf 88' lang='lat' dir='ltr'><strong>pressi,</strong></span> <span class='ocrx_word' id='word_1_819' title='bbox 2251 5643 2470 5696; x_wconf 86' lang='lat' dir='ltr'><strong>habent.</strong></span> <span class='ocrx_word' id='word_1_820' title='bbox 2502 5638 2610 5696; x_wconf 88' lang='lat' dir='ltr'><strong>Sed</strong></span> <span class='ocrx_word' id='word_1_821' title='bbox 2633 5642 2690 5697; x_wconf 86' lang='lat' dir='ltr'><strong>in</strong></span> <span class='ocrx_word' id='word_1_822' title='bbox 2725 5640 2814 5700; x_wconf 88' lang='lat' dir='ltr'><strong>his</strong></span> <span class='ocrx_word' id='word_1_823' title='bbox 2837 5639 2975 5695; x_wconf 86' lang='lat' dir='ltr'><strong>male</strong></span> <span class='ocrx_word' id='word_1_824' title='bbox 2998 5638 3090 5706; x_wconf 78' lang='lat'><strong>52,</strong></span> <span class='ocrx_word' id='word_1_825' title='bbox 3123 5653 3225 5710; x_wconf 86' lang='lat' dir='ltr'><strong>pro</strong></span> <span class='ocrx_word' id='word_1_826' title='bbox 3253 5638 3470 5696; x_wconf 84' lang='lat' dir='ltr'><strong>duobus</strong></span> <span class='ocrx_word' id='word_1_827' title='bbox 3502 5653 3601 5692; x_wconf 79' lang='lat' dir='ltr'><strong>au-</strong></span> 
     </span>
    </p>
   </div>
   <div class='ocr_carea' id='block_1_120' title="bbox 2028 5712 2579 5783">
    <p class='ocr_par' dir='ltr' id='par_1_120' title="bbox 2028 5712 2579 5783">
     <span class='ocr_line' id='line_1_125' title="bbox 2028 5712 2579 5783; baseline -0.005 -15"><span class='ocrx_word' id='word_1_828' title='bbox 2028 5715 2114 5769; x_wconf 85' lang='lat' dir='ltr'><strong>nis</strong></span> <span class='ocrx_word' id='word_1_829' title='bbox 2137 5712 2299 5783; x_wconf 79' lang='lat' dir='ltr'><strong>positi</strong></span> <span class='ocrx_word' id='word_1_830' title='bbox 2329 5723 2474 5770; x_wconf 91' lang='lat' dir='ltr'><strong>sunt.</strong></span> <span class='ocrx_word' id='word_1_831' title='bbox 2502 5713 2579 5768; x_wconf 80' lang='grc' dir='ltr'><strong>ιυ.</strong></span> 
     </span>
    </p>
   </div>
  </div>
