3944 6146
148 297 312 356 1095

1275 279 1798 351 'res'rmmuu
1838 274 2182 352 ZABULon.

3289 296 3433 355 {096‘

146 412 470 484 ἀναστῆσαι
506 409 584 483 τῷ
620 406 834 480 ἀδελφῷ
863 404 1049 472 αὐτοῦ,
1081 406 1514 479 ὑπολυθήσεσθαι
1541 405 1650 480 (46)
1677 408 1739 462 τὸ

1857 425 2024 467 semen
2073 408 2230 466 fratri
2297 423 2437 474 suo,
2486 408 2806 465 solvendum
2853 410 3322 478 calceamentum,
3373 425 3427 471 et

147 507 437 576 ὑπόδημα,
478 505 574 558 καὶ
611 501 946 573 ἐμπτύεσθαι
989 502 1068 566 εις
1108 500 1172 553 τὸ
1214 500 1523 571 πρόσωπον.
1557 500 1670 552 Καὶ
1696 500 1747 552 ot

142 598 386 665 ἀδελφοὶ
429 597 625 667 Ἰωσὴφ
654 595 755 647 οὐκ
786 593 1060 665 ἠθέλησαν
1089 593 1170 656 εἰς
1197 591 1309 664 (47)
1341 590 1486 664 ζωὴν
1515 589 1746 661 ἀδελφοῦ

145 689 348 744 αὐτῶν
367 707 381 719 ’
415 690 510 742 καὶ
524 688 726 759 Κύριος
758 685 1026 739 ὑπέλυσεν
1055 686 1238 748 αὐτοῖς
1265 685 1328 737 τὸ
1356 685 1609 755 ὑπόδημα
1635 686 1750 739 Ἰω-

152 785 279 854 σήφ
313 781 444 852 (48).
471 781 580 835 Kal.
609 780 719 852 γὰρ
745 777 990 842 ἐλθόντες
1019 781 1077 831 ἐν
1097 777 1378 848 Αἰγύπτῳ,
1403 776 1747 847 ὑπελύθησαν

153 875 274 928 ὑπὸ
313 873 422 926 τῶν
469 871 671 926 παίδων
729 871 949 940 Ἰωσὴφ,
980 868 1124 923 κατὰ
1163 869 1256 922 τὸν
1300 867 1469 921 τύπον
1506 866 1600 921 τοῦ
1641 869 1750 921 Φα-

156 964 287 1037 ραώ
331 963 462 1038 (50).
513 962 590 1017 Οὐ
637 962 796 1034 μόνον
843 960 901 1014 δὲ
944 958 1357 1033 προσεκύνησαν
1401 958 1567 1030 αὐτῷ,
1611 957 1748 1013 ἀλλὰ

150 1060 260 1112 καὶ
296 1055 720 1127 ἐνεπτύσθησαν,
764 1055 1105 1128 παραχρῆμα
1145 1054 1400 1116 πεσόντες
1441 1051 1748 1123 ἔμπροσθεν

151 1148 334 1204 αὐτοῦ
355 1166 369 1179 ·
401 1150 496 1203 καὶ
524 1147 698 1211 οὕτως
721 1147 1070 1218 ᾐσχύνθησαν
1113 1143 1424 1218 ἔμπροσθεν
1455 1143 1564 1196 τῶν
1583 1143 1750 1210 Αιγυ-

151 1242 360 1295 πτίων.
386 1239 541 1294 Μετὰ
561 1238 732 1292 ταῦτα
761 1239 870 1308 γὰρ
907 1239 1146 1308 ἥκουσαν
1181 1239 1231 1289 οἱ
1254 1234 1542 1305 Αἰγύπτιοι
1573 1234 1769 1288 πάντα.

149 1333 228 1386 τὰ
260 1332 412 1386 κακὰ
448 1331 484 1386 ἃ
513 1332 854 1402 ἐποιήσαμεν
882 1329 962 1400 τῷ
999 1330 1217 1401 Ἰωσήφ.

231 1427 313 1478 Δ’.
377 1442 398 1476 ι
439 1422 594 1478 Μετὰ
635 1421 807 1476 ταῦτα
851 1420 1040 1476 ἔϐαλον
1085 1420 1286 1475 ἐσθίειν
1335 1421 1553 1474 ἐκεῖνοι.
1608 1415 1750 1487 Ἐγὼ

153 1518 278 1590 γὰρ
325 1515 420 1570 δύο
469 1513 681 1586 ἡμέρας
731 1514 827 1568 καὶ
871 1513 966 1567 δύο
1010 1511 1210 1574 νύκτας
1257 1511 1357 1565 οὐκ
1410 1509 1746 1581 ἐγευσάμην,

158 1605 668 1678 σπλαηνιζόμενος
712 1606 806 1659 ἐπὶ
845 1604 1064 1674 Ἰωσήφ.
1111 1604 1218 1658 Καὶ
1263 1600 1467 1665 Ἰούδας
1499 1600 1561 1653 οὺ
1597 1598 1750 1653 συνέ-

157 1715 382 1772 τρωγεν
411 1698 595 1760 αὐτοῖς
615 1711 632 1727 ο
663 1697 918 1768 προσεῖχε
947 1694 1003 1750 δὲ
1022 1691 1100 1763 τῷ
1129 1692 1338 1763 λάκκῳ,
1366 1691 1449 1744 ὅτι
1481 1688 1745 1760 ἐφοϐεῖτο,

1848 500 2260 571 conspuendum
2313 500 2370 554 in
2413 498 2633 553 faciem.
2700 499 2766 554 Et
2815 498 3013 556 fratres
3069 499 3272 572 Joseph
3311 517 3425 562 non

1849 593 2134 647 voluerunt
2163 590 2330 646 vitam
2381 588 2570 644 fratris
2603 604 2793 644 eorum
2822 609 2837 645 :
2871 600 2927 645 et
2961 590 3229 648 Dominus
3264 593 3429 651 solvit

1847 684 1927 739 eis
1961 685 2395 740 calceamentum
2454 681 2678 754 Joseph.
2739 683 2952 738 Etenim
3020 687 3301 743 venientes
3367 688 3426 744 in

1847 773 2143 847 Egyptum
2166 817 2182 843 ,
2230 774 2394 831 soluti
2435 784 2566 831 sunt
2603 789 2634 830 a
2664 775 2851 846 pueris
2874 775 3078 846 .Ioseph
3127 788 3254 833 ante
3299 795 3428 849 por—

1847 877 1958 923 tam
1993 868 2130 940 (49),
2178 877 2234 923 et
2284 868 2358 923 ita
2408 868 2781 923 adoraverunt
2827 866 3066 938 Ioseph,
3124 871 3427 928 secundum

1847 975 2036 1038 typum
2070 965 2400 1020 Pharaonis.
2448 961 2567 1018 Non
2603 964 2781 1018 solum
2829 973 3011 1018 autem
3062 965 3444 1022 adoraverunt
3493 951 3508 970 ³

1846 1073 1998 1122 eum,
2029 1058 2126 1113 sed
2159 1057 2326 1113 etiam
2358 1058 2613 1128 consputi
2641 1067 2790 1124 sunt,
2822 1057 3109 1113 confestim
3141 1060 3432 1128 procidem

1847 1159 1930 1206 tes
1964 1164 2147 1206 coram
2182 1163 2248 1204 eo
2277 1167 2291 1203 :
2324 1157 2378 1204 et
2410 1148 2490 1204 sic
2519 1148 2736 1204 confusi
2773 1158 2902 1204 sunt
2929 1163 3112 1205 coram
3136 1148 3427 1220 Egyptiis.

1849 1239 1978 1294 Post
2012 1240 2128 1296 haec
2153 1239 2298 1295 enim
2329 1237 2622 1293 audierunt
2648 1237 2890 1309 Egyptii
2921 1237 3106 1292 omnia
3138 1239 3280 1292 mala
3307 1253 3433 1308 qua;

1848 1331 2082 1388 fecimus
2113 1331 2340 1402 Joseph.

1919 1425 2008 1480 Η.
2033 1444 2052 1476 ‹
2081 1424 2216 1480 Post
2253 1425 2370 1479 haec
2419 1432 2792 1494 apposuerunt
2831 1422 2907 1476 illi
2936 1421 3179 1494 (fratres)
3218 1424 3433 1492 cibum,

1847 1526 1910 1573 ut
1951 1517 2318 1572 comederent.
2377 1515 2489 1586 Ego
2535 1516 2679 1570 enim
2723 1531 2824 1585 per
2863 1515 3005 1571 duos
3037 1515 3155 1571 dies
3195 1523 3250 1570 et
3291 1517 3432 1573 duas

1847 1622 2038 1670 noctes
2071 1628 2182 1666 non
2219 1610 2432 1682 gustavi
2467 1611 2722 1682 (cibum),
2767 1610 3060 1664 miseratus
3091 1608 3317 1678 Joseph.
3356 1609 3438 1664 Et

1847 1707 2018 1763 Judas
2075 1721 2183 1760 non
2225 1704 2463 1760 comedit
2515 1717 2642 1758 cum
2693 1704 2815 1769 eis;
2876 1702 3195 1756 intendebat
3246 1713 3431 1757 autem

166 1765 252 1863 μίὴ
285 1765 731 1860 ἀποπηδήσαντες
765 1765 988 1856 Συμεὼν
1017 1785 1114 1839 και
1136 1785 1246 1841 res
1274 1782 1534 1836 ἀνέλωσιν
1564 1780 1744 1834 αὐτόν.

1857 1800 1904 1854 in
1936 1800 2138 1862 lacum,
2179 1797 2439 1867 quoniam
2480 1795 2727 1860 timebat,
2773 1808 2842 1847 ne
2869 1791 3174 1847 resilientes
3208 1791 3438 1847 Simeon-

162 1884 284 1936 Καὶ
327 1881 560 1952 ὁρῶντες
597 1879 741 1950 κάμὲ
790 1878 864 1950 μὴ
907 1877 1186 1940 ἐσθίοντα,
1231 1874 1413 1928 ἐθεντό
1449 1891 1517 1945 με
1559 1875 1748 1944 τηρεῖν

161 1971 357 2036 αὐτὸν,
408 1956 512 2034 ἕως
563 1966 625 2026 οὗ
665 1971 900 2042 ἐπράθη.
960 1968 1210 2040 Ἐποίησε
1249 1967 1308 2020 δὲ
1348 1968 1407 2021 ἐν
1442 1965 1523 2036 τῷ
1561 1965 1749 2036 λάκκῳ

162 2064 324 2133 τρεῖς
363 2061 577 2134 ἡμέρας
619 2061 714 2114 καὶ
733 2063 882 2132 τρεῖς
921 2058 1140 2123 νύκτας,
1185 2058 1281 2113 καὶ
1324 2057 1497 2121 οὓτως
1533 2057 1746 2130 ἐπράθη

164 2150 378 2214 ἄσιτος.
418 2151 530 2204 Καὶ
565 2150 805 2214 ἀκούσας
846 2149 1107 2222 Ῥουϐήμ,
1151 2151 1233 2204 ὅτι
1265 2151 1479 2223 ἐπράθη
1521 2152 1750 2221 ἀπόντος

167 2243 362 2314 αὑτοῦ,
392 2245 846 2316 περιηισάμενος
874 2242 1110 2314 ἐθρήνει,
1141 2242 1336 2312 λέγων’
1404 2245 1530 2308 Πῶς
1547 2244 1749 2316 ὂψομαι

165 2336 234 2390 τὸ
279 2336 564 2409 πρόσωπον
621 2334 815 2390 Ἰακὼϐ
842 2333 936 2390 τοῦ
984 2335 1190 2406 πατρός
1243 2351 1382 2406 μου;
1415 2336 1524 2389 Καὶ
1569 2335 1752 2391 λαϐὼν

167 2426 236 2480 τὸ
276 2426 557 2498 ἀργύριον,
607 2426 916 2499 κατέδραμε
972 2423 1084 2496 (51)
1139 2427 1250 2488 τοῖς
1306 2425 1607 2496 ἐμπόροις,
1656 2429 1752 2482 καὶ

167 2516 329 2570 οὐδὲν
356 2516 467 2588 (52)
518 2508 706 2587 εὗρεν·
756 2517 984 2586 ἀφέντες
1013 2515 1120 2587 γὰρ
1145 2517 1244 2587 τὴν
1280 2515 1397 2570 ὁδὸν
1440 2517 1541 2588 τὴν
1584 2520 1753 2589 μεγάδ

170 2607 298 2679 λην,
343 2608 718 2680 ἐπορεύθησαν
761 2607 852 2661 διά
892 2606 1393 2679 τρωγλοκολπητῶν
1425 2605 1538 2678 (55)
1585 2609 1642 2660 ἐν
1682 2611 1749 2681 τῇ

173 2699 429 2771 συντόμῳ
449 2717 463 2730 ·
499 2700 594 2754 καὶ
624 2700 725 2753 οὐκ
767 2699 933 2769 ἔφαγε
979 2699 1218 2769 Ῥουϐὴμ
1259 2698 1370 2769 (54)
1401 2699 1562 2770 ἄρτον
1594 2699 1652 2752 ἐν
1682 2702 1750 2772 τῇ

173 2790 367 2863 ἡμέρᾳ
415 2791 621 2864 ἐκείνῃ.
665 2788 983 2862 Προσελθὼν
1027 2786 1118 2842 οὖν
1162 2791 1191 2842 ὁ
1233 2787 1341 2841 Δάν
1383 2783 1535 2844 εἶπεν
1578 2788 1747 2859 αὐτῷ·

175 2887 307 2956 «Mn
340 2885 513 2950 κλαῖε,
559 2885 694 2958 μηδὲ
748 2884 965 2939 πένθει·
998 2879 1154 2956 εὖρον
1189 2881 1298 2955 γὰρ
1323 2883 1376 2938 τί
1399 2882 1642 2956 εἴπωμεν
1672 2884 1752 2956 τῷ

169 2979 348 3052 πατρὶ
379 2981 533 3051 ἡμῶν
579 2978 792 3034 Ἰακώϐ.
828 2977 1074 3051 Θύσομεν
1112 2977 1224 3050 (55)
1258 2978 1524 3050 χίμαῤῥον
1557 2979 1748 3048 αἰγῶν,

1849 1900 1902 1946 et
1924 1889 2038 1944 Gad
2065 1888 2436 1942 interficerent
2459 1899 2609 1940 eum.
2638 1883 2704 1938 Et
2727 1884 2974 1938 videntes
3001 1897 3088 1936 me
3117 1897 3225 1936 non
3249 1895 3434 1937 come-

1849 1981 2090 2044 dentem,
2129 1984 2436 2048 posuerunt
2466 1989 2555 2028 me
2603 1974 2882 2028 custodire
2912 1973 3113 2042 ipsum,
3146 1985 3434 2042 quousque

1848 2070 2102 2126 venditus
2146 2080 2250 2124 est.
2287 2067 2410 2122 Fuit
2442 2075 2624 2120 autem
2671 2065 2725 2119 in
2770 2066 2891 2120 laCu
2926 2073 3038 2120 tres
3082 2065 3200 2120 dies
3237 2073 3293 2119 et
3324 2072 3436 2118 tres

1851 2171 2072 2228 noctes,
2117 2168 2171 2216 ct
2217 2162 2289 2215 ita
2329 2161 2584 2215 venditus
2629 2166 2715 2212 est
2757 2159 3048 2226 impastus.
3101 2155 3170 2210 Et
3203 2156 3438 2210 audiens

1849 2253 2066 2318 Ruben,
2111 2255 2258 2324 quod
2299 2253 2554 2309 venditus
2595 2260 2743 2307 esset
2790 2251 3019 2303 absente
3062 2263 3149 2313 eo,
3195 2246 3438 2302 circum-

1853 2347 2060 2404 scissus
2096 2346 2363 2416 plorabat,
2409 2344 2600 2400 dicens
2629 2361 2642 2396 :
2684 2340 2974 2409 Quomodo
3004 2339 3198 2394 videbo
3233 2339 3432 2394 faciem

1849 2439 2022 2495 Jacob
2047 2439 2218 2510 patris
2247 2438 2396 2492 mei?
2444 2437 2511 2491 Et
2545 2436 2820 2506 accipiens
2863 2441 3146 2505 argentum
3192 2432 3438 2487 cucurrit

1851 2533 1919 2588 ad
1963 2541 2322 2594 mercatores,
2370 2537 2424 2584 et
2456 2529 2729 2584 neminem
2781 2527 2989 2581 invenit
3035 2541 3050 2580 :
3097 2525 3439 2580 dimittentes

1851 2626 1995 2680 enim
2047 2627 2190 2678 viam
2243 2639 2530 2693 magnam,
2581 2600 3000 2675 ambulaverunt
3061 2635 3158 2689 per
3213 2631 3438 2688 asperos

1852 2711 2008 2766 sinus
2042 2712 2097 2765 in
2129 2712 2215 2765 via
2250 2711 2700 2780 compendiaria:
2734 2701 2788 2765 et
2830 2725 2938 2765 non
2983 2709 3219 2764 comedit
3242 2706 3436 2763 Ruben

1851 2816 2046 2872 panem
2091 2803 2148 2856 in
2187 2804 2275 2858 die
2316 2803 2428 2857 illa.
2481 2802 2758 2858 Accedens
2805 2803 2974 2872 igitur
3012 2801 3126 2854 Dan
3166 2801 3306 2855 dixit
3346 2799 3434 2856 ei:

1859 2913 1878 2946 ι
1906 2893 1985 2949 Ne
2020 2893 2170 2960 fleas,
2204 2909 2383 2964 neque
2427 2895 2695 2961 tristeris;
2721 2894 2905 2948 inveni
2939 2893 3088 2947 enim
3120 2891 3252 2962 quid
3283 2893 3438 2947 dica-

1851 3003 1976 3042 mus
2001 2987 2142 3058 patri
2176 2995 2368 3042 nostro
2399 2986 2588 3042 Jacob.
2627 2985 2954 3041 Occidemus
2985 2983 3200 3038 hircum
3235 2992 3438 3052 capro-

122 3071 126 3077 ’
169 3071 273 3124 καὶ
315 3070 632 3142 ἑμδάψομεν
679 3070 773 3124 τὸν
820 3070 1025 3140 χιτῶνα
1082 3065 1301 3138 Ἰωσὴφ,
1349 3070 1441 3122 καὶ
1482 3069 1746 3140 ἐροῦμεν·

1857 3094 2006 3146 rum,
2054 3087 2110 3133 et
2155 3079 2432 3147 tingemus
2483 3079 2723 3132 tunicam
2767 3075 3001 3146 Joseph,
3057 3085 3110 3130 et
3149 3076 3432 3129 dicemus:

185 3161 503 3230 Έπίγνωθι,
545 3163 594 3214 ει
621 3160 786 3232 χιτὼν
816 3161 911 3213 τοῦ
944 3157 1063 3214 υιοῦ
1089 3157 1182 3210 σού
1219 3159 1366 3212 ἐστιν
1393 3152 1546 3223 οὗτος
1564 3158 1698 3230 (56)-
1725 3179 1744 3214 ι

1857 3167 2154 3240 Cognosce.
2181 3169 2229 3223 si
2263 3168 2448 3221 tunica
2494 3167 2588 3220 lilii
2622 3167 2698 3220 tui
2742 3167 2813 3220 sit
2841 3166 2987 3230 ista;
3029 3183 3047 3214 ι
3074 3164 3257 3218 tunica
3286 3164 3435 3218 enim

169 3254 267 3308 τὸν
294 3251 404 3323 γὰρ
439 3251 642 3322 χιτῶνα
670 3249 768 3304 τοῦ
796 3251 1002 3321 πατρὸς
1031 3247 1188 3319 ἡμῶν
1219 3247 1472 3313 ἐξέδυσαν
1507 3248 1599 3302 τὸν
1641 3251 1754 3303 Ἰω-

177 3343 290 3416 σὴφ
319 3345 376 3396 ἐν
403 3343 483 3412 τῷ
517 3341 729 3413 μέλλειν
769 3342 1102 3412 πιπράσκειν
1133 3339 1316 3403 αὑτὸν,
1363 3341 1458 3393 καὶ
1497 3341 1752 3396 ἐνέδυσαν

177 3433 342 3488 αὑτὸν
390 3433 600 3503 ἱμάτιον
646 3430 874 3486 παλαιὸν
913 3430 1121 3484 δούλου.
1157 3428 1260 3485 Τὸν
1297 3433 1353 3486 δὲ
1392 3433 1598 3503 χιτῶνα
1639 3429 1754 3502 εἶχε

176 3520 427 3593 Συμεὼν,
459 3523 554 3575 καὶ
581 3523 680 3575 οὐκ
708 3522 865 3594 ήθελε
891 3523 1072 3577 δοῦναι
1104 3525 1286 3591 αὑτὸν,
1312 3525 1478 3580 θέλων
1509 3527 1576 3596 τῇ
1618 3527 1754 3595 ῥομ-

181 3613 317 3685 φαίᾳ.
339 3613 503 3667 αὐτοῦ
523 3614 827 3684 κατακόψαι
849 3615 1031 3678 ωὖτὸν,
1061 3616 1434 3688 ὀργιζόμενος,
1461 3618 1544 3670 ὅτι
1569 3615 1751 3688 ἔζησε,

181 3705 278 3759 καὶ
309 3706 410 3761 οὐκ
451 3705 657 3760 ἀνεῖλεν
706 3707 888 3760 αὐτόν.
939 3708 1292 3774 Ἀναστάντες
1335 3709 1393 3764 δὲ
1436 3712 1556 3764 κατ’
1588 3707 1753 3762 αὑτοῦ

180 3797 383 3862 πάντες
425 3797 583 3860 ὁμοῦ,
615 3797 838 3869 εἴπομεν
862 3815 876 3829 ⁸
902 3817 920 3850 ι
948 3800 1073 3852 Ὅτι
1106 3800 1200 3853 ἐὰν
1243 3802 1316 3872 μὴ
1351 3800 1478 3872 δῷς,
1499 3799 1752 3870 ἐροῦμεν,

180 3884 264 3938 ὅτι
297 3887 359 3938 σὺ
395 3892 554 3956 μόνος
578 3885 836 3958 ἐποίησας
869 3885 929 3938 τὸ
962 3887 1195 3958 πονηρὸν
1225 3890 1282 3941 ἐν
1320 3888 1534 3960 Ἰσραήλ
1562 3886 1695 3957 (57).
1727 3904 1747 3938 ι

181 3975 293 4028 Καὶ
318 3975 488 4041 οὕτως
516 3976 725 4030 δίδωσιν
753 3977 938 4044 αὑτὸν,
959 3979 1052 4032 καὶ
1083 3980 1365 4051 ἐποίησαν,
1389 3979 1572 4044 καθὼς
1599 3976 1752 4033 εἶπεν

175 4068 207 4119 ὁ
228 4068 358 4124 Δάν.

256 4165 330 4218 E'.
386 4184 405 4216 ‹
437 4163 545 4218 Καὶ
574 4161 690 4227 νῦν,
732 4161 900 4216 τέκνα
940 4179 1078 4232 μου,
1123 4163 1439 4232 ἀναγγέλλω
1482 4163 1612 4233 ὑμῖν
1656 4161 1752 4217 τοῦ

172 4254 478 4324 φυλάσσειν
511 4253 611 4318 τὰς
641 4253 858 4316 ἐντολὰς
887 4253 1121 4325 Κυρίου,
1150 4256 1250 4307 καῖ
1273 4257 1446 4307 ποιεῖν
1475 4253 1622 4318 ἔλεος
1651 4254 1756 4308 ἐπὶ

172 4343 275 4400 τὸν
306 4345 548 4416 πλησίον,
592 4345 688 4399 καὶ
722 4345 1118 4416 εὐσπλαγχνίαν
1156 4345 1300 4416 ἔχειν
1346 4345 1480 4417 πρὸς
1524 4347 1748 4413 πάντας,

1848 3262 2020 3332 patris
2053 3261 2226 3316 nostri
2251 3268 2523 3315 exuerunt
2549 3258 2776 3328 Ioseph,
2801 3273 2924 3312 cum
2950 3256 3223 3312 vendituri
3252 3263 3438 3311 essent

1851 3366 1998 3417 eum,
2034 3361 2089 3406 et
2128 3350 2426 3405 induerunt
2462 3365 2589 3404 enm
2631 3350 3018 3403 vestimentum
3066 3355 3222 3401 vetus
3265 3347 3433 3401 servi.

1853 3442 2116 3497 Tunicam
2141 3457 2278 3496 vero
2305 3441 2498 3496 habuit
2530 3440 2782 3504 Simeon,
2820 3449 2876 3494 et
2905 3439 3084 3494 noluit
3113 3439 3244 3493 dare
3285 3451 3432 3502 eam,

1851 3533 2040 3588 volens
2089 3531 2274 3603 gladio
2324 3545 2429 3586 suo
2479 3531 2791 3587 discindere
2842 3545 3006 3596 eam,
3062 3530 3235 3584 iratus
3288 3527 3435 3597 quod

1851 3623 2078 3689 viveret,
2105 3629 2160 3677 et
2194 3637 2301 3676 non
2338 3621 2634 3676 occidisset
2660 3635 2809 3675 eum.
2843 3619 3215 3690 Exsurgentes
3246 3627 3432 3672 autem
3541 3625 3552 3631 ‘

1853 3714 2117 3768 adversus
2149 3727 2274 3767 eum
2304 3726 2496 3767 omnes
2522 3709 2687 3767 simul
2707 3711 2983 3766 diximus:
3009 3727 3030 3761 c
3055 3709 3212 3774 Quod
3246 3709 3292 3763 si
3321 3722 3435 3762 non

1853 3803 1972 3871 des,
2008 3805 2278 3871 dicemus,
2317 3803 2462 3874 quod
2502 3813 2559 3858 tu
2601 3803 2752 3858 solus
2787 3801 2967 3856 fecisti
3001 3801 3106 3855 hoc
3135 3800 3338 3853 malum
3377 3799 3435 3854 in

1852 3892 2040 3950 Israel.
2076 3913 2094 3946 ι
2124 3895 2191 3949 Et
2232 3895 2307 3950 ita
2333 3894 2481 3950 dedit
2511 3909 2664 3962 eam;
2699 3902 2760 3947 et
2803 3889 3082 3958 fecerunt,
3113 3889 3256 3945 sicut
3297 3889 3436 3943 dixit

1853 3985 1991 4041 Dan.
2808 4000 2810 4002 '
3425 3992 3428 3994 ‘

1933 4141 1993 4198 ν.
2024 4165 2043 4197 ι
2074 4142 2141 4199 Ει
2175 4158 2340 4209 nunc,
2375 4142 2471 4198 ﬁlii
2497 4143 2636 4212 mei,
2679 4143 2947 4198 annuntio
2979 4141 3138 4197 vobis
3159 4140 3436 4197 custodire

1852 4241 2105 4299 mandata
2133 4236 2374 4302 Domini,
2404 4245 2458 4290 ct
2506 4235 2686 4290 facere
2726 4235 3165 4290 misericordiam
3210 4233 3266 4288 in
3306 4245 3470 4302 pro-»

1853 4335 2085 4396 simum,
2116 4337 2171 4384 et
2202 4329 2413 4383 viscera
2457 4324 2959 4382 eommiserationis
3002 4323 3067 4377 ad
3101 4338 3293 4377 omnes
3330 4321 3434 4375 ha-

177 4436 246 4490 οὑ
287 4411 443 4508 μόνον
488 4439 568 4501 εἰς
612 4411 1134 4508 ἀνθρώπουςζάλλά
1169 4411 1262 4490 καὶ
1308 4411 1402 4500 εἰς-
1433 4437 1619 4506 ἄλογα.

1857 4425 2002 4490 bere,
2029 4437 2138 4477 non
2167 4421 2345 4475 solum
2373 4417 2441 4473 ad
2469 4416 2738 4478 homines,
2770 4415 2863 4469 sed
2891 4421 2946 4467 et
2969 4413 3035 4467 ad
3070 4411 3431 4468 irrationalia.

183 4527 292 4600 γὰρ
324 4527 496 4581 ταῦτα
537 4525 794 4596 εὐλόγησέ
847 4543 912 4596 με
960 4525 1183 4597 Κύριος,
1231 4525 1346 4592 καὶ,
1383 4525 1600 4579 πάντων
1642 4525 1751 4580 τῶν

183 4621 424 4693 ἀδελφῶν
473 4638 572 4692 μου
613 4618 1002 4682 ἀσθενούντων,
1041 4617 1152 4687 ἐγὼ
1193 4619 1383 4682 ἄνοσος
1435 4617 1712 4688 παρῆλθον
1731 4629 1749 4650 σ

184 4714 291 4772 οἶδε
340 4717 450 4790 γὰρ
493 4716 696 4788 Κύριος
753 4714 984 4768 ἑκάστου
1026 4715 1126 4785 τὴν
1173 4715 1508 4786 προαίρεσιν.
1560 4709 1752 4783 Ἔχετε

187 4805 279 4864 οὖν
321 4809 466 4872 ἐλεος
504 4810 561 4861 ἐν
599 4811 712 4872 τοῖς
745 4805 1070 4877 σπλάγχνοις
1096 4804 1268 4875 ὑμῶν,
1301 4805 1469 4860 τέκνα
1509 4822 1631 4876 μου,
1669 4805 1756 4858 ὅτι

186 4903 259 4967 ὡς
298 4903 362 4958 ἄν
398 4919 482 4966 τις
521 4902 726 4974 ποιήσῃ
755 4900 834 4971 τῷ
869 4897 1094 4970 πλησίον
1132 4897 1332 4963 αὐτοῦ,
1375 4895 1548 4960 οὕτως
1589 4896 1685 4950 καὶ
1723 4897 1755 4949 ὁ

191 5017 390 5094 faciem
419 5017 571 5094 ejus,_
580 5017 679 5094 qui
714 5016 901 5094 fratris
942 5030 1143 5094 nomen
1179 5028 1495 5094 propagare.
1529 5027 1755 5094 recusa-

188 5089 344 5171 verit,
373 5084 484 5158 jam
521 5084 653 5142 oliin
693 5087 957 5170 usitatum
1003 5085 1207 5171 fuisse;
1254 5084 1532 5171 sicut_alia
1566 5085 1754 5137 excal-

189 5155 387 5223 eeatio,
426 5174 532 5229 qua
583 5158 923 5228 pr0pinquus
967 5157 1120 5210 alteri
1180 5169 1281 5210 suo
1333 5155 1590 5219 cedebat,
1635 5168 1756 5209 mos

190 5231 448 5289 antiquus
482 5230 537 5283 in
569 5229 733 5283 Israel
762 5227 932 5282 fuisse
959 5227 1181 5287 dicitur,
1216 5225 1388 5278 Ruth.
1421 5240 1496 5289 ιν,
1525 5224 1576 5278 7.
1603 5222 1679 5278 In.

279 5293 368 5371 46)
427 5298 966 5371 'TnkoOﬁaqut.
1022 5293 1416 5368 ’Υποδήσεσθαι
1455 5295 1613 5349 male.
1647 5296 1724 5350 In.

281 5367 370 5442 47)
409 5374 531 5436 Εὶς.
572 5371 883 5442 Omissnm.
903 5367 981 5422 In.

421 5433 659 5544 ’,ζώσῃ-ἕρ.
697 5441 762 5492 Ὃ
792 5439 1054 5512 ἐφόρεσαν
1079 5437 1217 5492 κατά
1255 5435 1453 5506 Ἰωσὴφ
1475 5433 1570 5489 τοῦ
1603 5435 1757 5489 ἀδελ·-

191 5510 290 5582 φοῦ
318 5510 516 5566 αὐτῶν.
555 5510 632 5564 ιι).
897 5510 904 5512 ⁷

260 5583 370 5655 (49)
397 5581 653 5661 Portum.
678 5581 911 5661 Atrium,
943 5577 1163 5661 {osephi
1195 5579 1438 5661 scilicet;
1470 5576 1577 5661 hoc
1606 5575 1753 5632 enim

192 5669 294 5709 vox
319 5649 506 5707 πυλὼν
533 5652 775 5706 denotat.
802 5649 1091 5704 Ira—Vide
1117 5659 1300 5703 notam
1325 5658 1663 5718 sequentem.

260 5723 369 5795 (50)
405 5722 567 5778 Κατὰ
594 5721 700 5776 τὸν
728 5723 917 5776 τύπον
941 5719 1046 5775 τσῦ
1065 5718 1289 5790 Φαραώ.
1320 5717 1468 5776 Adde
1492 5733 1559 5776 ex
1575 5717 1751 5776 Oxon.

1852 4513 2083 4584 Propter
2135 4512 2253 4566 haec
2289 4508 2438 4565 enim
2482 4504 2764 4561 benedixit
2809 4503 2942 4558 mihi
2997 4501 3295 4564 Dominus,
3352 4509 3431 4565 et,

1852 4605 2114 4661 omnibus
2165 4601 2431 4657 fratribus
2480 4599 2620 4654 meis
2670 4596 3064 4668 aegrotantibus
3091 4635 3106 4660 ,
3156 4608 3259 4664 ego
3313 4593 3434 4649 sine

1851 4697 2171 4770 aegritudine
2221 4694 2403 4760 evasi;
2437 4692 2589 4748 novit
2613 4689 2760 4746 enim
2783 4688 3049 4742 Dominus
3075 4686 3433 4755 uniuscujus-

1852 4807 1961 4862 que
2005 4789 2370 4860 propositum.
2441 4783 2645 4838 liabete
2699 4795 2830 4851 ergo
2884 4779 3318 4836 misericordiam
3371 4778 3432 4834 in

1852 4883 2157 4940 visceribus
2203 4877 2428 4945 vestris,
2476 4876 2587 4938 lilii
2615 4875 2756 4942 mei,
2807 4875 3070 4945 quoniam
3115 4877 3177 4926 ut
3223 4869 3435 4938 aliquis

1853 5010 2158 5098 ἔμπροσθεν
2203 5009 2298 5098 τοῦ
2345 5007 2608 5073 πυλῶνος,
2654 5006 2750 5060 καὶ
2791 5003 2966 5068 οὕτως
3000 4998 3435 5074 προσεκύνησαν

1853 5079 2432 5226 τῳεέῖῦἓὲέὲἕέαμε.
2471 5141 2993 5226 numam»
3023 5140 3145 5226 ιιι

1927 5165 2036 5222 (51)
2074 5165 2432 5274 κατεσραῦιε.
2473 5165 2584 5202 nat
2609 5165 2993 5216 καταοραμων.
3023 5165 3100 5197 ω.
3263 5210 3276 5222 θ
3384 5206 3397 5220 .

1927 5223 2040 5293 (52)
2081 5222 2293 5276 οὐδέν.
2319 5291 2327 5293 Α
2349 5216 2720 5293 (οι-ιε-οὑδένα,
2748 5216 2999 5293 quamvis
3025 5223 3079 5293 et
3103 5211 3436 5267 Orontensr!

1855 5281 2034 5351 codex'
2055 5293 2249 5347 habeat
2279 5288 2452 5345 οὐδέν.
2487 5288 2590 5343 Ms.
2617 5281 2782 5340 Trin:
2802 5285 3009 5338 οὐδένα.
3034 5281 3114 5338 In.

1927 5364 2042 5436 (55)
2083 5359 2650 5436 Τρωγλοκρξπηςῷν.
2684 5354 3098 5436 Τρωγλοδυτῶν.
3114 5351 3215 5436 Ἰι).

1927 5421 2041 5505 (sti
2085 5421 2310 5503 Ἕφὶῑγε
2355 5421 2632 5500 Ῥουϐήμ.
2702 5421 2968 5496 Ἔφαγον,
3018 5425 3228 5480 omisso
3280 5421 3432 5474 Ῥω-

1856 5505 1924 5578 6ή
1934 5505 2093 5578 μᾲιβ.

2361 5613 2372 5626 .
2405 5570 2668 5641 Μαχαίρᾳ
2703 5569 2830 5625 add.
2865 5568 2942 5624 lo.

1925 5575 2038 5648 (ἕξ)
2082 5575 2356 5648 Θύσομενῖ

2085 5633 2290 5718 οὗτοξι.
2329 5644 2468 5718 Add.
2495 5633 2895 5718 quénotnaav
2916 5633 3214 5718 οὖτος-Ι».

1929 5703 2042 5790 (57)
2095 5715 2197 5772 Ἑν
2238 5703 2504 5787 Ἰσραήλ.
2567 5703 2825 5769 Ἐνὺπιὸν
2853 5709 3082 5783 Κνιδίου.
3112 5703 3192 5763 In.
