3944 6146
427 249 567 308 ιοοε

1303 237 1774 297 TESTAMENTA
1824 237 1916 294 XII
1962 231 2579 293 PATMABCHABUM.

3531 227 3669 282 £096

425 365 591 422 faciet
613 362 862 436 proximo
889 371 1013 427 suo,
1035 358 1108 413 ita
1127 365 1184 413 et
1211 355 1474 411 Dominus
1502 355 1662 411 faciet
1691 355 1760 410 ci.
1780 353 1992 409 Etenim

2111 353 2300 425 Κύριος
2340 355 2556 426 ποιήσει
2591 349 2760 421 αὑτῷ.
2784 348 2896 402 Καὶ
2916 345 3025 418 γὰρ
3063 345 3113 399 οι
3146 345 3254 399 ubi.
3285 342 3395 397 τῶν
3429 337 3674 411 ἀδελφῶν

425 457 521 513 lilii
552 455 781 510 fratrum
805 466 1054 508 meorum
1079 449 1415 520 aegrotahant
1431 489 1445 513 ,
1471 448 1846 503 moriebantur
1870 461 1993 516 pro-

423 561 543 620 pter
565 547 787 616 Joseph,
821 545 1080 616 quoniam
1125 557 1233 596 non
1276 539 1524 595 fecerunt
1561 540 1989 594 misericordiam

426 640 480 694 in
507 638 807 694 visceribus
844 637 992 701 suis;
1023 634 1117 688 ﬁlii
1156 642 1335 686 autem
1374 630 1480 685 mei
1520 631 1638 686 sine
1674 631 1993 699 aegritudine

425 731 681 786 custoditi
709 737 856 794 sunt,
903 728 1045 781 sicut
1088 723 1338 779 novistis.
1379 721 1444 776 Et
1479 722 1699 792 quando
1739 737 1888 776 eram
1936 721 1990 776 in

424 821 709 888 Chanaan,
739 822 792 875 in
826 821 1010 873 littore
1041 825 1268 872 venatus
1293 830 1412 868 sum
1437 813 1726 868 venatione
1758 813 1990 882 piscium

424 915 592 969 Jacoh
617 912 758 984 patri
788 927 944 975 meo;
976 919 1031 965 et
1061 909 1246 964 multis
1270 905 1549 962 suffocatis
1596 906 1651 959 in
1692 904 1854 970 mari,
1892 920 1992 976 ego

426 1008 630 1064 illaesus
658 1003 952 1074 permansi.

496 1099 586 1154 γι.
613 1118 632 1151 ι
658 1098 875 1152 Primus
899 1111 1000 1166 ego
1029 1094 1132 1150 feci
1169 1094 1424 1164 scapham
1468 1093 1523 1147 in
1547 1091 1684 1147 mari
1712 1090 1990 1162 navigare,

425 1193 685 1264 quoniam
711 1190 975 1246 Dominus
1003 1188 1148 1242 dedit
1173 1186 1305 1240 mihi
1340 1185 1669 1239 intellectum
1701 1195 1755 1238 et
1777 1183 1994 1253 sapien-

426 1289 559 1342 tiam
607 1286 665 1339 in
719 1283 836 1354 ipsa
880 1300 893 1336 :
943 1289 999 1335 et
1045 1279 1240 1334 demisi
1279 1279 1483 1348 lignum
1532 1288 1654 1348 post
1694 1277 1893 1347 ipsam,
1941 1284 1996 1332 et

424 1381 604 1434 velum
649 1376 864 1432 extendi
898 1375 954 1429 in
986 1374 1134 1444 ligno
1165 1381 1341 1438 recto,
1391 1373 1444 1426 in
1472 1371 1679 1439 medio;
1708 1379 1762 1426 et
1790 1372 1843 1426 in
1875 1371 1994 1442 ipsa

426 1467 814 1538 perambulans
848 1463 1064 1530 littora,
1105 1462 1354 1533 piscabar
1389 1463 1567 1532 pisces
1597 1463 1784 1518 domui
1822 1462 1995 1532 patris

427 1560 556 1625 mei,
584 1572 870 1628 usquequo
903 1556 1154 1611 venimus
1200 1555 1255 1609 in
1281 1554 1574 1626 IEgyptum
1605 1563 1697 1610 :et
1736 1570 1800 1608 ex
1831 1569 1996 1609 vena-

427 1653 580 1707 tione
601 1667 722 1706 mea
749 1649 898 1705 omni
922 1647 1128 1703 homini
1151 1648 1438 1717 peregrino
1466 1647 1753 1701 miseratus
1775 1646 1992 1700 dabam.
2031 1695 2074 1750 Β

430 1742 489 1797 Si
519 1757 647 1798 vero
690 1751 808 1797 erat
845 1739 1189 1810 peregrinus,
1232 1738 1317 1793 vel
1349 1750 1648 1808 aagrOtans,
1686 1737 1770 1792 vel
1810 1752 1996 1802 senex,

427 1848 674 1904 coquens
713 1833 916 1902 pisces,
949 1840 1004 1886 et
1026 1833 1162 1886 bene
1185 1845 1250 1885 ea
1287 1829 1423 1897 (eos)
1449 1845 1755 1898 apparans,
1798 1844 2000 1885 secun-

431 1923 564 1978 dum
597 1921 1034 1991 uniuscujusque
1075 1921 1451 1975 necessitatem
1497 1919 1788 1974 aﬂ‘erebam
1819 1919 1994 1972 omni-

431 2013 556 2079 bus,
581 2011 842 2080 colligens
873 2020 926 2064 et
954 2011 1313 2079 compatiens.
1343 2008 1571 2078 Propter
1599 2010 1704 2065 hoc
1737 2019 1791 2064 et
1813 2007 1999 2063 Domi-

431 2119 536 2158 nus
557 2103 761 2156 multos
785 2103 962 2171 pisces
995 2100 1125 2156 fecit
1152 2118 1239 2155 me
1263 2103 1474 2157 venari.
1505 2101 1608 2169 Qui
1639 2102 1782 2158 enim
1817 2103 2003 2157 tribuit

431 2195 712 2265 proximo,
759 2194 958 2263 accipit
1001 2194 1358 2264 multiplicata
1405 2210 1436 2250 a
1471 2195 1720 2250 Domino.
1751 2193 2004 2264 Quinque

433 2289 592 2343 annis
631 2287 874 2358 piscatus
924 2302 1072 2352 sum,
1119 2288 1267 2341 omni
1309 2286 1519 2341 homini
1557 2302 1718 2357 quem
1761 2288 2000 2342 videram

432 2380 716 2445 tribuens,
754 2386 808 2432 et
845 2379 994 2433 omni
1036 2378 1222 2433 domui
1275 2379 1446 2448 patris
1474 2379 1579 2433 mei
1610 2380 1906 2436 suﬂiciens.
1944 2380 2000 2434 ln

432 2478 620 2524 aestate
640 2469 928 2540 piscabar;
967 2469 1020 2524 in
1047 2467 1230 2525 hieme
1259 2478 1440 2525 autem
1467 2470 1755 2541 pascebam
1785 2487 2002 2542 gregem

432 2577 557 2618 cum
585 2561 846 2617 fratribus
875 2560 1032 2616 meis.

504 2653 616 2708 Vll.
638 2671 657 2704 ι
696 2652 854 2708 Nunc
881 2653 1216 2708 annuntiabo
1243 2653 1402 2708 vobis
1431 2669 1550 2723 qua'
1595 2652 1719 2709 feci.
1739 2652 2001 2709 Videbam

435 2744 694 2798 amictum
741 2744 796 2796 in
840 2741 1088 2796 nuditate
1131 2743 1361 2811 hiemis;
1405 2752 1461 2799 et
1505 2745 1678 2814 ipsius
1723 2744 2000 2812 misertus,

437 2836 651 2892 furatus
706 2835 1095 2891 vestimentum
1147 2850 1215 2889 ex
1269 2836 1432 2898 domo
1488 2852 1610 2892 mea
1655 2837 2000 2903 abscondite,

437 2928 559 2982 dedi
605 2926 821 2981 alliicto.
870 2925 936 2981 Et
978 2941 1078 2981 vos
1123 2925 1310 2995 igitur,
1357 2924 1452 2981 filii
1496 2927 1624 2995 mei,
1655 2943 1719 2982 ex
1762 2927 1848 2983 his
1881 2942 2004 2998 quae

2098 461 2197 514 μου
2224 444 2502 512 ἠσθένουν,
2526 441 2870 512 ἀπέθνησκον
2893 439 2983 492 διὰ
3016 441 3235 511 Ἰωσὴφ,
3264 440 3346 492 ὅτι
3366 436 3468 490 οὑκ
3497 435 3678 505 ἐποίη-

2097 552 2195 588 σαν
2245 535 2390 598 ἔλεος
2442 536 2501 588 ἐν
2549 533 2879 604 σπλάγχνοις
2937 531 3148 585 αὑτῶνο
3201 533 3252 584 οί
3302 529 3359 581 δὲ
3404 526 3513 581 υίοί
3573 543 3674 598 μου

2093 625 2272 681 ἄνοσοι
2309 625 2764 697 διεφυλάχθησαν,
2809 623 2885 686 ὡς
2929 621 3125 677 οἴδατε.
3173 622 3285 674 Καὶ
3322 622 3410 673 ὅτε
3444 621 3592 690 ἥμην
3618 621 3676 671 ἐν

2091 721 2160 790 τῇ
2223 717 2360 791 (58)
2419 717 2670 780 Χαναὰν,
2739 717 2820 778 είς
2882 714 3147 786 παράλιον
3211 713 3468 786 ἐθήρευον
3535 711 3676 783 θήρᾳ.

2098 809 2295 880 ἰχθύων
2340 808 2464 881 (59)
2528 808 2722 862 Ἰακὼϐ
2772 808 2850 879 τῷ
2908 807 3077 879 πατρί
3130 822 3264 877 μουο
3321 807 3414 859 καὶ
3466 803 3674 858 πολῶν

2093 899 2411 972 ἀγχομένων
2433 901 2491 953 ἐν
2513 901 2580 970 τῇ
2609 899 2875 972 θαλάσσῃ,
2906 897 3018 966 ἐγὼ
3051 896 3300 968 ἀϐλαϐὴς
3319 896 3586 967 διέμεινα.

2173 1105 2248 1164 ς’.
2304 1117 2323 1148 α
2358 1097 2580 1168 Πριῖντος
2615 1095 2726 1166 ἐγὼ
2760 1096 2992 1168 ἐποίησα
3026 1098 3232 1166 σκάφος
3261 1095 3370 1167 (60)
3397 1095 3677 1149 ἐπιπλέειν

2095 1191 2152 1244 ἐν
2190 1193 2256 1261 τῇ
2299 1189 2562 1263 θαλάσσῃ,
2612 1189 2695 1241 ὅτι
2727 1189 2932 1262 Κύριος
2973 1189 3140 1243 ἔδωκέ
3192 1207 3279 1261 μοι
3328 1189 3544 1242 σύνεσιν
3583 1190 3678 1242 καὶ

2099 1279 2290 1350 σοφίαν
2321 1282 2378 1333 ἐν
2411 1279 2591 1350 αὐτῷ·
2636 1280 2730 1334 καὶ
2767 1278 2984 1348 καθῆκα
3022 1277 3178 1344 ξύλον
3221 1278 3442 1332 δπισθεν
3486 1278 3674 1342 αὑτοῦ,

2098 1372 2192 1425 καὶ
2209 1370 2397 1440 ὀθόνην
2418 1369 2655 1437 ἐξέτεινα
2667 1370 2724 1423 ἐν
2743 1368 2882 1439 ξύλῳ
2897 1368 3041 1442 ὀρθῷ
3060 1371 3118 1422 ἐν
3145 1369 3317 1440 μέσῳο
3337 1370 3426 1423 κα⁹ί
3446 1370 3504 1421 ἐν
3529 1370 3676 1440 αὑτῷ

2097 1461 2548 1534 διαπορευόμενος
2567 1461 2704 1524 ’τοὺς
2739 1460 3036 1529 αἰγιαλοὺς,
3075 1461 3288 1532 ήλίευον
3323 1460 3512 1530 ἰχθύας
3543 1463 3678 1532 οἴκῳ

2099 1555 2304 1627 πατρὸς
2336 1571 2458 1626 μου,
2494 1552 2601 1617 ἕως
2633 1553 2868 1625 ἤλθομεν
2912 1554 2992 1617 είς
3021 1553 3294 1622 Αἴγυπτον
3314 1571 3327 1584 ·
3359 1555 3456 1609 καὶ
3487 1557 3554 1608 ἐκ
3578 1555 3676 1625 τῆς

2101 1646 2271 1718 θήρας
2316 1663 2417 1717 μου
2457 1647 2622 1698 παντὶ
2668 1645 2939 1717 ἀνθρώπῳ
2990 1645 3125 1716 ξένῳ
3187 1645 3676 1717 σπλαγῃιζὸμενος

2101 1736 2323 1789 ἐδίδουν.
2353 1737 2417 1788 Et
2440 1735 2498 1789 δέ
2527 1731 2594 1806 ἦν
2627 1734 2796 1801 ξένος,
2831 1736 2864 1808 ἦ
2892 1736 3082 1798 νοσῶν,
3109 1737 3141 1807 ἢ
3169 1737 3437 1808 γηράσας,
3472 1739 3677 1810 ἑψήσας

2100 1826 2226 1890 τοὺς
2276 1825 2482 1896 ἰχθύας,
2526 1829 2621 1881 καὶ
2669 1829 2903 1899 ποιήσας
2947 1829 3084 1882 αὑτά
3117 1828 3357 1896 ἀγαθῶς,
3403 1829 3545 1882 κατὰ
3582 1831 3678 1901 τὴν

2103 1919 2332 1972 ἑκάστου
2361 1919 2547 1990 χρείαν
2577 1920 2912 1991 προσέφερον
2944 1923 3098 1984 πᾶσι,
3135 1921 3382 1988 συνάγων
3409 1923 3503 1975 καὶ
3540 1939 3675 1992 συμ-

2104 2012 2348 2081 πάσχων.
2378 2012 2477 2064 Διὰ
2497 2011 2655 2065 τοῦτο
2677 2014 2768 2066 καὶ⁵
2800 2015 2828 2065 6
2848 2013 3052 2086 Κύριος
3081 2013 3246 2067 πολὺν
3277 2014 3428 2085 ίχθῦν
3457 2016 3678 2086 ἐποίησέ

2107 2118 2174 2172 με
2211 2101 2406 2174 θηρᾷν.
2456 2104 2512 2156 '0
2545 2102 2652 2175 γὰρ
2690 2105 3000 2175 μεταδιδοὺς
3031 2105 3108 2176 τῷ
3153 2105 3378 2178 πλησίον
3412 2106 3678 2176 λαμόάνει

2104 2191 2540 2248 πολλαπλασίονα
2591 2195 2740 2266 παρὰ
2787 2197 3012 2268 Κυρίου.
3070 2196 3238 2249 Πέντε
3288 2194 3383 2268 ἐτη
3431 2197 3675 2267 ἡλίευσα.

2105 2282 2264 2336 παντὶ
2295 2281 2585 2354 ἀνθρώπῳ,
2621 2283 2678 2336 ὃν
2711 2283 2998 2356 ἑωράκειν,
3038 2283 3368 2354 μεταδιδοὺς,
3397 2286 3490 2338 καὶ
3520 2286 3680 2337 παντὶ

2102 2372 2180 2443 τῷ
2207 2372 2339 2443 οἴκῳ
2370 2373 2464 2427 τοῦ
2495 2375 2700 2446 πατρός
2736 2392 2834 2445 μου
2863 2375 3106 2447 ἐξαρκῶν
3156 2375 3230 2428 Τὸ
3257 2375 3416 2446 θέρος
3446 2377 3676 2446 ἡλίευον,

2103 2465 2198 2518 καὶ
2230 2466 2288 2519 ἐν
2320 2466 2547 2537 χειμῶνι
2589 2467 2906 2537 ἐποίμαινον
2959 2466 3097 2537 μετὰ
3137 2467 3244 2520 τῶν
3273 2467 3515 2536 ἀδελφῶν
3554 2486 3676 2539 μου.

2174 2668 2246 2721 Z'.
2295 2685 2314 2719 ‹
2343 2665 2457 2721 Νῦν
2503 2668 2787 2738 ἀναγγελῶ
2832 2668 2959 2740 ὑμῖν
2991 2667 3122 2741 (61),
3163 2668 3199 2722 ἃ
3231 2668 3482 2739 ἐποίησα.
3527 2666 3680 2723 Εἶδον

2105 2755 2414 2827 θλιϐόμενον
2463 2759 2520 2812 ἐν
2564 2761 2862 2832 γυμνότητι
2909 2760 3197 2831 χειμῶνος,
3249 2761 3344 2813 καί
3382 2760 3679 2831 σπλαγχνι-

2106 2843 2252 2909 σθεὶς
2296 2847 2383 2900 ἐπ’
2428 2848 2606 2912 αὑτὸν,
2658 2849 2862 2919 κλέψας
2909 2851 3119 2921 ἱμάτιον
3164 2852 3227 2904 ἐκ
3257 2849 3351 2904 τοῦ
3392 2851 3544 2905 οἴκου
3578 2869 3680 2922 μου

2105 2939 2406 3008 κρυφαίως,
2432 2939 2607 2994 ἔδωκα
2629 2941 2707 3011 τῷ
2727 2941 3040 3013 θλιϐομένῳ.
3067 2942 3177 2996 Καὶ
3199 2943 3354 3012 ὑμεῖς
3371 2939 3484 3007 οὖν,
3513 2944 3678 2998 τέκνα

437 3017 630 3074 tribuit
661 3017 816 3071 vobis
847 3017 1012 3079 Deus,
1047 3012 1419 3071 indifferenter
1445 3018 1691 3072 omnium
1734 3018 1988 3073 miseren-

2111 3045 2230 3100 μου,
2279 3030 2339 3094 ἐξ
2367 3025 2441 3084 ὧν
2487 3033 2714 3104 παρέχει
2748 3033 2875 3103 ὑμῖν
2923 3034 2951 3086 6
2985 3012 3136 3096 Θεὸς,
3184 3033 3512 3106 άδιακρίτως
3546 3037 3676 3088 πᾶσι

438 3117 541 3175 tes,
569 3108 1004 3164 misericordiam
1048 3106 1231 3172 facite,
1261 3116 1316 3162 et
1342 3109 1562 3164 tribuite
1599 3111 1748 3164 omni
1794 3109 2003 3163 homini

437 3201 494 3257 in
537 3201 680 3256 bono
719 3201 902 3256 corde.
954 3199 1012 3254 Si
1041 3215 1172 3255 vero
1220 3216 1327 3254 non
1356 3201 1567 3256 habetis
1616 3202 1670 3256 in
1713 3201 2004 3256 occasione

435 3289 570 3350 dare
599 3289 882 3360 indigenti,
907 3291 1314 3360 compatiamini
1363 3293 1419 3346 in
1451 3292 1754 3349 visceribus
1791 3293 2006 3349 miseri-

435 3381 655 3441 cordiae.
696 3380 831 3436 Novi
853 3383 998 3452 quod
1026 3399 1222 3440 manus
1250 3398 1370 3439 mea
1397 3400 1506 3439 non
1544 3384 1749 3440 invenit
1778 3385 1833 3439 in
1862 3399 2005 3454 pra:-

438 3485 567 3527 Iens
611 3470 852 3527 tribuere
888 3473 1175 3544 indigenti,
1201 3483 1256 3529 et
1285 3476 1520 3546 amplius
1543 3485 1770 3546 septem
1815 3475 2006 3532 stadiis

439 3562 726 3617 ambulans
756 3577 880 3617 cum
912 3564 1054 3632 ipso,
1082 3563 1312 3632 ﬂebam;
1363 3575 1417 3622 et
1442 3567 1654 3623 viscera
1695 3582 1817 3623 mea
1847 3583 2006 3624 versa

440 3662 571 3708 sunt
597 3668 761 3724 super
793 3655 970 3724 ipsum
1009 3655 1063 3708 in
1091 3658 1552 3727 compassionem.

449 3889 454 3894 ,
512 3829 648 3885 Vlll.
679 3830 790 3885 «Et
841 3847 939 3886 vos
995 3832 1181 3903 igitur,
1231 3834 1328 3890 ﬁlii
1379 3835 1508 3904 mei,
1557 3837 1752 3893 habete
1797 3837 2008 3894 viscera

441 3922 844 3991 compassionis
876 3925 930 3976 in
958 3940 1174 3980 omnem
1206 3925 1481 3982 hominem
1522 3927 1575 3982 in
1608 3930 2007 3998 misericordia,

443 4022 582 4068 utet
607 4013 752 4069 Deus
781 4016 938 4070 vobis
980 4018 1249 4086 propitius
1291 4018 1616 4074 misereatur
1659 4023 1847 4090 vestri,
1873 4039 2012 4093 quo.

443 4106 592 4158 niam
624 4114 678 4158 et
718 4110 770 4159 ln
804 4108 1065 4163 extremis
1100 4109 1292 4164 diebus
1322 4108 1465 4165 Deus
1496 4112 1671 4166 mittet
1699 4114 2014 4170 misericor-

444 4195 588 4248 diam
647 4211 802 4250 suam
854 4197 907 4251 in
950 4207 1150 4252 terram
1199 4215 1213 4252 :
1258 4207 1312 4253 et
1355 4200 1447 4253 ubi
1507 4201 1774 4257 invenerit
1804 4204 2011 4259 viscera

443 4286 858 4354 misericordiae,
906 4289 963 4343 in
1021 4290 1141 4359 ipso
1193 4291 1480 4346 habitabit.
1529 4291 1804 4358 Quantum
1864 4295 2011 4350 enim

2108 3121 2588 3194 σπλαγχνιζὸμενοι
2633 3123 2831 3177 ἐλεεῖτε
2882 3123 3014 3195 (62),
3068 3125 3164 3178 καὶ
3211 3125 3479 3196 παρέχετε
3522 3127 3676 3178 παντὶ

2106 3210 2375 3283 ἀνθρώπῳ
2425 3215 2483 3266 ἐν
2536 3213 2713 3285 ἀγαθῇ
2762 3215 2980 3286 καρδίᾳ.
3021 3215 3085 3268 Et
3125 3215 3182 3268 δὲ
3227 3215 3300 3287 μὴ
3343 3216 3498 3286 ἔχετε
3548 3216 3676 3288 πρὸς

2107 3304 2296 3375 καιρὸν
2339 3305 2521 3358 δοῦναι
2554 3306 2630 3377 τῷ
2665 3305 2938 3378 χρῄζοντι,
2986 3308 3336 3378 συμπάσχετε
3381 3310 3441 3360 ἐν
3484 3309 3680 3376 σπλάγ-

2106 3411 2252 3463 χνοις
2299 3394 2504 3459 ἐλέους.
2554 3391 2683 3450 Οἶδα
2729 3401 2811 3451 ὅτι
2850 3400 2884 3466 ἡ
2919 3399 3041 3471 χείρ
3087 3416 3190 3470 μου
3241 3399 3341 3470 οὐχ
3372 3392 3499 3469 εὗρε
3545 3401 3679 3471 πρὸς

2106 3483 2169 3536 τὸ
2214 3486 2386 3557 παρὸν
2443 3487 2720 3544 ἐπιδοῦναι
2773 3489 2852 3561 τῷ
2899 3490 3198 3563 χρῄζοντι,
3276 3492 3370 3544 καὶ
3418 3490 3500 3543 ἔτι
3542 3491 3679 3544 ἑπτά

2110 3576 2354 3641 σταδίους
2417 3581 2893 3652 συμπορευόμενος
2941 3581 3110 3652 αὐτῷ,
3169 3582 3383 3636 ἔκλαιον
3405 3599 3420 3614 ο
3477 3584 3572 3636 καὶ
3615 3581 3680 3635 τὰ

2109 3668 2390 3740 σπλάγχνα
2433 3688 2533 3742 μου
2572 3672 2829 3743 ἐτρέφετο
2871 3672 2981 3745 (65)
3028 3676 3116 3728 ἐπ’
3149 3675 3298 3745 αὑτῷ
3332 3678 3414 3739 είς
3462 3676 3676 3746 συμπά-

2109 3757 2278 3813 θειαν.

2180 3851 2261 3902 H'.
2287 3852 2426 3905 «Kal.
2451 3852 2608 3922 ὑμεῖς
2629 3848 2743 3918 οὖν,
2774 3855 2940 3909 τέκνα
2965 3873 3086 3927 μου,
3112 3855 3260 3927 ἔχετε
3281 3855 3676 3927 εὐσπλαγχνίαν

2110 3939 2251 3993 κατὰ
2291 3942 2490 4005 παντὸς
2536 3943 2823 4015 ἀνθρώπου
2871 3947 2926 3998 ἐν
2967 3947 3125 4012 ἐλέει,
3173 3947 3260 4000 ἵνα
3292 3948 3384 4000 καὶ
3423 3950 3452 4001 6
3477 3948 3676 4019 Κύριος

2111 4029 2192 4091 είς
2246 4029 2390 4100 ὑμᾶς
2444 4032 2861 4103 σπλαγχνισθεὶς
2922 4035 3124 4110 ἐλεήσῃ
3171 4038 3346 4107 ὑμᾶς·
3395 4038 3479 4090 ὅτι
3523 4039 3677 4106 καίγε

2112 4120 2199 4174 ἐπ’
2241 4123 2484 4193 ἐσχάτων
2527 4124 2749 4197 ἡμερῶν
2793 4129 2822 4180 6
2861 4126 2992 4192 Θεὸς
3019 4129 3333 4182 ἀποστέλλει
3378 4129 3439 4183 τὸ
3480 4132 3678 4200 σπλάγ-

2112 4227 2236 4281 χνον
2268 4212 2433 4265 αὑτοῦ
2467 4213 2559 4266 ἐπὶ
2595 4215 2695 4284 τῆς
2739 4216 2864 4287 γῆς,
2915 4220 3008 4272 καὶ
3055 4221 3188 4276 ὅπου
3218 4221 3351 4292 εὕρῃ
3402 4221 3676 4292 σπλάγχνα

2113 4302 2330 4367 ἐλέους,
2389 4307 2447 4358 ἐν
2491 4306 2638 4377 αὑτῷ
2685 4312 2946 4363 κατοικεῖ.
3014 4313 3174 4366 Ὅσον
3232 4313 3341 4386 γὰρ
3400 4316 3678 4387 ἄνθρωπος

445 4379 613 4433 homo
668 4379 958 4434 miseretur
1009 4380 1280 4450 proximi,
1344 4391 1552 4437 tantum
1607 4383 1751 4441 Deus
1812 4386 2002 4455 ipsius.

2113 4393 2529 4466 σπλαγχνίζεται
2573 4371 2653 4461 είς
2698 4398 2788 4452 τὸν
2821 4400 3064 4472 πλησίον,
3095 4371 3347 4459 τοσούτον
3370 4371 3576 4478 Κύρίος
3605 4371 3679 4472 είς

443 4470 677 4538 Quando
695 4472 839 4526 enim
862 4472 1243 4528 descendimus
1272 4473 1326 4526 in
1342 4472 1657 4544 Egyptum,
1674 4473 1873 4547 Ioseph
1900 4493 2008 4532 non

445 4563 765 4617 recordatus
801 4571 886 4618 est
924 4563 1049 4617 mali
1082 4564 1138 4617 in
1176 4580 1310 4631 nos;
1357 4581 1445 4620 me
1489 4581 1621 4621 vero
1650 4567 1861 4634 videns,
1901 4568 2010 4622 mi-

446 4663 630 4709 sertus
652 4663 754 4709 est.
791 4654 848 4708 ln
875 4671 1036 4725 quem
1068 4656 1415 4726 inspicientes
1436 4667 1492 4713 et
1510 4673 1630 4726 vos,
1660 4658 2010 4717 immemores

445 4744 714 4798 malorum
750 4743 1080 4812 elliciamini,
1131 4746 1229 4798 ﬁlii
1272 4746 1398 4813 mei,
1450 4755 1504 4802 et
1547 4748 1752 4818 diligite
1795 4759 2009 4805 vosmet

443 4836 698 4903 invicem,
735 4844 790 4890 et
823 4852 892 4891 ne
931 4837 1376 4894 animadvertetis
1415 4842 1794 4912 unusquisque
1846 4845 2010 4899 mali-

514 5013 627 5087 (58)
670 5013 766 5087 Τῇ.
796 5014 893 5087 Γῇ.
931 5014 1098 5071 GBAB.

514 5034 627 5083 ‘36)
671 5034 713 5069 Vl"
753 5055 766 5068 .
799 5034 893 5087 ιῃ.
931 5034 1098 5071 υΒΑΒ.

510 5085 623 5162 (ξε)
666 5034 825 5162 sileat
857 5088 1091 5162 ικρύῳνς
1127 5087 1327 5162 θήραν.
1366 5089 1444 5144 In.

513 5155 621 5225 (60)
660 5155 894 5223 Πρῶτος
925 5157 1038 5226 ἐγὼ
1063 5155 1320 5227 ἐποίὴσα
1349 5158 1600 5228 σκάφος.
1634 5159 1878 5215 Zabulon
1913 5163 2012 5218 ita-

441 5240 548 5294 que
577 5229 1056 5301 connumerandus
1086 5229 1250 5301 variis
1277 5231 1557 5301 heroibus,
1585 5233 1678 5301 qui
1725 5246 1783 5287 se
1813 5234 2010 5287 inven-

444 5307 591 5368 tores
630 5295 1043 5368 artisnaulica:
1085 5296 1256 5353 fuisse
1296 5295 1619 5368 jactaruntf
1651 5303 1732 5355 vel
1776 5307 1845 5356 ab
1885 5304 2008 5359 aliis

443 5365 808 5444 tales'crediti
831 5373 1077 5444 sunt;_et
1107 5365 1388 5444 addendos
1424 5371 1510 5436 iis,
1537 5386 1676 5441 quos
1701 5371 2010 5444 Polydorus

445 5431 714 5511 Yergilius
753 5434 848 5511 lib.
894 5451 952 5511 in
980 5431 1077 5511 De
1109 5440 1463 5511 inventoribus
1497 5431 1707 5511 rerum,
1756 5431 1874 5511 cap.
1911 5445 1999 5509 15,

446 5501 760 5582 Saltituthus
797 5505 861 5582 in
914 5503 1263 5582 Pancirolum
1299 5512 1402 5582 _tit.
1430 5527 1483 5564 xu
1536 5510 1614 5564 De
1677 5501 2002 5582 Ρνέτὶἰίρειιίὰ

445 5573 680 5652 nautico,
710 5583 764 5652 et
791 5572 1076 5652 cornelius
1118 5594 1147 5652 a
1178 5577 1382 5652 Lapide
1425 5582 1627 5652 aliique
1670 5572 2005 5638 commenta-

446 5652 590 5694 tores
624 5644 678 5696 in
713 5641 997 5726 Sapientia:
1033 5641 1331 5717 Salomonis
1377 5667 1493 5721 cap.
1525 5641 1637 5721 inv,
1686 5670 1732 5708 υ.
1763 5655 1785 5708 l
1846 5670 2001 5724 seqq.

2113 4487 2294 4541 αὑτόν.
2341 4489 2468 4542 Ὅτε
2510 4488 2619 4561 γὰρ
2659 4492 2996 4564 κατήλθομεν
3035 4495 3114 4558 είς
3142 4495 3435 4564 Αἴγυπτον,
3486 4499 3677 4570 Ἰωσὴφ

2109 4578 2210 4631 οὑκ
2247 4579 2686 4651 ἐμνησικάκησεν
2723 4584 2804 4647 είς
2845 4586 2984 4655 ἡμᾶς
3007 4602 3020 4615 ·
3054 4586 3154 4656 ἐμὲ
3176 4588 3234 4641 δὲ
3263 4588 3406 4653 ἰδὼν,
3445 4591 3680 4659 ἐσπλαγ-

2110 4671 2322 4742 χνίσθη.
2363 4672 2458 4735 Εἰς
2484 4671 2543 4726 ὃν
2573 4673 2934 4743 ἐμϐλέποντες
2967 4677 3060 4729 καὶ
3092 4678 3269 4748 ὑμεῖς,
3314 4681 3678 4752 άμνησίκακοι

2111 4762 2344 4830 γίνεσθε,
2380 4763 2544 4815 τέκνα
2574 4780 2696 4834 μου,
2731 4767 2824 4818 καὶ
2853 4767 3100 4834 ἀγαπᾶτε
3141 4769 3422 4840 ἀλλήλους,
3471 4775 3568 4826 καὶ
3610 4774 3677 4843 μὴ

2112 4850 2393 4922 λογίζεσθε
2407 4852 2636 4918 ἕκαστος
2651 4857 2749 4926 τὴν
2775 4857 2969 4910 κακίαν
2984 4858 3079 4912 τοῦ
3106 4859 3334 4930 ἁδελφοῦ
3363 4863 3533 4917 αὑτοῦ
3551 4863 3674 4936 (64)·

2112 5028 2482 5083 nominarunt.
2511 5028 2592 5084 Ex
2618 5031 2818 5110 quibus
2845 5034 3067 5110 patebit,
3101 5035 3378 5093 Zabulone
3404 5039 3686 5110 antiquio-

2112 5114 2225 5178 rem
2253 5114 2372 5154 esse
2403 5105 2909 5178 artemnauticam,
2935 5107 3163 5178 ejusque
3186 5109 3453 5178 originem
3481 5105 3556 5165 ad
3572 5111 3686 5168 Noe

2113 5170 2305 5222 saltem
2345 5169 2682 5225 referendam
2714 5190 2858 5229 esse.
2890 5169 2971 5229 lu.

2159 5239 2304 5315 ,(61)
2333 5239 2462 5293 Νῦν
2480 5241 2802 5315 dii-afraid)
2835 5245 2996 5315 ὑμῖν.
3052 5246 3176 5304 Haec
3235 5249 3420 5304 omnia
3475 5254 3681 5307 omissa

2113 5318 2242 5362 sunt
2278 5309 2346 5363 in
2381 5313 2581 5390 codice
2616 5309 2913 5390 Orxoniensi
2944 5333 3120 5390 usque
3159 5318 3225 5372 ad
3267 5319 3368 5373 ista
3400 5325 3682 5390 sequentis

2111 5381 2620 5456 paragraphivefba
2648 5385 2981 5456 :__roo'023tor
3000 5381 3214 5456 Κύριος
3243 5393 3331 5455 είς
3360 5381 3568 5445 aint}.
3602 5391 3677 5444 lo.

2186 5449 2294 5518 (6‘2)
2347 5450 2619 5506 Ἐλεεῖτε.
2655 5453 2755 5508 Ms.
2785 5455 2989 5510 ἐλεᾶτε.
3028 5449 3102 5512 In.

2339 5521 2663 5601 :Efpssaerg.
2708 5524 3017 5601 [ﬁgendum
3048 5529 3358 5601 ἐστρέφετο.
3385 5529 3461 5587 In.

2185 5588 2292 5670 (βό)
2328 5588 2764 5672 ριὴζλοτίζὲοςρε
2786 5588 3060 5672 ⁷ἕκαστος
3102 5588 3317 5672 κὰκῖαν
3357 5603 3463 5657 τοῦ
3500 5603 3677 5658 ἀδελ·

2109 5662 2227 5728 φοῦ
2273 5662 2477 5728 αὑτοῦ,
2535 5673 2639 5718 etc.
2682 5663 2825 5720 ldem
2881 5662 3148 5724 monitum
3189 5670 3397 5726 llernuc
3445 5674 3677 5731 dabatur
