3944 6146
351 262 483 319 1097

1520 272 2052 338 TESTAMWTUM
2109 277 2272 334 DAN.

3477 285 3613 343 £098

337 378 424 431 ὅτι
481 376 642 432 τοῦτο
683 380 908 454 χωρίζει
956 383 1203 455 ἑνότητα,
1252 385 1346 438 καὶ
1389 387 1569 461 πᾶσαν
1617 389 1918 458 συγγένειαι

2039 395 2172 452 tiam
2223 395 2410 452 fratris
2451 397 2576 464 sui;
2624 396 2885 467 quoniam
2937 398 3046 452 hoc
3087 397 3280 456 dividit
3329 403 3612 470 unitatem,

337 468 736 541 διασκορπίζει,
770 474 865 527 καὶ
892 475 992 546 τὴν
1027 475 1205 548 ψυχὴν
1247 478 1513 549 ταράσσει
1545 479 1676 552 (65).
1732 482 1790 534 ὐ
1825 481 1932 554 γὰρ

344 562 677 632 μνησίκακος
716 567 1000 638 σπλάγχνα
1031 569 1216 634 ἐλέους
1259 571 1361 625 οὐκ
1402 570 1536 642 ἔχει.

409 744 486 798 Θ’.
528 765 547 797 ‹
578 747 882 819 Προσέχετε
913 749 984 802 τά
1022 750 1187 806 ὕδατα
1215 751 1347 824 (66),
1375 754 1457 807 ὅτι
1489 755 1617 808 ὅταν
1640 756 1733 809 ἐπὶ
1763 757 1822 810 τὸ
1847 758 1934 810 αὐ-

338 837 398 891 τὸ
415 839 728 910 πορεύεται,
751 841 953 907 λίθους,
975 843 1126 910 ξύλα,
1154 846 1252 916 τὴν
1278 847 1461 919 ἅμμον
1481 849 1777 922 κατασύρει
1795 850 1927 921 (67)’

340 932 435 988 ἐὰν
467 933 524 988 δὲ
556 935 637 999 εἰς
670 934 844 991 πολλὰ
873 938 1141 1012 διαιρεθῇ,
1178 941 1210 1012 ὴ
1259 943 1330 1013 γῆ
1355 941 1610 1014 ἀφανίζει
1644 944 1804 1010 αὐτὰ,
1839 946 1932 998 καὶ

337 1026 543 1094 γίνεται
577 1028 1044 1100 εὐκαταφρόνητα.
1083 1031 1190 1085 Καὶ
1230 1033 1410 1104 ὑμεῖς,
1445 1034 1542 1088 ἐὰν
1581 1035 1890 1108 διαιρεθῆτε
1913 1079 1928 1103 ,

337 1113 525 1169 ἔσεσθε
551 1117 742 1183 οὕτως.
779 1118 872 1191 Μὴ
906 1120 1162 1192 σχισθῆτε
1195 1125 1276 1187 εὶς
1307 1125 1401 1178 δύο
1433 1127 1694 1196 κεφαλὰς,
1718 1129 1800 1182 ὅτι
1823 1132 1930 1184 πᾶν

336 1205 366 1260 ὂ
398 1208 620 1280 ἐποίησε
669 1209 912 1284 Κύριος,
962 1214 1204 1286 κεφαλὴν
1259 1216 1387 1288 μίαν
1435 1218 1568 1290 ἔχει.
1608 1221 1814 1275 Ἔδωκε
1839 1222 1931 1277 δύο

335 1299 541 1371 ὤμους,
587 1303 772 1368 πόδας,
811 1307 1018 1378 χεῖρας·
1069 1307 1204 1362 ἀλλά
1237 1309 1416 1365 πάντα
1457 1311 1527 1366 τά
1554 1313 1688 1385 μέλη
1723 1319 1789 1386 τῇ
1833 1317 1931 1388 μιᾷ

335 1393 544 1466 κεφαλῇ
599 1396 882 1453 ὑπακούει.
938 1400 1149 1468 Ἔγνων
1190 1400 1251 1455 ἐν
1288 1406 1473 1474 γραφῇ
1515 1404 1765 1476 πατέρων
1804 1425 1926 1478 μου,

335 1485 417 1539 ὅτι
463 1488 522 1540 ἐν
559 1489 814 1559 ἐσχάταις
855 1493 1090 1566 ἡμέραις
1135 1495 1511 1567 ἀποστήσεσθε
1546 1497 1656 1551 ἀπὸ
1699 1498 1925 1570 Κυρίου,

334 1579 430 1632 καὶ
474 1580 882 1654 διαιρεθήσεσθε
930 1588 988 1640 ἐν
1034 1587 1250 1660 Ἰσραὴλ
1298 1587 1446 1660 (68),
1501 1591 1596 1644 καὶ
1625 1590 1745 1643 δυσ).
1779 1591 1930 1661 βασι-

333 1664 520 1719 λεῦσιν
553 1666 1026 1744 ἐξακολουθήσετε,
1063 1674 1160 1728 καὶ
1193 1677 1302 1730 πᾶν
1336 1675 1614 1748 βδέλυγμα
1647 1680 1923 1750 ποιήσετε,

2035 498 2090 542 et
2117 503 2337 544 omnem
2369 488 2904 558 eonsanguinitatem
2940 489 3226 562 dispergit,
3278 502 3334 548 et
3365 495 3610 554 animum

2033 579 2335 647 perturbat.
2379 579 2588 636 Memor
2620 581 2765 636 enim
2797 580 2927 636 mali
2964 582 3179 638 viscera
3221 585 3613 645 misericordia!

2039 684 2144 722 non
2179 669 2358 726 habet.

2104 755 2195 810 IX.
2229 777 2247 808 ί
2280 758 2557 816 Attendite
2581 761 2776 830 aquis,
2809 763 3071 832 quoniam
3105 779 3230 819 cum
3277 766 3441 821 simul
3488 784 3611 823 mo-

2033 857 2249 915 ventur,
2292 850 2528 920 lapides,
2574 852 3003 922 ligna,.arenam
3047 855 3372 925 detrahunt;
3403 860 3448 914 si
3481 875 3611 918 vero

2033 937 2087 992 iu
2115 941 2319 997 multas
2345 942 2680 1007 dividantur,
2714 952 2857 999 terra
2881 947 3210 1002 exterminat
3233 963 3326 1006 eas
3346 989 3362 1014 ,
3393 960 3446 1004 et
3475 950 3612 1006 ﬁunt

2032 1031 2308 1100 neglecte.
2340 1031 2408 1087 Et
2445 1049 2565 1100 vos,
2608 1034 2653 1088 si
2683 1035 3026 1102 dividamini,
3055 1038 3211 1094 eritis
3241 1039 3337 1094 ita.
3364 1037 3443 1095 Ne
3464 1041 3612 1096 scin-

2031 1121 2237 1176 damini
2275 1123 2330 1176 in
2369 1124 2478 1179 duo
2509 1125 2710 1195 capita,
2734 1127 2863 1196 quia
2903 1144 3066 1184 omne
3095 1131 3244 1200 quod
3273 1131 3401 1187 fecit
3441 1131 3607 1196 Deus,

2031 1221 2195 1280 caput
2229 1227 2397 1268 unum
2437 1214 2618 1269 habet.
2677 1214 2835 1270 Dedit
2878 1217 3018 1274 duos
3061 1219 3351 1286 humeros,
3401 1222 3608 1292 pedes,

2031 1320 2261 1374 manus;
2310 1306 2406 1361 sed
2441 1308 2625 1363 omnia
2677 1311 2922 1367 membra
2966 1313 3059 1367 uni
3105 1315 3268 1384 capiti
3322 1316 3604 1372 obediunt.

2029 1393 2167 1450 Novi
2198 1396 2252 1451 in
2279 1399 2550 1468 scriptura
2581 1411 2801 1471 patrum
2837 1420 3108 1472 meorum,
3139 1407 3285 1476 quod
3311 1409 3364 1461 in
3403 1409 3610 1467 ultimis

2029 1490 2224 1548 diebus
2255 1492 2520 1548 recedetis
2548 1509 2579 1548 a
2604 1493 2859 1563 Domino,
2889 1507 2943 1551 et
2965 1497 3127 1560 divisi
3157 1499 3311 1556 eritis
3333 1501 3384 1554 in
3419 1500 3607 1570 Israel,

2028 1591 2084 1638 et
2111 1583 2251 1638 duos
2274 1600 2428 1654 reges
2459 1587 2787 1654 sequcmini,
2819 1598 2875 1643 et
2898 1605 3114 1645 omnem
3141 1593 3607 1652 abominationem

2028 1676 2262 1744 facietis,
2292 1685 2346 1730 ct
2369 1693 2534 1732 omne
2564 1679 2772 1754 idolum
2800 1682 3123 1747 adorabitis,
3153 1693 3210 1740 et
3238 1687 3486 1755 captivos
3509 1691 3608 1746 ab-

334 1759 428 1810 καί
461 1775 524 1826 γε
559 1763 666 1814 πᾶν
693 1762 910 1818 εἴδωλον
938 1769 1366 1839 προσκυνήσετε,
1404 1769 1498 1823 καὶ
1544 1771 1918 1842 αἰχμαλωτεύ-

2028 1770 2226 1824 ducent
2254 1786 2351 1825 vos
2387 1771 2594 1826 inimici
2617 1773 2810 1840 vestri,
2843 1784 2898 1830 et
2921 1777 3180 1832 sedebitis
3214 1779 3268 1834 in
3289 1781 3607 1839 nationibus

338 1867 518 1904 σουσιν
545 1853 688 1923 ὑμᾶς
724 1856 773 1908 οἱ
819 1857 1003 1928 ἐχθροὶ
1044 1861 1219 1931 ὑμῶν,
1254 1862 1348 1914 καὶ
1391 1863 1679 1917 καθίσεσθε
1714 1865 1824 1938 (69)
1865 1868 1922 1920 ἐν
1960 1905 1964 1911 -

334 1942 514 1998 ἔθνεσι
549 1947 608 1999 ἐν
639 1947 842 2014 πάσαις
874 1950 1202 2020 ἀσθενείαις,
1227 1957 1320 2009 καὶ
1345 1955 1577 2026 θλίψεσι,
1595 1959 1689 2011 καὶ
1711 1957 1923 2024 ὀδύναις

332 2035 533 2108 ψυχῆς.
569 2039 677 2093 Καὶ
712 2041 851 2112 μετά
893 2043 1067 2098 ταῦτα
1122 2047 1500 2120 μνησθήσεσθε
1543 2042 1783 2123 Κυρίου,
1828 2054 1923 2108 καὶ

334 2132 718 2203 μετανοήσετε,
747 2135 839 2188 καὶ
870 2135 1188 2209 ἐπιστρέψει
1214 2140 1359 2211 ὑμᾶς
1379 2181 1393 2206 ,
1429 2142 1509 2196 ὅτι
1535 2143 1780 2215 ἐλεήμων
1804 2147 1922 2199 ἐστὶ

333 2224 429 2276 καὶ
460 2223 831 2296 εὔσπλαγχνος
850 2267 865 2292 ,
917 2228 991 2299 μὴ
1025 2229 1372 2303 λογιζόμενος
1411 2234 1606 2289 κακίαν
1648 2240 1760 2300 τοῖς
1785 2238 1921 2301 υἱοῖς

331 2314 440 2368 τῶν
492 2315 829 2388 ἀνθρώπων,
874 2319 1008 2373 διότι
1063 2319 1201 2393 σάρξ
1240 2325 1364 2387 εἱσι,
1409 2326 1501 2389 καὶ
1531 2325 1601 2378 τὰ
1633 2326 1921 2396 πνεύματα

331 2407 432 2477 τῆς
466 2407 675 2481 πλάνης
709 2411 896 2483 ἀπατᾷ
926 2413 1124 2480 αὐτοὺς
1157 2416 1250 2468 ἐπ)¹
1278 2417 1479 2481 πάσαις
1501 2421 1620 2482 ταῖς
1659 2419 1920 2491 πράξεσιν

331 2497 532 2553 αὐτῶν.
567 2500 678 2554 Καὶ
713 2500 851 2573 μετά
895 2502 1069 2557 ταῦτα
1102 2506 1351 2560 ἀνατελεί
1383 2509 1512 2579 ὑμῖν
1543 2510 1703 2573 αὐτὸς
1742 2512 1772 2562 ὁ
1802 2510 1918 2564 Κύ-

333 2607 448 2663 ριος
478 2592 609 2664 (70),
647 2593 764 2663 φῶς
794 2595 1162 2668 δικαιοσύνης,
1197 2599 1292 2652 καὶ
1327 2599 1467 2664 ἴασις
1505 2603 1598 2655 καὶ
1643 2603 1917 2671 εὐσπλαγ-

331 2682 453 2751 χνία
489 2683 583 2736 ἐπὶ
613 2684 732 2745 ταῖς
759 2684 1018 2757 πτέρυξιν
1050 2684 1236 2740 αὐτοῦ.
1261 2687 1434 2752 Αὐτὸς
1457 2687 1791 2760 λυτρώσεται
1815 2689 1920 2742 πᾶ-

335 2789 432 2826 σαν
464 2775 835 2846 αἰχμαλωσίαν
866 2776 997 2832 υἱῶν
1031 2778 1318 2851 ἀνθρώπου
1345 2781 1410 2834 ἐκ
1440 2779 1535 2833 τοῦ
1570 2779 1788 2853 Βελιάρ,
1825 2782 1918 2836 καὶ

334 2864 443 2916 πᾶν
489 2864 707 2937 πνεῦμα
752 2867 957 2940 πλάνης
1005 2869 1410 2942 πατηθήσεται’
1461 2873 1556 2925 καὶ
1600 2873 1915 2944 ἐπιστρέψει

335 2955 512 3008 πάντα
549 2957 619 3010 τὰ
657 2957 783 3030 ἔθνη
829 2961 909 3025 εἰς
943 2963 1330 3034 παραζήλωσιν
1369 2963 1556 3018 αὐτοῦ’
1593 2968 1687 3020 καὶ
1717 2965 1915 3035 ὄψεσθε

2025 1859 2078 1913 in
2107 1861 2362 1916 omnibus
2396 1861 2830 1932 inﬁrmitatibus,
2855 1875 2908 1920 et
2937 1867 3408 1938 tribulationibus,
3427 1884 3483 1929 et
3508 1875 3607 1930 do-

2023 1948 2232 2006 loribus
2262 1952 2478 2006 animae.
2513 1951 2579 2008 Et
2605 1962 2730 2023 post
2767 1957 2883 2011 haec
2911 1959 3333 2017 recordabimini
3357 1961 3602 2031 Domini,

2023 2052 2077 2098 ct
2106 2045 2461 2114 resipiscetis,
2495 2055 2549 2102 et
2576 2059 2855 2105 convertet
2893 2066 3022 2119 vos,
3066 2054 3328 2123 quoniam
3361 2057 3604 2116 clemens

2022 2144 2108 2190 est
2137 2145 2192 2190 et
2218 2136 2557 2203 misericors,
2586 2155 2694 2194 non
2726 2141 3006 2210 imputans
3047 2146 3315 2200 malitiam
3344 2149 3470 2203 ﬁliis
3502 2149 3604 2202 ho-

2021 2229 2266 2296 minum;
2303 2231 2567 2300 quoniam
2597 2248 2729 2289 caro
2769 2245 2918 2302 sunt,
2947 2247 3000 2292 et
3024 2239 3248 2308 spiritus
3278 2244 3482 2299 erroris
3516 2262 3602 2312 se-

2020 2321 2229 2378 ducunt
2277 2337 2372 2378 eos
2426 2323 2479 2376 in
2540 2327 2796 2405 omnibus
2846 2329 3152 2386 actionibus
3194 2333 3332 2387 suis.
3372 2334 3437 2389 Et
3479 2347 3602 2405 post

2023 2414 2136 2468 haec
2166 2415 2376 2469 orietur
2399 2417 2555 2473 vobis
2593 2403 2709 2486 ipse
2737 2417 3032 2488 Dominus,
3055 2422 3239 2477 lumen
3261 2403 3508 2495 iustitiae,
3545 2439 3602 2483 et

2021 2500 2228 2555 sanitas
2250 2511 2304 2556 et
2334 2504 2716 2561 misericordia
2741 2507 2796 2560 in
2822 2509 3020 2577 pennis
3044 2511 3183 2580 ejus.
3219 2511 3340 2582 Ipse
3371 2517 3601 2573 redimet

2021 2609 2239 2649 omnem
2279 2598 2648 2666 captivitatem
2694 2601 2932 2657 ﬁliorum
2977 2604 3218 2662 hominis
3249 2623 3277 2662 a
3311 2607 3508 2678 Beliar,
3546 2623 3602 2666 ct.

2019 2689 2200 2744 omnis
2231 2690 2458 2759 spiritus
2503 2694 2709 2749 erroris
2758 2698 3206 2767 conculcabitur;
3242 2711 3296 2757 et
3323 2717 3600 2760 convertet

2019 2796 2211 2838 omnes
2257 2793 2448 2854 gentes
2499 2786 2553 2840 in
2600 2789 3006 2844 aemulationem
3033 2792 3194 2861 ejus;
3238 2803 3292 2849 et
3347 2797 3600 2853 videbitis

2020 2871 2191 2928 Deum
2229 2876 2282 2928 in
2314 2875 2494 2932 forma
2527 2877 2802 2946 hominis,
2833 2896 2995 2950 quem
3031 2883 3254 2955 elegerit
3291 2886 3596 2950 Dominus;

2016 2965 2314 3024 Jerusalem
2344 2986 2543 3025 nomen
2574 2971 2644 3026 ei.
2669 2971 2735 3027 Et
2755 2989 2948 3029 rursus
2972 2975 3025 3028 in
3054 2977 3257 3032 malitia
3285 2996 3596 3038 sermonum

332 3049 466 3104 Θεὸν
488 3052 545 3103 tv
575 3055 812 3124 σχήματι
845 3053 1154 3126 ἀνθρώπου,
1180 3055 1239 3108 ὃν
1267 3056 1334 3110 ἂν
1368 3057 1652 3129 ἐκλέξηται
1685 3059 1912 3130 Κύριος,

2028 3070 2325 3117 vestrorum
2358 3062 2425 3116 ad
2457 3061 2795 3116 iracundiam
2823 3065 3193 3133 provocabitis
3228 3083 3352 3122 eum
3378 3112 3393 3136 _,
3422 3084 3475 3128 et
3504 3075 3600 3130 al).

343 3142 698 3214 Ἰερουσαλὴμ
740 3144 911 3215 ὄνομα
936 3147 1084 3217 αὐτῷ
1115 3145 1248 3216 (71).
1299 3149 1408 3202 Kal.
1461 3149 1625 3203 πάλιν
1660 3152 1717 3204 ἐν
1745 3169 1915 3225 πονη-

2028 3151 2141 3222 ieeti
2166 3153 2319 3207 eritis
2349 3167 2523 3223 usque
2546 3153 2610 3207 ad
2639 3162 2854 3223 tempus
2879 3159 3392 3216 consummationis.

332 3231 426 3304 ρίᾳ
457 3233 630 3303 λόγων
653 3233 806 3304 ὑμῶν
845 3237 1210 3307 παροργίσετε
1244 3236 1424 3301 αὐτὸν,
1449 3238 1542 3291 καὶ
1573 3240 1919 3314 ἀπορριφθή-

333 3325 491 3379 σεσθε
515 3327 620 3390 ’ἐως
653 3325 848 3397 καιροῦ
875 3327 1207 3392 συντελείας.

403 3421 461 3472 l'.
501 3438 520 3470 ‹
549 3419 658 3471 Καὶ
689 3418 804 3484 νῦν,
825 3420 991 3474 τέκνα
1021 3439 1144 3492 μου,
1175 3421 1546 3493 μὴίλυπεῖσθε,
1578 3426 1660 3480 ὅτι
1682 3427 1920 3500 ἀποθνή-

333 3525 450 3561 σκω
497 3508 641 3578 ἐγὼ,
690 3511 826 3582 μηδὲ
878 3513 1261 3583 συμπίπτετε,
1314 3516 1395 3570 ὅτι
1426 3516 1708 3572 ἀπολείπω
1742 3520 1915 3590 ὑμῶν.

344 3604 742 3676 Ἀναστήσομαι
766 3605 874 3678 γὰρ
907 3607 1067 3661 πάλιν
1090 3609 1150 3662 ἐν
1185 3609 1334 3681 μέσῳ
1365 3611 1540 3682 ὑμῶν,
1573 3612 1648 3677 ὡς
1681 3615 1919 3688 ἡγούμε-

331 3711 421 3757 νος
454 3698 512 3747 ἐν
547 3695 698 3766 μέσῳ
733 3695 866 3751 υἱῶν
898 3696 1084 3762 αὐτοῦ,
1114 3699 1210 3752 καὶ
1250 3699 1693 3772 εὐφρανθήσομαι
1726 3705 1783 3756 ἐν
1820 3705 1916 3774 μέ-

333 3805 413 3860 σῳ
435 3789 536 3860 τῆς
569 3790 742 3860 φυλῆς
778 3809 900 3862 μου,
927 3792 1043 3844 ὅσοι
1070 3792 1343 3862 ἐφύλαξαν
1371 3792 1532 3864 νόμον
1557 3795 1784 3866 Κυρίου,
1823 3797 1918 3849 καὶ

331 3881 548 3946 ἐντολὰς
581 3881 865 3936 Ζαϐουλὼν
892 3882 1096 3955 πατρὸς
1123 3885 1322 3938 αὐτῶν.
1376 3886 1498 3939 Ἐπὶ
1532 3887 1590 3940 δὲ
1633 3889 1760 3950 τοὺς
1787 3888 1914 3941 ἀσε-

331 3972 446 4037 ϐεῖς
469 3973 662 4040 ἐπάξει
695 3974 900 4047 Κύριος
919 3974 1031 4048 πῦρ
1061 3975 1299 4042 αἰώνιον,
1324 3978 1418 4030 καὶ
1440 3977 1694 4031 ἀπολέσει
1720 3979 1915 4044 αὐτοὺς

329 4065 434 4130 ἕως
468 4065 688 4134 γενεῶν.
730 4066 870 4136 Ἐγὼ
888 4069 970 4132 εἰς
999 4068 1098 4140 τὴν
1129 4070 1434 4124 ἀνάπαυσιν
1464 4088 1562 4141 μου
1605 4071 1911 4142 ἀποτρέχω,

329 4158 407 4222 ὡς
449 4159 499 4211 οἱ
532 4159 766 4229 πατέρες
803 4177 938 4230 μουο
977 4161 1223 4231 ὑμεῖς’δὲ
1271 4161 1520 4230 φοϐεῖσθε
1569 4163 1774 4233 Κύριον
1822 4164 1914 4216 τὸν

329 4249 462 4302 Θεὸν
489 4249 641 4321 ὑμῶν
665 4289 681 4314 ,
717 4252 774 4304 tv
809 4253 959 4325 πάσῃ
989 4251 1165 4322 ἰσχύϊ,
1219 4254 1394 4318 πάσας
1420 4251 1519 4315 τάς
1563 4252 1774 4324 ἡμέρας
1810 4253 1912 4323 τῆς

330 4342 475 4414 ζωῆς
509 4344 680 4414 ὑμῶν.
695 4364 712 4396 ι
735 4346 845 4398 Καὶ
874 4344 1045 4399 ταῦτα
1067 4345 1254 4406 εἰπὼν,
1281 4345 1546 4416 ἐκοιμήθη
1567 4345 1720 4416 ὕπνῳ
1741 4346 1908 4416 καλῷ,

2091 3435 2160 3490 Χ.
2199 3455 2218 3487 ‹
2257 3435 2324 3490 Et
2353 3452 2520 3500 nunc,
2553 3437 2649 3490 ﬁlii
2700 3437 2839 3504 mei,
2874 3454 2942 3493 ne
2974 3441 3406 3509 contristemini,
3455 3462 3596 3515 quo-

2026 3528 2174 3582 niam
2208 3531 2418 3584 morior
2451 3545 2586 3601 ego;
2633 3546 2808 3601 neque
2839 3533 3160 3594 coneidatis.
3197 3538 3456 3606 quoniam
3505 3555 3596 3596 re-

2019 3621 2208 3691 linquo
2237 3637 2354 3677 vos.
2395 3622 2698 3692 Resurgam
2730 3625 2873 3677 enim
2914 3626 2966 3678 in
3017 3627 3196 3680 medio
3223 3632 3418 3698 vestri,
3451 3635 3597 3689 velut

2016 3714 2126 3768 dux
2191 3713 2246 3766 in
2308 3715 2486 3767 medio
2549 3714 2786 3768 ﬁliorum
2847 3731 3110 3784 suorum,
3171 3729 3224 3774 et
3273 3722 3592 3782 lmtabor'in

2017 3803 2195 3857 medio
2237 3803 2414 3857 tribus
2464 3819 2615 3870 mere,
2673 3813 2940 3873 quotquot
2991 3808 3372 3865 custodierunt
3421 3813 3592 3884 legem

2017 3895 2255 3961 Domini,
2307 3904 2360 3950 et
2388 3895 2639 3951 mandata
2671 3896 2915 3952 Zabulon
2954 3901 3121 3968 patris
3162 3917 3374 3958 eorum.
3419 3904 3595 3977 Super

2017 3988 2215 4058 impios
2241 4002 2370 4042 vero
2401 3988 2622 4043 inducet
2658 3988 2925 4045 Dominus
2980 3991 3158 4061 ignem
3203 4004 3488 4064 aeternum,
3540 4009 3594 4054 et

2015 4081 2199 4148 perdet
2223 4095 2317 4133 eos
2348 4095 2521 4150 usque
2552 4081 2606 4135 in
2639 4082 3041 4151 generationes.
3075 4081 3189 4154 Ego
3239 4086 3291 4139 in
3347 4091 3589 4159 requiem

2015 4185 2189 4224 meam
2221 4169 2496 4241 confugio,
2523 4172 2663 4226 sicut
2689 4182 2872 4242 patres
2896 4175 3000 4229 mei
3032 4195 3044 4229 :
3071 4192 3167 4230 \os
3195 4187 3375 4233 autem
3404 4181 3591 4238 timete

2013 4261 2303 4314 Dominum
2339 4261 2504 4317 Deum
2534 4273 2801 4332 vestrum,
2832 4267 2884 4319 in
2915 4268 3062 4320 omni
3095 4266 3432 4340 fortitudine,
3472 4289 3591 4328 om-

2015 4350 2176 4406 nibus
2216 4351 2406 4408 diebus
2452 4353 2575 4407 vitae
2617 4361 2826 4409 vestrm.
2862 4373 2879 4406 ι
2922 4355 2989 4410 Et
3033 4373 3155 4412 cum
3190 4360 3304 4415 haec
3339 4363 3586 4432 dixisset,

331 4435 427 4488 καὶ
457 4435 660 4506 ἔθηκαν
684 4435 844 4488 αὑτὸν
875 4437 926 4488 οἱ
961 4437 1066 4488 υἱοὶ
1095 4435 1257 4489 αὑτοῦ
1291 4437 1349 4488 ἐν
1377 4435 1517 4506 θήκῃ
1542 4452 1555 4465 °
1593 4435 1816 4506 ὕστερον
1846 4437 1904 4490 δὲ

2028 4445 2265 4500 lormivit
2287 4461 2481 4500 somno
2509 4447 2674 4510 bono,
2703 4457 2756 4502 ct
2780 4461 3080 4519 posuerunt
3102 4468 3224 4506 eum
3263 4453 3354 4507 ﬁlii
3388 4457 3507 4526 ejus
3533 4459 3586 4512 in

329 4527 694 4596 ἀναγαγόντες
726 4528 887 4582 αὐτὸν
910 4531 989 4593 εἰς
1013 4528 1258 4598 Χεϐρὼν,
1282 4528 1482 4599 ἔθαψαν
1509 4529 1647 4600 μετά
1669 4529 1778 4583 τῶν
1803 4547 1908 4583 πα-

327 4622 501 4692 τέρων
532 4621 715 4676 αὑτοῦ.

877 4735 1268 4788 ΚΕΦΑΛΑῘΟΝ
1301 4738 1372 4790 Z'.

496 4823 751 4890 Διαθήκη
779 4825 916 4887 Δὰν,
940 4824 1072 4891 περὶ
1107 4825 1294 4893 θυμοῦ
1321 4827 1416 4879 καὶ
1443 4825 1727 4894 ψεύδους.

402 4919 477 4968 A'.
528 4916 882 4988 Ἀντίγραφον
913 4915 1087 4986 λόγων
1118 4917 1243 4982 Δάν,
1271 4912 1345 4971 ὧν
1369 4915 1486 4971 εἷπε
1509 4921 1620 4982 τοῖς
1648 4919 1781 4982 υἱοῖς
1806 4919 1902 4970 αύ-

326 5007 422 5059 τοῦ
457 5008 544 5060 ἐπ’
579 5009 821 5078 ἐσχάτων
851 5009 960 5062 τῶν
993 5009 1216 5082 ἡμερῶν
1257 5010 1441 5063 αὑτοῦ.
1487 5009 1791 5080 Ἑκατοστῷ
1823 5011 1902 5062 εξ-

327 5098 506 5169 κοστῷ
539 5099 772 5172 πέμπτῳ
805 5101 912 5156 έτει
948 5102 1047 5173 τῆς
1094 5101 1238 5172 ζωῆς
1282 5102 1445 5156 αὐτοῦ
1467 5142 1480 5166 ,
1531 5102 1762 5166 καλέσας
1804 5102 1904 5173 τὴν

329 5212 556 5293 Visinne
604 5215 738 5293 tt,_§
771 5217 824 5280 5,
875 5217 974 5293 his
1002 5218 1235 5293 verbis__:_
1259 5234 1278 5267 ‹
1310 5217 1389 5270 Tu
1426 5224 1630 5278 autem,
1678 5215 1900 5293 llerma,

330 5284 439 5356 noli
471 5284 786 5356 meminisse
816 5288 1139 5356 injuriarum
1165 5288 1400 5342 ﬁliorum
1433 5297 1671 5342 tuorum.
1693 5287 1904 5339 Meum-

330 5355 410 5408 ria
440 5355 586 5409 enim
615 5355 938 5425 injuriarum
968 5368 1196 5413 mortem
1232 5373 1506 5427 operatur,
1543 5358 1748 5411 oblivio
1771 5373 1900 5411 vero

327 5441 517 5478 earum
553 5427 720 5481 vitam
763 5428 1249 5483 aeternam.»Guan.

400 5494 510 5570 (65)
537 5496 867 5570 ΔΤιζοατιίςγρνει.
901 5499 1010 5551 Καὶ
1036 5499 1136 5570 τὴν
1171 5497 1402 5570 ὓπαρξιν
1443 5498 1719 5569 ἀφανίζει,
1753 5501 1903 5556 addit

328 5563 499 5620 cedes
527 5563 704 5622 Oxon.
747 5567 827 5625 lo.

403 5637 516 5702 (56)
556 5635 630 5691 Τὰ
652 5638 857 5693 ὕδατα.
909 5640 1028 5692 Ἐπί
1055 5641 1180 5693 add.
1210 5641 1287 5694 In.

397 5707 511 5778 (67)
543 5708 894 5779 Κατασύρει.
922 5712 1251 5781 Καταφέρει.
1278 5711 1353 5765 In.

611 5806 881 5870 PnuOL.
939 5806 1055 5866 Gn.
1113 5805 1192 5864 ll.

2012 4531 2200 4598 theca;
2234 4542 2420 4601 postea
2444 4551 2576 4588 vero
2604 4539 2925 4594 reducentes
2955 4556 3079 4595 eum
3121 4543 3176 4596 iu
3221 4541 3462 4612 Hebron,
3495 4563 3586 4603 εει

2009 4625 2276 4692 pelieruut
2315 4643 2438 4680 eum
2472 4631 2718 4698 patribus
2741 4631 2879 4700 ejus.

2581 4745 2813 4800 CAPUT
2855 4746 2965 4801 VII.

2210 4830 2600 4888 Testamentum
2635 4836 2774 4900 Dan,
2812 4839 2875 4891 de
2902 4840 2984 4892 ira
3011 4849 3060 4893 et
3090 4843 3382 4900 mendacia.

2076 4920 2119 4974 Ι.
2150 4920 2563 4994 Transcriptnm
2596 4930 2886 4983 verborum
2924 4931 3060 4996 Dan,
3099 4950 3220 5003 quae
3267 4937 3406 4992 dixit
3460 4940 3585 4996 ﬁliis

2007 5014 2121 5069 suis
2168 5015 2222 5068 in
2281 5017 2487 5072 ultimis
2535 5019 2726 5076 diebus
2777 5023 2914 5078 suis.
2966 5024 3278 5082 Ceutesimo
3326 5013 3586 5088 vicesimo

2007 5108 2197 5176 quinto
2225 5123 2371 5163 anno
2394 5110 2521 5166 vitae
2549 5127 2663 5166 sum
2691 5130 2892 5170 vocans
2932 5119 3136 5173 tribum
3187 5136 3364 5189 suam,
3397 5123 3535 5179 dixit
3568 5141 3580 5176 :

2227 5222 2493 5300 Zagrum.
2533 5227 2906 5300 Ἰερουσαλήμ.
2941 5232 3016 5288 lo.

2220 5295 2572 5370 Kadla’so'de.
2601 5293 3017 5370 Κακωθήσεσθε.
3046 5303 3120 5357 lo.

2077 5363 2528 5442 (Y9)_'A_r_are.1&[
2552 5369 2695 5442 ὑμῖν
2717 5363 2900 5436 αὐτὸς
2933 5377 2964 5426 ό
2990 5377 3222 5442 Κύριος,
3247 5387 3350 5433 etc.
3377 5379 3581 5434 Alludit

2005 5433 2068 5487 ad
2107 5433 2385 5489 Malaehim
2409 5453 2480 5500 Iv,
2501 5439 2554 5500 2.
2585 5433 2658 5492 in.

2077 5503 2658 5588 (7))Κιιὶλίισιᾳ...Σ
2709 5513 3105 5588 Ἰερουσαλὴμ
3164 5519 3349 5588 ὄνομα
3397 5521 3574 5587 αὐτῷ.

2006 5574 2488 5664 Καὶσέπιστρέᾶετε
2600 5581 2695 5664 τῆς
2727 5574 2828 5664 vi};
2853 5586 3024 5664 ὑμῶν,
3043 5574 3136 5664 ἧι
3159 5574 3352 5664 ὄψεσθε
3376 5574 3580 5664 Κύριδν

2006 5646 2063 5726 ἰν
2113 5643 2464 5726 Ἰερουσαλὴμ
2507 5649 2610 5726 διὰ.
2639 5643 2699 5706 τὸ
2738 5643 2914 5726 δύομα
2958 5643 3143 5722 aii-:06,
3199 5643 3576 5717 habet

2005 5712 2385 5769 Oxonfmulto
2407 5712 2703 5778 concisius.
2741 5724 2814 5777 lo.

3184 5825 3262 5883 3'5
