3944 6146
437 254 459 306 1
470 252 573 306 099

1403 249 1861 307 TEs'rAMEN'rA
1916 251 2007 307 xu
2069 208 2691 319 currumcurrum.
2717 212 2732 239 ’⁷

3527 271 3656 326 “00

439 387 462 423 ι
490 369 706 430 Audite,
765 369 860 424 tllii
886 367 1021 433 Dan,
1059 384 1337 426 sermones
1367 387 1538 436 meos,
1584 373 1843 428 attendite
1876 387 1985 424 ver-

2100 375 2330 446 πατριάν
2362 377 2543 442 αὐτοῦ,
2801 398 2817 427 ι
2871 357 3179 444 Ἀκούσατε,
3210 383 3314 435 υἱοὶ
3345 383 3471 450 Δάν,
3498 385 3662 455 λόγων

430 460 518 524 bis
547 461 658 515 oris
692 461 862 529 patris
894 460 1078 517 vestri.
1111 461 1340 516 Probavi
1387 463 1440 516 in
1479 464 1642 518 corde
1687 479 1809 518 meo
1854 473 1909 517 ct
1941 463 1993 516 in

408 554 582 607 'omni
619 554 725 606 vita
770 568 912 614 mea,
943 554 1089 622 quod
1122 569 1209 608 res
1257 555 1399 608 bona
1436 564 1519 609 est
1561 563 1616 608 et
1665 553 1775 608 Deo
1819 563 1992 623 grata,

429 646 632 702 veritas
658 662 780 700 cum
808 647 953 716 justa
982 646 1224 713 actione;
1262 655 1316 701 et
1345 648 1492 716 quod
1518 649 1884 717 perniciosum
1911 656 1995 702 est

429 739 798 800 mendacium,
824 749 877 792 et
906 740 1005 801 ira,
1036 739 1293 807 quoniam
1334 754 1551 794 omnem
1597 740 1858 794 malitiam
1891 740 1992 793 ho-

428 830 631 884 minem
683 831 928 884 edocent.
983 830 1263 884 Conﬁteor
1287 829 1443 885 vobis
1493 830 1676 897 hodie,
1725 831 1820 885 lilii
1859 831 1988 896 mei,

428 922 575 991 quod
620 923 673 975 in
716 925 878 976 corde
908 937 1028 975 meo
1069 922 1280 976 laetatus
1313 937 1434 975 sum
1465 922 1533 976 de
1562 933 1736 976 morte
1763 920 1984 991 Joseph,

427 1015 527 1068 viri
559 1015 772 1067 veracis
800 1023 851 1067 et
884 1014 1030 1078 boni,
1057 1023 1111 1068 et
1141 1013 1439 1083 gaudebam
1478 1013 1532 1067 in
1560 1014 1868 1068 venditione
1894 1012 1989 1068 Jo-

430 1105 581 1174 seph,
606 1106 862 1175 quoniam
897 1120 1061 1173 supra
1092 1121 1192 1159 nos
1224 1112 1378 1174 pater
1405 1119 1528 1158 eum
1559 1105 1834 1175 diligebat.
1869 1104 1992 1175 Spi-

429 1198 566 1252 ritus
595 1199 741 1252 enim
788 1197 883 1250 zeli
920 1207 973 1250 ct
1016 1197 1267 1252 elationis
1313 1197 1449 1251 dixit
1477 1197 1653 1252 mihi:
1700 1217 1719 1248 ι
1754 1196 1821 1251 Ει
1851 1205 1905 1251 ιιι
1931 1212 1990 1252 es

430 1290 571 1345 filius
602 1291 738 1359 ejus.
782 1310 800 1342 ι
844 1289 908 1344 Ει
947 1306 1088 1344 unus
1117 1290 1407 1360 spirituum
1451 1289 1626 1343 Beliar
1664 1289 1992 1358 cooperaba-

427 1392 516 1436 tur
544 1383 698 1445 mihi,
744 1383 932 1436 dicens
963 1399 974 1433 :
1014 1401 1031 1433 ‹
1066 1381 1264 1450 Accipe
1295 1381 1533 1451 gladium
1582 1381 1748 1449 hunc,
1779 1391 1832 1436 et
1865 1397 1988 1436 cum

425 1489 492 1529 eo
520 1475 705 1529 occide
731 1472 928 1544 Ioseph
953 1492 968 1541 ;
996 1484 1049 1528 et
1077 1475 1265 1544 diliget
1297 1483 1346 1528 te
1395 1485 1548 1543 pater
1577 1483 1722 1540 tuus,
1773 1484 1990 1530 mortuo

2100 484 2238 536 μου,
2300 451 2620 538 προσέχετεέ
2645 451 2857 542 ῥήμασι
2916 473 3178 542 πόματος
3226 477 3432 546 πατρὸς
3494 451 3674 549 ὑμιῦν.

2112 558 2404 629 Ἐπείρασα
2435 560 2492 612 ὲν
2527 561 2724 631 καρδίᾳ
2758 578 2881 631 μου,
2909 563 3002 614 καὶ
3035 563 3093 616 ὲν
3129 563 3276 638 πάσῃ
3308 568 3374 637 τῇ
3400 565 3514 639 ζωῇ
3543 585 3672 639 μου,

2093 649 2174 701 ὅτι
2201 649 2362 703 καλὸν
2388 653 2480 703 καὶ
2512 650 2630 721 Θεῷ
2662 653 2972 722 εὐάρεστον,
2997 656 3030 723 ἡ
3060 653 3283 726 ἀλήθεια
3311 656 3449 726 μετὰ
3469 659 3595 712 δικα
3614 678 3677 712 ιο-

2094 742 2364 812 πραγίαςο
2401 744 2495 796 καὶ
2527 743 2607 796 ὅτι
2654 744 2888 816 πονηρὸν
2929 745 2991 797 rb
3021 745 3240 814 ψεῦδος,
3276 749 3370 802 καὶ
3412 753 3442 804 6
3476 751 3617 822 θυμδ
3632 770 3678 814 ς,

2094 831 2175 886 ὅτι
2208 835 2386 887 πᾶσαν
2409 835 2608 889 κακίαν
2639 835 2939 907 ἀνθρώπων
2964 837 3265 893 ὲκδιδάσκει
3293 841 3423 912 (72).
3459 843 3671 915 Ὁμολο-

2095 926 2176 994 γῶ
2200 928 2436 998 σήμερον
2461 929 2607 999 ὑμῖν,
2632 928 2796 982 τέκνα
2830 947 2953 1001 μου,
2979 931 3060 984 ὅτι
3093 932 3152 984 ὲν
3177 932 3373 1004 καρδίᾳ
3389 934 3508 1004 ίμου
3548 936 3671 1005 ἡδύ--

2097 1037 2203 1091 μην
2239 1021 2366 1090 περὶ
2397 1020 2490 1072 τοῦ
2525 1019 2750 1073 θανάτου
2791 1021 3018 1092 Ἰωσὴφ,
3058 1022 3152 1075 τοῦ
3196 1023 3386 1095 ἀνδρὸς
3407 1023 3501 1077 τοῦ
3537 1027 3674 1094 ἀγα-

2093 1110 2185 1163 θοῦ
2211 1112 2302 1164 καὶ
2325 1111 2601 1183 ἀληθινοῦ,
2637 1114 2730 1166 καὶ
2752 1113 2967 1185 ἔχαιρον
2999 1115 3091 1167 ἐπὶ
3122 1116 3187 1186 τῇ
3222 1117 3419 1186 πράσει
3446 1115 3669 1190 Ἰωσὴφ,

2092 1202 2172 1255 ὅτι
2211 1204 2349 1274 ὑπὲρ
2380 1205 2528 1274 ἡμᾶς
2559 1207 2587 1258 6
2611 1205 2794 1277 πατὴρ
2812 1205 2973 1259 αὑτὸν
2998 1207 3205 1275 ἠγάπα.
3231 1209 3303 1261 Τὸ
3324 1210 3433 1282 γὰρ
3449 1209 3669 1281 πνεῦμα

2089 1291 2184 1344 τοῦ
2217 1292 2378 1365 ζήλου
2411 1296 2503 1347 καὶ
2548 1295 2649 1364 τῆς
2681 1295 2993 1360 ἀλαζονείας
3037 1297 3190 1367 ἔλεγέ
3242 1317 3362 1370 μοι·
3397 1321 3415 1353 ι
3458 1303 3566 1355 Καί
3604 1321 3666 1371 γε

2093 1386 2157 1438 σὺ
2198 1386 2312 1450 υίὸς
2343 1387 2525 1440 αὐτοῦ.
2561 1407 2579 1439 ι
2611 1391 2721 1442 Καὶ
2755 1389 2813 1443 ἓν
2851 1390 2958 1443 τῶν
2983 1391 3308 1463 πνευμάτων
3339 1393 3432 1446 τοῦ
3471 1395 3666 1467 Βελιάρ

2093 1480 2352 1549 συνήργει
2390 1496 2476 1549 μοι
2501 1520 2516 1543 ,
2551 1479 2738 1550 λέγονο
2770 1501 2788 1533 ι
2814 1483 2958 1536 Λαόὲ
2991 1484 3052 1536 rb
3075 1484 3224 1553 ξίφος
3255 1484 3438 1550 τοῦτο,
3483 1492 3575 1542 καὶ
3606 1491 3664 1541 ἐν

425 1580 509 1620 eo.
545 1585 564 1617 ι
598 1563 696 1619 Hic
733 1573 816 1620 est
846 1565 1070 1634 spiritus
1107 1565 1232 1630 irae,
1280 1565 1514 1620 suadens
1550 1565 1706 1630 mihi,
1753 1571 1815 1619 ut
1849 1567 1985 1622 sicut

2091 1571 2236 1642 αὐτῷ
2281 1571 2435 1625 ἄνελε
2484 1573 2574 1626 τὸν
2613 1573 2842 1645 Ἰωσὴφ,
2877 1575 2967 1628 καὶ
2998 1577 3274 1648 ἀγαπήσει
3322 1594 3381 1630 σε
3419 1579 3448 1630 6
3480 1582 3663 1651 πατήρ

424 1658 665 1728 pardalis
685 1657 909 1713 devo’rat
933 1658 1174 1722 ha‘dum,
1207 1657 1282 1712 ita
1307 1658 1621 1712 devorarem
1645 1657 1864 1728 Joseph.
1883 1658 1985 1714 Sed

2094 1681 2208 1726 σου,
2243 1664 2604 1730 ἀποθανόντος
2627 1666 2811 1720 αὑτοῦ.
2846 1687 2864 1719 ι
2893 1668 3066 1722 Τοῦτό
3096 1670 3213 1721 ἐστι
3241 1670 3302 1723 rb
3334 1671 3551 1741 πνεῦμα
3569 1673 3660 1725 τοῦ

425 1751 569 1806 Deus
591 1749 760 1806 Iacob
780 1749 951 1820 patris
985 1750 1090 1804 mei
1123 1765 1233 1804 non
1273 1750 1503 1805 immisit
1531 1765 1656 1804 eum
1699 1750 1753 1804 in
1795 1767 1985 1806 manus

2094 1756 2266 1826 θυμοῦ
2289 1797 2304 1820 ,
2344 1759 2404 1811 rb
2430 1759 2613 1814 πεῖθόν
2650 1778 2746 1832 με,
2774 1763 2862 1816 ἵνα
2884 1762 2960 1827 ὡς
2993 1763 3259 1835 πάρδαλις
3292 1765 3520 1837 ὲκμύζει
3548 1769 3662 1839 ἔρι-

425 1859 595 1909 meas,
644 1851 708 1896 nt
747 1841 1048 1896 invenirem
1079 1856 1205 1896 eum
1255 1842 1470 1910 solum;
1524 1857 1702 1912 neque
1747 1845 1993 1912 permisit

424 1935 762 2004 iniquitatem
793 1934 937 1990 hanc
972 1933 1173 2001 facere,
1204 1944 1266 1991 ut
1293 1935 1407 2007 (75)
1431 1937 1714 1994 solvantur
1740 1937 1849 1994 duo
1875 1953 1992 1994 sce-

423 2034 543 2094 ptra
575 2024 629 2078 in
658 2022 843 2080 Israel.

491 2183 558 2239 ll.
588 2202 608 2236 ι
637 2183 704 2238 Ει
733 2198 898 2248 nunc,
933 2182 1028 2238 filii
1063 2184 1193 2251 mei,
1217 2199 1316 2255 ego
1346 2185 1572 2253 morior,
1603 2195 1658 2241 et
1685 2187 1740 2241 in
1763 2187 1989 2242 veritate

421 2277 545 2331 dico
572 2276 750 2342 vobis,
787 2275 932 2346 quod
980 2276 1024 2330 si
1074 2291 1182 2329 non
1215 2275 1537 2332 custodiatis
1565 2279 1926 2348 vosmetipsos
1957 2293 1988 2333 a

421 2366 616 2436 spiritu
670 2366 940 2421 mendacii
991 2376 1044 2421 et
1095 2368 1210 2432 irae,
1241 2377 1297 2422 et
1339 2367 1576 2437 diligatis
1625 2369 1905 2424 veritatem
1937 2380 1990 2425 et

421 2458 910 2528 longanimitatcm,
934 2457 1288 2528 disperibitis.
1318 2459 1548 2516 Caecitas
1574 2470 1657 2517 est
1677 2462 1732 2517 in
1759 2463 1859 2530 ira,
1893 2463 1988 2517 lilii

422 2548 550 2613 mei,
598 2555 653 2602 et
682 2561 841 2602 nemo
887 2547 1184 2603 iracundus
1222 2548 1369 2603 videt
1411 2548 1603 2605 faciem
1635 2552 1690 2606 in
1721 2553 1984 2620 veritate;

420 2641 680 2714 quoniam
717 2655 811 2699 seu
838 2649 1011 2708 pater,
1043 2641 1157 2694 sive
1192 2653 1363 2696 mater
1391 2643 1495 2709 sit,
1539 2652 1599 2698 ut
1631 2644 1878 2700 hostibus
1901 2659 1984 2701 at-

417 2736 592 2791 tendit
613 2735 726 2802 cis;
767 2737 813 2790 si
836 2731 910 2791 sit
932 2729 1120 2796 frater,
1143 2747 1252 2786 non
1280 2732 1461 2800 novit;
1505 2734 1552 2788 si
1593 2736 1849 2806 propheta
1881 2736 1988 2792 Do-

419 2827 576 2892 mini,
614 2841 724 2880 non
755 2826 975 2895 obedit;
1013 2829 1060 2883 si
1093 2829 1297 2898 justus,
1322 2839 1427 2878 nou
1497 2825 1719 2894 aSpicit;
1751 2828 1985 2882 amicum

419 2932 530 2972 non
576 2917 875 2986 cognoscit.
925 2917 1303 2989 Circumponit
1347 2913 1499 2976 enim
1539 2915 1590 2968 ei
1634 2916 1860 2984 spiritus
1897 2917 1986 2974 irae

421 3009 557 3063 retia
585 3009 810 3075 erroris,
842 3018 896 3063 et
923 3014 1159 3066 excaecat
1194 3011 1472 3067 naturales
1508 3007 1698 3068 oculos
1741 3009 1882 3080 ejus,
1932 3021 1984 3066 et

420 3115 513 3168 per
546 3100 888 3155 mendacium
914 3101 1233 3157 obtenebrat
1287 3113 1524 3158 mentem
1568 3103 1710 3173 ejus,
1759 3113 1814 3158 et
1859 3118 1987 3173 pro-

419 3194 592 3262 priam
620 3195 887 3249 visionem
915 3195 1106 3250 tribuit
1141 3197 1211 3251 ei.
1237 3194 1294 3250 In
1326 3212 1436 3266 quo
1463 3205 1642 3252 autem
1674 3196 1987 3266 circumpo-

418 3283 499 3338 nit
527 3284 717 3340 oculos
764 3284 924 3354 ejus?
963 3283 1020 3339 ln
1051 3286 1178 3341 odio
1206 3288 1408 3350 cordis,
1446 3295 1500 3343 et
1537 3289 1631 3343 dat
1655 3289 1704 3343 ei
1736 3303 1833 3343 cur
1863 3303 1988 3358 pro-

417 3371 595 3442 prium
629 3372 890 3429 adversus
913 3372 1132 3430 fratrem
1169 3376 1222 3430 in
1247 3376 1526 3431 invidiam.

486 3645 574 3702 Ill.
612 3666 630 3698 ‹
667 3645 979 3703 Perniciosa
1026 3658 1111 3704 est
1161 3649 1276 3716 ira,
1315 3655 1416 3711 ﬁlii
1454 3652 1593 3720 mei;
1639 3655 1837 3709 etenim
1878 3656 1982 3726 ipsi

416 3739 612 3793 anima:
641 3738 758 3807 ipsa
813 3740 874 3793 fit
917 3740 1133 3807 anima;
1167 3750 1222 3796 et
1250 3758 1448 3813 corpus
1480 3745 1701 3816 quidem
1733 3747 1982 3805 iracundi

414 3829 694 3898 proprium
735 3827 838 3884 sibi
878 3827 1045 3895 facit,
1083 3831 1280 3886 animae
1328 3842 1510 3889 autem
1554 3835 1888 3907 dominatur,
1929 3847 1984 3894 et

413 3919 607 3975 tribuit
654 3921 870 3990 corpori
917 3922 1215 3991 potentiam
1246 3926 1545 3994 propriam,
1580 3937 1641 3981 ut
1668 3927 1834 3984 faciat
1870 3945 1983 3986 om-

417 4026 543 4066 nem
572 4011 949 4081 iniquitatem;
979 4021 1180 4069 etcum
1207 4013 1320 4084 jam
1345 4026 1564 4085 operata
1595 4017 1758 4075 fuerit
1777 4020 1980 4090 anima,

413 4097 677 4172 justiﬁeat
706 4102 851 4172 quod
885 4113 1168 4173 operatum
1209 4114 1314 4170 est,
1346 4105 1474 4176 quia
1496 4124 1607 4163 non
1645 4108 1812 4166 videt.
1842 4109 2008 4168 Pro?

415 4204 533 4264 pter
563 4194 666 4251 hoc
695 4195 792 4266 qui
817 4195 991 4252 iratus
1022 4185 1128 4265 est,
1177 4199 1225 4253 si
1259 4199 1480 4269 quidem
1529 4201 1600 4258 sit
1641 4213 1854 4273 potens,
1883 4206 1982 4260 tri-

416 4284 609 4355 plicem
659 4286 821 4343 habet
858 4288 1161 4358 potentiam
1191 4290 1248 4345 in
1278 4291 1362 4346 ira
1390 4307 1404 4344 :
1443 4309 1607 4348 unam
1637 4295 1856 4365 quidem
1883 4313 1981 4369 per

2091 4284 2174 4388 μιν
2208 4284 2274 4371 ἐν.
2298 4318 2376 4390 τῷ
2400 4284 2565 4390 θυμῷ
2583 4284 2621 4350 ο.
2652 4284 2783 4391 μίαν

414 4379 714 4448 potentiam
759 4388 815 4434 et
861 4379 1126 4436 auxilium
1163 4381 1628 4454 ministrantium;
1681 4389 1975 4446 secundam
2009 4381 2057 4438 Β

415 4479 595 4522 autem
639 4485 736 4540 per
763 4469 1013 4538 divitias,
1047 4472 1381 4540 persuadens
1421 4484 1477 4530 et
1505 4477 1728 4535 vincens
1757 4481 1810 4533 in
1847 4480 1983 4551 inju-

415 4562 593 4630 stitia;
645 4563 857 4618 tertiam
912 4565 1216 4620 naturalem
1263 4567 1470 4622 habens
1501 4573 1770 4641 corporis,
1801 4581 1858 4628 et
1886 4589 1982 4644 per

415 4653 656 4722 seipsum
706 4668 939 4724 operans
979 4657 1205 4710 malum.
1243 4653 1300 4710 Si
1330 4667 1509 4711 autem
1541 4660 1737 4717 debilis
1768 4664 1840 4718 sit
1885 4665 1982 4732 qui

416 4745 688 4808 irascitur,
734 4745 1003 4832 duplicem
1037 4747 1199 4802 habet
1240 4758 1563 4816 potestatem
1585 4794 1600 4819 ,
1628 4767 1822 4824 praeter
1858 4772 1980 4812 eam

413 4852 534 4906 quae
555 4845 639 4894 est
661 4847 904 4904 naturae;
934 4839 1156 4908 adjuvat
1177 4840 1322 4894 enim
1350 4840 1430 4895 eis
1463 4841 1540 4895 ira
1572 4858 1784 4916 semper
1807 4847 1860 4900 in
1881 4847 1980 4902 ini-

482 4988 595 5059 (72)
625 4991 838 5068 nydg,
873 4995 961 5068 ὅτι
993 4995 1198 5051 πᾶσαν
1229 4999 1443 5053 κακίαν
1472 5001 1794 5068 ἀνθρώπων
1825 5003 1980 5062 ἐκδι-

409 5058 649 5142 δάσκει..
669 5058 1278 5142 Θύμδςιπᾶσαν-κακίαν
1303 5058 1626 5142 ἐκδιδάσκει,
1651 5058 1976 5142 omissobrt,

409 5141 462 5184 et
484 5129 804 5216 ἀχ-θριξιτπων,
829 5133 1145 5216 sivepotius
1171 5137 1468 5216 ἄνθρωπον.
1498 5129 1663 5216 Gaia.

484 5200 598 5271 (75)
630 5200 1056 5289 l'l't..fvc,poti_tls
1093 5200 1376 5289 legendum
1409 5208 1563 5289 juxta
1603 5210 1776 5289 Graec.
1801 5214 1975 5289 Oxon.

411 5267 597 5354 Ini-‘7'
642 5270 777 5354 [inic-
805 5267 932 5354 loe'o
980 5276 1067 5354 lux}
1099 5267 1505 5354 ali‘unditnrﬁn
1547 5267 1980 5354 neganti—Cie;

410 5341 610 5462 glﬁiiﬁS
646 5340 804 5398 Rom.
838 5342 1006 5414 Epist.
1043 5344 1094 5409 Ι,
1127 5362 1247 5418 cap.
1281 5349 1368 5400 51.
1395 5346 1608 5402 Patrol.
1633 5352 1726 5409 Gr.
1751 5340 1838 5410 t.rl
1872 5340 1973 5414 col.

409 5478 596 5604 angi)
623 5482 858 5536 Λυθῶσι
888 5483 998 5538 δύο
1029 5485 1304 5556 σκῆπτρα
1336 5491 1406 5543 ἐν
1441 5491 1704 5562 Ἰσραήλ.
1739 5496 1830 5569 Μή
1850 5499 1974 5554 add.

484 5618 626 5688 (76")
653 5621 793 5685 Quid
847 5633 930 5679 est
980 5625 1082 5681 hoc
1119 5627 1259 5696 ὁρῶν
1292 5630 1617 5704 πρόσωπον,
1654 5638 1832 5694 ridens
1886 5643 1959 5714 [a-

2042 1871 2051 1881 -
2093 1849 2401 1918 φον,οὖτως
2421 1849 2713 1924 ὲκμυζήσω
2726 1855 2816 1908 τὸν
2847 1855 3062 1925 Ἰωσήφ.
3096 1857 3234 1910 Ἀλλ’
3257 1859 3286 1910 ὁ
3304 1858 3436 1922 Θεὸς
3473 1861 3663 1916 Ἰακὼϐ

2090 1939 2184 1992 τοῦ
2223 1941 2428 2012 πατρός
2464 1960 2564 2012 μου
2604 1944 2703 1996 οὐκ
2737 1946 2989 2000 ἐνέϐαλεν
3023 1949 3185 2002 αὐτὸν
3209 1950 3291 2014 εἰς
3333 1949 3433 2012 τὰς
3475 1951 3662 2022 χεῖράς

2095 2045 2214 2098 μου,
2237 2030 2322 2083 ἵνα
2339 2029 2483 2102 εὕρω
2504 2032 2664 2086 αὐτὸν
2693 2034 2869 2104 μόνον’
2891 2036 3011 2088 οὐδὲ
3032 2037 3179 2090 εῐασε
3201 2036 3359 2092 τοῦτο
3375 2039 3435 2092 rb
3453 2039 3662 2110 ἀνομη-

2094 2137 2168 2190 μα
2191 2121 2434 2188 ποιῆσαι,
2457 2123 2544 2176 ἵνα
2575 2124 2776 2178 λυθῶσι
2806 2125 2899 2179 δύο
2931 2127 3183 2199 σκῆπτρα
3215 2130 3273 2183 ὲν
3290 2129 3502 2203 Ἰσραήλ
3527 2132 3660 2201 (74).

2158 2212 2235 2266 B'.
2267 2231 2286 2263 ι
2318 2215 2425 2268 Καὶ
2457 2213 2572 2279 νῦν,
2606 2215 2770 2269 τέκνα
2796 2235 2917 2288 μου,
2953 2217 3064 2288 ἐγὼ
3096 2219 3442 2293 ἀποθνήσκω,
3478 2225 3574 2276 καὶ
3605 2225 3663 2276 ὲν

2089 2305 2490 2378 ἀληθείαλέγω
2546 2310 2706 2380 ὑμῖν,
2753 2312 2834 2363 ὅτι
2881 2311 2977 2366 ἐὰν
3013 2313 3086 2384 μὴ
3127 2314 3397 2386 φυλάξητε
3437 2318 3663 2382 ἑαυτοὺς

2089 2397 2196 2451 ἀπὸ
2230 2397 2324 2451 τοῦ
2370 2399 2676 2470 πνεύματος
2709 2401 2804 2455 τοῦ
2832 2403 3062 2472 ψεύδους
3090 2407 3184 2460 καὶ
3208 2407 3302 2461 τοῦ
3331 2408 3535 2480 θυμοῦ,
3570 2411 3663 2464 καὶ

2088 2490 2409 2562 ἀγαπήσητε
2432 2491 2532 2562 τὴν
2555 2491 2809 2563 ἀλήθειαν
2839 2495 2934 2547 καὶ
2963 2494 3062 2567 τήν
3096 2497 3500 2569 μακροθυμίαν,
3537 2500 3666 2552 ἀπο-

2087 2581 2282 2634 λεῖσθε.
2309 2582 2593 2652 Τύφλωσίς
2622 2586 2768 2637 ἐστιν
2805 2587 2863 2638 ἐν
2886 2585 2964 2656 τῷ
2987 2586 3144 2659 θυμῷ
3165 2628 3180 2652 ,
3213 2589 3382 2642 τέκνα
3411 2607 3534 2661 μου,
3569 2593 3662 2645 καὶ

2087 2671 2185 2724 οὐκ
2200 2671 2310 2725 ἔστι
2331 2690 2415 2736 τις
2433 2673 2683 2744 θυμώδης
2701 2675 2843 2746 ὀρῶν
2863 2677 3154 2747 πρόσωπον
3172 2678 3307 2749 (76')
3327 2680 3386 2731 ἐν
3411 2680 3656 2753 ἀληθεία·

2088 2762 2169 2815 ὃτι
2191 2761 2294 2815 κᾶν
2316 2764 2497 2835 πατὴρ
2515 2803 2531 2827 ,
2551 2765 2655 2818 κᾶν
2681 2769 2860 2839 μήτηρ
2877 2767 3046 2831 ἔστὶν,
3067 2768 3143 2832 ὡς
3163 2769 3440 2841 πολεμίοις
3461 2772 3660 2844 προσέ-

2088 2874 2172 2926 χει
2207 2857 2390 2920 αὑτοῖς
2409 2873 2422 2887 ·
2454 2856 2548 2910 ἐὰν
2642 2858 2888 2928 ἀδελφὸς,
2923 2861 3024 2914 οὐκ
3055 2857 3193 2916 οἶδεν
3215 2879 3228 2892 ·
3256 2862 3351 2916 ἐὰν
3379 2869 3661 2937 προφήτης

2087 2946 2310 3018 Κυρίου,
2365 2947 2697 3019 παρακούειο
2738 2949 2833 3004 ὲάν
2871 2950 3113 3017 δίκαιος,
3146 2955 3205 3006 οὐ
3243 2955 3458 3025 βλέπει·
3511 2959 3659 3027 φίλον

2012 3047 2058 3111 c
2087 3037 2146 3089 οὐ
2180 3038 2454 3108 γνωρίζει.
2498 3039 2818 3110 Περιόάλλει
2869 3043 2979 3116 γάρ
3030 3046 3192 3099 αὑτὸν
3219 3047 3279 3099 rb
3321 3047 3537 3120 πνεῦμα
3567 3048 3658 3103 τοῦ

2089 3123 2260 3196 θυμοῦ
2293 3126 2362 3179 τὰ
2392 3126 2579 3180 δίκτυα
2608 3130 2706 3200 τῆς
2739 3131 2980 3204 πλάνης,
3011 3134 3104 3187 καὶ
3134 3135 3323 3205 τυφλοῖ
3347 3138 3473 3202 τοὺς
3502 3158 3657 3210 φυσι-

2088 3217 2216 3281 κοὺς
2247 3218 2556 3291 ὀφθαλμοὺς
2584 3221 2780 3287 αὐτοῦ,
2824 3227 2917 3278 καὶ
2949 3226 3037 3279 διά
3073 3215 3166 3280 τοῦ
3202 3228 3430 3298 ψεύδους
3478 3235 3658 3286 σκοτοῖ

2086 3309 2185 3379 τὴν
2211 3309 2445 3364 διάνοιαν
2472 3312 2656 3378 αὐτοῦ,
2685 3316 2780 3369 καὶ
2805 3317 2905 3388 τὴν
2931 3317 3066 3371 ἰδίαν
3089 3319 3278 3391 ὅρασιν
3305 3321 3537 3392 παρέχει
3560 3324 3652 3376 αὖ-

2085 3397 2182 3468 τῷ.
2221 3400 2308 3453 Ἐν
2342 3401 2448 3456 τίνι
2488 3401 2545 3457 δὲ
2587 3405 2901 3477 περιϐάλλει
2940 3410 3069 3472 τοὺς
3111 3410 3418 3482 ὀφθαλμοὺς
3455 3414 3650 3470 αὐτοῦε

2101 3491 2187 3544 Ἐν
2221 3493 2366 3562 μίσει
2397 3495 2643 3566 καρδίας,
2697 3498 2790 3550 καὶ
2832 3498 3045 3553 δίδωσιν
3077 3501 3224 3572 αὐτῷ
3257 3502 3487 3574 καρδίαν
3524 3505 3656 3558 ἰδίαν

2086 3582 2226 3636 κατὰ
2253 3584 2346 3638 τοῦ
2380 3587 2610 3657 ἀδελφοῦ
2644 3590 2724 3653 είς
2755 3589 2966 3659 φθόνον.

2165 3677 2236 3730 Γ’.
2282 3695 2302 3728 ι
2331 3679 2574 3749 Πονηρὸς
2622 3683 2650 3733 6
2702 3681 2894 3752 θυμὸς,
2934 3683 3100 3737 τέκνα
3124 3687 3358 3755 μου,καὶ
3373 3688 3482 3757 γὰρ
3523 3690 3654 3758 αὐτῇ

2083 3769 2149 3838 τῇ
2183 3767 2326 3840 ψυχῇ
2361 3770 2520 3833 αὐτὸς
2552 3772 2760 3839 γίνεται
2790 3773 2934 3844 ψυχή
2966 3775 3076 3845 (75)
3097 3792 3110 3805 '
3147 3778 3238 3829 καὶ
3267 3778 3330 3830 rb
3365 3778 3464 3849 μὲν
3502 3780 3655 3850 σῶμα

2087 3855 2418 3910 ἰδιοποιεῖται
2441 3858 2549 3929 (76)
2566 3860 2658 3912 τοῦ
2681 3861 2958 3932 θυμὼδους
2975 3903 2990 3926 ,
3011 3865 3110 3935 τῆς
3137 3866 3193 3918 δὲ
3217 3866 3395 3936 ψυχῆς
3419 3886 3656 3923 κατακυο

2087 3947 2254 4018 ριεύει
2278 3989 2292 4013 ,
2329 3949 2424 4002 καὶ
2469 3949 2699 4022 παρέχει
2730 3952 2809 4023 τῷ
2842 3953 3051 4025 σώματι
3096 3957 3324 4029 δύναμιν
3361 3959 3498 4014 ἰδίαν
3520 4001 3533 4024 ,
3572 3963 3653 4014 ἵνα

2084 4040 2284 4111 ποιήσῃ
2337 4041 2515 4096 πᾶσαν
2562 4043 2788 4114 ἀνομίαν
2813 4061 2826 4074 ·
2861 4046 2955 4098 καὶ
2987 4047 3113 4101 ὅταν
3157 4049 3337 4121 πράξῃ
3368 4051 3544 4124 ψυχὴ,
3577 4053 3652 4105 δι·-

2082 4133 2224 4184 καιοῖ
2271 4131 2331 4184 τὸ
2377 4133 2652 4204 πραχθὲν,
2705 4137 2892 4208 ἐπειδὴ
2938 4139 2998 4191 οὐ
3045 4139 3250 4210 βλέπει.
3298 4142 3398 4195 Διὰ
3439 4144 3598 4197 τοῦτο
3625 4145 3654 4197 6

2083 4223 2440 4295 θυμούμενος,
2475 4225 2570 4280 ἐὰν
2608 4227 2707 4298 μὲν
2805 4228 3046 4294 δυνατὸς,
3096 4232 3328 4303 τριπλῆν
3359 4234 3472 4304 ἔχει
3494 4237 3654 4290 δύνα-

2819 4323 2918 4393 μὲν
2951 4323 3040 4377 διὰ
3079 4325 3182 4396 τῆς
3231 4326 3513 4398 δυνάμεως
3561 4329 3653 4382 καὶ

2080 4408 2182 4479 τῆς
2215 4409 2464 4480 βοηθείας
2497 4411 2609 4483 (77)
2652 4412 2760 4467 τῶν
2809 4414 3252 4487 ὑπουργούντωνο
3303 4417 3560 4490 δευτέραν
3597 4420 3652 4472 δὲ

2081 4499 2170 4554 διά
2200 4500 2294 4554 τοῦ
2328 4502 2555 4556 πλούτου
2575 4543 2590 4566 ,
2626 4504 2980 4574 παραπείθων
3014 4507 3107 4560 καὶ
3140 4509 3303 4562 νικῶν
3356 4511 3414 4563 ὲν
3448 4510 3652 4580 άδίκῳ“

2080 4589 2268 4660 τρίτην
2299 4591 2399 4661 τὴν
2433 4592 2665 4663 φυσικὴν
2698 4591 2836 4663 ἔχων
2868 4594 2960 4648 τοῦ
2997 4594 3262 4666 σώματος,
3297 4584 3390 4650 καὶ
3423 4598 3490 4651 δι’
3523 4601 3652 4652 έαυο

2080 4680 2174 4734 τοῦ
2207 4681 2348 4752 δρῶν
2379 4684 2440 4736 τὸ
2473 4683 2658 4737 κακόν.
2696 4683 2818 4737 Ἐὰν
2841 4685 2899 4738 δὲ
2932 4686 3202 4761 ἀσθενήσῃ
3233 4689 3262 4740 6
3294 4688 3650 4762 θυμούμενος.

2080 4771 2271 4843 διπλῆν
2303 4773 2415 4843 ἔχει
2447 4775 2545 4846 τὴν
2578 4775 2804 4848 δύναμιν
2838 4777 2988 4849 παρὰ
3017 4778 3117 4848 τῆς
3163 4779 3374 4848 φύσεως
3398 4798 3411 4811 ⁸
3470 4782 3654 4854 βοηθεῐ

2081 4863 2189 4936 γὰρ
2220 4866 2403 4930 αὐτοῖς
2435 4869 2463 4921 6
2496 4868 2665 4939 θυμὸς
2697 4869 2922 4922 πάντοτε
2953 4870 3012 4924 ὲν
3036 4873 3366 4944 παρανομίᾳ.
3403 4875 3578 4929 Τοῦτο
3595 4876 3652 4929 rb

2079 5017 2254 5072 ciem?
2296 5021 2560 5099 Heliraice
2591 5025 2790 5099 dicitur
2819 5027 2995 5099 videre
3007 5028 3204 5099 faciem
3230 5046 3329 5099 pro
3361 5031 3648 5086 familiari-

2083 5100 2165 5146 ter
2196 5093 2590 5167 et__amice,_a_ut
2615 5095 2913 5167 submisse,
2949 5093 3182 5167 aliquem
3204 5093 3374 5163 adire,
3407 5103 3490 5155 vel
3525 5119 3645 5157 cum

2083 5176 2150 5215 eo
2177 5162 2435 5237 colloqui.
2473 5163 2558 5218 Cf.
2591 5173 2721 5237 text.
2753 5163 2915 5220 Hebr.
2950 5162 3081 5222 Gen.
3119 5185 3290 5232 xxxii,
3319 5162 3409 5237 ΞΠ,
3444 5182 3499 5226 et
3540 5171 3642 5228 Ge-

2081 5231 2589 5305 seniimTliesaurum
2624 5236 2696 5305 ad
2722 5250 2907 5288 vocem
2941 5245 3074 5297 Dim
3101 5249 3156 5291 n°
3183 5242 3231 5305 1,
3256 5231 3306 5294 ιι.
3346 5231 3551 5299 Diucu.

2151 5301 2395 5381 (75);“:
2423 5307 2531 5373 γάρ
2557 5303 2712 5381 αιέτῇ
2753 5305 2826 5374 τῇ
2858 5305 3030 5376 ψυχῇ
3063 5301 3247 5376 αὐτὸς
3281 5313 3504 5379 γίνεται
3531 5315 3646 5381 ψυ-

2079 5369 2157 5438 χή
2183 5371 2387 5424 omissa
2421 5369 2567 5428 sunt.
2594 5369 2763 5429 Gaia.
2794 5369 2820 5374 ”
2864 5369 2882 5376 ⁷
2944 5369 3024 5403 ¹””
3222 5369 3237 5376 ’
3288 5369 3299 5379 ’
3521 5399 3528 5406 ο

2151 5440 2263 5512 (76)
2307 5441 2709 5512 Ἰδιοποιεῖται.
2740 5445 2896 5499 Ἴδιον
2925 5451 3172 5503 ποιεῖται.
3198 5449 3274 5506 In.

2077 5511 2536 5652 'pogggaéﬁotﬁq
2561 5514 2866 5583 δυνάμεως
2901 5519 2995 5572 καὶ
3032 5519 3138 5588 τῆς
3167 5520 3476 5590 βοηθείας.
3521 5520 3646 5577 Ἀπὸ

2113 5599 2347 5651 οηυειας.
2375 5599 2448 5636 Ιιῦ.
