3944 6146
203 293 358 348 1101

1483 288 2003 345 TESTAMENTUM
2040 287 2200 343 DAN.
2282 266 2284 269 ’

3321 291 3458 348 H09

203 406 444 478 πνεῦμα
475 407 562 462 ἀεὶ
597 405 734 479 μετά
764 405 857 459 τοῦ
888 404 1111 474 ψεύδους
1144 405 1208 458 ὲκ
1231 403 1420 470 δεξιῶν
1452 404 1545 458 τοῦ
1579 407 1770 458 Σατανέ

1898 406 2123 475 quitate.
2163 403 2262 460 Hic
2289 403 2513 472 spiritus
2539 417 2754 473 semper
2780 418 2905 458 cum
2937 404 3223 460 mendacio
3260 421 3292 460 a
3320 407 3456 463 dex-

207 500 550 570 πορεύεται,
590 498 676 549 ἵνα
717 497 776 548 tv
809 493 1050 563 ὠμότητι
1083 494 1176 547 καὶ
1219 493 1402 563 ψεύδει
1448 495 1700 562 γίνωνται
1736 512 1769 548 α

1896 495 1996 549 tris
2027 492 2244 548 Satanae
2272 491 2534 558 ambulat,
2564 500 2623 546 ut
2654 494 2708 546 in
2735 493 3053 550 crudelitate
3090 504 3146 550 et
3171 497 3458 554 mendacio

204 589 450 660 πράξεις
482 586 664 641 αὐτοῦ.

287 682 363 732 A'.
402 697 419 729 ι
443 676 648 732 Οὐκοῦν
697 675 901 728 συνίετε
947 676 1044 746 τὴν
1090 675 1316 745 δύναμιν
1347 675 1441 728 τοῦ
1477 674 1671 746 θυμοῦ,
1706 677 1787 729 ὅτι

205 771 425 840 ματαία
456 769 618 823 ἐστίν.
668 769 754 821 Ἐν
787 767 896 838 γὰρ
917 767 1059 838 λόγῳ
1091 765 1382 839 παροξύνει
1407 766 1516 837 (78)
1551 767 1783 840 πρῶτον·

204 857 338 916 εἶτα
371 865 428 916 ὲν
454 861 632 932 ἔργοις
663 859 876 913 δυνατοῖ
903 858 993 911 τὸν
1019 858 1389 930 ἐρεθιζόμενον
1423 858 1530 929 (79)
1556 899 1571 924 ,
1605 860 1698 912 καὶ
1729 861 1787 911 ἐν

205 953 440 1024 ζημίαις
473 952 693 1022 πικραῖς
727 950 836 1021 (80)
872 950 1127 1021 ταράσσει
1160 951 1220 1003 τὸ
1253 949 1551 1003 διαϐούλιον
1584 950 1748 1002 αὑτοῦ
1770 970 1782 980 ·

202 1047 311 1100 καὶ
341 1044 509 1107 οὕτως
534 1042 789 1112 διεγείρει
821 1041 879 1093 tv
913 1040 1068 1112 θυμῷ
1105 1041 1324 1113 μεγάλῳ
1354 1041 1452 1112 τὴν
1482 1041 1659 1112 ψυχὴν
1691 1043 1786 1095 αὺ-

192 1137 330 1192 τοῦ.
367 1139 492 1191 Ὅτε
525 1131 617 1188 οὖν
648 1134 798 1187 λαλεῖ
825 1129 913 1197 ’τις
945 1133 1065 1187 καθ’
1103 1133 1277 1204 ὑμῶν,
1314 1135 1472 1204 ὑμεῖς
1509 1134 1582 1205 μὴ
1612 1136 1782 1187 κινεῖ-

193 1229 300 1284 σθε
343 1230 424 1292 εἰς
470 1227 639 1298 θυμόν
664 1245 676 1257 ο
729 1227 823 1281 καὶ
868 1227 961 1280 ἐάν
992 1242 1075 1288 τις
1109 1220 1304 1295 ἐπαινῇ
1357 1226 1500 1294 ὑμᾶς
1541 1224 1617 1288 ὼς
1649 1225 1784 1292 ἀγα-

191 1320 338 1385 Θοὺς
373 1319 505 1392 (81),
543 1321 616 1392 μὴ
652 1317 975 1390 ἐπαίρεσθε,
1018 1317 1154 1388 μήτε
1191 1315 1606 1386 μεταϐάλλεσθε,
1646 1316 1781 1385 μήτε

190 1415 280 1478 εἰς
319 1412 526 1484 τέρψιν,
567 1413 703 1482 μήτε
737 1412 816 1474 εἰς
846 1410 1049 1464 ἀειδίαν
1083 1408 1212 1479 (82).
1252 1408 1474 1479 Πρῶτον
1515 1407 1624 1479 γὰρ
1662 1407 1784 1478 τέρ-

192 1523 299 1558 πει
333 1506 431 1576 τὴν
461 1504 647 1574 ἀκοὴν,
677 1502 771 1555 καὶ
803 1501 973 1565 οὕτως
1002 1500 1176 1566 ὀξύνει
1201 1500 1292 1554 τὸν
1325 1501 1470 1562 νοῦν,
1507 1499 1698 1570 νοῆσαι
1721 1498 1783 1551 τὸ

193 1595 501 1670 ὲρεθισθέν’
549 1595 643 1648 καὶ
675 1595 796 1648 τότε
831 1593 1102 1664 θυμωθεὶς
1135 1592 1344 1663 νομίζει
1375 1593 1597 1658 δικαίως
1627 1594 1780 1664 ὀργί-

195 1687 416 1752 ζεσθαι.
475 1685 596 1739 Ἐὰν
636 1685 703 1756 δὲ;
738 1685 910 1756 ζημίᾳ
943 1685 974 1756 ἢ
1012 1685 1241 1756 ἀπολείᾳ
1290 1685 1399 1740 τινὶ
1445 1686 1780 1758 περιπέσητε

195 1779 322 1851 (83)
343 1817 359 1842 ,
392 1779 575 1842 τέκνα,
615 1778 690 1849 μὴ
727 1776 1000 1849 θροεῖσθε·
1039 1777 1120 1830 ὅτι
1154 1778 1285 1831 αὐτὸ
1315 1778 1376 1831 τὸ
1407 1778 1623 1850 πνεῦμα
1656 1781 1773 1832 ὲπιο

197 1873 446 1944 θυμῆσαι
474 1874 616 1924 ποιεῖ
647 1869 740 1924 τοῦ
775 1869 1108 1941 ἀπολομένου
1133 1910 1148 1935 ,
1185 1871 1272 1925 ἵνα
1305 1870 1526 1943 Θυμωθῇ
1561 1870 1652 1926 διὰ
1682 1871 1776 1926 τοῦ

197 1965 390 2019 πόθου.
442 1962 564 2016 Ἐὰν
596 1962 654 2017 δὲ
684 1959 994 2033 ζημιωθῆτε
1029 1961 1140 2033 (84)
1172 1963 1450 2027 ἑκουσίοις,
1490 1962 1563 2034 μὴ
1591 1963 1778 2016 λυπεῖ-

196 2056 298 2110 σθε
319 2073 332 2086 ·
369 2056 476 2110 ἀπὸ
507 2055 614 2127 γὰρ
647 2056 823 2127 λύπης
857 2055 1127 2128 ἐγείρεται
1160 2053 1328 2126 θυμὸς
1365 2055 1499 2124 μετά
1527 2054 1773 2124 ψεύδους.

200 2147 362 2200 Ἔστι
406 2147 463 2200 δὲ
495 2146 836 2218 διπρόσωπον
869 2146 1036 2201 κακὸν
1060 2186 1074 2210 ,
1111 2146 1279 2217 θυμὸς
1329 2146 1467 2217 μετά
1512 2146 1773 2216 ψεύδους,

197 2241 299 2295 καὶ
334 2241 664 2312 συνερῶνται
683 2240 952 2312 ἀλλήλοις,
970 2241 1055 2294 ἵνα
1075 2240 1351 2312 ταράξωσι
1371 2240 1433 2294 τὸ
1451 2239 1771 2295 διαϐούλιον·

195 2330 621 2401 ταρασσομένης
684 2330 741 2383 δὲ
785 2330 886 2401 τῆς
933 2331 1112 2401 ψυχῆς
1165 2329 1438 2402 συνεχῶς,
1482 2331 1774 2399 ἀφίσταται

196 2421 525 2493 Ktiptocjdn’
547 2421 736 2497 αὐτῆς,
768 2422 862 2475 καὶ
895 2420 1138 2493 κυριεύει
1167 2421 1334 2492 αὐτῆς
1366 2424 1394 2475 ὁ
1414 2419 1629 2492 Βελιάρ.

273 2514 350 2568 E'.
391 2533 410 2565 ι
445 2513 718 2580 Φυλάξατε
750 2509 878 2580 οὖν,
906 2514 1070 2569 τέκνα
1114 2531 1214 2585 μου
1233 2554 1248 2578 ,
1301 2513 1400 2578 τὰς
1433 2513 1650 2578 ἐντολὰς
1678 2515 1773 2571 τοῦ

196 2605 443 2675 Κυρίου,
492 2608 583 2660 καὶ
626 2605 720 2660 τὸν
750 2607 912 2678 νόμον
957 2605 1123 2662 αὑτοῦ
1153 2607 1460 2678 τηρήσατε·
1501 2606 1772 2679 ἀπόστητε

195 2694 257 2746 δὲ
291 2695 398 2747 ἀπὸ
429 2695 636 2766 θυμοῦ,
671 2699 764 2751 καὶ
796 2697 1060 2768 μισήσατε
1097 2696 1159 2749 τὸ
1198 2695 1409 2764 ψεῦδος,
1445 2697 1532 2750 ἵνα
1569 2697 1772 2768 Κύριος

195 2789 501 2858 κατοικήσῃ
534 2789 592 2840 tv
625 2789 776 2858 ὑμῖν.
982 2787 1260 2860 Ἀλήθειαν
1290 2787 1500 2842 λαλεῖτε
1525 2788 1770 2854 (ἕκαστος

195 2877 338 2948 πρὸς
368 2878 458 2931 τὸν
501 2878 727 2949 πλησίον
766 2879 930 2934 αὑτοῦ
951 2917 967 2944 ,
1012 2879 1120 2946 καὶ,
1157 2879 1216 2931 οὺ
1254 2877 1328 2950 μή
1371 2877 1647 2950 ὲμπέσητε
1688 2880 1770 2944 εἰς

195 2971 360 3041 μῆνιν
399 2971 493 3024 καὶ
525 2969 788 3043 ταραχὰς,
826 2970 940 3025 ἀλλ’
986 2969 1174 3024 ἔσεσθε
1203 2971 1262 3023 tv
1299 2971 1510 3043 εἰρήνῃ,
1555 2970 1767 3043 ἔχοντες

1894 588 2023 640 fiant
2049 595 2203 640 actus
2229 585 2368 654 ejus.

1963 676 2052 729 ιν.
2085 694 2105 727 ι
2138 674 2482 745 Quapropter
2521 674 2804 744 intelligite
2845 675 3145 744 potentiam
3176 677 3291 744 iraa,
3320 693 3458 749 quo—

1890 769 2038 822 niam
2062 782 2200 821 vana
2223 777 2326 822 est.
2351 765 2410 820 In
2438 781 2690 821 sermone
2715 765 2862 819 enim
2882 768 3171 822 exacerbat
3192 768 3453 837 primum;

1889 858 2083 914 deinde
2115 857 2168 911 in
2212 856 2468 926 operibus
2512 853 2767 910 fortiticat
2791 855 3162 923 stimulatum,
3189 867 3242 913 et
3269 857 3325 911 in
3355 857 3455 912 da-

1887 951 2031 1005 mnis
2057 949 2261 1004 amaris
2288 947 2582 1003 conturbat
2614 946 2903 1001 consilium
2927 945 3048 1016 ejus
3072 965 3086 1000 :
3121 956 3176 1002 et
3202 946 3276 1002 ita
3299 963 3460 1004 exsu-

1887 1045 2048 1099 scitat
2075 1043 2130 1097 in
2156 1042 2235 1096 ira
2255 1055 2451 1111 magna
2477 1039 2717 1095 animam
2751 1038 2887 1109 ejus.
2916 1037 3152 1104 Quando
3181 1039 3346 1110 igitur
3374 1041 3458 1096 lo-

1886 1133 2072 1203 quitur
2094 1133 2292 1203 aliquis
2313 1132 2602 1186 adversum
2620 1145 2741 1194 vos,
2760 1145 2827 1185 ne
2848 1130 3178 1186 moveamini
3204 1131 3258 1184 in
3277 1132 3413 1188 iram
3435 1119 3460 1199 ;⁴

1885 1234 1939 1279 et
1967 1225 2014 1280 si
2042 1224 2166 1294 quis
2200 1224 2386 1278 laudet
2418 1239 2516 1278 vos
2551 1232 2607 1278 ut
2630 1223 2826 1289 bonos,
2856 1237 2926 1277 ne
2945 1222 3251 1290 elevemini,
3277 1240 3454 1295 neque

1886 1315 2327 1371 transmutemini
2357 1315 2440 1368 vel
2469 1315 2526 1368 in
2553 1314 3100 1386 delectationem,vel
3127 1315 3184 1368 in
3214 1314 3453 1386 rigorem

1884 1407 2087 1462 vultus.
2118 1405 2364 1460 Primum
2401 1405 2548 1461 enim
2584 1405 2814 1461 delectat
2842 1385 3110 1470 auditum,
3149 1413 3205 1460 et
3231 1385 3305 1460 ita
3323 1420 3453 1460 exa-

1884 1498 1999 1554 cuit
2027 1506 2288 1563 mcntem,
2326 1507 2385 1553 ut
2420 1498 2688 1569 intelligat
2729 1497 2875 1567 quod
2899 1497 3286 1567 exprobratum
3321 1506 3448 1552 est:

1883 1599 1936 1643 et
1959 1599 2090 1644 tunc
2122 1589 2293 1645 iratus
2318 1590 2597 1644 existimat
2620 1590 2767 1659 juste
2797 1589 2981 1644 irasci.
3015 1589 3070 1644 Si
3096 1589 3151 1644 in
3179 1589 3449 1660 jacturam

1882 1690 1977 1735 aut
2004 1681 2359 1750 perditionem
2386 1681 2624 1751 aliquam
2653 1681 2976 1746 incideritis,
3005 1681 3122 1748 ﬁlii,
3155 1697 3224 1737 ne
3245 1683 3450 1736 tumul-

1883 1774 2140 1839 tuemini;
2174 1773 2429 1844 quoniam
2481 1773 2570 1828 hic
2619 1772 2846 1844 spiritus
2891 1774 3278 1843 concupiscere
3320 1772 3451 1830 facit

1879 1866 2024 1934 quod
2048 1864 2317 1934 perditum
2347 1873 2451 1928 est,
2484 1873 2544 1918 ut
2574 1863 2845 1920 irascatur
2883 1880 2981 1936 per
3006 1865 3356 1922 desiderium.
3389 1863 3446 1921 Si

1880 1964 2060 2009 autem
2093 1955 2364 2025 jacturam
2391 1953 2669 2025 patiemini
2695 1955 3023 2023 voluntarie,
3051 1971 3120 2011 ne
3156 1957 3449 2033 contriste-

1878 2047 2042 2114 mini;
2076 2062 2106 2101 a
2130 2047 2349 2102 tristitia
2379 2048 2524 2103 enim
2549 2048 2846 2104 suscitatur
2874 2048 2954 2102 ira
2981 2064 3105 2111 cum
3135 2046 3443 2105 mendacio.

1878 2134 1974 2192 Est
2000 2145 2180 2191 autem
2209 2137 2413 2191 malum
2443 2135 2715 2207 duplicem
2745 2137 2951 2192 habens
2973 2136 3190 2207 faciem,
3213 2140 3294 2195 ira
3320 2156 3445 2196 cum

1845 2227 2194 2296 'mendacio,
2243 2236 2298 2284 et
2329 2229 2715 2298 colloquuntur
2764 2237 2978 2298 mutuo,
3021 2239 3082 2285 ut
3121 2234 3446 2289 conturbent

1876 2322 2168 2378 consilium
2204 2341 2218 2376 :
2253 2323 2470 2378 turbata
2497 2331 2680 2387 autem
2706 2322 2890 2378 anima
2923 2325 3184 2381 continue
3243 2327 3446 2383 recedit

1875 2413 2143 2469 Dominus
2165 2415 2232 2469 ab
2255 2415 2400 2484 ipsa,
2432 2426 2487 2472 et
2513 2417 2828 2473 dominatur
2847 2416 2898 2472 ei
2928 2417 3125 2472 Beiiar.

1946 2500 2013 2577 γ.
2045 2523 2064 2556 ‹
2093 2504 2377 2561 Custodite
2412 2521 2565 2576 ergo,
2598 2505 2694 2561 filii
2727 2507 2866 2576 mei,
2897 2509 3153 2564 mandata
3203 2505 3441 2577 Domini,

1871 2604 1926 2651 et
1963 2595 2136 2668 legem
2173 2597 2292 2667 ejus
2336 2608 2578 2666 servate;
2617 2600 2853 2656 recedite
2894 2608 3076 2656 autem
3127 2599 3196 2656 ab
3238 2600 3352 2667 ira,
3391 2612 3446 2658 et

1873 2689 2001 2744 odio
2030 2688 2225 2743 habete
2254 2690 2621 2758 mendacium,
2653 2702 2714 2748 ut
2737 2691 3003 2749 Dominus
3029 2693 3237 2748 habitet
3267 2695 3324 2749 in
3347 2710 3444 2749 vo-

1870 2779 1975 2846 bis,
2005 2789 2060 2834 et
2089 2779 2264 2852 fugiat
2309 2797 2342 2836 a
2379 2784 2534 2839 vobis
2569 2784 2767 2841 Beliar.
2801 2781 3098 2840 Veritatem
3137 2785 3442 2856 loquamini

1871 2872 2253 2944 unusquisque
2288 2873 2355 2929 ad
2381 2875 2693 2944 proximum
2718 2893 2878 2932 suum
2899 2919 2916 2944 ,
2945 2887 2999 2933 et
3038 2893 3148 2933 non
3186 2879 3442 2936 incidetis

1870 2965 1926 3020 in
1957 2965 2095 3022 iram
2131 2975 2186 3021 et
2216 2967 2585 3036 turbationes;
2614 2970 2708 3026 sed
2731 2971 2886 3028 eritis
2905 2973 2962 3026 in
2984 2987 3139 3042 pace,
3176 2974 3442 3030 habentes

190 3063 288 3115 τὸν
309 3062 440 3117 Θεὸν
461 3061 561 3132 τῆς
584 3064 826 3134 εἰρήνης,
843 3063 938 3117 καὶ
967 3063 1028 3115 οὐ
1060 3063 1136 3134 μὴ
1163 3061 1462 3134 κατισχύσῃ
1487 3061 1596 3133 (86)
1614 3062 1769 3133 ὑμῶν

1876 3055 2041 3136 Deum
2070 3059 2253 3128 pacis;
2284 3069 2339 3116 et
2379 3074 2488 3113 non
2523 3060 2836 3129 praevalebit
2863 3063 3152 3119 adversum
3184 3080 3283 3120 vos
3325 3063 3443 3119 bel-

192 3151 451 3225 πόλεμος.
483 3155 752 3223 Ἀγαπᾶτε
775 3154 865 3206 τὸν
888 3153 1091 3224 Κύριον
1112 3153 1170 3206 tv
1192 3154 1338 3223 πάσῃ
1361 3155 1426 3223 τῇ
1462 3151 1572 3223 ζωῇ
1590 3152 1766 3223 ὑμῶν,

193 3248 293 3300 καὶ
325 3245 582 3318 ἀλλήλους
621 3248 678 3300 tv
726 3246 950 3318 ἀληθινῇ
1001 3245 1216 3316 καρδίᾳ.
1259 3242 1389 3298 Οἶδα
1426 3244 1554 3315 γὰρ,
1601 3245 1682 3298 ὅτι
1709 3247 1768 3298 tv

195 3337 452 3408 ἐσχάταις
474 3337 708 3409 ἡμέραις
739 3337 1109 3410 ἀποστήσεσθε
1122 3337 1216 3390 τοῦ
1229 3337 1456 3407 Κυρίου,
1477 3337 1572 3389 καὶ
1599 3353 1769 3407 προσ-

197 3430 429 3500 οχθιεῖτε
472 3429 564 3482 τὸν
617 3427 783 3492 Λευῖ,
827 3430 924 3483 καὶ
963 3427 1102 3500 πρὸς
1145 3427 1342 3482 Ἰούδαν
1389 3427 1763 3493 ἀντιτάξεσθε·

198 3520 310 3574 ἀλλ’
364 3520 424 3573 ού
469 3520 758 3592 δυνήσεσθε
808 3520 943 3592 πρὸς
973 3521 1188 3585 αὐτούς.
1227 3519 1485 3589 Ἀγγελος
1513 3521 1622 3594 γὰρ
1651 3522 1766 3573 Κυ-

201 3611 316 3681 ρίου
331 3611 514 3682 ὁδηγεῖ
528 3610 840 3683 ἑκατέρους,
861 3611 942 3664 ὃτι
957 3613 1015 3665 tv
1039 3613 1222 3675 αὐτοῖς
1249 3613 1503 3683 στήσεται
1530 3611 1763 3682 Ἰσραήλ.

201 3700 310 3754 Καὶ
340 3700 416 3764 ὡς
449 3699 514 3754 ἂν
548 3701 818 3770 ἀποστῆτε
863 3700 972 3754 ἀπὸ
1015 3702 1253 3772 Κυρίου,
1302 3701 1360 3754 tv
1403 3701 1550 3773 πάσῃ
1596 3703 1766 3774 κακίᾳ

202 3792 513 3864 πορεύεσθε,
543 3791 818 3856 ποιοῦντες
839 3791 1176 3864 βδελύγματα
1207 3793 1395 3859 ἐθνῶν,
1414 3795 1767 3867 ὲκπορνεύον-

197 3897 287 3944 τες
320 3882 377 3934 ὲν
409 3881 651 3950 γυναιξὶν
682 3883 916 3954 ἀνόμων,
949 3884 1042 3938 καὶ
1073 3884 1131 3936 tv
1166 3885 1312 3956 πάσῃ
1351 3886 1586 3957 πονηρίᾳ
1611 3888 1764 3958 ἐνερ-

197 3971 436 4040 γούντων
469 3973 524 4026 tv
559 3975 686 4044 ὑμῖν
725 3973 833 4028 τῶν
865 3975 1189 4045 πνευμάτων
1216 3975 1317 4046 τῆς
1351 3975 1578 4048 πλάνης.
1618 3977 1764 4032 Ἀνέ-

197 4077 337 4130 γνων
371 4061 478 4133 γὰρ
510 4064 568 4116 tv
599 4062 763 4134 βίϐλῳ
809 4062 974 4132 Ἑνὼχ
1005 4062 1098 4116 τοῦ
1137 4063 1367 4129 δικαίου,
1402 4065 1484 4118 ὃτι
1513 4067 1540 4118 ὁ
1581 4064 1764 4138 ἄρχων

201 4151 349 4222 ὑμῶν
387 4155 532 4207 ἐστιν
569 4156 597 4208 ὁ
629 4155 904 4219 Σατανᾶς,
948 4154 1041 4208 καὶ
1065 4155 1144 4208 ὅτι
1171 4154 1347 4208 πάντα
1379 4154 1447 4208 τὰ
1478 4156 1764 4227 πνεύματα

199 4242 296 4312 τῆς
339 4245 591 4315 πορνείας
630 4245 724 4298 καὶ
772 4244 870 4315 τῆς
912 4244 1315 4314 ὑπερηφανείας
1347 4245 1426 4315 τῷ
1463 4245 1594 4299 Λευῒ
1627 4247 1765 4300 ὑπα-

1869 3150 2004 3205 lttm.
2031 3150 2248 3222 Diligite
2274 3150 2566 3206 Dominum
2592 3153 2648 3207 in
2683 3154 2833 3208 omni
2862 3155 2971 3210 vita
2993 3165 3196 3224 vestra,
3239 3167 3294 3212 et
3314 3173 3440 3214 vos-

1868 3247 1980 3294 met
2006 3239 2237 3294 invicem
2288 3241 2344 3295 in
2390 3242 2571 3297 veraci
2595 3245 2779 3299 corde.
2811 3241 2948 3298 Novi
2990 3247 3158 3313 enim,
3195 3248 3343 3317 quod
3382 3251 3436 3304 in

1868 3330 2076 3385 ultimis
2111 3332 2303 3387 diebus
2356 3334 2623 3389 recedetis
2659 3350 2688 3389 a
2734 3334 3000 3401 Domino,
3052 3345 3107 3393 et
3155 3339 3438 3397 oﬂ'endetis

1866 3420 2018 3484 Levi,
2066 3430 2121 3475 et
2159 3419 2312 3477 Juda:
2337 3424 2630 3491 resistetis;
2669 3426 2764 3480 sed
2802 3441 2911 3480 non
2952 3429 3279 3498 superabitis
3317 3447 3433 3489 eos.

1865 3513 2104 3582 Angelus
2138 3513 2284 3567 enim
2324 3513 2541 3569 Domini
2571 3515 2721 3572 ducit
2762 3525 3045 3588 utrosque,
3085 3520 3346 3589 quoniam
3380 3525 3436 3579 in

1866 3603 2002 3674 ipsis
2037 3605 2204 3659 stabit
2231 3603 2416 3661 Israel.
2461 3605 2526 3661 Et
2563 3623 2688 3662 cum
2729 3607 2993 3665 récedetis
3017 3626 3048 3666 a
3093 3611 3347 3682 Domino,
3379 3617 3434 3672 in
3511 3674 3514 3676 γ

1865 3701 2013 3753 omni
2045 3699 2252 3753 malitia
2293 3699 2668 3771 ambulabitis,
2709 3701 2971 3762 facientes
2999 3708 3434 3768 abominationes

1862 3791 2128 3860 gentium,
2165 3799 2469 3847 scortantes
2495 3807 2619 3848 cum
2660 3795 2981 3854 mulieribus
3015 3799 3351 3872 iniquorum,
3378 3814 3430 3860 et

1863 3880 1917 3935 in
1950 3883 2100 3936 omni
2143 3883 2350 3938 malitia
2391 3885 2682 3954 spirituum
2725 3889 2931 3945 erroris
2976 3895 3320 3961 operantium
3375 3899 3430 3953 in

1863 3971 2039 4027 vobis.
2078 3971 2208 4043 Legi
2252 3975 2396 4028 enim
2428 3976 2482 4029 in
2515 3976 2654 4032 libro
2694 3975 2883 4035 Enoch
2907 3979 3063 4050 justi,
3107 3987 3252 4055 quod
3281 3989 3427 4058 prin-

1863 4078 1989 4134 ceps
2014 4073 2190 4120 vester
2209 4075 2291 4122 est
2316 4065 2566 4138 Satanas,
2601 4080 2656 4126 et
2682 4073 2827 4141 quod
2851 4089 3042 4130 omnes
3073 4078 3296 4148 spiritus
3319 4082 3428 4136 for—
3497 4089 3500 4092 ’

1862 4153 2155 4211 nicalionis
2174 4164 2230 4211 et
2250 4159 2519 4226 superbia:
2541 4157 2671 4215 Levi
2694 4163 2948 4218 obedient
2966 4205 2983 4233 ,
3014 4170 3076 4219 ut
3104 4167 3431 4225 insidientur

1863 4249 1989 4304 ﬁliis
2010 4249 2161 4320 Levi,
2183 4262 2238 4308 et
2265 4253 2466 4311 faciant
2492 4273 2590 4313 eos
2613 4274 2840 4327 peccare
2868 4277 3053 4318 coram
3090 4263 3338 4323 Domino.
3363 4267 3430 4323 Et

203 4333 512 4397 κούσονται,
561 4332 655 4386 τοῦ
707 4334 1060 4405 παρεδρεύειν
1111 4338 1224 4399 τοῖς
1267 4337 1400 4398 υἱοῖς
1450 4335 1613 4402 Λευτ,
1667 4337 1761 4390 τοῦ

1876 4338 1961 4394 ﬁlii
1985 4341 2094 4396 mei
2121 4346 2560 4416 appr0pinquant
2582 4347 2740 4417 Levi,
2771 4360 2824 4406 et
2860 4352 3023 4408 simul
3052 4365 3276 4424 peccant
3301 4373 3424 4413 cum

205 4427 370 4478 ποιεῖν
413 4425 606 4488 αὐτοὺς
664 4424 1056 4495 ἐξαμαρτάνειν
1101 4425 1330 4479 ὲνώπιον
1378 4425 1604 4495 Κυρίου.
1653 4425 1764 4478 Καὶ

1876 4433 1947 4488 eis
1985 4435 2039 4489 in
2086 4438 2381 4493 omnibus:
2415 4449 2469 4495 et
2499 4441 2593 4496 filii
2617 4439 2767 4499 Judae
2791 4457 2950 4502 erunt
2978 4449 3031 4502 in
3059 4451 3306 4515 avaritia,
3338 4469 3427 4506 ra-

203 4518 302 4571 υἱοί
330 4536 430 4589 μου
457 4518 764 4588 ἐγγίζοντες
793 4520 899 4571 εἰσι
927 4519 1005 4590 τῷ
1037 4518 1185 4583 Λευῖ,
1220 4519 1314 4571 καὶ
1352 4516 1760 4588 συνεξαμαρτά-

205 4626 377 4671 νοντες
417 4610 596 4672 αὐτοῖς
642 4611 699 4661 tv
745 4609 911 4662 πᾶσιο
947 4609 1040 4660 καὶ
1089 4609 1196 4661 utet
1235 4608 1404 4662 Ἰούδα
1447 4607 1658 4662 ἔσονται
1703 4608 1761 4661 tv

205 4697 479 4771 πλεονεξίᾳ
506 4740 520 4763 ,
551 4697 887 4771 ἁρπάζοντες
917 4699 986 4752 τὰ
1017 4699 1267 4770 ἀλλότρια
1304 4699 1379 4763 ὡς
1410 4699 1641 4762 λέοντες.
1664 4698 1763 4752 Διά

203 4789 351 4842 τοῦτο
383 4789 762 4861 ἀπαχθήσεσθε
794 4790 891 4844 σὺν
913 4791 1098 4853 αὐτοῖς
1120 4791 1178 4843 ὲν
1209 4789 1574 4860 αἰχμαλωσίᾳ,
1602 4788 1762 4842 κάκεῖ

206 4880 534 4952 ἀπολήψεσθε
558 4881 736 4944 πάσας
763 4879 861 4944 τὰς
896 4879 1109 4950 πληγὰς
1129 4879 1426 4948 Αἰγύπτου,
1462 4881 1554 4933 καὶ
1580 4879 1760 4942 πάσας

207 4975 458 5044 πονηρίας
485 4973 593 5027 τῶν
613 4973 812 5027 ἐθνῶνθ
849 4975 943 5028 καὶ
975 4973 1146 5036 οὕτως
1178 4973 1601 5044 ἐπιστρέψαντες
1624 4973 1758 5044 πρὸς

199 5063 418 5134 Κύριον,
440 5065 811 5138 ὲλεηθήσεσθε,
839 5068 933 5121 καὶ
970 5065 1085 5131 ἄξει
1113 5066 1256 5136 ὑμᾶς
1284 5066 1363 5128 εἰς
1405 5065 1467 5118 τὸ
1509 5065 1758 5135 ἁγίασμα

206 5156 380 5222 αὑτοῦ,
417 5157 551 5229 βοῶν
585 5161 712 5230 ὑμῖν
735 5161 972 5233 εἰρήνην.
1005 5159 1112 5212 Καὶ
1140 5158 1387 5212 ἀνατελεῖ
1416 5160 1540 5237 ὑμῖν
1565 5161 1628 5212 ὲκ
1656 5159 1759 5230 τῆς

272 5290 382 5365 (Ῐβ)
403 5292 750 5365 ῌαροξύνει.
778 5293 1159 5365 Παροξύνεται.
1193 5292 1363 5365 Gate.

271 5361 379 5434 (:19)
419 5361 881 5434 'Epeottdperorf
903 5363 1298 5434 Ὀργιζόμενον.
1325 5363 1399 5417 In.

402 5431 671 5504 Πικραῖςζ
699 5431 1055 5504 Μικραῖςζιυ.

272 5501 378 5574 (81)
420 5503 476 5557 Ἀ
487 5501 718 5574 αλαθούς.
738 5501 986 5574 ΫἊγίους.
1016 5503 1089 5558 In.

272 5571 378 5641 (82)
423 5571 690 5628 'Aetdlar.
733 5571 965 5641 Ἀηδίαν.
996 5575 1068 5628 In.

272 5591 378 5641 (δι)
437 5591 690 5628 Amatur.
747 5591 789 5625 Λ
830 5591 965 5627 οιαν.
997 5591 1068 5628 ID.

271 5641 378 5724 (3532)
402 5591 1107 5724 ῌεριπέςντιτε-Ἶιςειπέσῃο
1138 5648 1213 5701 ιυ-

273 5703 379 5780 (84)
421 5703 560 5770 Ἐὶὶν
583 5711 650 5767 δὲ
676 5703 1010 5784 ζημιωθῆτε.
1047 5703 1246 5773 ῢεειιηι
1274 5717 1457 5774 omnia
1489 5731 1661 5790 usque
1683 5716 1752 5773 ad

1861 4526 2071 4594 pientes
2103 4529 2278 4584 aliena
2309 4539 2368 4585 ut
2412 4533 2618 4588 leones.
2664 4533 2890 4605 Propter
2931 4539 3038 4595 hoc
3081 4540 3425 4598 abducemini

1863 4635 1986 4675 cum
2024 4620 2105 4676 eis
2147 4621 2202 4675 in
2248 4625 2615 4692 captivitatem
2639 4671 2655 4696 ,
2689 4641 2741 4685 et
2767 4632 2878 4686 illic
2906 4633 3178 4702 recipietis
3231 4652 3422 4696 omnes

1859 4711 2047 4781 plagas
2069 4709 2310 4784 Egypti,
2340 4725 2392 4770 et
2420 4733 2612 4775 omnes
2642 4725 2936 4790 pravitates
2959 4725 3196 4794 gentium
3225 4743 3238 4779 :
3265 4738 3318 4784 et
3348 4730 3422 4786 ita

1860 4812 2194 4860 revertentes
2223 4805 2290 4860 ad
2323 4805 2615 4865 Dominum
2653 4812 3083 4870 misericordiam
3126 4833 3423 4889 conseque-

1858 4896 2012 4962 mini,
2045 4906 2100 4952 et
2126 4897 2287 4955 ducet
2307 4915 2403 4955 vos
2428 4901 2483 4955 in
2514 4903 2996 4959 sanetiticationem
3019 4905 3158 4975 ejus,
3181 4909 3422 4966 clamans

1857 4987 2014 5043 vobis
2035 5003 2245 5059 pacem.
2279 4989 2346 5044 Et
2383 4992 2591 5048 orietur
2620 4993 2776 5050 vobis
2797 5010 2862 5049 ex
2889 4996 3029 5051 tribu
3050 4996 3186 5054 Juda
3213 5009 3266 5055 et
3293 5001 3419 5057 Levi

1858 5079 2096 5135 salutare
2140 5080 2355 5138 Domini
2392 5100 2407 5137 :
2459 5095 2514 5140 et
2563 5085 2679 5155 ipse
2723 5084 2888 5142 faciet
2935 5089 3195 5148 adversus
3243 5092 3420 5150 Beliar

1854 5173 2136 5242 praelium,
2182 5182 2240 5230 et
2287 5175 2556 5232 ultionem
2587 5177 2832 5235 victoriae
2872 5179 3025 5236 dabit
3053 5183 3295 5240 terminis
3326 5201 3420 5240 ve-

1855 5307 2018 5364 tlnem
2049 5309 2214 5381 hujus
2243 5311 2588 5381 paragraphi.
2620 5310 2697 5368 In.

1926 5381 2038 5450 (85)
2074 5380 2402 5446 Ἀλήθειαν.
2426 5380 2564 5436 Hinc
2595 5383 2647 5435 itt
2676 5383 2854 5438 Oxon.
2885 5394 2940 5440 et
2967 5384 3195 5440 Cantab.
3228 5387 3416 5444 codice

1855 5449 2097 5504 clausula
2120 5450 2309 5506 deesse
2332 5451 2560 5506 videtur.
2595 5451 2669 5506 In.

1925 5519 2034 5591 (86)
2065 5519 2176 5574 Καί
2216 5523 2286 5576 οὺ
2313 5520 2399 5590 μὴ
2439 5524 2796 5593 κατισχύσῃ.
2833 5522 3022 5580 Omnia
3062 5527 3114 5579 in
3163 5528 3263 5582 Ox.
3292 5531 3412 5582 cod.

1855 5588 2049 5678 desunt
2080 5588 2340 5678 usgnenad
2378 5601 2494 5678 ista‘
2523 5588 2800 5678 sequentis
2846 5599 3166 5667 paragraphi
3200 5603 3357 5654 verba
3401 5615 3413 5652 :

1855 5657 1951 5711 καί
1977 5659 2045 5713 ἐν
2072 5657 2194 5727 τοῖς
2219 5662 2420 5715 ἔθνεσι
2448 5657 2666 5732 Σωτήρ.
2698 5664 2772 5718 ιι..
