3944 6146
318 278 472 336 “05

1427 272 1951 333 ΤΕΒΤΑΜΕΝΤΒΜ
1985 269 2451 328 ΝΕΡΠΤΗΑΜΜ.

324 394 517 467 σθῆναι
543 389 710 448 αὐτὸν
735 391 797 447 τὸ
820 387 983 464 προίξ,
1010 384 1163 444 εἴπεν
1201 389 1403 454 αὐτοῖς,
1427 389 1542 443 ὅτι·
1575 408 1594 441 ι
1646 388 1907 462 Ἀποθνή-

2033 387 2082 442 Ξι
2109 396 2401 459 postquam
2425 383 2692 442 excitatus
2723 394 2807 440 est
2843 398 2876 439 a
2906 398 3111 440 somno-
3130 401 3311 449 mane,
3339 387 3480 444 dixit
3508 389 3575 443 il-

326 501 460 540 σκω-
495 503 516 536 ι
545 484 640 539 καὶ
660 483 762 537 οὐκ
783 482 1063 536 ἐπίστευον
1087 478 1253 551 αὐτῷ.
1284 481 1394 533 Καὶ
1416 479 1654 549 εὐλογῶν
1679 479 1901 552 Κύριον,

326 575 719 649 ὶκραταίωσεν,
747 575 827 628 ὅτι
871 571 1011 644 μετὰ
1046 573 1108 627 τὸ
1141 573 1355 627 δεῖπνον
1378 572 1440 626 τὸ
1467 572 1593 644 χθὲς
1618 572 1905 627 ἀποθανεῖ-

325 688 434 735 ται.
466 667 709 740 Ἤρξατο
733 662 826 721 οὖν
851 666 1029 733 λέγειν
1054 667 1169 729 τοῖς
1195 666 1330 728 υίοίς
1354 664 1543 718 αὐτοῦ·
1579 682 1601 715 ι
1642 662 1904 717 Ἀκούσα-

326 776 406 823 τε,
431 758 598 811 τέκνα
626 773 750 827 μου,
774 756 882 809 υίοὶ
905 753 1225 824 Νεφθαλείμ
1244 792 1258 816 ,
1284 753 1553 806 ἀκούσατε
1581 752 1774 821 λόγους
1799 768 1906 804 πα-

325 849 455 921 τρὸς
478 847 650 919 ὑμῶν.
692 844 834 916 Ἐγὼ
858 844 1156 916 ἐγεννήθην
1180 844 1289 897 ἀπὸ
1314 842 1523 907 Βάλλας
1540 860 1554 874 ·
1610 843 1703 895 καὶ
1731 841 1813 896 ὅτι
1850 840 1908 893 ὲν

329 936 633 1009 πανουργίᾳ
654 935 969 1007 ὲποίησενή
1007 934 1229 1006 Ῥαχὴλ,
1269 934 1364 987 καὶ
1400 932 1605 987 ἔδωκεν
1639 931 1756 989 ἀνθ’
1784 932 1911 985 ἐαυ-

328 1028 429 1098 τῆς
452 1026 549 1099 τὴν
576 1026 783 1080 Βάλλαν
804 1024 882 1097 τῷ
897 1024 1111 1089 Ἰακὼϐ,
1137 1027 1231 1079 καὶ
1256 1021 1478 1076 ἐπὶτῶν
1506 1022 1695 1095 μηρῶν
1710 1018 1910 1093 Ῥαχὴλ

331 1118 484 1172 ἔτεκέ
529 1136 616 1190 με·
660 1118 749 1173 διὰ
789 1117 947 1171 τοῦτο
986 1115 1220 1187 ἐκλήθην
1268 1104 1586 1185 Νεφθαλείμ
1628 1112 1760 1187 (94).
1800 1115 1909 1169 Καὶ

331 1210 585 1282 ἠγάπησε
618 1228 685 1283 με
722 1209 943 1281 Ῥαχὴλ,
968 1209 1051 1262 ὅτι
1078 1209 1169 1263 ἐπὶ
1196 1207 1305 1260 τῶν
1345 1205 1535 1281 μηρῶν
1558 1204 1726 1277 αὐτῆς
1762 1207 1911 1274 ἐγεν-

333 1302 520 1373 νήνθηνο
550 1303 643 1356 καὶ
668 1301 798 1354 εἴδει
822 1298 1026 1354 ἁπαλὸν
1051 1298 1180 1354 ὄντα
1220 1296 1497 1366 κατεφίλει
1527 1314 1594 1368 με
1618 1336 1634 1362 ,
1656 1296 1904 1366 λέγουσα⁸

336 1410 357 1444 ι
396 1392 591 1465 Ἵδοιμι
626 1391 854 1461 ἀδελφόν
892 1408 985 1444 σου
1020 1392 1083 1443 ὲκ
1117 1389 1218 1460 τῆς
1243 1389 1450 1452 κοιλίας
1477 1407 1576 1460 μου
1603 1389 1743 1443 κατὰ
1772 1391 1850 1445 σέ.
1888 1411 1905 1441 ι

338 1484 501 1538 Ὅθεν
527 1484 623 1538 καὶ
642 1484 823 1554 ὅμοιός
866 1501 956 1555 μοι
989 1478 1059 1554 ἦν
1102 1483 1158 1535 ἐν
1202 1483 1367 1535 πᾶσιν
1404 1481 1621 1553 Ἰωσὴφ,
1648 1481 1788 1535 κατὰ
1815 1481 1911 1546 τὰς

330 1577 498 1648 εὐχὰς
527 1577 635 1649 (95)
671 1577 891 1648 Ῥαχήλ.
931 1577 995 1630 Ἡ
1018 1575 1075 1629 δὲ
1105 1577 1289 1648 μήτηρ
1315 1574 1414 1646 μού
1453 1577 1567 1629 ἐστι
1591 1575 1789 1639 Βάλλα,
1818 1574 1911 1628 θυ-

2009 479 2077 535 lis
2108 498 2122 533 :
2160 498 2178 531 ι
2212 477 2416 537 Moriar
2442 493 2455 530 :
2486 496 2505 530 ι
2539 484 2596 532 et
2631 491 2741 531 non
2776 476 3125 532 crediderunt
3162 478 3232 533 ei.
3259 476 3326 534 Et
3354 479 3585 534 benedi—'

2011 587 2142 629 cens
2171 569 2433 638 Domino,
2482 569 2848 637 conﬁrmavit,
2893 569 3040 640 quod
3090 578 3216 640 post
3263 570 3573 629 hesternam

2010 679 2223 720 coenam
2251 669 2580 718 moreretur.
2607 659 2836 731 lncmpit
2862 661 3025 731 igitur
3045 660 3227 718 dicere
3255 662 3381 719 ﬁliis
3412 655 3530 739 suis
3556 679 3576 719 :

2016 753 2265 817 «Audite,
2294 752 2390 808 ﬁlii
2414 752 2545 819 mei,
2566 751 2665 807 ﬁlii
2696 750 3063 822 Nephthalim,
3091 751 3275 807 audite
3296 768 3574 821 sermones
3656 764 3657 767 ‘
3710 752 3713 755 ’

2008 847 2184 916 patris
2212 847 2400 905 vestri.
2432 863 2452 896 ι
2481 844 2593 916 Ego
2619 852 2783 900 natus
2805 859 2926 901 sum
2955 860 2987 900 a
3018 844 3208 901 Balla:
3236 855 3292 901 et
3316 847 3577 916 quoniam

2011 944 2192 993 astute
2218 935 2346 991 fecit
2383 934 2609 1001 Rachel,
2637 945 2699 990 er
2719 934 2869 990 dedit
2901 950 3002 1005 pro
3038 935 3218 1005 seipsa
3251 936 3457 995 Ballam
3488 935 3580 994 Ja-
3651 990 3654 993 .

2012 1032 2135 1099 cob,
2168 1039 2225 1086 et
2254 1045 2420 1100 super
2467 1027 2674 1085 femora
2705 1028 2912 1085 Rachel
2951 1029 3161 1100 peperit
3207 1044 3329 1095 me;
3359 1040 3579 1100 propter
3634 1064 3637 1068 -
3718 1032 3723 1037 ’

2012 1124 2118 1179 hoc
2139 1132 2367 1177 vocatus
2389 1135 2511 1177 sum
2536 1117 2904 1190 Nephthalim.
2936 1118 3003 1175 Et
3024 1120 3212 1176 dilexit
3239 1136 3326 1176 me
3352 1119 3576 1187 Rachel,
3642 1159 3647 1163 ρ

2010 1216 2274 1286 quoniam
2322 1228 2487 1284 super
2541 1211 2751 1268 femora
2797 1227 2897 1268 sua
2932 1221 3095 1269 natus
3135 1228 3290 1281 sum;
3316 1222 3374 1269 et
3400 1214 3588 1285 specie.

2011 1318 2259 1363 tenerum
2301 1304 2652 1361 exsistentem
2708 1304 2956 1360 osculata
3009 1316 3095 1359 est
3142 1320 3267 1371 me,
3322 1305 3511 1369 dicens
3562 1295 3588 1359 ε’

2019 1418 2038 1451 ι
2074 1397 2297 1454 Videam
2331 1396 2553 1453 fratrem
2599 1406 2751 1452 tuum
2783 1413 2853 1453 ex
2888 1405 3078 1453 ventre
3114 1413 3242 1469 meo
3278 1399 3588 1453 secundum
3692 1422 3695 1427 ·

2016 1502 2085 1547 te.
2120 1511 2138 1544 ι
2174 1490 2326 1548 Unde
2353 1501 2409 1548 et
2444 1491 2641 1547 similis
2668 1492 2774 1547 mei
2804 1499 2923 1546 erat
2967 1492 3023 1545 in
3073 1491 3329 1546 omnibus
3353 1489 3578 1558 Ioseph,

2015 1584 2315 1641 secundum
2342 1584 2632 1654 petitiones
2662 1582 2883 1639 Rachel.
2923 1582 3093 1638 Mater
3127 1593 3308 1637 autem
3348 1597 3466 1637 mea
3499 1591 3589 1637 est

3438 234 3594 327 nos.
3643 344 3647 347 λ
3768 252 3785 274 ³

329 1668 511 1739 γάτηρ
561 1666 809 1721 Ῥουθέου
855 1665 998 1737 (96),
1039 1665 1270 1736 ἀδελφοῦ
1310 1665 1582 1737 Δεδὸρῤαέ
1626 1665 1770 1736 (9⁷)ν
1813 1664 1913 1735 τῆς

2033 1679 2185 1746 3alla,
2218 1678 2328 1734 ﬁlia
2358 1677 2593 1745 Rutheei,
2616 1676 2804 1733 fratris
2836 1675 3080 1741 Deborae,
3118 1673 3587 1733 nutricisRebec-
3629 1736 3632 1739 ,
3732 1722 3736 1727 .

328 1759 531 1832 τροφοῦ
568 1758 882 1823 Ῥεϐέκκας
912 1758 1032 1828 ἥτις
1078 1759 1136 1811 ἐν
1183 1759 1282 1828 μιᾷ
1324 1757 1507 1828 ἡμέρα
1548 1756 1845 1829 ὲτέχθη,ὲν

2033 1786 2131 1837 :aa;
2165 1786 2287 1841 quae
2316 1769 2467 1826 Balla
2509 1771 2565 1825 in
2597 1785 2706 1824 una
2735 1769 2823 1825 die
2865 1776 2991 1824 nata
3023 1776 3129 1833 est,
3161 1768 3214 1822 in
3247 1782 3357 1838 qua
3387 1775 3440 1822 et
3469 1765 3583 1821 Ra-

333 1851 428 1903 κα)⁵
486 1848 709 1920 Ῥαχήλ.
772 1850 833 1903 '0
881 1848 938 1902 δὲ
998 1847 1242 1911 Ῥουθέος
1289 1846 1399 1919 (98)
1448 1850 1513 1900 ὲκ
1570 1846 1664 1900 τοῦ
1726 1846 1923 1916 γένους.

2033 1864 2158 1920 :hel.
2188 1863 2447 1918 nummus
2471 1877 2601 1918 vero
2626 1876 2695 1919 ex
2717 1876 2914 1933 genere
2951 1861 3229 1917 Abraham
3262 1868 3399 1926 erat,
3420 1858 3585 1920 Chal-

347 1940 616 2013 Ἀϐραὰμ,
638 1940 921 2005 Χαλδαῖος,
943 1940 1221 2011 θεοσεϐὴς,
1240 1940 1522 2010 ἐλεύθερος
1548 1939 1641 1992 καὶ
1661 1939 1910 2010 εὐγενής.

2033 1954 2188 2020 treus,
2211 1953 2382 2010 Deum
2405 1968 2696 2019 venerans,
2728 1953 2862 2008 liber
2884 1960 2938 2008 et
2958 1952 3176 2007 nobilis.
3208 1950 3417 2007 Etcum
3438 1938 3613 2006 esset"

333 2035 443 2088 Kal.
465 2032 916 2104 αἰχμαλωτισθεὶς
942 2030 1220 2103 ἠγοράσθη
1242 2031 1349 2084 ὑπὸ
1367 2030 1568 2085 Λάϐανο
1594 2031 1690 2084 καὶ
1716 2030 1914 2085 ἔδωκεν

2033 2044 2286 2115 :aptivus,
2309 2050 2524 2113 emptus
2556 2051 2637 2101 est
2662 2059 2695 2098 a
2714 2042 2930 2110 Laban;
2960 2050 3011 2097 et
3036 2042 3185 2099 dedit
3213 2043 3262 2097 ei
3290 2040 3463 2097 Enam
3486 2057 3586 2098 an-

334 2120 484 2193 αὑτῷ
507 2122 671 2175 Δίνᾶν
697 2121 799 2191 τὴν
843 2119 1135 2191 παιδίσκην
1172 2119 1338 2173 αὐτοῦ
1383 2121 1463 2184 εἰς
1499 2121 1750 2189 γυναῖκα·
1791 2120 1913 2190 ἥτις

2033 2138 2198 2193 :iilam
2228 2151 2384 2191 suam
2413 2134 2466 2189 in
2506 2150 2765 2202 nitorem;
2795 2151 2918 2203 qua:
2954 2133 3162 2204 peperit
3191 2133 3388 2197 ﬁliam.
3410 2142 3466 2190 et
3488 2148 3588 2199 vo-

334 2214 486 2267 ἔτεκε
531 2212 828 2284 θυγατέρα,
875 2213 969 2266 καὶ
1018 2212 1277 2270 ἐκάλεσεν
1319 2213 1486 2283 αὐτὴν
1534 2211 1778 2282 Ζελφὰν,
1824 2214 1908 2267 ἐπ’

2033 2229 2159 2281 :avit
2186 2241 2304 2280 eam
2338 2224 2618 2295 Zelpbam,
2649 2223 2971 2294 cognomine
2997 2222 3203 2277 castelli
3246 2223 3299 2277 in
3344 2239 3456 2293 quo
3494 2238 3588 2278 ca-

333 2307 557 2387 ὀνόματι
605 2306 705 2376 τῆς
750 2304 963 2376 κώμης,
1007 2306 1066 2358 ὲν
1192 2305 1589 2377 ῂχμαλωτεύθη
1629 2304 1760 2378 (99).
1804 2308 1915 2360 Καὶ

2033 2318 2200 2388 μιίγιιε
2223 2325 2361 2372 erat.
2392 2315 2594 2370 Deinde
2623 2315 2833 2386 peperit
2858 2313 3085 2378 Ballam,
3117 2313 3304 2368 dicens
3329 2328 3343 2364 :
3365 2310 3587 2367 Noviter

335 2397 461 2468 ἑξῆς
500 2397 652 2451 ἔτεκε
705 2398 804 2469 τὴν
850 2397 1057 2451 Βάλλαν
1078 2439 1092 2461 ,
1121 2397 1314 2466 λέγων·
1366 2398 1767 2462 Καινόσπουδός
1811 2416 1909 2470 μου

2033 2405 2285 2465 festinans
2316 2404 2427 2461 ﬁlia
2457 2422 2596 2462 mea.
2628 2403 2929 2460 Confestim
2968 2404 3113 2463 enim
3157 2413 3279 2458 nata
3314 2401 3588 2458 festinavit

336 2493 371 2563 ἡ
439 2491 704 2562 θυγάτηρ.
770 2490 944 2555 Εὐθὺς
982 2489 1095 2562 γὰρ
1150 2490 1406 2562 τεχθεῖσα
1461 2490 1688 2544 ἔσπευδε
1751 2490 1913 2564 θηλά-

337 2586 451 2646 ζειν
477 2580 645 2653 (100).

2033 2512 2103 2552 ac
2132 2512 2346 2568 sugere.

337 2586 451 2646 ζειν
477 2583 645 2646 (100).

420 2717 495 2770 Β’.
528 2736 546 2768 ι
580 2717 693 2772 Καὶ
716 2717 903 2788 ἐπειδὴ
945 2717 1144 2786 κοῦφος
1172 2718 1318 2790 ήμην
1358 2720 1468 2782 τοῖς
1496 2719 1673 2783 ποσὶν,
1699 2718 1774 2782 ὼς
1799 2718 1920 2771 ἐλα-

2096 2721 2159 2797 υ.
2194 2741 2212 2773 ι
2251 2720 2317 2775 Ει
2343 2720 2472 2789 quia
2506 2718 2734 2789 pedibus
2768 2716 2901 2771 levis
2921 2730 3093 2777 eram,
3115 2724 3178 2769 ut
3199 2728 3415 2779 cervus,
3443 2712 3592 2767 ordi-

340 2826 461 2878 φος,
490 2808 643 2875 ἕταξέ
680 2827 744 2881 με
770 2812 799 2862 ὁ
827 2812 1012 2882 πατήρ
1039 2827 1138 2881 μου
1156 2808 1351 2863 Ἰακὼϐ
1376 2812 1456 2873 εἰς
1486 2812 1663 2863 πᾶσαν
1686 2811 1919 2865 ἀποστο-

2033 2813 2172 2869 navit
2194 2827 2283 2866 me
2304 2820 2459 2882 pater
2488 2825 2645 2864 meus
2668 2806 2837 2863 Iacob
2867 2808 2921 2861 in
2948 2821 3166 2861 omnem
3190 2804 3515 2859 missionem
3536 2810 3593 2858 et

340 2902 439 2973 λὴν
464 2904 557 2956 καὶ
581 2902 656 2973 (1)
679 2902 957 2972 ἀγγελίαν·
987 2903 1080 2955 καί
1109 2919 1194 2971 γε,
1218 2903 1294 2966 ὡς
1318 2902 1514 2970 ἔλαφόν
1542 2919 1609 2973 με
1633 2901 1916 2975 εὐλόγησε.

2033 2903 2530 2967 mnuutiationem;
2561 2908 2616 2954 et
2643 2908 2703 2954 ut
2729 2914 2892 2956 cervo
2913 2897 3045 2951 mihi
3067 2895 3361 2952 benedixit.
3390 2893 3592 2962 Quem-

342 2990 539 3057 Καθὼς
562 2993 670 3064 γὰρ
688 2995 717 3047 ὁ
740 2995 1017 3066 κεραμεὺς
1049 2990 1156 3048 οἶδε
1182 2994 1243 3047 τὸ
1278 2993 1490 3057 σκεῦος,
1530 2994 1693 3047 πόσον
1732 2996 1918 3066 χωρεῖ,

2033 2996 2310 3051 admodum
2335 2994 2482 3050 enim
2505 2994 2704 3062 ﬁgulus
2726 2992 2878 3046 novit
2898 3005 3017 3057 vas,
3050 2998 3316 3061 quantum
3347 2987 3512 3058 capit,
3530 2995 3594 3044 ,et

344 3086 438 3138 καὶ
462 3087 598 3158 πρὸς
632 3086 794 3140 αὐτὸν
834 3087 988 3158 φέρει
1014 3088 1107 3139 τὸν
1131 3085 1318 3156 πηλόν·
1344 3086 1515 3148 οὕτως
1540 3087 1634 3140 καὶ
1666 3088 1695 3138 ὁ
1718 3085 1921 3156 Κύριος

2033 3087 2090 3140 ad
2118 3086 2296 3155 ipsum
2326 3084 2433 3138 fert
2471 3084 2682 3148 lutum;
2724 3081 2799 3136 ita
2835 3087 2892 3136 et
2923 3079 3191 3135 Dominus
3232 3078 3301 3134 ad
3336 3077 3593 3134 similitu-

343 3176 481 3247 πρὸς
527 3178 787 3248 ὁμοίωσιν
830 3175 925 3229 τοῦ
975 3174 1284 3245 πνεύματος
1331 3178 1473 3228 ποιεῖ
1512 3175 1575 3228 τὸ
1612 3173 1790 3244 σῶμα,
1828 3175 1923 3227 καὶ

2033 3180 2203 3233 Jiuem
2229 3176 2454 3245 spiritus
2477 3174 2609 3230 facit
2629 3188 2852 3243 corpus,
2879 3180 2934 3228 et
2968 3172 3036 3226 ad
3065 3173 3361 3241 potentiam
3398 3185 3597 3240 carpo.-

345 3266 483 3336 πρὸς
507 3267 607 3337 τὴν
622 3265 849 3336 δύναμιν
866 3265 959 3318 τοῦ
979 3264 1228 3336 σώματος
1241 3266 1303 3318 τὸ
1322 3264 1537 3335 πνεῦμα
1550 3263 1733 3334 ὲντίθη
1741 3280 1812 3329 σι,
1828 3263 1923 3317 καὶ

2033 3274 2105 3328 ris
2130 3270 2382 3341 spiritum
2417 3267 2668 3339 imponit,
2692 3277 2747 3322 et
2777 3283 2885 3321 non
2917 3274 3001 3321 est
3030 3266 3144 3336 jam
3178 3281 3293 3319 una
3326 3264 3484 3321 tertia
3525 3277 3603 3319 ex.

343 3358 445 3410 οὐκ
485 3357 601 3410 ἔστι
639 3356 823 3409 λοιπὸν
861 3354 935 3426 (2)
963 3355 1021 3409 ἒν
1052 3357 1124 3407 ’ὲκ
1148 3354 1241 3407 τοῦ
1266 3355 1382 3417 ἑνὸς
1408 3353 1592 3425 τρίτον
1613 3352 1796 3423 τριχός
1823 3349 1925 3423 (5)⁶

349 3446 575 3517 σταθμῷ
598 3445 707 3518 γὰρ
727 3447 822 3499 καὶ
847 3446 1029 3517 μέτρῳ
1053 3446 1147 3501 καὶ
1175 3445 1358 3499 κανόνι
1382 3446 1532 3497 πᾶσα
1554 3442 1733 3507 κτίσις
1770 3443 1925 3513 Ὑψί-

350 3554 498 3591 στου.
546 3538 656 3590 Καὶ
701 3536 950 3608 καθάπερ
987 3535 1127 3590 οἶδεν
1161 3539 1190 3590 ό
1230 3538 1506 3607 κεραμεὺς
1544 3535 1662 3600 ἑνὸς
1697 3536 1924 3589 ἑκάστου

345 3629 448 3701 τὴν
482 3628 696 3699 χρῆσιν,
734 3628 810 3692 ὡς
854 3630 1045 3681 ἱκανοί·
1090 3628 1262 3691 οὕτως
1303 3628 1397 3679 κα)¹
1430 3628 1459 3679 ό
1494 3625 1698 3698 Κύριος
1723 3620 1828 3678 οἶδε
1866 3624 1927 3677 τὸ

354 3721 513 3792 σῶμα
529 3761 543 3786 ,
574 3722 679 3786 ἓως
701 3722 844 3787 τίνος
868 3721 1141 3792 διαρκέσει
1166 3723 1224 3774 ὲν
1251 3718 1457 3791 ἀγαθῷ,
1481 3719 1575 3772 καὶ
1600 3716 1730 3771 πότε
1760 3716 1927 3789 ἄρχε-

349 3832 440 3869 ται
463 3818 522 3870 ὲν
548 3815 719 3886 κακῷ.
746 3816 865 3869 ’Ὁτι
906 3814 1007 3866 οὐκ
1040 3813 1153 3867 ἐστι
1199 3814 1306 3866 πᾶν
1351 3812 1605 3882 πλάσμα,
1649 3810 1744 3865 καὶ
1781 3811 1929 3864 πᾶσα

352 3906 562 3971 ἔννοια,
602 3908 666 3978 ὴν
707 3907 806 3959 οὐκ
852 3905 993 3974 ἔγνω
1035 3904 1267 3974 Κύριος’
1296 3904 1471 3958 πάντα
1502 3902 1612 3973 γὰρ
1647 3901 1928 3974 ἄνθρωπον

355 3998 535 4053 ἔκτισε
574 4000 695 4054 κατ’
732 3999 914 4053 εἰκόνα
960 3999 1171 4053 ἑαυτοῦ.
1210 3999 1296 4061 Ὠς
1331 3998 1363 4068 ἠ
1407 3996 1557 4066 ἰσχὺς
1580 3992 1765 4064 αὑτοῦ,
1787 3992 1937 4046 οὕτω

356 4091 451 4144 καὶ
482 4090 544 4144 τὸ
565 4090 727 4163 ἔργον
749 4091 932 4146 αὐτοῦ’
980 4092 1073 4145 καὶ
1116 4092 1191 4154 ὡς
1227 4092 1256 4142 ό
1290 4090 1414 4153 νοῦς
1449 4088 1647 4152 αὑτοῦ,
1670 4087 1814 4141 οὕτω
1836 4086 1929 4140 καὶ

354 4183 419 4235 τὸ
438 4182 600 4255 ἔργον
622 4182 807 4236 αὐτοῦ·
835 4184 929 4237 καὶ
950 4183 1026 4247 ὡς
1049 4185 1082 4253 ἡ
1110 4183 1428 4255 προαίρεσις
1450 4179 1637 4245 αὑτοῦ,
1673 4179 1818 4233 οὕτω
1839 4179 1932 4231 καὶ

359 4275 393 4345 ἡ
437 4275 634 4346 πρᾶξις
679 4275 864 4330 αὐτοῦ·
909 4275 984 4339 ὡς
1024 4277 1057 4345 ή
1104 4274 1298 4346 καρδία
1336 4273 1524 4338 αὑτοῦ,
1564 4272 1706 4325 οὕτω
1741 4271 1832 4323 καὶ
1869 4271 1931 4324 τὸ

362 4366 534 4439 στόμα
558 4367 743 4421 αὐτοῦ·
768 4368 843 4432 ὼς
860 4370 888 4420 ὁ
910 4367 1183 4437 ὀφθαλμὸς
1206 4364 1393 4429 αὑτοῦ,
1419 4365 1561 4418 οὕτω
1586 4365 1679 4418 καὶ
1713 4367 1741 4421 ό
1766 4363 1928 4425 ὕπνος

361 4432 546 4510 αὑτοῦ*
571 4457 645 4521 ὡς
676 4456 874 4529 ἡψυχὴ
917 4432 1102 4519 αυτοῦ,
1128 4454 1270 4508 οὕτω
1311 4456 1405 4508 και
1444 4456 1473 4507 ό
1496 4454 1650 4523 λόγος
1683 4452 1870 4515 αὐτοῦ,
1897 4452 1931 4521 ἢ
1964 4432 2007 4484 τ’

362 4551 422 4603 ἐν
443 4549 592 4620 νόμῳ
611 4550 837 4622 Κυρίου,
865 4549 898 4620 ἢ
923 4550 981 4602 ἐν
1004 4550 1151 4621 νόμῳ
1188 4549 1404 4623 Βελιάρ.
1445 4547 1555 4616 Καὶ
1595 4546 1670 4610 ὡς
1707 4544 1935 4617 κεχώρι-

366 4658 487 4693 σται
512 4641 783 4711 ἀνάμεσω
801 4640 974 4710 φωτὸς
994 4641 1087 4694 καὶ
1116 4639 1356 4703 σκότους,
1372 4639 1614 4710 ὁράσεως
1631 4637 1723 4690 καὶ
1743 4637 1930 4706 ἀκοῆς

362 4727 507 4782 οὕτω
546 4728 871 4801 κεχώρισται
912 4731 1184 4801 ἁνάμεσον
1219 4730 1410 4801 ἀνδρὸς
1449 4731 1544 4782 καὶ
1580 4729 1803 4801 ἀνδρὸς,
1844 4728 1937 4780 κα).

366 4820 635 4893 ἁνάμεσον
658 4822 911 4890 γυναικὸς
926 4824 1019 4876 καὶ
1033 4822 1304 4892 γυναικός·
1330 4821 1423 4874 καὶ
1446 4822 1547 4874 οὐκ
1572 4821 1718 4875 ἔστιν
1740 4824 1931 4883 εἰπεῖν,

423 4981 470 5012 ³⁵
502 4979 630 5050 Sap.
669 4995 744 5045 xu,
781 4978 872 5033 ‘21.
949 4978 990 5010 ¹⁵
1020 4979 1147 5048 Sap.
1177 4996 1262 5044 μ’,
1292 4979 1342 5031 7.
1421 4981 1462 5011 ¹⁶
1490 4978 1652 5035 Hebr.
1698 4996 1770 5048 Iv,
1802 4981 1886 5035 l5.

442 5137 553 5209 (94)
595 5137 895 5209 Ἐκλήθην
919 5138 1276 5208 Νεφθαλείμ.
1303 5136 1637 5192 Peculiarem
1672 5149 1937 5193 rationem

372 5208 614 5264 miluinis
650 5208 992 5278 Nephtbalim
1042 5208 1285 5275 assignat
1312 5219 1503 5262 auctor
1528 5219 1738 5278 noster,
1761 5209 1940 5263 diver-

370 5295 491 5351 sam
518 5278 588 5351 ab
618 5295 682 5351 ea
705 5277 826 5351 quae
846 5295 874 5332 a
901 5279 1107 5351 Moyse,
1125 5278 1324 5351 Genes.
1355 5294 1486 5351 xxx,
1515 5277 1569 5342 8,
1600 5278 1851 5343 traditur,
1879 5294 1943 5333 ac

372 5349 600 5418 proinde
627 5348 770 5404 haud
797 5347 1224 5418 approbandam.
1259 5347 1570 5418 Genuiuum
1596 5357 1777 5403 autem
1812 5365 1939 5403 sen-

374 5417 497 5474 Sum
550 5419 714 5489 hujus
760 5417 1019 5486 nominis,
1060 5428 1114 5474 et
1155 5419 1449 5474 verborum
1494 5417 1698 5489 Moysis
1743 5418 1810 5489 de
1855 5435 1940 5483 eo,

373 5489 593 5611 σεθυηὲ
626 5487 1097 5546 commentatores
1148 5489 1204 5543 in
1260 5490 1487 5546 citatum
1534 5487 1943 5560 locum,Gcne-

376 5574 522 5611 SCOS.
579 5577 722 5611 ιΙιΛΒ.

376 5574 522 5615 500$.
554 5574 722 5614 ιιιιιὶιι.

469 5630 560 5695 95)
590 5630 808 5699 Εὐχάς.
840 5630 1121 5699 Εὑλογίας.
1152 5631 1227 5687 In.

469 5698 558 5769 96)
596 5698 891 5756 Ῥὸυθέου.
938 5698 1231 5755 Ῥίουθαίου.
1256 5701 1311 5757 In

2027 3378 2136 3418 uno
2159 3362 2389 3433 capillo;
2427 3359 2667 3429 pendere
2703 3357 2851 3412 enim
2874 3365 2926 3412 et
2953 3372 3209 3412 mensura
3231 3365 3287 3413 et
3314 3358 3500 3427 regula
3528 3354 3594 3423 “-,

2027 3453 2206 3508 omnis
2241 3459 2493 3506 creatura
2524 3448 2789 3504 Altissimi
2825 3447 3144 3520 (consistit).
3181 3444 3249 3500 Et
3276 3446 3421 3503 sicut
3446 3445 3598 3503 novit

2030 3545 2224 3616 ﬁgulus
2260 3542 2695 3613 uniuscujusque
2724 3556 2905 3608 usum,
2929 3540 3131 3611 quibus
3160 3538 3325 3594 rebus
3353 3536 3599 3593 sufﬁcere

2028 3646 2193 3707 queat
2223 3636 2302 3703 ¹⁸;
2336 3635 2411 3689 ita
2442 3642 2497 3690 et
2537 3633 2802 3688 Dominus
2849 3631 3001 3686 novit
3047 3645 3281 3700 corpus,
3313 3642 3600 3699 usquequo

2030 3720 2337 3784 sulliciatin
2368 3725 2544 3790 bono,
2577 3734 2633 3778 et
2665 3724 2884 3794 quando
2925 3722 3112 3792 incipit
3152 3722 3208 3776 in
3249 3721 3417 3776 malo.
3446 3718 3600 3787 Quo-

2031 3824 2176 3877 niam
2206 3835 2317 3875 non
2342 3829 2427 3874 est
2451 3818 2558 3872 ulla
2589 3825 2860 3884 creatura,
2883 3830 2985 3870 nec
3003 3814 3111 3869 ulla
3134 3813 3413 3884 cogitatio,
3434 3825 3600 3881 quam

2031 3930 2139 3968 non
2172 3911 2425 3983 cognovit
2470 3909 2737 3963 Dominus
2771 3904 3087 3973 “;'omnem
3136 3905 3281 3960 enim
3323 3902 3600 3957 hominem

2032 4004 2239 4059 creavit
2278 4004 2344 4058 ad
2390 4002 2681 4073 imaginem
2726 4014 2904 4054 suam.
2951 3997 3104 4052 Sicut
3151 3993 3416 4050 fortitudo
3459 3992 3603 4063 ejus,

2035 4097 2108 4150 ita
2154 4103 2381 4164 etopus
2425 4094 2574 4161 ejus;
2618 4102 2674 4147 et
2710 4092 2853 4148 sicut
2893 4105 3050 4145 mens
3078 4088 3219 4159 ejus,
3262 4087 3336 4141 ita
3383 4094 3437 4142 et
3466 4100 3604 4155 Opus

2037 4188 2186 4259 ejus;
2238 4197 2291 4242 et
2335 4187 2477 4241 sicut
2519 4185 2825 4256 praelectio
2865 4184 3016 4253 ejus,
3046 4182 3119 4235 ita
3163 4189 3216 4235 et
3257 4189 3412 4234 actus
3452 4177 3602 4247 ejus;

2040 4281 2184 4335 sicut
2205 4294 2301 4334 cor
2329 4279 2469 4347 ejus,
2495 4279 2569 4331 ita
2600 4287 2655 4332 et
2692 4292 2753 4331 os
2776 4276 2930 4345 ejus;
2972 4274 3115 4330 sicut
3142 4272 3335 4326 oculus
3366 4268 3508 4340 ejus,
3533 4267 3606 4323 ita

2033 4381 2088 4426 et
2120 4386 2347 4427 somnus
2373 4371 2523 4439 ejus;
2551 4370 2692 4425 sicut
2721 4369 2903 4422 anima
2926 4368 3065 4438 ejus,
3091 4367 3164 4419 ita
3183 4371 3239 4418 et
3263 4375 3444 4417 sermo
3464 4358 3605 4429 ejus,

2043 4463 2125 4518 vel
2156 4463 2212 4517 in
2242 4462 2359 4533 lege
2388 4460 2624 4525 Domini,
2658 4460 2740 4514 vel
2773 4459 2829 4512 in
2867 4458 2983 4528 lege
3014 4455 3209 4510 Beliar.
3250 4449 3316 4506 Et
3352 4449 3496 4505 sicut
3525 4446 3610 4501 di-

2044 4557 2223 4611 visum
2250 4564 2334 4612 est
2365 4551 2747 4609 intermedium
2782 4550 2922 4606 lucis
2964 4557 3017 4604 et
3049 4545 3395 4603 tenebrarum
3415 4582 3431 4607 ,
3454 4539 3609 4595 visus

2044 4656 2097 4703 et
2124 4648 2344 4704 auditus
2382 4666 2395 4699 :
2427 4647 2501 4700 ita
2547 4643 2784 4701 divisum
2842 4650 2928 4697 est
2984 4636 3370 4701 intermedium
3414 4632 3519 4686 viri
3555 4638 3610 4685 et

2046 4742 2171 4802 viri,
2208 4752 2262 4796 et
2306 4738 2688 4794 intermedium
2725 4733 2972 4790 mulieris
3005 4743 3060 4787 ct
3100 4727 3375 4794 mulieris;
3407 4732 3464 4805 et
3497 4738 3607 4778 non

2046 4842 2129 4888 est
2165 4831 2479 4893 dicendum,
2505 4827 2652 4899 quod
2698 4826 2805 4880 ulla
2839 4825 2893 4879 in
2942 4839 3001 4877 re
3031 4820 3188 4876 faciei
3223 4819 3308 4873 vel
3346 4814 3607 4874 similium

2113 5136 2222 5204 (97)
2254 5136 2557 5201 Δεϐόρῤαςο
2584 5129 2871 5204 Δξθδᾷρςις-
2901 5127 2978 5204 IP-

2134 5209 2223 5269 98)
2262 5199 2552 5269 Ῥοῠθέος.
2600 5199 2890 5262 Ῥουθαῖος.
2918 5199 2992 5252 In.

2134 5209 2203 5261 98
2262 5209 2552 5269 Ῥουθέος.
2600 5209 2890 5262 Ῥουθαῐος.
2919 5209 2992 5252 In.

2113 5209 2225 5345 (99)
2265 5273 2738 5398 ᾙγὲιίιλωτεύθη.
2785 5265 3331 5356 ᾘχμαλωτίσθη..1υ.
3466 5332 3475 5347 υ

2115 5346 2260 5398 (100)
2300 5351 2345 5398 Λ
2382 5361 2520 5398 των·
2574 5338 3027 5398 Καινόσπουδος
3065 5356 3185 5398 μου
3244 5339 3284 5398 ἡ
3332 5336 3475 5398 (ivra

2293 5336 2531 5418 ᾊέτωνί
2571 5336 3027 5418 μαιῄόσὲτὸἦίδὸς
3064 5336 3195 5418 φρογς
3244 5339 3284 5405 ἠ
3305 5336 3610 5418 ,θυγάτηρ

2046 5399 2674 5486 Εὗθῦξτὰρὶεχθεῒσα
2700 5410 2959 5486 ἔσπενδε
2994 5399 3503 5486 ᾇηίλὰζειτίεὶοειιιιι.
3535 5399 3611 5455 In.

2144 5488 2192 5550 l)
2219 5478 2611 5550 ’Ἄπρατοζλὴν
2629 5482 2727 5535 καί
2758 5482 2983 5538 omissa.
3011 5478 3086 5534 In.

2144 5488 2163 5541 l
2228 5488 2727 5550 Ἀποστολὴνκαί
2758 5488 2900 5538 omis

2115 5488 2192 5623 (2)
2219 5556 2460 5613 Λοιπόν.
2506 5553 2796 5623 Ἐλλεῖπον.
2823 5551 2901 5606 In.

2227 5611 2429 5749 Ῠριῖον
2458 5625 2674 5695 τριχός.
2696 5621 2892 5679 Omnia
2909 5622 3113 5678 omissa
3141 5632 3311 5688 usque
3339 5611 3465 5683 ιιάῆ
3498 5611 3616 5669 τῶν

2116 5716 2154 5749 εί)
2180 5714 2282 5749 ων.
2344 5713 2395 5749 υ.
2690 5734 2700 5747 ,ι

2049 5702 2282 5769 ὁμοίων.
2322 5702 2395 5751 In.
