4076 6142
399 275 534 334 “09

1508 285 2020 345 TESTAMENTUM
2046 289 2508 348 NEPHTHALIM.

3473 303 3630 364 “l0

465 395 538 447 A’.
580 413 597 446 ι
621 394 804 449 Ταῦτα
826 396 986 465 λέγω,
1009 397 1168 450 τέκνα
1195 413 1316 467 μου,
1343 399 1422 451 ὅτι
1446 399 1683 468 ἀνέγνων
1699 403 1756 454 ὲν
1779 403 1960 476 Γραφῇ

2063 405 2077 419 ³
2143 405 2234 459 ιν.
2279 405 2448 462 «Haec
2469 408 2612 476 dico,
2639 409 2731 464 ﬁlii
2759 414 2896 479 mei,
2931 417 3191 484 quoniam
3234 416 3336 488 legi
3383 421 3437 475 in
3483 420 3632 477 Scri-

392 486 526 556 ἁγίᾳ
549 485 658 559 (l9)
708 487 895 558 Ἑνὼχ,
932 489 1013 540 ὅτι
1046 489 1137 542 καί
1155 506 1218 558 γε
1253 491 1408 560 ὑμεῖς
1443 491 1815 562 ἀποστήσεσθε
1855 495 1962 547 ἀπὸ

392 576 622 646 Κυρίου,
639 579 990 649 πορευόμενοι
1012 578 1154 631 κατὰ
1174 580 1351 632 πᾶσαν
1372 580 1634 652 πονηρίαν
1659 581 1850 647 ὲθνῶν,
1869 583 1962 636 καὶ

393 667 646 738 ποιήσετε
679 668 820 722 κατὰ
841 671 1022 722 πᾶσαν
1044 669 1274 742 ἀνομίαν
1301 670 1567 741 Σοδόμων.
1620 673 1730 724 Καὶ
1771 673 1962 739 ἐπάξει

394 759 522 828 ύμῖν
561 759 761 831 Κύριος
795 761 1192 833 αἰχμαλωσίαν,
1234 765 1326 816 καὶ
1367 762 1678 816 δουλεύσετε
1705 763 1822 817 ἐκεῖ
1850 766 1962 827 τοῖς

392 849 602 920 ἐχθροῖς
635 851 665 903 ὑ
673 850 809 921 μῶν,
837 853 931 905 καὶ
943 833 1091 926 πάσῃ
1115 853 1352 928 κακώσει
1375 856 1468 908 καὶ
1489 854 1663 925 θλίψει
1691 857 1961 924 συγκαλυ-

394 941 661 1013 φθήσεσθε
697 942 828 1015 (20),
856 945 959 1010 ἕως
984 946 1050 1000 ἂν
1066 945 1318 1019 ἀναλώσῃ
1341 946 1544 1018 Κύριος
1565 949 1769 1013 πάντας
1793 950 1958 1020 ὑμᾶς.

391 1037 502 1089 Καὶ
557 1036 695 1107 μετὰ
735 1038 798 1090 τὸ
850 1037 1176 1108 ὀλιγωθῆναι
1211 1040 1356 1110 ὑμᾶς
1390 1041 1486 1092 κα).
1537 1041 1957 1112 σμικρυνθῆναι,

392 1129 752 1200 ἐπιστρέφετε
776 1130 870 1181 καὶ
896 1127 1264 1197 ἐπιγνώσεσθε
1287 1129 1491 1202 Κύριον
1517 1131 1606 1184 τὸν
1625 1131 1762 1185 Θεὸν
1785 1131 1955 1202 ὑμῶν·

392 1219 486 1271 κα).
517 1219 835 1289 ἐπιστρέψει
863 1221 1008 1290 ὑμᾶς
1024 1221 1104 1283 εἰς
1135 1220 1234 1291 τὴν
1255 1221 1360 1289 γῆν
1383 1221 1559 1291 ὑμῶν,
1586 1221 1726 1274 κατὰ
1745 1223 1806 1275 τὸ
1827 1223 1959 1276 πολὺ

390 1310 552 1362 αὐτοῦ
579 1310 742 1375 ἔλεος.
771 1313 880 1364 Καὶ
911 1311 1082 1377 ἔσται,
1111 1313 1187 1365 ὅτ’
1221 1311 1287 1365 ἂν
1308 1312 1528 1383 ἥξουσιν
1550 1315 1607 1366 ὲν
1630 1317 1700 1385 γῇ
1730 1314 1960 1386 πατρῲῃ

303 1437 310 1442 -
387 1402 586 1467 αὐτῶν,
616 1402 778 1456 πάλιν
813 1402 1172 1458 ἐπιλάθωνται
1199 1403 1427 1475 Κυρίου,
1477 1405 1574 1457 xal
1608 1405 1956 1476 ὰσεϐήσουσι,

389 1495 482 1546 καὶ
503 1495 784 1566 διασπερεί
825 1494 1021 1558 αὐτοὺς
1063 1493 1267 1564 Κύριος
1311 1495 1404 1547 ἐπὶ
1439 1493 1731 1565 προσώπου
1780 1495 1959 1566 πάσης

387 1587 488 1655 τῆς
512 1586 634 1656 γῆς,
664 1585 790 1656 ἄχρι
814 1585 906 1638 τοῦ
940 1584 1110 1637 ἐλθεῖν
1134 1586 1194 1638 τὸ
1220 1584 1522 1654 σπλάγχνον
1570 1585 1774 1655 Κυρίου
1794 1625 1808 1648 ,
1864 1585 1958 1638 ἄν-

389 1677 605 1747 θρωπος
628 1677 797 1730 ποιῶν
816 1677 1180 1748 δικαιοσύνην,
1218 1678 1310 1731 κα).
1335 1677 1502 1730 ποιῶν
1541 1676 1688 1741 ἕλεος
1714 1677 1793 1740 εἰς
1828 1676 1932 1730 πάν
1949 1710 1959 1715 ης

387 1790 485 1837 τας
508 1774 634 1838 τοὺς
658 1774 894 1846 μακρὰν,
921 1775 1014 1827 καὶ
1038 1775 1163 1837 τοὺς
1197 1773 1362 1841 ἐγγύς
1388 1771 1520 1844 (21).

460 1957 533 2008 E'.
581 1976 598 2006 ι
642 1957 728 2009 Ἐν
750 1955 860 2026 γὰρ
881 1956 992 2009 ἔτει
1018 1958 1438 2028 τεσσαρακοστῷ
1483 1958 1629 2028 ζωῆς
1665 1974 1796 2027 μου,
1824 1953 1960 2010 εἶδον

387 2052 445 2103 ἐν
466 2049 646 2120 ὄρεσιν
671 2048 782 2121 (22)
805 2049 982 2102 ελαίου
1001 2049 1113 2120 (25)
1130 2050 1273 2103 κατὰ
1287 2049 1551 2113 ἀνατολὰς
1587 2048 1958 2121 Ἰερουσαλὴμ,

385 2139 468 2190 ὅτι
499 2141 528 2190 6
551 2137 701 2206 ἥλιος
733 2139 827 2190 καὶ
847 2141 880 2209 ή
914 2137 1109 2210 σελήνη
1132 2139 1390 2212 ἓστηκαν.
1419 2140 1532 2216 Καὶ
1567 2141 1675 2194 ἰδοὺ
1717 2138 1904 2192 Ἰσαὰκ
1933 2140 1962 2190 6

388 2229 568 2301 πατὴρ
598 2229 691 2283 τοῦ
727 2230 932 2302 πατρός
969 2249 1068 2302 μου
1091 2231 1236 2301 λέγει
1272 2233 1404 2302 ήμῖν
1423 2249 1436 2262 ·
1472 2251 1490 2282 ι
1515 2229 1962 2302 Προσδραμόντες

387 2317 692 2387 κρατήσατε
712 2316 941 2381 ἕκαστος
967 2317 1110 2371 κατὰ
1129 2317 1356 2388 δύναμιν
1377 2335 1389 2346 ·
1420 2318 1514 2370 καὶ
1546 2316 1641 2376 τοῦ
1666 2315 1961 2376 πιάσαντος

385 2409 534 2462 ἔσται
569 2411 598 2462 6
618 2409 767 2478 ἥλιος
790 2411 883 2464 καὶ
915 2413 948 2481 ἡ
981 2409 1202 2482 σελήνη.
1230 2431 1248 2462 ι
1278 2411 1387 2463 Kal
1427 2408 1628 2471 πάντες
1661 2405 1795 2478 ἁμοῦ
1837 2407 1962 2457 επε-

382 2499 661 2572 δ-ράμομεν
679 2518 691 2533 ·
731 2502 824 2554 καὶ
847 2502 875 2553 6
896 2501 1026 2554 Λευῗ
1050 2503 1321 2573 ἐκράτησε
1339 2501 1430 2554 τὸν
1452 2501 1622 2571 ἥλιον,
1651 2500 1745 2553 καὶ
1767 2501 1794 2552 6
1833 2497 1962 2550 ἰού-

383 2590 477 2654 δας
505 2591 716 2660 φθάσας
741 2592 935 2646 ὲπίασε
959 2592 1058 2662 τὴν
1085 2592 1310 2664 σελήνην
1330 2609 1344 2621 ⁶
1381 2593 1474 2644 καὶ
1515 2587 1808 2660 ὑψώθησαν
1856 2588 1961 2656 ἁμ-

385 2680 597 2752 φότεροι
625 2683 721 2735 σὺν
737 2681 940 2745 αὐτοῖς.
966 2683 1075 2735 Kal
1097 2682 1246 2744 ὄντος
1269 2679 1363 2734 τοῦ
1381 2678 1508 2733 Λευῒ
1533 2679 1608 2742 ὡς
1640 2677 1813 2747 ἡλίου,
1839 2692 1961 2728 νεα-

387 2775 502 2839 νίας
526 2792 609 2838 τις
642 2775 944 2829 ἐπιδίδωσιν
968 2773 1115 2845 αὐτῷ
1145 2774 1272 2844 βάῖα
1292 2771 1545 2843 φοινίκων
1575 2769 1672 2834 ιϐ’,
1700 2770 1794 2824 κα).
1831 2768 1962 2821 Ἰού-

385 2866 479 2929 δας
500 2861 567 2936 ἦν
586 2865 858 2937 λαμπρὸς,
881 2867 956 2930 ὡς
990 2869 1022 2937 ή
1078 2866 1296 2938 σελήνη,
1349 2869 1442 2920 καὶ
1475 2868 1581 2920 ὑπὸ
1623 2869 1749 2931 τοὺς
1793 2867 1960 2930 πόδας

297 2941 304 2950 θ
385 2959 549 3014 αὐτοῦ
572 2955 709 3032 ἦσαν
734 2958 798 3013 ιϐ’
833 2961 1071 3022 ἀκτῖνες.
1096 2959 1205 3010 Kal
1232 2959 1673 3032 προσδραμόντες
1714 2959 1960 3030 ἀλλήλοις

383 3056 412 3107 6
436 3051 566 3105 Λευῒ
591 3052 684 3107 καὶ
722 3054 750 3105 ό
780 3052 1001 3116 Ἰούδας,
1035 3053 1344 3123 ἐκράτησαν
1395 3049 1640 3113 ἑαυτούς.
1689 3050 1800 3103 Kal
1847 3050 1956 3104 ἰδοὺ

383 3143 580 3215 ταῦρος
615 3144 706 3197 ὲπ).
727 3143 824 3215 τῆς
849 3109 1135 3213 γῆςξνὲχων
1171 3109 1264 3195 δύό
1314 3140 1524 3210 κέρατα
1570 3109 1777 3210 μεγάλα
1800 3181 1814 3204 ,
1862 3141 1956 3192 καὶ
1985 3109 2028 3166 C

384 3236 660 3308 πτέρυγας
687 3233 845 3287 ἀετοῦ
874 3234 966 3286 ὲπ),
990 3231 1083 3284 τοῦ
1126 3231 1296 3285 νώτου
1336 3228 1500 3284 αὐτοῦ
1521 3247 1533 3259 ·
1576 3231 1670 3282 καὶ
1713 3229 1956 3294 θέλοντες

384 3331 546 3384 αὐτὸν
572 3329 801 3390 πιάσαι,
843 3329 944 3382 οὐκ
975 3324 1339 3396 ἠδυνήθημεν.
1393 3323 1608 3386 Φθάσας
1654 3323 1711 3376 δὲ
1763 3322 1957 3393 Ἰωσὴφ

384 3424 575 3476 ἔλαϐεν
600 3421 780 3484 αὐτὸν,
807 3421 900 3474 καὶ
927 3417 1184 3486 συνῆλθεν
1206 3416 1354 3486 αὐτῷ
1379 3417 1458 3479 εἰς
1486 3415 1636 3484 ὕψος.
1674 3416 1784 3468 Kal
1820 3410 1959 3468 εἶδον

387 3513 501 3584 (ὃτι
535 3515 682 3584 ήμην
733 3510 920 3582 παρὼν
958 3509 1108 3580 ἐκεῖ)
1145 3508 1239 3562 κα).
1285 3509 1390 3561 ἰδοὺ
1413 3508 1603 3579 Γραφὴ
1644 3507 1777 3575 ἁγία
1804 3504 1956 3577 ὤφθη

384 3606 538 3674 ἡμῖν,
561 3603 793 3672 λέγουσα
810 3619 823 3631 ·
849 3621 868 3652 ι
907 3599 1178 3670 Ἀσσύριοι
1197 3639 1212 3664 ,
1251 3598 1425 3669 Μῆδοι
1444 3639 1460 3663 ,
1504 3599 1708 3668 Πέρσαι
1734 3638 1749 3662 ,
1811 3597 1960 3650 Ἐλυ-

362 3684 364 3687 ’
391 3697 537 3767 paan
573 3694 706 3766 (24),
739 3695 1024 3765 Γελαχαῖοι
1059 3691 1192 3765 (25),
1220 3691 1494 3755 Χαλδαῖοι,
1523 3691 1716 3762 Σύροι,
1759 3691 1958 3762 κληρο-

389 3790 714 3860 νομήσουσιν
736 3785 1078 3858 αἰχμαλωσίᾳ
1101 3784 1170 3838 τὰ
1193 3784 1256 3837 ιϐ’
1279 3784 1529 3854 σκῆπτρα
1551 3781 1644 3834 τοῦ
1686 3783 1918 3854 Ἰσραήλ.
1935 3803 1953 3834 ι

461 3907 552 3972 ς’.
589 3923 608 3954 ι
633 3903 742 3955 Kal
766 3901 927 3955 πάλιν
954 3897 1093 3971 μετὰ
1119 3898 1293 3970 μῆνας
1319 3896 1458 3949 ἑπτὰ
1479 3892 1616 3949 εἶδον
1639 3896 1729 3950 τὸν
1749 3897 1961 3968 πατέρα

389 3996 545 4068 ήμῶν
579 3992 770 4048 Ἰακὼϐ
793 4034 807 4057 ,
845 3992 1110 4063 ἑστηκότα
1149 3991 1207 4043 ὲν
1239 3993 1306 4061 τῇ
1332 3989 1574 4062 θαλάσσῃ
1612 3989 1790 4058 Ἰαμνέ
1823 3990 1955 4061 (26)’

389 4088 482 4139 καὶ
506 4087 663 4156 ἡμεῖς
687 4085 734 4136 οἱ
759 4082 862 4135 υἱοὶ
891 4081 1052 4135 αὐτοῦ
1080 4080 1176 4132 σὺν
1199 4078 1366 4150 αὐτῷ.
1393 4081 1502 4132 Kal
1527 4079 1633 4132 ίδοὺ
1659 4079 1840 4133 πλοῖον
1863 4082 1961 4152 ήρ-

387 4195 511 4249 χετο
535 4172 826 4247 ἀρμενίζον
849 4215 863 4236 ,
904 4173 1099 4242 μεστὸν
1130 4171 1390 4243 ταρίχων,
1425 4170 1582 4233 ἐκτὸς
1613 4171 1823 4224 ναυτῶν
1869 4175 1960 4226 κα).

387 4267 736 4339 κυϐερνήτουο
760 4263 1137 4334 ἐπεγέγραπτο
1157 4261 1234 4325 δὲ,
1262 4261 1327 4314 τὸ
1361 4257 1575 4314 πλοῖον
1619 4262 1831 4314 Ἰακώϐ.
1851 4264 1961 4316 Καὶ

387 4361 529 4427 λέγει
564 4360 695 4430 ήμῖν
717 4359 744 4410 ὀ
770 4355 949 4425 πατὴρ
971 4353 1129 4424 ήμῶν
1148 4370 1160 4382 ·
1194 4371 1211 4403 ι
1247 4352 1534 4422 Ἐμϐῶμεν
1561 4353 1639 4415 εἰς
1675 4351 1736 4404 τὸ
1779 4352 1959 4405 πλοῖον

2062 507 2220 566 ptura
2249 501 2442 554 sancta
2471 499 2678 566 Enoch,
2709 504 2854 572 quod
2891 515 2944 559 et
2973 522 3080 562 vos
3131 509 3395 566 recedetis
3441 526 3472 566 a
3503 511 3615 568 Do-

2063 591 2234 655 mino,
2260 592 2602 648 ambulantes
2629 596 2930 650 secundum
2958 613 3174 654 omnem
3205 602 3470 658 malitiam
3500 620 3631 674 gen-

2064 680 2219 744 tium,
2249 689 2304 734 et
2337 680 2546 737 facietis
2575 684 2879 739 secundum
2910 703 3126 743 omnem
3158 691 3501 761 iniquitatem
3529 693 3630 749 So-

2061 771 2373 826 domorum.
2408 773 2469 828 Et
2497 774 2716 830 inducet
2743 777 2897 832 vobis
2932 777 3198 837 Dominus
3234 786 3627 854 captivitatem,

2060 871 2115 917 et
2142 865 2392 922 servietis
2413 867 2523 922 illic
2547 867 2786 924 inimicis
2813 873 3032 938 vestris,
3071 882 3125 928 et
3175 879 3326 931 omni
3369 894 3529 948 paena
3575 889 3630 932 et

2064 953 2415 1010 tribulatione
2441 959 3001 1026 comprehendemini,
3032 977 3317 1033 usquequo
3339 975 3630 1021 consumat

2060 1045 2330 1101 Dominus
2362 1063 2556 1104 omnes
2611 1066 2730 1106 vos.
2783 1050 2851 1106 Et
2907 1061 3196 1122 postquam
3240 1055 3398 1124 pauci
3450 1057 3626 1113 effecti

2060 1137 2276 1194 fueritis
2302 1149 2356 1194 et
2376 1142 2652 1208 minorati,
2685 1147 3032 1200 revertemini
3062 1155 3117 1200 et
3152 1149 3500 1218 cognoscetis
3518 1149 3626 1205 Do—

2062 1230 2270 1285 minum
2297 1231 2468 1286 Deum
2500 1244 2776 1300 vestrum;
2811 1245 2865 1291 et
2888 1247 3168 1292 convertet
3197 1254 3294 1293 vos
3341 1240 3405 1293 in-
3428 1249 3624 1296 terram

2063 1334 2323 1391 vestram,
2364 1326 2665 1380 secundum
2697 1329 2922 1382 multam
2953 1330 3389 1386 misericordiam
3447 1349 3624 1387 suam.

2062 1416 2128 1470 Et
2167 1418 2292 1482 erit,
2344 1433 2470 1472 cum
2513 1419 2762 1473 venerint
2803 1419 2858 1475 in
2881 1429 3084 1475 terram
3116 1430 3333 1490 patrum
3373 1439 3626 1490 suorum,

2061 1518 2254 1565 rursus
2281 1511 2672 1566 obliviscentur
2698 1511 2934 1578 Domini,
2965 1522 3020 1568 et
3050 1514 3214 1584 impie
3237 1525 3434 1585 agent,
3464 1526 3519 1572 et
3547 1516 3630 1570 di-

2063 1613 2276 1674 sperget
2298 1619 2394 1658 eos
2422 1603 2690 1660 Dominus
2713 1621 2880 1675 super
2907 1608 3100 1661 faciem
3135 1608 3406 1663 universae
3449 1618 3628 1670 terr-az,

2063 1712 2348 1766 usquequo
2367 1697 2576 1752 venerit
2597 1697 2967 1753 misericordia
2985 1698 3220 1766 Domini,
3233 1699 3400 1754 homo
3422 1699 3632 1755 iaciens

2057 1787 2325 1857 justitiam
2351 1795 2406 1842 et
2430 1785 2640 1842 faciens
2667 1788 3103 1844 misericordiam
3144 1789 3200 1843 in
3259 1806 3450 1846 omnes
3471 1833 3487 1858 ,
3530 1791 3628 1860 qui

2060 1882 2218 1950 longe
2247 1889 2395 1947 sunt,
2427 1892 2482 1935 et
2505 1881 2602 1950 qui
2629 1896 2798 1952 prope
2845 1891 2975 1937 sunt
3004 1883 3070 1936 ³³.

2133 1969 2198 2026 ν.
2245 1990 2265 2023 ι
2289 1973 2348 2025 1η
2381 1986 2527 2026 anno
2549 1972 2698 2027 enim
2724 1973 3151 2044 quadragesimo
3171 1975 3298 2030 vitae
3327 1991 3483 2044 meae,
3522 1975 3632 2030 vidi

2061 2066 2422 2122 inmontibus
2451 2067 2559 2122 olei
2581 2082 2778 2124 versus
2797 2068 3064 2122 orientem
3109 2066 3436 2134 Jerusalem,
3485 2069 3632 2138 quod

2061 2160 2221 2214 solet
2243 2159 2374 2214 luna
2409 2167 2682 2216 steterunt
2712 2161 2781 2215 ".
2810 2161 2878 2216 Et
2905 2178 3032 2218 ecce
3079 2164 3235 2219 Isaac
3277 2173 3432 2234 pater
3461 2163 3634 2234 patris

2062 2250 2169 2303 mei
2197 2249 2328 2304 dicit
2353 2250 2545 2304 nobis:
2591 2269 2610 2301 ι
2636 2251 3001 2306 Accurrentes
3038 2259 3217 2307 tenete
3251 2254 3634 2323 unusquisque

2063 2341 2362 2396 secundum
2387 2343 2642 2398 virtutem
2693 2359 2884 2409 suam;
2922 2351 2976 2398 et
3019 2343 3478 2413 apprehendentis
3529 2344 3635 2398 erit

2062 2431 2144 2486 sol
2177 2441 2230 2486 et
2257 2433 2408 2488 luna.
2451 2453 2470 2485 ι
2507 2432 2574 2487 Ει
2623 2449 2814 2489 omnes
2869 2434 3033 2489 simul
3091 2436 3547 2500 accurrebamus;
3579 2444 3636 2491 et

2061 2521 2189 2577 Levi
2226 2526 2400 2578 tenuit
2425 2526 2624 2592 solem,
2675 2535 2730 2580 et
2754 2525 2925 2582 Judas
2957 2527 3296 2596 praeveniens
3331 2527 3636 2598 apprehen-

2062 2615 2140 2668 dit
2171 2617 2468 2682 lunam;et
2489 2617 2712 2672 exaltati
2739 2626 2869 2672 sunt
2891 2618 3053 2673 ambo
3093 2633 3218 2672 cum
3257 2617 3358 2672 eis.
3405 2616 3471 2672 Et
3507 2632 3633 2675 cum

2061 2717 2207 2763 esset
2236 2707 2366 2763 Levi
2390 2710 2533 2765 sicut
2561 2711 2898 2780 sol,juvenis
2919 2711 3148 2780 quidam
3192 2710 3419 2764 tradidit
3447 2709 3497 2764 ei
3541 2724 3633 2763 ra-

2062 2815 2182 2854 mos
2208 2800 2512 2869 palmarum
2545 2801 2868 2856 duodecim:
2908 2813 2962 2856 et
2984 2799 3156 2856 Judas
3187 2810 3303 2856 erat
3342 2801 3635 2870 splendens

2061 2894 2298 2957 ut.luna,
2331 2901 2386 2949 et
2415 2893 2518 2949 sub
2543 2895 2775 2964 pedibus
2795 2894 2917 2964 ejus
2945 2903 3104 2950 erant
3130 2894 3199 2950 12
3241 2893 3400 2949 radii.
3439 2892 3509 2949 Et
3539 2909 3633 2950 ac-

2062 2996 2345 3043 currentcs
2373 2987 2438 3041 ad
2465 3001 2526 3042 se
2553 2987 2784 3041 invicem
2809 2985 2983 3041 Judas
3037 2992 3093 3041 et.
3143 2985 3294 3051 Levi,
3345 2994 3638 3041 tenuerunt

2063 3081 2292 3148 seipsos.
2325 3076 2393 3132 Et
2427 3093 2555 3133 ecce
2600 3086 2794 3132 taurus
2845 3077 2898 3131 in
2925 3085 3093 3143 terra,
3127 3077 3338 3132 habens
3373 3078 3485 3132 duo
3511 3092 3638 3132 cor-

2065 3187 2174 3225 nua
2205 3186 2426 3240 magna,
2461 3179 2515 3224 et
2532 3170 2648 3224 alas
2674 3170 2870 3238 aquin
2902 3170 2957 3223 in
2987 3169 3156 3224 dorso
3174 3169 3333 3238 ejus;
3363 3177 3418 3225 et
3445 3170 3637 3225 volen-

2065 3267 2145 3314 tes
2173 3257 2581 3326 apprehendere
2618 3273 2767 3320 eum,
2792 3273 2902 3311 non
2936 3257 3238 3327 potuimus.
3289 3257 3638 3316 Praeveniens

2063 3360 2243 3405 autem
2272 3349 2471 3418 Joseph
2504 3349 2648 3418 cepit
2678 3364 2828 3415 eum,
2851 3359 2905 3404 et
2950 3350 3199 3405 ascendit
3239 3365 3365 3406 cum
3414 3351 3535 3422 ipso
3578 3352 3635 3407 in

2063 3439 2362 3494 excelsum.
2387 3437 2454 3492 Et
2474 3436 2585 3492 vidi
2619 3437 2904 3506 (quoniam
2942 3438 3164 3492 aderam
3211 3437 3455 3508 illic),"et
3507 3456 3636 3497 ecce

2066 3532 2345 3600 Scriptura
2369 3538 2557 3585 sancta
2591 3529 2845 3598 apparuit
2876 3529 3059 3596 nobis,
3109 3529 3327 3586 dicens:
3363 3533 3632 3604 «Assyrii,

2062 3624 2429 3692 Medi,Persze,
2449 3623 2692 3692 Elymaﬁ,
2713 3621 3006 3688 Gelachtci,
3019 3622 3280 3690 Chaldaei,
3296 3621 3440 3695 Syri,
3456 3625 3602 3680 basre
3616 3655 3632 3666 -

2062 3719 2282 3774 ditatem
2305 3716 2628 3771 obtinebunt
2663 3715 2716 3767 in
2739 3714 3051 3783 captivitate
3074 3715 3142 3768 12
3163 3724 3374 3785 sceptra
3394 3716 3580 3772 Israel.
3609 3735 3628 3768 ι

2148 3895 2232 3949 Vl.
2265 3892 2364 3946 «Et
2393 3908 2587 3947 rursus
2631 3899 2757 3961 post
2786 3907 3003 3947 menses
3047 3903 3252 3963 septem
3285 3895 3396 3952 vidi
3422 3905 3631 3966 patrem

2064 3997 2314 4042 nostrum
2350 3983 2538 4048 Jacob,
2573 3989 2805 4037 stantem
2831 3983 2884 4036 in
2915 3984 3052 4036 mari
3077 3981 3270 4039 Jamne
3297 4002 3310 4049 ;
3336 3995 3390 4040 et
3419 3988 3630 4043 nostilii

2062 4077 2183 4146 ejus
2209 4091 2334 4130 cum
2352 4090 2437 4128 eo.
2469 4071 2539 4126 Et
2571 4088 2697 4127 ecce
2735 4072 2892 4128 navis
2923 4075 3072 4129 venit
3108 4076 3421 4144 veliﬁcans,
3475 4080 3632 4148 plena

2065 4166 2228 4223 siccis
2245 4165 2526 4230 carnibus,
2565 4161 2683 4217 sine
2705 4163 2888 4217 nautis
2911 4171 2965 4217 et
2993 4165 3390 4234 gubernatore:
3437 4167 3635 4225 inscri-

2063 4260 2296 4315 bebatur
2319 4266 2523 4319 autem,
2564 4253 2733 4307 Navis
2780 4253 2971 4311 Iacob.
3007 4254 3072 4310 Et
3115 4257 3250 4312 dixit
3289 4259 3449 4314 nobis
3479 4269 3635 4328 pater

2064 4359 2281 4406 noster:
2321 4367 2339 4399 ι
2368 4345 2744 4402 Ascendamus
2770 4344 2827 4399 in
2856 4362 3046 4401 navem
3082 4357 3347 4402 nostram.
3375 4369 3394 4401 ι
3426 4347 3500 4403 Ut
3529 4366 3634 4404 au-

387 4452 560 4522 ήμῶν.
593 4470 612 4502 ι
660 4451 747 4512 Ὠς
780 4448 836 4501 δὲ
862 4446 1200 4516 εἰσήλθομεν,
1227 4443 1432 4513 γίνεται
1458 4442 1671 4513 χειμὼν
1709 4442 1955 4514 σφοδρὸς,

2065 4455 2170 4499 tem
2202 4440 2548 4506 intravimus,
2575 4437 2716 4493 facta
2765 4445 2848 4493 est
2880 4449 3174 4510 tempestas
3206 4443 3503 4498 vehemens
3525 4483 3541 4509 ,
3580 4453 3635 4498 et

388 4545 482 4599 xal
506 4541 703 4612 λαῖλαψ
736 4541 936 4612 ἀνέμου
968 4537 1201 4608 μεγάλου
1227 4576 1243 4600 ,
1279 4536 1392 4589 καὶ.
1423 4535 1726 4604 ὲφεπτᾶται
1773 4534 1886 4607 (27)
1930 4539 1958 4589 ὁ

456 4662 502 4693 ²³
525 4660 725 4731 Ephes.
770 4675 831 4718 ιι.
865 4659 952 4712 l7.
1052 4655 1096 4686 ³⁵
1121 4653 1325 4708 llabac.
1359 4670 1443 4719 ιιι,
1481 4653 1568 4708 Η.

462 4772 798 4895 (,19)οἉγίᾳ.
834 4771 949 4826 Vox
978 4773 1109 4844 ἁγίᾳ
1145 4790 1251 4828 non
1302 4775 1499 4840 legitur
1549 4774 1602 4826 in
1654 4790 1756 4828 ms.
1812 4773 1957 4828 Can-

462 4861 532 4895 ιη’.
618 4858 738 4894 nae.

395 4845 532 4897 tabr.
569 4845 738 4895 Gnae.

486 4914 576 4984 20)
616 4913 1223 4984 Συγκιιλυίρθήσεσθε.
1263 4913 1793 4984 Ἀναστραφήσεσθε.
1823 4915 1904 4968 In.

463 4917 576 5052 (20)
616 4917 1223 5035 Συγκαλύίρθήσεσθε.
1263 4917 1793 4984 Ἀναστραφήσεσθε.
1823 4917 1904 4968 In.

435 4983 706 5105 ἱ³211)¹)Κα
755 4983 924 5035 ἔσται
950 5022 962 5034 .
987 5023 998 5035 .
1022 5021 1070 5036 ..
1102 4985 1196 5038 καί
1223 4981 1583 5053 τοὺςζὲγγύς.
1616 4984 1831 5040 Omissa
1847 5000 1965 5038 om-

386 5074 418 5109 ll
436 5069 506 5109 la.
552 5069 624 5106 ID.

467 5123 579 5194 (22)
632 5123 727 5195 Ἐν
743 5121 964 5192 ὄρεσιν.
997 5124 1133 5195 Add.
1173 5125 1230 5176 ἐν
1256 5123 1468 5195 ὀνείρῳ,
1497 5125 1596 5177 ὅτι.
1637 5128 1711 5177 ιι).

465 5195 580 5262 (23)
636 5194 889 5247 Ἑλαίου.
939 5194 1181 5247 Ἐλαιῶν.
1211 5197 1286 5248 In.

488 5267 579 5332 24)
634 5262 926 5331 Ἑλυμιιῖοι
969 5265 1136 5318 deest.
1169 5267 1244 5318 11).

488 5267 579 5332 24)
634 5266 926 5331 Ἑλυμιιῖοι
969 5266 1136 5318 deest.
1169 5267 1244 5318 11).

466 5266 579 5403 (25)
621 5333 954 5400 Γελαχαῖοι.
986 5334 1256 5389 Χελκαίοι.
1286 5337 1362 5389 In.

466 5407 579 5475 (26)
632 5403 834 5476 'Igpré.
878 5405 1129 5476 Ἰαμνίας.
1156 5405 1632 5460 In.—Richardns
1661 5404 1962 5470 Simonius,

392 5476 485 5540 qui
519 5478 634 5531 btec
667 5475 998 5529 Testamenta
1023 5477 1251 5531 contulit
1281 5493 1404 5531 cum
1456 5492 1560 5530 ms.
1614 5477 1963 5530 bibliotheca:

373 5547 592 5614 ltcgiaz,
629 5554 860 5602 testatur
888 5545 1142 5601 Biblioth.
1193 5547 1312 5600 crit.
1346 5557 1477 5601 tom.
1530 5546 1576 5599 ll
1602 5587 1616 5609 ,
1653 5563 1776 5615 pag.
1833 5547 1960 5615 251,

394 5613 652 5689 codicem
695 5616 950 5689 exhibere
995 5617 1163 5689 eam
1211 5617 1454 5689 θαλάσσῃ
1500 5613 1819 5689 ῘΙαμνείαςη
1857 5613 1962 5689 Sed

397 5686 838 5756 praestat,inquit,
856 5687 1028 5756 legere
1044 5685 1271 5755 ἰάμμας
1294 5708 1305 5738 :
1329 5687 1408 5740 sic
1427 5685 1570 5739 cnim
1587 5685 1955 5756 proculdubio

402 5753 1281 5824 legitepiscopusLincolniensis,
1339 5757 1500 5826 cujus
1549 5753 1728 5812 versio
1782 5756 1858 5810 ita
1898 5770 1956 5811 se

2066 4535 2228 4590 turbo
2252 4533 2397 4587 venti
2428 4531 2646 4602 magni;
2671 4538 2726 4585 et
2756 4531 2937 4585 avolat
2967 4542 3120 4600 pater
3170 4545 3358 4590 noster
3383 4550 3414 4589 a
3451 4536 3632 4601 nobis,

2060 4773 2251 4829 habet:
2274 4768 2355 4842 plu
2377 4770 2513 4842 nigri
2535 4767 2784 4822 Jammaz.
2819 4768 2958 4842 Hinc
2986 4767 3208 4842 conjicit
3257 4771 3348 4842 vir
3381 4786 3617 4842 κριτικω

2058 4860 2237 4905 τατος,
2272 4841 2389 4893 ha-c
2424 4837 2755 4892 Testamenta
2779 4841 2977 4908 scripta
3009 4838 3244 4908 primum
3276 4837 3446 4894 fuisse
3472 4839 3640 4893 Chal-

2059 4914 2242 4974 daice;
2291 4926 2396 4962 vox
2458 4910 2604 4961 enim
2638 4909 2853 4962 Jamma
2915 4909 3208 4964 Chaldaica
3255 4910 3639 4976 est,idemquc

2065 4991 2224 5040 sonat
2253 4981 2398 5048 quod
2435 4978 2675 5049 θαλάσση
2706 4979 2913 5043 Grazce,
2944 4991 2998 5033 et
3024 4995 3167 5033 mare
3197 4980 3414 5042 Latine.
3440 4981 3529 5042 At,
3549 4980 3636 5034 in-

2069 5053 2244 5121 quies,
2273 5050 2472 5121 si__ha:c
2502 5049 2574 5121 ita
2601 5066 2659 5121 se
2684 5050 2937 5112 habeant,
2962 5050 3283 5121 ταυτολὸγος
3315 5050 3417 5106 erit
3447 5060 3640 5121 auctor

2070 5118 2274 5176 noster.
2316 5119 2540 5193 Ut_quid
2569 5119 2714 5193 enim
2750 5119 3106 5193 scripseritév
3126 5118 3460 5193 cﬁ'Oalao-cg
3493 5118 3626 5188 ’ῐάμ-

2072 5210 2199 5274 μας,
2224 5207 2346 5245 cum
2377 5180 2593 5274 Jamn'u'z
2617 5190 2755 5243 idem
2777 5189 2848 5270 sit
2863 5180 2938 5274 'ac
2958 5180 3238 5274 Galaesi)?
3261 5180 3460 5274 Quidni
3483 5180 3634 5274 vero.

2071 5260 2295 5331 inquam
2327 5277 2449 5330 ego,
2516 5260 2746 5331 Ἱάμμας
2800 5261 2853 5312 in
2889 5270 3037 5314 textu
3099 5260 3380 5330 scripserit
3413 5269 3634 5325 auctor;

2071 5334 2324 5400 aliusque
2357 5331 2613 5398 deinceps
2640 5331 2780 5384 hanc
2806 5346 2994 5385 vocem
3025 5333 3294 5386 exoticam
3339 5333 3638 5400 explicatu-

2074 5420 2189 5465 rus,
2220 5401 2460 5482 θαλάσση
2488 5401 2719 5482 margini
2754 5400 3047 5482 adleverit":
3077 5403 3224 5471 quod
3261 5412 3446 5482 postea
3495 5401 3638 5482 glos-

2064 5488 2211 5526 sema
2266 5472 2318 5525 in
2357 5469 2564 5525 textum
2618 5469 2941 5540 irrepseﬁrit?
3003 5469 3277 5527 Hactenus
3333 5471 3635 5526 Simonius.

2062 5541 2279 5596 Videsis
2329 5541 2659 5595 Bocbartum
2711 5539 2766 5608 in
2804 5539 3099 5610 Geograph.
3133 5559 3272 5596 sacr.
3308 5543 3401 5596 lib.
3438 5557 3478 5609 ι,
3513 5555 3636 5609 eap.

2061 5613 2152 5676 '55,
2187 5629 2313 5682 pag.
2351 5611 2457 5666 654
2509 5627 2625 5682 seq.

2137 5676 2673 5752 (2’7)’⁹Εφεπτᾶτὶιι.
2714 5681 2854 5753 Lege
2881 5681 3216 5752 ἀφίπταται,
3268 5682 3362 5740 sed
3406 5685 3461 5739 in
3514 5676 3635 5736 cod.

2065 5753 2242 5809 Oxon.
2280 5762 2361 5808 est
2394 5753 2709 5819 ἀφίσταται.
2740 5752 2911 5811 om.
