3944 6146
427 269 559 333 ﬂ“

1411 271 1870 331 TESTAMENTA
1908 270 2001 327 Xll
2036 269 2651 327 PATRIARCHARUM.

3532 267 3668 323 ιιιε

424 380 618 455 tenens
647 394 1037 467 gubernacula.
1067 391 1134 446 Et
1162 406 1265 446 nos
1302 398 1626 461 tempestate
1658 390 1906 461 quassati
1942 388 1994 443 in

2102 386 2288 458 πατὴρ
2319 387 2413 455 ἀφ’
2448 386 2626 458 ήμῶν,
2653 387 2682 439 6
2707 383 2926 454 κρατῶν
2946 384 3073 447 τοὺς
3103 381 3358 453 αὐχένας.
3381 381 3493 436 Καὶ
3515 383 3672 453 ἡμεῖς

425 488 651 558 pelagus
664 486 1013 551 ferebamur;
1039 494 1095 541 et
1111 484 1331 553 impleta
1355 491 1441 538 est
1470 483 1625 538 navis
1654 482 1837 552 aquis,
1865 496 1993 552 pro-

424 581 579 639 cellis
604 579 846 650 undique
860 587 1141 650 quassata,
1164 579 1236 633 ita
1261 586 1322 632 ut
1341 576 1573 632 contrita
1596 586 1759 633 esset.
1789 576 1989 648 Joseph

2094 474 2478 547 χειμαζόμενοι
2511 475 2603 529 ἐπί
2625 474 2687 529 τὸ
2729 473 2965 543 πέλαγος
2999 472 3338 545 ἐφερόμεθα·
3376 472 3472 525 καὶ
3504 471 3641 541 tam;
3698 478 3709 521 l

2096 567 2243 640 ρὼθη
2273 568 2335 622 τὸ
2357 568 2541 621 πλοῖον
2564 566 2794 632 ὑδάτων,
2818 565 3138 639 τρικυμίαις
3154 565 3673 637 περιρῥησσόμενον,

425 678 608 726 autem
643 668 698 725 in
729 669 925 741 cymba
953 669 1124 739 fugit;
1164 668 1462 723 dividimur
1503 677 1685 723 autem
1719 677 1773 723 et
1804 684 1905 724 nos
1934 669 1988 722 in

2102 659 2234 714 ὥστε
2267 661 2364 714 καὶ
2398 658 2780 731 συπρίὸεσθαι
2808 658 2959 712 αὑτό.
2984 658 3094 711 Kal
3126 655 3325 727 Ἰωσὴφ
3348 657 3439 709 ἐπὶ
3452 657 3675 710 ἀκατίου

425 760 630 817 tabulis
649 760 859 816 decem.
897 759 1025 815 Levi
1053 770 1234 817 autem
1258 768 1310 816 et
1345 759 1516 816 Judas
1538 769 1696 816 erant
1744 761 1987 817 insimul.

2093 752 2318 822 φεύγει·
2345 748 2695 823 χωριζόμεθα
2725 748 2784 804 δὲ
2808 749 2904 803 καὶ
2934 750 3096 821 ήμεῖς
3132 750 3227 803 ἐπὶ
3259 748 3486 802 σανίδων
3523 748 3673 803 δέκα.

427 851 805 924 Dispergimur
826 851 994 921 igitur
1030 865 1245 918 omnes,
1279 866 1454 921 usque
1474 852 1531 906 in
1553 851 1841 909 terminos.
1862 851 1992 908 Levi

2102 845 2223 900 Λευῖ
2247 846 2306 899 δέ
2330 845 2425 899 καὶ
2473 843 2675 906 Ἰούδας
2704 839 2848 924 ἦσαν
2869 842 2969 897 ἐπὶ
3000 840 3064 895 τὸ
3099 841 3253 896 αὐτό.
3294 841 3678 912 Διεσπάρημεν

423 952 608 1006 autem
635 945 861 1001 indutus
887 958 1070 1008 sacco,
1114 958 1216 1013 pro
1243 943 1504 1000 omnibus
1531 943 1691 1000 nobis
1727 944 1991 1015 depreca-

424 1040 586 1095 batur
617 1037 931 1095 Dominum.
966 1035 1035 1092 Ut
1056 1045 1239 1093 autem
1269 1037 1477 1107 quievit
1504 1046 1822 1108 tempestas,
1871 1053 1993 1093 sca-

425 1130 538 1199 pha
558 1127 741 1195 attigit
770 1135 997 1192 terram,
1029 1128 1179 1184 velut
1210 1127 1266 1183 in
1292 1143 1448 1199 pace.
1481 1127 1548 1183 Et
1569 1143 1699 1185 ecce
1724 1129 1875 1184 venit
1891 1143 1992 1201 pa-

427 1230 510 1274 ter
540 1228 730 1277 noster
754 1217 949 1286 Jacob,
983 1229 1037 1274 et
1060 1219 1397 1276 unanimiter
1427 1220 1849 1277 exsultavimus.

500 1418 611 1476 Vl-l.
636 1438 657 1472 ι
683 1417 810 1476 Haec
839 1419 950 1474 duo
971 1420 1182 1475 somnia
1208 1420 1456 1477 dicebam
1483 1421 1624 1493 patri
1655 1436 1808 1490 meo;
1832 1431 1887 1478 et
1911 1423 1995 1479 di-

426 1510 508 1566 xit
546 1511 685 1567 mihi
709 1527 724 1563 :
767 1530 787 1563 ι
815 1510 1042 1582 Oportet
1072 1519 1186 1568 haec
1212 1512 1424 1583 impleri
1453 1513 1754 1569 secundum
1780 1508 1997 1585 tempus

427 1601 711 1670 ipsorum,
785 1618 911 1660 cum
954 1605 1125 1660 multa
1174 1606 1341 1661 Israel
1387 1606 1731 1661 sustinuerit.
1768 1626 1787 1658 ›
1842 1605 1998 1663 Tunc

2091 934 2184 993 οὖν
2212 938 2435 1001 πάντες,
2470 936 2577 999 ἕως
2608 935 2690 999 είς
2713 933 2787 988 τὰ
2809 933 3046 1006 πέρατα.
3095 934 3155 987 '0
3185 933 3241 987 δὲ
3262 931 3394 987 Λευῒ
3419 934 3681 1007 περιϐαλ-

2092 1030 2320 1102 λόμενος
2343 1029 2566 1091 σάκκον,
2583 1027 2713 1098 περὶ
2740 1026 2954 1080 πάντων
2970 1024 3126 1096 ἡμῶν
3147 1024 3323 1077 ἐδέετο
3335 1024 3431 1079 τοῦ
3447 1026 3677 1098 Κυρίου.

2106 1120 2194 1183 Ὣς
2218 1119 2275 1173 δέ
2299 1117 2574 1172 ἐπαύσατο
2605 1118 2635 1171 6
2656 1114 2885 1187 χειμὼν,
2901 1114 2963 1167 τὸ
2985 1115 3194 1182 σκάφος
3219 1113 3453 1183 ἔφθασεν
3472 1116 3564 1170 ἐπὶ
3575 1116 3679 1188 τὴν

2101 1211 2227 1281 γῆν,
2257 1210 2335 1274 ὡς
2360 1211 2418 1263 ἐν
2452 1210 2667 1282 είρήνῃ.
2702 1209 2813 1262 Καὶ
2848 1207 2958 1260 ἰδοὺ
2992 1202 3156 1278 ἦλθεν
3191 1206 3387 1261 Ἰακὼϐ
3417 1209 3447 1260 6
3491 1209 3678 1280 πατὴρ

2096 1302 2274 1375 ἡμῶν,
2310 1303 2405 1356 καὶ
2437 1300 2782 1373 ὁμοθυμαδὸν
2813 1298 3220 1371 ἠγαλλιὼμεθα.

2165 1414 2240 1465 Z’.
2272 1430 2293 1463 ι
2319 1412 2399 1466 Τὰ
2423 1412 2514 1465 δύο
2539 1411 2764 1465 ἐνύπνια
2787 1406 2941 1466 εἶπον
2973 1412 3052 1484 τῷ
3077 1414 3249 1486 πατρί
3275 1430 3376 1485 μου
3395 1431 3409 1445 ·
3442 1416 3538 1469 καὶ
3554 1412 3676 1472 εἶπέ

2101 1518 2220 1573 μοι’
2264 1522 2281 1554 ι
2307 1505 2399 1556 Δεῖ
2447 1502 2588 1558 αὐτὰ
2620 1502 2972 1576 πληρωθῆναι
3008 1503 3151 1558 κατὰ
3202 1506 3428 1577 καιροὺς
3467 1507 3668 1571 αὐτῶν,

2098 1593 2267 1661 πολλὰ
2286 1594 2379 1647 τοῦ
2409 1594 2620 1667 Ἰσραὴλ
2635 1595 3043 1666 ὑπομείναντος.
3071 1614 3089 1645 i
3113 1596 3244 1649 Τότε
3268 1595 3414 1665 λέγει
3440 1600 3468 1652 6
3494 1600 3674 1671 πατήρ

424 1692 563 1748 dixit
591 1705 746 1764 pater
775 1709 964 1751 meus:
1021 1692 1261 1781 «Credo,
1293 1694 1556 1763 quoniam
1586 1694 1722 1750 vivit
1761 1693 1992 1765 Joseph:

2102 1701 2236 1755 μου·
2271 1702 2290 1735 ι
2318 1685 2586 1748 Πιστεύω,
2614 1682 2784 1757 ὅτιζῇ
2843 1684 3073 1756 Ἰωσήφ
3122 1686 3234 1759 ὁρῶ
3274 1687 3383 1757 γὰρ
3423 1688 3669 1751 πάντοτε,

427 1782 587 1838 video
606 1782 755 1838 enim
776 1797 1010 1852 semper,
1033 1782 1182 1852 quod
1207 1780 1479 1863 Dominus
1494 1787 1852 1837 connumerat
1870 1795 1994 1836 eum

2102 1773 2184 1826 ὅτι
2206 1775 2235 1826 6
2259 1773 2462 1847 Κύριος
2485 1773 2926 1846 συγκαταριθμεῖ
2948 1775 3111 1830 αὐτὸν
3150 1774 3266 1846 μεθ’
3297 1776 3327 1829 ὑ
3336 1776 3474 1847 μῶν.
3501 1797 3521 1830 ι
3565 1779 3675 1848 Καὶ

424 1874 737 1941 vobiscum.
769 1893 789 1926 ι
833 1873 901 1928 Ει
950 1874 1086 1930 flens
1114 1872 1284 1930 dixit:
1317 1891 1338 1926 ι
1365 1871 1540 1939 Vivis,
1556 1872 1763 1944 Ioseph
1796 1873 1868 1929 [ili
1896 1873 1994 1941 mi,

425 1972 482 2019 et
504 1980 615 2020 non
640 1973 696 2020 te
723 1964 913 2033 video,
943 1973 998 2021 et
1021 1974 1080 2020 tu
1113 1979 1223 2020 non
1264 1964 1420 2020 vides
1464 1964 1656 2033 Jacob,
1679 1966 1776 2038 qui
1811 1966 2001 2037 genuit

427 2065 501 2111 to.
525 2075 545 2110 ι
574 2054 725 2112 Fecit
746 2064 928 2112 autem
951 2067 1008 2113 et
1049 2072 1153 2113 nos
1178 2057 1471 2128 lacrymari
1505 2059 1560 2113 in
1611 2058 1695 2114 his
1730 2060 1999 2115 sermoni-

426 2146 551 2203 bus.
577 2146 646 2202 Et
669 2147 1009 2204 accendebar
1032 2149 1089 2203 in
1113 2149 1438 2216 visceribus,
1453 2159 1514 2204 ut
1534 2150 1711 2221 palam
1738 2151 1997 2216 facerem,

429 2238 579 2310 quod
596 2239 850 2296 venditus
880 2252 1062 2308 esset;
1099 2243 1195 2298 sed
1222 2243 1381 2298 timui
1404 2243 1605 2299 fratres
1640 2258 1814 2298 meos.

499 2347 636 2404 Vlll.
669 2368 688 2402 ι
731 2350 893 2419 Ecce,
927 2352 1022 2407 ﬁlii
1049 2353 1175 2419 mei,
1208 2355 1420 2411 ostendi
1450 2355 1605 2411 vobis
1636 2364 1881 2426 tempora
1906 2373 2000 2418 ex-

426 2449 620 2508 trema,
649 2443 910 2512 quoniam
941 2445 1126 2501 omnia
1158 2449 1286 2502 fient
1311 2447 1367 2502 in
1403 2448 1584 2505 Israel.
1623 2446 1689 2504 Et
1743 2466 1841 2505 vos
1900 2451 2000 2523 igi-

428 2538 518 2587 tur
538 2534 793 2589 mandate
815 2535 940 2590 filiis
967 2537 1185 2602 vestris,
1200 2543 1259 2591 ut
1292 2540 1553 2596 uniantur
1587 2540 1715 2597 Levi
1742 2549 1796 2597 et
1824 2538 1996 2599 Judae.

426 2619 529 2676 Per
557 2620 752 2677 .ludam
799 2625 942 2679 enim
994 2626 1205 2682 orietur
1259 2629 1408 2686 salus
1465 2628 1651 2697 Israel,
1686 2643 1741 2687 et
1780 2633 1836 2687 in
1882 2633 1999 2703 ipso

427 2714 778 2770 benedicetur
807 2713 998 2770 Jacob.
1032 2716 1138 2771 Per
1185 2729 1463 2789 sceptrum
1508 2721 1652 2776 enim
1685 2723 1804 2793 ejus
1834 2738 1996 2794 appa-

426 2803 568 2858 rebit
622 2803 788 2870 Deus,
825 2805 1078 2862 habitans
1128 2808 1267 2862 inter
1320 2810 1569 2866 homines
1624 2812 1679 2866 in
1725 2822 1892 2880 terra,
1942 2827 2000 2870 ut

426 2892 597 2947 salvet
637 2906 808 2962 genus
846 2892 1042 2961 Israel;
1072 2904 1127 2950 et
1157 2899 1509 2968 congregabit
1531 2900 1710 2971 iustos
1763 2918 1831 2958 ex
1869 2921 1999 2975 gen-

428 2982 595 3037 tibus.
630 2983 688 3037 Si
743 2986 1043 3053 operemini
1087 2986 1315 3053 bonum,
1348 2989 1444 3046 ﬁlii
1492 2990 1620 3060 mei,
1675 2993 1997 3052 benedicent

422 3072 584 3129 vobis
626 3083 682 3129 et
730 3074 981 3132 homines
1012 3087 1067 3133 et
1103 3080 1310 3150 angeli;
1345 3090 1400 3137 et
1421 3081 1566 3138 Deus
1606 3059 1996 3154 glorificabitur
2022 3059 2068 3118 ε

423 3179 523 3233 per
557 3180 655 3221 vos
690 3166 745 3221 in
776 3168 1050 3238 gentibus,
1090 3181 1143 3225 et
1182 3172 1433 3228 diabolus
1471 3173 1643 3246 fugiet
1673 3192 1705 3232 a
1739 3177 1913 3245 vobis,
1944 3190 1999 3235 et

425 3256 617 3312 bestia:
647 3258 917 3314 timebunt
947 3276 1065 3326 vos,
1091 3272 1145 3317 et
1167 3265 1344 3334 angeli
1368 3268 1670 3335 suscipient
1703 3282 1819 3325 vos.
1848 3268 2000 3326 Sicut

422 3349 570 3404 enim
622 3350 669 3406 si
718 3356 844 3422 quis
878 3352 1051 3408 filium
1081 3358 1288 3412 nutriat
1320 3358 1477 3426 bene,
1504 3369 1767 3430 perpetuo
1809 3366 1998 3431 gratiis

422 3451 479 3497 et
533 3456 743 3500 memor
792 3454 878 3501 est
912 3466 926 3502 :
958 3448 1030 3502 ita
1060 3457 1115 3505 et
1156 3451 1213 3504 in
1257 3451 1403 3506 bono
1433 3466 1599 3522 opere
1629 3455 1888 3510 memoria
1915 3464 1998 3511 est

421 3537 566 3606 apud
596 3535 764 3593 Deum
789 3539 954 3594 bona.
979 3538 1080 3606 Qui
1106 3557 1237 3596 vero
1267 3559 1378 3597 non
1413 3543 1602 3599 fecerit
1630 3545 1853 3613 bonum,
1871 3548 1998 3604 huic

421 3626 753 3682 maledicunt
782 3637 838 3684 et
878 3632 1053 3701 angeli
1090 3641 1144 3686 et
1170 3634 1440 3702 homines,
1469 3644 1523 3691 et
1555 3634 1694 3692 Deus
1720 3648 1998 3694 contume-

423 3717 495 3772 lia
522 3717 790 3775 afﬁcietur
813 3736 908 3789 per
932 3722 1108 3791 ipsum
1144 3725 1197 3777 in
1230 3726 1502 3796 gentibus,
1533 3737 1588 3783 et
1614 3728 1863 3786 diabolus
1891 3731 1998 3787 sibi

426 3807 663 3863 vindicat
710 3809 858 3865 hunc
911 3820 1167 3881 tanquam
1226 3817 1504 3886 proprium
1560 3834 1679 3886 vas,
1717 3832 1771 3875 et
1815 3827 1996 3881 omnis

423 3897 596 3954 bestia
643 3899 1017 3957 dominabitur
1064 3905 1134 3965 ei.
1167 3915 1221 3960 et
1274 3904 1540 3966 Dominus
1592 3912 1721 3967 odio
1774 3914 1996 3970 habebit

420 4005 568 4046 ctua.
619 3989 833 4046 Etenim
889 3995 1141 4051 mandata
1182 3998 1316 4069 legis
1347 4001 1578 4072 duplicia
1611 4014 1759 4072 sunt,
1784 4015 1837 4061 et
1867 4022 1992 4062 cum

421 4088 540 4137 arte
587 4081 898 4153 implentur.
942 4105 960 4137 ι
1008 4084 1246 4158 Tempus
1284 4090 1428 4146 enim
1474 4103 1556 4148 est
1590 4097 1822 4151 coeundi
1865 4112 1994 4153 cum

420 4187 593 4230 uxore
628 4190 727 4230 sua
752 4177 819 4243 “,
851 4188 905 4233 et
936 4187 1150 4250 tempus
1173 4181 1478 4239 abstinendi
1510 4188 1579 4240 ab
1606 4203 1667 4242 ea
1698 4190 1763 4243 ad
1793 4192 1994 4248 oratio-

419 4276 546 4319 nem
582 4279 737 4321 suam
754 4268 820 4323 ⁸⁸.
858 4268 922 4325 Et
951 4271 1060 4325 duo
1101 4274 1351 4329 mandata
1381 4287 1531 4344 sunt,
1561 4294 1702 4348 quae,
1730 4281 1836 4337 nisi
1863 4282 1996 4339 flant

421 4352 477 4408 in
503 4356 697 4413 ordine
724 4372 846 4424 suo,
870 4369 1150 4428 peccatum
1182 4364 1453 4422 tribuunt.
1484 4366 1561 4423 Ita
1593 4381 1675 4426 est
1703 4382 1757 4427 et
1784 4375 1839 4428 in
1869 4375 1990 4429 reli-
2020 4392 2067 4449 ι)

418 4446 545 4514 quis
592 4449 887 4507 mandatis.
918 4450 1247 4509 Efficiamini
1299 4472 1431 4529 ergo
1478 4461 1754 4530 sapientes
1793 4465 1849 4519 in
1881 4465 1990 4521 Deo

414 4548 473 4594 et
498 4541 812 4611 prudentes,
840 4544 1073 4600 scientes
1098 4546 1348 4603 ordinem
1372 4551 1753 4609 mandatorum
1773 4555 1914 4624 eius,
1939 4569 1990 4614 et

417 4631 564 4702 leges
591 4634 772 4688 omnis
803 4634 902 4700 rei,
931 4645 991 4689 ιιι
1023 4635 1283 4694 Dominus
1312 4642 1502 4712 diligat
1527 4661 1645 4700 vos.
1682 4666 1700 4698 ι

488 4904 578 4957 IX.
614 4905 676 4960 Et
727 4922 851 4961 cum
894 4907 1064 4963 multa
1098 4910 1227 4964 talia
1262 4913 1576 4969 mandasset
1602 4916 1706 4983 eis,
1736 4929 1991 4986 precatus

417 5006 520 5063 est,
563 5007 623 5053 ut
654 5000 987 5056 transferant
1012 5015 1138 5056 ossa
1160 5001 1281 5071 ejus
1309 5003 1362 5057 in
1395 5002 1702 5074 Hebron,ct
1728 5011 1991 5080 sepeliant

416 5105 536 5143 eum
581 5104 706 5144 cum
739 5092 987 5160 patribus
1014 5093 1154 5162 ejus.
1188 5093 1253 5149 Et
1278 5095 1571 5154 comedens
1616 5110 1670 5153 et
1699 5100 1891 5158 bibens
1932 5104 1988 5159 in

415 5179 717 5249 hilaritate,
738 5183 961 5251 animae,
986 5185 1189 5240 velavit
1212 5184 1406 5242 faciem
1443 5204 1622 5256 suam,
1657 5199 1711 5246 et
1740 5203 1989 5250 mortuus

416 5317 460 5348 ²⁸
494 5316 673 5375 Eccle.
706 5334 790 5384 tu,
814 5319 870 5375 5.
946 5320 995 5353 “
1022 5320 1040 5375 1
1066 5320 1194 5376 Cor.
1224 5339 1319 5391 vn,
1348 5325 1403 5379 5.

484 5512 597 5645 233)
634 5514 931 5601 Ποιοῦντᾳ
961 5517 1047 5570 τό.
1088 5519 1269 5574 Ὄντα.
1299 5521 1448 5603 Quae
1561 5596 1572 5611 §
1628 5595 1651 5608 η

583 5582 600 5645 )
637 5582 837 5637 Αυτόν
881 5604 962 5645 ως
1008 5586 1161 5644 ἴδιον
1209 5607 1447 5645 (meum.
1506 5597 1651 5645 Aum

416 5582 837 5708 ΐὲτόν
881 5586 962 5653 ὡς
1008 5586 1161 5644 ἴδιον
1209 5592 1447 5659 σκεῦος.
1506 5595 1701 5667 Αὐτῷ.
1748 5600 1823 5665 ὡς
1872 5602 1985 5673 ίδίῳ

2099 1862 2298 1917 κλαίων
2327 1863 2499 1933 ἔλεγε⁵
2532 1883 2550 1915 ι
2576 1867 2701 1936 Ζῇς,
2717 1864 2905 1919 τέκνον
2935 1882 3033 1937 μου
3069 1865 3401 1935 Ἱωσὴφ,καὶ
3414 1866 3477 1918 ού
3495 1866 3675 1937 βλέπω

2100 1971 2181 2021 σε,
2224 1956 2319 2009 καὶ
2338 1955 2437 2027 οὐχ
2475 1957 2607 2028 ὁρᾷς
2657 1953 2849 2010 Ἰακὼὸ
2883 1955 2976 2009 τδν
3009 1954 3350 2029 γεννήσαντα
3395 1974 3475 2011 σε.
3506 1977 3524 2009 ι
3566 1958 3675 2011 Kal

2098 2049 2321 2122 ἐποίησε
2361 2052 2456 2104 καὶ
2495 2052 2643 2122 ἡμᾶς
2681 2050 2947 2123 δακρῦσαι
2982 2050 3040 2103 ἐν
3063 2053 3177 2115 τοῖς
3216 2050 3397 2120 λόγοις
3443 2052 3671 2115 τούτοις.

2099 2140 2211 2195 Καὶ
2251 2140 2517 2212 ἐκαιόμην
2539 2142 2652 2205 τοῖς
2677 2140 3006 2210 σπλάγχνοις
3020 2138 3336 2208 ἀναγγεῖλαι
3356 2141 3440 2193 δτι
3465 2140 3675 2212 πέπρα-

2098 2248 2189 2288 ται
2212 2249 2226 2262 ·
2267 2229 2382 2284 ἀλλ’
2407 2229 2717 2303 ἐφοϐούμην
2740 2232 2867 2296 τοὺς
2888 2229 3150 2300 ἀδελφούς
3178 2247 3299 2303 μου.

2166 2342 2247 2396 Η’.
2278 2361 2296 2393 ι
2320 2341 2472 2405 Ἰδοὺ,
2505 2340 2668 2393 τέκνα
2691 2358 2812 2411 μου,
2844 2338 3097 2405 ὑπέδειξα
3120 2342 3247 2412 ύμῖν
3275 2342 3673 2413 καιῳὺςέσχά-

2099 2450 2255 2498 τους,
2299 2433 2381 2485 ὅτι
2418 2433 2593 2486 πάντα
2635 2433 2922 2503 γενήσεται
2973 2432 3031 2484 ἐν
3076 2431 3312 2503 Ἰσραήλ.
3358 2432 3470 2485 Kal
3519 2434 3674 2503 ὑμεῖς

2098 2519 2190 2578 οὖν
2219 2523 2525 2577 ἐντείλασθε
2567 2525 2680 2587 τοῖς
2719 2523 2929 2587 τέκνοις
2970 2521 3158 2594 ὑμῶν,
3204 2523 3291 2576 ἵνα
3331 2522 3557 2578 ἐνῶνται
3598 2524 3675 2596 τῷ

2098 2612 2229 2667 Λευῒ
2271 2615 2363 2666 καὶ
2412 2612 2489 2684 τῷ
2546 2613 2733 2685 Ἰούδᾳ.
2771 2614 2869 2667 Διὰ
2912 2613 3022 2686 γὰρ
3065 2613 3159 2667 τοῦ
3213 2615 3383 2668 Ἰούδα
3430 2616 3676 2670 ἀνατελεί

2100 2708 2341 2779 σωτηρία
2362 2705 2440 2778 τῷ
2474 2707 2709 2779 Ἰσραὴλ,
2743 2707 2835 2760 καὶ
2860 2708 2916 2759 ἐν
2945 2705 3092 2778 αὐτῷ
3118 2706 3544 2781 εύλογηθήσεται
3580 2712 3674 2764 Ἰα-

2098 2797 2231 2853 κώϐ.
2267 2799 2366 2852 Διὰ
2394 2798 2503 2872 γὰρ
2537 2798 2632 2852 τοῦ
2664 2799 2941 2870 σκήπτρου
2976 2798 3138 2852 αὐτοῦ
3172 2799 3467 2872 ὀφθήσεται
3505 2801 3668 2867 Θεὸς,

2098 2893 2366 2949 κατοικῶν
2394 2896 2450 2947 ἐν
2478 2892 2784 2965 ἀνθρώποις
2811 2892 2903 2946 ἐπὶ
2930 2894 3030 2965 τῆς
3056 2894 3181 2966 γῆς,
3214 2893 3384 2948 σῶσαι
3416 2896 3478 2949 τὺ
3519 2897 3671 2966 γένος

2111 2984 2363 3057 Ἰσραήλ’
2416 2984 2511 3037 καὶ
2560 2983 2871 3048 ἐπισυνάξει
2920 2982 3162 3049 δικαίους
3210 2986 3275 3039 ἐκ
3324 2987 3433 3040 τῶν
3482 2986 3667 3042 ἐθνῶν.

2110 3074 2233 3129 Ἐὰν
2264 3072 2566 3146 ἐργάζησθε
2615 3073 2677 3126 τὸ
2718 3073 2879 3127 καλὸν
2898 3114 2912 3140 ,
2940 3073 3105 3128 τέκνα
3139 3092 3260 3147 μου,
3293 3077 3670 3150 εὐλογήσουσιν

2100 3166 2242 3236 ὑμᾶς
2284 3164 2376 3218 καὶ
2419 3165 2469 3216 oi
2511 3160 2784 3234 ἄνθρωποι
2806 3203 2821 3227 ,
2867 3164 2962 3217 καὶ
2991 3164 3039 3217 οἱ
3078 3165 3297 3233 ἄγγελοι
3318 3183 3330 3197 ·
3365 3170 3459 3221 καὶ
3484 3169 3513 3221 6
3542 3168 3671 3232 θεὸς

2098 3257 2490 3329 δοξασθήσεται
2523 3256 2581 3308 ἐν
2608 3260 2727 3320 τοῖς
2755 3255 2931 3310 ἔθνεσι
2962 3257 3030 3310 δι’
3058 3258 3232 3328 ὑμῶν,
3265 3261 3358 3313 καὶ
3385 3261 3413 3312 6
3432 3260 3671 3327 διάϐολος

2099 3347 2349 3419 φεύξεται
2400 3348 2492 3417 ἀφ’
2538 3347 2725 3418 ὑμῶν,
2782 3346 2877 3400 καὶ
2929 3347 3000 3400 τά
3053 3347 3217 3421 θηρία
3278 3351 3672 3424 φοϐηθήσονται

2099 3441 2275 3510 ὑμᾶς,
2319 3439 2421 3501 καὶ,
2453 3440 2501 3491 of
2537 3437 2754 3507 ἄγγελοι
2801 3438 3111 3507 ἀνθέξονται
3150 3442 3324 3513 ὑμῶν.
3372 3445 3462 3508 Ὧς
3491 3446 3556 3499 ἄν
3592 3464 3671 3511 τις

2096 3532 2284 3585 τέκνον
2322 3529 2563 3604 ἐκθρέψῃ
2594 3529 2774 3594 καλῶς
2794 3571 2809 3595 ,
2844 3532 3032 3602 μνείαν
3076 3532 3187 3605 ἔχει
3223 3534 3467 3606 ἀγαθήν·
3505 3534 3672 3600 οὕτως

2098 3623 2191 3676 καὶ
2217 3624 2309 3677 ἐπὶ
2333 3622 2429 3675 τοῦ
2476 3620 2641 3676 καλοῦ
2685 3621 2845 3695 ἔργου
2880 3625 3067 3698 μνήμη
3111 3624 3262 3698 παρὰ
3299 3626 3435 3680 Θεοῦ
3473 3628 3668 3699 ἀγαθή.

2097 3713 2199 3768 Τὸν
2230 3713 2287 3768 δὲ
2325 3715 2399 3786 μὴ
2429 3711 2684 3767 ποιοῦντα
2712 3714 2773 3767 τὸ
2799 3714 2910 3788 (28)
2939 3714 3124 3781 καλὸν,
3153 3733 3290 3770 κατα
3301 3717 3555 3789 ράσονται
3580 3722 3671 3772 καὶ

2095 3809 2144 3860 οἱ
2163 3805 2414 3876 ἄγγελοι,
2439 3806 2533 3859 καὶ
2558 3806 2607 3859 οἱ
2646 3805 2923 3877 ἄνθρωποι
2942 3847 2957 3873 ,
3001 3808 3099 3863 καὶ
3121 3810 3149 3863 6
3176 3808 3309 3873 Θεὸς
3343 3808 3595 3881 ἀδοξήσει
3617 3813 3671 3863 ἐν

2094 3900 2206 3962 τοῖς
2229 3897 2404 3951 ἔθνεσι
2423 3897 2488 3950 δι’
2515 3898 2678 3951 αὐτοῦ
2698 3938 2712 3963 ,
2740 3900 2836 3952 καὶ
2860 3900 2889 3952 6
2912 3900 3155 3965 διάϐολος
3178 3900 3478 3954 οἰκειοῦται
3512 3903 3670 3956 αὑτὸν

2094 3989 2171 4053 ὡς
2199 3988 2327 4042 ῐδιον
2369 3987 2561 4053 σκεῦος
2603 3988 2714 4060 (29)
2734 4028 2749 4052 ,
2777 3991 2872 4043 καὶ
2900 3991 3008 4044 πᾶν
3036 3991 3224 4063 θηρίον
3255 3991 3669 4064 κατακυριεύσει

2096 4077 2282 4144 αὐτοῦ,
2309 4080 2404 4133 καὶ
2430 4080 2459 4131 6
2480 4079 2684 4151 Κύριος
2715 4081 2932 4151 μισήσει
2962 4080 3142 4136 αὐτόν.
3172 4082 3283 4135 Καὶ
3309 4081 3419 4155 γὰρ
3443 4083 3501 4135 ai
3528 4084 3669 4135 ἐντο-

2095 4169 2184 4223 λαὶ
2208 4169 2302 4223 τοῦ
2328 4170 2494 4240 νόμου
2519 4170 2706 4224 διπλαῖ
2729 4172 2856 4233 είσι,
2888 4173 2979 4225 καὶ
3020 4173 3159 4244 μετὰ
3181 4173 3378 4245 τέχνης
3404 4174 3669 4246 πληροῦν-

2092 4278 2205 4315 ται.
2236 4261 2440 4332 Καιρὸς
2470 4259 2579 4331 γὰρ
2607 4263 2889 4326 συνουσίας
2915 4264 3175 4331 γυναικὸς
3198 4264 3363 4317 αὐτοῦ
3398 4265 3510 4337 (30)
3532 4306 3546 4329 ,
3578 4267 3668 4318 καὶ

2095 4351 2296 4422 καιρὸς·
2330 4351 2653 4422 ἐγκρατείας
2699 4352 2779 4413 είς
2830 4352 3139 4423 προσευχὴν
3187 4343 3380 4405 αὐτοῦ.
3421 4350 3534 4405 Kal
3581 4352 3667 4406 δύο

2093 4445 2304 4500 ὲντολαί
2347 4448 2484 4498 εἰσι·
2534 4446 2628 4498 καὶ
2672 4447 2722 4497 εί
2772 4444 2847 4515 μὴ
2891 4445 3154 4513 γένωνται
3185 4447 3243 4499 ἐν
3274 4445 3426 4512 τάξει
3455 4446 3664 4507 αὐτῶν,

2093 4538 2368 4611 ἁμαρτίαν
2413 4538 2733 4609 παρέχουσι.
2782 4536 2971 4601 Οὕτως
3012 4537 3131 4590 ἐστὶ
3161 4539 3258 4591 καὶ
3289 4538 3383 4591 ἐπὶ
3414 4538 3524 4591 τῶν
3564 4538 3667 4592 λοι-

2094 4630 2211 4684 πῶν
2258 4629 2488 4683 ἐντολῶν
2537 4627 2673 4700 (51).
2721 4627 2940 4682 Γίνεσθε
2990 4624 3082 4682 οὖν
3117 4631 3271 4699 σοφοὶ
3316 4630 3374 4683 ἐν
3418 4629 3540 4701 Θεῷ
3577 4630 3665 4683 xal

2094 4722 2365 4793 φρόνιμοι,
2401 4719 2601 4783 εἰδότες
2632 4719 2786 4784 τάξιν
2817 4720 3044 4774 ἐντολῶν
3075 4721 3240 4774 αὐτοῦ
3261 4762 3276 4786 ,
3311 4723 3405 4776 καὶ
3435 4721 3664 4795 θεσμοὺς

2093 4812 2296 4876 παντὸς
2331 4812 2676 4884 πράγματος,
2712 4812 2858 4875 ὅπως
2883 4813 3145 4883 ἀγαπήσῃ
3167 4812 3313 4882 ὑμᾶς
3335 4814 3365 4867 6
3389 4813 3613 4885 Κύριος.
3642 4834 3659 4864 ι

2160 4908 2238 4960 8'.
2274 4906 2384 4959 Kal
2417 4904 2586 4960 πολλὰ
2608 4906 2833 4960 τοιαῦτα
2853 4906 3224 4977 ἐντειλάμενος
3256 4909 3461 4971 αὐτοῖς,
3498 4926 3661 4981 παρε-

2091 4998 2320 5052 κάλεσεν
2341 5037 2356 5064 ,
2421 4998 2507 5051 ἵνα
2544 4998 2951 5070 μετακομίσωσι
2983 4998 3053 5051 τὰ
3093 4999 3225 5053 ὀστᾶ
3257 5000 3421 5054 αὐτοῦ
3457 5003 3538 5066 εἰς
3568 5003 3664 5055 Χε-

2093 5087 2257 5160 ϐρὼν,
2295 5089 2390 5142 καὶ
2423 5087 2666 5159 θάψωσιν
2691 5089 2852 5142 αὐτὸν
2887 5088 3025 5159 μετὰ
3055 5089 3162 5143 τῶν
3195 5091 3451 5164 πατέρων
3482 5091 3659 5147 αὐτοῦ.

2092 5180 2201 5233 Kal
2226 5178 2415 5249 φαγὼν
2440 5181 2534 5234 καὶ
2560 5182 2702 5235 πιὼν
2726 5183 2783 5235 ἐν
2811 5181 3083 5253 ἱλαρότητι
3107 5180 3305 5253 ψυχῆς,
3334 5183 3660 5252 συνεκάλυψε

2161 5532 2277 5600 (30)
2312 5531 2513 5586 Αὐτοῦ
2544 5531 2713 5587 deest.
2749 5529 2825 5585 In.

2161 5599 2273 5671 (3f)
2317 5601 2514 5671 ρῦτως
2549 5602 2681 5656 ἐστὶ
2729 5601 2827 5658 καί
2856 5602 2953 5657 ἐπὶ
2989 5601 3105 5658 τῶν
3136 5599 3363 5661 λοιπῶν
3400 5601 3655 5658 ἐντολῶν

2089 5667 2304 5729 desunt.
2346 5667 2421 5722 lo.
