3944 6146
315 259 453 316 Hi?)

1553 261 2070 321 TESTAMENTUM
2105 269 2261 324 GAD.

3432 276 3568 332 HM

311 373 374 427 τὸ
412 374 702 446 πρόσωπον
743 375 942 440 αὐτοῦ,
980 377 1073 430 καὶ
1109 376 1368 430 ἀπέθανε.
1410 379 1519 431 Καὶ
1557 378 1817 450 ἐποίησαν
1846 382 1882 431 oi

2001 393 2104 439 est.
2145 383 2213 440 Et
2264 384 2510 440 fecerunt
2555 384 2648 438 lilii
2688 385 2808 454 ejus
2837 387 3136 442 secundum
3181 389 3387 453 omnia,
3414 407 3568 461 qua:-

311 465 418 519 υίοὶ
443 465 608 520 αὑτοῦ
634 466 774 520 κατά
799 468 995 530 πάντα,
1023 467 1124 520 ὃσα
1146 468 1447 521 ἐνετείλατο
1469 468 1650 532 αὐτοῖς
1675 469 1889 539 Νεφθα-

310 558 438 631 λεὶμ
469 560 499 614 ὁ
519 561 702 632 πατὴρ
733 560 931 615 αὐτῶν.

843 674 1238 729 ΚΕΦΔΛΑΙΟΝ
1276 675 1352 729 Θ’.

658 772 916 840 Διαθήκη
948 771 1094 837 Γὰδ,
1130 771 1264 839 περὶ
1291 772 1532 840 μίσους.

378 860 458 914 A’.
486 860 841 933 Ἀντίγραφον
863 863 1130 934 διαθήκης
1153 863 1279 926 Γὰδ,
1307 862 1342 916 ἃ
1367 862 1594 934 ὲλάλησε
1618 865 1730 926 τοῖς
1756 864 1890 926 υἱοῖς

309 954 475 1008 αὐτοῦ
496 995 510 1019 ,
557 957 616 1009 ὲν
642 956 751 1009 ἔτει
786 962 898 1027 ρκε¹
920 958 1020 1028 τῆς
1042 957 1188 1029 ζωῆς
1209 955 1394 1011 αὐτοῦ.
1440 976 1458 1008 ι
1486 956 1750 1028 ’Ἕϐδομος
1778 957 1889 1029 (55)

307 1048 423 1110 υἱδς
447 1047 714 1120 ἐγενόμην
740 1049 819 1121 τῷ
856 1048 1068 1115 Ἰακὼϐ,
1106 1051 1200 1103 καὶ
1231 1051 1380 1122 ἥμην
1404 1049 1644 1121 ἀνδρεῖος
1667 1050 1760 1101 ἐπὶ
1782 1049 1890 1103 τῶν

309 1140 590 1209 ποιμνίων.
646 1140 787 1209 Ἐγὼ
821 1141 1116 1212 ἐφύλαττον
1141 1143 1201 1194 ὲν
1224 1141 1380 1194 νυκτὶ
1407 1141 1470 1194 τὸ
1495 1141 1765 1211 ποίμνιον,
1798 1144 1892 1196 καὶ

307 1230 433 1283 ὅταν
457 1231 656 1304 ἤρχετο
674 1233 702 1285 ὁ
726 1231 908 1297 λύκος,
950 1232 982 1305 ἢ
1021 1233 1156 1287 λέων
1176 1275 1190 1300 ,
1227 1233 1262 1304 ἢ
1305 1232 1570 1305 πάρδαλις
1591 1274 1605 1297 ,
1632 1233 1664 1302 ἢ
1693 1233 1891 1304 ἄρκτος

306 1323 418 1396 (54)
442 1326 533 1378 ἐπὶ
558 1325 658 1396 τὴν
687 1327 921 1398 ποίμνην
941 1367 955 1392 ,
982 1328 1310 1381 κατεδίωκον
1337 1328 1501 1381 αὑτὸν
1519 1368 1534 1391 ,
1560 1328 1654 1380 καὶ
1682 1326 1892 1390 πιάςων

301 1413 393 1468 τὸν
414 1416 545 1471 πόδα
574 1417 738 1471 αὑτοῦ
766 1421 831 1490 τῇ
859 1419 1003 1491 χειρί
1033 1437 1153 1490 μου,
1183 1421 1278 1473 καὶ
1317 1420 1566 1492 γυρεύων
1603 1418 1856 1471 ὲσκότουν
1875 1455 1889 1479 ,

301 1509 396 1561 καὶ
420 1506 717 1570 ἀκοντίζων
737 1509 898 1562 αὑτὸν
923 1511 1014 1563 ἐπὶ
1039 1509 1131 1562 δύο
1155 1509 1420 1574 σταδίους,
1443 1509 1616 1574 οὕτως
1635 1508 1886 1581 ἀνῄρουν.

310 1592 371 1648 '0
403 1591 498 1648 οὖν
541 1597 738 1670 Ἰωσὴφ
771 1599 1054 1669 ἐποίμαινε
1092 1599 1212 1670 μεθ’
1244 1599 1401 1670 ἡμῶν
1432 1601 1508 1663 ὡς
1552 1599 1775 1671 ἡμερῶν
1823 1597 1886 1661 λ’,

2003 489 2226 546 cunque
2255 477 2529 534 mandavit
2559 477 2638 533 eis
2669 477 3010 549 Nephthalim
3041 491 3193 550 pater
3217 497 3428 539 eorum.

2603 685 2832 741 CAPUT
2862 685 2953 741 IX.

2366 775 2751 831 Testamentum
2789 779 2924 844 Gud,
2954 779 3016 832 de
3039 781 3180 836 odio.

2059 862 2100 918 Ι.
2144 865 2545 936 Transcriptum
2571 871 2876 924 testamenti
2909 869 3400 940 Gad,quaecunquc
3422 875 3574 928 locu-

1995 962 2081 1009 tus
2106 963 2192 1009 est
2221 955 2351 1011 liliis
2385 958 2502 1012 suis
2535 961 2589 1012 in
2617 976 2758 1015 anno
2781 961 3084 1015 centesimo
3109 963 3370 1017 vicesimo
3401 966 3569 1034 septi-

1992 1048 2218 1118 mo’(5‘2)
2263 1050 2390 1104 vitae
2434 1067 2567 1117 suae,
2590 1053 2781 1107 dicens
2820 1072 2833 1107 :
2874 1073 2892 1105 ‹
2929 1053 3202 1124 Septimus
3233 1055 3376 1111 filius
3405 1067 3567 1121 natus

1993 1154 2116 1194 sum
2160 1140 2350 1207 Iacob,
2383 1151 2437 1197 et
2459 1159 2608 1198 eram
2635 1145 2856 1200 fortisin
2883 1147 3562 1219 gregibus.Egocustodivi

1991 1231 2045 1284 in
2079 1241 2236 1286 nocte
2256 1249 2502 1302 gregem;
2528 1245 2581 1290 et
2604 1237 2823 1306 quando
2847 1237 2994 1292 venit
3022 1238 3201 1308 lupus,
3232 1241 3313 1295 vel
3347 1240 3448 1305 leo,
3481 1243 3564 1296 vel

2001 1324 2226 1391 pardus,
2244 1327 2325 1380 vel
2351 1343 2514 1382 ursus
2534 1345 2697 1398 super
2710 1344 2948 1400 gregem,
2964 1333 3328 1400 persequebar
3349 1349 3498 1398 eum,
3512 1343 3567 1388 et

1993 1416 2402 1482 apprehendens
2427 1419 2611 1487 pedem
2637 1419 2756 1489 ejus
2781 1436 2941 1474 manu
2969 1423 3221 1475 mea‘etin
3237 1440 3426 1494 gyrum
3443 1425 3565 1478 vol--

1999 1519 2132 1560 vens
2159 1507 2606 1578 obtenebrabam,
2630 1524 2680 1566 ct
2708 1512 3000 1582 projiciens
3053 1529 3176 1568 eum
3217 1515 3326 1568 duo
3369 1516 3563 1583 stadia,

1989 1593 2064 1650 ita
2089 1597 2502 1654 interficiebam.
2530 1600 2729 1671 Ioseph
2759 1603 2922 1674 igitur
2955 1605 3207 1673 pascebat
3229 1621 3442 1675 gregem
3467 1621 3565 1661 no-

299 1687 394 1739 καὶ
413 1690 679 1759 τρυφερὸς
709 1689 804 1755 ὢν,
828 1692 1165 1763 ἐμαλακίσθη
1196 1693 1303 1745 ἀπὸ
1324 1692 1418 1747 τοῦ
1441 1693 1717 1764 καύματος
1738 1691 1849 1762 (55)
1871 1708 1882 1721 ·

1995 1683 2206 1739 hiscum
2231 1689 2444 1744 circiter
2475 1691 2594 1746 dies
2619 1692 2870 1762 triginta;
2904 1703 2958 1747 et
2979 1711 3102 1748 cum
3121 1703 3270 1749 tener
3292 1697 3563 1762 csset,in-

299 1780 395 1833 καὶ
452 1781 791 1854 ὑπέστρεψεν
832 1784 910 1845 εἰς
943 1782 1170 1854 Χεϐρὼν
1228 1784 1365 1855 πρὸς
1407 1784 1497 1837 τὸν
1537 1783 1748 1853 πατέρα
1789 1783 1882 1836 αύ-

295 1871 426 1925 τοῢο
462 1874 554 1927 καὶ
593 1874 868 1927 ἀνέκλινεν
912 1875 1073 1927 αὑτὸν
1125 1873 1352 1946 πλησίον
1384 1875 1581 1938 αὐτοῦ,
1623 1875 1702 1928 ὅτι
1752 1875 1888 1944 ἡγὰ-

298 1980 378 2016 πα
409 1963 592 2017 αὐτόν.
630 1965 742 2017 Ka‘t
769 1961 922 2019 εἶπεν
965 1967 1160 2038 Ἰωσὴφ
1189 1966 1266 2037 τῷ
1299 1968 1469 2039 πατρὶ
1495 1967 1654 2038 ἡμῶν
1675 2007 1690 2029 ,
1725 1967 1806 2019 ὅτι
1837 1969 1887 2019 οἱ

297 2055 404 2109 υἱοὶ
430 2056 639 2125 Ζελφᾶς
664 2058 758 2110 καὶ
787 2057 996 2119 Βαλλᾶς
1025 2057 1210 2112 Θύουσι
1242 2058 1312 2112 τὰ
1354 2058 1494 2112 καλὰ
1513 2098 1526 2122 ,
1584 2060 1678 2112 καὶ
1721 2077 1883 2112 κατε-

300 2145 540 2200 σθίουσιν
567 2147 709 2201 αύτὰ
739 2165 824 2217 γε,
856 2147 1009 2220 παρά
1033 2147 1256 2221 γνώμην
1301 2149 1472 2204 Ἰούδα
1499 2151 1593 2203 καὶ
1625 2151 1883 2222 Ῥουϐήμ.

297 2235 421 2293 Εἷδε
459 2239 569 2312 γὰρ
601 2241 682 2294 ὅτι
723 2239 892 2311 ἀμνὸν
937 2239 1197 2313 ἐξελόμην
1235 2243 1302 2295 ὲκ
1344 2240 1440 2295 τοῦ
1485 2241 1749 2312 στόματος
1787 2242 1887 2312 τῆς

297 2332 524 2402 ἄρκτου,
558 2332 820 2402 κάκείνην
853 2331 1189 2402 ἐθανάτωσα,
1226 2335 1320 2387 καὶ
1347 2333 1437 2386 τὸν
1474 2333 1641 2403 ἀμνὸν
1681 2332 1846 2387 ἔθυσα
1868 2379 1884 2402 ,

300 2425 464 2499 (περὶ
490 2421 551 2481 οὗ
581 2426 894 2498 ἐλυπούμην
917 2467 931 2486 ,
964 2427 1045 2480 ὅτι
1074 2429 1172 2479 οὐκ
1207 2425 1434 2496 ἠδύνατο
1465 2425 1607 2497 ζῇν),
1626 2426 1719 2479 καὶ
1752 2427 1885 2496 ἐφά-

298 2535 467 2588 γομεν
493 2518 654 2571 αὐτόν
677 2535 689 2548 ο
719 2519 812 2571 καὶ
838 2515 956 2572 εἶπε
981 2519 1058 2589 τῷ
1081 2518 1249 2589 πατρὶ
1276 2517 1430 2592 ἡμῶν
1456 2517 1589 2588 (56).
1633 2519 1743 2571 Καὶ
1767 2519 1887 2571 ὲνε-

298 2612 492 2665 κότουν
543 2611 622 2682 τῷ
675 2612 872 2684 Ἰωσὴφ
925 2612 1053 2683 περὶ
1107 2610 1201 2663 τοῦ
1273 2609 1432 2677 λόγου
1505 2608 1694 2662 τούτου
1721 2649 1736 2673 ,
1779 2609 1885 2674 ἓως

297 2701 510 2773 ἡμέρας
560 2702 904 2775 διαπράσεως
966 2701 1132 2755 αὑτοῦ
1192 2704 1270 2764 εἰς
1316 2700 1607 2770 Αἴγυπτον.
1667 2703 1778 2755 Καὶ
1821 2702 1884 2755 τὸ

297 2792 514 2864 πνεῦμα
545 2793 639 2846 τοῦ
668 2795 856 2864 μίσους
880 2791 948 2865 ἦν
972 2796 1028 2846 ἐν
1065 2794 1186 2864 ἐμοί
1207 2811 1219 2822 ·
1257 2792 1352 2846 καὶ
1376 2793 1474 2846 οὐκ
1503 2792 1692 2863 ἤθελον
1717 2833 1731 2856 ,
1759 2792 1882 2846 οὔτε

295 2886 364 2941 δι’
392 2886 700 2958 ὀφθαλμῶν,
738 2887 860 2940 οὔτε
901 2887 967 2940 δι’
1010 2887 1180 2956 ἀκοῆς
1212 2887 1336 2939 ἰδεῖν
1370 2885 1462 2938 τὸν
1513 2886 1730 2957 Ἰωσήφ.
1769 2888 1881 2940 Καὶ

298 2977 440 3031 κατὰ
473 2979 760 3051 πρόσωπον
792 2978 948 3049 ἡμῶν
982 2977 1207 3049 ἤλεγξεν
1235 2977 1409 3048 ἡμᾶς,
1439 2977 1520 3030 ὅτι
1544 2979 1672 3032 ἄνευ
1711 2976 1879 3032 Ἰούδα

299 3068 546 3140 ἐσθίομεν
572 3068 641 3122 τά
664 3069 952 3140 θρέμματα
975 3085 988 3098 ·
1023 3069 1118 3121 καὶ
1145 3067 1342 3128 πάντα,
1367 3067 1467 3121 ὅσα
1495 3067 1646 3136 ἔλεγε
1672 3069 1749 3138 τῷ
1772 3086 1876 3122 πα-
1905 3063 1948 3119 C

297 3162 406 3234 τρὶ,
437 3161 690 3214 ἐπείθετο
714 3159 880 3230 αὐτῷ.

366 3253 440 3306 Β¹.
484 3271 502 3303 ι
546 3250 822 3322 Ὁμολογῶ
851 3248 945 3302 νῦν
969 3249 1067 3320 τὴν
1090 3250 1365 3319 ἁμαρτίαν
1397 3266 1520 3318 μου,
1554 3250 1723 3302 τέκνα
1744 3289 1758 3311 ,
1797 3252 1876 3302 ὅτι

299 3343 617 3407 πλειστάκις
641 3342 828 3414 ἤθελον
852 3341 1061 3395 ἀνελεῖν
1088 3341 1249 3394 αὐτὸν
1271 3380 1285 3404 ,
1319 3343 1400 3393 ὃτι
1424 3341 1528 3404 ἓως
1550 3342 1729 3412 ψυχῆς
1753 3344 1778 3394 ὲ
1788 3343 1876 3412 μί-

299 3454 426 3490 σουν
459 3437 652 3496 αὐτὸν,
693 3435 788 3487 καὶ
827 3435 964 3496 ὅλως
1001 3434 1101 3486 οὐκ
1136 3429 1204 3502 ἦν
1242 3434 1299 3485 ὲν
1337 3434 1460 3503 ἐμοὶ
1483 3435 1667 3504 ἥπατα
1697 3434 1878 3498 ἐλέους

297 3529 379 3590 είς
419 3525 580 3580 αὐτόν
626 3525 758 3595 (57).
790 3524 897 3577 Καί
937 3541 999 3592 γε
1039 3523 1125 3576 διὰ
1167 3523 1237 3576 τά
1275 3524 1502 3577 ἐνύπνια
1529 3525 1875 3596 προσεθέμην

300 3622 478 3690 μῖσος,
504 3618 595 3671 καὶ
617 3617 807 3689 ἤθελον
844 3617 1004 3670 αὑτὸν
1029 3614 1267 3680 ὲκλεϊξαι
1307 3617 1371 3668 ὲκ
1404 3616 1506 3686 γῆς
1543 3615 1758 3679 ζώντων
1777 3657 1792 3680 ,
1819 3617 1878 3669 ὃν

297 3712 498 3783 τρόπον
522 3710 752 3780 ὲκλείχει
774 3712 802 3762 ὁ
833 3710 1028 3781 μόσχος
1049 3707 1118 3762 τὰ
1141 3707 1325 3780 χλωρά
1353 3708 1461 3762 ἀπὸ
1483 3708 1582 3778 τῆς
1604 3708 1707 3778 γῆς
1738 3709 1871 3780 (58).

300 3802 392 3857 Διὸ
416 3801 526 3870 ὲγὼ
550 3801 643 3854 καὶ
679 3800 878 3863 Ἰούδας
905 3798 1015 3870 (59)
1054 3800 1416 3871 πεπράχαμεν
1441 3799 1601 3851 αὑτὸν
1628 3802 1740 3863 τοῖς
1780 3801 1880 3854 Ἱσ-

303 3892 591 3964 μαηλίταις
636 3891 680 3944 λ’
726 3891 964 3961 χρυσίων
999 3889 1109 3961 (40)
1136 3907 1149 3919 ·
1199 3890 1292 3943 καὶ
1340 3888 1410 3942 τὰ
1459 3889 1589 3943 δέκα
1637 3890 1878 3963 ἀποκρύ-

295 3982 532 4053 ψαντες,
579 3983 648 4037 τὰ
694 3990 740 4036 κ’
787 3981 1068 4052 ἐδείξαμεν
1113 3985 1226 4044 τοῖς
1273 3981 1519 4050 ἀδελφοῖς
1553 3982 1730 4052 ἡμῶν.
1767 3985 1878 4038 Καὶ

296 4074 470 4138 οὕτως
501 4078 566 4146 τῇ
600 4073 881 4148 πλεονεξίᾳ
912 4072 1373 4144 ὲπληροφορήθηνν
1414 4073 1515 4142 τῆς
1547 4074 1877 4146 ἀναιρέσεως

298 4166 489 4222 αὐτοῦ.
533 4169 643 4220 Καὶ
674 4168 702 4219 ὀ
735 4166 866 4229 Θεὸς
897 4164 1006 4217 τῶν
1040 4164 1292 4234 πατέρων
1317 4180 1418 4232 μου
1435 4163 1702 4234 ἐρρύσατο
1719 4167 1878 4219 αὑτὸν

297 4261 409 4313 τῶν
429 4259 628 4332 χειρῶν
655 4277 776 4330 μου,
799 4257 886 4311 ἵνα
910 4257 984 4328 μὴ
1003 4258 1213 4327 ποιήσω
1245 4255 1417 4326 ἀνόμη
1428 4273 1504 4324 μα
1537 4257 1594 4307 ἐν
1638 4243 1874 4330 Ἰσραήλ.

1994 1776 2238 1833 firmatus
2266 1788 2350 1833 est
2375 1781 2443 1835 ab
2481 1792 2647 1850 aestu;
2687 1791 2741 1838 et
2770 1799 3021 1839 reversus
3051 1793 3135 1839 est
3165 1786 3219 1839 in
3257 1784 3470 1841 Hebron
3495 1788 3560 1839 ad

1991 1877 2197 1936 patrem
2258 1886 2416 1925 suum
2463 1890 2476 1926 :
2522 1881 2578 1927 et
2625 1875 2911 1928 reclinavit
2963 1890 3086 1929 cum
3131 1875 3287 1945 juxta
3322 1893 3562 1947 se,quo—

1990 1959 2135 2014 niam
2173 1962 2432 2032 diligebat
2472 1979 2621 2020 eum.
2649 1965 2717 2020 Et
2763 1967 2900 2022 dixit
2939 1966 3140 2038 Ioseph
3178 1969 3320 2038 patri
3348 1978 3560 2034 nostro,

1989 2053 2136 2120 quod
2185 2054 2278 2108 filii
2319 2054 2532 2124 Zelpha:
2582 2067 2636 2112 et
2671 2058 2812 2113 Bahe
2845 2069 3086 2114 mactant
3127 2061 3290 2127 bona,
3319 2069 3373 2115 et
3399 2061 3564 2116 devo-

1987 2155 2112 2199 rant
2147 2146 2285 2216 ipsa,
2305 2148 2496 2203 insciis
2521 2148 2660 2203 Iuda
2693 2159 2746 2204 et
2779 2149 2989 2205 Ruben.
3009 2151 3226 2206 Sciebat
3251 2152 3394 2205 enim
3413 2154 3560 2221 quod

1988 2251 2190 2307 agnum
2233 2241 2491 2296 eruebam
2539 2258 2603 2296 ex
2633 2256 2728 2296 ore
2757 2258 2920 2308 ursm,
2950 2253 3004 2296 et
3038 2244 3185 2296 illam
3210 2243 3479 2309 interfeci,
3511 2256 3564 2297 et

1989 2345 2190 2400 agnum
2221 2333 2476 2398 mactari,
2497 2332 2585 2402 (de
2613 2347 2724 2402 quo
2754 2334 3147 2400 contristabar,
3167 2334 3427 2404 quoniam
3453 2350 3559 2389 non

1987 2423 2162 2490 potuit
2192 2422 2394 2491 vivere)
2420 2433 2473 2477 et
2501 2424 2922 2478 comedebamus
2943 2425 3120 2493 ipsum
3152 2444 3164 2478 :
3193 2434 3248 2480 et
3267 2425 3562 2494 dixitpatri

1987 2521 2201 2568 nostro.
2235 2511 2302 2568 Et
2351 2516 2580 2568 moleste
2626 2513 2862 2568 ferebam
2908 2515 3050 2568 istud
3082 2516 3307 2569 verbum
3335 2514 3559 2584 Ioseph,

1985 2623 2160 2675 usque
2205 2608 2257 2662 in
2307 2607 2448 2663 diem
2502 2607 2837 2662 venditionis
2880 2606 3000 2676 ejus
3041 2609 3094 2661 in
3148 2606 3464 2678 Egyptum.
3495 2606 3563 2659 Et

1985 2700 2207 2769 spiritus
2247 2700 2355 2754 odii
2381 2709 2495 2753 erat
2519 2699 2572 2753 in
2604 2714 2724 2764 me;
2754 2709 2808 2753 et
2839 2700 2991 2752 uolui
3025 2698 3228 2769 Ioseph
3255 2708 3350 2752 aut
3373 2699 3561 2752 audire

1985 2801 2080 2847 aut
2130 2792 2332 2846 videre.
2366 2791 2431 2844 Et
2490 2806 2676 2845 coram
2716 2790 2854 2845 facie
2899 2800 3088 2846 nostra
3124 2790 3400 2860 redarguit
3435 2803 3556 2853 nos,

1983 2886 2240 2955 quoniam
2280 2887 2396 2939 sine
2431 2883 2569 2937 Iuda
2620 2884 2960 2938 comedimus
2997 2899 3194 2952 pecora
3221 2903 3233 2938 :
3259 2893 3314 2946 et
3353 2882 3557 2942 omnia.

1983 2991 2320 3046 quaecunque
2349 2976 2485 3030 dixit
2523 2976 2681 3045 patri,
2706 2977 2978 3045 persuasit
3000 2976 3070 3030 ei.

2050 3248 2116 3302 11.
2155 3267 2173 3299 ‹
2212 3248 2490 3302 Conﬁteor
2525 3262 2672 3302 nunc
2700 3258 2981 3317 peccatum
3020 3263 3225 3311 meum,
3261 3245 3377 3310 filii,
3409 3251 3556 3316 quod

1981 3353 2123 3407 saepe
2163 3336 2307 3389 volui
2339 3335 2587 3390 occidere
2613 3352 2762 3400 eum,
2793 3337 3052 3404 quoniam
3102 3352 3276 3406 usque
3324 3337 3394 3390 ad
3435 3341 3555 3391 ani-

1979 3445 2125 3483 mam
2162 3427 2288 3481 odio
2329 3429 2490 3481 habui
2523 3442 2672 3493 eum,
2703 3436 2758 3482 et
2789 3427 3013 3480 omnino
3043 3441 3152 3479 non
3192 3437 3347 3482 erant
3376 3429 3430 3480 in
3473 3445 3558 3482 me

1978 3523 2190 3577 viscera
2241 3520 2644 3575 misericordiae
2673 3534 2802 3588 erga
2833 3519 3032 3587 ipsum.
3061 3517 3126 3572 Et
3167 3529 3386 3588 propter
3413 3535 3559 3573 som-

1980 3617 2070 3668 nia
2103 3614 2278 3684 ipsius
2300 3614 2524 3683 concepi
2550 3613 2759 3677 odium,
2785 3621 2834 3666 et
2869 3611 3013 3665 volui
3071 3614 3248 3682 ipsum
3283 3612 3559 3682 delingere

1977 3724 2008 3764 e
2049 3716 2194 3761 terra
2240 3707 2563 3772 viventium,
2593 3703 3056 3774 quemadmodum
3093 3705 3321 3774 delingit
3351 3703 3553 3759 vitulus

1979 3801 2178 3856 herbas
2208 3815 2235 3852 a
2269 3809 2434 3855 terra.
2468 3798 2700 3868 Propter
2730 3798 2874 3867 quod
2903 3814 3002 3869 ego
3030 3803 3084 3853 et
3120 3797 3288 3854 Iudas
3308 3798 3553 3852 vendidi-

1979 3912 2102 3950 mus
2129 3911 2255 3949 eum
2288 3891 2575 3946 lsmaelitis
2617 3891 2838 3959 triginta
2869 3891 3085 3957 aureis;
3123 3901 3178 3945 et
3224 3893 3408 3946 decem
3439 3891 3556 3946 abs-

1979 3987 2292 4051 condentes,
2339 3985 2527 4054 viginti
2576 3983 2916 4037 ostendimus
2948 3982 3206 4037 fratribus
3242 3985 3468 4038 nostris.
3493 3983 3558 4037 Et

1981 4080 2054 4133 ita
2099 4078 2327 4132 avaritia
2373 4076 2696 4130 animumin
2739 4077 2942 4130 caedem
2969 4075 3088 4144 ejus
3117 4075 3552 4130 oblirmavcram.

1983 4172 2123 4226 Deus
2155 4180 2335 4224 autem
2371 4179 2580 4239 patrum
2614 4185 2857 4225 meorum
2892 4169 3091 4237 eripuit
3126 4183 3253 4222 eum
3285 4169 3350 4223 de
3381 4170 3558 4222 mani-

1981 4264 2084 4317 bus
2111 4261 2269 4324 meis,
2304 4272 2364 4314 ut
2393 4276 2499 4314 nou
2534 4260 2772 4314 facerem
2815 4260 3158 4328 iniquitatem
3194 4261 3248 4312 in
3284 4259 3472 4314 Israel.

378 4414 492 4486 (‘52)
528 4415 779 4487 Vicesimo
798 4415 1039 4487 septimo.
1065 4410 1157 4466 Sic
1175 4411 1676 4487 exstatinutroquc
1694 4418 1882 4474 codice
1916 4425 1958 4478 D
1988 4428 2138 4487 gnat.
2189 4416 2343 4472 Unde
2384 4419 2548 4472 varia:
2594 4417 2967 4472 Rabbinorum
3022 4417 3371 4484 conjecturte.
3412 4418 3558 4470 Cou—

305 4481 518 4541 Latino.
549 4486 652 4540 Sed
684 4481 914 4555 uterque
952 4483 1182 4556 Graecus
1197 4481 1358 4534 habet
1391 4489 1526 4552 ρκε’,
1561 4481 1804 4556 adeoque
1828 4490 1882 4543 in

301 4558 566 4612 alterutro
609 4564 693 4611 est
734 4552 946 4610 vitium.
999 4552 1219 4605 Diliicile
1265 4561 1443 4606 autem
1473 4563 1552 4606 est
1588 4552 1787 4620 dicere,
1829 4561 1880 4613 in

300 4642 413 4697 quo
437 4645 452 4692 ;
485 4641 549 4681 ac
578 4642 767 4697 parum
784 4621 1119 4697 relicum—lla
1137 4621 1370 4697 Grabius
1390 4625 1528 4697 apud
1552 4623 1880 4697 Fabricium.

375 4698 490 4766 (55)
535 4693 844 4763 ’Ἑϐδομοςκ
881 4696 1136 4756 Ἔννατος
1174 4693 1335 4766 habet
1361 4694 1529 4748 codex
1560 4695 1760 4764 Oxon.,
1789 4701 1882 4756 sed

303 4761 482 4830 male.
507 4775 563 4821 ut
590 4783 655 4821 ex
684 4761 996 4820 Genes.xxx
1023 4772 1255 4818 constat.
1287 4761 1364 4818 In.

375 4838 488 4905 ('54)
526 4840 603 4892 Ἦ
631 4835 942 4902 πάρδαλις,
978 4833 1015 4902 ἢ
1047 4832 1281 4905 ἄρκτος.
1310 4834 1531 4889 Desunt.
1556 4834 1632 4891 In.

546 4909 950 4981 'Eywtaxt'qtm
985 4903 1238 4981 (adeo?)
1263 4906 1579 4981 καύματος.
1599 4910 1884 4981 ῨῈκαυμα-

300 4973 726 5046 τίσθηύπδτοῦ
762 4974 1038 5046 καύσωνος
1062 5013 1076 5036 ,
1115 4974 1275 5026 habet
1314 4973 1639 5033 Oxouieusis
1687 4973 1878 5035 codex.

301 5048 405 5104 Cui
443 5045 565 5100 licet
598 5045 777 5116 quoad
815 5047 1051 5116 priorem
1083 5059 1272 5099 vocem
1307 5046 1672 5113 praeferendus
1699 5051 1882 5105 videa-

303 5129 396 5174 tur
427 5115 916 5190 Cantabrigiensis,
941 5115 1000 5190 in
1033 5131 1143 5185 quo
1163 5123 1257 5190 est
1285 5116 1626 5190 ὲμαλακίσθη
1655 5139 1667 5173 :
1700 5122 1879 5190 quoad

304 5189 663 5258 posteriorem
699 5186 889 5258 tamen
939 5187 1054 5258 ipse
1103 5186 1236 5258 mihi
1286 5189 1459 5256 magis
1501 5186 1693 5256 placet.
1717 5186 1882 5244 Καύ-

308 5255 418 5312 σων
463 5258 662 5328 quippe
705 5257 970 5327 signilicat
1013 5255 1296 5328 formalem
1349 5255 1596 5311 morbum
1624 5300 1638 5321 ,
1687 5260 1878 5314 febrim

307 5325 516 5452 sciliclet
545 5325 843 5393 ardentem,
878 5329 932 5381 in
967 5343 1132 5396 quam
1161 5325 1433 5397 Iosephus
1465 5328 1724 5386 incidisse
1751 5332 1882 5386 dici-

308 5409 414 5452 tur.
473 5417 525 5452 ι).

308 5409 414 5454 tur.
450 5409 525 5454 ID.

378 5471 492 5539 (36)
535 5469 682 5524 Εἷπε
715 5467 794 5534 τῷ
828 5468 999 5534 πατρὶ
1037 5467 1221 5536 ἡμῶν.
1258 5467 1506 5524 Declarat
1562 5480 1752 5526 auctor
1795 5472 1880 5528 his

308 5541 487 5596 verbis
513 5582 528 5605 ,
576 5557 680 5610 qua
736 5542 802 5594 de
848 5556 905 5593 re
947 5539 1217 5606 Iosephus
1265 5540 1459 5594 fratres
1496 5543 1636 5609 apud
1672 5551 1877 5611 patrem

309 5613 680 5681 accusaverit:
715 5627 1003 5665 accusasse
1035 5611 1178 5681 enim
1207 5627 1463 5679 expresse
1493 5615 1567 5665 ait
1597 5613 1877 5681 Scriptura

309 5680 504 5737 Genes.
537 5699 744 5749 xxxvii,
773 5683 842 5749 2;
876 5681 967 5736 sed
997 5679 1174 5747 capita
1201 5683 1566 5738 accusationis
1598 5679 1843 5739 uon'desi
1864 5714 1878 5726 -

1991 4489 2193 4542 trarius
2239 4498 2323 4542 est
2368 4498 2557 4543 nostro
2590 4488 2797 4542 auctori
2845 4487 2909 4540 R.
2963 4487 3221 4552 Salonio,
3267 4487 3392 4540 dmn
3447 4503 3553 4540 non

1990 4560 2130 4636 filios
2154 4558 2296 4612 Baiae
2321 4558 2755 4636 e_t_Zelph_ze,_sed
2783 4557 2924 4622 Lear,
2950 4573 2976 4610 a
3002 4557 3237 4636 Iosepho
3273 4567 3559 4636 accusatos

1989 4630 2164 4699 fingit,
2195 4638 2249 4682 et
2271 4629 2590 4693 quidem’ob
2619 4630 2936 4683 devoratum
2978 4629 3282 4699 membrum
3327 4629 3393 4699 de
3433 4629 3557 4680 vivo

1988 4696 2299 4758 animante;
2321 4701 2464 4768 quod
2490 4707 2608 4753 erat
2631 4707 2819 4752 contra
2844 4699 3012 4767 legem
3044 4697 3148 4768 Dei
3173 4696 3300 4751 Noa:
3338 4698 3554 4762 datam,

1990 4771 2126 4823 Gen.
2158 4786 2234 4832 ις,
2273 4767 2452 4824 «LSed
2478 4769 2602 4823 nolo
2626 4769 3018 4822 hisceincertis
3040 4767 3345 4822 immorari.
3384 4769 3552 4823 Quae.

2063 4861 2176 4928 (57)
2216 4862 2324 4914 Καὶ
2372 4862 2524 4926 ὅλως
2568 4863 2680 4913 οὐκ
2726 4859 2805 4927 ἦν
2845 4859 2915 4912 ἐν·
2958 4859 3085 4928 ἐμοὶ
3120 4859 3320 4927 ἥπατα
3353 4859 3559 4927 ἐλέους

1985 4936 2071 4998 εὶς
2101 4933 2304 4984 αὐτόν.
2347 4931 2567 4986 Desunt.
2599 4933 2676 4983 lo.

2058 5026 2170 5089 (58)
2216 5028 2324 5077 Ὃν
2357 5026 2577 5092 τρόπον
2617 5025 2874 5091 ἑκλείχει
2921 5027 2953 5077 ὀ
2989 5025 3226 5093 μόσχος
3255 5023 3327 5077 τὰ
3361 5024 3562 5091 χλωρὰ

1984 5095 2100 5148 ἀπὸ
2135 5094 2242 5163 τῆς
2275 5093 2404 5165 γῆς.
2437 5094 2652 5148 Omissa
2678 5105 2822 5148 sunt.
2845 5097 2920 5147 lu.
2945 5125 3009 5132 —
3029 5096 3232 5149 Alludit
3261 5095 3325 5146 ad
3352 5105 3559 5165 textum

1985 5167 2146 5220 Num.
2169 5164 2305 5229 xxii,
2324 5167 2379 5219 4:
2401 5165 2512 5236 Νῦν
2534 5165 2806 5235 magar;
2825 5165 3116 5236 συναγωγὴ
3138 5165 3272 5235 αὕτη
3293 5165 3309 5232 (
3328 5164 3562 5236 Ἰσραὴλ)

1985 5238 2197 5300 πάντας
2229 5239 2353 5298 τοὺς
2386 5235 2571 5306 κύκλῳ
2603 5236 2788 5306 ἡμῶν,
2836 5237 2970 5291 ὡσεὶ
3007 5235 3245 5303 ἐκλείξαι
3285 5237 3313 5287 ὁ
3363 5235 3565 5306 μόσχος

1984 5307 2051 5360 τὰ
2073 5307 2256 5378 χλωρά
2291 5309 2354 5360 ὲκ
2385 5307 2479 5359 τοῦ
2502 5307 2704 5360 πεδίου.
2753 5307 2980 5364 'Dnacu.

2055 5403 2166 5471 (59)
2217 5400 2464 5465 Ἰούδας.
2492 5400 2714 5471 Συμεών
2742 5417 3024 5470 perperam
3052 5403 3213 5458 habet
3233 5402 3356 5456 cod.
3382 5399 3556 5454 Oxon.

1984 5473 2166 5614 CII-28)
2205 5545 2499 5614 Χρυσίωις,
2534 5542 2733 5598 Aureos
2782 5545 2912 5599 dicit
2961 5555 3150 5599 auctor
3194 5560 3261 5598 ex
3309 5541 3560 5596 versione

1982 5612 2167 5670 Graeca
2197 5615 2305 5668 τῶν
2334 5619 2407 5668 0'.
2452 5612 2696 5681 Triginta
2722 5624 3105 5669 numerateum
3130 5614 3321 5668 Latino
3341 5614 3558 5682 vulgato

1986 5689 2280 5754 interprete
2307 5726 2320 5751 ,
2359 5685 2515 5752 juxta
2561 5687 2828 5754 quasdam
2879 5687 3178 5753 editiones;
3228 5686 3282 5740 in
3327 5693 3557 5751 utroque
