3944 6146
428 259 592 317 Illl5

1443 254 1905 312 TESTAMENTA
1928 252 2034 311 -ΧΙΙ
2069 248 2686 314 PATRIARCHARUM.

3554 238 3693 295 1116

523 374 609 429 Ill.
641 393 662 427 ι
711 373 777 430 Ει
805 389 953 431 nunc
985 374 1188 443 audite,
1217 375 1314 430 ﬁlii
1342 376 1475 441 mei,
1505 390 1786 432 sermones
1824 375 2026 431 verita-

2196 375 2272 429 l".
2313 391 2332 426 ι
2372 373 2484 427 Καὶ
2515 368 2611 423 νῦν
2637 364 2903 421 ἀκούσατε
2925 402 2940 428 ,
2979 359 3146 415 τέκνα
3181 373 3314 429 μου,
3349 354 3536 423 λόγους
3565 355 3695 426 ἀλη-

451 471 617 534 tis.ut
645 470 858 526 faciatis
881 471 1242 540 justitiam,et
1268 487 1488 528 omnem
1515 472 1689 542 legem
1720 468 2017 534 Altissimi;

450 571 504 616 ct
548 577 616 616 ne
657 562 855 617 erretis
901 564 1094 632 Spiritu
1140 564 1272 631 odii,
1319 565 1579 634 quoniam
1637 562 1814 617 malus
1848 570 1933 616 est
1964 561 2021 614 in

451 652 707 707 omnibus
749 652 958 707 actibus
1001 653 1305 708 hominum.
1339 652 1512 708 Omne
1537 652 1904 723 quodcunque
1939 649 2019 705 fe-

451 744 587 798 cerit
619 744 853 813 (homo),
884 744 977 812 qui
1015 744 1129 798 odit
1156 745 1531 811 abominatur;
1567 745 1615 800 si
1646 743 1810 799 faciat
1848 743 2020 814 legem

455 836 695 899 Domini,
747 852 857 890 non
902 836 1087 891 laudat
1131 851 1286 901 eum;
1323 836 1370 890 si
1421 837 1607 891 timeat
1627 834 1938 901 Dominum,
1968 842 2024 889 et

451 927 583 981 velit
624 927 799 996 justa,
827 927 974 981 hunc
1004 941 1110 981 non
1164 926 1369 995 diligit;
1408 926 1691 982 veritatem
1729 925 2019 995 vituperat,

452 1017 704 1088 dirigenti
738 1032 999 1086 prospere
1035 1033 1122 1073 res
1153 1032 1279 1073 suas
1308 1017 1533 1084 invidet,
1574 1017 2019 1073 obtrectationem

452 1109 824 1179 amplectitur,
859 1109 1228 1179 arrogantiam
1287 1116 1465 1176 amat;
1520 1110 1778 1178 quoniam
1836 1107 2022 1162 odium

453 1200 745 1255 excaacnvit
796 1198 1035 1253 animam
1083 1199 1203 1268 ejus
1223 1240 1238 1265 ,
1270 1198 1413 1255 sicut
1449 1206 1504 1252 et
1531 1214 1633 1270 ego
1662 1197 2022 1268 respiciebam

454 1293 508 1346 in
536 1288 760 1361 Josepli.
1982 1333 1986 1336 ι

528 1377 617 1442 IV.
659 1399 677 1431 ι
716 1380 913 1435 Cavete
957 1379 1144 1451 igitur,
1177 1379 1272 1434 filii
1318 1379 1446 1446 mei,
1481 1380 1550 1435 ab
1579 1379 1727 1446 odio,
1766 1379 2022 1449 quoniam

456 1472 510 1526 in
564 1472 740 1542 ipsum
790 1470 1080 1526 Dominum
1137 1472 1479 1542 iniquitatem
1532 1471 1684 1529 facit.
1726 1470 1844 1525 Non
1878 1470 2023 1525 enim

456 1562 572 1616 vult
620 1561 808 1617 audire
851 1562 1014 1616 verba
1063 1562 1443 1617 mandatorum
1489 1560 1609 1632 ejus
1643 1562 1710 1617 de
1737 1561 2028 1616 dilectione

459 1654 715 1725 proximi,
739 1665 793 1710 et
817 1655 868 1709 in
895 1654 1065 1708 Deum
1103 1663 1313 1724 peccat.
1349 1652 1406 1729 Si
1431 1653 1576 1709 enim
1601 1653 1883 1723 delinquat
1914 1651 2026 1705 fra-

2123 465 2296 531 θείας,
2316 464 2415 518 τοῦ
2436 464 2609 517 ποιεῖν
2628 456 2994 527 δικαιοσύνην,
3028 452 3123 505 καὶ
3142 450 3320 504 πάντα
3342 447 3507 519 νόμον
3548 446 3697 516 Ὑψί-

2124 579 2248 616 στου
2272 577 2286 590 ο
2345 558 2440 612 καὶ
2489 556 2564 626 μὴ
2611 548 2885 605 πλανᾶσθε
2918 546 2994 618 τῷ
3038 544 3307 615 πνεύματι
3342 540 3438 594 τοῦ
3475 539 3692 611 μίσους,

2122 657 2204 710 ὅτι
2240 649 2408 707 κακόν
2437 650 2553 701 ἐστι
2586 645 2680 699 ἐπὶ
2711 644 2913 704 πάσαις
2942 636 3207 708 πράξεσιν
3238 630 3561 703 ἀνθρώπων.
3584 631 3698 683 Πᾶν

2122 746 2151 799 ὅ
2183 744 2277 798 ἐὰν
2319 742 2479 811 ποιῇ,
2512 741 2542 793 ὁ
2591 735 2764 808 μισῶν
2806 729 3184 804 βδελύσσεται·
3228 725 3323 779 ὲάν
3366 726 3492 794 ποιῇ
3540 722 3697 793 νόμον

2123 835 2328 907 Κυρίου
2352 873 2367 899 ,
2414 833 2517 885 οὐκ
2560 828 2772 883 ἐπαινεῖ
2796 822 2985 878 τοῦτον
3007 840 3022 854 ·
3057 821 3151 875 ἐὰν
3192 818 3427 889 φοϐῆται
3460 815 3697 886 Κύριον,

2124 928 2217 982 καὶ
2263 924 2392 998 θέλῃ
2431 923 2647 985 δίκαια,
2697 916 2885 971 τοῦτον
2932 915 3034 967 οὐκ
3066 913 3286 982 ἀγαπᾷο
3319 910 3420 980 τὴν
3450 907 3702 979 ἀλήθειαν

2123 1020 2280 1090 ψέγει
2304 1056 2321 1083 ,
2365 1013 2445 1085 τῷ
2493 1008 2843 1082 κατορθοῦντι
2892 1005 3114 1075 φθονεῖ,
3166 998 3701 1090 καταλαλιὼῳάσπά-

2125 1089 2297 1174 ζεται,
2333 1101 2710 1175 ὑπερηφανίαν
2753 1097 2973 1167 ἀγαπᾷ·
3027 1096 3110 1147 ὅτι
3140 1093 3201 1146 τὸ
3239 1095 3393 1163 μῖσος
3426 1089 3699 1158 ἐτύφλωσε

2125 1200 2223 1271 τὴν
2253 1197 2431 1268 ψυχὴν
2464 1191 2628 1248 αὑτοῦ
2652 1231 2669 1257 ,
2704 1186 2887 1252 καθὼς
2918 1183 3076 1254 κάγὼ
3109 1184 3336 1237 ἔϐλεπον
3369 1183 3428 1235 ὲν
3464 1179 3542 1251 τῷ
3588 1181 3699 1232 Ἰω-

2128 1285 2671 1443 σήῖν.(ῗὶιὲυλάξασθε
2701 1367 2815 1436 οὖν,
2844 1371 3010 1424 τέκνα
3043 1387 3165 1441 μου,
3202 1366 3310 1420 ἀπὸ
3340 1364 3434 1418 τοῦ
3474 1364 3699 1435 μίσους,

2103 1472 2210 1537 ,ὅτι
2240 1471 2327 1524 ἐπ’
2355 1469 2516 1522 αὑτὸν
2549 1467 2639 1520 τὸν
2665 1464 2869 1536 Κύριον
2903 1463 3132 1534 ἀνομίαν
3165 1462 3325 1513 ποιεῖ.
3363 1459 3437 1511 Οὐ
3472 1457 3579 1528 γὰρ
3612 1456 3703 1508 θέ-

2106 1565 2207 1629 ιλει
2232 1556 2461 1616 ¹ἀκούειν
2493 1560 2665 1628 λόγων
2693 1556 2922 1611 ἐντολῶν
2963 1553 3126 1609 αὐτοῦ
3175 1554 3306 1623 περὶ
3347 1551 3567 1620 ἀγάπης
3609 1548 3702 1601 τοῦ

2130 1654 2390 1726 πλησίον,
2444 1652 2539 1706 καὶ
2584 1652 2662 1714 είς
2707 1651 2806 1702 τὸν
2857 1646 2987 1699 Θεὸν
3037 1645 3364 1716 ἁμαρτάνει.
3427 1640 3552 1694 Ἐὰν
3597 1639 3703 1709 γὰρ

458 1755 563 1810 ter,
591 1746 775 1800 statim
815 1745 930 1799 vult
958 1746 1283 1798 annuntiare
1327 1728 1604 1810 omnibus,
1639 1754 1693 1798 et
1721 1743 1939 1798 festinat
1967 1751 2028 1798 ut

2134 1747 2332 1819 πταίσῃ
2361 1744 2474 1817 (4⁸2)
2503 1745 2532 1796 ὁ
2561 1742 2787 1812 ἀδελφὸς
2817 1739 3002 1805 αὑτοῦ,
3031 1736 3193 1801 εὐθὺς
3224 1735 3367 1788 θέλει
3391 1731 3705 1802 ἀναγγεῖλαι

454 1835 730 1906 judicetur
783 1851 880 1904 pro
914 1835 1017 1890 hoc
1046 1834 1265 1901 delicto,
1295 1843 1350 1890 et
1395 1835 1617 1904 punitus
1659 1836 1942 1888 moriatur.
1970 1833 2029 1890 Si

459 1937 640 1983 autem
676 1925 842 1981 fuerit
887 1941 1099 1993 servus,
1131 1935 1354 1980 accusat
1386 1941 1511 1981 eum
1553 1926 1695 1995 apud
1742 1924 2025 1980 dominum

459 2020 599 2089 ejus,
626 2027 686 2074 et
748 2019 805 2072 in
854 2016 1004 2070 om:.i
1053 2015 1402 2070 tribulatione
1454 2015 1766 2086 aggreditur
1809 2029 1957 2081 eum,
1983 2016 2028 2070 si

458 2126 569 2181 quo
608 2111 770 2165 modo
819 2108 1108 2165 interficiat
1153 2124 1301 2164 eum.
1351 2105 1548 2177 Odium
1589 2107 1735 2162 enim
1777 2116 2031 2178 operatur

458 2191 582 2261 cum
605 2204 917 2271 homicidio.
942 2213 996 2258 et
1013 2202 1312 2260 secundum
1334 2202 1470 2257 bene
1493 2196 1836 2271 Operantium
1861 2198 2034 2269 profe-

460 2303 629 2362 ctum,
651 2295 882 2350 audiens
916 2302 1008 2348 aut
1037 2293 1225 2349 videns
1247 2309 1461 2364 semper
1482 2293 1801 2364 languescit.
1827 2291 2031 2358 Quem-

461 2387 751 2444 admodum
788 2387 933 2440 enim
964 2385 1180 2440 dilectio
1204 2385 1367 2439 etiam
1423 2392 1668 2441 mortuos
1718 2385 1869 2454 cupit
1909 2385 2033 2438 vita:

464 2479 772 2542 restituere,
823 2485 878 2531 et
924 2477 1047 2532 illos
1092 2477 1185 2546 qui
1242 2485 1371 2532 sunt
1412 2476 1468 2530 in
1509 2476 1776 2531 sententia
1815 2478 2029 2541 mortis,

459 2574 576 2628 vult
623 2588 655 2626 a
703 2579 877 2625 morte
924 2584 1179 2625 revocare
1231 2587 1246 2624 :
1293 2570 1366 2624 ita
1395 2569 1577 2624 odium
1625 2569 1867 2624 viventes
1920 2569 2033 2623 vult

461 2663 733 2728 occidere,
765 2669 819 2716 et
848 2677 944 2719 eos
988 2661 1078 2731 qui
1123 2661 1403 2731 paululum
1450 2661 1711 2730 quiddam
1766 2675 2031 2730 peccave-

464 2754 592 2816 rint,
622 2753 871 2821 indignos
915 2751 1021 2806 vita
1067 2750 1296 2819 iudicat.
1328 2752 1565 2821 Spiritus
1610 2753 1756 2807 enim
1787 2752 1899 2806 odii
1939 2768 2033 2822 per

436 2843 966 2921 ‘pusillanimitatem
1006 2852 1332 2910 cooperatur
1360 2843 1575 2898 Satanae
1600 2843 1657 2897 in
1688 2844 1945 2899 omnibus
1973 2843 2031 2898 in

463 2944 695 2990 mortem
746 2935 1074 2990 hominum:
1138 2935 1366 3006 Spiritus
1417 2943 1599 2989 autem
1645 2935 1949 2992 dilectionis
1974 2937 2029 2991 in

461 3027 868 3097 longanimitate
898 3036 1220 3098 cooperatur
1245 3027 1347 3099 legi
1388 3026 1480 3082 Dei
1508 3027 1563 3082 in
1594 3028 1823 3083 salutem
1847 3029 2028 3086 homi-

461 3136 615 3174 num.
702 3183 706 3189 Ι

534 3209 598 3265 V.
635 3228 654 3262 ι
692 3209 892 3265 Malum
919 3219 1004 3266 est
1049 3209 1258 3283 odium,
1287 3211 1548 3280 quoniam
1580 3222 1862 3282 permanet
1898 3228 2031 3268 con-

462 3301 612 3356 tinue
651 3315 776 3355 cum
819 3298 1125 3367 mendacio,
1164 3300 1394 3372 loquens
1425 3302 1689 3358 adversus
1718 3304 2028 3370 veritatem,

460 3401 518 3450 et
546 3408 711 3463 parva
739 3407 935 3462 magna
965 3391 1114 3460 facit,
1140 3393 1381 3450 tenebris
1410 3394 1588 3451 lucem
1615 3395 2032 3461 adhibet,dulce

463 3500 710 3540 amarum
757 3484 910 3550 dicit,
941 3490 996 3539 et
1036 3484 1368 3539 calumniam
1410 3487 1622 3550 edocet,
1648 3495 1702 3541 et
1722 3486 1947 3551 bellum,
1978 3496 2033 3542 et

467 3577 757 3648 injuriam,
810 3585 867 3632 et
911 3590 1127 3632 omnem
1181 3577 1571 3632 abundantiam
1627 3579 1929 3646 malorum,
1979 3589 2033 3635 et

462 3685 674 3729 veneno
696 3668 963 3724 diabolico
992 3683 1087 3725 cor
1116 3668 1324 3738 implet.
1350 3666 1477 3725 Haec
1499 3669 1729 3725 edoctus
1750 3671 2035 3739 experien-

464 3764 542 3819 tia
591 3763 714 3818 dico
761 3760 935 3828 vobis,
969 3770 1026 3816 ut
1071 3759 1290 3830 fugiatis
1342 3760 1553 3825 odium,
1600 3768 1656 3816 et
1711 3762 2034 3818 adhmreatis

464 3854 740 3913 dilectioni
789 3853 1027 3909 Domini.
1074 3851 1294 3908 Justitia‘
1342 3853 1492 3923 ejicit
1523 3854 2034 3919 odium,humilitas

466 3947 665 4002 occidit
719 3946 928 4003 odium.
989 3943 1179 4002 Justus
1208 3945 1354 3999 enim
1396 3956 1450 4000 et
1481 3945 1705 4001 humilis
1763 3947 2036 4003 erubescit

467 4039 648 4095 facere
675 4038 898 4108 injuste,
923 4054 1030 4092 non
1073 4037 1142 4091 ab
1172 4036 1279 4090 alio
1304 4037 1688 4105 reprehensus,
1715 4038 1809 4093 sed
1842 4054 1872 4093 a
1903 4054 2021 4108 prn-

468 4131 586 4202 prio
613 4131 797 4196 corde,
839 4130 1102 4200 quoniam
1145 4128 1406 4184 Dominus
1452 4130 1683 4200 protegit
1715 4129 1827 4200 (t9)
1853 4132 2037 4187 consi-

467 4225 599 4279 lium
627 4223 768 4293 ejus.
793 4221 913 4276 Non
957 4223 1221 4278 obtrectat
1241 4222 1380 4288 viro,
1411 4222 1539 4291 quia
1572 4223 1734 4277 timor
1764 4222 2035 4279 Altissimi

467 4315 636 4371 vincit
663 4314 867 4370 odium.
890 4313 1110 4370 Timens
1133 4315 1277 4370 enim
1312 4329 1416 4368 non
1443 4313 1668 4369 oﬂendit
1709 4313 2031 4379 Dominum;

2131 1837 2286 1900 πᾶσι,
2314 1837 2407 1888 καὶ
2435 1833 2675 1895 σπεύδει,
2703 1832 2799 1884 ἵνα
2828 1829 2992 1901 κριθῇ
3026 1827 3157 1898 περ)¹
3187 1824 3374 1888 αὐτοῦ,
3433 1824 3528 1877 καὶ
3552 1821 3707 1876 κολα-

2135 1924 2281 1989 σθεὶς
2315 1924 2581 1995 ἀποθάνῃ.
2621 1921 2745 1975 Ἑάν
2782 1920 2838 1974 δὲ
2867 1917 3051 1983 δοῦλος
3092 1913 3167 1989 ᾗ,
3211 1914 3521 1988 συμὸάλλει·
3549 1912 3706 1967 αύτδν

2133 2017 2271 2088 πρὸς
2304 2017 2400 2071 τὸν
2426 2016 2615 2088 κύριον
2641 2014 2826 2078 αὑτοῦ,
2859 2014 2955 2068 καὶ
2980 2016 3038 2067 ὲν
3068 2012 3217 2083 πάσῃ
3239 2010 3414 2079 θλίψει
3441 2009 3709 2080 ἐπιχειρεῖ

2109 2110 2254 2180 ,κατ’
2286 2108 2450 2185 αύτοῦ
2475 2147 2489 2172 ,
2519 2107 2574 2161 εἴ
2603 2125 2720 2171 πως
2762 2105 3060 2161 θανατώσει
3101 2104 3265 2158 αὐτόν
3309 2102 3442 2174 (45).
3485 2102 3563 2155 Τδ
3604 2101 3709 2171 γὰρ

2136 2205 2290 2273 μῖσος
2319 2201 2431 2273 (44)
2463 2203 2715 2274 συνεργεί
2740 2199 2819 2270 τῷ
2845 2200 2996 2270 ,φόνῳ
3030 2196 3164 2268 (45),
3195 2197 3290 2250 καὶ
3318 2194 3460 2249 κατά
3487 2193 3602 2247 τῶν
3630 2194 3711 2248 εὐ-

2133 2292 2486 2365 πραγούντων
2509 2293 2609 2364 τὴν
2639 2291 2942 2364 προκοπὴν,
2968 2289 3179 2344 ἀκούων
3210 2288 3244 2360 ἢ
3276 2285 3441 2358 ὁρῶν,
3477 2285 3706 2339 πὰντοτε

2133 2386 2366 2440 ἀσθενεῖ.
2398 2386 2607 2456 ’Ὥσπερ
2638 2382 2748 2456 γὰρ
2774 2385 2808 2455 ἡ
2836 2383 3023 2452 ἀγάπη
3056 2382 3151 2435 καὶ
3176 2381 3303 2444 τοὺς
3345 2377 3575 2448 νεκροὺς
3619 2375 3707 2429 θέ-

2131 2477 2213 2531 λει
2245 2476 2595 2547 ζωοποιῆσαι,
2630 2476 2724 2529 καὶ
2750 2476 2876 2539 τοὺς
2908 2476 2967 2529 ὲν
2998 2473 3273 2543 ἀποφάσει
3297 2470 3527 2524 θανάτου
3570 2468 3710 2522 θέλει

2132 2567 2600 2625 ἀνακαλέσασθαιο
2636 2564 2810 2630 οὕτως
2851 2565 2913 2618 τὸ
2949 2567 3104 2635 μῖσος
3144 2564 3272 2628 τοὺς
3317 2561 3528 2626 ζῶντας
3572 2558 3709 2613 θέλει

2133 2660 2468 2723 ἀποκτεῖναι,
2496 2658 2591 2710 καὶ
2621 2656 2746 2720 τοὺς
2775 2657 2830 2707 ὲν
2856 2655 3021 2726 ὀλίγῳ
3045 2653 3469 2725 ἁμαρτήσαντας
3491 2650 3553 2703 οὐ
3573 2649 3709 2703 θέλει

2133 2750 2251 2819 ζῇν·
2299 2747 2374 2800 Τδ
2408 2746 2516 2818 γὰρ
2563 2745 2780 2817 πνεῦμα
2824 2743 2919 2797 τοῦ
2966 2744 3155 2815 μίσους
3198 2743 3286 2797 διὰ
3324 2743 3423 2813 τῆς
3459 2743 3707 2813 animi»-

2133 2838 2257 2910 χίας
2290 2841 2539 2911 συνεργεῖ
2568 2836 2647 2908 τῷ
2684 2838 2899 2908 Σατανᾷ
2934 2839 2992 2890 ὲν
3025 2837 3191 2890 πᾶσιν
3225 2838 3304 2899 εἰς
3347 2834 3575 2889 θάνατον
3604 2834 3710 2888 τῶν

2134 2930 2434 3003 ἀνθρώπων
2457 2947 2470 2960 ·
2519 2931 2581 2983 τὸ
2626 2930 2682 2983 δὲ
2732 2928 2947 3001 πνεῦμα
2986 2928 3089 2999 τῆς
3133 2929 3353 2999 ἀγάπης
3402 2928 3460 2979 ὲν
3509 2942 3711 2997 μακρο-

2127 3020 2303 3093 1θυμίᾳ
2358 3022 2610 3093 συνεργεῖ
2664 3018 2743 3091 τῷ
2798 3020 2948 3093 νόμῳ
2991 3018 3085 3073 τοῦ
3133 3017 3267 3073 Θεοῦ
3315 3020 3394 3081 εἰς
3440 3020 3710 3089 σωτηρίαν

2132 3110 2230 3164 ἀνθ
2241 3110 2460 3183 ρώπων.

2198 3228 2275 3281 Ε’.
2317 3247 2336 3280 ι
2373 3229 2560 3283 Κακδν
2591 3230 2653 3283 τὸ
2686 3231 2841 3300 μῖσος
2859 3268 2875 3292 ,
2923 3228 3006 3281 ὃτι
3048 3227 3314 3298 ὲνδελεχεῖ
3357 3226 3601 3297 συνεχῶς
3635 3226 3710 3298 τῷ

2126 3318 2333 3389 ψεύδει,
2367 3319 2559 3374 λαλοῦν
2590 3319 2732 3374 κατά
2752 3319 2857 3390 τῆς
2881 3319 3159 3389 ἀληθείας,
3189 3321 3285 3372 καί⁵
3315 3318 3388 3373 τὰ
3414 3318 3589 3391 μικρὰ
3615 3335 3706 3389 με·

2130 3408 2272 3477 γάλα
2305 3412 2466 3472 ποιεῖ,
2497 3409 2560 3463 τὸ
2589 3409 2779 3472 σκότος
2811 3408 2926 3479 φῶς
2955 3408 3213 3480 προσέχει
3257 3407 3367 3480 (46)
3392 3447 3410 3472 ,
3448 3407 3513 3460 τὸ
3539 3406 3707 3475 γλυκὺ

2130 3499 2327 3570 πικρὸν
2352 3499 2521 3567 λέγει,
2552 3500 2646 3553 καὶ
2673 3500 3036 3569 συκοφαντίαν
3064 3499 3365 3553 ἐκδιδάσκει
3389 3538 3404 3562 ,
3438 3500 3536 3553 καὶ
3557 3497 3709 3553 πόλε-

2136 3608 2267 3663 μον,
2301 3591 2395 3644 καὶ
2428 3590 2615 3662 ὕϐριν,
2649 3591 2745 3644 καὶ
2787 3592 2970 3644 πᾶσαν
3008 3590 3323 3657 πλεονεξίαν
3364 3590 3589 3654 κακῶν,
3622 3591 3709 3643 καὶ

2134 3679 2214 3734 ίοῦ
2255 3679 2560 3735 διαϐολικοῦ
2601 3682 2701 3753 τὴν
2751 3681 2975 3754 καρδίαν
3020 3681 3216 3753 πληροῖ
3256 3682 3390 3752 (47).
3439 3682 3627 3735 Ταῦτα
3648 3682 3710 3734 ἐκ

2135 3773 2328 3846 πείρας
2352 3773 2495 3843 λέγω
2527 3775 2656 3845 ὑμῖν
2687 3775 2835 3839 ὅπως
2868 3772 3135 3844 φεύξησθε
3164 3773 3226 3827 τὸ
3258 3776 3416 3845 μῖσος
3451 3772 3586 3845 (48),
3618 3773 3710 3826 καὶ

2133 3863 2427 3935 κολληθῆτε
2458 3866 2525 3935 τῇ
2561 3864 2750 3936 ἀγάπῃ
2782 3863 2875 3916 τοῦ
2910 3864 3135 3936 Κυρίου.
3179 3864 3243 3916 Ἡ
3273 3863 3588 3936 δικαιοσύνη
3622 3864 3708 3917 ὲκ-

2133 3952 2315 4009 6άλλει
2343 3954 2404 4006 τὸ
2432 3957 2589 4024 μῖσος
2611 3993 2627 4019 ,
2659 3956 2693 4026 ὴ
2715 3955 3045 4017 ταπείνωσις
3077 3956 3289 4025 ἀναιρεῖ
3326 3954 3390 4008 τὸ
3435 3958 3612 4025 μῖσος.
3652 3955 3706 4008 Ὁ

2134 4043 2244 4115 γὰρ
2281 4043 2487 4108 δίκαιος
2529 4045 2623 4098 καὶ
2659 4042 2914 4107 ταπεινὸς
2954 4043 3178 4097 αἰδεῖται
3225 4042 3444 4112 ποιῆσαι
3493 4042 3703 4105 ἄδικον,

2135 4136 2236 4199 οὐχ
2260 4135 2366 4189 ὑπὸ
2391 4135 2550 4189 ἄλλου
2583 4134 3144 4205 καταγινωσκόμενος,
3164 4132 3301 4186 ἀλλά
3327 4133 3433 4185 ὑπὸ
3452 4133 3555 4203 τῆς
3577 4132 3706 4195 ἰδίας

2103 4224 2397 4300 καρδίας,
2445 4229 2526 4283 ὅτι
2573 4228 2774 4299 Κύριος
2817 4226 3101 4280 ὲπισκὲπει
3149 4223 3259 4295 (50)
3312 4223 3373 4276 τὸ
3411 4223 3705 4277 διαῦούλιον

2139 4320 2324 4374 αὑτοῦ.
2349 4321 2423 4375 Οὐ
2454 4320 2747 4375 καταλαλεῖ
2774 4319 2965 4391 ἀνδρὸς
2995 4318 3129 4389 (51),
3165 4315 3350 4385 ἐπειδὴ
3373 4316 3403 4367 ὁ
3429 4316 3591 4385 φόϐος
3615 4313 3702 4369 τοῦ

468 4423 576 4462 non
631 4406 747 4462 vult
799 4406 1044 4473 omnino,
1078 4421 1146 4460 ne
1196 4405 1524 4476 cogitatione
1564 4403 1806 4475 quidem,
1833 4405 2029 4474 injusta

2151 4413 2404 4483 Ὑψίστου
2435 4414 2562 4484 νικᾷ
2583 4411 2644 4464 τὸ
2673 4413 2846 4480 μῖσος.
2889 4408 3223 4479 Φοὸούμενος
3265 4406 3375 4479 γὰρ
3420 4407 3496 4478 μὴ
3541 4423 3701 4478 προσ-

469 4498 649 4554 facere
703 4498 967 4554 adversus
1015 4497 1313 4552 hominem.
1364 4495 1489 4550 Haec
1540 4511 1640 4567 ego
1697 4496 1889 4551 ultimo
1942 4512 2038 4551 co-

468 4592 650 4662 gnovi,
702 4601 1057 4662 posteaquam
1107 4589 1337 4675 ι)ωηίιυί
1382 4590 1448 4645 de
1480 4588 1700 4660 Josepb.
1724 4588 1856 4657 Quae
1890 4591 2032 4644 enim

469 4717 644 4763 autern
689 4706 916 4762 discedit
950 4707 1017 4760 ab
1047 4704 1272 4758 Hebraeo
1311 4711 1457 4757 textu
1486 4746 1499 4769 ,
1531 4704 1622 4773 qui
1658 4704 1817 4773 habet
1849 4704 2036 4772 viginti

470 4787 759 4847 argenteos,
788 4776 924 4832 Gen.
949 4790 1158 4847 xxxv",
1191 4774 1280 4847 2§.
1303 4773 1473 4847 Quae.
1494 4772 1732 4847 —4Apt_td
1774 4772 2039 4847 Hierony-

471 4842 619 4902 mum
648 4857 826 4902 tamen
870 4848 926 4901 in
973 4846 1174 4912 Quaest.
1211 4842 1459 4898 Hebraic.
1488 4852 1621 4898 tom.
1644 4844 1717 4909 ll,
1738 4859 1791 4911 p.
1813 4845 1937 4909 540,
1967 4842 2036 4902 Α,

469 4919 598 4972 edit.
629 4916 828 4984 Paris.,
853 4918 1033 4971 versio
1060 4918 1284 4984 antiqua
1313 4929 1421 4982 pra:
1459 4929 1518 4969 se
1561 4913 1804 4977 ferebat,
1850 4915 2037 4984 viginti

467 4989 664 5042 aureis.
702 4987 926 5058 vulgata
957 4995 1138 5058 autem
1171 5001 1308 5058 nova
1350 4984 1537 5058 uiginti
1576 4985 1856 5058 argenteis.
1897 4984 2038 5040 Hinc

470 5060 700 5128 ipsemet
732 5052 1093 5128 llieronyinus
1121 5057 1177 5109 in
1209 5052 1415 5109 Matth.
1439 5070 1565 5128 xxvi
1586 5093 1605 5128 ,_
1627 5062 1757 5106 tom.
1785 5052 1851 5107 IV
1867 5097 1894 5128 ,_
1909 5071 2033 5124 pag.

474 5123 662 5191 {‘26,F
717 5123 1024 5195 :cJoseph,
1049 5127 1156 5189 ait,
1202 5141 1308 5178 non
1354 5135 1411 5175 ut
1452 5123 1607 5195 multi
1650 5132 1838 5195 putant
1876 5123 2035 5194 juxta

473 5197 613 5253 LXX.
670 5193 1032 5267 lnterprctes,
1080 5193 2034 5267 viginti_aureis_venditus_est;§cd

468 5269 621 5339 juxta
646 5263 970 5339 Hebraicam
1002 5263 1303 5339 veritatem,
1331 5264 1515 5339 viginti
1546 5264 1872 5339 argenteis.»
1904 5263 2035 5339 Qua

471 5332 539 5392 ile
569 5354 628 5394 re
654 5337 976 5392 Ambrosius
1007 5336 1098 5388 lib.
1142 5335 1218 5389 De
1248 5332 1474 5401 Ioseph.
1516 5349 1635 5401 cap.
1662 5332 1715 5395 5,
1744 5349 1863 5402 pag.
1891 5334 2032 5388 488:

479 5426 497 5460 ι
532 5408 655 5463 Ideo
678 5449 694 5473 ,
737 5408 953 5477 inquit,
995 5406 1121 5477 alibi
1160 5403 1347 5477 viginti
1375 5444 1389 5467 ,
1424 5402 1548 5477 alibi
1581 5403 1765 5472 viginti
1797 5411 1851 5457 et
1875 5405 2037 5477 quin-

472 5495 581 5548 que
621 5472 828 5548 aureis,
866 5472 1001 5548 alibi
1048 5472 1287 5548 triginta
1317 5473 1624 5548 invenimus
1664 5482 1910 5548 emptum
1937 5472 2022 5548 .lof

475 5543 729 5618 stepha—
755 5546 831 5601 lta
863 5547 949 5601 hic
991 5543 1211 5616 quoque
1239 5543 1560 5599 diversitas:
1595 5544 1678 5597 vel
1698 5544 1918 5613 viginti,
1954 5544 2035 5599 vel

476 5619 696 5686 triginta
726 5631 1017 5671 aureorum
1046 5627 1124 5674 vel
1161 5622 1564 5686 argenteorum,
1590 5620 1693 5686 etc.
1714 5636 1748 5686 ‘-

548 5682 659 5750 [41)
678 5689 805 5740 Ὅτι
821 5686 885 5739 τὸ
893 5686 1074 5754 μῖσος
1103 5724 1135 5738 ..
1155 5682 1317 5748 erit?)
1350 5682 1588 5752 Ἰωσήφ.
1607 5682 1841 5741 Omissa.
1862 5684 2030 5739 Otus.

2141 4505 2360 4577 κρούσει
2394 4505 2600 4577 Κυρίῳ·
2629 4503 2689 4556 οὐ
2720 4502 2865 4556 θέλει
2896 4502 2957 4555 τὸ
2991 4499 3112 4556 καθ’
3140 4500 3258 4554 ὅλον
3293 4498 3428 4571 (52),
3461 4499 3583 4553 οὐδὲ
3606 4498 3701 4561 ἕως

2138 4596 2355 4652 ὲννοιῶν
2376 4637 2392 4663 ,
2445 4596 2698 4666 ἀδικῆσαι
2742 4593 3047 4667 ἄνθρωπον.
3096 4591 3280 4647 Ταῦτα
3322 4589 3434 4659 ἐγὼ
3481 4591 3702 4662 ἔσχατον

2125 4739 2129 4744 -
2210 4712 2322 4783 (42)
2361 4711 2613 4779 Πταίσῃ.
2644 4709 2919 4783 Π-έσῃηῐι).

2211 4767 2325 4852 (45)
2360 4783 2499 4852 Κατ’
2525 4767 2733 4852 αὖτοῖξ,
2764 4767 2821 4852 ἓξ
2852 4794 2977 4846 πως
3005 4778 3334 4834 θανατώσει
3364 4776 3573 4832 αὐτόν.
3607 4778 3703 4830 Αὑ-

2134 4849 2231 4924 τῷ,
2246 4851 2434 4924 κεῖπως
2468 4850 2772 4924 θανατῳθῇ.
2802 4849 2878 4924 ln_.

2231 4923 2321 4989 44)
2368 4921 2436 4975 Τὸ
2467 4921 2577 4991 γὰρ
2603 4917 2799 4991 “Rrec.
2852 4919 2909 4972 Ὀ
2934 4918 3042 4991 γὰρ
3069 4918 3279 4991 φθόνοὲ.
3310 4917 3384 4972 ll).

2230 4986 2320 5061 45)
2363 4986 2551 5061 Φώὲῳξ
2586 4986 2788 5059 Φθόνῳ,
2822 4986 3058 5061 invidia,
3081 4986 3183 5044 ins.
3210 4986 3365 5061 'l‘rin.
3402 4987 3479 5061 In.

2231 5056 2321 5129 46)
2367 5060 2437 5115 Τὸ
2468 5061 2689 5129 σκότος
2716 5056 2843 5127 εὲως
2872 5060 3176 5129 προσέχει.
3216 5058 3441 5129 Desunt.
3466 5056 3546 5110 In.

2231 5126 2320 5201 47)
2359 5130 2470 5201 Καί
2523 5127 2731 5201 πᾶσαν
2765 5126 3146 5201 Δπιαιςονεξιαις
3183 5127 3416 5201 κακῶν,
3474 5127 3572 5180 καί

2136 5196 2481 5256 διὰδοζλικοῦ
2507 5198 2620 5266 τὴν
2640 5196 2891 5266 καρδίαν
2922 5199 3159 5264 πληροῖ.
3194 5197 3406 5252 Omissa
3438 5201 3590 5252 sunt.
3637 5196 3708 5252 In.

2210 5271 2320 5342 (48)
2360 5268 2667 5339 Φεύξησθε
2692 5270 2753 5321 τὸ
2776 5267 2976 5337 μῖσος.
3026 5267 3294 5341 Ἐξώσητε
3324 5269 3385 5322 τὸ
3414 5271 3572 5340 μῖσος
3620 5267 3711 5323 τοῦ

2134 5340 2401 5395 διαϐόλου.
2434 5341 2512 5395 In.

2168 5356 2401 5395 ιαοολου.
2434 5356 2512 5395 ID.

2236 5412 2324 5481 49)
2368 5410 2629 5481 Protegit.
2658 5407 3061 5479 Inspicitjuxta
3088 5406 3190 5463 Ox.
3222 5409 3318 5481 Gr.
3346 5408 3426 5481 In.

2233 5477 2322 5539 50)
2375 5477 2737 5533 'Emo‘xéxs‘t.
2756 5477 2765 5479 ⁷
2785 5477 3106 5533 Ἐπιήσκοπεῖ
3131 5480 3353 5537 rectius.
3382 5477 3462 5539 ID.

2233 5548 2321 5617 51)
2375 5548 2636 5617 Ἀνδρός.
2673 5549 2849 5603 Ὀσίου
2881 5550 3003 5603 add.
3034 5549 3105 5602 In.

2213 5618 2323 5692 (5‘2)
2364 5620 2503 5674 Καθ’
2523 5618 2687 5677 ὅλον.
2727 5619 2986 5673 Καθόλου.
3015 5618 3088 5677 In.

2207 4923 2226 5202 Ξ

2303 5480 2323 5692 ξ
