3944 6146
339 285 472 340 1117

1564 288 2085 348 ΤΕΒΤΑΜΕΝΤΕΜ
2123 293 2278 348 GAD.

3439 297 3572 352 1118

335 405 504 468 ξγνων
536 399 675 471 μετά
710 398 772 452 τὸ
813 397 1141 470 μετανοῆσαι
1185 414 1252 470 με
1292 399 1418 469 περὶ
1443 398 1536 451 τοῦ
1580 400 1792 470 Ἰωσήφ.
1845 399 1906 452 Ἦ

2014 405 2311 459 secundum
2345 403 2512 456 Deum
2543 411 2625 457 est
2654 417 2779 456 vera
2812 403 3206 472 poenitentia",
3236 405 3432 460 occidit
3459 407 3578 462 ino-

333 491 440 563 γὰρ
481 490 623 544 κατά
660 491 792 544 Θεὸν
835 489 1037 560 ἀληθὴς
1077 487 1335 560 μετάνοια
1373 490 1589 561 ἀναιρεῖ
1617 491 1718 561 τὴν
1748 491 1906 543 ἀπεί-

335 581 484 636 θειαν
519 582 654 654 (55),
684 581 776 635 καὶ
797 579 1085 650 φυγαδεύει
1109 580 1169 632 τὸ
1192 580 1400 645 σκότος,
1429 583 1522 634 κα)⁸
1547 581 1910 652 φωτίζειτοὺς

333 673 660 744 ὀφθαλμοὺς,
687 673 781 726 καὶ
817 672 1017 741 γνῶσιν
1045 671 1272 743 παρέχει
1300 675 1366 742 τῇ
1390 672 1559 744 ψυχῇ,
1600 675 1693 726 καὶ
1727 674 1911 744 ὁδηγεῖ

333 765 392 818 τὸ
419 763 714 818 διαὸούλιον
739 763 874 832 πρὸς
910 763 1202 834 σωτηρίαν,
1234 763 1328 816 καὶ
1355 763 1391 817 ἃ
1422 765 1521 817 οὐκ
1560 763 1760 835 ἔμαθεν
1803 766 1910 820 ἀπὸ

333 854 666 927 ἀνθρώπων,
693 851 798 907 οἶδε
841 853 930 908 διά
967 853 1068 924 τῆς
1119 853 1425 924 μετανοίας.
1480 855 1755 927 Ἑπήγαγε
1797 857 1907 928 (54)

335 946 442 1017 γάρ
477 963 562 1016 μοι
590 947 618 997 ὁ
645 945 777 1008 Θεὸς
814 945 968 999 νόσον
1004 945 1244 1015 ἥπατος,
1284 946 1379 998 καὶ
1423 947 1471 998 εί
1514 946 1588 1017 μὴ
1624 947 1780 1017 εὐχαὶ
1814 947 1908 1000 τοῦ

335 1038 538 1109 πατρός
564 1055 665 1108 μου
703 1035 896 1090 Ἰακὼϐ
914 1075 929 1100 ,
959 1036 1136 1104 ὀλίγου
1161 1034 1490 1108 διεφώνησεν
1519 1038 1628 1110 (56)
1657 1040 1751 1092 ἀπ’
1775 1039 1908 1110 ἐμοῦ

332 1128 396 1181 τὸ
421 1127 632 1199 πνεῦμά
659 1146 780 1200 μου.
810 1129 887 1181 Δι’
910 1123 985 1180 ὧν
1011 1127 1120 1199 (57)
1147 1127 1256 1198 γάρ
1277 1127 1373 1181 ἄνθ
1384 1145 1560 1198 ρωπος
1583 1131 1907 1201 παρανομεῖ,

334 1218 401 1271 δι’
437 1220 660 1272 ἐκείνων
707 1221 798 1273 καὶ
843 1217 1150 1282 κολάζεται.
1211 1217 1362 1270 Ἐπεὶ
1409 1213 1502 1272 οὖν
1549 1220 1794 1273 ἀνέκειτο
1839 1219 1910 1273 τὰ

333 1308 518 1378 ἥπατα
563 1325 663 1379 μου
715 1308 958 1381 ἀνηλεῶς
1002 1306 1143 1360 κατά
1182 1306 1277 1360 τοῦ
1341 1307 1571 1380 Ἰωσὴφ,
1618 1308 1695 1380 τῷ
1741 1309 1909 1380 ’ήπατι

334 1400 558 1469 πάσχων
619 1400 900 1472 ἀνηλεῶς,
930 1400 1225 1473 ἐκρινόμην
1284 1399 1377 1452 ἐπὶ
1441 1402 1614 1474 μῆνας
1674 1402 1865 1456 ἕνδεκα
1892 1442 1906 1466 ,

289 1529 304 1537 -
332 1489 453 1543 καθ’
476 1492 599 1545 ὅσον
641 1492 830 1564 χρόνον
870 1495 1074 1565 ἐνεῖχον
1123 1493 1201 1566 τῷ
1239 1492 1435 1564 Ἰωσὴφ
1460 1533 1475 1557 ,
1516 1493 1621 1557 ἕως
1663 1495 1747 1548 ἵνα
1773 1512 1911 1567 πρα-

332 1579 400 1652 θῇ
454 1581 590 1653 (58).

410 1694 502 1759 q'.
531 1711 549 1744 ι
581 1693 691 1747 Καὶ
733 1693 848 1758 νῦν,
871 1694 1037 1749 τέκνα
1059 1713 1182 1768 μου,
1213 1698 1534 1769 ἀγαπήσατε
1560 1697 1790 1761 ἕκαστος
1817 1696 1908 1751 τὸν

331 1781 558 1852 ἀδελφὸν
599 1784 784 1850 αὑτοῦ,
823 1787 917 1839 καὶ
940 1786 1169 1858 ἐξάρατε
1195 1789 1257 1840 τὸ
1302 1792 1459 1860 μῖσος
1491 1789 1600 1842 ἀπὸ
1635 1788 1742 1841 τῶν
1772 1805 1906 1860 καρ-

329 1871 458 1927 διῶν
481 1873 651 1944 ὑμῶν,
685 1875 1005 1944 ἀγαπῶντες
1035 1878 1296 1951 ἀλλήλους
1325 1881 1382 1934 ἐν
1407 1880 1572 1952 ἔργῳ,
1609 1881 1702 1934 καὶ
1731 1881 1902 1952 λόγῳ,

332 1965 428 2018 καὶ
468 1964 674 2036 διανοίᾳ
703 1966 902 2037 ψυχῆς.
947 1967 1088 2036 Ἐγὼ
1137 1969 1246 2041 γὰρ
1293 1969 1434 2023 κατὰ
1491 1970 1779 2042 πρόσωπον
1811 1968 1904 2024 τοῦ

332 2054 536 2124 πατρὸς
566 2055 720 2124 ήμῶν
747 2057 997 2127 είρηνικά
1026 2057 1244 2112 ἐλάλουν
1269 2059 1349 2130 τῷ
1393 2060 1589 2132 Ἰωσὴφ
1635 2059 1768 2130 (59),
1813 2060 1907 2113 καὶ

331 2143 634 2214 ἐξελθόντος
667 2164 788 2216 μου,
819 2147 878 2199 τὸ
923 2147 1136 2221 πνεῦμα
1179 2150 1272 2203 τοῦ
1306 2150 1494 2221 μίσους
1525 2150 1767 2214 ἐσκότιζέ
1805 2167 1906 2221 μου

329 2236 421 2288 τὸν
443 2235 585 2299 νοῦν,
619 2237 712 2289 καὶ
760 2237 1029 2309 ἐτάρασσε
1060 2257 1158 2310 μου
1191 2240 1292 2311 τὴν
1328 2239 1524 2312 ψυχὴν,
1559 2240 1652 2294 τοῦ
1702 2241 1906 2294 ἀνελεῖν

331 2323 513 2376 αθιτόν.
552 2325 824 2392 Ἀγαπᾶτε
847 2326 956 2396 (60)
981 2323 1072 2381 οὖν
1103 2327 1363 2398 ἀλλήλους
1386 2330 1493 2383 ἀπὸ
1523 2329 1777 2401 καρδίας
1813 2331 1907 2383 καὶ

332 2417 428 2469 ἐὰν
450 2415 673 2488 ἁμάρτῃ
699 2418 776 2481 είς
808 2417 890 2482 σὲ,
913 2418 1033 2472 εἰπὲ
1059 2419 1207 2490 αὐτῷ
1225 2420 1284 2473 ἐν
1306 2421 1516 2492 είρήνῃ,
1542 2419 1793 2491 ἐξορίσας
1817 2420 1908 2474 τὸν

335 2506 412 2560 ἰὸν
440 2507 534 2559 τοῦ
563 2508 771 2578 μίσους,
794 2509 887 2562 κα)⁸
919 2511 977 2562 ἐν
1003 2509 1146 2582 ψυχῇ
1177 2527 1271 2563 σου
1309 2514 1382 2582 μὴ
1406 2513 1688 2582 κρατήσῃς
1718 2511 1867 2565 δόλον
1889 2528 1903 2542 °

329 2598 425 2649 καὶ
447 2596 540 2650 ἐάν
577 2596 916 2668 ὁμολογήσας
947 2599 1274 2672 μετανοήσῃ,
1320 2599 1456 2668 ἄφες
1498 2599 1676 2670 αὑτῷ-
1709 2600 1804 2652 ἐάν
1847 2616 1907 2652 τε

331 2688 593 2759 ἀρνεῖται,
631 2691 704 2761 μὴ
731 2689 1020 2758 φιλονείκει
1043 2689 1210 2762 αὐτῷ,
1252 2693 1458 2763 μήποτε
1486 2691 1782 2762 ὀμόσαντος
1808 2692 1906 2744 αὺ-

330 2777 445 2842 τοῦ,
464 2777 658 2842 δισσῶς
677 2779 1018 2852 ἀμαρτήσῃς.
1033 2779 1124 2849 Μὴ
1149 2779 1356 2852 ἀκούσῃ
1379 2781 1435 2833 ἐν
1459 2779 1608 2852 μάχῃ
1631 2779 1908 2851 ἀλλότριος

335 2869 628 2939 μυστήριον
671 2869 848 2940 ὑμῶν·
898 2869 982 2923 ἵνα
1020 2871 1093 2942 μὴ
1143 2873 1378 2942 μισήσας
1415 2887 1473 2923 σε
1526 2869 1786 2942 ἐχθράνῃ,
1815 2869 1908 2922 κα)⁸

335 2959 574 3033 μεγάλην
603 2962 873 3032 ἁμαρτίαν
898 2962 1196 3036 ἐργάσηται
1218 2962 1360 3016 κατά
1383 2962 1476 3016 σοῦ
1494 2979 1507 2988 ·
1536 2963 1618 3016 ὅτι
1650 2961 1907 3026 πολλάκις

330 3047 678 3121 δολοψονῆσαι
715 3050 846 3119 (61),
876 3051 910 3122 ἢ
951 3052 1369 3123 περιεργάσεταί
1411 3068 1470 3104 σε
1516 3053 1573 3105 ἐν
1605 3050 1781 3122 κακῷ,
1814 3051 1910 3103 λα-

331 3139 439 3193 ϐὼν
459 3141 566 3194 ἀπὸ
599 3141 692 3194 σοῦ
719 3141 810 3195 τὸν
843 3142 941 3194 ίόν.
981 3143 1105 3194 Ἐὰν
1127 3137 1218 3196 οὖν
1250 3143 1523 3212 ἀρνεῖται,
1552 3144 1647 3195 καὶ
1689 3141 1906 3213 αίδεσθῇ

330 3231 702 3303 ἐλεγχόμενος,
759 3232 1039 3303 ήσυχασθῇ
1093 3232 1225 3303 (62),
1271 3233 1347 3304 μὴ
1395 3231 1592 3303 ἐξάξῃς
1630 3233 1810 3285 αὐτόν.
1851 3233 1909 3286 '0

329 3322 440 3393 γὰρ
486 3323 814 3394 ἀρνούμενος
858 3326 1126 3394 μετανοεῖ,
1156 3322 1248 3376 τοῦ
1284 3323 1479 3394 μηκέτι
1523 3323 1909 3394 πλημμελῆσαι

329 3417 410 3480 εἰς
458 3417 546 3470 σέ·
595 3415 730 3470 ἀλλά
781 3418 873 3470 καὶ
906 3418 1129 3488 τιμήσει
1157 3433 1238 3480 σε,
1280 3418 1374 3470 καὶ
1401 3416 1783 3489 φοϐηθήσεται,
1816 3418 1910 3471 καὶ

329 3506 657 3579 είρηνεύσει.
711 3508 835 3562 Ἑάν
867 3509 923 3562 δὲ
952 3508 1170 3580 ἀναιδής
1225 3510 1361 3575 ἐστι,
1395 3509 1492 3562 καὶ
1534 3509 1806 3563 ἐνίσταται
1840 3512 1907 3582 τῇ

328 3601 518 3672 κακία,
541 3600 634 3654 καὶ
656 3599 828 3665 οὕτως
854 3601 988 3671 ἄφες
1018 3601 1164 3673 αὑτῷ
1195 3602 1301 3655 ἀπὸ
1332 3602 1578 3676 καρδίας,
1604 3603 1698 3656 καὶ
1724 3603 1812 3667 δὸς
1831 3605 1908 3676 τῷ

329 3691 449 3765 Θεῷ
471 3691 569 3764 τὴν
597 3692 896 3764 ἐκδίκησιν.

400 3786 473 3838 Z'.
510 3803 528 3834 ι
584 3785 707 3839 Ἐάν
741 3803 824 3850 τις
847 3786 987 3858 ὑπὲρ
1021 3787 1164 3858 ὑμᾶς
1191 3787 1486 3852 εὐοδοῦται,
1532 3789 1606 3860 μὴ
1629 3787 1904 3842 λυπεῖσθε

331 3873 466 3927 ἀλλά
494 3875 589 3927 καὶ
617 3874 840 3947 εὔχεσθε
871 3877 1012 3950 ὑπὲρ
1037 3878 1224 3941 αὐτοῦ,
1254 3879 1340 3930 ἴνα
1361 3878 1583 3942 τελείως
1605 3879 1904 3933 εὐοδοῦται.

337 3967 497 4030 Ἴσως
525 3965 632 4038 γὰρ
678 3968 805 4038 ὑμῖν
836 3969 1102 4041 συμφέρει
1129 3969 1328 4033 οὕτως·
1357 3971 1450 4024 καὶ
1473 3969 1567 4024 ἐὰν
1595 3973 1685 4025 ἐπὶ
1727 3972 1907 4025 πλεῖον

333 4055 581 4124 ὑψοῦται,
612 4057 685 4127 μὴ
721 4057 980 4126 φθονεῖτε,
1015 4060 1466 4130 μνημονεύοντες,
1489 4063 1570 4114 ὅτι
1593 4063 1742 4115 πᾶσα
1770 4062 1905 4134 σὰρξ

332 4147 702 4204 ἀποθανεῖται.
733 4151 922 4222 Κυρίῳ
961 4152 1017 4205 δέ
1043 4151 1208 4223 ὕμνον
1235 4153 1592 4224 προσφέρετε,
1622 4153 1700 4224 τῷ
1731 4154 1902 4224 παρέ-

2010 496 2364 557 bedientiam,
2401 503 2454 549 et
2489 493 2642 562 fugat
2673 493 2943 559 tenebras,
2975 501 3030 546 et
3058 493 3329 549 illuminat
3367 497 3574 564 oculos,

2009 596 2063 640 et
2115 585 2482 655 cognitionem
2539 583 2728 638 tribuit
2774 583 2990 648 animae,
3027 591 3080 636 et
3107 584 3254 638 ducit
3285 587 3574 640 consilium

2011 679 2078 733 ad
2126 679 2388 742 salutem;
2438 685 2493 731 et
2534 691 2655 746 quae
2710 690 2816 729 non
2879 676 3067 730 didicit
3126 677 3194 730 ab
3245 677 3575 738 hominibus.

2010 769 2163 824 novit
2215 784 2310 838 per
2351 768 2747 838 pmnitentiam.
2781 765 2997 822 lnduxit
3049 770 3196 822 enim
3244 769 3376 822 mihi
3434 768 3578 823 Deus

2009 861 2382 930 aegritudinem
2437 860 2691 931 hepatis;
2731 867 2786 913 et
2821 859 2925 914 nisi
2973 863 3247 915 orationes
3276 860 3444 930 patris
3470 861 3576 913 mei

2009 951 2177 1006 Jaeob
2207 951 2612 1022 prazvenissent,
2648 964 2839 1016 parum
2883 948 3054 1004 abfuit
3085 951 3214 1020 quin
3239 950 3492 1005 desiisset
3523 949 3577 1002 in

2011 1059 2098 1098 me
2125 1044 2238 1113 (55)
2265 1043 2489 1114 spiritus
2517 1057 2695 1097 meus.
2730 1041 2834 1097 Per
2859 1057 2982 1112 quae
3009 1041 3154 1096 enim
3180 1042 3345 1096 homo
3373 1048 3576 1108 peccat,

2010 1152 2107 1207 per
2155 1136 2248 1190 illa
2303 1143 2358 1190 et
2405 1135 2710 1204 punitur".
2741 1133 2878 1200 Quia
2927 1134 3095 1204 igitur
3131 1133 3392 1202 disposita
3422 1140 3580 1187 erant

2011 1226 2206 1296 hepata
2236 1240 2356 1280 mea
2390 1225 2896 1280 immisericorditer
2950 1226 3211 1280 adversus
3261 1222 3483 1294 Ioseph,
3522 1223 3577 1277 in

2011 1318 2204 1387 bepate
2249 1317 2465 1388 patiens
2515 1316 3037 1380 immisericorditer,
3067 1316 3332 1386 judicium
3382 1315 3579 1386 pertuli

2009 1423 2106 1478 per
2160 1423 2376 1464 menses
2427 1408 2699 1473 undecim,
2753 1407 3054 1462 secundum
3104 1419 3320 1478 tempus
3367 1408 3422 1460 in
3467 1420 3580 1476 quo

2010 1497 2310 1553 insidiabar
2335 1496 2557 1567 Ioseph,
2590 1513 2764 1567 usque
2785 1499 2914 1552 dum
2945 1497 3291 1553 venderetur.

2081 1674 2170 1730 Vl.
2213 1693 2232 1727 ι
2259 1674 2325 1730 Et
2352 1691 2518 1738 nunc,
2543 1675 2636 1730 lilii
2665 1677 2792 1741 mei,
2818 1676 3026 1747 diligite
3053 1677 3439 1747 unusquisque
3468 1677 3578 1732 fra—

2009 1775 2146 1822 trem
2172 1782 2354 1832 suum,
2395 1777 2449 1822 et
2468 1767 2676 1822 auferte
2698 1769 2883 1823 odium
2915 1785 2945 1822 a
2965 1771 3222 1825 cordibus
3246 1771 3464 1834 vestris,
3493 1771 3580 1825 di-

2007 1859 2234 1930 ligentes
2278 1867 2492 1915 vosmet
2523 1861 2752 1916 invicem
2788 1861 2841 1914 in
2875 1876 3061 1930 opere,
3101 1871 3155 1916 et
3200 1878 3473 1929 sermone,
3524 1872 3578 1917 et

2008 1954 2334 2025 cogitatione
2355 1955 2573 2009 animae.
2607 1953 2718 2023 Ego
2740 1954 2885 2008 enim
2916 1969 3102 2008 coram
3131 1952 3269 2008 facie
3291 1956 3461 2023 patris
3485 1970 3580 2009 no-

2009 2047 2105 2102 stri
2147 2047 2371 2117 paciﬁca
2426 2047 2692 2117 loquebar
2737 2049 2803 2102 ad
2845 2045 3084 2116 Ioseph;
3119 2055 3436 2101 et'exeunte
3469 2062 3575 2112 me,

2009 2138 2234 2208 spiritus
2263 2139 2372 2192 odii
2401 2137 3122 2194 obtenebravitintellectum
3155 2153 3360 2199 meum,
3393 2146 3445 2190 et
3464 2147 3579 2190 tur-

2010 2229 2160 2283 bavit
2187 2229 2425 2283 animam
2456 2243 2657 2294 meam,
2683 2229 2748 2282 ad
2790 2225 3149 2283 occidendum
3179 2241 3326 2280 eum.
3363 2225 3578 2295 Diligite

2010 2323 2178 2392 igitur
2203 2329 2414 2377 vosmet
2455 2321 2688 2376 invicem
2711 2335 2777 2375 ex
2816 2319 3016 2386 corde;
3045 2327 3099 2373 et
3131 2319 3174 2373 si
3208 2327 3394 2388 peccet
3437 2319 3491 2371 in
3527 2327 3578 2374 te

2010 2415 2254 2486 (aliquis)
2303 2415 2393 2469 dic
2426 2415 2476 2468 ei
2505 2414 2560 2468 in
2603 2429 2738 2482 pace
2783 2414 2849 2477 ",
2887 2411 3260 2467 exterminans
3306 2425 3577 2464 venenum

2010 2505 2142 2570 odii,
2175 2516 2229 2561 et
2252 2506 2306 2559 in
2338 2505 2519 2559 anima
2547 2513 2634 2559 tua
2672 2519 2740 2558 ne
2769 2513 2958 2558 teneas
2993 2503 3178 2557 dolum
3206 2519 3218 2553 :
3246 2510 3298 2556 et
3335 2501 3380 2556 si
3409 2501 3579 2556 conii-

2011 2607 2131 2653 tens
2159 2598 2440 2667 pmniteat,
2473 2597 2688 2651 remitte
2711 2597 2795 2661 ei;
2829 2597 2941 2649 etsi
2973 2604 3153 2665 negat,
3188 2610 3256 2648 ne
3281 2593 3578 2648 contendas

2009 2704 2134 2744 cum
2166 2703 2252 2753 eo,
2286 2704 2354 2742 ne
2383 2689 2602 2758 quando
2646 2688 2866 2757 jurante
2895 2703 2980 2754 eo,
3015 2687 3302 2757 dupliciter
3362 2701 3574 2756 pecces.

2009 2776 2088 2832 Ne
2114 2778 2299 2832 audiat
2317 2778 2528 2832 alienus
2561 2777 2614 2832 in
2642 2778 2992 2832 contentione
3018 2788 3285 2832 secretum
3312 2786 3575 2837 vestrum;

2009 2884 2078 2924 ne
2113 2869 2302 2925 odiens
2335 2878 2386 2924 te
2415 2869 2750 2936 inimicetur,
2775 2878 2830 2923 et
2851 2884 3106 2939 magnum
3140 2877 3418 2939 peccatum
3451 2881 3579 2936 ope-

2010 2967 2162 3014 retur
2186 2959 2450 3013 adversus
2480 2967 2561 3024 te;
2586 2960 2844 3028 quoniam
2873 2958 3153 3012 multoties
3175 2959 3300 3012 dolo
3324 2959 3579 3027 loquetur

2011 3059 2210 3113 tecum,
2240 3050 2324 3104 vel
2365 3049 2797 3118 perscrutabitur
2824 3057 2875 3103 te
2904 3049 2956 3102 in
2984 3049 3147 3115 malo,
3172 3049 3447 3117 accipiens
3473 3064 3503 3102 a
3527 3055 3578 3103 te

2011 3157 2303 3196 venenum.
2340 3140 2398 3194 Si
2431 3141 2596 3210 igitur
2622 3149 2802 3209 neget,
2832 3149 2884 3194 et
2911 3141 3200 3195 erubescat
3229 3141 3574 3208 redargutus,

2010 3241 2065 3286 et
2088 3233 2355 3302 quiescat,
2386 3247 2452 3286 ne
2467 3231 2670 3286 educas
2698 3247 2843 3285 eum.
2863 3229 3076 3301 Negans
3106 3231 3249 3284 enim
3285 3230 3575 3300 resipiscit,

2011 3335 2072 3379 ut
2101 3340 2207 3378 non
2239 3326 2472 3394 amplius
2493 3323 2776 3392 delinquat
2801 3322 2856 3376 in
2888 3330 2972 3388 te;
2999 3322 3092 3376 sed
3117 3333 3171 3376 et
3194 3321 3574 3388 honorabitte,

2009 3427 2064 3473 et
2099 3417 2331 3481 timebit,
2359 3423 2413 3470 et
2436 3414 2696 3485 paciﬁcus
2744 3414 2864 3468 erit.
2916 3412 2975 3466 Si
3008 3427 3136 3466 vero
3178 3413 3576 3466 inverecundus

2009 3518 2113 3574 est,
2141 3517 2196 3562 et
2221 3509 2386 3563 instat
2415 3506 2665 3572 malitiae;
2701 3514 2754 3560 et
2782 3505 2852 3558 ita
2888 3504 3101 3559 remitte
3143 3503 3193 3558 ei
3217 3518 3282 3558 ex
3311 3503 3496 3570 corde,
3521 3512 3576 3558 et

2009 3608 2077 3663 da
2113 3606 2222 3662 Deo
2243 3604 2537 3660 vindictam
2561 3603 2626 3656 '°.

2029 3777 2041 3790 ”
2079 3785 2195 3841 VII.
2220 3805 2238 3837 ι
2271 3784 2328 3839 Si
2360 3784 2484 3855 quis
2511 3783 2632 3852 plus
2653 3797 2814 3852 quam
2835 3795 2932 3836 vos
2956 3792 3327 3851 prosperatur,
3358 3795 3423 3833 ne
3444 3796 3574 3833 cen-

2008 3877 2299 3934 tristemini
2322 3895 2337 3940 ;
2361 3876 2452 3932 sed
2484 3884 2537 3930 et
2551 3882 2700 3930 orate
2727 3889 2829 3943 pro
2856 3871 3318 3943 ipso,utperfecte
3346 3887 3572 3942 prospe-

2007 3980 2176 4024 retur.
2213 3968 2372 4022 Forte
2398 3968 2541 4021 enim
2567 3966 2719 4022 vobis
2740 3963 2961 4033 expedit
2995 3964 3068 4016 ita
3099 3981 3111 4016 :
3145 3973 3198 4016 et
3227 3963 3272 4017 si
3304 3963 3426 4032 plus
3474 3978 3571 4015 ex—

2008 4062 2206 4115 altatus
2227 4054 2409 4118 fuerit.
2435 4073 2501 4111 ne
2531 4054 2838 4118 invideatis,
2873 4052 3242 4116 recordantes,
3279 4052 3423 4121 quod
3451 4067 3568 4105 om-

2008 4150 2095 4206 nis
2110 4163 2239 4204 caro
2262 4147 2542 4202 morietur.
2573 4144 2808 4199 Domino
2839 4151 3017 4198 autem
3057 4144 3315 4214 hymnum
3351 4140 3566 4206 oﬂ'erte,

237 4277 240 4280 μ
331 4257 479 4311 χοντι
523 4239 592 4294 τὰ
640 4240 779 4294 καλά
833 4244 925 4296 καὶ
981 4245 1324 4316 συμφέροντα
1372 4245 1538 4296 πᾶσιν
1574 4243 1899 4316 ἀνθρώποις.

2013 4241 2268 4298 tribuenti
2292 4240 2434 4293 bona
2451 4237 2674 4293 etutilia
2701 4235 2956 4290 omnibus
2987 4233 3300 4288 hominibus
3318 4233 3382 4286 ³¹.
3407 4231 3570 4285 Scru-

426 4417 471 4450 ¹⁷
502 4415 544 4471 ll
569 4417 697 4472 Cor.
725 4433 822 4483 vn,
853 4416 938 4473 l0.
1015 4419 1060 4450 ³⁸
1089 4416 1218 4488 Sap.
1248 4433 1324 4486 χι,
1351 4418 1436 4474 l7.
1515 4419 1559 4450 ”
1590 4417 1778 4473 Matth.
1811 4433 1900 4472 xvi

2013 4416 2247 4484 l5;Lue.
2301 4431 2432 4482 xvtt,
2485 4415 2540 4469 3.
2625 4413 2671 4444 ³⁰
2702 4411 2862 4468 Rom.
2887 4427 2987 4478 χιι,
3018 4411 3103 4465 19.
3192 4409 3233 4442 ³¹
3263 4409 3388 4464 lsai.
3431 4424 3469 4474 ι,
3514 4409 3569 4462 5.

428 4533 516 4604 55)
565 4533 902 4604 Ἀπείθειαν.
948 4535 1222 4604 ’ᾼ-ίνοιαν.
1258 4532 1424 4588 Cum.

426 4600 516 4673 54)
567 4603 892 4674 Ἑπήγαγε..
933 4603 1089 4674 ’Τοὺς
1119 4605 1578 4674 ἐπιστρέφοντας
1653 4600 1904 4674 δέχεσθαι

404 4621 516 4674 (54)
578 4621 892 4726 nauigare“
964 4621 1089 4665 ιους
1151 4621 1578 4674 επιστρεφοντας
1653 4621 1896 4671 οεχεσυαι

332 4676 484 4729 addit
503 4675 668 4728 codex
752 4689 878 4726 xon.
921 4672 1053 4737 Quae
1082 4673 1250 4725 alium
1293 4689 1516 4741 prorsus
1554 4687 1778 4726 sensum
1809 4671 1896 4725 fa-

332 4745 506 4808 ciunt,
536 4745 693 4814 quasi
715 4745 834 4814 haec
865 4742 1134 4814 vcrba_ad
1161 4741 1333 4814 Deum
1355 4752 1541 4797 essent
1577 4741 1860 4814 referenda
1886 4757 1900 4805 ;

333 4817 427 4869 sed
455 4810 686 4881 praefero
711 4813 998 4865 lectionem
1022 4810 1552 4881 Cantabrigiensem.
1579 4810 1652 4865 In.

405 4878 519 4951 (55)
559 4882 808 4935 Dcsiisset
852 4882 912 4951 iu,
945 4897 1041 4934 me.
1089 4878 1448 4951 υἱιδοιιὶιὶεδει
1486 4895 1519 4931 a
1556 4893 1658 4951 me.
1713 4879 1904 4933 Grmca

338 4948 443 5007 vos
479 4948 742 5011 Occurrit,
770 4950 939 5002 Exod.
963 4966 1106 5009 xxuv.
1129 4966 1164 5002 ιι
1191 4967 1204 5016 ;
1236 4948 1349 5003 .Ios.
1379 4965 1535 5009 χχιιι,
1579 4950 1663 5014 Ui,
1690 4959 1794 5003 etc.

333 5090 380 5146 0
405 5021 515 5092 (56)
547 5022 790 5141 1Ὀλίγον
806 5018 1192 5087 διερώιιησεγ.
1229 5018 1531 5088 Ἔφθασαν,
1547 5019 1670 5073 add.
1701 5019 1754 5073 itt
1779 5019 1902 5073 cod.

385 5107 510 5145 xou.
568 5107 619 5144 ι).

385 5107 510 5145 1011.
548 5107 619 5144 ΙΙ).

408 5161 518 5230 (57)
557 5161 638 5212 Δι’
662 5159 767 5223 ὧν,
799 5177 854 5214 κ.
876 5177 926 5212 τ.
957 5159 1006 5214 λ.
1046 5157 1198 5212 Hanc
1236 5159 1567 5230 sententiam
1613 5157 1904 5230 exscripsit

335 5229 527 5287 attetor
549 5247 612 5283 ex
639 5231 773 5312 Sap.,
799 5246 873 5292 ιι,
906 5230 992 5312 ΓΙ,
1022 5230 1112 5283 ubi
1147 5229 1422 5312 ἰρδὶδδὶιιιξι
1453 5245 1590 5312 pene
1621 5229 1788 5312 verba
1813 5244 1907 5312 pc-

334 5312 556 5356 currunl
588 5319 602 5355 :
635 5295 819 5354 Δι”ὧιιν¹
850 5318 937 5366 τις
955 5295 1289 5368 ἁμαρτάνει,
1323 5298 1420 5351 διὰ
1440 5295 1660 5350 τούτων
1683 5295 1908 5354 250.2111};-

333 5389 446 5425 ται.
482 5369 640 5441 Vulg.
664 5389 676 5424 :
704 5369 813 5424 Per
840 5387 958 5440 qua:
987 5372 1104 5439 quis
1136 5379 1337 5437 peccat,
1368 5385 1458 5438 per
1478 5368 1587 5422 lucc
1611 5378 1659 5420 et
1693 5377 1905 5435 torque-

335 5450 440 5495 tur.

407 5511 518 5581 (58)
557 5511 697 5581 Καθ’
727 5509 883 5581 ᾆσον
907 5509 1127 5581 χρῷ-ον
1156 5507 1392 5576 ἐνεῖχεν
1422 5505 1502 5573 τῷ
1531 5507 1761 5576 Ἰωσὴφ,
1795 5504 1905 5570 ἓως

334 5578 436 5634 ἵνα
471 5578 687 5648 πρίιθῇ.
725 5579 947 5634 Desunt.
977 5578 1145 5632 Gesn.

407 5645 525 5719 (59)
560 5645 840 5719 Εὶρηνικά
885 5649 1150 5702 ἐλάλουν
1183 5647 1532 5719 τῷ-Ὶωσήφ.
1568 5645 1772 5719 Moses,
1799 5646 1904 5700 Ge-

339 5735 452 5776 nes.
484 5717 764 5784 xxxvii,“
800 5721 844 5784 ί,
878 5722 943 5772 de
977 5719 1233 5772 l'tutt‘ibUs
1263 5717 1480 5788 Joseplti
1514 5720 1584 5772 ait
1624 5737 1634 5770 :
1664 5718 1900 5770 (ὶε-ίιϊαιιι

2007 4542 2146 4582 eum.
2183 4543 2273 4580 nec
2302 4533 2546 4594 poterant
2584 4523 2870 4594 quidquam
2910 4523 3127 4594 paciﬁca
3152 4521 3220 4573 ad
3248 4536 3364 4573 eum
3402 4521 3568 4594 inqui.

2007 4598 2210 4650 Auctor
2230 4591 2356 4649 vero
2387 4591 2836 4648 'I‘estantentorum
2861 4591 2973 4646 haec
2997 4593 3158 4645 verba
3187 4607 3289 4644 non
3325 4591 3571 4644 universe

2010 4666 2234 4735 intelligi
2263 4666 2456 4728 voluit,
2489 4664 2582 4718 sed
2610 4663 2708 4735 _ad‘
2739 4662 3011 4730 colloquia
3063 4660 3290 4735 fratrum
3343 4661 3483 4735 inter
3513 4679 3571 4735 se

2009 4728 2308 4798 restrinxit,
2347 4735 2577 4800 indeque
2599 4731 2806 4784 Gadum
2837 4728 3018 4785 coram
3053 4740 3200 4799 patre
3222 4728 3389 4800 Jacob
3419 4733 3568 4798 paci-

2009 4806 2107 4859 lica
2144 4823 2266 4858 cum
2295 4799 2532 4866 .Iosepho
2567 4801 2728 4854 verba
2762 4801 3048 4855 miscuisse
3082 4800 3239 4853 dixit.
3270 4799 3343 4852 In.

2079 4875 2189 4944 (60)
2243 4869 2538 4944 Ἁγαπᾶτε,
2570 4888 2626 4944 κἶ
2662 4887 2712 4944 τ,
2820 4869 3032 4944 Omissa
3069 4871 3251 4924 etnnia
3296 4885 3468 4940 usque
3504 4872 3567 4923 ad

2007 4937 2430 5012 περιὰπαοίμὼ·
2454 4940 2570 5012 τῶν
2596 4937 2932 5012 ἀνθρώπων.
2959 4939 3034 4994 In.

2080 5009 2212 5091 (6|)_
2227 5009 2657 5091 40.10;;orflo'at.
2698 5009 3003 5091 Legendum
3024 5081 3033 5090 .
3054 5018 3182 5091 puto
3207 5009 3567 5091 δολοφονήσει,

2008 5078 2178 5153 idque
2193 5078 2394 5138 Latine
2409 5081 2738 5153 reddendum
2772 5078 2892 5153 dolo
2923 5080 3120 5132 occidet
3161 5091 3226 5132 te.
3269 5079 3321 5153 Id
3356 5078 3569 5153 quippe

2008 5149 2277 5222 signiﬁcat
2307 5152 2532 5206 verbum
2555 5149 2876 5222 δολοφονεῖν,
2924 5166 3030 5202 non
3061 5159 3244 5222 autem
3275 5149 3452 5222 dolose
3490 5151 3567 5201 lo-

2007 5219 2120 5293 qu'i,
2147 5233 2206 5276 ut
2230 5223 2504 5276 Robet'tus
2527 5219 2825 5293 transtulit,
2844 5220 3025 5287 legens
3053 5219 3196 5293 forte
3217 5219 3564 5293 δολοςςωνεῖνς

2006 5289 2168 5364 quam
2189 5303 2368 5347 tamen
2387 5291 2649 5364 vpcemin
2679 5289 2838 5364 nullo
2856 5298 3080 5364 auctore
3099 5290 3292 5358 legisse
3320 5290 3563 5364 memini.

2006 5359 2253 5428 Accedit,
2289 5363 2433 5431 quod
2474 5359 2640 5414 caedes
2681 5375 2772 5428 per
2805 5359 2986 5431 dolum
3020 5361 3164 5428 facta
3205 5359 3569 5431 antecerlenti-

2006 5433 2110 5486 bus
2156 5428 2328 5502 magis
2372 5428 3225 5502 congruat,Aquam_cotloquium
3278 5430 3516 5502 dolosam
3545 5442 3565 5482 :

2007 5503 2206 5571 quippe
2240 5499 2468 5572 grandis
2486 5499 2694 5572 peccati
2724 5499 2932 5552 mentio
2962 5500 3104 5554 facta
3131 5509 3270 5566 erat,
3306 5499 3466 5570 quale
3483 5509 3566 5555 est

2007 5567 2192 5639 utique
2221 5567 2594 5626 Ιῖυιιιὶιυίιιὶιιιιι.
2621 5567 2692 5639 lo_.

2005 5712 2023 5765 1
2078 5637 2186 5708 (ϐ’-2)
2239 5639 2611 5709 Ἠσυχασθῇ
2666 5637 2761 5694 Hie
2815 5640 3161 5696 inserendum
3212 5640 3423 5697 videtur
3450 5639 3559 5696 καί.

2029 5730 2078 5765 [1.

2029 5730 2057 5767 [ι
2070 5754 2078 5763 .
