4076 6142
529 237 669 299 1119

1522 236 1985 295 TESTAMENTA
2030 233 2121 289 XII
2172 228 2788 289 PATRIARCHARUM.

3655 223 3785 281 uso

526 366 645 413 tare
665 356 873 428 judicia
897 356 1135 423 Domini,
1158 365 1214 413 et
1242 357 1317 417 ita
1349 355 1588 412 dimittet
1611 354 1750 426 (64),
1773 363 1828 409 et
1854 352 2094 423 quiescet

2219 346 2504 412 Ἑξέτασον
2520 346 2763 417 κρίματα
2781 342 2971 415 Κυρίῳ
2993 340 3124 413 (65),
3153 340 3246 394 καὶ
3273 339 3447 404 οὓτως
3478 342 3781 411 καταλείψει

526 448 820 504 consilium
855 457 1032 504 tuum.
1087 448 1144 503 Si
1196 464 1328 505 vero
1352 457 1408 504 et
1435 464 1502 505 ex
1535 449 1694 502 malis
1724 447 1852 517 quis
1898 445 2102 500 ditatus

529 536 715 605 fuerit,
737 538 882 595 sicut
906 538 1053 595 Esau
1073 539 1242 595 frater
1261 540 1436 611 patris
1476 541 1604 607 mei,
1634 540 1805 594 nolite
1821 538 2099 605 aemulari;

528 630 821 686 terminum
837 632 985 687 enim
1008 630 1225 687 Domini
1256 632 1594 701 suscipietis.
1622 630 1723 686 Vel
1750 632 1897 687 enim
1926 628 2104 685 aufert

527 719 643 775 haec
675 721 729 775 in
761 721 942 787 malis,
975 722 1060 777 vel
1087 722 1481 791 pmnitcntibus
1506 720 1754 787 dimittit,
1790 721 1874 776 vel
1898 721 2101 790 impae-

526 812 717 868 nitenti
764 823 947 869 servat
992 814 1048 868 in
1071 823 1335 869 aeternum
1383 814 1496 884 (66)
1546 814 1905 885 punitionem.
1962 811 2101 867 Nam

524 922 754 976 pauper,
782 916 838 962 et
872 907 1078 962 invidia
1106 923 1302 964 carens
1329 907 1468 979 (67),
1504 907 1561 962 in
1587 907 1843 963 omnibus
1870 904 2103 961 Domino

525 1000 730 1068 gratias
764 1014 953 1070 agens,
983 999 1101 1069 ipse
1129 1000 1274 1069 apud
1316 1015 1509 1055 omnes
1557 1000 1785 1067 ditatur,
1838 998 2101 1069 quoniam

524 1105 635 1145 non
666 1091 830 1146 habet
859 1092 1225 1161 perniciosam
1263 1092 1719 1163 deprazdationem
1775 1091 1889 1163 (68)
1922 1091 2102 1146 homi-

525 1198 679 1236 num.
705 1182 930 1237 Auferte
955 1183 1123 1254 igitur
1157 1185 1346 1239 odium
1376 1186 1446 1239 ab
1476 1184 1769 1239 animabus
1795 1183 2020 1248 vestris,
2048 1190 2103 1236 et

523 1271 733 1341 diligite
766 1284 981 1328 vosmet
1002 1274 1234 1329 invicem
1270 1275 1322 1328 in
1351 1275 1681 1329 rectitudine
1713 1273 1918 1330 cordis.

597 1361 730 1417 Vlll.
768 1382 787 1415 ι
825 1363 1000 1420 Dicite
1044 1374 1227 1420 autem
1262 1375 1316 1420 ct
1347 1382 1442 1421 vos
1477 1367 1594 1421 lucc
1624 1366 1752 1420 ﬁliis
1784 1367 2005 1432 vestris,
2043 1375 2103 1421 ut

524 1454 794 1510 honorent
821 1455 1017 1523 ludam
1051 1466 1106 1512 et
1142 1456 1309 1518 Levi;
1364 1460 1626 1529 quoniam
1662 1475 1730 1514 ex
1777 1459 1858 1514 eis
1892 1460 2102 1513 orietur

524 1546 679 1601 vobis
709 1545 995 1614 Dominus,
1028 1548 1278 1603 Salvator
1300 1547 1508 1603 lsraeli.
1524 1547 1769 1621 Cognovi
1792 1550 1937 1604 enim
1954 1549 2103 1619 quod

524 1638 576 1691 in
608 1639 716 1693 ﬁne
755 1640 1012 1694 recedent
1054 1640 1151 1694 ﬁlii
1184 1642 1349 1697 vestri
1384 1642 1455 1696 ab
1477 1643 1580 1708 eis,
1613 1650 1668 1696 et
1701 1642 1757 1696 in
1788 1636 1941 1697 omni
1971 1657 2099 1712 per-

523 1730 687 1796 nicie,
718 1740 774 1785 et
820 1731 1183 1802 malignitate,
1213 1743 1267 1788 et
1307 1733 1666 1805 corruptione
1696 1743 1861 1790 erunt
1909 1750 2098 1789 coram

522 1817 779 1876 Domino.
800 1841 819 1873 ι
851 1820 919 1875 Et
946 1824 1228 1892 paululum
1253 1825 1570 1894 quiescens,
1589 1842 1783 1882 rursus
1806 1826 1949 1881 dixit
1970 1827 2053 1882 eis
2083 1845 2095 1879 :

528 1930 547 1962 ι
573 1910 693 1966 Filii
712 1911 841 1981 mei,
861 1915 1079 1970 obedite
1093 1916 1235 1986 patri
1264 1926 1468 1980 vestro,
1499 1924 1554 1971 et
1577 1918 1801 1987 sepelite
1821 1934 1909 1974 me
1936 1935 2103 1990 prope

523 2010 705 2070 patres
731 2019 906 2061 meos.
960 2024 980 2058 ›
1026 2004 1094 2060 Et
1117 2006 1338 2061 elevans
1367 2008 1533 2076 pedes
1557 2023 1711 2075 suus,
1740 2009 2005 2065 dormivit
2042 2011 2098 2067 in

523 2111 675 2164 pace.
699 2097 764 2152 Et
778 2108 904 2170 post
927 2101 1171 2170 quinque
1183 2115 1362 2155 annos
1394 2101 1729 2156 reduxerunt
1754 2118 1904 2172 eum,
1926 2113 1981 2160 et
2003 2120 2100 2174 po-

523 2197 756 2244 suerunt
784 2204 910 2245 eum
934 2188 989 2244 in
1013 2187 1233 2245 Hebron
1262 2205 1387 2245 cum
1412 2191 1659 2260 patribus
1692 2193 1885 2262 ipsius.

1143 2458 1370 2515 CAPUT
1408 2459 1474 2515 X.

561 2574 956 2629 Testamentum
988 2576 1142 2641 Aser,
1172 2577 1237 2658 de
1264 2576 1471 2657 duabus
1511 2577 1745 2645 [aciebus
1770 2571 1996 2633 malitia
2013 2588 2063 2631 et

1186 2657 1420 2701 t'trtutts.

593 2736 635 2789 Ι.
680 2733 1096 2804 Transcriptum
1137 2736 1450 2791 testamenti
1491 2737 1661 2802 Aser,
1695 2752 1820 2806 quae
1875 2738 2094 2793 locutus

521 2833 604 2879 est
633 2824 761 2878 liliis
792 2822 907 2878 suis
960 2823 1261 2878 centesimo
1316 2821 1578 2877 vicesimo
1626 2838 1773 2877 anno
1817 2822 1931 2892 (72)
1973 2823 2096 2878 vita:

520 2932 656 2973 sua.
679 2915 874 2969 Adhuc
899 2930 1069 2970 sanus
1083 2915 1375 2981 exsistens,
1396 2914 1533 2969 dixit
1558 2916 1638 2970 eis
1670 2932 1682 2968 :
1719 2913 1967 2982 «Audite,
1996 2917 2093 2971 ﬁlii

519 3010 677 3075 Aser,
713 3019 921 3077 patrem
954 3015 1222 3073 vestrum,
1252 3015 1308 3061 et
1333 3022 1496 3061 omne
1528 3018 1738 3062 rectum
1769 3022 1955 3062 coram
1980 3007 2092 3063 Deo

518 3100 805 3157 ostendam
833 3100 1012 3156 vobis.
1041 3098 1188 3156 Duas
1224 3101 1341 3155 vias
1377 3099 1524 3156 dedit
1554 3100 1821 3156 Dominus
1842 3101 1968 3156 ﬁliis
1991 3102 2091 3157 ho-

519 3192 752 3254 minum,
783 3191 893 3246 duo
920 3191 1170 3259 consilia,
1200 3201 1256 3247 et
1276 3193 1415 3247 duos
1435 3200 1615 3259 actus,
1643 3202 1695 3247 et
1739 3192 1849 3247 duo
1875 3194 2015 3260 loca,
2039 3202 2095 3248 et

518 3283 657 3337 duos
682 3286 835 3338 lines.
876 3282 1111 3353 Ideoque
1143 3285 1329 3339 omnia
1368 3284 1480 3339 duo
1522 3294 1672 3350 sunt,
1700 3302 1868 3341 unum
1899 3298 2092 3341 contra

523 3373 837 3430 unum.Vi:e
852 3376 994 3441 duae,
1016 3374 1148 3429 boni
1162 3386 1216 3429 et
1234 3377 1393 3443 mali;
1416 3376 1469 3430 in
1491 3376 1695 3447 quibus
1711 3386 1841 3432 sunt
1856 3378 1966 3433 duo
1985 3392 2118 3433 con-

519 3468 642 3523 silia
666 3468 722 3522 in
745 3468 1060 3537 pectoribus
1077 3469 1304 3536 nostris,
1324 3468 1686 3538 dijudicantia
1708 3484 1824 3524 eas.
1852 3467 1908 3522 Si
1929 3469 2093 3535 igitur

515 3558 699 3614 anima
722 3561 849 3614 velit
869 3562 923 3615 in
950 3561 1115 3628 bono,
1142 3560 1231 3632 [ad
1249 3560 1452 3615 bonum
1474 3560 1694 3615 ducitur
1712 3559 1899 3633 homo]
1931 3561 2089 3632 (75‘),

516 3652 699 3707 omnis
731 3662 887 3707 actus
913 3653 1086 3722 ipsius
1103 3667 1187 3707 est
1215 3652 1491 3723 iniustitia
1513 3670 1526 3717 ;
1551 3662 1605 3706 et
1632 3655 1678 3707 si
1705 3662 1913 3721 peccet,
1945 3653 2093 3706 illico

516 3743 808 3812 resipiscit.
824 3742 981 3798 Justa
994 3743 1138 3797 enim
1160 3743 1491 3814 cogitans,ct
1516 3742 1780 3813 abjiciens
1804 3743 2089 3808 malitiam,

515 3835 697 3891 statim
725 3837 920 3891 evertit
941 3838 1169 3904 malum,
1200 3848 1254 3891 et
1270 3836 1515 3892 eradicat
1533 3845 1839 3905 peccaturo.
1875 3835 1932 3890 Si
1959 3851 2089 3891 vero

515 3925 583 3980 ad
620 3925 825 3980 malum
858 3926 1093 3981 declinat
1126 3928 1440 3992 consilium,
1474 3926 1654 3980 omnis
1687 3934 1844 3981 actus
1872 3927 1992 3996 ejus
2009 3936 2093 3982 est

517 4018 571 4070 in
609 4016 841 4084 malitia,
875 4025 930 4072 et
965 4019 1230 4087 repellens
1262 4018 1471 4074 bonum
1507 4020 1741 4075 assumit
1767 4019 2009 4085 malum;
2038 4031 2092 4074 et

514 4109 847 4166 constitutus
881 4110 983 4165 sub
1006 4109 1251 4165 dominio
1282 4109 1479 4177 Beliar,
1506 4111 1609 4167 etsi
1639 4112 1844 4166 bonum
1870 4112 2090 4182 aliquod

514 4211 794 4272 operetur,
826 4204 880 4258 in
904 4205 1167 4261 malitiam
1199 4206 1304 4261 hoc
1335 4206 1622 4265 convertit.
1652 4205 1788 4261 Cum
1816 4208 1961 4262 enim
2008 4208 2092 4261 in-

515 4298 721 4364 ceperit
764 4296 923 4366 quasi
941 4297 1146 4351 bonum
1181 4297 1410 4363 faciens,
1438 4299 1599 4351 linem
1633 4298 1864 4352 actionis
1891 4300 2011 4369 ejus
2034 4300 2087 4354 in

2117 3056 2161 3114 C

2210 439 2308 493 καὶ
2345 436 2610 508 ἡσυχάζει
2643 434 2758 507 (65)
2786 434 2848 486 τὺ
2874 431 3177 487 διαὸούλιόν
3214 449 3331 487 σου.
3374 432 3501 487 Ἐὰν
3520 433 3577 486 δὲ
3613 436 3703 488 καὶ
3721 436 3782 487 ὲκ

2206 528 2395 582 κακῶν
2426 545 2514 591 τις
2546 526 2829 598 πλουτίση,
2859 524 2935 587 ὡς
2979 523 3150 577 Ἦσαῦ
3190 525 3220 576 ὁ
3245 523 3623 597 πατράδελφός
3655 542 3779 596 μου,

2207 623 2282 694 μὴ
2324 620 2642 692 ζηλώσητε·
2688 619 2813 690 ὅρον
2843 617 2952 689 γὰρ
2982 617 3187 690 Κυρίου
3226 616 3537 684 ὲκδέξασθε.
3569 618 3642 669 Ἦ
3679 617 3782 689 γὰρ

2203 715 2534 786 ἀφαιρεῖται
2564 709 2704 765 αὐτά
2733 713 2791 764 έν
2819 713 3029 774 κακοῖς,
3063 708 3465 779 ἢμετανοοῦσιν
3492 708 3780 781 ἀφίησιν,ἢ

2203 810 2568 882 ἀμετανοήτῳ
2586 811 2746 879 τηρεῖ
2772 808 2851 870 εἰς
2878 805 3050 859 αἰῶνα
3072 806 3172 875 τὴν
3202 802 3448 856 κόλασιν.
3478 803 3537 854 'U
3564 801 3674 872 γὰρ
3692 800 3782 853 πέ-

2203 921 2321 975 νης,
2356 902 2451 954 καὶ
2472 899 2728 969 ἄφθονος,
2755 899 2847 951 ἐπὶ
2865 900 2997 950 πᾶσι
3021 895 3211 966 Κυρίῳ
3240 892 3593 964 εὐχαριστῶν,
3625 891 3782 954 αὐτὸς

2204 992 2358 1065 παρά
2386 992 2522 1045 πᾶσι
2554 990 2793 1053 πλουτεῖ,
2821 988 2905 1041 ὃτι
2934 988 3034 1039 οὐκ
3074 984 3302 1056 ἔχειτὸν
3353 982 3586 1053 πονηρὸν
3637 999 3785 1053 περι-

2205 1083 2457 1156 σπασμὸν
2486 1081 2595 1135 τῶν
2633 1078 2955 1152 ἀνθρώπων.
2995 1077 3256 1149 Ἐξάρατε
3280 1071 3372 1128 οὖν
3397 1075 3457 1126 τὸ
3494 1076 3649 1144 μῖσος
3681 1071 3786 1126 ἀπδ

2202 1178 2311 1232 τῶν
2347 1175 2535 1247 ψυχῶν
2558 1174 2736 1246 ὑμῶν,
2770 1173 2867 1229 καὶ
2896 1171 3218 1242 ἀγαπήσατε
3261 1166 3520 1238 ἀλλήλους
3548 1168 3606 1217 ἐν
3627 1165 3782 1218 εὐθύ-

2202 1286 2325 1340 τητι
2356 1266 2606 1341 καρδίας.

2276 1361 2357 1413 Η’.
2377 1379 2396 1411 ι
2427 1359 2631 1413 Είπατε
2661 1358 2718 1412 δὲ
2747 1356 2842 1410 καὶ
2870 1356 3028 1427 ὑμεῖς
3046 1352 3220 1407 ταῦτα
3238 1353 3349 1414 τοῖς
3373 1349 3584 1412 τέκνοις
3609 1347 3780 1418 ὑμῶν,

2202 1452 2350 1516 ὅπως
2383 1454 2688 1524 τιμήσωσιν
2725 1449 2927 1504 Ἰούδαν
2948 1448 3045 1502 καὶ
3069 1447 3229 1500 Aen?
3254 1446 3339 1498 ὅτι
3359 1443 3417 1510 έξ
3444 1442 3622 1497 αὐτῶν
3652 1442 3781 1493 ἀνα-

2202 1544 2345 1596 τελεῖ
2378 1543 2505 1613 ὑμῖν
2544 1542 2769 1614 Κύριος,
2819 1541 3007 1612 σωτὴρ
3026 1538 3104 1610 τῷ
3152 1536 3387 1609 Ἰσραήλ.
3434 1535 3645 1602 Ἔγνων
3675 1528 3781 1602 γὰρ

2202 1635 2285 1688 ὅτι
2321 1635 2414 1687 ἐπὶ
2441 1633 2585 1688 τέλει
2621 1631 2732 1705 (69)
2779 1633 3175 1703 ἀποστήσονται
3215 1628 3286 1682 τά
3310 1628 3476 1681 τέκνα
3505 1623 3658 1696 ὑμῶν
3687 1623 3778 1677 ἀπ’

2202 1727 2381 1780 αὐτῶν
2411 1727 2543 1799 (70),
2575 1727 2671 1779 καὶ
2702 1727 2762 1778 έν
2788 1724 2942 1798 πάσῃ
2973 1722 3233 1793 πονηρίᾳ,
3266 1721 3363 1775 καὶ
3402 1717 3666 1781 κακώσει,
3688 1716 3781 1769 καὶ.

2201 1819 2469 1891 διαφθορᾷ
2498 1819 2711 1875 ἔσονται
2741 1817 2972 1871 ἐνώπιον
2997 1814 3226 1885 Κυρίου.
3261 1833 3278 1865 ο
3306 1814 3416 1867 Kal
3440 1812 3623 1880 ὀλίγον
3652 1812 3772 1880 ἠσυ-

2200 1910 2392 1983 χάσας,
2425 1910 2587 1965 πάλιν
2612 1905 2765 1963 εἶπεν
2786 1910 2996 1972 αὐτοῖς·
3030 1926 3048 1959 ι
3085 1907 3263 1960 Τέκνα
3287 1921 3409 1976 μου,
3439 1900 3777 1957 ὲπακούσατε

2198 2003 2292 2056 τοῦ
2319 2003 2525 2074 πατρὸς
2550 2002 2725 2073 ὑμῶν,
2753 2002 2848 2055 καὶ
2873 2000 3084 2070 θάψατέ
3112 2017 3180 2070 με
3211 1998 3477 2066 σύνεγγυς
3495 1995 3606 2048 τῶν
3627 1994 3781 2046 πατέ-

2203 2113 2309 2169 ρων
2336 2114 2458 2167 μου.
2493 2114 2511 2146 ι
2555 2095 2667 2149 Καὶ
2701 2093 2900 2165 ἐξάρας
2939 2095 3065 2156 τοὺς
3099 2091 3265 2155 πόδας
3299 2088 3487 2152 αὐτοῦ,
3513 2086 3778 2157 ἐκοιμήθη

2199 2192 2256 2243 ὲν
2286 2190 2499 2260 εἰρήνῃ.
2532 2189 2643 2242 Καὶ
2671 2188 2808 2259 μετὰ
2836 2187 2996 2240 πέντε
3040 2186 3135 2256 ἔτη
3171 2185 3445 2254 ἀνήγαγον
3474 2180 3657 2242 αὑτὸν,
3687 2176 3778 2231 καὶ

2196 2283 2402 2354 ἔθηκαν
2433 2282 2595 2336 αὑτὸν
2643 2283 2724 2346 είς
2770 2278 3001 2351 Χεϐρὼν
3055 2277 3191 2350 μετά
3232 2275 3341 2329 τῶν
3390 2274 3643 2345 πατέρων
3685 2272 3780 2325 αύ-

2197 2375 2291 2429 τοῦ
2320 2375 2449 2447 (τι).

2746 2463 3142 2517 ΚΕΦΛΔΑΙΟΝ
3169 2463 3231 2516 1'.

2228 2578 2486 2645 Διαθήκη
2526 2576 2723 2644 Ἀσὴρ,
2758 2576 2907 2699 περὲ
2919 2572 3388 2654 δύο-,προσώπων
3413 2570 3629 2634 κακίας
3647 2566 3743 2620 καὶ

2908 2664 3103 2699 οετησ.

2900 2664 3103 2714 Ῥετης·

2266 2747 2343 2793 A'.
2383 2742 2740 2812 Ἀντίγραφον
2784 2737 3047 2810 διαθήκης
3090 2735 3276 2807 Ἀσὴρ,
3316 2733 3353 2787 ἃ
3382 2733 3611 2803 ὲλάλησε
3666 2730 3781 2793 τοῖς

2196 2832 2330 2895 υἱοῖς
2364 2830 2526 2885 αὑτοῦ
2554 2833 2611 2883 ὲν
2640 2834 2767 2902 ρκς¹
2790 2827 2902 2880 ἔτει
2929 2827 3029 2896 τῆς
3059 2824 3206 2896 ζωῆς
3237 2823 3421 2877 αὑτοῦ.
3453 2822 3576 2874 Ἔτι
3606 2819 3775 2889 ὑγιαίι

2196 2940 2319 2987 νων,
2358 2917 2477 2974 εἶπε
2507 2920 2642 2992 πρὸς
2678 2917 2902 2981 αὐτούς·
2942 2936 2960 2968 ι
3007 2914 3323 2977 Ἀκούσατε,
3361 2912 3530 2966 τέκνα
3587 2908 3773 2980 Ἀσὴρ,

2194 3014 2288 3067 τοῦ
2320 3012 2524 3084 πατρὸς
2555 3009 2731 3081 ὑμῶν,
2761 3012 2855 3064 καὶ
2878 3010 2987 3063 πᾶν
3009 3009 3070 3061 τὸ
3094 3006 3249 3070 εύθὲς
3271 3002 3500 3058 ἐνώπιον
3525 3000 3621 3056 τοῦ
3640 2999 3781 3053 Θεοῦ

2195 3097 2647 3174 ὑποδείξωύμῖν.
2695 3103 2800 3156 Δύο
2837 3103 2991 3165 ὁδοὺς
3035 3100 3233 3154 ἔδωκεν
3261 3100 3290 3151 ὁ
3340 3097 3475 3162 Θεὸς
3498 3098 3610 3160 τοῖς
3641 3095 3779 3157 υἱοῖς

2194 3196 2302 3250 τῶν
2331 3193 2653 3269 ἀνθρώπων,
2682 3193 2775 3248 δύο
2812 3192 3112 3257 διαδούλια,
3154 3191 3249 3245 καὶ
3278 3190 3370 3244 δύο
3411 3188 3661 3263 πράξεις,
3685 3186 3776 3240 καὶ

2193 3289 2289 3344 δύο
2322 3288 2542 3351 τόπους,
2570 3288 2665 3341 καὶ
2688 3286 2780 3340 δύο
2804 3285 2954 3357 τέλη.
2985 3285 3084 3339 Διά
3110 3285 3267 3341 τοῦτο
3297 3284 3475 3336 πάντα
3500 3281 3595 3335 δύο
3617 3282 3773 3338 εἰσὶν,

2193 3381 2252 3435 ἓν
2278 3379 2565 3434 κατέναντι
2589 3378 2684 3433 τοῦ
2709 3378 2829 3442 ένὸς
2866 3378 2999 3449 (7'5).
3042 3378 3183 3431 Ὀδοὶ
3209 3376 3323 3440 δύο,
3355 3374 3522 3428 καλοῦ
3554 3374 3647 3427 καὶ
3674 3390 3776 3425 κα-

2193 3473 2291 3527 κοῦ
2310 3491 2324 3503 ·
2356 3475 2413 3526 ὲν
2444 3466 2523 3536 οἷς
2547 3474 2652 3524 είσι
2682 3470 2751 3524 τὰ
2783 3470 2877 3525 δύο
2907 3469 3185 3523 διαϐούλια
3211 3470 3268 3521 ἐν
3310 3467 3553 3538 στέρνοις
3596 3463 3775 3535 ἡμῶν,

2191 3559 2534 3630 διακρίνοντα
2560 3558 2747 3622 αὑτάς.
2793 3557 2917 3612 Ἐἀν
2943 3553 3036 3610 οὖν
3064 3558 3097 3628 ἡ
3124 3557 3270 3627 ψυχὴ
3306 3556 3436 3631 θέλῃ
3485 3557 3542 3607 ὲν
3591 3553 3775 3624 καλῷ,

2193 3652 2343 3703 πᾶσα
2367 3650 2563 3721 πρᾶξις
2592 3649 2760 3720 αὐτῆς
2780 3651 2925 3702 ἐστιν
2947 3650 3005 3701 ὲν
3035 3645 3504 3718 δικαιοσύνῃ,ικᾶν
3528 3646 3773 3717 ἁμάρτῃ,

2193 3741 2355 3805 εὐθὺς
2401 3745 2667 3812 μετανοεῖ.
2699 3740 2894 3794 Δίκαια
2926 3739 3036 3811 γὰρ
3064 3738 3440 3810 λογιζόμενος,
3474 3737 3570 3790 καὶ
3600 3736 3774 3806 ἁποῤ-

2196 3834 2402 3906 ρίπτων
2437 3833 2533 3905 τὴν
2567 3834 2851 3905 πονηρίαν,
2876 3832 3167 3904 ἀνατρέπει
3191 3830 3350 3894 εὐθὺς
3366 3830 3427 3883 τὸ
3458 3830 3647 3890 κακὸν,
3678 3829 3776 3881 καὶ

2169 3916 2400 3997 ’ἐκριζοῖ
2429 3927 2528 3998 τὴν
2563 3927 2859 3997 ἁμαρτίαν.
2899 3926 3024 3978 Ἐἀν
3068 3925 3124 3977 δὲ
3151 3926 3207 3976 ὲν
3240 3922 3463 3994 πονηρῷ
3510 3922 3684 3975 κλίνει
3713 3921 3776 3973 τὸ

2193 4018 2517 4082 διαϐούλιον,
2544 4021 2692 4071 πᾶσα
2718 4016 2917 4089 πρᾶξις
2942 4017 3114 4086 αὐτῆς
3138 4017 3283 4068 ἐστιν
3313 4016 3370 4067 ἐν
3400 4013 3656 4084 πονηρία,
3681 4012 3775 4065 καὶ

2194 4113 2580 4184 ἀπωθούμενος
2609 4112 2670 4164 τὺ
2697 4112 2897 4181 ἀγαθὸν
2932 4108 3335 4183 προσλαμϐάνει
3365 4109 3425 4160 τὸ
3449 4106 3640 4169 κακὸν,
3680 4106 3774 4159 καὶ

2194 4205 2503 4279 κυριευθεὶς
2529 4205 2634 4260 ὑπὸ
2657 4204 2752 4258 τοῦ
2786 4205 3001 4274 Βελιάρ,
3036 4203 3138 4258 κᾶν
3168 4200 3370 4271 ἀγαθόν
3398 4217 3452 4253 τι
3474 4198 3681 4271 πράξῃ,
3713 4199 3773 4252 ὲν

2195 4303 2431 4371 πονηρίᾳ
2474 4299 2603 4353 αὐτὸ
2638 4298 3016 4370 μεταστρέφει.
3066 4299 3193 4350 "Ova
3216 4296 3324 4367 γὰρ
3353 4295 3646 4366 ὲνάρξηται
3695 4295 3773 4357 ὡς

516 4386 720 4441 malum
743 4402 882 4456 opus
902 4387 1170 4457 perducit.
1202 4388 1341 4455 Quia
1359 4391 1651 4447 thesaurus
1664 4390 1863 4446 diaboli
1880 4406 2088 4448 veneno

2198 4392 2395 4463 ἀγαθὸν
2422 4391 2610 4455 ποιῶν,
2640 4389 2702 4442 τὸ
2732 4390 2884 4453 τέλος
2910 4390 3008 4461 τῆς
3031 4387 3280 4460 πράξεως
3297 4386 3460 4441 αὐτοῦ
3493 4389 3575 4452 εἰς
3599 4384 3775 4443 κακὸν

513 4476 807 4548 perniciosi
837 4479 1063 4550 spiritus
1085 4479 1342 4550 impletus
1377 4492 1481 4537 est.

584 4656 649 4713 ll.
681 4677 700 4710 ι
738 4658 880 4715 Dicit
908 4659 1073 4730 igitur
1098 4661 1279 4714 anima
1312 4660 1504 4730 ipsius,
1535 4662 1741 4716 bonum
1777 4678 1940 4732 supra
1974 4679 2083 4716 ma-

513 4750 625 4805 lum
650 4767 793 4815 esse.
812 4762 867 4807 et
900 4755 1062 4808 linem
1091 4755 1164 4809 rei
1200 4756 1253 4808 in
1285 4754 1547 4809 malitiam
1576 4757 1744 4812 ducit.
1775 4756 1870 4812 Est
1898 4758 2084 4820 homo,

604 4887 673 4942 6'5

605 4889 695 5014 65)
733 4891 949 4973 Κιλιρζῳ.
980 4889 1143 4946 Forte
1172 4891 1398 4963 Κυρίου.
1423 4892 1590 4948 (ἶιιΑΒ.

605 4959 673 5014 64
732 4960 997 5014 Πιιηιιιει.
1027 4961 1165 5014 Add.
1202 4974 1267 5014 te.
1303 4961 1378 5014 In.

732 4960 997 5018 Dimittet.
1027 4961 1165 5017 Add.
1202 4960 1275 5017 te.
1303 4961 1378 5018 In.

675 4888 695 5167 ἒ

746 5030 1071 5105 ῌσυχὰζει.
1110 5032 1272 5105 Forte
1294 5036 1577 5105 ήσυχὰσει.
1612 5035 1685 5089 In.

601 5100 691 5164 66)
733 5100 1019 5155 zEternum
1050 5100 1326 5157 δίτειιιιιηι⁷
1351 5100 1555 5160 habent
1584 5107 1800 5161 codices
1829 5121 1961 5164 mss.
1999 5108 2075 5163 lo.

582 5170 694 5246 (67)
740 5171 805 5225 Et
836 5174 1037 5246 invidia
1066 5191 1270 5246 carens.
1315 5173 1379 5228 Et
1414 5177 1507 5246 qui
1538 5186 1621 5231 est
1655 5177 1940 5230 abundans
1988 5180 2077 5233 62.

507 5242 670 5311 Atqui
705 5258 808 5298 vox
841 5243 1072 5312 ἄφθονος
1099 5245 1262 5300 habet
1291 5242 1511 5315 quidem
1538 5248 1678 5301 hanc
1724 5247 2081 5315 signiﬁcatio--

509 5329 665 5389 item;
702 5325 1080 5389 verumtamen
1114 5317 1333 5389 propria
1396 5317 1515 5389 eius
1574 5317 1740 5389 notio,
1768 5316 1855 5389 hic
1906 5321 2080 5389 magis

510 5384 691 5456 locum
719 5385 904 5450 habet,
955 5402 1131 5455 eaque
1177 5384 1450 5442 reddenda
1489 5387 1671 5456 potius
1694 5386 1907 5442 videtur
1935 5384 2081 5444 Iulii-

509 5455 603 5577 άίρ
624 5471 832 5577 tiaram,
860 5457 1041 5527 qualis
1065 5459 1353 5512 character
1381 5455 1608 5529 pauperi
1651 5458 1855 5527 optime
1881 5476 2076 5515 conve-

509 5540 557 5577 m
589 5565 603 5577 .
659 5541 710 5577 ο.

502 5533 603 5578 nit.
637 5533 710 5581 ID.

579 5595 694 5669 (68)
739 5596 1217 5667 Deprwdationem.
1277 5600 1720 5668 Distractionem,
1771 5601 1949 5669 qualis
2008 5618 2071 5657 ex

508 5665 882 5722 mendicorum
912 5669 1325 5739 importunitate
1348 5670 1544 5724 oritur.
1575 5669 1648 5725 lo.

2193 4486 2367 4535 ποιεῖν
2395 4481 2675 4535 ἁνελαύνει
2706 4480 2836 4552 (74).
2877 4479 3092 4551 Ἐπειδὴ
3114 4482 3142 4532 ὁ
3173 4478 3445 4550 θησαυρὸς
3472 4477 3565 4531 τοῦ
3586 4476 3773 4531 διαϐό-

2179 4575 2286 4635 ,λου
2316 4574 2428 4645 (75)
2478 4573 2555 4626 ίοῦ
2581 4571 2818 4643 πονηροῦ
2853 4571 3209 4643 πεπλήρωται
3236 4571 3565 4641 πνεύματος.

2259 4669 2331 4719 B'.
2352 4687 2371 4718 ι
2414 4666 2600 4718 Ἔστιν
2619 4660 2713 4718 οὖν
2734 4663 2880 4736 ψυχὴ
2900 4663 3153 4732 λέγουσα,
3177 4662 3331 4733 φησὶ,
3353 4663 3415 4715 τὸ
3436 4662 3599 4716 καλὸν
3626 4662 3771 4732 ὑπὲρ

2185 4757 2280 4811 τοῦ
2324 4757 2515 4835 κακοῦ,
2548 4758 2641 4809 καὶ
2665 4756 2727 4808 τὸ
2754 4756 2906 4819 τέλος
2944 4756 3038 4809 τοῦ
3074 4757 3395 4828 πράγματος
3438 4758 3520 4818 εἰς
3566 4756 3769 4809 κακίαν

2257 4895 2365 4964 (69)
2414 4894 2594 4949 Τέλει.
2624 4895 2826 4947 Τούτου
2858 4895 3021 4950 habet
3057 4893 3234 4948 Oxon.
3264 4892 3339 4947 In.

2256 4968 2367 5032 (70)
2407 4964 2632 5019 Αὐτῶν.
2662 4966 2854 5019 Αὐτοῦ.
2886 4965 2960 5021 lo.

2256 4969 2346 5032 (70
2407 4969 2632 5019 Αὐτῶν.
2662 4969 2854 5019 Αὐτοῦ.
2887 4969 2960 5021 lo.

2254 4969 2367 5108 (71)
2404 5036 2567 5108 Μετὰ
2594 5034 2714 5108 τῷν
2731 5036 2999 5108 πατέρων
3019 5037 3225 5091 αὑτοῦ.
3240 5036 3350 5089 Καὶ
3370 5034 3579 5106 ἔθαψαν
3597 5034 3765 5086 αὑτὸν

2184 5110 2318 5172 ἐκεῖ,
2346 5106 2571 5162 emissis
2598 5106 2826 5161 ultimis.
2864 5107 2941 5161 lo.

2255 5176 2366 5249 (72)
2408 5178 2578 5230 Anno.
2607 5176 2869 5231 Addenda
2894 5194 3004 5249 vox
3040 5189 3209 5243 sexto,
3239 5178 3283 5232 si
3313 5176 3567 5231 Graecum
3597 5176 3758 5231 codi-
3812 5224 3837 5247 ,

2182 5247 2299 5302 cem
2327 5247 2442 5303 tam
2466 5249 2644 5303 Oxon.
2690 5263 2853 5316 quam
2882 5247 3111 5302 Cantab.
3150 5249 3305 5317 sequi
3335 5248 3763 5317 velimus;_qua:

2184 5329 2363 5373 tamen
2395 5320 2547 5373 decst
2575 5318 2628 5369 in
2659 5315 2761 5372 ms.
2793 5315 3577 5385 Graec.,Coll.,Triu.,Cautab.
3603 5315 3681 5370 lo.

2253 5389 2363 5459 (75)
2409 5390 2513 5441 Ἓν
2543 5386 2856 5459 κατέναντι
2887 5388 2992 5441 τοῦ
3016 5388 3170 5454 ἑνός.
3203 5387 3428 5459 Desunt.
3454 5385 3539 5459 (In.

2250 5456 2635 5528 (75‘)Uncinis
2660 5458 2866 5528 inclusa
2899 5459 3099 5513 desunt
3121 5460 3174 5511 in
3206 5457 3415 5513 Graeco.
3450 5458 3552 5512 Eo.
3580 5456 3755 5528 Pan.

2250 5527 2601 5613 (74)⁷Κμρκὸν
2630 5527 2822 5581 ποιεῖν
2866 5528 3206 5584 ἁνελαύνει.
3251 5529 3344 5591 Εἰς
3394 5527 3760 5599 κακοποίησιν

2181 5598 2411 5654 ἐλαύνει.
2444 5598 2520 5653 lo.

2251 5670 2362 5742 (75)
2410 5669 2516 5724 Τοῦ
2546 5669 2843 5725 διαϐίλου.
2875 5670 3205 5725 Διαεουλίου.
3241 5667 3317 5724 lo.
