4076 6142
325 320 454 375 ιιει

1520 299 2043 360 TESTAMENTUM
2079 297 2281 352 ASER.

3452 293 3592 350 Hi?

322 438 473 505 ἅγει.
510 434 695 487 Ἔστιν
725 431 1008 503 ἄνθρωπος
1041 427 1150 500 (76)
1176 467 1189 490 ,
1216 427 1363 488 ὅστις
1398 425 1497 477 οὐκ
1523 422 1779 492 οίκτείρει
1799 419 1906 471 λει-

2015 411 2108 483 qui
2133 423 2241 466 non
2269 408 2557 463 miseretur
2585 407 2949 462 ministrantis
2963 406 3015 460 ei
3042 406 3096 460 in
3133 405 3372 472 malum;
3403 413 3458 460 et
3485 407 3594 463 hoc

319 527 657 601 τουργοῦντα
677 524 826 594 αύτῷ
852 526 910 576 ὲν
937 521 1092 592 κακῷ
1111 538 1124 550 ο
1152 520 1244 572 καί
1267 535 1330 587 γε
1357 516 1516 570 τοῦτο
1539 513 1902 584 διπρόσωπον,

319 619 460 672 ἀλλά
480 618 540 670 τὸ
574 618 692 670 ὅλον
730 614 963 685 πονηρόν
987 615 1124 665 ὲστι.
1160 610 1272 664 Καὶ
1301 609 1446 662 ἔστιν
1471 607 1756 677 ἄνθρωπος
1778 606 1907 672 ἀγα-

321 708 440 762 πῶν
461 708 552 760 τὸν
583 701 1018 777 πονηρευόῗμενον
1039 743 1052 766 ,
1081 700 1344 763 ὡσαύτως
1371 699 1518 751 ἐστὶν
1548 698 1605 749 ὲν
1633 695 1869 766 πονηρία
1888 710 1900 722 ο

317 803 402 855 ὅτι
437 801 529 854 καὶ
577 797 862 852 ἀτωθανεῖν
908 798 1142 868 αἱρεῖται
1179 796 1234 847 ὲν
1272 791 1428 862 κακῷ
1476 790 1542 842 δι’
1563 788 1746 842 αὐτόν.
1795 787 1906 839 Καὶ

321 894 450 965 περὶ
473 891 666 944 τούτου
690 889 940 961 φανερὸν,
967 889 1046 940 ὅτι
1066 884 1413 958 διπρόσωπον
1438 883 1551 934 ἐστι
1568 899 1581 911 '
1612 881 1672 933 τὸ
1694 880 1751 932 δὲ
1773 880 1903 942 πᾶν,

319 983 468 1055 κακὴ
511 981 727 1053 πρᾶξις.
781 981 890 1033 Καί
940 995 1005 1047 γε
1038 976 1224 1046 ἀγάπη
1273 971 1428 1037 οὖσα,
1485 971 1720 1042 πονηρία
1765 970 1902 1031 ἐστὶ,

322 1090 751 1146 συγκρυπτουσα.
779 1072 839 1125 τὸ
870 1071 1068 1124 κακόν·
1097 1070 1286 1140 ὥσπερ
1332 1067 1450 1119 ἐστὶ
1474 1064 1552 1135 τῷ
1577 1062 1801 1140 ὀνόματι
1830 1061 1906 1124 ὼς

321 1166 490 1236 καλῷ,
523 1165 583 1218 τὸ
611 1165 667 1218 δὲ
694 1164 842 1227 τέλος
874 1163 972 1233 τῆς
1018 1161 1269 1234 πράξεως
1301 1159 1522 1231 ἔρχεται
1577 1157 1657 1220 είς
1712 1153 1900 1208 κακόν.

324 1261 515 1323 Ἀλλος
566 1259 812 1322 κλέπτει,
863 1258 1059 1322 ἀδικεῖ,
1118 1253 1381 1328 ἁρπάζει,
1438 1253 1776 1315 πλεονεκτεῖ,
1809 1251 1904 1304 καὶ

316 1355 458 1407 ἐλεεῖ
476 1355 601 1417 τοὺς
631 1351 898 1422 πτωχούς
929 1350 1271 1422 διπρόσωπον
1305 1348 1400 1418 μὲν
1425 1345 1715 1406 καὶτοῦτο,
1752 1343 1813 1396 τὸ
1846 1343 1903 1396 δὲ

313 1446 435 1500 ὅλον
462 1445 693 1518 πονηρόν
716 1448 878 1497 ἐστιν.
912 1445 969 1497 Ὀ
994 1441 1327 1496 πλεονεκτῶν
1347 1439 1436 1492 τὸν
1492 1437 1716 1510 πλησίον
1763 1451 1906 1506 παρ-

314 1541 521 1610 οργίζει
559 1539 648 1592 τὸν
694 1539 846 1600 Θεὸν,
905 1537 998 1590 καὶ
1051 1535 1142 1588 τὸν
1189 1533 1456 1602 ’Ὕψιστον
1491 1529 1778 1600 ἐπιορκεῖ,
1807 1527 1903 1580 καὶ

313 1632 410 1687 τὸν
436 1630 652 1703 πτωχὸν
686 1630 856 1683 ἐλεεῖ·
881 1629 970 1681 τὸν
999 1624 1213 1680 ἑντολέα
1237 1624 1330 1677 τοῦ
1356 1623 1522 1694 νόμου
1545 1621 1755 1692 Κυρίου
1789 1618 1907 1672 ἀθε-

312 1731 400 1782 τεῖ
424 1727 516 1781 καὶ
549 1723 860 1794 παροξύνει,
885 1723 979 1775 καὶ
993 1721 1082 1773 τὸν
1111 1717 1318 1790 πένητα
1348 1715 1618 1769 ἀναπαύει
1647 1713 1779 1785 (77)·
1804 1711 1903 1783 τὴν

312 1817 496 1888 ψυχὴν
542 1815 738 1877 σπιλοῖ,
789 1811 995 1874 καὶτὸ
1068 1810 1226 1880 σῶμα
1280 1807 1629 1880 λαμπρύνει·
1668 1804 1904 1868 πολλοὺς

309 1912 550 1980 ἀναιρεῖ,
601 1908 692 1960 καὶ
741 1905 951 1974 ὀλίγους
1001 1903 1169 1956 ἐλεεῖ·
1224 1903 1317 1954 καὶ
1357 1899 1517 1953 τοῦτο
1555 1895 1904 1971 διπρόσωπόν

309 2005 452 2056 ἐστι.
488 2001 677 2064 ’Ἄλλος
709 1998 949 2071 μοιχεύει
975 2039 988 2062 ,
1021 1995 1273 2067 πορνεύει
1301 2036 1314 2058 ,
1345 1995 1441 2047 καὶ
1483 1992 1750 2063 ἀπέχεται
1788 1989 1903 2042 ἐδε-

313 2095 562 2166 σμάτων’
590 2093 683 2146 καὶ
721 2090 996 2163 νηστεύων
1019 2090 1302 2142 κακοποιεῖ
1326 2129 1340 2151 ,
1367 2088 1461 2140 καὶ
1483 2087 1550 2156 τῇ
1579 2084 1865 2154 δυναστείᾳ
1889 2125 1902 2148 ,

311 2190 394 2261 τῷ
420 2188 631 2260 πλούτῳ
657 2188 789 2260 (78),
818 2187 1044 2249 πολλοὺς
1070 2184 1400 2257 παρασύρει,
1417 2182 1510 2235 καὶ
1537 2182 1598 2233 ἐκ
1623 2181 1720 2251 τῆς
1745 2180 1908 2250 ὑπερ-

309 2285 478 2350 όγκου
517 2281 738 2343 κακίας
785 2282 926 2332 ποιεῖ
987 2277 1224 2340 ἐντολάς.
1278 2276 1390 2328 Καὶ
1439 2272 1597 2327 τοῦτο
1640 2271 1908 2343 διπρόσω-

316 2373 418 2428 πύν
440 2375 580 2437 ἐστι,
605 2372 667 2425 τὸ
692 2371 747 2423 δὲ
773 2371 892 2424 ὅλον
918 2370 1086 2423 κακόν
1111 2370 1246 2421 ἐστι.
1288 2369 1349 2421 Οἱ
1373 2366 1603 2420 τοιοῦτοι
1627 2365 1762 2418 ὅσιοί
1793 2362 1903 2434 (79)

327 2467 435 2520 εἰσι
460 2463 758 2527 δασύποδες
779 2463 910 2533 (80),
926 2463 1006 2514 ὅτι
1026 2461 1082 2526 ἐξ
1103 2459 1358 2532 ἡμισείας
1384 2460 1488 2512 εἰσὶ
1503 2457 1751 2528 καθαροὶ,
1778 2455 1908 2508 τὸδὲ

315 2559 520 2630 ἀληθὲς
550 2555 849 2628 ἀκάθαρτοί
878 2557 1003 2608 εἱσι.
1039 2539 1149 2606 Κάὶ
1175 2552 1281 2623 γάρ
1308 2550 1439 2614 Θεὸς
1489 2551 1546 2602 ὲν
1572 2552 1692 2612 ταῖς
1745 2545 1908 2611 πλαξὶ

314 2650 425 2704 τῶν
452 2647 696 2721 οὐρανῶν
738 2642 890 2699 εἶπεν
913 2643 1105 2707 οὕτως.

390 2744 465 2795 Γ’.
509 2761 526 2793 ι
573 2741 760 2812 Ὑμεῖς
786 2733 900 2803 οὖν,
934 2737 1102 2790 τέκνα
1130 2753 1230 2807 μου
1251 2776 1264 2799 ,
1307 2734 1379 2805 μὴ
1413 2731 1626 2802 γίνεσθε
1663 2732 1782 2784 κατ’
1805 2729 1907 2782 αύ-

315 2835 445 2896 τοὺς
471 2831 839 2904 διπρόσωποι,
877 2828 1212 2898 ἀγαθὸτητος
1261 2827 1354 2878 καὶ
1405 2825 1636 2887 κακίας’
1682 2821 1816 2876 ἀλλὰ
1841 2824 1906 2894 τῇ

315 2924 614 2996 ἀγαθότητι
653 2923 790 2997 μόνῃ
814 2921 1132 2993 κολλήθητε,
1161 2920 1242 2971 ὅτι
1265 2921 1292 2971 ὁ
1316 2917 1446 2979 Θεὸς
1469 2917 1807 2970 ἀναπαύεται
1829 2916 1909 2978 είς

318 3014 510 3085 αὐτὴν,
540 3014 632 3066 καὶ
672 3015 719 3064 οἱ
745 3011 1020 3082 ἄνθρωποι
1052 3007 1307 3064 ποθοῦσιν
1350 3009 1518 3079 αὐτήν
1539 3025 1550 3036 ·
1589 3007 1687 3078 τὴν
1713 3006 1768 3058 δὲ
1807 3023 1907 3059 κα-

2007 504 2282 574 duplicem
2312 500 2507 554 faciem
2535 500 2721 563 habet,
2757 499 2850 552 sed
2883 506 3057 551 totum
3084 496 3462 566 perniciosum
3483 506 3590 553 est.

2010 596 2076 650 Et
2124 604 2214 650 est
2247 595 2415 648 homo
2443 593 2675 663 diligens
2701 593 3109 661 malignantem,
3149 589 3400 644 similiter
3419 599 3504 645 est
3536 591 3592 646 in

2008 688 2249 752 malitia;
2289 686 2550 756 quoniam
2581 691 2634 738 et
2664 682 2802 736 mori
2825 682 3100 735 desiderat
3124 681 3178 734 in
3202 681 3346 735 malo
3370 689 3594 750 propter

2009 782 2214 851 ipsum.
2249 778 2316 832 Et
2343 779 2410 832 de
2432 779 2538 832 hoc
2568 774 2950 839 manifestum,
2975 774 3390 844 quod'duplicis
3431 773 3592 828 faciei

2009 880 2123 936 est;
2151 879 2325 924 totum
2342 884 2491 934 vero,
2508 867 2686 921 malus
2709 874 2863 920 actus
2885 874 2990 919 εει.
3019 866 3087 918 Ει
3113 880 3267 918 amor
3296 862 3589 926 exsistens,

2011 963 2221 1019 malitia
2253 971 2358 1028 est,
2398 960 2746 1015 abscondens
2793 957 3030 1021 malum;
3085 955 3231 1011 sicut
3259 966 3342 1011 est
3370 957 3594 1012 nomine

2009 1056 2169 1127 quasi
2199 1055 2368 1117 bono,
2406 1052 2530 1107 ﬁnis
2557 1066 2688 1106 vero
2733 1059 2890 1105 actus
2919 1050 3067 1104 venit
3091 1050 3146 1104 in
3175 1049 3402 1102 malum.
3437 1048 3592 1106 Alius

2012 1151 2245 1214 furatur,
2278 1146 2481 1215 injuste
2502 1143 2636 1214 agit,
2666 1143 2824 1212 rapit,
2841 1157 3044 1195 avarus
3077 1139 3315 1208 exsistit,
3345 1148 3400 1193 et
3425 1140 3595 1194 mise-

2010 1248 2161 1292 retur
2191 1251 2531 1307 pauperum;
2565 1233 2841 1303 duplicem
2871 1231 3093 1301 quidem
3124 1229 3322 1286 faciem
3355 1230 3520 1284 habet
3540 1237 3594 1285 et

2012 1331 2136 1396 hoc,
2160 1338 2333 1383 totum
2357 1341 2488 1380 vero
2510 1324 2887 1395 perniciosum
2911 1331 3015 1376 est.
3032 1320 3138 1388 Qui
3158 1321 3449 1376 defraudat
3465 1338 3592 1392 pro-

2014 1422 2244 1486 ximum,
2273 1420 2338 1473 ad
2363 1417 2704 1473 iracundiam
2733 1413 3268 1486 provocatDeum,et
3281 1414 3599 1483 perAltissi-

2013 1530 2162 1568 mum
2187 1513 2328 1567 falso
2357 1511 2590 1579 dejerat,
2619 1517 2673 1564 et
2722 1507 2982 1579 pauperis
3026 1507 3355 1573 miseretur;
3391 1523 3596 1576 praece-

2011 1616 2223 1677 ptorem
2264 1606 2368 1676 legi
2411 1603 2629 1659 Domini
2679 1601 2893 1671 spernit
2938 1609 2993 1656 ει
3034 1599 3345 1666 exacerbat,
3378 1607 3434 1654 et
3459 1616 3596 1670 pau-

2010 1715 2194 1770 perem
2219 1698 2567 1767 requiescere
2599 1694 2760 1760 facit;
2797 1694 3038 1747 animam
3069 1691 3346 1761 inquinat,
3386 1701 3442 1746 ct
3471 1707 3595 1748 cor-

2008 1807 2112 1863 pus
2149 1791 2498 1862 splendidum
2531 1790 2743 1855 reddit;
2795 1789 3006 1843 multos
3040 1786 3260 1851 occidit,
3301 1793 3354 1839 et
3389 1799 3594 1853 pauco-

2007 1900 2128 1938 rum
2157 1885 2485 1949 miseretur;
2531 1891 2586 1936 et
2630 1881 2736 1936 hoc
2767 1879 2989 1950 quidem
3022 1877 3258 1946 duplicis
3290 1875 3453 1931 faciei
3481 1884 3590 1930 est.

2007 1977 2161 2032 Alius
2195 1977 2553 2037 adulteratur,
2588 1983 2642 2029 et
2667 1972 2992 2036 fornicatur,
3015 1977 3070 2023 et
3097 1967 3333 2023 abstinet
3361 1983 3390 2022 a
3411 1966 3588 2031 cibis;

2007 2076 2062 2122 ει
2079 2067 2339 2138 jejunans
2362 2063 2659 2130 malefacit,
2690 2071 2745 2117 et
2775 2059 3020 2131 potentia
3049 2067 3104 2113 et
3150 2057 3360 2114 divitiis
3389 2057 3593 2111 multo:

2009 2160 2209 2214 misere
2238 2168 2419 2225 vexat,
2457 2167 2513 2211 et
2539 2173 2606 2211 ex
2637 2153 2851 2209 tumida
2883 2153 3095 2206 malitia
3129 2149 3262 2204 facit
3311 2150 3588 2204 mandata.

2009 2253 2076 2307 Et
2113 2252 2220 2306 hoc
2249 2251 2485 2321 duplicis
2521 2249 2683 2306 faciei
2719 2256 2824 2311 est,
2841 2255 3012 2302 totum
3039 2252 3220 2298 autem
3252 2243 3454 2297 malum
3485 2254 3586 2298 est.

2010 2345 2173 2400 Tales
2205 2353 2264 2398 ut
2304 2360 2433 2400 sues
2462 2351 2591 2398 sunt
2622 2350 2676 2396 et
2723 2341 2956 2410 lepores,
3001 2338 3130 2408 quia
3175 2352 3243 2389 ex
3304 2335 3592 2390 medietate

2009 2448 2140 2494 sunt
2166 2437 2378 2502 mundi,
2411 2450 2602 2491 revera
2634 2441 2815 2489 autem
2865 2439 2996 2488 sunt
3029 2429 3319 2484 immundi.
3375 2427 3589 2483 Etenim

2010 2530 2156 2586 Deus
2180 2530 2234 2584 in
2271 2528 2474 2584 tabulis
2506 2526 2775 2582 caelorum
2805 2524 2943 2579 dixit
2981 2523 3078 2578 ita.

2081 2730 2169 2785 lll.
2219 2749 2237 2782 ι
2274 2729 2386 2785 Vos
2413 2729 2600 2800 igitur,
2648 2727 2746 2782 ﬁlii
2772 2725 2902 2789 mei,
2943 2739 3010 2780 ne
3035 2721 3352 2779 cfﬁciamini
3388 2735 3592 2775 secun-

2010 2822 2140 2876 dum
2176 2823 2323 2892 ipsos
2355 2819 2630 2889 duplicem
2663 2817 2928 2871 habentes
2976 2814 3171 2868 faciem
3197 2854 3211 2879 ,
3251 2809 3513 2865 bonitatis
3540 2821 3595 2863 et

2011 2911 2262 2976 malitiae;
2295 2909 2388 2964 sed
2428 2907 2662 2964 bonitati
2695 2905 2801 2961 soli
2829 2904 3126 2970 adhreretc,
3159 2901 3420 2972 quonlam
3450 2899 3595 2954 Deus

2012 3003 2311 3074 requiescit
2337 3002 2390 3054 in
2421 3001 2562 3070 ipsa,
2583 3009 2637 3055 et
2659 2999 2912 3053 homines
2942 2996 3260 3051 desiderant
3285 3007 3404 3047 eam
3429 3009 3444 3058 ;
3477 3005 3593 3044 ma-

319 3108 446 3162 κίαν
482 3105 823 3178 ἀποδράσατε
865 3103 1012 3174 (8-1),
1048 3100 1398 3172 ἀναιροῦντες
1445 3099 1536 3150 τὸν
1561 3097 1806 3150 διάϐολον
1850 3099 1906 3149 ὲν

2024 3096 2200 3150 litiam
2229 3103 2413 3147 autem
2440 3092 2632 3164 fugite,
2671 3092 2985 3147 occidentes
3025 3089 3305 3143 diabolum
3335 3087 3389 3139 in
3431 3085 3596 3140 bonis

315 3198 691 3268 ταῖςάγαθαῖς
739 3195 893 3265 ὑμῶν
929 3193 1222 3264 πράξεσιν”
1273 3193 1354 3243 ὅτι
1394 3193 1442 3242 οἱ
1479 3189 1816 3258 διπρόσωποι
1843 3190 1902 3240 οὐ

317 3290 460 3362 Θεῷ,
487 3288 622 3343 ἀλλά
664 3290 785 3349 ταῖς
827 3283 1142 3353 ἐπιθυμίαις
1194 3280 1373 3333 αὐτῶν
1414 3277 1775 3340 δουλεύουσιν,
1822 3277 1908 3330 ἴνα

318 3383 400 3455 τῷ
441 3380 641 3450 Βελιάρ
679 3377 951 3448 ἀρέσωσι,
988 3375 1219 3436 καὶτοῖς
1248 3372 1453 3442 ὁμοίοις
1491 3369 1668 3423 αὐτῶν
1696 3367 1906 3439 ἀνθρώ-

319 3492 466 3536 ποις.

394 3564 476 3615 Δ’.
513 3579 532 3612 ι
574 3559 635 3613 Οί
662 3558 771 3630 γὰρ
796 3555 991 3626 ἀγαθοὶ
1017 3553 1313 3626 ἄνθρωποι,
1342 3553 1433 3604 καὶ
1460 3549 1905 3622 μονοπρόσωποι,

323 3655 429 3710 κᾶν
472 3651 767 3724 νομισθῶσι
801 3647 951 3721 παρά
989 3646 1098 3700 τῶν
1141 3642 1501 3716 διπροσὼπων
1538 3641 1904 3712 ἁμαρτάνειν,

319 3746 520 3801 δίκαιοί
581 3747 686 3798 εισι
728 3739 881 3815 παρὰ
923 3738 1000 3810 τῷ
1026 3736 1164 3808 Θεῷ.
1207 3736 1399 3789 Πολλοὶ
1425 3734 1532 3807 γάρ
1558 3733 1907 3803 ἀναιροῦντες

326 3843 618 3914 πονηροὺς,
645 3837 738 3892 δύο
763 3835 1005 3890 ποιοῦσιν
1049 3831 1207 3904 ἔργα,
1251 3829 1419 3882 κακὸν
1452 3827 1542 3880 διά
1578 3826 1743 3880 καλοῦ
1773 3827 1905 3900 (82),

324 3936 444 3988 ὅλον
467 3934 522 3986 δέ
546 3934 661 3984 ἐστι
685 3928 867 3983 καλόν·
894 3925 975 3978 ὅτι
999 3923 1060 3976 τὸ
1083 3922 1253 3976 κακὸν
1270 3917 1578 3991 ὲκριζώσας
1603 3916 1904 3971 ἀπώλεσεν.

331 4029 491 4082 Ἔστι
516 4042 598 4088 τις
644 4021 816 4094 μισῶν
846 4020 937 4072 τὸν
960 4017 1262 4088 ἐλεήμονα,
1302 4012 1395 4065 καὶ
1436 4010 1634 4065 ἀδικῶν
1674 4009 1782 4082 (85)
1817 4010 1908 4065 τὸν

332 4119 518 4193 μοιχὸν
542 4117 636 4170 καὶ
664 4111 994 4186 λῃστεύοντα
1183 4106 1278 4158 καὶ
1314 4103 1445 4157 αὐτό
1478 4105 1592 4156 ἐστι
1635 4102 1907 4174 διπρόσω-

330 4229 430 4267 πον
453 4231 465 4243 ·
494 4208 630 4264 ἀλλά
663 4207 724 4260 τὸ
746 4207 854 4258 πᾶν
895 4203 1054 4274 ἔργον
1089 4198 1292 4268 ἀγαθόν
1329 4199 1478 4250 ἐστιν
1500 4237 1515 4261 ,
1553 4197 1634 4248 ὅτι
1664 4197 1908 4266 μιμεῖται

330 4305 556 4375 Κύριον,
590 4301 663 4372 μὴ
689 4295 1115 4370 προσδεχόμενος
1143 4291 1204 4344 τὸ
1224 4288 1414 4343 δοκοῦν
1450 4287 1614 4341 καλὸν
1653 4286 1788 4358 μετά
1813 4287 1906 4340 τοῦ

329 4394 584 4466 ἀληθινοῦ
611 4391 804 4446 κακοῦ.
857 4388 1080 4457 Ἕτερος
1134 4384 1194 4436 οὑ
1242 4381 1385 4435 θέλει
1431 4378 1642 4450 ἀγαθὴν
1694 4377 1907 4450 ἡμέραν

2015 3186 2211 3241 vestris
2234 3185 2483 3250 actibus;
2540 3183 2805 3253 quoniam
2853 3181 2948 3252 qui
2975 3181 3210 3250 duplicis
3243 3178 3399 3234 faciei
3441 3189 3593 3244 sunt,

2016 3290 2126 3329 non
2155 3275 2289 3340 Deo,
2323 3274 2417 3328 sed
2449 3273 2913 3343 concupiscentiis
2952 3273 3068 3327 suis
3111 3272 3381 3337 serviunt,
3412 3278 3473 3324 ut
3498 3269 3595 3323 Be-

2017 3367 2121 3422 liar
2143 3367 2418 3436 placeant,
2449 3374 2502 3420 et
2526 3365 2799 3420 similibus
2837 3364 2942 3419 sibi
2972 3364 3308 3418 hominibus.

2090 3546 2182 3603 1V.
2221 3567 2239 3598 ι
2278 3546 2411 3600 Boni
2447 3547 2594 3600 enim
2620 3547 2722 3600 viri
2749 3586 2766 3613 ,
2800 3555 2854 3600 et
2885 3545 2979 3614 qui
3007 3553 3137 3600 sunt
3197 3543 3362 3598 unius
3402 3543 3592 3610 faciei,

2016 3641 2119 3696 etsi
2152 3639 2536 3694 existimentur
2588 3639 2658 3692 ab
2700 3639 2780 3693 eis
2803 3638 2897 3707 qui
2934 3636 3170 3706 duplicis
3220 3634 3380 3690 faciei
3426 3646 3590 3704 sunt,

2015 3747 2266 3802 peccare,
2293 3731 2425 3800 justi
2465 3737 2594 3785 sunt
2649 3731 2791 3801 apud
2836 3729 3034 3784 Deum.
3080 3728 3235 3783 Multi
3271 3727 3418 3782 enim
3445 3728 3589 3784 occi-

2015 3825 2206 3878 dentes
2234 3822 2598 3892 perniciosos,
2626 3822 2737 3878 duo
2762 3821 2975 3876 faciunt
2996 3835 3194 3890 opera,
3229 3822 3432 3876 malum
3460 3836 3594 3891 pro-

2015 3922 2136 3984 pter
2158 3913 2388 3976 bonum,
2435 3921 2612 3966 totum
2664 3926 2792 3966 vero
2814 3919 2899 3966 est
2940 3910 3146 3965 bonum
3172 3928 3185 3978 ;
3211 3910 3471 3981 quoniam
3498 3913 3592 3980 qui

2017 4005 2222 4060 malum
2254 4005 2556 4060 eradicavit
2579 4003 2853 4074 ,perdidit
2885 4003 3036 4057 illud.
3094 4002 3189 4058 Est
3229 4003 3455 4074 aliquis,
3497 4005 3593 4072 qui

2016 4097 2132 4152 odit
2160 4097 2574 4152 misericordem
2601 4136 2614 4162 ,
2648 4105 2704 4151 et
2735 4095 2939 4166 injuria
2981 4095 3153 4149 afﬁcit
3181 4095 3493 4150 adulterum
3539 4105 3596 4152 et

2015 4189 2324 4255 latronem;
2382 4197 2435 4243 et
2485 4189 2592 4242 hoc
2642 4196 2725 4243 est
2769 4186 3004 4256 duplicis
3045 4186 3244 4254 faciei;
3279 4187 3373 4242 sed
3418 4195 3591 4241 totum

2017 4296 2157 4351 opus
2179 4280 2386 4334 bonum
2418 4287 2522 4344 est,
2552 4278 2682 4348 quia
2731 4277 2976 4332 imitatur
3007 4276 3328 4342 Dominum,
3361 4293 3473 4332 non
3499 4293 3594 4332 ac-

2017 4373 2226 4443 cipiens
2263 4370 2410 4442 quod
2452 4372 2668 4426 videtur
2692 4371 2902 4426 bonum
2945 4385 3070 4425 cum
3100 4385 3230 4423 vero
3269 4370 3435 4422 malo.
3494 4370 3578 4422 Al-

337 4458 464 4544 ἰδεῖν
493 4487 631 4559 μετά
665 4482 912 4544 ἀσώτων,
938 4479 1024 4532 ἵνα
1066 4475 1140 4548 μὴ
1168 4476 1344 4548 χράνῃ
1363 4475 1423 4527 τὸ
1447 4473 1621 4544 στόμα
1661 4469 1795 4544 (85),
1818 4471 1906 4524 καὶ

2018 4474 2100 4519 ιει·
2147 4481 2258 4518 non
2293 4464 2410 4517 vult
2436 4463 2579 4517 diem
2619 4463 2826 4517 bonum
2858 4463 3042 4517 videre
3091 4477 3214 4516 cum
3267 4461 3587 4525 luxuriosis,

337 4581 538 4654 μολύνῃ
578 4578 678 4647 τὴν
721 4574 898 4644 ψυχήν
919 4588 932 4600 ⁸
963 4569 1056 4623 καί
1085 4585 1148 4637 γε
1172 4567 1328 4619 τοῦτο
1349 4563 1693 4636 διπρόσωπόν
1742 4563 1909 4624 ἐστιν,

332 4653 450 4728 ὅλον
483 4671 540 4725 δὲ
574 4667 736 4722 καλόν
763 4667 908 4717 ἐστιν
931 4703 946 4727 ,
978 4662 1061 4714 ὅτι
1097 4661 1146 4712 οἱ
1178 4658 1408 4710 τοιοῦτοι
1432 4657 1646 4728 δόρκοις
1670 4655 1765 4708 καί
1791 4653 1914 4707 ἐλά-

335 4781 452 4835 φοις
487 4759 660 4833 ὅμοιοί
708 4759 845 4810 εἰσιν
871 4794 886 4818 ,
931 4755 1012 4807 ὃτι
1066 4753 1124 4804 ὲν
1163 4750 1283 4823 ἦθει
1306 4748 1481 4820 ἀγρίῳ
1505 4747 1754 4802 δοκοῦσιν
1778 4746 1916 4800 ἀκά-

335 4857 524 4927 θαρτοι
560 4848 716 4906 εἶναι’
763 4849 824 4901 τὸ
880 4846 935 4898 δὲ
983 4846 1091 4898 πᾶν
1125 4839 1356 4912 κάθαροί
1382 4841 1541 4905 εἰσιν,
1579 4840 1659 4892 ὅτι
1683 4839 1740 4891 ἐν
1767 4835 1914 4909 ζήλῳ

411 5006 522 5078 (76)
564 5006 770 5078 ’Βίστιν
822 5000 1130 5067 ἄνθρωπος
1152 5035 1166 5048 .
1190 5033 1204 5048 .
1231 5033 1246 5047 .
1273 5033 1286 5046 .
1339 4992 1654 5048 ἀναπαύει.
1707 4989 1914 5046 Omnia-

337 5075 566 5137 omisSa.
603 5075 770 5130 Οιυιις.

437 5129 665 5214 7-7)7Τὸν
687 5132 1622 5214 Malea:._drﬂai58t.'Desunt.
1655 5129 1732 5186 In.

439 5203 528 5282 78')
558 5215 640 5282 Τῷ
667 5214 926 5274 πλούτῳ.
955 5209 1060 5262 Τοῦ
1085 5207 1339 5282 πλούτου.
1372 5203 1446 5282 to.

411 5220 504 5290 (78
558 5220 640 5282 Τῷ
667 5220 926 5274 πλούτῳ.
955 5220 1060 5262 ἰὀυ
1087 5220 1339 5261 πλουτου.
1372 5220 1446 5258 ιι).

411 5220 528 5360 (79)
554 5289 768 5360 Ὅσιοι.
791 5285 1063 5360 [interpres
1083 5278 1212 5348 legit
1237 5276 1312 5340 ὡς
1341 5274 1484 5360 σύες.
1512 5272 1589 5328 In.
1621 5342 1643 5360 '
1665 5341 1704 5360 ν

552 5353 924 5433 ᾼασύποδες.
941 5341 1112 5433 Ἦιιιιε
1133 5341 1320 5429 vocem
1344 5341 1785 5433 auctpra‘LXX.
1801 5342 1908 5433 (in:

341 5413 998 5502 terrpretibugmutuatus
1023 5431 1127 5502 est,
1155 5418 1274 5502 "qui
1310 5432 1430 5472 eam
1469 5414 1643 5502 Levit.
1679 5430 1768 5502 νει,
1800 5413 1834 5467 6
1855 5423 1913 5468 ει

347 5484 513 5559 ὗὲῦἱξ
533 5517 644 5563 xw,
677 5498 728 5562 7,
758 5499 1124 5564 usurparunt;
1155 5484 1264 5564 illic
1286 5504 1387 5564 pro
1403 5484 1667 5564 cuniculo,
1697 5485 1787 5539 hic
1807 5500 1912 5554 pro

347 5508 502 5559 Deut.
533 5517 644 5563 xw,
677 5504 728 5562 7,
758 5504 1124 5564 usurparunt;
1155 5504 1264 5543 unc
1286 5504 1387 5613 {iro
1403 5504 1667 5549 cumcum,
1697 5504 1787 5539 nic
1807 5504 1904 5554 pro

346 5581 536 5645 lepore.
564 5569 868 5645 Utrumque
893 5572 1072 5618 autem
1099 5561 1279 5645 anima
1325 5556 1695 5645 mundum‘e‘n
1716 5565 1870 5645 parte
1890 5593 1904 5618 ,

346 5627 412 5703 Ei
438 5627 590 5714 parte
613 5627 954 5714 immundum
977 5633 1118 5714 apud
1141 5629 1360 5714 Judaeos
1393 5627 1907 5714 habebatur-miunt

348 5696 769 5782 dumiquatenus
792 5696 1106 5782 ruminabat
1152 5698 1526 5782 quidemtsed
1559 5696 1905 5782 immundum

350 5769 617 5856 quatenus
643 5778 898 5850 ungulam
924 5790 1032 5829 non
1057 5771 1327 5826 ﬁndebat:
1353 5769 1430 5824 uti
1455 5776 1667 5836 contra,
1695 5781 1790 5822 sus
1810 5782 1908 5820 un-

2015 4564 2078 4610 ιιι
2124 4571 2233 4610 non
2285 4557 2522 4610 maculet
2568 4569 2652 4619 οε,
2685 4564 2740 4610 ει
2790 4555 3038 4624 inquinet
3083 4553 3360 4617 animam;
3390 4560 3445 4606 et
3487 4553 3590 4607 hoc

2015 4649 2247 4721 duplicis
2276 4649 2436 4704 faciei
2485 4658 2589 4713 est,
2621 4656 2795 4704 totum
2845 4657 3027 4703 autem
3075 4647 3280 4701 bonum
3310 4655 3412 4710 est,
3445 4661 3587 4717 quo-

2015 4744 2163 4799 niam
2185 4741 2318 4797 tales
2341 4743 2609 4811 capreolis
2629 4751 2683 4797 et
2711 4741 2889 4797 cervis
2903 4739 3110 4795 similes
3134 4746 3261 4792 sunt
3285 4754 3300 4802 ;
3329 4738 3588 4806 quoniam

2017 4839 2070 4893 in
2096 4835 2494 4892 consuetudine
2512 4835 2713 4906 agresti
2740 4834 2996 4888 videntur
3043 4828 3312 4884 immundi
3341 4845 3492 4895 esse,
3523 4846 3588 4884 ex

2018 4993 2201 5077 gulam
2228 4990 2448 5062 quidem
2476 4991 2662 5072 ﬁndit,
2693 4990 2784 5044 sed
2812 5005 2920 5043 non
2947 4990 3212 5052 ruminat,
3239 4995 3299 5068 et
3321 4990 3439 5055 ipsa
3465 5001 3597 5055 pro—

2016 5064 2146 5118 inde
2172 5063 2480 5117 immunda.
2509 5059 2736 5115 Talibus
2761 5062 2946 5128 itaque
2989 5057 3363 5128 animantibus
3391 5057 3592 5128 merito

2016 5135 2086 5190 ab
2111 5142 2334 5190 auctore
2363 5143 2551 5187 nostro
2577 5125 3234 5199 comparanturhomines
3260 5125 3594 5199 ἐξήμισείας

2015 5204 2265 5278 καθαροί,
2301 5203 2354 5278 id
2382 5211 2485 5268 est,
2511 5219 2575 5258 ex
2607 5197 2759 5278 parte
2785 5201 2936 5265 boni,
2968 5209 3108 5278 et_e_x
3135 5209 3288 5268 parte
3331 5197 3492 5278 mali,
3538 5197 3593 5276 in

2015 5265 2217 5346 quibtis
2241 5265 2480 5329 mistura'
2512 5283 2595 5329 est
2610 5265 2883 5326 'virtutum
2912 5281 2968 5326 et
3000 5265 3282 5329 vitiorum,
3319 5267 3396 5321 uti
3426 5265 3595 5320 Taci-

2015 5357 2105 5402 tus
2128 5346 2390 5416 loquitur.

2088 5411 2217 5488 (81)⁷
2240 5413 2657 5488 Ἀποδριίσᾳτε.
2684 5413 2943 5488 (ιεύγετεἶ
2965 5411 3139 5488 _Gn_.u_i.

2088 5478 2204 5624 (82)
2225 5478 2426 5540 Κακὸνῖ
2461 5485 2564 5538 διὰ
2606 5478 2814 5538 καλοῦ.
2841 5483 3021 5536 Καλὸν
3040 5482 3126 5536 διά
3149 5480 3337 5534 κακοῦ.
3366 5478 3443 5532 lo.

2090 5558 2181 5624 (8'5
2255 5554 2518 5610 Ἀδικῶιικ
2564 5555 2800 5623 Ἀδικον.
2840 5551 2914 5624 In.
3073 5623 3084 5624 γ

2113 5551 2204 5623 85)
2255 5554 2518 5610 Ἀδικῶιικ
2564 5555 2800 5623 Ἀδικον.
2840 5551 2914 5607 In.

2111 5629 2201 5693 84)
2231 5627 2635 5696 Λῃστεύοντα.
2677 5623 3041 5696 Νῃστεύοντα.
3071 5623 3145 5677 In.

2088 5695 2203 5769 (85)
2228 5695 2445 5766 Στόμα.
2487 5696 2707 5769 Στῶμα.
2733 5695 2788 5751 In
2800 5738 2816 5754 .
