4076 6142
475 292 616 349 “23

1423 275 1888 333 TESTAMENTA
1940 272 2032 326 Xll
2084 269 2621 328 PATBIARCHARU
2632 266 2698 320 Μ.

3583 259 3714 314 1124

475 411 590 454 ιοιο
613 406 796 452 autem
819 395 1006 451 mundi
1047 404 1210 461 sunt;
1251 393 1507 463 quoniam
1550 392 1602 444 in
1641 391 1757 445 zelo
1787 389 1883 444 Dei
1918 403 2038 443 am-

2147 384 2278 438 Θεοῦ
2308 385 2646 458 πορεύονται,
2682 380 3010 451 ἀπεχόμενοι
3048 371 3120 431 ὧν
3146 377 3240 430 καὶ
3289 378 3317 428 ὁ
3341 374 3471 437 Θεὸς
3498 373 3586 426 διὰ
3607 375 3716 428 τῶν

476 493 686 555 hulant,
720 490 1061 545 abstinentes
1092 489 1162 543 ab
1203 488 1288 543 his
1318 503 1347 541 a
1371 488 1574 556 quibus
1601 486 1740 557 Deus
1763 498 1858 551 per
1884 496 2043 534 mau-

476 584 602 638 data
679 581 808 636 odio
865 581 1073 635 habens
1131 579 1424 649 prohibet,
1497 591 1690 632 arcens
1748 574 1952 628 malum
2012 588 2044 626 a

475 679 642 733 bono.

548 766 614 820 V.
655 787 674 819 ι
709 767 898 822 Videte
920 767 1104 834 igitur,
1135 765 1251 829 ﬁlii,
1287 765 1521 834 qualiter
1543 765 1653 818 duo
1676 769 1804 817 sunt
1835 765 1890 815 in
1922 776 2043 814 om-

476 863 671 925 nibus.
694 876 864 915 unum
903 870 1093 914 contra
1129 873 1322 919 unum,
1351 867 1406 912 et
1429 872 1598 910 unum
1631 855 1734 910 sub
1777 868 1887 908 uno
1915 853 2044 907 abs-

476 953 753 1008 ‘conditur.
809 949 949 1004 Vitae
989 963 1136 1002 mors
1183 946 1451 1009 succedit,
1483 946 1668 1016 gloria:
1722 942 2042 1014 ignominia,

477 1044 582 1099 diei
629 1057 757 1104 nox,
805 1050 860 1094 et
913 1040 1022 1094 luci
1073 1040 1342 1105 tenebrae;
1383 1037 1570 1092 omnia
1613 1049 1744 1090 vero
1793 1034 1896 1088 sub
1955 1033 2045 1088 die

477 1144 626 1198 sunt,
667 1141 720 1188 et
752 1133 854 1187 sub
883 1131 992 1185 vita
1016 1131 1299 1200 quaejusta
1330 1140 1490 1194 sunt;
1515 1138 1802 1198 propterea
1823 1135 1878 1179 et
1897 1139 2046 1178 mor-

478 1237 583 1282 tem
633 1233 831 1278 :eterna
855 1222 966 1275 vita
1014 1225 1389 1290 praestolatur;
1437 1227 1492 1273 et
1528 1233 1637 1272 non
1689 1217 1818 1271 licet
1863 1215 2046 1268 dicere

477 1318 760 1373 veritatem
793 1313 1160 1375 mendacium,
1190 1326 1366 1381 neque
1415 1310 1628 1379 justum
1672 1308 1935 1378 injustum
1964 1307 2042 1372 ";

476 1411 737 1482 quoniam
777 1408 956 1463 omnis
996 1407 1199 1460 veritas
1261 1405 1365 1460 sub
1406 1404 1527 1459 luce
1554 1411 1639 1456 est
1670 1402 1715 1432 ³³
1741 1421 1755 1468 ;
1786 1401 2046 1471 quemad-

476 1504 702 1558 modum
752 1502 938 1558 omnia
992 1500 1094 1555 sub
1142 1498 1270 1553 Deo.
1309 1496 1435 1552 llrec
1480 1497 1663 1552 omnia
1709 1495 1936 1563 probavi
1989 1495 2045 1548 in

477 1599 588 1651 vita
614 1611 754 1658 mea,
778 1604 831 1648 et
855 1608 964 1647 non
987 1592 1164 1647 erravi
1196 1608 1224 1644 a
1247 1589 1488 1644 veritate
1517 1587 1734 1642 Domini
1763 1605 1778 1652 ;
1808 1595 1862 1640 et
1891 1602 2047 1640 man-

478 1690 604 1743 data
633 1686 897 1742 Altissimi
929 1683 1198 1754 exquisivi
1226 1722 1240 1747 ,
1291 1680 1595 1736 secundum
1635 1693 1854 1732 omnem
1885 1677 2042 1731 forti-

477 1780 722 1834 tudinem
757 1791 937 1832 meam
985 1773 1274 1829 ambulans
1304 1771 1606 1827 secundum
1652 1785 1817 1825 unam
1851 1768 2045 1824 faciem

481 1873 535 1925 in
572 1872 796 1924 bonum.

554 1959 643 2012 Vl.
682 1977 701 2010 ι
748 1957 1022 2012 Attendite
1048 1956 1214 2026 igitur
1241 1965 1296 2010 et
1325 1969 1440 2021 vos,
1481 1953 1579 2007 ﬁlii
1608 1951 1734 2014 mei,
1774 1950 2046 2005 mandatis

480 2052 730 2115 Domini,
759 2049 1060 2105 secundum
1091 2063 1258 2103 unam
1290 2047 1487 2102 faciem
1520 2052 1815 2114 sequentes
1843 2042 2046 2096 verita-

481 2154 628 2209 tem;
668 2141 929 2212 quoniam
960 2139 1054 2209 qui
1099 2139 1336 2204 duplicis
1379 2137 1539 2192 l‘aciei
1575 2146 1724 2199 sunt,
1762 2133 2048 2203 dupliciter

479 2233 804 2302 puniuntur.
862 2229 1098 2300 Spiritus
1129 2229 1334 2283 erroris
1364 2227 1492 2282 odio
1518 2226 1745 2291 habete,
1784 2224 2047 2278 adversus

482 2323 761 2380 hominem
817 2322 1228 2378 contendentes.
1259 2320 1456 2391 Legem
1497 2319 1714 2374 Domini
1744 2317 2040 2380 custodite,

481 2425 535 2471 et
557 2433 626 2470 ne
645 2415 908 2471 attendite
937 2414 1103 2477 malo,
1149 2423 1208 2467 ut
1247 2413 1392 2468 bono
1418 2428 1434 2478 ;
1465 2413 1558 2467 sed
1593 2413 1647 2466 in
1682 2426 1805 2466 vere
1840 2411 2059 2466 bonum.

483 2511 758 2580 respicite,
807 2516 860 2563 et
905 2507 1190 2562 observate
1218 2505 1351 2561 illud
1387 2506 1441 2559 in
1490 2505 1745 2561 omnibus
1773 2504 2046 2561 mandatis

483 2600 723 2665 Domini,
765 2598 834 2653 ad
859 2613 985 2653 eum
1013 2598 1234 2661 reversi,
1261 2607 1316 2652 et
1341 2598 1394 2650 in
1425 2612 1490 2651 eo
1515 2599 1856 2667 quiescentes
1881 2597 2047 2666 (quo-

485 2694 635 2760 niam
671 2694 809 2745 lines
855 2690 1141 2744 hominum
1180 2689 1476 2743 ostendunt
1507 2689 1779 2757 justitiam
1808 2689 2042 2766 eorum),

483 2791 876 2855 cognoscentes
922 2780 1146 2849 angelos
1194 2778 1409 2833 Domini
1457 2788 1512 2834 et
1535 2779 1770 2834 Satanae.
1815 2779 2047 2846 Quando

483 2876 630 2930 enim
686 2874 898 2928 turbata
946 2877 1129 2930 anima
1179 2876 1311 2940 abit,
1363 2886 1700 2946 torquetura
1736 2878 2047 2947 pernicioso

486 2969 702 3038 spiritu,
731 2967 820 3022 cui
863 2980 916 3022 et
941 2968 1165 3022 servivit
1203 2969 1258 3023 in
1301 2970 1760 3038 concupiscentiis
1791 2978 1844 3024 et
1867 2970 2050 3040 operi-

487 3060 590 3114 bus
613 3059 968 3129 perniciosis;
1010 3059 1056 3114 si
1085 3067 1266 3114 autem
1289 3059 1470 3128 quiete
1497 3061 1552 3114 in
1575 3061 1774 3131 gaudio
1795 3061 2048 3132 cognovit
2076 3093 2118 3150 ο

485 3151 734 3221 angelum
758 3151 926 3219 pacis,
953 3151 1331 3206 consolabitur
1354 3166 1482 3207 eum
1511 3152 1564 3204 in
1595 3153 1726 3208 vita.

557 3371 671 3425 VII.
708 3392 725 3423 ι
756 3369 833 3426 Ne
855 3372 1168 3429 cfﬂciamiui
1191 3415 1204 3438 ,
1230 3376 1348 3440 ﬁlii,
1386 3385 1444 3431 ut
1478 3375 1714 3432 Sodoma
1741 3393 1863 3448 quae
1894 3380 2052 3450 igno-

487 3463 629 3516 ravit
666 3464 887 3534 angelos
921 3463 1172 3531 Domini,
1206 3478 1258 3521 ct
1298 3469 1456 3537 periit
1484 3485 1657 3538 usque
1684 3471 1737 3523 in
1766 3471 2046 3527 saeculum.

486 3551 622 3607 Novi
647 3554 812 3618 enim,
839 3555 982 3625 quod
1009 3558 1304 3624 peccabitis
1329 3599 1344 3623 ,
1371 3568 1424 3612 et
1456 3561 1746 3614 trademini
1774 3561 1829 3613 iu
1853 3578 2049 3617 manus

489 3643 834 3698 inimicorum
862 3655 1199 3712 vestrorum;
1228 3656 1281 3701 et
1303 3658 1448 3702 terra
1473 3660 1658 3705 vestra
1693 3652 2048 3718 desolabitur,

493 3744 548 3789 et
573 3751 669 3790 vos
693 3737 1080 3806 dispergemini
1108 3739 1162 3792 in
1189 3750 1423 3809 quatuor
1440 3743 1668 3811 angulos
1688 3747 2052 3809 terrm,eteri-

491 3827 625 3880 tisin
640 3826 976 3894 dispersione
987 3829 1245 3897 despecti,
1264 3833 1410 3886 velut
1426 3848 1565 3902 aqua
1591 3833 1819 3898 inutilis,
1849 3853 2051 3906 usque-

491 3931 600 3985 quo
625 3915 941 3970 Altissimus
969 3917 1506 3989 visitarcritterram;
1531 3932 1584 3976 et
1612 3925 1725 3992 ipse
1741 3927 1964 3982 veniens
1993 3937 2052 3982 ut

492 4010 674 4070 homo,
700 4023 824 4062 cum
840 4007 1158 4063 hominibus
1180 4011 1516 4068 manducans
1540 4023 1588 4068 et
1614 4015 1806 4072 bibens
1829 4017 1892 4081 ³⁸,
1919 4029 1972 4074 ct
1995 4021 2049 4075 in

491 4100 706 4154 silentio
725 4109 1009 4154 conterens
1025 4109 1187 4170 caput
1207 4101 1478 4159 draconis.
1499 4102 1603 4160 Per
1617 4122 1814 4178 aquam
1833 4110 1943 4179 (95)
1963 4111 2052 4166 hic

493 4190 728 4244 salvahit
751 4190 918 4245 Israel
944 4199 998 4245 et
1023 4206 1213 4246 omnes
1237 4204 1441 4263 gentes,
1476 4195 1619 4252 Deus
1645 4200 1698 4253 in
1728 4201 1901 4255 virum
1927 4203 2052 4258 abs-

491 4283 744 4337 conditus
767 4283 832 4334 ".
898 4281 1070 4338 Dicite
1096 4285 1260 4354 igitur
1286 4287 1401 4342 haec
1442 4290 1567 4345 ﬁliis
1601 4293 1820 4358 vestris,
1851 4304 1909 4350 ut
1934 4312 2047 4351 cre-

2143 476 2368 529 ἐντολῶν
2404 476 2575 547 μισῶν
2622 474 2989 545 ἀπαγορεύει,
3037 471 3315 542 ἁπείργων
3339 468 3399 521 τὸ
3436 467 3602 521 κακὸν
3623 468 3716 520 τοῦ

2146 568 2352 637 ἀγαθοῦ
2391 568 2521 640 (86).

2215 746 2293 797 E'.
2336 764 2353 794 ι
2410 743 2602 814 Ὁρᾶτε
2625 737 2738 807 οὖν,
2764 740 2950 804 τέκνα,
2989 738 3102 801 πῶς
3126 737 3217 790 δύο
3241 737 3377 789 εἰσὶν
3401 737 3458 788 ἐν
3483 737 3639 799 πᾶσι,
3663 735 3715 786 ἐι

2146 836 2436 890 κατέναντι
2469 833 2606 898 ἐνὸς,
2634 833 2728 885 καὶ
2768 831 2824 884 ἐν
2849 830 2953 883 ὑπὸ
2983 829 3076 881 τοῦ
3104 828 3220 892 ὲνδς
3248 827 3576 898 κέκρυπται.
3613 827 3720 898 Τὴν

2147 926 2289 997 ζωὴν
2318 924 2429 996 (87)
2457 925 2484 976 ό
2507 923 2732 986 Θάνατος
2757 921 3079 991 διαδέχεται,
3114 919 3213 990 τὴν
3241 919 3397 985 δόξαν
3432 922 3465 990 ὴ
3494 919 3685 990 ἀτιμία
3703 958 3722 982 ,

2144 1018 2241 1076 τὴν
2285 1017 2496 1087 ἡμέραν
2537 1017 2570 1084 ἡ
2611 1012 2727 1078 νὺξ,
2753 1014 2848 1066 καὶ
2889 1012 2950 1065 τὸ
2995 1010 3110 1081 φῶς
3151 1010 3211 1062 τὸ
3250 1011 3436 1074 σκότος
3471 1010 3618 1080 (88)’
3654 1009 3722 1062 τά

2144 1105 2201 1157 δὲ
2227 1105 2405 1158 πάντα
2439 1101 2544 1155 ὑπὸ
2564 1101 2777 1172 ἡμέραν
2802 1101 2928 1164 εἰσὶ,
2972 1099 3065 1152 καὶ
3100 1099 3204 1152 ὑπὸ
3228 1099 3372 1168 ζωὴν
3408 1097 3474 1150 τὰ
3497 1098 3679 1151 δίκαια
3704 1117 3716 1129 ·

2145 1195 2226 1248 διὸ
2277 1195 2371 1247 καὶ
2409 1194 2499 1247 τὸν
2540 1193 2766 1246 θάνατον
2817 1193 2850 1262 ἡ
2899 1190 3111 1255 αἰώνιος
3149 1190 3259 1261 ζωὴ
3299 1191 3590 1261 ἀναμένει·
3628 1191 3720 1243 καὶ

2145 1288 2243 1339 οὐκ
2269 1285 2415 1338 ἐστιν
2439 1286 2612 1338 εἰπεῖν
2644 1283 2740 1354 τὴν
2764 1283 3020 1356 ἀλήθειαν
3042 1283 3255 1353 ψεῦδος,
3279 1283 3398 1335 οὐδέ
3431 1281 3490 1334 τὸ
3516 1283 3718 1335 δίκαιον

2146 1379 2348 1431 ἄδικον·
2373 1377 2454 1430 ὅτι
2485 1378 2632 1430 πᾶσα
2664 1376 2888 1447 ἀλήθεια
2913 1375 3016 1428 ὑπὸ
3053 1374 3145 1427 τοῦ
3170 1376 3345 1444 φωτός
3381 1376 3516 1428 ἐστι’
3540 1375 3717 1438 καθὼς

2145 1469 2215 1522 τὰ
2257 1470 2433 1522 πάντα
2474 1468 2574 1520 ύπέ
2627 1467 2718 1519 τὸν
2754 1467 2906 1520 Θεόν.
2959 1465 3145 1519 Ταῦτα
3189 1466 3367 1519 πάντα
3421 1464 3718 1535 ἐδοκίμασα

2147 1563 2204 1614 ἐν
2226 1563 2292 1631 τῇ
2321 1557 2430 1630 ζωῇ
2472 1576 2596 1629 μου,
2642 1557 2736 1611 καὶ
2762 1558 2861 1610 οὐκ
2884 1556 3190 1629 ἐπλανήθην
3214 1556 3321 1609 ἀπὸ
3341 1556 3440 1626 τῆς
3467 1554 3718 1626 ἀληθείας

2146 1657 2376 1728 Κυρίου,
2423 1656 2517 1708 καὶ
2562 1653 2660 1718 τὰς
2703 1652 2920 1717 ἐντολὰς
2951 1651 3045 1706 τοῦ
3103 1651 3354 1721 Ὑψίστου
3398 1650 3714 1722 ἐξεζήτησα,

2076 1745 2118 1799 Β
2147 1747 2287 1802 κατά
2329 1749 2505 1800 πᾶσαν
2542 1745 2693 1816 ἰσχύν
2730 1762 2830 1816 μου
2871 1743 3238 1816 πορευόμενος
3277 1740 3716 1813 μονοπροσώπως

2147 1842 2224 1904 εἰς
2255 1839 2316 1892 τὸ
2341 1838 2562 1908 ἀγαθόν.

2218 1933 2308 1996 (τ’.
2348 1948 2366 1979 ι
2396 1925 2697 1998 Προσέχετε
2726 1920 2816 1979 οὖν
2850 1926 2942 1978 καὶ
2965 1926 3139 1996 ὑμεῖς,
3157 1923 3320 1976 τέκνα
3350 1940 3470 1994 μου,
3496 1926 3614 1986 ταῖς
3637 1923 3720 1976 ἐν-

2143 2019 2322 2083 τολαῖς
2349 2019 2573 2090 Κυρίου,
2606 2016 3039 2088 μονοπροσώπως
3065 2013 3480 2078 ἀκολουθοῦντες
3498 2019 3562 2086 τῇ
3589 2015 3721 2086 ἀλη-

2146 2112 2265 2190 θεία
2289 2129 2300 2140 ·
2329 2112 2410 2164 ὅτι
2443 2113 2490 2162 oi
2516 2108 2852 2180 διπρόσωποι
2886 2108 3084 2171 δισσῶς
3119 2107 3434 2171 κολάζονται
3471 2107 3600 2179 (89).
3642 2106 3724 2160 Τά

2145 2203 2430 2273 πνεύματα
2460 2201 2558 2272 τῆς
2603 2200 2811 2270 πλάνης
2863 2200 3163 2270 μισήσατε,
3211 2198 3280 2252 τά
3320 2199 3462 2252 κατὰ
3499 2199 3588 2252 τὸν
3628 2199 3722 2253 ἅν·-

2146 2295 2361 2368 θρωπον
2388 2293 2496 2365 (90)
2532 2290 2926 2363 ἀγωνιζόμενα.
2969 2291 3072 2344 Τὸν
3104 2291 3266 2361 νόμον
3312 2291 3515 2363 Κυρίου
3554 2291 3723 2361 φυλά-

2147 2387 2292 2454 ξατε,
2318 2387 2412 2440 καὶ
2443 2384 2515 2458 μὴ
2542 2385 2837 2456 προσέχετε
2859 2384 2920 2437 τὸ
2940 2385 3128 2447 κακὸν,
3164 2383 3237 2448 ώς
3264 2384 3423 2437 καλόν
3453 2383 3583 2455 (91)·
3608 2383 3721 2437 ἀλλ’

2145 2479 2226 2541 είς
2248 2477 2308 2530 τὸ
2342 2477 2508 2539 ὅντως
2539 2475 2699 2528 καλὸν
2726 2474 3061 2528 ἀποϐλέπετε
3083 2514 3096 2539 ,
3129 2474 3222 2526 καὶ
3260 2473 3416 2544 διατη
3427 2475 3567 2545 ρεῖτε
3593 2473 3724 2526 αὐτὸ

2145 2571 2202 2620 ἐν
2228 2569 2425 2631 πάσαις
2442 2566 2682 2629 ἐντολαῖς
2707 2565 2934 2637 Κυρίου,
2954 2567 3034 2629 είς
3059 2565 3220 2618 αὐτὸν
3241 2565 3720 2636 ἀναστρεφόμενοι,

2146 2660 2242 2713 καὶ
2266 2661 2323 2713 ἐν
2362 2657 2512 2728 αὐτῷ
2547 2656 2951 2720 καταπαύοντες
2987 2657 3087 2728 (ὅτι
3118 2656 3186 2709 τὰ
3217 2657 3342 2729 τέλη
3368 2657 3476 2711 τῶν
3517 2655 3725 2728 ἀνθρώ-

2147 2768 2263 2803 πων
2305 2748 2543 2802 δείκνυσι
2582 2748 2684 2818 τὴν
2725 2745 3071 2817 δικαιοσύνην
3111 2746 3337 2818 αὐτῶν),
3367 2747 3722 2819 γνωρίζοντες

2144 2844 2268 2907 τοὺς
2290 2842 2549 2910 ἀγγέλους
2574 2841 2800 2912 Κυρίου,
2827 2839 2919 2892 καὶ
2960 2838 3054 2891 τοῦ
3087 2838 3319 2894 Σατανᾶ.
3349 2839 3478 2892 Ὅτε
3503 2839 3613 2910 γὰρ
3636 2857 3724 2892 τε-

2145 2933 2461 3006 ταραγμένη
2492 2931 2636 3003 ψυχὴ
2660 2931 2976 3002 ἀπέρχεται,
3015 2929 3357 3000 βασανίζεται
3384 2931 3488 2983 ὑπὸ
3507 2930 3600 2982 τοῦ
3622 2947 3722 2983 πο-

2147 3025 2313 3097 νηροῢ
2342 3023 2669 3095 πνεύματος,
2690 3017 2733 3090 ᾧ
2755 3024 2848 3076 καὶ
2882 3022 3194 3078 ἐδούλευσεν
3228 3023 3285 3074 ἐν
3303 3022 3614 3092 ἐπιθυμίαις
3629 3024 3724 3075 καὶ

2153 3118 2331 3191 ἔργοις
2378 3117 2666 3187 πονηροῖς·
2705 3114 2799 3168 ἐὰν
2837 3115 2893 3168 δέ
2927 3113 3145 3186 ἡσύχως
3186 3115 3244 3167 ἐν
3279 3116 3423 3186 χαρᾷ
3461 3114 3723 3185 ἐγνώρισε

2151 3210 2240 3263 τὸν
2266 3207 2494 3277 ἄγγελον
2530 3207 2629 3278 τῆς
2671 3208 2915 3279 εἰρήνης,
2942 3206 3311 3279 παρακαλέσει
3337 3205 3444 3276 (92)
3478 3205 3637 3260 αὑτὸν
3668 3208 3725 3260 ὲν

2153 3302 2285 3372 ζωῇ·

2221 3391 2295 3442 Z'.
2329 3408 2346 3440 ι
2384 3389 2476 3458 Μὴ
2503 3386 2738 3456 γίνεσθε,
2764 3387 2954 3453 τέκνα,
2979 3389 3056 3451 ὡς
3089 3388 3315 3460 Σόδομα,
3340 3388 3462 3458 ἥτις
3483 3386 3719 3456 ἠγνόησε

2148 3484 2274 3546 τοὺς
2297 3481 2558 3550 ἀγγέλους
2593 3480 2820 3552 Κυρίου,
2844 3482 2938 3533 καὶ
2971 3480 3216 3534 ἀπώλετο
3238 3480 3341 3543 ἕως
3367 3479 3563 3542 αἰῶνος
3589 3479 3720 3548 (95).

2151 3569 2279 3626 Οἶδα
2302 3571 2429 3643 γὰρ,
2476 3573 2558 3625 ὅτι
2603 3573 2969 3645 ἀμαρτήσετε,
3017 3572 3113 3626 καὶ
3161 3569 3601 3642 παραδοθήσεσθε
3647 3571 3724 3632 εἰς

2150 3668 2336 3736 χεῖρας
2358 3665 2563 3735 ἐχθρῶν
2597 3665 2748 3736 ὑμῶν
2767 3681 2781 3696 '
2827 3667 2922 3719 καὶ
2957 3667 2990 3737 ἡ
3028 3665 3100 3735 γῆ
3126 3665 3277 3736 ὑμῶν
3304 3663 3722 3735 ἐρημωθήσεται

2153 3755 2286 3826 (94),
2313 3758 2407 3809 καὶ
2432 3757 2591 3827 ὑμεῖς
2635 3755 3188 3827 διασκορπισθήσεσθε
3223 3754 3418 3818 εἰςτὰς
3455 3754 3723 3824 τέσσαρας

2149 3847 2349 3914 γωνίας
2371 3847 2468 3916 τῆς
2495 3847 2617 3917 γῆς,
2644 3848 2738 3899 καὶ
2765 3846 2950 3900 ἔσεσθε
2975 3848 3032 3899 ἐν
3051 3846 3316 3916 διασπορᾷ
3339 3845 3721 3915 ἐξουθενούμε-

2150 3955 2249 4002 νοι,
2285 3938 2359 4002 ὡς
2385 3938 2526 4009 ὕδωρ
2551 3937 2844 4009 ἄχρηστον,
2871 3938 2975 4002 ἕως
2999 3931 3059 3991 οὗ
3081 3940 3108 3991 ὁ
3134 3936 3394 4006 ’Ύψιστος
3418 3935 3721 4006 ἐπισκέψη-

2149 4046 2236 4082 ται
2269 4029 2368 4100 τὴν
2395 4029 2517 4100 γῆν,
2552 4031 2644 4082 καὶ
2669 4029 2830 4093 αὐτὸς
2861 4027 3028 4081 ἐλθὼν
3062 4028 3138 4091 ὡς
3168 4027 3484 4098 ἄνθρωπος,
3532 4025 3721 4079 ἐσθίων

2150 4121 2243 4173 καὶ
2278 4120 2442 4172 πίνων
2469 4118 2607 4190 μετά
2628 4119 2735 4172 τῶν
2758 4118 3077 4191 ἀνθρώπων,
3096 4119 3189 4171 καὶ
3213 4119 3271 4171 ἐν
3296 4115 3496 4188 ἡσυχία
3521 4115 3724 4187 συντρί-

2151 4211 2259 4263 6ων
2285 4211 2383 4281 τὴν
2418 4211 2657 4283 κεφαλὴν
2679 4211 2770 4265 τοῦ
2788 4211 3077 4282 δράκοντος
3099 4209 3165 4262 δι’
3191 4209 3398 4272 ὓδατος.
3422 4203 3589 4272 Οὗτος
3616 4207 3721 4260 σώ-

2152 4319 2233 4354 σει
2258 4302 2348 4354 τὸν
2381 4303 2613 4374 Ἰσραὴλ,
2650 4303 2743 4355 καὶ
2777 4302 2954 4354 πάντα
2974 4299 3044 4353 τά
3096 4299 3254 4370 ἔθνη,
3287 4300 3420 4364 Θεὸς
3454 4301 3534 4362 είς
3555 4299 3722 4370 ἄνδρα

490 4375 623 4428 dant
646 4373 699 4426 in
723 4389 869 4427 eum.
900 4373 1027 4444 Legi
1055 4377 1201 4429 enim
1247 4377 1300 4430 in
1351 4379 1552 4436 tabulis
1583 4383 1876 4449 cmlorum,
1903 4388 2048 4456 quod

2153 4395 2574 4467 ὑποκρινόμενος
2612 4395 2740 4466 (96).
2794 4395 2998 4448 Εἴπατε
3033 4391 3123 4448 οὖν
3155 4395 3324 4448 ταῦτα
3369 4397 3482 4457 τοῖς
3512 4395 3721 4455 τέκνοις

492 4467 758 4521 increduli
782 4483 893 4521 non
924 4469 1160 4524 credetis
1185 4471 1238 4524 in
1265 4487 1412 4535 eum,
1439 4481 1492 4526 et
1515 4473 1681 4543 impie
1704 4489 1926 4547 agentes
1949 4480 2052 4534 im~

2158 4485 2307 4554 ὑμῶν
2336 4487 2408 4558 μὴ
2433 4487 2675 4540 ἀπειθεῖν
2699 4487 2865 4556 αὐτῷ.
2907 4487 3167 4556 Ἀνέγνων
3193 4485 3300 4556 γὰρ
3325 4487 3381 4539 ἐν
3400 4489 3523 4550 ταῖς
3561 4486 3721 4551 πλαξὶ

563 4582 606 4612 ³⁸
635 4579 738 4635 lsa.
785 4598 839 4648 ι’,
865 4581 953 4636 20.
1031 4582 1075 4613 ³³
1102 4580 1259 4638 Joan.
1291 4602 1373 4652 Ill,
1404 4587 1496 4641 2i.
1571 4588 1616 4619 "’
1634 4588 1820 4644 Matth.
1851 4608 1927 4659 ιι,
1958 4594 2042 4650 l9.

2147 4601 2164 4631 ⁵
2196 4598 2300 4652 lsa.
2337 4617 2460 4666 XLV,
2493 4600 2580 4654 l5.

492 4691 676 4819 αξξ)
714 4693 1032 4763 ’Λπείργων
1067 4693 1130 4748 τό
1181 4695 1504 4764 κακὸν-,τοῦ
1529 4698 1770 4766 ἀγαθοῦ.
1813 4701 2044 4759 Desunt.

565 4804 676 4915 δεῖ)
709 4833 826 4915 Τὴν
845 4832 1044 4915 Ferte.
1062 4835 1171 4915 Ἑν..
1192 4837 1256 4905 τῇ
1272 4835 1597 4915 ,εὐφροςύνη
1620 4840 1666 4915 ἡ-
1696 4817 1872 4915 ileon.
1891 4843 1947 4894 έν

492 4903 766 5028 Ibatur]?
792 4903 1003 4968 πένθος,
1028 4907 1086 4956 ὲν
1104 4903 1182 4973 τῷ
1221 4903 1382 4975 γάμῳ
1400 4903 1436 4964 ἦ
1465 4903 1708 4976 ἀκρασία
1729 4951 1744 4975 ,
1773 4903 1897 4965 add.
1925 4903 2047 4967 cod'.

565 5013 816 5117 illa“
840 5043 905 5117 ζ’ξὲ
935 5042 1060 5110 φῶς
1081 5045 1146 5117 ﬂ}
1174 5047 1412 5110 σκότος.
1439 5045 1653 5101 Omissa
1682 5059 1827 5104 sunt.
1864 5049 1942 5105 lo.

559 5110 1084 5192 (81))1(οβάζ’ςνιίιιΣ
1123 5116 1244 5192 ’Ότι
1287 5117 1380 5169 καὶ
1410 5117 1711 5192 πράσσουσι
1745 5121 1805 5192 τὸ
1842 5122 2011 5192 κακὸν
2033 5161 2048 5186 ,

495 5184 589 5305 iul
611 5182 980 5236 συνευδοκοῦσι
1002 5187 1113 5247 τοῖς
1143 5182 1468 5256 πράσσουσι,
1505 5187 1628 5242 add.
1675 5189 1846 5244 codex
1874 5182 2050 5246 Oxon.

522 5269 573 5305 ι).

559 5292 675 5390 (90)
702 5321 1010 5404 Μισήσμτε
1032 5323 1104 5404 τέι
1136 5325 1284 5404 κατὰ
1316 5325 1423 5404 τὸν
1463 5325 1792 5395 ἄνθρωπον.
1837 5331 2054 5401 Μιμού-

500 5407 668 5464 μενοι,
694 5391 833 5464 κατὰ
857 5392 962 5464 τῶν
986 5393 1305 5464 ἀνθρώπων.
1335 5395 1409 5448 In.

497 5460 552 5585 in
567 5462 679 5530 (91)
709 5460 776 5514 Τὸ
819 5463 1033 5526 κακὸν,
1079 5460 1160 5529 ὦς
1192 5467 1398 5518 καλόν.
1431 5466 1520 5536 Τῷ
1558 5469 1732 5539 κακῷ,
1773 5471 1847 5533 ὡς
1882 5470 2050 5542 καλῷ.

559 5569 680 5692 ζξξὲξ
715 5601 1612 5692 assuescanaeeeezzm-
1641 5608 1718 5692 ιι»,-

570 5671 680 5738 (95)
715 5673 880 5736 "Huc
912 5671 1175 5742 ἠγνόησε
1195 5671 1334 5741 τοὺς
1348 5671 1656 5747 ’άησέλους
1683 5684 1922 5747 Κυρίου,
1963 5682 2060 5738 καί

2151 4709 2420 4764 ἀπώλετο
2457 4710 2568 4774 ἕως
2595 4710 2828 4776 αἰῶνος.
2870 4710 3094 4766 Desunt.
3126 4711 3200 4766 lo.

2225 4780 2336 4853 (94)
2399 4779 2889 4853 ’Epnpulthﬁaerat:
2942 4784 3049 4835 Καὶ
3091 4781 3159 4834 τὰ
3193 4783 3322 4849 ἆγια
3369 4783 3520 4853 ὑμῶν
3563 4801 3720 4836 κατα-

2153 4847 2510 4919 φθαρήσεται,
2541 4850 2664 4903 add.
2697 4852 2818 4904 cod.
2852 4849 3030 4906 Oxon.
3081 4854 3158 4906 lu.

2227 4917 2340 4984 (95')
2372 4918 2476 4971 Per
2498 4935 2708 4990 nquam.
2739 4919 2866 4974 Duae
2909 4922 3026 4976 istae
3053 4937 3212 4976 voces
3237 4923 3291 4976 in
3315 4925 3506 4978 codice
3532 4923 3620 4987 75,
3655 4927 3718 4978 fi-

2151 5003 2278 5041 nem
2305 4989 2660 5058 praeeedcntis
2688 4991 2892 5058 periodi
2938 4990 3173 5055 faciunt,
3218 5008 3324 5046 non
3351 5009 3482 5048 vero
3520 5010 3717 5050 novam

2154 5057 2435 5122 inchoant,
2469 5067 2527 5111 ut
2553 5059 2604 5112 in
2633 5057 2821 5113 Grmco
2847 5061 3053 5114 codice.
3084 5061 3158 5115 In.

2229 5128 2512 5200 (ἓῷθεὸς
2532 5130 2619 5193 εἰς
2655 5127 2840 5196 ἄνδρα
2870 5132 3350 5200 ὑποκρινόμενος.
3387 5133 3612 5189 Desunt.
3640 5135 3719 5189 In.

2152 5226 2224 5273 :—
2249 5195 2792 5273 Warthonus_ta_me_n
2819 5200 2870 5250 iu
2894 5195 3114 5273 Auctar.
3150 5195 3365 5255 Ἠίςιότ.
3401 5203 3639 5273 dogmat.
3664 5206 3713 5261 J.

2155 5265 2387 5342 ysserii,
2433 5284 2555 5337 pag.
2587 5268 2712 5342 522,
2759 5268 3060 5342 ha:c_verha
3089 5269 3214 5338 legit
3243 5274 3296 5325 in
3335 5287 3439 5342 ms_.
3474 5265 3716 5342 archiep.

2156 5336 2625 5405 Cantuar.’ea’que
2671 5339 2751 5391 sic
2781 5338 2971 5391 recitat
2996 5355 3010 5391 :
3033 5344 3108 5397 Δι’
3145 5336 3338 5403 ὓδατος
3377 5337 3530 5404 ὦτος
3557 5336 3721 5396 σώσει

2155 5407 2246 5459 τὸν
2291 5407 2506 5481 Ἰσραὴλ
2529 5407 2623 5481 καὶ
2648 5407 2822 5481 πάντα
2851 5407 2922 5481 τᾲ
2947 5407 3095 5479 ἔθνη,
3135 5410 3265 5473 θεὸς
3289 5413 3367 5474 είς
3387 5411 3558 5481 ἄνδρα
3594 5414 3724 5466 ὑπο-

2157 5475 2494 5550 κρινόμενος.
2526 5475 2908 5550 HincRohe‘rti
2953 5475 3132 5532 versio
3165 5475 3543 5544 confirmatur,
3573 5483 3719 5550 apud

2158 5545 2327 5612 quem
2348 5547 2560 5618 duabus
2585 5545 2706 5599 istis
2731 5545 2977 5618 vocibus,
3005 5565 3096 5616 per
3117 5565 3308 5618 aquam
3328 5591 3342 5612 ,
3373 5565 3509 5604 nova
3538 5545 3724 5618 perio-

2158 5618 2262 5671 dus
2287 5617 2593 5692 inchoatur,
2623 5623 2683 5668 ut
2721 5616 2884 5672 modo
2933 5616 3190 5692 monebat
3229 5619 3484 5692 Oramus.
3529 5616 3720 5692 Nequa

2159 5686 2591 5753 praetereundum
2641 5701 2838 5741 censeo
2861 5727 2876 5751 ,
2929 5688 3074 5757 quod
3107 5689 3250 5757 apud
3281 5689 3591 5746 Simonium
3616 5686 3720 5751 ac.
