3958 6132
320 279 464 348 “25’
1511 281 2028 338 TES'I‘AMENTUM
2065 281 2347 337 .IOSEPH.
3425 290 3568 344 “ac.

313 406 425 460 τῶν
447 404 692 478 οὐρανῶν
715 443 729 467 ,
757 405 839 456 ὅτι
873 401 1219 465 ἀπειθοῦντες
1251 400 1539 472 ἐπιϐήσετε
1572 399 1681 470 (97)
1719 397 1865 468 αὑτῷ

1996 399 2083 467 pie
2114 398 2286 469 agetis
2305 399 2360 452 in
2379 412 2526 463 eum,
2546 412 2657 452 non
2673 397 3017 454 attendentes
3031 397 3136 468 legi
3156 397 3274 458 Dei,
3293 401 3384 456 sed
3406 419 3564 458 man,-

315 499 409 553 καὶ
447 497 767 560 ἀσεϐοῦντες
798 495 1090 566 ἀσεϐήσετε
1117 495 1195 556 εἰς
1218 493 1399 556 αὑτὸν,
1433 494 1507 564 μὴ
1534 495 1865 564 προσέχοντες

1991 490 2138 544 datis
2162 491 2469 546 hominum.
2515 487 2744 561 Propter
2770 492 2876 546 hoc
2910 490 3320 560 dispergemini,
3347 504 3406 547 ut
3447 496 3565 552 Gad

311 594 392 664 τῷ
415 592 563 662 νόμῳ
581 589 674 643 τοῦ
690 589 846 650 Θεοῦ,
873 587 986 641 ἀλλ’
1003 586 1243 649 ἐντολαῖς
1265 583 1581 656 ἀνθρώπιον.
1601 585 1698 639 Διά
1730 586 1865 640 τοῦτ‹

1989 590 2042 635 et
2067 580 2204 647 Dan,
2233 581 2430 639 fratres
2446 582 2575 647 mei,
2594 582 2687 652 qui
2718 583 2967 653 regiones
2989 597 3179 638 eorum
3209 583 3567 652 ignorabunt,

312 680 892 753 διασκορπισθήσεσθε,
927 679 1002 743 ὼς
1026 678 1132 732 Γάδ
1157 679 1251 730 καὶ
1273 677 1400 740 Δάν,
1425 679 1473 730 οἱ
1508 677 1725 746 ἀδελφοί
1758 696 1882 748 μου,

313 777 366 828 οἳ
401 773 585 845 χώρας
607 771 784 826 αὐτῶν
817 772 1165 842 ἀγνοήσουσι,
1201 771 1295 824 καὶ
1318 770 1487 842 φυλὴν
1509 771 1602 824 καὶ
1638 769 1886 838 γλῶσσαν

311 867 511 919 αὐτῶν.
550 864 686 916 Ἀλλ’
702 862 1014 926 ἐπισυνάξει
1038 861 1181 931 ὑμᾶς
1201 860 1404 930 Κύριος
1424 863 1480 914 ἐν
1504 858 1684 912 πίστει
1709 860 1774 914 δι’
1801 861 1888 913 ἐλ-

311 957 441 1010 πίδα
475 955 872 1026 εὐσπλαγχνίας
897 953 1083 1017 αὑτοῦ,
1110 953 1202 1007 διά
1247 953 1516 1024 Ἀϐραὰμ,
1544 954 1638 1005 καὶ
1677 951 1881 1016 Ἰσαὰκ,

313 1051 408 1101 καὶ
447 1047 655 1101 Ἰακώϐ.
696 1067 714 1098 ι
811 1091 821 1100 .

386 1141 464 1192 II’.
501 1141 612 1193 Καὶ
638 1139 805 1193 είταῦν
853 1139 1036 1201 αὐτοῖς
1080 1137 1285 1199 ταῦτα,
1321 1135 1622 1188 ἐνετείλατο
1676 1136 1876 1199 αὐτοῖς,

312 1233 500 1300 λέγων·
548 1251 566 1283 ‹
601 1231 818 1301 Θάψατέ
865 1249 930 1302 με
972 1233 1051 1294 είς
1095 1227 1357 1299 Χεϐρών·
1404 1247 1421 1278 ι
1456 1229 1549 1281 καὶ
1590 1227 1879 1288 ἀπέθανεν,

312 1325 462 1395 ὕπνῳ
485 1323 634 1393 καλῷ
656 1322 958 1394 κοιμηθείς.
994 1322 1104 1375 Καὶ
1154 1319 1292 1391 μετά
1325 1318 1497 1372 ταῦτα
1537 1319 1800 1389 ἐποίησαν
1831 1319 1878 1369 οἱ

312 1418 416 1470 υἱοὶ
438 1417 622 1478 αὑτοῦ,
659 1417 734 1479 ὼς
785 1414 1082 1466 ἐνετείλατο
1140 1413 1353 1477 αὐτοῖς,
1384 1412 1477 1464 καὶ
1515 1409 1880 1478 ἀναγαγόντες

309 1509 489 1574 αὑτὸν,
515 1505 718 1575 ἔθαψαν
747 1504 881 1576 μετὰ
903 1503 1011 1556 τῶν
1034 1503 1284 1573 πατέρων
1306 1501 1489 1554 αὐτοῦ.

844 1634 1236 1689 ΚΕΦΑΛΑΙΟΝ
1271 1634 1373 1686 ῐΑ’.

515 1728 770 1796 Διαθήκη
815 1727 1056 1796 Ἰωσὴφ,
1107 1725 1241 1793 περὶ
1279 1725 1692 1793 σωφροσύνης.

373 1825 452 1877 A’.
501 1821 854 1892 Ἀντίγραφον
893 1819 1154 1890 διαθήκης
1193 1818 1408 1887 Ἰωσήφ.
1445 1815 1531 1867 Ἐν
1557 1814 1634 1885 τῷ
1665 1815 1874 1887 μέλλειν

303 1919 465 1972 αὐτὸν
511 1916 872 1987 ἀποθνήσκειν
899 1955 913 1979 ,
966 1913 1198 1977 καλέσας
1267 1914 1393 1976 τοὺς
1445 1911 1610 1982 [υἱοὺς
1671 1911 1872 1977 αὐτοῦ,

303 2010 397 2064 καὶ
427 2011 552 2073 τοὺς
577 2008 835 2077 ἀδελφοὺς
868 2004 1054 2071 αὑτοῦ,
1092 2001 1243 2058 εἶπεν
1267 2005 1446 2068 αὐτοῖς
1468 2021 1481 2033 ·
1519 2023 1537 2054 ι
1569 2003 1745 2057 Τέκνα
1772 1997 1871 2074 μου

301 2101 396 2154 καὶ
418 2099 654 2169 ἀδελφοὶ,
690 2097 956 2152 ἀκούσατε
1006 2096 1224 2167 Ἰωσὴφ,
1257 2094 1350 2147 τοῦ
1383 2094 1742 2164 ἡγαπημένου
1769 2093 1874 2145 ὑπὸ

314 2189 557 2262 Ἰσραήλ·
588 2187 932 2254 ἐνωτίσασθε,
962 2187 1089 2251 υἱοὶ,
1127 2186 1334 2257 πατρὸς
1363 2184 1538 2255 ὑμῶν.
1570 2183 1710 2252 Ἐγὼ
1735 2180 1871 2237 εἶδον

301 2284 358 2336 ἐν
383 2285 446 2354 τῇ
486 2281 597 2353 ζωῇ
627 2299 726 2352 μου
749 2280 840 2333 τὸν
878 2278 1068 2349 φθόνον
1115 2276 1321 2332 καὶτὸν
1365 2277 1590 2330 θάνατον
1612 2316 1626 2342 ,
1657 2277 1752 2329 καὶ
1771 2276 1870 2328 οὐκ

299 2373 604 2446 ἐπλανήθην
625 2375 680 2426 ἐν
699 2375 765 2444 τῇ
785 2371 1008 2443 ἀληθείᾳ.
1031 2371 1258 2442 Κυρίου.
1282 2371 1342 2424 Oi
1367 2368 1582 2439 ἀδελφοί
1609 2386 1714 2439 μου
1726 2360 1869 2421 οὗτοι

299 2467 566 2539 ἐμίσησαν
597 2482 684 2536 με,
713 2464 806 2518 καὶ
832 2466 860 2518 6
895 2462 1096 2534 Κύριος
1139 2460 1394 2531 ἠγάπησέ
1421 2476 1520 2532 με·
1563 2460 1715 2514 αὐτοὶ
1736 2449 1868 2522 ἤθε-

297 2559 387 2613 λόν
417 2577 484 2630 με
510 2557 737 2621 ἀνελεῖν,
763 2557 856 2610 καί¹
890 2557 919 2608 ὁ
946 2555 1076 2619 Θεὸς
1101 2553 1209 2608 τῶν
1240 2553 1487 2625 πατέρων
1527 2569 1626 2624 μου
1668 2551 1867 2622 ἐφύλα-

298 2651 357 2717 ξέ
387 2668 471 2721 με.
501 2651 594 2714 Εἰς
631 2649 830 2702 λάκκον
877 2665 942 2718 με
966 2645 1256 2717 ἐχάλασαν,
1284 2647 1377 2699 καὶ
1400 2647 1428 2696 6
1454 2643 1715 2713 ’Υψιστος
1740 2645 1868 2715 ἀνή-

295 2742 438 2810 γαγέ
480 2759 566 2812 με.
605 2740 879 2812 Ἐπράθην
917 2740 996 2801 είς
1020 2737 1224 2801 δοῦλον,
1251 2737 1344 2789 καὶ
1366 2737 1393 2788 6
1420 2734 1623 2808 Κύριος
1645 2734 1868 2805 ἠλευθέ-

300 2835 443 2906 ρωσέ
491 2851 577 2904 με.
626 2834 720 2897 Είς
762 2829 1133 2903 αἰχμαλωσίαν
1158 2827 1393 2899 ἐλήφθην
1413 2868 1426 2892 ,
1451 2828 1544 2880 καὶ
1574 2828 1607 2898 ἡ
1631 2826 1868 2897 κραταιά

298 2929 418 2998 χεὶρ
445 2925 608 2979 αὑτοῦ
653 2924 919 2997 ἐϐοήθησέ
951 2941 1059 2994 μοι.
1102 2923 1190 2975 Ἐν
1217 2919 1362 2992 λιμῷ
1388 2920 1734 2992 συνεσχέθην,
1771 2921 1867 2973 καὶ

296 3021 460 3084 αὐτὸς
484 3023 511 3074 6
531 3019 734 3092 Κύριος
755 3017 1004 3090 διέθρεψέ
1045 3033 1131 3087 με.
1158 3015 1334 3077 Μόνος
1364 3014 1534 3085 ἥμην,
1563 3014 1658 3065 καὶ
1681 3014 1708 3064 6
1733 3012 1866 3077 Θεὸς

295 3109 637 3182 παρεκάλεσέ
669 3126 754 3180 με.

293 3200 633 3271 ἐπεσκέψατό
661 3217 748 3270 με.
785 3196 875 3251 Ἐν
900 3194 1110 3266 φυλακῇ
1139 3194 1309 3264 ήμην,
1335 3193 1428 3246 κα)¹
1463 3193 1490 3244 6
1515 3191 1706 3262 Σωτὴρ
1741 3194 1866 3262 ἐχα-

296 3294 491 3368 ρίτωσέ
521 3310 587 3365 με
617 3289 726 3363 (98)
751 3306 764 3319 °
804 3290 861 3341 ἐν
893 3288 1133 3358 δεσμοῖς,
1165 3286 1260 3337 καὶ
1293 3283 1450 3335 έλυσέ
1489 3299 1577 3352 με·
1607 3282 1666 3333 ἐν
1688 3281 1865 3335 διαϐο-

291 3387 432 3451 λαῖς,
462 3387 557 3440 καὶ⁸
594 3380 930 3454 συνηγόρησέ
961 3395 1083 3449 μοι·
1130 3379 1187 3430 ἐν
1212 3376 1392 3444 λόγοις
1427 3374 1737 3442 Αἰγυπτίων
1783 3393 1866 3426 πιτ

291 3482 467 3552 κροῖς,
496 3479 590 3530 καὶ
626 3473 893 3547 ἐρῤύσατό
937 3489 1003 3543 με
1026 3487 1038 3500 ’
1064 3472 1122 3523 ὲν
1167 3469 1379 3538 φθόνοις
1421 3467 1516 3520 σὺν
1550 3465 1741 3530 δόλοις,
1770 3467 1864 3518 καὶ

291 3570 478 3643 ὕψωσέ
504 3587 572 3641 με
602 3567 700 3640 (1).

361 3664 438 3716 B'.
473 3681 491 3712 ι
524 3661 635 3714 Καὶ
670 3656 841 3721 οὓτως
883 3654 1142 3726 Φωτιμάρ
1181 3653 1280 3724 (2),
1302 3653 1330 3704 6
1368 3651 1761 3722 ἀρχιμάγειρος
1786 3649 1860 3722 (5)

289 3752 515 3827 Φαραὼ,
541 3749 828 3804 ἐπίστευσέ
860 3764 946 3818 μοι
972 3745 1062 3799 τὸν
1077 3739 1223 3796 οἷκον
1246 3741 1430 3796 αὑτοῦ.
1459 3743 1570 3794 Καὶ
1591 3741 1864 3811 ἠγωνισά-

294 3864 403 3916 μην
429 3844 563 3916 πρὸς
592 3843 824 3911 γυναῖκα
867 3837 1058 3908 ἀναιδῆ
1085 3834 1380 3907 ἐπειγούσῃ
1408 3831 1483 3904 (4)
1526 3849 1592 3904 με
1620 3849 1862 3904 παρανο-

293 3943 418 4012 μεῖν
440 3937 558 4010 μετ’
584 3935 773 4005 αὐτῆς.
815 3931 954 3986 Ἀλλ’
976 3933 1005 3985 ὁ
1026 3930 1158 3993 Θεὸς
1197 3927 1414 4000 Ἰσραὴλ
1438 3924 1628 3997 (5)τοῦ
1657 3925 1863 3997 πατρός

293 4049 394 4104 μου
419 4028 648 4100 ἐφύλαξέ
677 4044 742 4098 με
779 4027 842 4078 ἐκ
865 4022 1060 4094 φλογὸς
1085 4021 1401 4092 καιομένης.
1442 4017 1858 4090 Ἐιρυλακίσθην,

289 4121 637 4191 ἐτυπτίσθην,
685 4115 1091 4188 ἐμυκτηρίσθην
1118 4112 1191 4183 (6)
1213 4129 1226 4142 ·
1256 4112 1350 4166 καὶ
1374 4109 1540 4163 ἔδωκέ
1569 4128 1634 4180 με
1658 4111 1860 4181 Κύριος

289 4217 368 4278 εἰς
423 4211 736 4281 οἱκτιρμοῦς
774 4206 1000 4261 ἐνώπιον
1045 4204 1140 4258 τοῦ
1185 4201 1612 4273 δεσμοφύλακος.
1662 4201 1734 4252 Οὐ
1786 4202 1859 4273 μὴ

285 4305 396 4376 γὰρ
437 4301 814 4372 ἐγκαταλείψει
852 4298 1054 4371 Κύριος
1093 4296 1219 4358 τοὺς
1263 4291 1626 4362 φοϐουμένους
1659 4289 1856 4355 αὐτὸν,

1990 682 2045 728 et
2074 673 2274 727 tribum
2306 690 2360 728 e.
2405 675 2648 744 linguam
2675 690 2889 729 eorum.
2935 673 3038 728 Sed
3070 676 3423 746 congregahit
3464 693 3564 731 vos

1987 765 2131 822 Deus
2157 767 2210 820 in
2239 768 2344 821 ﬁde
2382 775 2602 836 propter
2627 782 2777 836 spem
2824 765 3216 822 misericordiae
3258 781 3392 832 sum,
3425 782 3555 836 pro-

1987 865 2110 926 pter
2137 857 2438 924 Abraham,
2456 855 2610 914 Isaac
2636 864 2690 912 et
2711 854 2907 912 Jacob.
2936 875 2955 908 ›

2058 1121 2191 1175 ῊΙΙ.
2235 1141 2252 1171 ‹
2282 1120 2348 1175 Ει
2389 1135 2514 1174 cum
2565 1121 2678 1176 haec
2726 1120 2806 1176 eis
2857 1120 3106 1186 dixisset,
3152 1120 3429 1175 mandavit
3449 1121 3552 1186 eis,

1983 1213 2171 1268 dicens
2201 1234 2213 1268 :
2252 1233 2270 1266 ι
2304 1213 2537 1284 Sepelite
2563 1231 2650 1269 me
2674 1212 2728 1270 in
2753 1213 2970 1270 Hebron
2997 1235 3010 1284 ;
3035 1235 3051 1267 ι
3086 1225 3141 1271 et
3167 1224 3418 1271 mortuus
3446 1225 3550 1278 est,

1984 1323 2176 1363 somno
2229 1307 2375 1362 bono
2421 1308 2722 1362 dormiens.
2757 1308 2822 1365 Et
2869 1319 2994 1379 post
3028 1309 3142 1364 haec
3181 1309 3428 1365 fecerunt
3454 1309 3550 1364 ﬁlii

1983 1399 2122 1467 ejus,
2153 1399 2294 1452 sicut
2319 1400 2676 1454 mandaverat
2697 1401 2806 1467 eis;
2840 1410 2892 1461 et
2930 1401 3253 1456 reducentes
3290 1417 3438 1466 eum,
3465 1417 3549 1456 se~

1980 1489 2251 1558 pelierunt
2277 1505 2399 1544 cum
2423 1491 2672 1559 patribus
2698 1493 2838 1562 ejus.

2583 1621 2815 1677 CAPUT
2857 1621 2950 1677 XI.

2230 1713 2624 1768 Testamentum
2661 1714 2892 1784 Ioseph,
2923 1713 2988 1767 de
3025 1715 3295 1768 castitate.

2048 1804 2089 1862 l.
2117 1804 2532 1875 Transcriptum
2559 1805 2870 1859 testamenti
2900 1803 3123 1874 Joseph.
3148 1805 3286 1859 Cum
3314 1805 3549 1860 moritu-

1975 1913 2070 1952 rus
2090 1932 2093 1934 -
2113 1905 2276 1960 esset,
2323 1910 2528 1950 vocans
2580 1895 2722 1951 ﬁlios
2746 1911 2878 1952 suos
2902 1905 2956 1950 et
2998 1896 3197 1951 fratres
3221 1911 3372 1962 suos,
3405 1897 3548 1952 dixit

1973 1987 2053 2041 eis
2081 2005 2094 2040 :
2127 2004 2146 2037 ι
2185 1985 2310 2040 Filii
2341 1985 2448 2039 mei
2475 1993 2530 2040 et
2572 1984 2789 2049 fratres,
2816 1985 3000 2040 audite
3023 1983 3246 2056 Ioseph,
3282 1986 3542 2042 dilectum

1975 2081 2044 2134 ab
2069 2080 2276 2145 Israel;
2310 2078 2538 2133 auribus
2563 2077 2846 2148 percipite,
2887 2076 3004 2142 ﬁlii,
3037 2088 3248 2147 patrem
3274 2087 3539 2135 vestrum.

1972 2165 2085 2238 Ego
2112 2167 2222 2221 vidi
2241 2166 2297 2220 in
2323 2166 2432 2220 vita
2462 2180 2584 2220 mea
2611 2164 2870 2220 invidiam
2892 2175 2946 2220 et
2970 2175 3219 2232 mortem,
3242 2176 3428 2227 etnon
3454 2185 3543 2223 er-

1970 2259 2087 2314 ravi
2132 2259 2186 2313 in
2230 2258 2458 2314 veritate
2501 2256 2738 2313 Domini.
2788 2257 3009 2312 Fratres
3037 2258 3143 2312 mei
3171 2259 3264 2315 isti
3306 2260 3540 2317 oderunt

1971 2367 2078 2418 me,
2107 2360 2163 2406 et
2188 2350 2457 2406 Dominus
2483 2349 2676 2405 dilexit
2701 2364 2789 2403 me
2814 2367 2827 2402 :
2853 2349 2944 2403 isti
2968 2349 3259 2404 voluerunt
3285 2353 3542 2408 occidere

1970 2459 2078 2508 me,
2107 2453 2166 2498 et
2199 2443 2344 2498 Deus
2369 2451 2588 2512 patrum
2627 2455 2880 2496 meorum
2906 2441 3205 2495 custodivit
3240 2457 3346 2498 me.
3375 2442 3432 2498 In
3459 2445 3542 2499 la-

1969 2553 2095 2592 cum
2123 2551 2210 2590 me
2232 2535 2586 2598 demiserunt,
2613 2541 2668 2588 et
2691 2531 3005 2587 Altissimus
3036 2532 3254 2587 reduxit
3274 2532 3541 2591 me.Veu-

1969 2630 2115 2684 ditus
2142 2643 2262 2682 sum
2293 2627 2349 2680 in
2377 2641 2620 2690 servum,
2645 2632 2700 2679 et
2723 2623 2992 2679 Dominus
3014 2624 3250 2680 liberum
3274 2642 3363 2681 me
3385 2627 3536 2683 lecit.

1966 2721 2025 2776 In
2040 2720 2404 2791 captivitatem
2428 2725 2743 2789 assumptus
2765 2732 2910 2785 sum,
2929 2727 2985 2772 et
3005 2717 3162 2774 fortis
3191 2734 3388 2775 manus
3417 2719 3538 2790 ejus

1968 2811 2177 2881 adjuvit
2205 2825 2312 2864 me.
2342 2808 2400 2864 ln
2438 2807 2585 2862 fame
2628 2808 2883 2863 detentus
2929 2823 3074 2872 sum,
3121 2817 3177 2863 et
3210 2809 3328 2879 ipse
3351 2809 3539 2865 Domi-

1968 2915 2072 2954 nus
2094 2899 2324 2954 nutrivit
2346 2913 2453 2954 me.
2480 2897 2644 2953 Solus
2669 2912 2840 2963 eram,
2866 2905 2920 2952 et
2944 2895 3090 2952 Deus
3111 2899 3426 2954 consolatus
3453 2913 3538 2957 est

1967 3007 2076 3048 me.
2102 2990 2162 3045 In
2194 2991 2512 3046 inﬁrmitate
2535 3005 2708 3056 eram,
2734 2998 2790 3044 et
2814 2989 3133 3046 Altissimus
3155 2991 3402 3047 visitavit
3426 3008 3533 3048 me.

939 3079 1194 3177 ἀσθενείᾳ
1238 3079 1522 3176 ἤμηνξκαὶ
1548 3106 1575 3157 6
1603 3103 1861 3172 ’Ύψιστος

1971 3080 2022 3136 ln
2051 3097 2272 3138 carcere
2297 3096 2470 3146 eram,
2497 3089 2553 3136 et
2581 3079 2834 3135 Salvator
2864 3080 3278 3152 laetiﬁcavitgme
3301 3083 3449 3155 (99);
3478 3085 3534 3140 in

1965 3173 2222 3238 vinculis,
2277 3180 2332 3226 et
2378 3172 2541 3226 solvit
2586 3187 2700 3238 me;
2731 3171 2788 3224 in
2834 3173 3304 3238 accusationibus,
3336 3185 3389 3228 et
3408 3189 3537 3244 pro-

1967 3263 2100 3316 texit
2147 3278 2234 3316 me
2282 3262 2472 3334 (l00);
2523 3261 2578 3314 in
2625 3261 2806 3316 verbis
2855 3259 3234 3332 Egyptiorum
3289 3266 3533 3334 amaris,

1964 3362 2020 3408 et
2065 3351 2318 3408 liberavit
2361 3366 2449 3406 me
2474 3369 2490 3419 ;
2520 3351 2576 3406 in
2602 3350 2806 3406 invidia
2835 3365 2960 3407 cum
3008 3353 3168 3420 dolis,
3195 3365 3250 3409 et
3277 3357 3536 3413 exaltavit

1965 3461 2070 3500 me.

2034 3623 2098 3678 ll.
2135 3643 2154 3676 ι
2189 3623 2256 3678 Et
2286 3624 2362 3679 ita
2411 3622 2714 3690 Photimar,
2765 3625 3021 3696 princeps
3051 3641 3356 3697 coquorum
3382 3627 3528 3684 Pha-

1963 3720 2171 3782 raonis,
2223 3719 2452 3774 credidit
2494 3719 2630 3773 mihi
2679 3719 2904 3774 domum
2957 3736 3132 3776 suam.
3180 3721 3248 3777 Et
3291 3724 3530 3780 luctatus

1963 3819 2300 3868 someontra
2346 3811 2629 3866 mulierem
2659 3810 3106 3878 inverecundam,
3138 3815 3524 3870 sollicitantem

1962 3923 2071 3973 me,
2122 3914 2181 3960 ut
2229 3906 2417 3976 iniqua
2468 3919 2684 3975 agerem
2711 3920 2835 3960 cum
2866 3906 3007 3975 ipsa.
3039 3905 3144 3962 Sed
3192 3907 3336 3964 Deus
3360 3908 3528 3965 Israel

1960 3997 2131 4068 patris
2156 3996 2262 4051 mei
2290 3995 2587 4051 custodivit
2611 4011 2697 4050 me
2722 4010 2753 4049 a
2781 3993 2999 4050 ﬂamma
3026 4006 3238 4052 urente.
3267 3997 3326 4052 In
3349 4013 3530 4054 carce-

1961 4105 2074 4146 rem
2088 4089 2392 4160 conjectus,
2413 4089 2733 4146 verberibus
2757 4104 2956 4153 caesus,
2975 4089 3349 4146 subsannatus
3365 4107 3486 4147 sum
3507 4110 3522 4158 ;

1961 4194 2014 4238 et
2039 4180 2168 4237 fecit
2217 4181 2504 4244 Dominus,
2535 4189 2596 4235 ut
2640 4181 3016 4237 misericordia
3040 4191 3352 4237 commotus
3379 4194 3526 4239 esset

1961 4291 2086 4347 erga
2115 4290 2202 4329 me
2222 4283 2410 4331 custos
2432 4273 2690 4330 carceris.
2721 4271 2840 4330 Non
2875 4275 3024 4329 enim
3048 4273 3390 4343 derelinquet
3414 4273 3524 4327 De—

287 4460 460 4515 currit
484 4457 741 4512 Biblioth.
769 4457 890 4510 crit.
923 4463 1054 4508 tom.
1079 4450 1142 4514 ll,
1171 4465 1223 4520 p.
1251 4448 1377 4520 252,
1405 4462 1510 4520 m_s.
1539 4445 1750 4520 scilicet
1766 4445 1852 4500 bi-

2031 4435 2454 4520 (git-(1101'?th
2490 4431 2776 4520 Φωτιιέςὶρ.
2823 4431 2878 4484 '0
2911 4431 3164 4520 εὐνοῦχος
3188 4429 3404 4520 ίξναρσιιῢ.
3443 4430 3519 4484 In.

287 4527 770 4596 hliothecwRegiaa,
797 4540 895 4594 pro
916 4524 1047 4596 Θεός
1071 4517 1439 4596 Ιιίοέιιιιὶδενς
1449 4517 1572 4596 ἕως,
1592 4517 1850 4596 mendose

288 4585 487 4672 procul
509 4585 970 4672 du_bio',_nul'loque
999 4585 1157 4672 plage
1186 4605 1373 4672 sensu;
1391 4586 1530 4672 Quid
1550 4585 1694 4672 enim
1717 4585 1846 4672 boni

285 4653 554 4726 extundes
577 4669 653 4723 fex
681 4653 795 4721 'hac
833 4653 1311 4736 Ιοὶιιίοῇθ-ἐως-εἱς
1344 4653 1509 4736 ἄνδρα
1562 4653 1849 4736 ὑποκρινόέ

335 4757 472 4803 ενος,
503 4739 546 4793 si
573 4752 692 4793 eam
721 4752 846 4791 cum
877 4725 1585 4803 praecedentibusconferas
1607 4725 1632 4778 ἲ
1657 4725 1849 4803 arguit

288 4793 489 4866 ibidem
519 4808 632 4876 ipse
658 4793 1220 4876 Simonius_tanquam
1254 4797 1436 4876 minus
1471 4805 1614 4876 recte
1643 4793 1849 4876 latine

287 4865 499 4935 reddita
523 4865 592 4930 ab
633 4877 892 4946 epise0po
938 4865 1328 4946 Lincolniensi,
1380 4882 1502 4936 quae
1549 4865 1734 4946 statim
1759 4880 1849 4946 se-

287 4957 531 5020 quuntur
560 4966 572 5000 :
602 4942 794 5020 Dicite,
823 4942 954 5020 ac”
977 4942 1098 5020 jure
1133 4946 1414 5020 ne_autem
1444 4977 1458 4999 ,
1487 4951 1584 5020 art”
1605 4942 1807 5004 injuria
1829 4973 1845 4999 ,

286 5005 414 5090 post
426 5005 873 5090 emendationem
899 5005 1122 5090 Grahiin
1134 5008 1368 5090 viderint
1392 5005 1609 5059 eruditi.
1644 5073 1656 5084 .

364 5087 477 5156 (97)
516 5085 882 5156 Ἐπιθήσετε.
943 5079 1313 5150 Ἀπειθήσετε,
1355 5090 1476 5146 quae
1499 5079 1735 5146 genuina
1761 5082 1846 5128 est

288 5154 472 5214 lectio.
517 5154 684 5211 GRAB.

363 5212 475 5297 (93)
515 5225 620 5297 Ἑν
636 5222 880 5297 φυλακῇ
903 5221 1082 5293 ἥμην,
1117 5217 1218 5273 καὶ
1241 5219 1274 5270 δ
1297 5213 1500 5283 Σωτὴρ
1522 5212 1848 5282 ἐχαρίτωσέ

277 5293 819 5438 με(93)ῃὶῖίὶἕὲιίιιίίέ
839 5277 954 5438 intra.
984 5357 1224 5438 Charum
1246 5370 1338 5438 me
1365 5352 1470 5407 sibi
1501 5347 1862 5438 habuithsive

286 5418 466 5507 gratia,
485 5451 585 5491 sua
606 5418 712 5507 me
744 5432 1078 5507 complexus
1106 5435 1208 5482 est.
1243 5424 1430 5495 Neque
1472 5421 1616 5476 enim
1649 5418 1860 5475 deriva-

286 5497 378 5565 tur
412 5526 438 5562 a
477 5506 641 5578 χαρά,
675 5506 765 5578 sed
793 5519 821 5557 a
844 5497 1021 5578 χᾶρές·
1061 5497 1137 5578 ΙΡ·
1518 5577 1525 5578 ,
1636 5575 1650 5578 -
1695 5560 1706 5578 ρ

359 5559 790 5649 (ΙὴθοΎΡνξιιὲσνὶι
811 5559 1004 5649 κη’ἱςίιᾶ
1026 5577 1130 5632 est,
1157 5581 1378 5649 causam
1409 5577 1595 5649 (meam
1628 5559 1862 5649 ergit.rlo.

295 5719 314 5773 ι
362 5630 1038 5721 ξί)”ἐῦνδιαὸολαῖς.....
1085 5630 1186 5692 καὶ
1235 5633 1446 5705 ὕψωσέ
1491 5650 1587 5704 με.
1643 5630 1862 5688 Desunt.

320 5735 370 5773 ο.

2028 4500 2105 4576 (5)
2148 4503 2604 4576 Ἀρχιέιιίγειρος.
2659 4500 2855 4556 Vocem
2909 4503 3048 4576 hanc
3073 4500 3282 4576 auctor
3319 4501 3514 4555 iterum

1955 4570 2163 4643 accepit
2183 4570 2409 4628 cit—LXX
2442 4573 2800 4641 lnterpretum
2818 4573 3067 4643 versione
3084 4570 3290 4643 Cenes;
3306 4586 3516 4643 xxxvii,

1953 4649 2042 4702 56.
2067 4638 2312 4700 Notanda
2340 4659 2468 4697 vero
2490 4638 2800 4698 observatio
2827 4640 3140 4711 Hieronymi
3168 4641 3220 4711 in
3249 4638 3518 4711 Traditio—

1952 4718 2103 4773 m'bus
2124 4714 2402 4770 Hebraicis
2419 4713 2486 4767 ad
2511 4714 2654 4766 hunc
2679 4713 2856 4766 locum
2888 4729 2902 4764 :
2932 4729 2950 4761 ι
2986 4709 3045 4765 hi
3069 4709 3340 4778 plerisque
3381 4710 3516 4766 locis

1950 4785 2364 4854 archimagiros,
2399 4783 2450 4837 id
2475 4791 2578 4854 est,
2604 4797 2902 4854 coquorum
2927 4779 3201 4850 principes
3220 4819 3234 4844 ,
3265 4794 3363 4848 pro
3400 4795 3518 4835 ma-

1951 4858 2134 4928 gistris
2177 4851 2447 4928 e'xercitus
2502 4851 2782 4928 Scriptura
2844 4857 3238 4928 commemorat
3248 4867 3292 4928 ἓν
3323 4866 3517 4928 μαγει-

1953 4918 2128 5000 ρεύειν
2151 4925 2348 5000 quippe
2368 4923 2552 5000 Graece
2563 4918 2949 5000 interpretatur
2974 4921 3226 5000 occidere.
3248 4918 3514 5000 Venditus

1953 4940 2128 5000 ρευειν
2151 4941 2242 4996 qm
2285 4940 2348 4993 pe
2368 4940 2552 4978 ιιι-ποθ
2563 4940 2949 4992 interpretatur
2974 4940 3226 4972 coemere.
3260 4940 3512 4975 venditus

1948 5007 2033 5052 est
2054 4940 2436 5067 igiturjfoseph
2472 4991 2701 5067 principi
2730 4991 3000 5067 exercitus
3016 4998 3081 5067 _et
3107 4989 3451 5067 bellatorum.
3494 5012 3512 5042 ι

1948 5058 2338 5122 Μίιιίνιηοίὶιηε
2366 5058 2549 5131 placet
2586 5058 2822 5132 Targum
2848 5059 3118 5114 Jonathan
3157 5069 3210 5113 et
3250 5058 3516 5114 Hieroso-

1949 5161 2264 5232 lymitanum
2285 5196 2300 5220 ,
2336 5169 2458 5225 quae
2489 5154 2652 5208 ambo
2689 5152 3068 5214 reddiderunt,
3095 5134 3414 5236 δι’-ποθρνεο
3447 5161 3519 5211 :1

1949 5251 2189 5319 Principi
2229 5246 2636 5319 speculatorum.
2691 5243 2822 5311 Qua:
2866 5259 2968 5298 vox
3017 5243 3256 5298 occurrit
3293 5255 3518 5314 quoque

1949 5322 2114 5376 Marc.
2136 5308 2222 5381 'vI,
2246 5308 2336 5372 97.
2367 5308 2448 5365 Ῐῐ).
2716 5308 2732 5311 ’
3308 5308 3328 5313 ⁷
3418 5308 3440 5314 ’

2020 5392 2097 5461 (4)
2142 5389 2514 5461 Ἐπειγοᾴοῇῃ.
2558 5386 2925 5461 ΔἘπειγούεςης
2945 5385 3107 5440 habet
3127 5384 3295 5439 codex
3323 5381 3502 5438 Oxon.

1950 5455 2292 5544 Sedumallem
2313 5455 2419 5544 l’e‘gi
2443 5455 2789 5544 ἐπείγουσαν.
2818 5455 2893 5511 In.

2021 5531 2096 5601 (5)
2139 5527 2401 5601 Ἰσραήλ,
2443 5527 2655 5582 Ἰακώϐ.
2685 5527 2766 5601 in.

2017 5598 2091 5671 (6)
2146 5599 2583 5671 Ἐτυπτίσθην,
2635 5598 3129 5671 -.ἐ-μυκτηρὶσθην.

1947 5666 2150 5732 oniiSso
2177 5667 2602 5743 ἐμυκτηρίσθην.
2633 5666 2708 5722 In.
2804 5672 2807 5676 ⁷

3217 5592 3508 5666 Ἐτύφθην,
