4076 6142
512 278 646 335 1127

1551 277 2010 334 ΤΕδΤΑΜΕΝΤΑ
2050 278 2141 333 XII
2177 276 2787 336 PATRIARCHARUM.

3618 271 3754 331 ηας

512 398 696 455 minus
724 400 976 454 timentes
1003 414 1151 466 eum,
1203 416 1311 455 non
1359 402 1413 454 in
1438 400 1699 465 tenebris,
1733 414 1835 455 nee
1885 401 1939 454 in
1967 400 2082 453 vin-

2196 398 2299 451 οὐκ
2346 399 2402 450 ἐν
2453 396 2654 462 σκότει,
2704 397 2737 471 ἦ
2781 356 3077 468 δεσμοῖςζῆ
3121 395 3399 466 θλίψεσιν,
3424 395 3459 467 ἢ
3484 397 3748 468 ἀνάγκαις

510 490 673 551 cotis,
703 505 801 543 nec
835 488 891 543 in
923 489 1398 555 tribulationibus,
1434 503 1535 544 nec
1564 490 1618 543 in
1644 489 2086 544 necessitatibus.

512 583 630 637 Non
681 584 827 638 enim
878 592 937 638 ut
984 586 1153 639 homo
1197 583 1555 639 confunditur
1597 585 1763 653 Deus,
1810 601 1911 640 nec
1934 595 1998 640 ut
2025 586 2089 639 ﬂ—

514 675 620 730 lius
660 675 901 729 hominis
948 674 1231 743 formidat,
1263 692 1442 746 neque
1472 686 1533 732 ut
1560 666 1813 732 terrenus
1839 677 2089 732 infirma-

516 775 625 832 tur,
653 764 738 821 vel
786 768 1073 837 repellitur
1099 786 1113 833 ;
1162 769 1217 822 in
1243 769 1503 825 omnibus
1531 784 1661 824 vero
1687 770 1828 825 locis
1851 786 2089 840 praesens

513 864 619 921 est,
646 864 700 910 et
735 856 790 911 in
831 859 1013 915 modis
1055 856 1442 915 diﬁerentibus
1488 862 1824 928 consolatur,
1854 863 1909 917 in
1936 863 2087 918 brevi

514 947 775 1002 recedens
799 948 864 1002 ad
885 949 1228 1017 probandum
1256 952 1454 1005 anima:
1474 951 1787 1006 consilium.
1814 952 1873 1007 ln
1900 954 2088 1008 decem

515 1037 904 1092 tentationibus
931 1039 1221 1108 probatum
1255 1057 1342 1096 me
1368 1045 1720 1111 monstravit,
1748 1053 1804 1099 et
1828 1045 1881 1100 in
1908 1046 2089 1101 omni-

512 1128 617 1182 bus
646 1130 730 1183 his
756 1129 1092 1200 longanimis
1118 1130 1197 1185 l'ui
1223 1151 1237 1197 ;
1268 1134 1526 1204 quoniam
1568 1152 1769 1207 magna
1814 1139 2087 1194 medicina

508 1230 592 1275 est
616 1220 1023 1290 longanimitas,
1052 1232 1107 1277 et
1131 1225 1303 1279 multa
1331 1226 1474 1280 bona
1503 1227 1597 1282 dat
1621 1230 1965 1284 sustinentia.

593 1309 680 1362 Ill.
728 1329 746 1361 ι
780 1310 1007 1377 Quoties
1030 1313 1286 1386 Egyptia
1311 1316 1521 1372 minata
1539 1327 1625 1373 est
1669 1319 1803 1374 mihi
1832 1321 2088 1376 mortem?

510 1404 726 1471 quoties
774 1405 951 1473 pomis
1007 1407 1227 1462 tradens
1273 1410 1552 1465 revocavit
1610 1426 1699 1465 me
1745 1413 1981 1481 mulier,
2031 1422 2086 1468 et

510 1494 720 1549 minata
747 1506 832 1551 est
877 1497 1034 1565 mihi,
1063 1513 1189 1553 cum
1234 1515 1543 1556 recusarem
1590 1508 1702 1558 rem
1731 1504 1933 1560 habere
1958 1521 2081 1561 cum

508 1585 862 1642 ea?Dieebat
908 1597 1090 1644 autem
1145 1591 1324 1647 mihi:
1384 1611 1403 1645 ι
1438 1593 1821 1652 Dominaberis
1869 1599 2085 1654 mibiet

507 1680 767 1737 omnibus
792 1697 914 1751 quae
961 1698 1083 1738 mea
1107 1694 1258 1750 sunt,
1288 1686 1338 1741 si
1375 1687 1673 1744 tradideris
1711 1691 1946 1761 teipsum
1975 1693 2082 1748 mi-

2191 491 2266 543 Ού
2288 488 2399 560 γάρ
2432 488 2509 552 ὡς
2544 488 2831 560 ἄνθρωπος
2866 487 3251 559 ἐπαισχύνεται
3287 489 3318 540 ό
3352 488 3509 552 Θεὸς,
3534 486 3657 542 οὔτε
3696 490 3767 557 ὡς

2190 580 2474 653 ἄνθρωπος
2522 580 2597 651 (⁸1)
2640 579 2843 651 δειλιᾷ,
2902 580 3025 634 οὔτε
3066 581 3143 643 ὠς
3189 580 3429 652 γηγενὴς
3473 580 3707 645 ἀσθενεῖ,
3733 582 3767 652 ἢ

2190 673 2487 727 ἀπωθεῖται
2513 690 2527 704 ⁸
2556 674 2613 727 ἐν
2642 675 2775 727 πᾶσι
2799 673 2857 725 δὲ
2880 671 3066 736 τόποις
3092 672 3166 745 (8)
3192 673 3547 743 παρίσταται,
3586 674 3681 726 καὶ
3713 674 3768 726 ἐν

2187 769 2465 841 δικρόφοις
2492 769 2715 841 τρόποις
2740 768 2814 839 (9)
2850 768 3185 840 παρακαλεῖ,
3239 770 3297 820 ἐν
3322 768 3514 839 βραχεῖ
3551 767 3771 837 ὰφιστά-

2191 878 2351 933 μενος
2388 864 2467 926 εἰς
2495 860 2557 914 τὸ
2587 861 2876 931 δοκιμάσαι
2920 861 3021 930 τῆς
3042 859 3220 931 ψυχῆς
3242 859 3304 913 τὸ
3324 858 3648 913 διαδούλιον.
3686 858 3770 912 Ἐν

2185 955 2317 1009 δέκα
2341 957 2668 1026 πειρασμοῖς
2691 953 2912 1025 δόκιμόν
2937 970 3004 1024 με
3026 951 3286 1018 ἀνέδειξε,
3311 951 3406 1005 καὶ
3425 952 3485 1004 ἐν
3496 952 3665 1004 πᾶσιν
3683 950 3770 1005 αύ-

2185 1050 2299 1110 τοῖς
2354 1045 2825 1118 ἐμακροθύμησα·
2867 1045 2949 1100 ὅτι
3004 1043 3147 1115 μέγα
3210 1041 3500 1114 φάρμακόν
3540 1044 3687 1096 ἐστιν
3732 1043 3767 1113 ἡ

2189 1137 2557 1210 μακροθυμία,
2584 1139 2678 1193 καὶ
2704 1136 2876 1191 πολλά
2895 1136 3076 1206 ἀγαθά
3100 1135 3314 1189 δίδωσιν
3335 1137 3369 1207 ή
3394 1135 3662 1205 ύπομονή.

2257 1321 2332 1374 Γ¹.
2379 1339 2397 1372 ι
2428 1321 2667 1385 Ποσάκις
2708 1323 2741 1393 ὴ
2789 1320 3065 1389 Αἰγυπτία
3088 1318 3349 1391 ἠπείλησε
3376 1336 3467 1389 μοι
3505 1319 3762 1382 θάνατον,

2187 1410 2421 1474 ποσάκις
2459 1411 2756 1482 τιμωρίαις
2786 1409 3105 1481 παραδοῦσα
3131 1409 3243 1481 (10)
3283 1408 3646 1463 ἁνεκαλέσατό
3673 1422 3760 1479 με,

2184 1502 2276 1555 καὶ
2296 1500 2562 1574 ἠπείλησε
2590 1519 2679 1574 μοι
2708 1501 2781 1577 μῂ
2806 1501 3010 1555 θέλοντι
3038 1499 3311 1554 συνελθεῖν
3334 1501 3470 1572 αὐτῇ
3496 1500 3607 1573 (11)
3632 1517 3647 1567 ;
3676 1502 3762 1554 Ἐ-

2182 1593 2307 1662 λεγε
2332 1593 2391 1647 δέ
2416 1610 2539 1664 μοι·
2576 1612 2595 1645 ι
2623 1594 2948 1665 Κυριεύσεις
2968 1610 3069 1665 μου
3096 1595 3192 1648 καὶ
3218 1595 3434 1648 πάντων
3458 1592 3568 1647 τῶν
3588 1593 3754 1664 ἐμῶν,

2182 1685 2277 1738 ἐὰν
2301 1683 2499 1755 ἐπιδῷς
2540 1684 2761 1738 σεαυτὸν
2786 1687 2867 1748 εἰς
2892 1685 3013 1755 ἐμὲ,
3044 1685 3139 1738 καὶ
3176 1684 3275 1757 ἔσῃ
3299 1685 3375 1747 ὡς
3399 1683 3669 1755 δεσπότης
3692 1685 3755 1755 η-

508 1769 586 1835 hi,
611 1780 667 1826 et
707 1774 818 1829 eris
846 1774 990 1829 sicut
1032 1776 1345 1833 dominator
1388 1781 1584 1835 nostri.
1618 1798 1637 1833 ι
1668 1780 1784 1852 Ego
1810 1783 1973 1854 igitur
1996 1800 2081 1841 re-

2184 1775 2319 1846 μῶν.
2334 1796 2358 1829 ι
2374 1773 2515 1844 Ἐγὼ
2541 1771 2634 1829 οὖν
2662 1774 3076 1846 ἐμιμνησκόμην
3095 1774 3267 1845 λόγων
3290 1773 3541 1844 πατέρων
3558 1773 3757 1846 πατρός

506 1863 771 1921 cordatus
804 1881 927 1920 sum
955 1882 1279 1923 sermonum
1311 1879 1525 1940 patrum
1550 1873 1722 1942 patris
1748 1875 1855 1929 mei
1880 1874 2081 1945 Jacob,

505 1962 561 2007 et
607 1954 920 2025 ingrediens
962 1958 1019 2012 in
1070 1958 1253 2016 cubile
1280 1962 1503 2017 adoravi
1530 1962 1847 2033 Dominum,
1899 1976 1956 2023 et
2000 1969 2084 2040 je—

501 2048 693 2116 junavi
719 2059 927 2118 septem
952 2051 1115 2107 anuis
1137 2051 1266 2119 illis,
1299 2063 1355 2108 et
1381 2057 1611 2125 apparui
1641 2056 1898 2130 Egyptio
1923 2064 2081 2130 quasi

507 2141 562 2194 in
610 2140 823 2197 deliciis
870 2141 1098 2210 vivens;
1150 2142 1412 2213 quoniam
1460 2155 1684 2216 propter
1730 2147 1895 2204 Deum
1934 2151 2083 2221 jeju«

504 2244 696 2291 nantes
742 2225 899 2292 faciei
941 2238 1169 2307 gratiam
1217 2239 1513 2310 accipiunt.
1562 2238 1814 2313 Cumque
1837 2246 2077 2302 dabatur

505 2328 639 2382 mihi
687 2329 900 2394 vinum,
950 2343 1062 2383 non
1111 2330 1398 2398 bibebam;
1447 2340 1503 2387 et
1548 2333 1604 2387 in
1650 2335 1912 2391 triduano
1934 2337 2082 2409 jeju-

505 2418 601 2472 nio
650 2418 835 2489 accepi
885 2434 1062 2474 meam
1091 2421 1308 2477 dianam
1331 2463 1347 2488 ,
1377 2429 1435 2476 et
1458 2422 1625 2477 tribui
1650 2440 1771 2479 eam
1798 2429 2082 2497 egentibus

501 2518 559 2564 et
580 2508 833 2566 inﬁrmis.
865 2510 932 2565 Et
957 2526 1119 2567 mane
1143 2513 1396 2583 evigilavi
1426 2516 1494 2569 ad
1524 2510 1845 2585 Dominum,
1875 2528 1930 2574 et
1956 2519 2077 2574 ﬂevi

503 2614 603 2670 pro
639 2599 990 2671 Memphitica
1038 2601 1316 2674 Egyptia,
1362 2606 1625 2675 quoniam
1672 2607 1832 2663 valde
1875 2610 2080 2665 indesi-

503 2701 696 2748 nenter
727 2694 958 2748 molesta
978 2704 1098 2748 erat
1123 2696 1258 2749 mihi
1284 2714 1299 2757 ;
1324 2705 1381 2750 et
1402 2706 1572 2753 noctu
1609 2698 1836 2754 intravit
1871 2700 1939 2755 ad
1966 2716 2075 2764 me,

502 2783 664 2853 quasi
708 2798 833 2853 quae
884 2800 968 2838 me
1007 2785 1247 2841 invisere
1297 2789 1492 2858 vellet;
1518 2798 1575 2845 et
1616 2792 1799 2862 primo
1821 2792 2075 2863 quidem,

500 2874 765 2943 quoniam
800 2875 946 2931 ﬁlius
970 2878 1247 2934 masculus
1289 2895 1402 2935 non
1443 2891 1563 2937 erat
1606 2883 1679 2951 ei,
1707 2883 1945 2955 ﬁngebat
1974 2884 2076 2940 ha-

503 2964 633 3019 bere
654 2980 742 3020 me
771 2975 830 3020 ut
867 2966 1059 3021 lilium.
1090 2966 1154 3022 Et
1187 2974 1340 3025 oravi
1367 2971 1437 3026 ad
1482 2972 1809 3041 Dominum,
1837 2986 1891 3031 et
1910 2991 2076 3048 pepe-

503 3064 575 3118 rit
599 3077 831 3119 marem.
862 3062 1046 3135 Usque
1071 3066 1140 3121 ad
1177 3069 1282 3123 hoe
1309 3078 1528 3141 tempus
1554 3080 1611 3126 ut
1641 3072 1813 3128 [ilium
1842 3088 1930 3129 me
1955 3089 2073 3130 am-

2188 1881 2287 1935 μου
2325 1864 2538 1930 Ἰακὼ6,
2578 1866 2672 1919 καὶ
2692 1866 3068 1937 εἰσερχόμενος
3106 1868 3185 1930 εἰς
3210 1866 3271 1919 τὸ
3295 1868 3563 1938 ταμιεῖον,
3592 1882 3756 1937 προσ-

2186 1958 2434 2031 ηυχόμην
2485 1959 2695 2031 Κυρίῳ,
2746 1960 2840 2013 καὶ
2891 1960 3177 2034 ἐνήπευον
3223 1961 3433 2028 ἐν,τοῖς
3469 1958 3612 2014 ἐπτά
3649 1958 3758 2011 ἐτε-

2186 2066 2270 2103 σιν
2294 2049 2543 2114 ἐκείνοις,
2559 2051 2652 2104 καὶ
2677 2051 2978 2123 ἐφαινόμην
2999 2049 3076 2122 τῷ
3092 2050 3371 2123 Αἰγυπτίῳ
3396 2051 3473 2116 ὡς
3499 2053 3558 2104 ἐν
3581 2052 3755 2123 τρυφῇ

2181 2141 2413 2209 διάγων·
2451 2142 2531 2194 ὅτι
2565 2142 2612 2195 οί
2639 2141 2729 2194 διὰ
2760 2141 2850 2195 τὸν
2876 2141 3007 2195 θεὸν
3029 2140 3382 2214 νηστεύοντες
3416 2140 3510 2193 τοῦ
3544 2139 3757 2212 προσὼ-

2188 2249 2291 2286 που
2354 2231 2453 2304 τὴν
2511 2232 2666 2304 χάριν
2722 2231 3245 2304 προσλαμϐάνουσιν.
3310 2232 3436 2287 Ἐὰν
3480 2232 3537 2287 δὲ
3585 2232 3760 2285 ἐπεδί-

2179 2322 2271 2376 δου
2300 2324 2412 2396 (12)
2445 2341 2534 2396 μοι
2558 2320 2718 2390 οἶνον,
2746 2325 2846 2377 οὐκ
2880 2324 3082 2378 ἔπινον·
3114 2325 3208 2379 καὶ
3249 2324 3624 2396 τριημερίζων
3647 2323 3757 2395 (15)

2180 2416 2483 2487 ἐλάμϐανόν
2511 2435 2612 2487 μου
2641 2416 2739 2488 τὴν
2760 2416 2991 2482 δίαιταν,
3017 2418 3110 2470 καὶ
3136 2415 3336 2470 ἐδίδουν
3370 2417 3542 2489 αὐτὴν
3565 2417 3759 2489 πένησι

2180 2508 2273 2560 καὶ
2287 2507 2620 2562 ἀσθενοῦσιν.
2638 2509 2749 2561 Kal
2764 2506 3028 2580 ὦρθριζον
3046 2509 3181 2581 πρὸς
3196 2507 3418 2581 Κύριον,
3436 2509 3530 2561 καὶ
3547 2507 3759 2562 ἔκλαιον

2178 2600 2308 2670 περὶ
2333 2599 2594 2670 Μεμφίας
2639 2598 2747 2672 (14)
2789 2599 2891 2668 τῆς
2916 2600 3239 2669 Αίγυπτίας,
3268 2600 3350 2653 ὅτι
3373 2599 3581 2671 σφόδρα
3602 2600 3756 2655 ἀδια-

2176 2691 2408 2756 λείπτως
2424 2691 2643 2764 ἐνώχλει
2672 2709 2780 2763 μοι·
2811 2694 2905 2745 καὶ
2928 2693 2984 2746 ἐν
3006 2692 3161 2745 νυκτὶ
3190 2692 3359 2764 εἰσῄει
3383 2692 3520 2765 πρός
3547 2710 3615 2764 με
3635 2732 3650 2757 ,
3673 2692 3757 2746 λό-

2176 2802 2257 2856 γῳ
2292 2785 2627 2854 ἐπισκέψεως
2649 2804 2661 2816 ·
2705 2787 2800 2840 κα)⁵
2840 2784 2912 2839 τά
2956 2786 3054 2857 μὲν
3094 2786 3285 2859 πρῶτα
3311 2784 3424 2858 (15)
3448 2787 3531 2839 ὅτι
3568 2786 3755 2840 τέκνον

2176 2878 2460 2951 ἀρσενικὸν
2506 2880 2607 2932 οὐκ
2651 2875 2720 2949 ἦν
2770 2878 2943 2951 αὐτῇ,
2994 2878 3373 2950 προσεποιεῖτό
3402 2895 3471 2950 με
3515 2877 3757 2951 ἐχεινὼς

2177 2971 2308 3026 υίὸν.
2358 2973 2467 3025 Kal
2505 2972 2758 3044 ηὐξάμην
2805 2972 2943 3044 πρὸς
2968 2971 3192 3045 Κύριον,
3237 2973 3330 3026 καὶ
3355 2971 3542 3026 ἔτεκεν
3564 2972 3749 3045 ἄρρεν.

2178 3065 2321 3128 Ἕως
2348 3065 2540 3136 Χρόνου
2569 3065 2645 3129 ὡς
2681 3063 2799 3119 υἱὸν
2824 3064 3254 3138 περιεπτύσσετό
3281 3082 3348 3136 με
3369 3081 3382 3093 ’
3412 3062 3567 3134 κάγὼ
3595 3063 3752 3134 iw",—

501 3152 659 3223 plexa
704 3162 817 3220 est;
869 3163 923 3210 et
944 3169 1045 3225 ego
1089 3156 1447 3228 ignorabam;
1473 3160 1712 3231 denique
1737 3178 1825 3218 me
1852 3164 1921 3221 ad
1953 3163 2070 3220 for-

2183 3173 2262 3210 :uv
2281 3173 2294 3186 ’
2321 3156 2545 3228 ἔσχατον
2572 3157 2680 3229 (16)
2722 3160 2802 3222 εἰς
2839 3156 3093 3229 πορνείαν
3121 3174 3185 3228 με
3225 3154 3585 3224 ἐφειλκύσατο
3617 3154 3747 3227 (17).

502 3244 831 3298 nicationem
858 3247 1181 3303 attrahebat.
1208 3247 1275 3303 Et
1298 3249 1610 3322 intelligens
1646 3254 1900 3312 tristatus
1949 3273 2072 3315 sum

2183 3248 2283 3301 Kal
2316 3248 2514 3318 νοήσας
2562 3246 2841 3319 ἐλυπήθην
2867 3247 2971 3311 ἕως
3005 3246 3236 3301 θανάτου
3256 3263 3270 3277 ·
3294 3245 3389 3299 καὶ
3428 3244 3750 3315 ἐξελθούσης

502 3350 676 3405 usque
719 3335 788 3390 ad
841 3346 1108 3405 mortem;
1163 3346 1218 3394 et
1259 3351 1496 3399 exeunte
1537 3344 1655 3415 ipsa
1682 3347 1816 3403 redii
1842 3351 1911 3406 ad
1934 3352 2072 3406 mei-

2183 3340 2360 3413 ιςῦτῆς,
2407 3335 2571 3410 ἦλθον
2610 3341 2692 3403 είς
2727 3339 2984 3410 ἐμαυτὸν,
3024 3340 3118 3392 καὶ
3159 3337 3435 3410 ἐπένθησα
3475 3338 3608 3409 περὶ
3648 3337 3748 3390 αύ-

500 3444 658 3499 psum
687 3468 704 3495 ,
761 3436 814 3484 et
847 3430 1105 3485 tristabar
1153 3431 1301 3489 illius
1326 3450 1491 3491 causa
1523 3453 1622 3508 per
1673 3440 1791 3497 dies
1848 3443 2069 3510 multos,

2183 3428 2269 3499 τῆς
2303 3427 2516 3500 ἡμέρας
2554 3428 2775 3492 πολλὰς,
2821 3429 2901 3482 ὅτι
2948 3427 3117 3497 ἔγνων
3146 3428 3238 3481 τὸν
3263 3427 3409 3481 δόλον
3446 3426 3620 3498 αὐτῆς
3658 3427 3750 3483 καὶ

499 3524 630 3592 quia
658 3523 889 3593 cognovi
917 3523 1102 3578 dolum
1128 3524 1247 3595 ejus
1275 3534 1330 3581 et
1354 3542 1620 3584 errorem.
1648 3529 1716 3586 Et
1742 3532 1991 3590 dicebam
2019 3538 2071 3592 ei

2183 3520 2269 3591 τὴν
2324 3519 2555 3592 πλάνην.
2601 3520 2713 3574 Kal
2762 3520 2950 3588 ελεγον
2993 3520 3130 3589 αύτῇ
3178 3520 3399 3589 ῥήματα
3452 3518 3744 3589 Ὑψίστου,

501 3616 670 3671 verba
698 3615 991 3679 Altissimi,
1018 3615 1065 3670 si
1091 3614 1234 3671 forte
1257 3627 1599 3674 averteretur
1622 3634 1653 3675 ιι
1678 3624 2072 3694 concupiscen-

2183 3617 2217 3668 εί
2242 3614 2353 3686 ἀρα
2371 3612 2706 3685 ἀποστρέψει
2730 3612 2839 3667 ἀπὸ
2864 3611 2964 3681 τῆς
2989 3609 3283 3681 ἐπιθυμίας
3304 3610 3472 3683 αὐτῆς
3512 3610 3615 3684 τῆς
3649 3629 3745 3665 πο-

500 3706 576 3760 tia
602 3719 702 3760 sua
731 3704 1060 3774 perniciosa.

2183 3706 2358 3778 ἠρᾶς-

580 3789 664 3850 ιν.
700 3815 719 3847 ι
751 3795 977 3862 Quoties
1028 3808 1089 3849 ut
1138 3796 1256 3853 viro
1281 3808 1473 3854 sancto
1510 3801 1567 3854 in
1590 3801 1778 3857 verbis
1829 3803 2070 3860 blandita

2239 3800 2314 3851 A'.
2374 3817 2394 3850 ι
2427 3797 2669 3861 Ποσάκις
2733 3796 2809 3860 ὡς
2848 3796 2991 3867 ἁγίῳ
3043 3792 3195 3866 ἀνδρὶ
3237 3794 3297 3848 ἐν
3338 3794 3519 3864 λόγοις
3566 3795 3743 3849 ἐκολά-

499 3896 585 3942 est
634 3886 793 3950 mihi,
844 3900 971 3941 cum
1019 3885 1147 3941 dolo
1171 3902 1266 3956 per
1288 3889 1453 3944 verba
1488 3890 1722 3947 laudans
1748 3895 2060 3951 castitatem

2183 3887 2331 3941 ιιευσὲ
2366 3905 2455 3958 με,
2503 3886 2640 3959 μετά
2686 3886 2838 3939 δόλου
2878 3885 2967 3939 διὰ
3005 3885 3261 3956 ῥημάτων
3312 3885 3611 3938 ἐπαινοῦσα
3648 3885 3743 3954 τὴν

502 3992 680 4032 meam
709 3992 897 4032 coram
923 3978 1125 4032 marito
1156 3992 1290 4045 suo,
1313 3981 1505 4035 volens
1528 3997 1780 4039 seorsum
1809 3986 2072 4056 supplan-

2183 3979 2525 4052 σωφροσύνην
2562 3996 2661 4050 μου
2701 3978 2929 4031 ἐνώπιον
2965 3977 3057 4031 τοῦ
3104 3978 3297 4049 ἀνδρὸς
3323 3979 3513 4049 αὐτῆς,
3563 3977 3741 4049 βουλο-

502 4080 620 4125 tare
646 4069 773 4124 me?
800 4068 1140 4124 Gloriticavit
1186 4084 1273 4125 tne
1320 4080 1379 4127 ut
1402 4081 1615 4127 castum
1647 4074 1703 4128 in
1733 4076 2025 4132 manifesto
2051 4119 2067 4143 ,

2183 4072 2306 4143 μένη
2353 4071 2667 4142 καταμόνας
2704 4070 3058 4124 ύποσκελίσαι
3105 4088 3171 4141 με
3217 4068 3363 4141 (18);
3403 4069 3653 4136 Ἐδόξασὲ
3677 4087 3740 4140 με

498 4166 554 4212 et
603 4157 657 4211 in
709 4156 1031 4211 abscondito
1085 4156 1224 4211 dixit
1269 4157 1448 4213 mihi:
1485 4176 1504 4211 ι
1537 4157 1615 4214 Ne
1657 4161 1854 4216 timeas
1890 4163 2066 4217 virum

2183 4159 2244 4222 Et;
2272 4156 2522 4228 σώφρονα
2545 4159 2816 4231 φανερῶς,
2841 4160 2935 4212 καὶ
2970 4160 3028 4212 ἐν
3054 4163 3233 4232 κρυφῇ
3262 4159 3417 4229 ἔλεγέ
3443 4178 3532 4231 μοι
3556 4178 3568 4188 ’
3602 4179 3621 4211 ‹
3651 4161 3737 4232 Μὴ

501 4263 683 4304 meum
704 4265 718 4315 ;
744 4263 869 4303 nam
888 4263 1212 4318 persuasum
1236 4258 1324 4305 est
1342 4250 1391 4303 ei
1417 4249 1486 4305 de
1509 4251 1760 4307 castitate
1777 4261 1868 4307 tua
1890 4271 1907 4320 ;
1935 4255 2070 4311 adeo

2183 4248 2408 4322 ροῆηθῇς
2450 4249 2541 4302 τὸν
2588 4249 2755 4320 ἄνδρα
2818 4265 2919 4319 μου
2945 4265 2958 4278 '
3020 4249 3114 4301 καὶ
3149 4249 3257 4320 γὰρ
3315 4250 3606 4304 πέπεισται
3649 4267 3739 4303 πε-

500 4350 563 4396 ut
588 4341 840 4410 quamvis
886 4342 1087 4397 dixerit
1130 4341 1331 4413 aliquis
1367 4342 1419 4397 ei
1460 4341 1528 4397 de
1572 4343 1751 4409 nobis,
1800 4360 1909 4399 non
1958 4363 2069 4402 cre-

2183 4340 2225 4393 al
2256 4340 2355 4411 τῆς
2401 4338 2753 4412 σωφροσύνης
2782 4357 2875 4392 σου
2896 4356 2908 4369 ·
2946 4341 3027 4393 ὅτι
3054 4339 3161 4394 κᾶν
3185 4340 3315 4411 εἴπῃ
3336 4357 3421 4403 τις
3446 4340 3597 4411 αὐτῷ
3619 4341 3739 4410 περὶ

502 4435 673 4488 deret.
712 4450 730 4484 ι
758 4430 987 4503 Propter
1036 4433 1153 4487 haec
1197 4433 1383 4489 omnia
1430 4433 1483 4488 in
1511 4443 1654 4490 terra
1696 4436 1943 4507 jacebam
1967 4455 2066 4508 ego

2183 4428 2347 4500 ἡμῶν,
2383 4431 2443 4484 οὐ
2482 4430 2556 4501 μὴ
2592 4430 2878 4503 πιστεύσῃ.
2914 4449 2934 4482 ι
2974 4432 3065 4485 Ἐν
3108 4430 3320 4495 τούτοις
3353 4432 3488 4484 πᾶσι
3512 4431 3738 4503 ἐχαμαι-

2192 4518 2309 4538 _-._-
2376 4518 2506 4538 ..με
2571 4519 2675 4538 nm
2877 4519 2984 4538 ut.
3036 4537 3077 4538 η
3150 4519 3231 4538 γη-
3263 4518 3395 4538 οη-
3459 4521 3483 4535 ..
3655 4522 3702 4538 ..

499 4538 660 4580 sacco
685 4524 908 4580 indutus
928 4565 946 4593 ,
975 4533 1030 4580 et
1054 4525 1386 4595 deprecabar
1424 4526 1740 4598 Dominum,
1772 4539 1833 4585 ut
1866 4532 2066 4587 libera-

2183 4518 2384 4572 ιοίτουν
2417 4518 2526 4587 ἐγὼ
2567 4519 2700 4592 (19),
2745 4521 2838 4571 καὶ
2873 4519 3099 4591 ἐδεόμην
3141 4519 3234 4572 τοῦ
3260 4518 3419 4584 Θεοῦ,
3456 4521 3608 4585 ὃπως
3642 4522 3734 4593 ρύ-

501 4624 586 4669 ΙὉὶ
609 4630 696 4669 me
721 4614 792 4670 ab
814 4613 1091 4687 Egyptia.
1124 4615 1195 4670 Ut
1218 4631 1346 4671 vero
1371 4617 1509 4672 nihil
1534 4619 1722 4686 valuit,
1750 4637 1941 4678 rursus
1966 4623 2070 4678 sub

2183 4610 2329 4681 τηταί
2373 4627 2439 4681 με
2485 4611 2549 4663 ἐκ
2591 4610 2690 4681 τῆς
2733 4610 3052 4679 Αἰγυπτίας.
3106 4611 3192 4675 Ὠς
3225 4610 3284 4663 δὲ
3325 4611 3484 4666 οὐδὲν
3517 4611 3736 4683 ἴσχυσε,

501 4718 765 4779 praetextu
826 4708 1211 4765 instructionis
1250 4710 1527 4780 capienda:
1575 4714 1727 4768 venit
1767 4714 1834 4770 ad
1864 4731 1981 4780 me,
2009 4726 2070 4772 ut

2183 4703 2329 4756 πάλιν
2367 4704 2460 4757 ἐπὶ
2503 4701 2645 4772 λόγῳ
2684 4704 3036 4775 κατηχήσεως
3079 4701 3275 4772 ἤρχετο
3316 4702 3452 4774 πρός
3508 4721 3599 4773 με,
3643 4720 3741 4774 μα-

500 4801 741 4855 disceret
784 4799 1010 4854 verbum
1061 4798 1316 4867 Domini;
1358 4809 1414 4857 et
1432 4802 1574 4858 dixit
1610 4805 1741 4859 mihi
1775 4823 1788 4858 :
1847 4826 1864 4857 ι
1902 4805 1957 4861 Si
1986 4807 2067 4863 vis

2183 4796 2280 4849 ὶεῖν
2321 4795 2477 4864 λόγον
2534 4795 2740 4863 Κυρίου
2761 4812 2775 4824 ·
2819 4796 2914 4848 καὶ
2944 4794 3099 4862 ἐλεγέ
3134 4810 3223 4865 μοι
3247 4810 3264 4826 ο
3298 4813 3317 4845 ι
3349 4795 3414 4848 Εἰ
3436 4794 3634 4861 θέλεις,
3658 4795 3740 4848 ἵνα

498 4902 561 4947 ut
589 4891 897 4960 relinquam
928 4889 1097 4956 idola,
1122 4890 1442 4962 obtempera
1469 4894 1641 4961 mihi;
1670 4905 1726 4951 et
1750 4895 2065 4970 [Egyptium

2183 4887 2454 4942 ιαταλίπω
2489 4887 2559 4942 τὰ
2580 4889 2795 4954 εἴδωλα,
2828 4886 3189 4959 συμπείσθητί
3351 4905 3441 4959 μοι
3467 4904 3482 4919 ν
3524 4888 3622 4941 καὶ
3651 4888 3741 4940 τὸν

499 4984 844 5057 persuadebo
893 4982 1150 5040 recedere
1205 4986 1275 5040 ab
1323 4986 1505 5056 idolis,
1532 4998 1587 5045 et
1629 4990 1684 5044 in
1708 4990 1824 5061 lege
1851 4990 2066 5047 Domini

2183 4981 2464 5050 llyt'm‘ttov
2507 4982 2679 5036 πείσω
2702 4979 3001 5051 ἀποστῆναι
3038 4980 3147 5034 τῶν
3195 4979 3464 5047 εἰδώλων,
3498 4983 3558 5037 ἐν
3594 4982 3738 5053 νόμῳ

573 5122 653 5192 (Ἰ)
691 5121 1057 5189 Ἄνθρωπος.
1082 5116 1208 5181 Υἱὸς
1237 5118 1525 5193 ἀνθρώπου
1547 5123 1712 5181 habet
1734 5125 1857 5182 cod.
1885 5121 2062 5182 Oxon.

2239 5120 2352 5201 (ἒξ)
2384 5118 2780 5201 Temenites
2809 5117 2987 5201 Ρεεει·
3018 5116 3091 5201 ¹υέ

497 5187 673 5250 om.
836 5187 845 5189 ἡ
956 5260 977 5261 Ὗ
1028 5260 1036 5261 ί
1343 5187 1357 5193 ⁷

2238 5187 2353 5261 (14)
2379 5187 2673 5261 negem.
2700 5187 2982 5261 Qmissgum
3006 5198 3110 5244 est.
3133 5187 3213 5261 lu.

568 5261 647 5334 (8)
682 5263 908 5334 Τόποις.
936 5260 1177 5330 Τούτοις.
1207 5265 1281 5321 lo.
1838 5332 1849 5334 _

2234 5258 2347 5334 (l5)
2383 5258 2604 5334 raw
2627 5258 2827 5334 πρίῖέτα
2863 5259 3081 5334 (ἕθεμηίο
3132 5258 3206 5334 'P-
3233 5325 3262 5334 -
3577 5325 3592 5334 _
3685 5320 3699 5332 .

571 5263 647 5334 (8)
682 5263 908 5327 Τόποις.
936 5263 1177 5330 Τούτοις.
1207 5265 1281 5321 li).

571 5334 653 5407 (9)
670 5333 1264 5407 ,Δικρόφριςμτρόποιᾳ
1291 5336 1577 5407 Διαφόροις
1601 5332 1923 5407 τόποιςῃιυ.
2028 5402 2039 5407 _

2260 5263 2347 5329 15)
2383 5263 2456 5313 Τὰ
2487 5263 2604 5329 μὲν
2627 5263 2827 5328 πρῶτα
2863 5263 3081 5313 desunt.
3132 5263 3206 5314 Io.
3685 5320 3699 5332 .

2234 5263 2352 5407 liti)
2384 5332 2703 5407 "Eglarqr.
2731 5330 2852 5407 Ὅτι
2882 5328 3045 5384 habet
3070 5329 3193 5384 cod.
3223 5325 3406 5386 Oxon.
3428 5341 3553 5398 qua:
3577 5325 3739 5381 lectio

572 5398 695 5483 (10)-
732 5398 1108 5472 Παρὰὸοῦᾰα.
1160 5398 1525 5479 Πάραδοῦναι,
1559 5398 1857 5461 θευιήιιιειι.
1908 5402 2067 5475 ἠπεί-

2183 5398 2362 5483 nelior
2393 5402 2530 5483 ξιιίιιί
2560 5398 2791 5483 videtur.
2823 5398 2939 5483 In;
3033 5467 3052 5483 ἱ
3117 5467 3129 5483 '

496 5465 767 5547 ληὰείιυ.
817 5465 835 5472 ⁷
1028 5546 1031 5547 ν
1250 5465 1263 5479 ’
1454 5465 1522 5547 γ’
1648 5546 1651 5547 ν
1803 5544 1813 5547 _
1932 5465 1944 5475 ’
2037 5544 2046 5547 _

2392 5470 2841 5547 Ἑφειλκύσατο.
2884 5467 3243 5547 Ἐφειλκύετο.
3270 5465 3344 5547 lo.

2331 5120 2353 5329 ξ

571 5546 684 5627 (31)
756 5546 1327 5627 Ἀνεκαέέςατδμεν
1370 5544 1815 5627 aestimatam
1838 5563 1939 5627 eo!
1976 5544 2063 5627 μὴ

2240 5535 2354 5627 ξιξ)
2382 5535 2756 5627 ῌρσάθξιςτοςη
2787 5535 3189 5627 eseam
3210 5555 3313 5627 μετ
3339 5537 3585 5627 οεξειξιιι
3602 5535 3680 5627 ὀς

498 5606 735 5757 ῗέλιίζτι
786 5617 1107 5671 συνελθεῖν
1151 5606 1324 5686 αὐτῇ.
1390 5606 1548 5669 Ἀλλ”
1568 5620 1597 5670 ὁ
1642 5606 1774 5680 Θεὸς
1799 5606 2066 5716 ἐρρύσᾶτό
2169 5606 2355 5751 “£133
2538 5611 2768 5732 ἷιρύτοις
2810 5608 2961 5664 πᾶσι
3002 5606 3462 5679 ὲχαμαιᾶιοίτουν
3480 5606 3617 5679 ὲτώ.
3655 5607 3744 5665 Ἑν

572 5749 686 5824 (12)
742 5755 1049 5814 Επεδίδου.
1081 5758 1181 5814 MS.
1212 5758 1440 5829 ἐπιδίδῃ.
1466 5754 1543 5812 lt).

2242 5749 2353 5823 (20)
2380 5751 2808 5822 Συμπείσθητι.
2838 5750 3128 5821 Συγγένου,
3161 5749 3233 5808 ln.
