3958 6132
470 256 601 312 “Si

1454 245 1915 305 TESTAIENTA
1947 244 2044 302 XII
2079 245 2697 307 PATRIARCHARUM.

3598 250 3736 309 “32

470 376 670 445 ipsam,
700 370 928 435 Sethon,
952 367 1260 424 concubina
1288 365 1388 421 viri
1415 367 1516 430 tui,
1546 367 1733 422 rivalis
1759 376 1874 433 tua,
1902 365 2036 421 cola.

2150 385 2319 424 τουσα
2339 386 2353 433 ;
2374 367 2659 440 Μνήσθητι
2677 367 2757 422 ὅτι
2771 365 2867 420 ἐάν
2886 365 3081 441 ἀνέλῃς
3102 367 3327 440 σαυτὴν,
3346 369 3379 440 ἡ
3397 368 3583 441 Σηθῶν
3600 371 3733 441 (33),

468 468 611 539 phos
642 462 901 534 infringet
927 461 1054 517 ﬁliis
1085 461 1222 533 tuis,
1251 468 1305 516 et
1329 460 1519 531 perdet
1543 459 1868 516 memoriam
1896 466 2044 512 tuam

468 561 538 616 de
561 569 725 613 terra.
764 577 783 608 ι
819 554 886 609 Ει
918 555 1053 610 dicit
1076 554 1209 611 mihi
1238 572 1253 608 :
1290 572 1308 605 ι
1343 551 1484 608 Num
1512 553 1677 623 igitur
1708 550 1895 622 diligis
1924 550 2047 605 me?

470 648 669 704 suﬁicit
708 646 842 701 mihi
876 645 1081 710 solum,
1110 644 1257 714 quod
1303 642 1544 713 protegis
1567 641 1736 696 vitam
1766 655 1965 705 meam,
1993 649 2048 695 et

468 739 707 795 ﬁliorum
738 752 983 792 meorum
1008 752 1022 799 ;
1053 742 1107 789 ct
1133 734 1309 788 habeo
1326 731 1794 802 exspectationem
1821 730 2046 801 potiun-

467 831 521 885 di
548 829 822 886 desiderio
849 844 993 884 meo.
1032 849 1050 880 ι
1085 827 1152 883 Et
1179 842 1290 882 non
1322 825 1617 897 c0gnovit,
1646 824 1793 895 quod
1821 832 2046 895 propter

466 922 639 979 Deum
692 932 876 978 meum
928 922 1007 977 ita
1054 922 1189 987 dixi,
1244 929 1298 975 et
1347 933 1457 975 non
1488 926 1712 989 propter
1754 918 1952 988 ipsam.
1985 917 2042 972 Si

465 1016 613 1073 enim
646 1016 847 1086 aliquis
875 1013 1461 1086 passionisuccumbat
1483 1011 1741 1067 desiderii
1766 1010 2044 1082 pernicio-

468 1112 537 1176 si,
566 1119 620 1166 et
652 1108 783 1164 huic
813 1123 1005 1164 servus
1058 1107 1342 1174 eﬁiciatur,
1386 1115 1448 1162 ut
1468 1115 1522 1161 et
1555 1106 1645 1160 illa
1669 1123 1684 1172 ;
1710 1105 1813 1161 etsi
1836 1105 2042 1160 bonum

2155 460 2187 530 ὴ
2217 458 2465 529 παλλακὴ
2490 458 2583 511 τοῦ
2609 456 2801 529 ἀνδρός
2829 475 2945 520 σου,
2973 460 3006 528 ἡ
3053 456 3337 530 ἀντίζηλός
3363 477 3455 513 σου
3473 500 3487 523 ,
3516 462 3738 531 κολαφί-

2152 565 2234 603 σει
2250 550 2361 621 (54)
2382 549 2451 602 τὰ
2475 548 2641 602 τέκνα
2658 564 2776 613 σου,
2796 549 2889 603 καὶ
2913 547 3170 602 ἀπολέσει
3194 548 3257 602 τὸ
3282 551 3625 621 μνημόσυνόν
3643 571 3733 607 σου

2150 638 2258 693 ἀπὸ
2278 640 2381 710 τῆς
2404 639 2530 709 γῆς.
2565 659 2583 691 ι
2614 640 2726 693 Kal.
2765 639 2910 709 λέγει
2950 640 3085 710 πρός
3122 657 3190 711 με
3209 657 3221 669 ·
3252 659 3270 692 ι
3305 641 3368 694 Εἰ
3400 638 3492 696 οὖν
3515 644 3735 716 ἀγαπᾷς

2152 753 2258 810 μες
2305 737 2467 808 ἀρκεῖ
2519 753 2609 807 μοι
2656 734 2836 807 μόνον,
2892 736 2973 788 δτι
3023 737 3272 809 ἀντιποιῇ
3322 737 3435 809 (55)
3464 738 3567 808 τῆς
3592 739 3737 809 ζωῆς

2150 846 2276 901 μου,
2317 831 2411 883 καὶ
2436 829 2543 882 τῶν
2566 828 2773 883 τέκνων
2804 846 2906 900 μου
2932 846 2945 858 ·
2981 831 3075 883 καὶ
3100 829 3208 900 έχω
3241 831 3576 901 προσδοκίαν
3603 832 3737 886 ἀπο-

2147 922 2343 977 λαῦσαι
2379 922 2479 993 τῆς
2521 921 2818 995 ἐπιθυμίας
2859 939 2979 994 μου.
3015 940 3032 974 ι
3081 923 3191 975 Kal.
3228 923 3329 976 οὐκ
3359 922 3521 992 ἔγνω,
3546 925 3629 978 ὅτι
3652 924 3739 978 διὰ

2146 1016 2238 1068 τὸν
2281 1014 2414 1068 Θεόν
2458 1031 2560 1085 μου
2601 1009 2755 1067 εἷπον
2795 1012 2988 1079 οὕτως,
3016 1013 3109 1066 καὶ
3143 1013 3265 1084 ούχὶ
3287 1012 3355 1066 δι’
3380 1014 3574 1086 αὐτήν.
3612 1015 3737 1070 Ἐὰν

2148 1107 2258 1179 γάρ
2292 1124 2377 1172 τις
2402 1107 2563 1161 πάθει
2599 1107 2847 1180 ύποπέσῃ
2869 1106 3165 1177 ἐπιθυμίας
3190 1108 3454 1178 πονηρᾶς,
3483 1110 3577 1162 καὶ
3611 1109 3737 1163 τού-

456 1201 676 1272 ‘aliquid
709 1201 968 1265 audierit,
992 1200 1046 1254 in
1077 1200 1392 1271 passionem
1420 1214 1530 1270 qua
1560 1197 1821 1262 vincitur,
1846 1196 2036 1268 accipil

2146 1214 2226 1268 τῳ
2256 1197 2539 1271 δουλευθῇ,
2563 1198 2639 1262 ὡς
2664 1198 2895 1269 κάκείνη
2916 1214 2931 1228 ο
2957 1198 3061 1252 κᾶν
3086 1197 3289 1267 ἀγαθόν
3326 1215 3380 1251 τι
3400 1199 3632 1273 ἀκούσῃ,
3658 1201 3738 1263 εἰς

468 1294 598 1350 illud
628 1293 695 1349 ad
724 1292 1055 1349 desiderium
1082 1292 1476 1363 perniciosum.

535 1500 669 1557 Vill.
716 1518 737 1551 α
775 1499 909 1554 Dico
957 1482 1145 1562 vobis,
1192 1494 1317 1559 ﬁlii,
1351 1493 1501 1565 quod
1542 1492 1681 1549 hora
1719 1501 1839 1549 erat
1880 1493 2044 1563 quasi

460 1603 643 1659 sexta,
674 1592 898 1663 quando
949 1589 1116 1645 exivit
1163 1602 1194 1641 a
1236 1601 1354 1652 me;
1399 1593 1455 1641 et
1495 1600 1597 1657 ego
1638 1599 1782 1656 genu
1820 1583 2044 1648 ﬂectens

2148 1291 2209 1344 τὸ
2254 1290 2427 1356 πάθος
2451 1284 2495 1359 ᾧ
2518 1290 2747 1363 ἡττᾶται
2772 1289 2909 1362 (56),
2940 1289 3274 1361 ἐκλαμϐάνει
3297 1291 3430 1345 αὐτὸ
3465 1292 3604 1363 πρὸς
3625 1293 3740 1345 ἐπι-

2149 1380 2349 1452 θυμίαν
2377 1381 2637 1453 πονηράν.

2218 1496 2300 1548 Η¹.
2348 1512 2368 1546 ι
2419 1494 2577 1563 Λέγω
2615 1494 2766 1564 ύμῖν,
2809 1492 2997 1559 τέκνα,
3026 1493 3107 1546 ὅτι
3142 1492 3266 1566 ὥρα
3299 1487 3369 1566 ἦν
3406 1493 3543 1547 ὡσεὶ
3578 1493 3733 1567 ἕκτη,

2144 1587 2236 1640 ὅτε
2280 1585 2501 1658 ἐξῆλθεν
2537 1586 2630 1639 ἀπ’
2658 1584 2828 1657 ἐμοῦ·
2870 1583 3027 1654 κάγὼ
3068 1585 3200 1654 γόνυ
3244 1586 3434 1651 κλίνας
3460 1586 3599 1658 πρὸς
3622 1586 3735 1640 Κύο

452 1686 663 1756 (oravi)
694 1686 763 1741 ad
786 1684 1078 1739 Dominum
1132 1690 1308 1737 totum
1335 1680 1501 1745 diem,
1532 1688 1587 1735 et
1613 1686 1785 1734 totam
1824 1686 2036 1733 noctem

2150 1694 2263 1749 ριον
2296 1678 2424 1750 ὃλην
2456 1677 2557 1748 τὴν
2578 1677 2817 1750 ἡμέραν,
2847 1678 2941 1730 καὶ
2964 1677 3092 1747 ὃλην
3125 1676 3225 1748 τὴν
3257 1676 3429 1731 νύκτα
3466 1678 3727 1749 συνάψας,

430 1779 836 1849 κεοηίυηεθηε,
887 1774 1036 1831 circa
1089 1772 1393 1828 diluculum
1457 1771 1672 1827 surrexi
1706 1771 2041 1842 lacrymans,

462 1881 517 1927 ct
557 1878 747 1941 petens
783 1865 1163 1923 liberationem
1209 1864 1279 1919 ab
1310 1862 1586 1934 Egyptia.
1637 1860 1698 1916 In
1735 1861 1846 1917 ﬁne
1882 1862 2044 1933 igitur

462 1961 824 2033 apprehendit
872 1973 994 2013 mea
1037 1956 1402 2020 vestimenta,
1450 1953 1714 2009 violenter
1760 1955 2045 2009 attrahens

460 2070 550 2110 me
587 2053 655 2109 ad
696 2052 1071 2108 concubitum.
1121 2047 1193 2103 Ut
1219 2048 1384 2120 igitur
1422 2047 1534 2101 vidi
1570 2046 1718 2120 quod
1762 2046 2043 2103 insaniens

454 2146 639 2202 'tenuit
698 2145 1024 2200 vestimenta
1068 2158 1225 2207 mea,
1300 2141 1482 2197 nudus
1532 2138 1716 2211 etl‘ugi.
1768 2137 1865 2195 llla
1911 2155 2044 2194 vero

459 2238 795 2294 calumniata
843 2246 927 2291 est
971 2250 1059 2290 me
1097 2233 1242 2305 apud
1289 2233 1468 2289 virum
1512 2249 1676 2289 suum
1710 2251 1727 2287 ι
1757 2240 1814 2288 et
1856 2232 2044 2302 injecit

457 2345 549 2384 me
588 2329 644 2384 in
687 2342 964 2384 carcerem
995 2327 1092 2398 qui
1124 2334 1243 2381 erat
1287 2327 1342 2383 in
1383 2326 1550 2381 domo
1581 2341 1682 2382 sua
1711 2324 2038 2397 Egyptius;

457 2428 512 2475 et
548 2419 798 2491 sequenti
841 2418 962 2487 die,
996 2433 1122 2475 cum
1153 2417 1480 2489 ﬂagellasset
1526 2433 1636 2486 me,
1667 2419 1815 2475 misit
1856 2433 1943 2476 me
1983 2418 2040 2474 in

456 2525 734 2569 carcerem
780 2510 1110 2567 Pharaonis.
1168 2509 1236 2565 Et
1276 2526 1404 2566 cum
1451 2512 1669 2567 vinctus
1702 2511 1942 2582 jacerem
1984 2512 2040 2566 in

454 2603 838 2673 compedibus,
862 2601 1116 2674 Egyptia
1162 2600 1439 2656 inﬁrmata
1478 2609 1563 2656 est
1596 2600 1805 2665 dolore,
1851 2609 1906 2656 et
1942 2617 2043 2655 au-

457 2695 730 2752 scultabat
756 2692 912 2759 mihi,
928 2691 1167 2762 qualiter
1188 2691 1410 2763 hymnis
1434 2690 1725 2747 laudabam
1744 2690 2037 2746 Dominum

454 2790 512 2844 in
539 2790 705 2844 domo
731 2788 1103 2853 tenebrarum,
1129 2795 1185 2841 et
1218 2786 1378 2841 hilari
1401 2800 1536 2841 voce
1567 2787 1812 2856 gaudens
1836 2786 2041 2857 gloriﬁ-

2148 1771 2279 1843 περὶ
2324 1770 2417 1824 τὸν
2462 1769 2659 1841 ὄρθρον
2706 1769 2935 1841 ἀνέστην
2992 1769 3244 1842 δακρύων
3285 1770 3382 1824 καὶ
3427 1773 3594 1825 αίτῶν
3634 1772 3731 1827 λύ-

2145 1879 2348 1936 τρωσιν
2377 1862 2485 1917 ἀπὸ
2510 1863 2610 1934 τῆς
2635 1863 2960 1931 Αἰγυπτίας.
2992 1862 3156 1926 Τέλος
3181 1858 3275 1917 οὖν
3302 1864 3732 1936 ἐπιλαμϐάνεται

2148 1972 2249 2027 μου
2306 1954 2417 2008 τῶν
2468 1955 2738 2027 ἱματίων,
2791 1953 2932 2037 μετά
2977 1953 3099 2027 βίας
3149 1955 3490 2028 ἐφελκομένη
3539 1976 3610 2029 με
3654 1961 3733 2024 είς

2147 2048 2456 2102 συνουσίαν.
2521 2048 2609 2112 Ὠς
2647 2043 2741 2102 οὖν
2780 2043 2921 2101 εἶδον
2955 2048 3039 2101 ὅτι
3084 2049 3386 2121 μαινομένη
3433 2053 3629 2122 κρατεῖ
3666 2052 3734 2106 τά

2147 2138 2342 2210 ἱμάτιά
2408 2156 2509 2211 μου
2530 2179 2546 2206 ,
2605 2138 2811 2211 γυμνὸς
2862 2138 3083 2208 ἔφυγον.
3136 2139 3379 2212 Κάκείνη
3434 2142 3734 2213 ἐσυκοφάν-

2144 2232 2278 2301 τησέ
2332 2249 2400 2303 με
2451 2231 2588 2303 πρὸς
2634 2230 2723 2284 τὸν
2771 2230 2941 2302 ἄνδρα
2988 2230 3161 2301 αύτῆς
3182 2248 3195 2261 ⁸
3246 2233 3342 2286 καὶ
3389 2232 3618 2288 ἐνέϐαλέ
3666 2253 3732 2307 με

2144 2324 2226 2387 εἰς
2274 2322 2525 2394 φυλακὴν
2571 2323 2630 2375 ἐν
2673 2320 2812 2393 οἴκῳ
2862 2320 3027 2376 αὐτοῦ
3076 2322 3105 2373 6
3141 2322 3474 2392 Αίγύπτιοςδ
3522 2325 3621 2377 καὶ
3668 2326 3731 2396 τῇ

2144 2412 2271 2484 ἐξῆς
2319 2412 2584 2485 μαστίξας
2623 2429 2711 2484 με,
2754 2413 2968 2483 ἔπεμψέ
3015 2430 3082 2483 με
3125 2415 3206 2478 εἰς
3246 2414 3346 2486 τὴν
3380 2413 3605 2487 εἱρκτὴν
3639 2413 3732 2467 τοῦ

2142 2503 2342 2574 Φαραὼ
2390 2502 2523 2575 (57).
2584 2502 2672 2565 Ὧς
2715 2497 2807 2555 οὖν
2846 2502 2993 2573 ήμην
3039 2503 3097 2559 ἐν
3143 2501 3353 2566 πέδαις,
3393 2504 3426 2573 ἡ
3462 2501 3733 2570 Αἰγυπτία

2143 2597 2361 2668 ἠσθένει
2403 2596 2513 2651 ἀπὸ
2549 2597 2649 2668 τῆς
2699 2594 2898 2667 λύπης,
2947 2596 3041 2649 καὶ
3087 2595 3397 2667 ἐπηκροᾶτὸ
3443 2614 3571 2667 μου,
3618 2594 3731 2658 πῶς

2144 2688 2348 2761 ὕμνουν
2390 2688 2485 2742 τὸν
2526 2688 2735 2760 Κύριον
2775 2690 2834 2742 ἐν
2880 2688 3016 2760 οἴκῳ
3056 2689 3301 2756 σκότους,
3343 2690 3438 2743 καὶ
3476 2691 3536 2742 ἐν
3577 2689 3733 2759 ἱλαρᾷ

2144 2782 2295 2850 φωνῇ
2323 2780 2528 2852 χαίρων
2556 2777 2816 2846 ἐδόξαζον
2860 2781 2951 2833 τὸν
2992 2780 3126 2834 Θεόν
3170 2798 3271 2853 μου
3318 2781 3499 2853 μόνον,
3527 2781 3613 2835 ὅτι
3647 2779 3730 2833 διά

455 2880 648 2935 cabam
678 2878 852 2932 Deum
883 2893 1065 2932 meum
1103 2877 1309 2943 solum,
1354 2878 1502 2947 quod
1535 2891 1633 2947 per
1658 2877 1847 2948 (hanc)
1878 2892 2036 2934 occa-

2146 2871 2471 2943 προφάσεως
2498 2870 2826 2944 ἀπηλλάγην
2856 2872 2958 2943 τῆς
2980 2874 3301 2942 Αἰγυπτίας.

453 2972 668 3028 sionem
697 2969 992 3026 amovebar
1028 2970 1098 3024 ab
1119 2967 1396 3041 Egyptia.
1760 3032 1761 3035 η

524 3062 617 3119 1x.
664 3082 684 3115 ‹
715 3062 990 3118 Multoties
1013 3062 1162 3118 misit
1190 3063 1258 3117 ad
1286 3078 1395 3129 me,
1426 3062 1614 3119 dicens
1641 3081 1656 3116 :
1743 3082 1762 3114 ι
1789 3061 2036 3134 Digneris

2212 3065 2289 3119 Θ¹.
2335 3083 2354 3117 ‹
2380 3065 2649 3131 Πολλάκις
2688 3066 2902 3138 έπεμψε
2941 3070 3077 3141 πρός
3117 3087 3206 3142 με,
3234 3069 3498 3139 λέγουσα·
3547 3072 3731 3126 «Εὐδό-

451 3157 680 3228 implere
720 3155 1054 3212 desiderium
1085 3156 1337 3229 (meum),
1378 3170 1434 3213 et
1477 3156 1722 3213 liberabo
1761 3167 1813 3212 te
1859 3173 1892 3213 a
1922 3158 2036 3213 vin-

2146 3175 2311 3231 κησον
2350 3160 2637 3233 πληρῶσαι
2677 3161 2779 3234 τὴν
2816 3162 3133 3235 ἐπιθυμίαν,
3179 3165 3276 3218 καὶ
3316 3163 3581 3236 λυτρώσω
3619 3166 3728 3238 (58)

452 3248 615 3321 culis,
656 3255 712 3303 et
745 3247 975 3317 eripiam
1018 3255 1072 3302 te
1099 3262 1166 3302 ex
1199 3249 1475 3305 tenebris:
1511 3268 1530 3302 i
1566 3258 1621 3305 et
1650 3264 1829 3319 nequc
1863 3266 2036 3320 usque

2146 3268 2203 3304 σε
2248 3251 2357 3305 τῶν
2382 3251 2618 3323 δεσμῶν,
2657 3254 2753 3307 καὶ
2803 3253 3104 3319 ἀπαλλάξω
3152 3271 3213 3307 σε
3258 3253 3354 3307 τοῦ
3400 3255 3666 3319 σκότους’
3700 3276 3721 3310 ι

452 3341 523 3396 ad
553 3340 924 3412 cogitationes
954 3340 1214 3397 inclinavi
1245 3345 1314 3398 ad
1339 3358 1484 3399 eam.
1515 3340 1698 3415 Diligit
1724 3344 1870 3399 enim
1893 3343 2036 3401 Deus

2146 3340 2251 3394 Καὶ
2275 3341 2394 3394 οὐδὲ
2419 3342 2524 3406 ἕως
2550 3343 2770 3397 ἐννοιῶν
2799 3343 2984 3400 έκλινα
3004 3345 3140 3417 πρὸς
3163 3345 3353 3417 αὐτήν.
3382 3346 3601 3419 ’Ᾱγαπᾷ
3622 3348 3727 3420 γάρ

449 3449 578 3491 eum
600 3435 804 3506 magis,
831 3433 928 3506 qui
961 3434 1015 3489 in
1049 3434 1174 3491 lacu
1206 3436 1558 3493 tenebrarum
1593 3437 1806 3508 jejunat
1852 3438 1908 3492 in
1944 3452 2036 3493 ca-

2146 3434 2167 3485 δ
2190 3433 2322 3497 Θεὸς
2351 3433 2552 3504 μᾶλλον
2575 3434 2667 3489 τὸν
2692 3436 2753 3488 ἐν
2775 3434 2965 3508 λάκκῳ
3004 3436 3229 3501 σκότους
3260 3437 3595 3507 νηστεύοντα
3618 3440 3725 3509 (39)

451 3532 661 3598 stitate,
702 3546 870 3601 quam
910 3545 1036 3584 eum
1075 3530 1171 3600 qui
1218 3530 1275 3585 in
1314 3530 1471 3586 cellis
1501 3530 1781 3600 penuariis
1809 3531 2036 3601 opipare

2146 3526 2196 3580 ὲν
2243 3527 2604 3601 σωφροσύνῃ,
2656 3528 2689 3599 ἢ
2730 3529 2824 3583 τὸν
2870 3531 2930 3583 ἐν
2980 3531 3229 3601 ταμείοις
3276 3531 3572 3604 τρυφῶντα
3619 3534 3724 3604 (40)

448 3624 787 3679 luxuriatur.
841 3621 947 3688 Qui
991 3631 1174 3677 autem
1232 3622 1297 3677 in
1334 3622 1589 3678 castitate
1635 3622 1770 3677 vivit
1819 3631 1874 3677 et
1918 3624 2036 3678 vult

2146 3618 2281 3691 μετά
2318 3622 2636 3687 ἀκολασίας.
2683 3623 2741 3677 Ὁ
2784 3623 2840 3678 δὲ
2883 3627 2940 3678 ἐν
2978 3625 3301 3699 σωφροσύνῃ
3342 3625 3547 3696 διάγων
3585 3628 3727 3683 θέλει

449 3718 719 3789 gloriam,
749 3727 805 3773 et
848 3719 895 3774 si
931 3719 1149 3775 noverit
1174 3718 1526 3786 Altissimus,
1566 3719 1716 3790 quod
1756 3722 2031 3791 expediat,

2146 3713 2230 3766 καὶ
2277 3711 2458 3778 δόξαν,
2499 3715 2597 3768 καὶ
2645 3717 2694 3769 εί
2740 3711 2881 3770 οἶδεν
2921 3718 2952 3770 6
2978 3717 3264 3787 ”Υψίστος,
3309 3720 3393 3773 ὅτι
3435 3721 3724 3793 συμφέρει,

449 3810 643 3865 tribuit
670 3810 721 3865 ei
748 3819 802 3865 et
828 3809 967 3876 haec,
997 3810 1460 3881 gitemadmodum
1492 3818 1547 3865 et
1572 3811 1729 3866 mihi.
1783 3810 2029 3880 Quoties,

2146 3803 2363 3876 παρέχει
2408 3805 2559 3877 αύτῷ
2601 3808 2697 3861 καὶ
2737 3806 2916 3863 ταῦτα
2953 3807 3088 3880 (41),
3128 3809 3205 3874 ὡς
3231 3810 3418 3881 κάμοί.
3462 3812 3723 3877 Ποσάκις,

448 3902 704 3972 quamvis
758 3902 1052 3969 inﬁrmata,
1081 3902 1363 3957 descendit
1391 3902 1458 3957 ad
1485 3918 1572 3957 me
1612 3903 1927 3971 immature,
1975 3911 2031 3961 et

2146 3895 2337 3968 καίπερ
2378 3897 2699 3964 ἀσθενοῦσα,
2745 3899 2940 3970 κατῄει
2993 3900 3131 3972 πρός
3177 3916 3245 3971 με
3284 3902 3343 3953 ἐν
3378 3901 3580 3973 άωρίᾳ,
3630 3904 3725 3957 καὶ

448 3994 660 4050 audivit
707 4011 896 4050 vocem
945 3996 1055 4050 mei
1102 3995 1352 4051 orantis?
1400 3996 1710 4067 intelligens
1746 4012 1876 4051 vero
1927 4013 2031 4069 ego

2146 3989 2336 4056 ἢκουσε
2374 3988 2476 4060 τῆς
2519 3990 2703 4063 φωνῆς
2749 4010 2849 4065 μου
2897 3993 3373 4066 προσευχομένου;
3430 3994 3630 4050 συνιὼν
3667 3997 3724 4051 δὲ

450 4087 694 4157 suspiria
747 4088 889 4158 ejus,
936 4088 1085 4144 silui.
1136 4087 1351 4143 Etenim
1394 4103 1520 4143 cum
1562 4103 1713 4142 eram
1766 4090 1819 4143 in
1862 4090 2029 4145 domo

2146 4078 2240 4149 ἐγὼ
2264 4081 2391 4145 τοὺς
2419 4087 2759 4156 στεναγμοὺς
2791 4087 2985 4158 αὐτῆς,
3019 4086 3311 4143 ἐσιώπουν.
3355 4091 3470 4144 Kal.
3501 4091 3612 4164 γάρ
3632 4093 3721 4146 ὅτε

444 4179 587 4249 ejus,
629 4179 856 4233 nudavit
890 4180 1113 4235 brachia
1146 4191 1355 4244 sua,et
1373 4191 1618 4250 pectora,
1647 4192 1703 4236 et
1745 4181 1929 4249 tibias,
1970 4193 2030 4239 ut

2146 4170 2277 4242 ιιμην
2324 4172 2381 4225 ἐν
2424 4172 2504 4244 τῷ
2550 4174 2684 4246 οἴκῳ
2732 4177 2924 4248 αὐτῆς,
2973 4177 3211 4250 ἐγύμνου
3260 4181 3388 4244 τοὺς
3435 4181 3721 4255 βραχίονας

444 4268 747 4325 inciderem
784 4269 839 4322 in
879 4285 999 4325 eam
1036 4287 1050 4321 :
1084 4271 1240 4325 valde
1279 4273 1425 4327 enim
1462 4280 1583 4326 erat
1619 4271 1868 4341 pulchra,
1909 4288 2028 4327 ma-

2146 4263 2319 4335 ιύτῆς,
2355 4266 2447 4319 καὶ
2469 4268 2539 4320 τά
2575 4268 2791 4342 στέρνα,
2818 4271 2913 4324 καὶ
2938 4270 3039 4336 τὰς
3066 4272 3304 4343 κνήμας,
3343 4274 3430 4328 ἵνα
3455 4277 3720 4347 συμπέσω

440 4361 701 4432 ttimeque
736 4372 954 4428 ornata,
984 4371 1045 4417 ut
1073 4378 1161 4418 me
1189 4363 1483 4435 deciperet.
1534 4362 1600 4419 Et
1629 4363 1896 4423 Dominus
1926 4381 2025 4420 cu-

444 4453 665 4507 stodivut
693 4468 781 4507 me
809 4469 841 4507 a
868 4454 1155 4509 conatibus
1183 4454 1324 4523 ejus.

514 4610 583 4665 Χ.
630 4629 649 4663 ι
686 4610 876 4667 Videte
922 4612 1109 4683 igitur,
1148 4611 1243 4667 ﬁlii
1314 4614 1457 4680 mei,
1513 4623 1719 4684 quanta
1765 4625 2022 4687 operatur

442 4702 793 4768 sustinentia,
815 4711 870 4757 et
894 4704 1074 4759 oratio
1101 4720 1229 4760 cum
1269 4704 1505 4776 jejunio.
1533 4708 1597 4761 Et
1627 4724 1722 4763 vos
1751 4709 1937 4779 igitur,
1972 4710 2023 4766 si

441 4794 792 4851 sobrietatem
829 4805 884 4851 et
924 4798 1232 4853 castitatem
1271 4800 1564 4856 transeatis
1606 4801 1660 4855 in
1693 4803 2023 4859 sustinentia

439 4897 496 4944 et
535 4889 845 4947 humilitate
887 4892 1093 4955 cordis,
1133 4891 1400 4948 Dominus
1438 4893 1709 4949 habitabit
1747 4896 1801 4950 in
1840 4898 2020 4966 vobis,

437 4981 701 5052 quoniam
732 4981 925 5037 dilexit
963 4983 1336 5039 sobrietatem.
1382 4983 1484 5041 Ubi
1517 5001 1649 5041 vero
1688 4987 1901 5043 habitat
1923 4989 2021 5043 Al-

436 5072 710 5140 tissimus,
751 5073 854 5128 etsi
885 5074 1084 5145 aliquis
1120 5076 1327 5132 incidat
1373 5077 1429 5131 in
1471 5077 1756 5147 invidiam,
1787 5081 1868 5135 vel
1899 5096 2023 5136 ser-

533 5233 626 5303 55)
666 5233 735 5289 Ἡ
750 5232 977 5301 Σηθῶν.
1013 5234 1189 5291 Omis.
1222 5236 1393 5296 Gnts.

537 5305 628 5383 ἕρ)
661 5306 1011 5383 Κολαφισει.
1044 5307 1377 5383 Ιςονδυλίσει,
1409 5309 1915 5383 pugnosimpinget.
1938 5312 2019 5371 In.

661 5376 792 5452 :ta
824 5375 1118 5452 ἀητιποιῇ.
1164 5374 1551 5452 ’Λντ-ιποιῆσᾶι.
1586 5379 1659 5435 In.

533 5439 624 5514 56)
663 5439 738 5515 ⁷ῼ
763 5446 1026 5513 ἡττᾶται.
1068 5439 1246 5504 Deest.
1280 5449 1352 5503 Io.

508 5515 620 5585 (57)
667 5516 785 5591 Thr
830 5517 1075 5586 εἱρκτὴν
1118 5519 1224 5574 τοῦ
1250 5521 1476 5589 Φαραώ.
1532 5519 1610 5577 Ita
1658 5527 1907 5591 emendo,
1949 5546 2018 5586 ex

435 5599 541 5643 ms.
585 5586 914 5665 cod.‘0xon.
947 5603 1048 5665 pro
1076 5591 1300 5665 quibus
1323 5586 1559 5665 antehac
1596 5586 2016 5665 legebatur'ite-

440 5669 563 5707 rum
598 5673 613 5710 :
648 5655 894 5729 Φυλακὴν
950 5655 1009 5717 ἐν
1059 5655 1194 5730 οἶκῳ
1245 5661 1408 5714 αὐτοῦ
1456 5655 1822 5733 ὁΔίγύῖττιος.
1867 5669 2017 5725 ID.—

2126 4356 2207 4419 είς
2236 4355 2409 4427 αὑτήν
2432 4374 2446 4387 ·
2476 4358 2618 4412 πάνυ
2644 4359 2752 4432 γὰρ
2774 4356 2844 4433 ἦν
2875 4362 3076 4436 ὡραία,
3110 4365 3341 4436 μάλιστα
3367 4369 3716 4441 κοσμουμένη

2127 4447 2263 4519 πρὸς
2299 4449 2572 4520 ἀπάτησίν
2612 4468 2734 4522 μου.
2778 4453 2888 4507 Kal.
2933 4456 2963 4509 6
2989 4454 3193 4527 Κύριος
3237 4456 3473 4528 ἐφύλαξέ
3509 4477 3578 4531 με
3616 4459 3720 4515 ἀπὸ

2123 4538 2231 4592 τῶν
2252 4541 2670 4614 ἐγχειρημάτων
2702 4543 2891 4616 αὐτῆς.

2195 4632 2252 4684 I'.
2298 4652 2315 4683 ι
2364 4632 2555 4704 Ὁρᾶτε
2582 4630 2698 4700 οὖν,
2734 4636 2903 4691 τέκνα
2932 4656 3057 4710 μου,
3084 4640 3228 4696 πόσα
3254 4643 3654 4716 κατεργάζεται
3682 4645 3714 4713 ἡ

2125 4720 2390 4792 ὑπομονὴ,
2425 4724 2521 4776 καὶ
2552 4725 2586 4794 ἡ
2613 4725 2890 4797 προσευχὴ
2932 4726 3071 4798 μετά
3096 4729 3370 4799 νηστείας.
3406 4731 3521 4786 Καὶ
3558 4731 3711 4802 ὑμεῖς

2123 4810 2239 4879 οὖν,
2266 4815 2362 4870 ἐὰν
2386 4817 2485 4889 τὴν
2526 4818 2882 4891 σωφροσύνην
2908 4820 3004 4875 καὶ
3040 4821 3141 4894 τὴν
3163 4824 3384 4893 ἁγνείαν
3421 4827 3710 4899 μετέλθητι

2123 4910 2182 4963 ἐν
2220 4908 2466 4983 ὑπομονῇ
2506 4912 2606 4965 ,καὶ
2644 4910 2968 4966 ταπεινώσει
3010 4916 3257 4988 καρδίας,
3295 4917 3501 4990 Κύριος
3536 4932 3713 4975 κατοι-

2123 5001 2282 5073 κήσει
2308 5002 2367 5054 ἐν
2394 5003 2546 5073 ὑμῖν,
2573 5004 2655 5056 ὃτι
2682 5006 2939 5077 ἠγάπησε
2979 4986 3098 5078 τὴν
3130 4986 3508 5083 σωφροσύνην.
3538 5014 3707 5067 Ὅπου

2121 5091 2179 5145 δέ
2217 5097 2461 5147 κατοικεῖ
2493 5095 2523 5147 6
2551 5096 2835 5166 ’Υψιστος,
2879 5099 2985 5154 κάν
3008 5115 3095 5164 τις
3136 5102 3411 5177 περιπέσῃ
3452 5102 3706 5176 φθόνῳ.ῆ

2123 5249 2451 5308 Emendatio
2501 5254 2732 5310 minime
2779 5253 2920 5311 forte
2974 5257 3336 5323 admittenda,
3377 5262 3425 5316 si
3473 5279 3598 5319 cum
3639 5263 3708 5321 iis

2121 5324 2341 5397 quagAde
2366 5323 2621 5397 Egyptia
2650 5326 2836 5397 statim
2866 5326 3197 5397 subdnntur,
3224 5330 3565 5391 conferatur.

2194 5393 2305 5465 (58)
2345 5393 2657 5464 Λυὲρὠω.
2686 5395 2869 5451 Λύσω.
2902 5400 3075 5457 CMB.

2193 5465 2324 5590 (159))
2329 5466 2754 5590 ⁷ἔῖιὶσῖῗξύοντα.
2820 5468 3163 5525 Πιστεύοντα
3210 5486 3499 5542 perperam
3543 5475 3708 5531 habet

2123 5550 2247 5590 (300.
2280 5550 2458 5590 UXOII.
2482 5550 2559 5591 ID.

2350 5607 2712 5687 Zpgpérgz._
2736 5608 3011 5687 Βασιλέων
3038 5612 3164 5672 add.
3191 5613 3314 5671 cod.
3345 5612 3523 5673 Oxon.
3555 5617 3634 5673 In.

2194 5672 2305 5747 (Μ)
2350 5672 2558 5731 Ταῦτα.
2605 5678 2837 5755 Ταύτην.
2887 5682 2965 5741 lo.
