4076 6142
402 295 537 350 1155

1609 281 2135 340 TESTAMENTUM
2170 279 2447 339 JOSEPH.

3515 278 3652 332 1134

395 410 631 480 δουλείᾳ,
676 409 708 479 ἧ
741 407 1070 477 συκοφαντίᾳ
1100 406 1232 478 (42),
1255 405 1459 476 Κύριος
1485 406 1512 457 ὁ
1539 407 1594 458 ἐν
1622 405 1768 474 αύτῷ
1795 419 1953 455 κατοιε

2081 404 2328 465 vitutem,
2363 402 2445 454 vel
2483 399 2837 464 calumniam,
2875 397 3136 452 Dominus
3171 398 3263 467 qui
3304 397 3360 450 in
3404 396 3521 464 ipso
3551 397 3645 451 ha-

396 503 530 564 κῶν,
570 501 658 554 διά
696 502 798 572 τὴν,
835 499 1187 570 σωφροσύνην
1232 500 1292 551 οὐ
1338 499 1496 569 μόνον
1541 500 1604 550 ὲκ
1643 495 1750 549 τῶν
1789 494 1973 548 κακῶν

396 591 602 663 ῥύεται,
639 592 772 645 ἀλλὰ
799 594 892 645 καὶ
929 592 1072 660 ύψοῖ,
1113 592 1207 644 καὶ
1231 589 1441 656 δοξάζει
1483 589 1665 648 αὑτὸν,
1693 587 1767 650 ὡς
1804 585 1968 656 κάμέ.

393 683 618 748 Πάντως
644 684 752 756 γὰρ
784 687 812 737 ὁ
840 683 1144 753 ἄνθρωπος,
1172 681 1205 753 ἢ
1234 685 1290 735 ἐν
1318 681 1481 753 ἔργῳ,
1519 681 1553 751 ἦ
1582 681 1641 732 ὲν
1667 678 1829 749 λόγῳ,
1857 678 1889 748 ἢ
1917 679 1973 730 ἐν

391 777 599 848 διανοίᾳ
641 775 956 847 συνέρχεται
986 775 1117 847 (45).
1145 773 1506 827 Γινώσκουσιν
1531 775 1578 824 οἱ
1603 770 1818 841 ἀδελφοί
1848 786 1968 840 μου,

392 870 509 932 πῶς
536 869 788 939 ἣγάπησέ
819 885 885 938 με
925 870 954 921 ό
981 867 1166 937 πατήρ
1207 884 1306 937 μου
1331 883 1344 895 ο
1390 866 1486 918 κα)⁸
1513 865 1608 929 οὐχ
1639 863 1887 935 ύψούμην
1914 865 1971 916 ἐν

390 965 457 1032 τῇ
485 961 679 1032 καρδίᾳ
721 977 820 1031 μου
846 977 858 990 ·
890 960 1092 1029 καίπερ
1130 962 1320 1032 νήπιος
1361 957 1457 1022 ὢν,
1501 953 1645 1028 εἶχον
1679 956 1772 1010 τὸν
1807 955 1971 1026 φόϐον

389 1055 485 1107 τοῦ
532 1054 666 1108 Θεοῦ
713 1055 772 1107 ἐν
817 1057 882 1125 τῇ
934 1052 1142 1123 διανοίᾳ
1197 1068 1330 1122 μου·
1414 1049 1562 1120 ᾔδειν
1608 1049 1736 1122 γὰρ,
1784 1050 1865 1102 ὅτι
1902 1049 1971 1102 τὰ

391 1145 569 1200 πάντα
614 1145 1049 1217 παρελεύσεται,
1099 1145 1190 1197 καὶ
1238 1143 1498 1214 ἐμέτρουν
1554 1141 1820 1213 ἐμαυτὸν,
1879 1142 1970 1194 καὶ

389 1234 607 1306 ἐτίμουν
632 1237 759 1299 τοὺς
786 1233 1050 1304 ἀδελφούς
1080 1252 1201 1304 μου.
1231 1234 1343 1287 Kal
1369 1232 1456 1286 διὰ
1479 1233 1569 1286 τὸν
1591 1232 1753 1301 φόϐον
1791 1232 1970 1284 αὐτῶν

386 1325 652 1380 ὲσιώπουν
674 1325 1138 1398 πιπρασκόμενος,
1169 1325 1242 1397 μὴ
1269 1327 1444 1379 εἰπεῖν
1465 1326 1576 1388 τοῖς
1605 1325 1968 1396 Ἰσμαηλίταις

386 1415 448 1468 τὸ
473 1417 628 1483 γένος
659 1434 781 1487 μου,
825 1418 906 1469 ὅτι
930 1416 1046 1480 υἱός
1080 1419 1196 1487 είμι
1235 1415 1450 1481 Ἰακὼϐ,
1499 1415 1689 1487 ἀνδρὸς
1733 1415 1966 1486 μεγάλου

384 1509 478 1562 καὶ
500 1509 745 1563 δυνατοῦ.

458 1604 556 1654 ΙΑ’.
584 1621 600 1652 ι
635 1604 742 1657 Kal
765 1604 924 1674 ὑμεῖς
949 1600 1041 1658 οῦν
1065 1603 1214 1675 ἔχετε
1239 1605 1296 1658 ἐν
1323 1602 1517 1676 πράξει
1560 1604 1588 1656 ὑ
1597 1603 1712 1674 μῶν
1736 1605 1826 1656 τὸν
1855 1603 1964 1674 (44)

380 1691 476 1746 τοῦ
519 1693 654 1745 Θεοῦ
702 1694 885 1764 φόϐον,
931 1696 1024 1749 καὶ
1067 1698 1262 1766 τιμᾶτε
1308 1697 1434 1759 τοὺς
1473 1695 1736 1764 ἀδελφοὺς
1787 1695 1959 1765 ὑμῶν.

383 1784 498 1848 Πᾶς
533 1783 642 1856 γὰρ
681 1786 710 1837 ό
747 1786 914 1839 ποιῶν
954 1787 1114 1858 νόμον
1153 1787 1381 1858 Κυρίου,
1421 1785 1832 1858 ἀγαπηθήσεται
1871 1787 1964 1838 ὑπ’

381 1874 568 1928 αὐτοῦ.
643 1874 840 1927 Ἐλθὼν
902 1871 994 1930 οῦν
1056 1879 1137 1940 είς
1198 1876 1590 1940 Ἰνδοκολπίτας
1653 1876 1791 1947 μετὰ
1854 1876 1962 1929 τῶν

393 1965 769 2037 Ἰσμαηλιτῶν,
816 1966 1061 2038 ἠρώτουν
1107 1986 1173 2039 με
1202 1983 1214 1995 ·
1255 1968 1410 2037 κάγὼ
1453 1964 1624 2030 εἷπον,
1662 1969 1742 2020 ὃτι
1778 1967 1962 2032 δοῦλός

379 2060 496 2127 εἰμι
539 2058 596 2123 ἐξ
639 2058 810 2124 οἴκου,
852 2059 940 2113 ἵνα
983 2060 1057 2131 μὴ
1100 2061 1340 2130 αίσχύνω
1375 2061 1504 2124 τοὺς
1544 2059 1805 2129 ἀδελφούς
1837 2077 1957 2131 μου.

376 2151 540 2217 Λέγει
580 2151 636 2203 δέ
684 2169 772 2222 μοι
818 2154 846 2205 ὁ
874 2151 1078 2222 μείζων
1125 2152 1338 2206 αὐτῶνθ
1383 2173 1402 2204 ‹
1431 2154 1504 2206 Οὐ
1544 2149 1595 2205 el
1631 2152 1836 2217 δοῦλος,
1881 2154 1961 2206 ὅτι

377 2241 473 2293 xal
501 2242 674 2312 ἠόψις
703 2261 796 2296 σου
823 2244 972 2314 δηλοῖ
996 2244 1120 2316 περὶ
1155 2244 1250 2297 σοῦ
1269 2261 1282 2274 ο
1313 2265 1331 2295 ι
1379 2246 1476 2297 καὶ
1501 2244 1712 2314 ἠπείλει
1742 2263 1829 2316 μοι
1857 2245 1961 2310 ἕως

377 2332 636 2387 θανάτου.
703 2334 843 2404 Ἐγὼ
885 2335 942 2388 δέ
987 2336 1190 2404 ἔλεγον,
1239 2337 1319 2390 ὅτι
1367 2336 1553 2400 δοῦλος
1600 2338 1778 2391 αὐτῶν
1822 2341 1955 2409 είμι.

389 2420 478 2485 Ὡς
515 2422 570 2474 δὲ
607 2422 841 2495 ἤλθομεν
885 2427 964 2488 είς
987 2425 1280 2494 Αἴγυπτον,
1322 2427 1450 2499 περὶ
1494 2427 1628 2498 ἐμοῦ
1672 2431 1954 2500 ἐμάχοντο,

374 2511 460 2575 τίς
505 2515 774 2584 προσδοὺς
813 2518 1034 2589 χρυσίον
1074 2519 1214 2592 λάϐῃ
1257 2537 1343 2590 με.
1395 2519 1537 2572 Διότι
1581 2522 1744 2574 πᾶσιν
1782 2521 1958 2588 ἔδοξεν

377 2600 520 2657 εἷναί
573 2623 639 2677 με
690 2609 770 2670 είς
815 2608 1087 2677 Αἴγυπτον
1150 2611 1283 2684 πρὸς
1344 2611 1636 2682 μετάϐολον
1689 2592 1958 2685 ἐμπορίας

375 2696 575 2760 αὐτῶν,
611 2698 715 2762 ἕως
743 2701 1110 2772 ὲπιστρέψωσι
1157 2703 1414 2773 φέροντες
1469 2704 1756 2775 ἐμπορίαν.
1787 2707 1899 2759 Καὶ
1929 2707 1956 2757 ὁ

376 2788 578 2859 Κύριος
603 2789 770 2844 ἔδωκέ
807 2810 894 2863 μοι
923 2795 1080 2865 χάριν
1105 2795 1162 2846 ἐν
1191 2795 1486 2865 ὀφθαλμοῖς
1512 2796 1605 2849 τοῦ
1637 2797 1952 2868 μεταϐόλου,

374 2881 470 2933 καὶ
509 2881 791 2936 ἐπίστευσέ
838 2903 926 2956 μοι
968 2886 1060 2938 τὸν
1103 2883 1249 2939 οἷκον
1290 2887 1476 2944 αὐτοῦ.
1515 2891 1624 2943 Kal
1664 2890 1956 2961 εὐλόγησεν

375 2972 536 3025 αὐτὸν
571 2976 598 3026 ὁ
621 2975 821 3045 Κύριος
845 2979 903 3028 ὲν
929 2979 1070 3048 χειρί
1101 2995 1200 3050 μου
1217 3019 1232 3041 ,
1261 2979 1356 3033 xal
1391 2979 1686 3050 ἐπλήθυνεν
1711 2983 1871 3035 αὑτὸν
1898 2984 1954 3036 ἐν

373 3064 619 3137 ἀργυρίῳ
660 3070 753 3121 καὶ
797 3069 1032 3139 χρυσίῳ·
1081 3072 1176 3123 καὶ
1225 3071 1372 3141 ἤμην
1420 3073 1536 3141 μετ’
1575 3073 1738 3125 αὐτοῦ
1777 3074 1953 3144 μῆνας

2058 3089 2240 3143 minus
2287 3087 2552 3140 in'manu
2592 3101 2736 3148 mea,
2781 3092 2836 3138 et
2875 3081 3117 3152 implevit
3161 3096 3284 3134 eum
3327 3089 3551 3150 argento
3577 3089 3630 3135 et
3726 3101 3736 3110 ·

371 3157 539 3224 τρεῖς,
570 3157 664 3210 καὶ
691 3157 903 3228 ἡμέρας
932 3158 1115 3211 πέντε.

442 3339 543 3392 IB'.
590 3358 608 3390 ι
643 3341 780 3393 Κατ’
807 3341 1016 3392 ἐκεῖνον
1049 3340 1107 3393 δὲ
1146 3341 1238 3392 τὸν
1266 3341 1470 3411 καιρὸν-
1497 3339 1697 3417 παρῄει
1736 3345 1768 3414 ἡ
1798 3344 1956 3415 Μεμ-

369 3432 470 3501 φία
499 3432 608 3501 (45)
641 3431 776 3503 γυνὴ
813 3431 906 3484 τοῦ
944 3431 1182 3500 Πετεφρὶ
1213 3431 1320 3502 (46)
1362 3433 1500 3503 μετὰ
1537 3434 1693 3506 δόξης
1729 3436 1951 3507 πολλῆς,

369 3522 465 3574 καὶ
511 3522 776 3574 ἐπέϐαλεν
814 3522 901 3574 ἐπ’
945 3523 1046 3593 ἐμὲ
1089 3522 1216 3585 τοὺς
1270 3523 1584 3595 ὀφθαλμοὺς
1627 3527 1794 3597 αὐτῆς
1819 3544 1832 3556 ·
1872 3528 1951 3581 ὅτι

369 3611 521 3668 εἷπον
546 3615 681 3688 αὐτῇ
709 3614 758 3667 οἱ
787 3614 1036 3686 εὐνοῦχοι
1061 3615 1189 3688 περὶ
1213 3615 1368 3686 ἐμοῦ.
1393 3618 1502 3671 Kal
1529 3617 1675 3686 λέγει
1701 3618 1778 3689 τῷ
1800 3621 1952 3692 ἀνδρὶ

367 3708 537 3778 αὐτῆς
580 3708 708 3779 περὶ
749 3706 842 3760 τοῦ
874 3707 1191 3778 μεταϐόλου,
1223 3709 1308 3762 ὅτι
1344 3709 1679 3782 ἐπλούτησεν
1722 3713 1780 3764 ἐν
1807 3714 1950 3784 χειρὶ

367 3799 488 3854 νέου
537 3801 679 3864 τινὸς
739 3799 989 3872 Ἐϐραίου
1014 3818 1026 3830 ·
1090 3795 1308 3869 λέγουσι
1353 3802 1410 3854 δέ
1435 3843 1449 3866 ,
1501 3803 1583 3855 ὅτι
1639 3805 1732 3857 καὶ
1776 3804 1946 3876 κλοπῇ

367 3895 602 3966 ἔκλεψαν
651 3899 813 3952 αὐτὸν
859 3901 924 3953 ἐκ
972 3901 1074 3972 γῆς
1124 3898 1362 3957 Χαναάν.
1421 3900 1534 3954 Νῦν
1583 3895 1677 3955 οὖν
1726 3901 1948 3974 ποίησον

369 3989 486 4058 μετ’
524 3990 688 4043 αὐτοῦ
732 3992 934 4062 κρίσιν,
969 3995 1064 4046 καὶ
1105 3993 1306 4063 ἀφελοῦ
1338 3994 1428 4048 τὸν
1457 3996 1672 4048 νεανίαν
1696 3997 1775 4059 εἰς
1799 3997 1944 4048 οἰκο-

365 4083 528 4153 νόμον
569 4083 680 4156 (47)
727 4103 820 4138 σου
844 4103 858 4115 ·
906 4087 999 4140 καὶ
1038 4086 1320 4159 εὐλογήσει
1367 4104 1426 4140 σε
1470 4089 1498 4140 ό
1535 4073 1643 4143 τῶν
1683 4088 1945 4160 Ἑϐραίων

365 4172 517 4240 Θεὸς,
546 4175 627 4228 ὅτι
654 4177 812 4246 χάρις
840 4177 902 4229 ἐκ
927 4174 1020 4229 τοῦ
1043 4177 1274 4248 ούρανοῦ
1304 4179 1450 4231 ἐστιν
1483 4180 1569 4230 ἐπ’
1595 4177 1758 4248 αὐτῷ.

435 4266 532 4317 II".
580 4286 600 4318 ι
659 4268 716 4320 '0
759 4267 816 4320 δέ
857 4269 1122 4340 Πετεφρὶς
1169 4270 1279 4340 (48)
1327 4271 1568 4334 πεισθεὶς
1612 4275 1724 4335 τοῖς
1767 4271 1944 4340 λόγοις

2078 496 2235 554 bitat.
2283 501 2502 562 propter
2545 493 2846 546 castitatem
2882 507 2988 544 non
3021 491 3198 544 solum
3241 505 3274 542 a
3305 487 3462 542 malis
3509 489 3647 542 libe-

2075 597 2182 649 rat,
2212 587 2303 641 sed
2336 597 2389 640 et
2415 585 2619 640 exaltat
2647 593 2701 638 et
2730 584 2995 654 gloriﬁcat
3025 584 3226 652 ipsum,
3256 582 3402 636 sicut
3447 591 3502 636 et
3536 599 3642 638 me.

2075 678 2312 734 Omnino
2355 677 2498 732 enim
2552 678 2738 742 homo,
2779 677 2862 730 vel
2908 677 2961 730 in
3011 692 3195 746 opere,
3239 678 3321 731 vel
3371 678 3424 731 in
3453 679 3640 742 verbo,

2075 774 2158 828 vel
2207 773 2260 825 in
2308 771 2642 842 cogitatione
2682 769 3014 824 continetur.
3059 770 3410 840 Cognoscunt
3447 771 3642 828 fratres

2075 868 2203 929 mei,
2247 866 2479 936 qualiter
2509 864 2698 918 dilexit
2728 878 2816 916 me
2851 871 3006 932 pater
3041 878 3228 918 meus:
3263 872 3316 916 et
3356 879 3462 918 non
3491 866 3644 919 exal-

2073 972 2218 1016 tatus
2259 975 2379 1013 sum
2424 959 2476 1012 in
2517 959 2679 1012 corde
2716 973 2873 1018 meo;
2907 957 3158 1026 quamvis
3187 971 3320 1025 puer
3347 959 3635 1023 exsistens,

2073 1053 2340 1108 habebam
2375 1051 2625 1104 timorem
2659 1048 2753 1102 Dei
2790 1048 2844 1101 in
2886 1058 3066 1102 mente
3109 1064 3250 1102 mea.
3298 1047 3443 1103 Scivi
3471 1053 3636 1116 enim,

2072 1142 2218 1214 quod
2266 1143 2448 1196 omnia
2502 1141 2832 1205 transibunt,
2883 1148 2937 1193 et
2979 1139 3303 1194 moderabar
3349 1141 3636 1210 mcipsum,

2071 1243 2125 1289 et
2161 1233 2497 1290 honorabant
2549 1230 2748 1286 fratres
2784 1230 2966 1294 meos;
3011 1241 3065 1284 et
3109 1239 3330 1299 propter
3389 1231 3636 1286 timorem

2070 1346 2261 1384 eorum
2313 1329 2438 1384 silui
2478 1327 2752 1390 venditus,
2798 1337 3020 1403 utnon
3064 1327 3301 1380 dicerem
3354 1326 3640 1381 lsmaelitis

2072 1439 2242 1496 genus
2279 1438 2485 1488 meum,
2521 1420 2666 1490 quod
2699 1419 2842 1474 ﬁlius
2879 1435 3053 1474 essem
3083 1418 3272 1484 Jacob,
3310 1420 3411 1474 viri
3458 1423 3640 1492 magni

2069 1531 2123 1573 et
2146 1517 2403 1588 potentis.

2139 1611 2232 1665 XI.
2281 1630 2300 1662 ε
2327 1609 2400 1664 Et
2426 1623 2526 1662 vos
2553 1609 2719 1679 igitur
2742 1607 2936 1662 habete
2981 1607 3034 1661 in
3079 1614 3201 1662 actu
3231 1614 3415 1661 vestro
3442 1607 3537 1661 Dei‘
3574 1607 3642 1660 ti-

2068 1720 2301 1770 morem,
2347 1712 2402 1758 et
2440 1702 2702 1757 honorate
2751 1701 2946 1756 fratres
2984 1709 3218 1755 vestros.
3265 1699 3454 1755 Omnis
3493 1701 3642 1755 enim

2066 1801 2160 1870 qui
2189 1799 2320 1853 facit
2348 1799 2519 1868 legem
2553 1795 2673 1857 Dei,
2704 1795 2962 1864 diligetur
2987 1797 3054 1849 ab
3094 1795 3236 1864 ipso.
3267 1793 3504 1848 Veniens
3536 1795 3642 1863 igi-

2063 1900 2154 1942 tur
2201 1888 2265 1941 ad
2311 1885 2679 1954 Indoeolpitas
2714 1899 2836 1938 cum
2888 1884 3193 1949 Ismaelitis,
3234 1885 3644 1954 interrogabant

2066 2001 2188 2040 me:
2222 1994 2276 2039 et
2308 2000 2407 2055 ego
2435 1983 2704 2049 dicebam,
2745 1982 2890 2052 quod
2932 1995 3125 2036 servus
3152 1995 3328 2034 essem
3363 1995 3428 2033 ex
3452 1980 3638 2044 domo,

2064 2086 2124 2131 ut
2163 2091 2269 2130 non
2311 2072 2704 2129 confunderem
2746 2071 2945 2126 fratres
2976 2087 3148 2125 meos.
3184 2069 3325 2124 Dicit
3347 2084 3476 2123 vero
3503 2071 3639 2124 mihi

2063 2169 2242 2237 major
2283 2181 2471 2222 eorum
2500 2183 2511 2216 :
2550 2184 2568 2217 ι
2604 2163 2723 2218 Νοη
2764 2180 2824 2218 es
2854 2179 3067 2228 servus,
3099 2163 3360 2232 quoniam
3399 2172 3451 2216 et
3480 2177 3640 2231 aspe—

2063 2269 2184 2316 ctus
2233 2267 2363 2312 tuus
2415 2257 2653 2313 ostendit
2691 2257 2757 2310 de
2801 2264 2884 2321 te;
2917 2274 2936 2306 ›
2993 2262 3046 2307 et
3085 2255 3324 2308 minatus
3375 2264 3458 2308 est
3501 2255 3638 2307 mihi

2062 2367 2239 2422 usque
2271 2351 2339 2405 ad
2365 2357 2620 2404 mortem.
2674 2347 2787 2418 Ego
2816 2361 2945 2400 vero
2972 2345 3240 2410 dicebam,
3269 2347 3413 2414 quod
3445 2361 3638 2400 servus

2062 2445 2306 2514 ipsorum
2350 2457 2548 2497 essem.
2608 2438 2676 2494 Ut
2717 2448 2896 2492 autem
2948 2437 3196 2492 venimus
3236 2437 3290 2489 in
3315 2435 3632 2507 Egyptum,

2049 2511 2128 2589 de
2159 2548 2247 2587 me
2279 2531 2663 2591 decertabant,
2713 2528 2836 2597 quis
2877 2527 3083 2580 addens
3127 2525 3442 2579 thesaurum
3491 2523 3637 2578 acci-

2060 2631 2211 2694 peret
2238 2637 2345 2677 me.
2383 2619 2512 2674 Ideo
2537 2619 2742 2688 placuit
2781 2616 3058 2677 omnibus,
3091 2625 3151 2668 ut
3175 2627 3353 2667 essem
3389 2614 3442 2665 in
3466 2609 3636 2681 Egy-

2060 2723 2154 2786 pto
2182 2715 2322 2786 apud
2355 2711 2752 2784 negotiatorem
2804 2705 3192 2777 negotiationis
3235 2705 3502 2774 ipsorum,
3542 2719 3634 2756 us-

2059 2823 2278 2879 quequo
2336 2815 2740 2863 reverterentur
2780 2801 3018 2856 ferentes
3064 2801 3510 2872 negotiationem.
3566 2795 3634 2851 Et

2059 2901 2324 2957 Dominus
2365 2901 2515 2955 dedit
2542 2898 2676 2953 mihi
2703 2897 2931 2967 gratiam
2965 2895 3019 2947 in
3051 2894 3223 2949 oculis
3253 2893 3628 2962 negotiatoris,

2057 3005 2111 3050 et
2145 2995 2378 3050 credidit
2407 2993 2542 3047 mihi
2573 2992 2801 3046 domum"
2831 2983 3011 3043 suam.
3045 2986 3111 3042 Et
3137 2986 3414 3042 benedixit
3441 2987 3490 3040 ei
3522 2985 3631 3039 Do-

2056 3193 2228 3244 auro;
2261 3188 2316 3232 et
2344 3192 2494 3230 eram
2525 3193 2649 3231 cum
2678 3177 2796 3245 ipso
2827 3174 3109 3228 mensibus
3139 3173 3334 3236 tribus,
3358 3183 3411 3226 et
3437 3173 3628 3228 diebus

2054 3271 2314 3340 quinque.
3599 3279 3602 3282 ’

2126 3359 2241 3416 XII.
2291 3379 2309 3412 ι
2353 3358 2664 3414 Secundum
2712 3360 2844 3414 illud
2897 3367 3112 3429 tempus
3167 3359 3418 3414 transivit
3459 3357 3627 3414 Mem-

2053 3448 2258 3518 phitica
2292 3448 2490 3502 mulier
2519 3447 2770 3517 Petephri
2800 3464 2922 3503 cum
2966 3449 3136 3519 gloria
3170 3449 3359 3510 multa,
3395 3457 3449 3502 et
3489 3449 3626 3518 inje-

2053 3544 2128 3597 cit
2157 3558 2320 3612 super
2347 3557 2435 3595 me
2462 3542 2651 3597 oculos
2677 3556 2842 3608 suos;
2875 3541 3136 3611 quoniam
3166 3541 3420 3596 dixerant
3449 3541 3498 3594 ei
3521 3556 3624 3594 eu-

2053 3637 2220 3691 nuchi
2275 3636 2342 3690 de
2386 3650 2496 3690 me.
2549 3634 2616 3688 Et
2653 3635 2786 3689 dicit
2833 3635 2956 3688 viro
3000 3648 3102 3688 suo
3149 3634 3216 3688 de
3265 3635 3622 3703 negotiatore,

2051 3729 2197 3798 quod
2235 3729 2438 3782 ditatus
2474 3735 2618 3782 esset
2653 3727 2706 3781 in
2747 3742 2910 3781 manu
2951 3726 3174 3796 juvenis
3203 3727 3485 3796 cujusdam
3517 3724 3622 3780 Ile—

2049 3819 2182 3876 braei
2214 3841 2226 3874 :
2265 3820 2456 3875 dicunt
2503 3833 2654 3886 vero,
2688 3820 2835 3889 quod
2874 3817 3022 3873 furto
3061 3818 3226 3874 furati
3271 3827 3455 3874 essent
3494 3834 3621 3874 eum

2050 3913 2118 3968 de
2148 3920 2288 3966 terra
2314 3911 2599 3966 Chanaan.
2631 3908 2786 3964 Nunc
2815 3925 2945 3980 ergo
2973 3908 3064 3964 fac
3093 3925 3218 3964 cum
3241 3925 3306 3964 eo
3328 3909 3619 3979 judicium,

2049 4014 2102 4060 et
2128 4003 2283 4059 aufer
2307 4004 2564 4074 juvenem
2609 4005 2663 4057 in
2689 4004 3122 4073 dispensatorem
3158 4012 3343 4068 tuum;
3379 4011 3430 4058 et
3457 4004 3618 4058 bene-

2047 4097 2189 4153 dicet
2215 4097 2311 4152 tibi
2338 4096 2483 4152 Deus
2506 4095 2878 4164 Hebraeorum,
2906 4097 3164 4166 quoniam
3189 4097 3358 4167 gratia
3387 4112 3450 4150 ex
3479 4095 3618 4150 cmlo

2047 4197 2131 4243 est
2163 4188 2217 4242 in
2248 4189 2386 4258 ipso.

2119 4277 2262 4334 XIII.
2313 4297 2332 4329 ε
2367 4277 2651 4348 Petephris
2698 4295 2824 4334 vero
2855 4294 3150 4349 persuasus
3178 4280 3359 4335 verbis
3418 4279 3612 4348 ipsius.

363 4355 554 4425 αὐτῆς,
598 4357 884 4414 ἐκέλευσεν
924 4359 1156 4430 ἀχθῆναι
1191 4361 1284 4413 τὸν
1323 4362 1637 4432 μετάϐολον,
1676 4363 1770 4416 καὶ
1796 4363 1943 4431 λέγει

2058 4370 2208 4436 iussit
2237 4370 2430 4426 adduci
2464 4371 2880 4440 negotiatorem,
2908 4379 2961 4424 et
2982 4371 3116 4425 dicit
3141 4371 3189 4424 ei
3219 4387 3233 4422 :
3275 4388 3292 4419 ι
3327 4368 3468 4435 Quid
3501 4369 3614 4424 haec

362 4448 510 4518 αὐτῷ
535 4466 548 4479 ’
586 4468 603 4500 ι
630 4450 694 4502 Τί
720 4449 892 4503 ταῦτα
919 4451 1122 4515 ἀκούω,
1151 4453 1232 4505 ὅτι
1257 4431 1510 4518 κλέπτεις
1552 4454 1726 4528 ψυχὰς
1751 4455 1814 4508 ἐκ
1838 4457 1938 4527 γῆς

2058 4462 2231 4527 tudio,
2277 4462 2422 4532 quod
2469 4461 2669 4517 furaris
2700 4461 2911 4516 animas
2954 4477 3021 4515 ex
3058 4473 3198 4516 terra
3235 4458 3610 4525 Hebraeorum,

375 4543 641 4614 Ἐϐραίων
668 4543 776 4615 (49)
804 4546 882 4608 είς
910 4545 1105 4608 παῖδας
1136 4546 1488 4617 μετεμπολῶν
1516 4546 1663 4618 (51);
1696 4567 1713 4597 ι
1751 4547 1938 4601 Πεσὼν

362 4631 453 4688 οὖν
481 4637 572 4688 ἐπὶ
599 4636 886 4706 πρόσωπον
912 4635 1078 4689 αὐτοῦ
1119 4639 1147 4691 ὁ
1176 4639 1489 4707 μετάϐολος,
1533 4639 1708 4693 ἐδέετο
1729 4640 1899 4709 λέγων
1919 4658 1931 4670 ·

367 4745 386 4774 ι
427 4727 626 4797 Δέομαί
680 4745 772 4780 σου
802 4767 816 4789 ,
861 4728 1052 4799 κύριε,
1099 4730 1200 4782 οὐκ
1240 4725 1356 4782 οἶδα
1401 4731 1428 4782 ὂ
1469 4730 1666 4799 λέγεις.
1714 4749 1734 4782 ›
1789 4732 1846 4784 Ὁ
1879 4732 1936 4784 δὲ

361 4817 499 4889 ἔφη·
559 4839 576 4871 ι
609 4821 776 4875 Πόθεν
821 4817 912 4874 οὖν
968 4823 996 4874 ὁ
1041 4824 1170 4884 παῖς
1219 4839 1301 4875 σοι
1344 4825 1373 4876 ὁ
1429 4823 1712 4894 Ἑϐραῖος;
1753 4843 1771 4876 ι
1826 4825 1936 4877 Kal

359 4907 544 4965 εἶπεννο
597 4932 615 4962 ‹
645 4915 706 4965 Οἱ
747 4913 1084 4986 Ἱσμαηλῖται
1135 4915 1430 4985 παρέοεντό
1476 4935 1564 4986 μοι
1603 4918 1784 4980 αὑτὸν,
1829 4918 1932 4982 ἓως

392 5086 544 5161 ,(42)
605 5091 681 5145 Ἢ
717 5093 1108 5161 συκοφαντίᾳ.
1183 5089 1254 5144 Ἢ
1312 5094 1529 5153 σκότει,
1607 5097 1754 5150 addit
1804 5095 1928 5150 cod.

359 5153 536 5243 Oxon.
566 5162 784 5284 ogynissis
823 5153 1174 5230 sequentibus
1222 5179 1254 5218 a
1280 5163 1484 5231 Κύριος
1525 5180 1695 5235 usque
1724 5183 1928 5236 σωφρο-

361 5245 544 5284 σύνην.
632 5247 756 5284 nan.

361 5245 544 5299 συνην.
584 5245 756 5284 bum.

429 5300 540 5422 (45)
580 5300 955 5368 Συιι·ἐρχεται.
989 5304 1274 5376 Συνέχεται
1298 5320 1404 5359 ms.
1438 5304 1590 5359 Trin.
1622 5305 1698 5360 ID.

452 5370 541 5422 44)
579 5370 794 5422 ﬂorifer
827 5373 993 5422 ὐιιῶν
1026 5375 1151 5422 τόν-
1203 5377 1356 5422 “dum
1401 5373 1595 5422 ποάξει
1636 5378 1698 5422 Du

452 5370 541 5452 4i)
579 5370 794 5452 [Ιράξει
827 5373 993 5452 ᾥμῶν
1026 5370 1155 5428 τόφῆ
1202 5377 1359 5449 Πάσῃ
1401 5373 1595 5446 πράξει
1636 5377 1788 5447 ὑμῶν
1827 5379 1931 5449 πρὸ

353 5429 652 5512 ὀφθαλμῶν
683 5429 792 5502 τόν.
830 5429 904 5496 ID.

355 5511 544 5634 11)(45)
577 5515 829 5582 Μεμφία.
857 5515 1077 5579 Μειιφὶς
1109 5520 1141 5588 ἡ
1175 5516 1503 5588 ἐλλακπίνη*
1525 5518 1618 5571 τοῦ
1634 5520 1925 5592 πεντεφρῆ.

391 5721 403 5732 .
431 5651 541 5732 ($6)
582 5656 851 5723 Πετερρί.
901 5655 1105 5732 Itanis,
1127 5657 1218 5726 qui
1260 5658 1312 5712 in
1339 5658 1796 5732 IIebrzco_dieitiir
1820 5661 1928 5732 Po-

363 5724 558 5788 tiuhar,
604 5737 829 5780 vocatur
861 5743 888 5779 a
920 5727 1059 5780 LXX
1089 5724 1241 5798 juxta
1272 5731 1550 5801 exemplar
1581 5728 1925 5800 Vaticanum,

2040 4557 2092 4610 in
2128 4556 2314 4625 pueris
2353 4555 2648 4611 vendendis
2683 4556 2841 4625 (50)?
2870 4573 2888 4607 ι
2922 4555 3135 4609 Cadens
3166 4555 3330 4623 igitur
3366 4554 3609 4622 negotia-

2037 4661 2123 4707 tor
2150 4653 2204 4706 in
2232 4651 2424 4706 faciem
2452 4667 2628 4717 suam,
2658 4651 2980 4720 precabatur
3001 4650 3189 4703 dicens
3213 4665 3226 4699 :
3259 4667 3277 4698 ι
3307 4647 3506 4700 Precor
3535 4656 3605 4710 te,

2037 4746 2278 4811 domine,
2308 4760 2416 4798 non
2442 4744 2569 4797 novi
2601 4743 2730 4813 quid
2756 4743 2910 4797 dicis.
2946 4761 2964 4793 ι
3005 4741 3096 4793 Ille
3117 4755 3244 4793 vero
3271 4740 3346 4792 ait
3373 4757 3387 4792 :
3421 4755 3437 4786 ι
3457 4737 3608 4791 Unde

2036 4837 2200 4908 igitur
2240 4838 2333 4891 tibi
2379 4853 2510 4906 puer
2538 4835 2840 4892 Hebrmns?
2869 4857 2887 4886 ι
2935 4834 3000 4888 Ει
3035 4833 3175 4888 dixit
3212 4852 3224 4886 :
3269 4852 3286 4883 ‹
3324 4831 3606 4885 Ismaelitze

2035 4930 2558 4984 commendaverunt
2597 4929 2726 4982 mihi
2773 4929 2972 4996 ipsum,
3015 4940 3299 4996 usquequo
3325 4931 3605 4977 revertan—

2032 5107 2147 5178 nisi
2162 5107 2313 5178 quod
2353 5107 2773 5178 ﬁlocolbahet.
2808 5105 2882 5178 In.

2104 5173 2213 5246 (47)
2256 5173 2598 5246 Οἱκὸνιζιιον.
2631 5173 2808 5228 Οἷκον.
2839 5175 2918 5246 ID.

2103 5245 2210 5385 (48)
2249 5245 2553 5315 Πετερρίς.
2586 5245 2917 5316 Πεντεφρῆς.
2950 5249 3024 5301 ID.

2127 5317 2214 5385 49)
2266 5319 2561 5384 Ἑϐραίων.
2590 5317 2827 5368 Χαναὰν.
2866 5316 2941 5372 ID.

2127 5316 2214 5384 49)
2266 5319 2561 5384 Ἑϐραίων.
2590 5317 2827 5368 Χαναὰν.
2866 5316 2941 5372 ID.

2104 5319 2190 5385 (49
2266 5319 2561 5384 Ἑϐραίων.
2590 5319 2827 5368 Χαναάν.
2866 5319 2941 5372 ID.

2104 5319 2214 5459 (50)
2256 5387 2318 5440 In
2358 5390 2531 5459 pueris
2575 5387 2895 5459 nendendisa
2944 5389 3007 5444 In
3039 5403 3224 5458 pueros
3251 5388 3496 5447 vendens,
3540 5385 3594 5438 id

2030 5457 2202 5514 cst'in‘
2232 5475 2418 5511 servos
2449 5458 2560 5509 sive
2591 5457 2845 5509 famulos.
2882 5458 2956 5512 ID.

2101 5529 2208 5598 (Sil)
2252 5526 2669 5598 Μετεμεζολῶν.
2743 5526 3097 5597 Ἀπεμπολῶν
3155 5523 3355 5578 rectius
3379 5523 3596 5598 legitur

2031 5601 2084 5653 in
2111 5594 2241 5652 'coil.
2269 5594 2442 5650 Oxon.
2478 5595 2660 5664 Neque
2690 5612 2832 5649 enim
2861 5594 3087 5650 verbum
3135 5594 3492 5665 μετεμπολάω
3538 5597 3593 5648 in

2029 5669 2141 5724 ullo
2167 5669 2430 5738 scriptore
2459 5668 2652 5737 legisse
2687 5667 2926 5723 tuemini.
2954 5668 3027 5722 ID.
