4076 6142
373 252 382 262 ’
453 250 613 306 ’1155

1444 250 1908 308 TESTAMENTA
1938 250 2034 306 XII
2066 251 2688 312 PATRIARCHARUM.

3615 251 3746 304 “56

481 381 592 426 tur.
627 385 647 419 ι
693 364 758 420 Et
795 379 905 420 non
929 365 1182 420 -cr'edidit
1222 365 1310 431 ei;
1359 366 1454 420 sed
1501 367 1672 436 jussit
1715 367 1923 422 nudum
1971 366 2066 422 fla-

2170 362 2232 423 οῦ
2269 371 2656 443 ἐπιστρέψωσι.
2691 390 2710 423 ι
2758 371 2869 424 Kal.
2910 369 3012 423 οὐκ
3049 360 3585 439 ὲπίστευσενάὐτῷ·
3636 364 3749 416 ἀλλ’

475 460 662 531 gellari
704 473 852 514 eum.
875 496 879 500 -
905 457 1224 515 Sustinente
1261 474 1392 513 vero
1432 473 1523 524 eo,
1569 458 1709 514 dixit
1731 459 2052 529 Petephris:

482 551 832 605 cAdducatur
861 550 1102 620 juvenis.
1131 572 1150 604 ο
1186 549 1253 605 Ει
1281 551 1541 606 inductus
1571 551 1872 621 supplicavi
1902 551 2060 621 prin;

475 643 582 713 cipi
633 643 1055 709 cunuchorum;
1112 642 1306 697 tertius
1357 642 1504 697 enim
1555 644 1755 697 eratin
1797 643 2062 714 dignitate

475 731 618 803 apud
648 731 1012 800 Pharaonem,
1079 733 1340 804 princeps
1369 734 1612 788 omnium
1657 735 2058 803 cunuchorum,

477 823 687 880 habens
719 840 943 890 uxores,
974 835 1028 880 et
1049 826 1410 892 concubinas,
1443 834 1500 881 et
1521 826 1683 881 ﬁlios.
1714 825 1783 882 Et
1811 843 1938 883 cum
1975 843 2062 883 me

475 929 724 971 seorsum
771 916 1040 982 duxisset,
1075 918 1214 973 dixit
1252 935 1264 970 :
1307 935 1327 969 ι
1376 916 1579 974 Servus
1610 934 1692 985 es,
1725 935 1794 974 an
1835 919 2054 976 liber?»

475 1016 531 1063 et
551 1009 798 1064 dicebam
829 1027 842 1063 :
901 1009 1174 1066 (Servus.
1211 1030 1230 1064 ι
1267 1010 1333 1067 Et
1367 1011 1500 1067 dicit
1525 1012 1702 1066 mihi:
1737 1031 1756 1065 ι
1791 1012 1965 1083 Cujus
2002 1029 2062 1069 es

477 1102 758 1156 servus“
804 1099 872 1156 Et
893 1101 1017 1158 dico
1041 1103 1092 1158 ei
1139 1122 1151 1158 :
1194 1123 1211 1156 ι
1242 1103 1660 1160 lsmaelitarum.
1693 1125 1712 1158 ι
1765 1106 1831 1162 Et
1857 1123 2062 1163 rursus

477 1191 617 1248 dixit
645 1192 820 1247 mihi:
859 1211 878 1245 ι
915 1193 1161 1258 Qualiter
1192 1195 1440 1265 ipsorum
1479 1195 1658 1252 factus
1681 1211 1744 1252 es
1773 1200 2007 1254 servus?
2037 1218 2056 1251 ›

477 1283 548 1340 Et
573 1285 818 1340 dicebam
849 1304 862 1340 :
891 1283 1210 1352 «.Quoniam
1245 1302 1310 1341 ex
1350 1297 1496 1342 terra
1521 1287 1781 1344 Chanaan
1811 1301 2063 1346 emerunt

480 1394 588 1434 me.
627 1377 761 1434 ollle
788 1393 921 1434 vero
958 1393 1068 1434 non
1117 1379 1370 1444 credidit,
1405 1380 1595 1438 dicens
1625 1397 1640 1434 :
1675 1401 1694 1434 ι
1725 1381 2002 1452 Mentiris;
2036 1402 2056 1436 ›

455 1479 535 1526 «οι
564 1471 773 1526 nudum
805 1470 974 1542 jussit
999 1485 1086 1525 me
1117 1471 1401 1543 ﬂagellari.

481 1625 488 1634 ,
547 1561 688 1618 XIV.
758 1580 778 1615 ι
817 1561 1167 1631 Memphitica
1229 1578 1363 1619 vero
1429 1563 1566 1619 vidit
1614 1580 1709 1636 per
1746 1564 2048 1621 fenestram

482 1670 571 1710 me
615 1654 968 1726 flagellatum,
1005 1665 1060 1710 et
1089 1656 1256 1710 mittit
1281 1656 1348 1710 ad
1394 1655 1575 1711 virum
1618 1673 1800 1722 suum,
1828 1656 2056 1713 dicens:

2161 459 2412 514 ἐκέλευσε
2456 461 2659 532 γυμνὸν
2700 460 2997 515 τύπτεσθαι
3039 459 3224 513 αὐτόν.
3269 459 3648 529 Ἐπιμένοντος
3695 453 3751 507 δὲ

2161 552 2351 617 αὐτοῦ,
2401 552 2548 622 λέγει
2587 557 2617 608 ὁ
2642 555 2946 626 Πετεφρίς·
3009 572 3028 604 ι
3070 552 3319 624 Ἀχτιήτω
3356 550 3472 622 (52)
3513 552 3543 604 ὁ
3568 550 3744 603 νεανίο

2163 660 2312 708 σκος.
2344 663 2364 696 ι
2395 644 2506 698 Καὶ
2527 645 2798 716 εἰσαχθεὶς
2831 643 3213 716 προσεκύνησα
3238 641 3316 712 τῷ
3343 640 3742 714 ἀρχιευνούχῳ·

2160 737 2342 810 τρίτος
2365 736 2474 810 γὰρ
2498 732 2566 808 ἦν
2590 739 2647 792 tv
2669 736 2797 808 ἀξίᾳ
2823 735 2976 808 παρὰ
2996 733 3302 807 τῷΦαραὼ,
3331 733 3516 804 ἄρχων
3535 733 3749 787 πάντων

2160 827 2270 882 τῶν
2306 827 2596 900 εὐνούχων,
2625 827 2764 901 ἔχων
2811 831 3113 898 γυναῖκας,
3151 830 3248 883 καὶ
3289 827 3606 891 παλλακὰς,
3657 827 3752 879 καὶ

2160 919 2348 975 τέκνα.
2378 921 2490 974 Kal.
2514 920 2844 992 διαχωρίσας
2871 938 2937 992 με
2963 921 3058 974 ἀπ’
3099 919 3288 985 αὑτοῦ,
3318 917 3439 973 εἷπε
3459 935 3473 948 ο
3514 939 3532 970 ι
3557 910 3751 981 Δοῦλος

2162 1006 2232 1076 εἴ,
2271 1010 2646 1083 ἢὲλεύθεροςς
2680 1030 2699 1064 ι
2749 1013 2844 1066 καὶ
2883 1008 3034 1067 εἷπον
3055 1030 3067 1043 ·
3104 1033 3122 1064 ι
3150 1012 3366 1075 Δοῦλος.
3395 1031 3415 1063 ›
3456 1011 3568 1066 Kai.
3601 1011 3750 1080 λέγει

2164 1107 2302 1178 πρός
2332 1124 2400 1178 με
2424 1125 2438 1137 ·
2472 1126 2490 1158 ι
2518 1107 2678 1172 Τίνος
2702 1103 2752 1161 εῐ
2773 1107 2956 1172 δοῦλος
2977 1123 2992 1173 ;
3028 1125 3046 1158 ι
3093 1106 3189 1160 καὶ
3212 1105 3356 1174 λέγω
3379 1105 3531 1175 αύτῷ
3551 1121 3565 1134 ·
3601 1103 3751 1157 «Τῶν

2177 1201 2554 1272 Ἰσμαηλιτῶν.
2585 1220 2604 1253 ι
2654 1201 2766 1256 Καὶ
2809 1202 2969 1256 πάλιν
3012 1199 3160 1269 λέγει
3205 1214 3327 1270 μοι·
3367 1197 3522 1261 «Πῶς
3561 1197 3748 1250 αὐτῶν

2161 1291 2351 1361 ὲγένου
2396 1291 2618 1359 δοῦλος;
2653 1312 2671 1346 ι
2725 1293 2822 1347 καὶ
2855 1289 3007 1346 εἷπον
3029 1309 3044 1321 ο
3081 1310 3102 1343 ι
3129 1292 3252 1344 Ὂτι
3293 1289 3359 1343 ὲκ
3398 1288 3502 1360 γῆς
3529 1286 3750 1342 Χαναὰν

2162 1383 2422 1456 ὲπρίαντό
2451 1401 2541 1455 με.
2589 1402 2609 1436 ι
2632 1383 2692 1436 ’0
2713 1384 2772 1437 δὲ
2793 1383 3088 1455 ήπίστησε,
3128 1382 3326 1451 λέγων,
3355 1381 3440 1434 ὃτι
3490 1399 3509 1432 ι
3544 1379 3764 1453 ψεύδῃί

2163 1475 2260 1528 καὶ
2282 1475 2486 1547 γυμνὸν
2513 1474 2767 1528 ἐκέλευσέ
2796 1491 2864 1545 με
2887 1472 3208 1527 τύπτεσθαι.

2236 1569 2457 1622 ῙΔ’.(Ἡ
2493 1567 2552 1622 δὲ
2573 1567 2797 1639 Μέμφις
2843 1565 2990 1638 ἐώρα
3026 1565 3118 1619 διὰ
3154 1565 3370 1637 θυρίδος
3413 1563 3748 1634 τυπτομένου

2169 1675 2293 1731 μου,
2321 1659 2419 1713 καὶ
2449 1657 2768 1712 ἀποστέλλει
2797 1658 2936 1730 πρὸς
2961 1657 3052 1712 τὸν
3075 1656 3243 1730 ἄνδρα
3270 1656 3462 1728 αὐτῆς,
3486 1656 3745 1724 λέγουσαο

487 1763 507 1797 σ
537 1723 808 1816 lnjustum
848 1756 933 1802 est
978 1746 1250 1817 judicium
1298 1755 1480 1812 tuum,
1523 1748 1786 1817 quoniam
1825 1757 1881 1803 et
1913 1747 2060 1803 furto

2170 1723 2427 1813 t'AStxdc
2468 1750 2616 1802 ὲστιν
2660 1751 2695 1820 ἡ
2723 1723 2906 1820 κρίσις
2948 1764 3064 1810 σου,
3091 1723 3189 1800 ὅτι⁷
3215 1748 3311 1800 καὶ
3345 1723 3437 1799 τόν
3475 1723 3750 1799 κλαπέντα

481 1840 766 1910 abreptum
834 1840 1067 1898 liberum
1106 1840 1310 1911 punis,
1364 1849 1425 1895 ut
1467 1841 1670 1911 injuste
1733 1851 2007 1914 agentem.
2037 1860 2056 1895 ι

484 1930 588 1987 Ubi
641 1941 823 1987 autem
887 1946 1001 1986 non
1053 1933 1384 1987 commutavi
1445 1933 1672 1987 verbum
1717 1932 2062 2003 ﬂagellatus,

479 2021 646 2091 jussit
687 2022 949 2078 custodiri
991 2037 1099 2090 me,
1131 2037 1418 2093 usquequo
1446 2023 1691 2088 veniant,
1719 2024 1819 2092 ait,
1855 2024 2064 2080 domini
2114 2055 2118 2060 ι

485 2117 662 2187 pueri.
690 2114 758 2170 Et
787 2131 924 2170 uxor
951 2115 1070 2184 ejus
1093 2113 1228 2170 dicit
1255 2115 1306 2168 ei
1337 2131 1349 2167 :
1392 2133 1410 2165 ι
1441 2112 1668 2184 Pr0pter
1695 2115 1826 2184 quid
1851 2113 2064 2170 detines

483 2209 763 2278 captivum
802 2207 1041 2262 nobilem
1086 2220 1340 2276 puerum,
1374 2220 1539 2275 quem
1589 2206 1834 2275 oportuit
1877 2205 2058 2276 magis

485 2302 644 2368 solvi,
675 2307 732 2356 et
757 2298 1012 2354 famulari
1045 2297 1178 2353 tibi?
1211 2315 1230 2350 ι
1263 2296 1450 2352 Voluit
1492 2297 1638 2353 enim
1669 2313 1758 2353 me
1783 2297 1967 2353 videre
2009 2298 2063 2352 in

485 2396 756 2453 desiderio
795 2395 1032 2466 peccati;
1085 2404 1141 2450 et
1185 2395 1506 2465 ignorabam
1550 2395 1618 2450 de
1650 2395 1910 2451 omnibus
1953 2395 2061 2450 bis.

471 2489 579 2544 .llle
628 2503 760 2544 vero
812 2486 960 2542 dixit
1021 2486 1429 2558 Memphitica}:
1480 2507 1499 2539 ι
1543 2485 1664 2542 Νοη
1731 2488 1859 2543 licet
1920 2487 2064 2557 apud

487 2580 790 2652 Egyptios,
819 2589 944 2635 ante
976 2579 1350 2635 ostensionem
1412 2579 1615 2636 auferri
1652 2580 1852 2636 aliena.
1893 2599 1913 2632 ι
1949 2579 2067 2638 Hoc

488 2673 632 2729 dixit
655 2673 723 2728 de
749 2672 1122 2741 negotiatore;
1165 2679 1222 2725 et
1248 2672 1316 2727 de
1345 2687 1454 2741 me,
1483 2671 1748 2742 quoniam
1774 2672 1940 2727 debui
1981 2673 2060 2728 in-

490 2769 678 2825 clusus
705 2766 900 2821 teneri.

559 2855 851 2912 XVJPost
886 2855 1077 2926 viginti
1111 2871 1242 2911 vero
1281 2864 1337 2911 et
1375 2864 1617 2926 quatuor
1645 2857 1764 2914 dies
1799 2869 2069 2913 venerunt

491 2949 805 3016 lsmaelitaa;
855 2956 911 3004 et
958 2949 1087 3018 quia
1136 2949 1478 3013 audiverant,
1509 2948 1655 3018 quod
1697 2946 1868 3004 Jacoh
1911 2958 2068 3020 pater

491 3058 647 3100 meus
685 3041 937 3096 tristatur
965 3039 1034 3095 de
1076 3054 1186 3107 me,
1225 3039 1485 3094 dixerunt
1514 3039 1689 3095 mihi:
1728 3058 1748 3091 α
1785 3039 1926 3106 Quid
1959 3051 2066 3108 est,

489 3133 640 3204 quod
680 3131 870 3187 dixisti
905 3131 1142 3201 teipsum
1179 3146 1398 3186 servum
1429 3130 1591 3186 esse?
1615 3139 1670 3189 et
1700 3146 1829 3187 ecce
1857 3147 2064 3202 cogno-

488 3227 691 3293 vimus,
719 3225 864 3294 quod
899 3223 1046 3278 filius
1079 3237 1140 3278 es
1161 3222 1262 3276 viri
1295 3223 1476 3293 magni
1517 3223 1572 3277 in
1601 3232 1746 3279 terra
1768 3221 2063 3290 Chanaan;

477 3327 546 3376 ,et
583 3318 830 3374 tristatur
857 3316 925 3372 de
968 3323 1020 3370 te
1046 3324 1201 3386 pater
1220 3328 1358 3370 tuus
1390 3316 1446 3370 in
1492 3331 1677 3375 sacco.
1706 3336 1726 3368 ι
1764 3313 1831 3370 Ει
1871 3331 2066 3372 rursus

489 3408 637 3465 volui
685 3405 1012 3478 laerymari,
1061 3413 1115 3460 et
1172 3404 1419 3460 continui
1478 3404 1784 3475 meipsum,
1843 3414 1903 3460 ut
1955 3421 2066 3460 non

493 3500 886 3558 confunderem
937 3498 1136 3553 fratres
1173 3512 1344 3552 meos.
1393 3495 1460 3550 Et
1510 3497 1622 3551 dixi
1659 3515 1672 3551 :
1710 3515 1729 3549 ι
1765 3497 1877 3569 Ego
1920 3497 2066 3552 istud

494 3612 602 3652 non
635 3595 796 3662 novi;
837 3609 1027 3648 servus
1057 3607 1204 3646 sum.
1243 3611 1262 3644 ι
1312 3589 1466 3646 Tunc
1514 3590 1727 3646 inibant
1775 3591 2066 3646 consilium

494 3687 762 3743 vendendi
818 3702 940 3750 me,
997 3700 1066 3739 ne
1102 3683 1378 3738 invenirer
1433 3684 1487 3738 in
1543 3683 1798 3739 manibus
1851 3697 2063 3738 eorum.

495 3778 826 3834 'l‘imuerunt
871 3775 1018 3830 enim
1065 3773 1268 3841 Jacob,
1320 3788 1389 3828 ne
1441 3772 1649 3828 faceret
1691 3773 1745 3827 in
1777 3772 1858 3828 eis
1886 3771 2068 3827 vindi-

488 3882 640 3926 ctam
669 3867 919 3940 periculi.
971 3866 1236 3921 Auditum
1291 3877 1377 3921 est
1417 3862 1588 3929 enim,
1636 3865 1781 3935 quod
1836 3880 2071 3936 magnus

491 3970 642 4018 esset
688 3959 832 4030 apud
858 3957 1150 4014 Dominum
1190 3967 1245 4013 et
1289 3957 1559 4012 homines.
1605 3955 1760 4012 Tunc
1796 3957 1930 4012 dicit
1969 3973 2068 4014 ne-

497 4054 734 4126 gotiator
777 4052 898 4107 eis:
931 4069 950 4102 ‹
995 4048 1201 4106 Solvite
1255 4064 1345 4105 me
1409 4065 1439 4104 a
1483 4049 1691 4119 judicio
1739 4048 2013 4120 Petephri.
2045 4069 2064 4100 ο

504 4145 846 4200 Accedentes
895 4143 1059 4212 igitur
1117 4141 1374 4212 petebant
1421 4157 1538 4204 me,
1585 4140 1868 4196 dicentes:
1919 4158 1938 4192 ι
1975 4140 2072 4195 Dic

494 4236 642 4307 quod
687 4243 912 4306 argento
955 4242 1170 4304 emptus
1211 4249 1271 4288 es
1314 4249 1345 4287 a
1372 4233 1560 4300 nobis,
1611 4239 1666 4287 et
1707 4232 1798 4287 ille
1830 4232 2072 4287 absolvet

493 4342 620 4384 nos.
663 4346 683 4380 ι

565 4415 750 4472 XVIa
783 4414 1134 4487 Memphitica
1184 4429 1316 4469 vero
1367 4413 1608 4470 ostendit
1658 4414 1779 4471 viro
1831 4429 1962 4482 suo,
2011 4423 2072 4472 nt
2104 4435 2151 4495 υ

493 4517 703 4566 emeret
733 4523 820 4564 me
844 4525 858 4562 :
886 4528 905 4560 ι
934 4506 1112 4562 Audio
1141 4507 1310 4571 enim,
1357 4506 1454 4573 ait,
1476 4505 1624 4576 quod
1661 4506 1905 4563 vendunt
1926 4523 2074 4561 eum.

496 4605 564 4659 Et
591 4605 746 4660 misit
781 4605 1098 4659 eunuchum
1126 4599 1194 4655 ad
1227 4599 1552 4667 lsmaelitas,
1583 4601 1680 4671 (et)
1712 4602 1866 4670 petiit
1893 4616 1980 4657 me
2013 4601 2071 4655 in

495 4696 904 4760 venditionem;
943 4705 996 4748 et
1035 4707 1146 4747 non
1193 4689 1384 4745 volens
1436 4687 1616 4745 facere
1663 4706 1788 4746 cum
1821 4691 1902 4747 eis
1936 4688 2072 4762 (60),

592 4935 679 5006 52)
719 4934 999 5002 Ἀχθήτω.
1039 4931 1438 5006 '_A1toxpv.9f_;1m._
1454 4929 1628 5006 CMB.

591 5001 676 5074 55)
717 5001 1188 5073 Φύλακισθῆναι.
1213 5001 1594 5074 ’Φυλαχθῆναι.
1638 5001 1712 5057 In.

566 5074 676 5148 (54)
721 5077 903 5148 ’ξοτιη
927 5075 1062 5130 Cod.
1098 5076 1277 5130 Oxon.
1331 5074 1423 5129 hic
1476 5075 1704 5130 inserit:
1742 5076 1853 5128 Καὶ
1884 5078 1912 5130 ό
1942 5078 2070 5140 παῖς

493 5144 600 5218 οὖν
621 5144 846 5218 ὀφείλει.
888 5145 964 5218 In.

565 5213 678 5290 (55)
716 5215 1181 5290 Πάλινῃῆθελοζ.
1226 5216 1372 5290 ﬂavo
1401 5213 1700 5290 θέλωνςιο.

589 5284 676 5360 56)
729 5288 1079 5360 ῗιιγοράσθη.
1120 5285 1414 5360 Ἐπρᾴιθης,
1456 5289 1701 5360 venditus
1727 5301 1802 5340 es.
1854 5284 1938 5340 In.

587 5355 678 5415 57l
727 5355 1081 5414 'Aérélvaer.
1123 5355 1426 5410 Ἀπολύσει.
1456 5357 1536 5413 lo.

589 5291 676 5360 56)
729 5291 1079 5358 ἰιγοράσοη.
1120 5291 1414 5357 Ἐπράθης,
1460 5291 1701 5342 venditus
1727 5301 1802 5340 es.
1854 5291 1938 5340 In.

587 5362 652 5415 57
727 5359 1081 5414 Ἀπέλυσεν.
1123 5355 1426 5410 Ἀπολύσει.
1456 5357 1536 5413 lo.

564 5291 1152 5504 §58{"10jpan.1_ltatg.
1198 5425 1399 5504 Statuit
1442 5438 1635 5504 auctor
1673 5436 1884 5490 noster,
1912 5423 2070 5504 Iose—

492 5496 668 5574 phum'
694 5496 975 5574 lfuti'pharj
1005 5498 1392 5574 ablsmaelitis
1419 5498 1700 5574 venditum
1731 5512 1879 5574 esse.
1929 5496 2070 5574 Con-

495 5567 578 5629 tra
611 5573 676 5626 Β.
703 5567 924 5626 Salonio
949 5569 1134 5625 Jarchi
1165 5567 1461 5636 Joseplium
1496 5569 1611 5622 vult
1645 5567 1844 5637 saepius
1875 5567 2069 5621 vcndi-

494 5656 636 5709 tum,
660 5647 913 5712 primum
931 5639 1246 5712 lsmaejitis,
1279 5639 1404 5692 inde
1428 5637 1764 5712 Madianitis,
1791 5649 1844 5712 et
1873 5638 1944 5692 ab
1979 5638 2066 5692 his

496 5709 712 5772 tandem
740 5711 1058 5779 Putipharo.
1102 5709 1302 5764 Verum
1331 5723 1362 5763 a
1386 5709 1632 5778 partibus
1667 5709 1840 5774 nostri
1871 5717 2066 5764 aucto-

2165 1842 2452 1915 ὲλεύθερον
2495 1844 2780 1914 τιμωρείς,
2822 1842 2900 1906 ὼς
2945 1841 3302 1912 ἀδικήσαντα.
3342 1858 3362 1893 ι
3428 1841 3516 1904 Ὡς
3555 1840 3612 1893 δὲ
3653 1839 3751 1892 ούκ

2166 1937 2372 2010 ήλλαξα
2393 1937 2484 1991 τὸν
2516 1936 2675 2006 λόγον
2710 1936 3074 2006 τυπτόμενος,
3120 1933 3376 1988 ἐκέλευσε
3419 1932 3752 2004 φυλακισθῆ-

2167 2029 2256 2083 ναί
2292 2028 2404 2099 (53)
2459 2045 2549 2099 με,
2593 2027 2698 2091 ἕως
2745 2021 2805 2080 οῦ
2845 2026 3062 2092 ἔλθωσι,
3105 2027 3294 2097 φησὶν,
3345 2025 3394 2078 οἱ
3436 2024 3613 2095 κύριοι
3657 2022 3751 2076 τοῦ

2165 2119 2373 2184 παιδός.
2402 2121 2513 2174 Καὶ
2550 2121 2583 2192 ἡ
2613 2118 2750 2190 γυνὴ
2774 2119 2922 2188 λέγει
2948 2119 3084 2190 πρὸς
3115 2118 3279 2172 αὐτόν
3305 2136 3320 2150 ο
3352 2136 3370 2169 ι
3394 2117 3495 2171 Διὰ
3515 2116 3568 2169 τί
3595 2117 3748 2170 συνέ-

2165 2229 2281 2283 χεις
2315 2211 2407 2265 τὸν
2446 2211 2790 2282 αἰχμάλωτον
2826 2211 3024 2282 εὐγενῆ
3065 2211 3264 2276 παῖδα,
3304 2210 3363 2264 ὃν
3403 2209 3508 2263 εδει
3555 2208 3752 2278 μᾶλλον

2166 2304 2353 2358 ἄνετον
2403 2299 2577 2369 εἶναι,
2617 2303 2715 2357 καὶ
2757 2304 3049 2376 ὑπηρετεῖν
3096 2319 3229 2368 σου;
3265 2319 3287 2355 ι
3334 2301 3491 2374 ήθελε
3530 2301 3640 2373 γάρ
3684 2317 3750 2371 με

2165 2397 2299 2468 όρᾷν
2339 2396 2398 2450 tv
2427 2395 2580 2466 πόθῳ
2607 2396 2885 2468 ἁμαρτίας
2907 2412 2922 2426 ⁸
2968 2395 3064 2454 καὶ
3090 2396 3319 2468 ἠγνόουν
3357 2395 3417 2447 tv
3452 2396 3587 2448 πᾶσι
3625 2391 3749 2446 τού-

2164 2501 2298 2548 τοις.
2339 2484 2397 2538 'O
2433 2485 2492 2538 δὲ
2528 2479 2650 2538 εἶπε
2688 2484 2828 2557 πρὸς
2863 2484 2964 2554 τὴν
2989 2483 3244 2555 Μέμφιν·
3280 2503 3298 2536 ι
3327 2485 3441 2538 Οὐκ
3478 2485 3594 2537 ἐστι
3622 2485 3752 2554 παρ’

2165 2577 2519 2646 Αἰγυπτίοις,
2567 2578 2674 2650 πρὸ
2709 2576 3037 2642 ἀποδείξεως
3097 2577 3449 2650 ἀφαιρεῖσθαι
3488 2577 3561 2631 τὰ
3600 2577 3752 2631 ἀλλό-

2165 2685 2312 2740 τρια.
2345 2687 2364 2721 ι
2406 2668 2592 2724 Ταῦτα
2635 2665 2756 2724 εἷπε
2799 2669 2932 2742 περὶ
2981 2662 3075 2723 τόῦ
3116 2669 3444 2741 μεταϐόλου,
3488 2669 3586 2723 καὶ
3625 2667 3752 2741 περὶ

2165 2761 2323 2834 ἐμοῦ,
2351 2763 2435 2815 ὃτι
2464 2760 2576 2834 (54)
2600 2762 2794 2832 δφειλα
2819 2761 3279 2832 ὲγκατάκλειστος
3306 2758 3468 2817 εἶναι.

2237 2851 2541 2906 ιεν.‹Μετά
2587 2853 2645 2906 δὲ
2692 2852 2868 2906 εἴκοσι
2909 2854 3182 2928 τέσσαρας
3232 2853 3449 2926 ἡμέρας
3493 2849 3656 2924 ἦλθον
3700 2853 3749 2906 οἱ

2183 2942 2524 3015 ἰσμαηλῖται
2550 2960 2564 2975 ·
2608 2945 2702 2998 καὶ
2741 2944 3096 3012 ἀκούσαντες,
3142 2947 3224 3000 ὅτι
3265 2944 3459 3000 Ἰακὼϐ
3498 2946 3528 2998 ό
3569 2945 3750 3016 πατήρ

2173 3048 2275 3104 μου
2319 3033 2505 3087 πενθεῖ
2550 3033 2682 3105 περὶ
2735 3033 2889 3106 ἐμοῦ,
2937 3034 3123 3089 εἴπασι
3173 3036 3309 3108 πρός
3363 3051 3463 3106 με’
3512 3054 3532 3086 ι
3564 3034 3630 3087 Τί
3669 3035 3750 3087 ὅτι

2168 3119 2328 3189 εἶπας
2367 3125 2612 3189 σεαυτὸν,
2658 3125 2742 3179 ὅτι
2779 3124 2965 3190 δοῦλός
3001 3129 3151 3198 είμι;
3193 3129 3288 3180 καὶ
3331 3128 3440 3182 ίδοὺ
3480 3125 3746 3198 ἔγνωμεν,

2167 3213 2249 3268 ὅτι
2289 3213 2404 3277 υἱὸς
2445 3209 2498 3267 εἴ
2534 3213 2727 3286 ἀνδρὸς
2768 3213 3002 3284 μεγάλου
3042 3215 3101 3268 tv
3139 3218 3206 3286 τῇ
3251 3217 3320 3286 γῇ
3352 3214 3596 3270 Χαναὰν.
3655 3213 3750 3267 καὶ

2168 3305 2356 3361 πενθεῖ
2375 3305 2502 3378 περὶ
2527 3306 2621 3360 σοῦ
2657 3306 2687 3358 ὁ
2713 3307 2893 3378 πατήρ
2919 3322 3012 3360 σου
3052 3308 3109 3361 tv
3137 3308 3345 3379 σάκκῳ.
3373 3327 3393 3359 ι
3443 3308 3556 3360 Καὶ
3581 3307 3746 3361 πάλιν

2167 3395 2356 3469 ήθελον
2375 3395 2487 3467 (55)
2498 3394 2784 3468 δακρῦσαι,
2797 3396 3025 3466 ἐπέσχον
3043 3396 3297 3467 ἐμαυτὸν,
3315 3397 3402 3450 ἵνα
3422 3397 3496 3468 μὴ
3513 3396 3753 3466 αἰσχύνω

2168 3490 2294 3554 τοὺς
2309 3489 2569 3558 ἀδελφούς
2597 3505 2718 3560 μου.
2750 3489 2860 3542 Καὶ
2875 3484 3026 3544 εἶπον
3047 3508 3089 3541 ·‹
3115 3487 3255 3557 Ἐγὼ
3280 3489 3380 3543 οὐκ
3402 3484 3518 3543 οἶδα
3535 3506 3549 3519 ·
3568 3489 3754 3554 δοῦλός

2168 3585 2304 3654 εἰμι.
2332 3601 2352 3634 ι
2381 3582 2515 3636 Τότε
2543 3581 2884 3655 βουλεύονται
2918 3583 3168 3654 πωλῆσαί
3197 3600 3287 3654 με,
3317 3583 3403 3636 ἵνα
3433 3584 3509 3654 μὴ
3542 3581 3754 3655 εὑρεθῶ

2169 3684 2227 3737 tv
2268 3682 2458 3754 χερσὶν
2500 3679 2699 3733 αὐτῶν.
2763 3677 3088 3746 Ἐφοϐοῦντο
3124 3678 3234 3750 γὰρ
3272 3678 3364 3732 τὸν
3419 3679 3635 3744 Ἰακὼϐ,
3663 3683 3756 3736 ἵνα

2174 3771 2250 3843 μὴ
2273 3770 2476 3842 ποιήσῃ
2516 3770 2575 3820 tv
2617 3768 2799 3830 αὐτοῖς
2838 3767 3118 3837 ἐκδίκησιν
3162 3768 3426 3824 κινδύνου.
3479 3771 3757 3845 Ἠκούσθη

2169 3861 2298 3932 γὰρ,
2335 3861 2417 3914 ὅτι
2462 3859 2636 3931 μέγας
2687 3859 2802 3911 ἐστὶ
2853 3862 3003 3930 παρὰ
3055 3861 3245 3931 Κυρίῳ
3281 3862 3375 3916 καὶ
3423 3863 3755 3936 ἀνθρώποις.

2170 3955 2305 4009 Τότε
2331 3951 2479 4021 λέγει
2503 3955 2530 4006 ὁ
2559 3950 2850 4022 μετάϐολος
2873 3952 3056 4016 αὐτοῖς
3074 3969 3086 3982 °
3123 3975 3142 4007 ι
3174 3953 3388 4008 Λύσατέ
3419 3973 3485 4026 με
3517 3957 3624 4010 ἀπὸ
3651 3958 3759 4028 τῆς

2171 4043 2404 4116 κρίσεως
2442 4041 2699 4113 Πετεφρί.
2728 4062 2755 4089 ι
2779 4040 3171 4112 Προσελθόντος
3216 4038 3310 4096 οὖν
3345 4043 3506 4113 ᾔτουν
3532 4063 3620 4114 με,
3664 4044 3760 4098 λέ-

2171 4138 2390 4206 γοντεςέ
2423 4155 2441 4186 ι
2473 4135 2631 4200 Εἰπὲ,
2669 4136 2753 4189 ὅτι
2786 4136 2843 4186 tv
2869 4133 3115 4206 ἀργυρίῳ
3151 4134 3433 4206 ἠγοράσθη
3457 4135 3568 4207 (56)
3596 4139 3756 4209 ήμῖν,

2172 4229 2422 4292 κάκεῖνος
2449 4226 2718 4281 ἀπέλυσεν
2746 4225 2854 4295 (57)
2885 4226 3051 4295 ἡμᾶς.
3078 4245 3096 4276 ›
3208 4272 3214 4278 .

2244 4408 2392 4474 ιφ(
2415 4404 2681 4476 Ἐδήλωσε
2711 4402 2766 4455 δὲ
2791 4405 2824 4474 ἠ
2851 4403 3072 4472 Μέμφις
3095 4401 3173 4474 τῷ
3197 4403 3351 4476 ἀνδρὶ
3393 4405 3586 4476 αὐτῆς,
3617 4403 3758 4479 πρί.

2179 4497 2339 4550 ασθαί
2409 4512 2514 4567 με’
2564 4513 2581 4546 ι
2628 4493 2832 4548 Ἀκούω
2893 4493 3040 4565 γὰρ,
3084 4495 3288 4564 φησὶν,
3339 4495 3420 4548 ὃτι
3479 4496 3766 4550 ταυλοῦσιν

2175 4589 2356 4642 αὐτόν.
2403 4607 2421 4640 ι
2472 4587 2582 4640 Καὶ
2643 4585 2959 4639 ἀπέστειλεν
3007 4585 3258 4657 εὐνοῦχον
3304 4590 3416 4652 τοίς
3478 4589 3762 4662 Ἰσμαηλι-

2174 4699 2294 4746 ταις
2320 4681 2466 4753 (58),
2501 4681 2686 4749 ήτεῖτο
2730 4681 2810 4743 είς
2849 4681 3049 4750 πρᾶσιν
3077 4679 3221 4751 (59)’
3263 4681 3356 4734 καὶ
3398 4679 3475 4753 μὴ
3513 4681 3759 4755 θελήσας

2172 4929 2248 4984 ris
2297 4935 2409 4992 stat
2445 4926 2683 4998 Moyses,
2733 4927 2932 4982 Genes.
2959 4941 3152 4998 xxxix,
3186 4926 3249 4998 Vl.
3300 4924 3504 4981 Raschi
3561 4939 3755 4998 autem

2169 4997 2862 5063 erravit,dum’lsmaelitas
2890 5008 2943 5052 et
2965 4997 3286 5051 Madianitas
3307 4998 3522 5064 ambos,
3544 4997 3753 5054 Cenes.

2171 5085 2380 5134 xxxvii,
2412 5069 2504 5133 28,
2539 5068 2873 5134 nominatos,
2905 5068 3192 5139 distinctos
3231 5083 3262 5122 a
3290 5068 3617 5139 seinvicem
3651 5085 3757 5139 po-

2169 5141 2330 5210 pulos
2372 5139 2546 5194 fuisse
2582 5139 2818 5208 putavit,
2863 5152 3002 5210 quos
3051 5138 3294 5210 eosdem,
3344 5137 3579 5210 diversis
3624 5137 3754 5194 licet

2171 5206 2510 5273 nominibus,
2538 5206 2832 5279 appellatos
2881 5206 3092 5279 fuisse,
3147 5223 3214 5262 ex
3257 5206 3436 5279 Judjc.
3484 5224 3606 5267 vm.
3653 5211 3750 5279 ει,

2171 5279 2307 5335 bene
2338 5277 2587 5350 probavit
2606 5277 2885 5350 Abenezra
2923 5278 2976 5331 in
3004 5279 3194 5350 locum
3218 5278 3312 5350 cit.
3341 5277 3641 5350 Geneseos.
3668 5278 3751 5334 la.

2238 5346 2354 5422 (59)
2401 5346 3002 5422 ΪΗτεῖτο-εὶςᾲσξρὰσικ.
3034 5347 3371 5422 Αἱτοῦσάλμε
3398 5350 3479 5422 είς
3507 5349 3753 5422 διάπρα-

2169 5415 2272 5474 σιν.
2311 5415 2562 5483 Καλέσας
2594 5415 2685 5472 οῦν
2730 5418 3178 5490 ὀ-ἁρχιμάγειρος
3221 5415 3348 5481 τοῦς
3401 5415 3752 5490 Ίσμαηλίτας

2169 5492 2289 5564 ᾔτει
2309 5509 2377 5564 με
2401 5493 2482 5564 εἰς
2509 5487 2836 5564 πρᾴσινζιοζ

2238 5556 2350 5634 (60)
2390 5559 2521 5616 Cum
2551 5556 2696 5634 eis.__
2725 5556 3086 5634 Subintellige
3120 5568 3479 5634 contractura
3505 5559 3747 5634 emptio-

2168 5627 2277 5698 nis,
2303 5627 2375 5688 ob
2399 5629 2830 5702 magnitudinem
2853 5627 3061 5688 scilicet
3085 5631 3267 5702 pretii,
3291 5629 3437 5702 quod
3459 5627 3754 5686 Ismaetitze

2167 5699 2552 5776 poposcerunt.
2588 5699 2664 5756 In.
2877 5709 2880 5712 '
