4076 6142
357 342 492 423 ιιδι

1592 347 2113 415 TESTAMENTUM
2149 359 2423 419 JOSEPII.

3499 346 3702 423 11581:“

331 513 336 523 κ
355 462 581 533 ποιῆσαι
609 461 726 533 μετ’
751 462 950 528 αὐτῶν,
979 464 1358 538 ἀνεχώρησεν’
1401 468 1430 520 ὁ
1461 465 1521 520 δὲ
1560 467 1816 540 εὐνοῦχος
1835 470 1945 543 (61)

2061 490 2304 531 reversus
2336 483 2421 530 est
2447 474 2736 533 eunuchus
2762 491 2886 531 cum
2925 479 3191 538 tentasset
3225 496 3353 548 eos;
3391 484 3636 537 ostendit
3662 499 3673 515 μ’

355 554 672 626 πειρασθεὶς
705 556 905 634 αὐτῶν.
933 556 1095 629 Δηλοῖ
1133 559 1192 612 δὲ
1217 563 1286 631 τῇ
1318 560 1575 632 δεσποίνῃ
1597 603 1610 626 ,
1648 563 1729 617 ὅτι
1755 563 1952 638 πολλὴν

354 648 566 701 αἰτοῦσι
601 650 769 720 τιμὴν
803 649 899 704 τοῦ
945 651 1156 716 παιδός.
1195 653 1260 706 Ἡ
1295 653 1354 707 δὲ
1396 653 1721 710 ἀπέστειλεν
1764 657 1954 731 ἕτερον

355 737 630 811 εὐνοῦχον,
687 741 956 811 λέγουσα·
1014 763 1034 795 ι
1089 742 1216 799 Ἑάν
1252 746 1355 799 ικαὶ
1397 745 1492 800 δύο
1543 748 1682 818 μνᾶς
1728 751 1952 822 χρυσίου

304 841 312 849 ’
357 830 570 897 αἰτῶσι,
606 833 845 905 πρόσεχε
888 833 1022 907 (62),
1072 836 1147 907 μὴ
1185 837 1446 905 φείσασθε
1486 839 1707 920 χρρσίου
1731 879 1745 905 ,
1793 841 1953 913 μόνον

357 922 658 995 πριάμενος
683 924 795 995 (64)
833 927 924 980 τὸν
952 928 1118 982 παῖδα
1153 929 1411 999 ἀγάγετε.
1429 932 1552 986 -Καὶ
1591 932 1721 987 δίδει
1756 935 1943 1001 αὐτοῖς

341 1021 410 1070 ,π’
435 1015 688 1086 χρυσίους
714 1016 826 1089 (66)
857 1019 975 1072 ἀντ’
999 1019 1156 1091 ἐμοῦ,
1185 1021 1380 1076 ἑκατὸν
1395 1021 1566 1076 εἰπὼν
1586 1025 1655 1095 τῇ
1675 1024 1954 1099 Αἰγυπτίᾳ

286 1132 292 1135 -
354 1103 595 1159 δεδόσθαι
647 1107 764 1161 ἀντ’
789 1109 947 1179 ἐμοῦ.
973 1111 1083 1166 Καὶ
1121 1110 1246 1166 ἰδὼν
1277 1111 1390 1182 ἐγὼ
1431 1112 1735 1186 ἐσιώπησα,
1762 1116 1850 1170 ἵνα
1876 1118 1952 1189 μὴ

343 1196 555 1270 ..ἐτασθῇ
584 1197 694 1270 (67)
715 1201 746 1252 ὁ
767 1199 1039 1273 εὐνοῦχος.

427 1290 527 1342 IZ'.
576 1309 595 1341 ι
643 1291 858 1362 Ὁρᾶτε,
890 1294 1057 1349 τέκνα
1085 1314 1211 1368 μου,
1239 1297 1381 1353 πόσα
1424 1299 1724 1372 ὑπέμεινα,
1753 1301 1842 1356 ἵνα
1875 1302 1949 1374 μὴ

357 1381 706 1452 καταισχύνω
739 1386 866 1450 τοὺς
889 1386 1154 1457 ἀδελφούς
1191 1407 1314 1461 μου.
1342 1392 1454 1445 Καὶ
1489 1393 1648 1463 ὑμεῖς
1687 1389 1780 1447 οὖν
1815 1394 1953 1463 ἀγα-

354 1474 499 1526 πᾶτε
524 1472 789 1541 ἀλλήλους
805 1491 818 1506 ⁶
845 1478 904 1531 ὲν
932 1480 1281 1553 μακροθυμίᾳ.
1307 1483 1683 1556 συγκρύπτετε
1706 1484 1953 1556 ἀλλήλων

355 1570 430 1624 τά
469 1570 848 1642 ἐλαττώματα.
897 1573 1173 1644 Τέρπεται
1208 1574 1318 1646 γὰρ
1350 1579 1380 1630 ὁ
1419 1576 1556 1645 Θεὸς
1597 1579 1691 1633 ἐπὶ
1727 1581 1953 1653 ὁμονοίᾳ

345 1663 628 1733 ἀδελφῶν,
667 1665 762 1718 καὶ
800 1666 896 1719 ἐπὶ
941 1667 1256 1739 προαιρέσει
1295 1669 1521 1740 καρδίας
1561 1671 1951 1745 εὐδοκιμούσης

353 1757 439 1819 εἰς
464 1755 683 1826 ἀγάπην
709 1755 838 1844 (69).
880 1758 992 1810 Καὶ
1027 1758 1117 1811 ὅτε
1150 1754 1314 1829 ἦλθον
1358 1761 1409 1813 οί
1456 1760 1674 1830 ἀδελφοί
1717 1779 1818 1833 μου
1860 1765 1940 1829 εἰς

357 1844 659 1913 Αἴγυπτον,
807 1847 1052 1916 ἔγνωσαν
1096 1848 1178 1902 ὃτι
1226 1849 1547 1922 ἁπέστρεψα
1582 1851 1645 1904 τὸ
1682 1853 1941 1926 ἀργύριον
1970 1833 2013 1890 Β

349 1940 580 2003 αὐτοῖς,
634 1941 728 1996 καὶ
762 1940 863 1994 οὐκ
910 1941 1199 2006 ὠνείδισα,
1252 1941 1389 1997 ἀλλὰ
1446 1944 1798 2015 παρεκάλεσα
1844 1947 1948 2000 αὐιο

345 2032 488 2094 τοὺς
512 2030 647 2103 (70),
685 2033 778 2086 καὶ¹
821 2031 961 2104 μετὰ
1007 2032 1235 2087 θάνατον
1300 2033 1497 2088 Ἰακὼϐ
1545 2038 1948 2110 περισσοτέρως

359 2122 628 2194 ἠγάπησα
664 2123 865 2188 αὐτοὺς
887 2165 902 2189 ,
942 2125 1038 2178 καὶ
1075 2123 1255 2178 πάντα
1277 2165 1292 2190 ,
1334 2126 1438 2180 ὅσα
1475 2126 1761 2182 ἐκέλευσεν
1796 2128 1947 2199 (71),

345 2216 432 2277 ,ἐκ
470 2216 732 2287 περισσοῦ
771 2217 1043 2286 ἐποίησα,
1081 2217 1177 2271 καὶ
1226 2217 1554 2290 ἐθαύμαζον.
1611 2220 1723 2274 Οὐκ
1763 2221 1951 2292 ἀφῆκα

363 2308 478 2382 γάρ
511 2310 697 2373 αὐτοῖς
737 2309 849 2381 (75)
891 2310 1174 2384 θλιὸἧναι,
1213 2311 1321 2376 ἓως
1361 2313 1558 2384 μικροῦ
1603 2313 1946 2384 πράγματος.

347 2401 542 2470 ,Καίγε
580 2403 688 2456 πᾶν
711 2441 726 2466 ,
766 2402 796 2455 ὃ
830 2397 899 2474 ἦν
939 2403 997 2455 ὲν
1034 2402 1176 2475 χειρί
1219 2420 1354 2475 μου,
1395 2405 1580 2470 αὐτοῖς
1616 2405 1843 2460 δέδωκα.
1888 2409 1951 2460 Ol

362 2494 474 2547 υἱοὶ
511 2492 723 2558 αὐτῶν,
765 2493 872 2547 υἱοί
927 2511 1065 2566 μου,
1120 2495 1216 2549 καὶ
1252 2499 1302 2548 οἱ
1341 2497 1446 2549 υἱοί
1486 2514 1622 2568 μου,
1663 2497 1739 2561 ὡς
1775 2497 1952 2551 δοῦλοι

363 2584 566 2639 αὐτῶν.
621 2585 685 2638 Ἦ
721 2583 870 2656 ψυχὴ
907 2581 1125 2650 αὐτῶν,
1166 2584 1310 2656 ψυχή
1373 2602 1506 2656 μου·
1548 2587 1644 2640 καὶ
1696 2587 1804 2639 πᾶν
1854 2585 1952 2640 ἄλ-

361 2693 522 2749 γημα
555 2675 736 2732 αὐτῶν
753 2715 770 2741 ,
807 2674 1032 2747 ἀλγημά
1071 2691 1170 2746 μου
1189 2691 1203 2705 ·
1245 2675 1341 2729 καὶ
1381 2677 1531 2729 πᾶσα
1572 2675 1812 2746 μαλακία
1856 2675 1955 2728 αὐ-

351 2770 512 2833 τῶν,
565 2768 820 2824 ἀσθένειά
875 2786 997 2839 μου.
1065 2768 1129 2821 'II
1181 2767 1255 2838 γῆ
1313 2785 1451 2839 μου,
1511 2767 1584 2838 γῆ
1633 2767 1855 2821 αὐτῶν·
1917 2768 1952 2838 ἡ

369 2861 533 2935 βουλή
576 2878 676 2933 μου
695 2901 711 2927 ,
754 2859 917 2932 βουλὴ
954 2859 1132 2914 αὐτῶν
1151 2873 1166 2887 ·
1211 2859 1304 2912 καὶ
1347 2859 1446 2929 οὐχ
1489 2857 1680 2930 ὐψωσα
1717 2858 1953 2929 ὲμαυτδν

357 2957 431 3009 ιν
479 2956 662 3020 αὐτοῖς
723 2955 782 3008 ὲν
830 2951 1118 3024 ἀλαζονείᾳ
1140 2992 1156 3018 ,
1215 2951 1306 3005 διὰ
1371 2950 1470 3022 τὴν
1532 2952 1803 3024 κοσμικὴν
1864 2953 1952 3006 δό-

361 3051 470 3119 ξαν
511 3067 611 3122 μου
631 3089 646 3113 ,
700 3048 818 3104 ἀλλ’
867 3049 1017 3121 ήμην
1065 3049 1124 3102 ὲν
1174 3048 1357 3112 αὐτοῖς
1392 3047 1467 3110 ὡς
1505 3042 1586 3111 εἷς
1623 3046 1732 3102 τῶν
1769 3046 1948 3118 ἐλαχίσ

370 3159 517 3197 στων
542 3142 677 3214 (74).

441 3234 549 3287 III'.
595 3252 615 3284 ‹
663 3229 789 3285 Ἑάν
818 3225 910 3284 σῦν
945 3232 1041 3284 καὶ
1081 3230 1241 3301 ὑμεῖς
1281 3227 1588 3300 πορευθῆτε
1622 3229 1682 3281 ὲν
1728 3230 1850 3292 ταῖς
1873 3228 1962 3280 ὲν-

370 3328 558 3391 τολαῖς
581 3325 810 3396 Κυρίου,
837 3323 1005 3377 τέκνα
1029 3339 1152 3393 μου,
1179 3321 1385 3392 ὑψώσει
1403 3321 1547 3392 ὑμᾶς
1571 3318 1802 3374 ἐνταῦθα
1827 3318 1960 3391 (75),

371 3422 471 3475 καὶ
511 3418 794 3486 εὐλογήσει
831 3418 889 3469 ὲν
928 3414 1152 3484 ἀγαθοῖς
1185 3416 1264 3478 είς
1298 3412 1519 3476 αἰῶνας.
1556 3413 1666 3465 Καὶ
1703 3411 1799 3465 ὲάν
1833 3409 1963 3484 θέλῃ

371 3528 461 3575 τις
486 3507 850 3578 κακοποιῆσαι
893 3507 1037 3577 ὑμᾶς
1056 3546 1071 3571 ,
1097 3504 1256 3576 ὑμεῖς
1291 3505 1348 3557 ὲν
1385 3503 1709 3576 ἀγαθοποιίᾳ
1739 3501 1963 3574 εὔχεσθε

374 3604 520 3675 ὑπὲρ
568 3599 763 3655 αὐτοῦ’
799 3599 894 3653 καὶ
932 3597 1041 3651 ἀπὸ
1096 3597 1296 3660 παντὸς
1336 3594 1509 3649 κακοῦ
1550 3593 1963 3666 λυτρωθήσεσθε

375 3695 469 3750 διὰ
494 3693 722 3767 Κυρίου.
773 3691 904 3745 Ἰδοὺ
930 3689 1041 3762 (76)
1066 3687 1174 3760 γὰρ
1196 3689 1358 3759 ὁρᾶτε
1381 3727 1397 3751 ,
1421 3685 1611 3740 ὅτιδιά
1633 3687 1733 3759 τὴν
1759 3702 1964 3758 μακρο-

385 3785 610 3858 θυμίαν,
649 3784 746 3838 καὶ
789 3781 1066 3854 θυγατέρα
1106 3781 1310 3852 κυρίων
1354 3796 1455 3851 μου
1494 3778 1605 3852 (77)
1650 3777 1841 3832 ἔλαϐον
1885 3779 1964 3842 εἰς

379 3881 615 3950 γυναῖκα
637 3893 651 3907 °
694 3877 790 3931 καὶ
829 3875 1024 3930 ἑκατὸν
1065 3873 1306 3929 τάλαντά
1355 3891 1444 3945 μοι
1489 3871 1711 3945 χρυσίου
1757 3871 1963 3925 δέδοται

381 3973 482 4026 σὺν
519 3972 658 4043 αὐτῇ
677 3988 690 4001 ·
731 3970 818 4024 ὅτι
848 3967 1055 4040 Κύριός
1095 3983 1186 4037 μοι
1212 3965 1373 4030 αὐτὸς
1399 3961 1678 4019 ἐδούλευσε
1695 3963 1827 4036 (78).
1853 3963 1964 4018 Καί

459 4107 506 4142 ³⁸
541 4100 710 4158 Eccli.
743 4116 872 4168 xxv,
903 4101 962 4156 2.

456 4287 596 4360 (61)-
621 4285 1032 4360 Ἀνεχῴρησεις
1048 4300 1061 4314 ·
1075 4284 1116 4360 ῥ
1142 4280 1211 4335 δὲ
1237 4275 1966 4360 εὐνοῇχοςὶςΑνεχώρησεν

385 4348 696 4431 ὑμέὺνόῦχος
726 4348 1042 4431 h'a_bet:cod.
1068 4351 1253 4431 0_xon_._
1280 4350 1495 4431 omisso
1528 4348 1616 4417 δέ,
1644 4348 1728 4431 ita
1773 4357 1833 4431 u_t
1871 4363 1967 4431 pe-

389 4417 743 4483 riodus'hon
790 4425 846 4479 in
884 4425 996 4499 duo
1039 4425 1158 4499 cola
1205 4423 1604 4499 distinguatur.
1641 4417 1967 4499 Qu:e_|ectio

389 4499 583 4553 melior
628 4493 1060 4566 est,pr:_esertim
1101 4492 1145 4566 s_i
1177 4487 1440 4566 punctu:m
1487 4496 1612 4566 post
1657 4487 1836 4566 αὐξῶν
1865 4503 1965 4566 ρο-

385 4537 574 4632 ἰῗεῖιὶἓῖιζ
607 4537 1611 4632 υ”ι⁰’ἷη⁸”ὸ”ἔῖ›ἱι’.’ἷειέἱιὲνῗέἷ⁷ἙΞιιῖει⁷ιῇ⁷
1638 4537 1828 4614 chiEe
1865 4537 1964 4612 ’[ἑι-
1995 4537 2039 4592 D

385 4649 562 4694 ctum.
592 4639 762 4694 GRAB.

464 4710 574 4776 (6'2)
613 4710 904 4778 Πρόσεχε.
945 4706 1239 4778 Παρέχετε.
1270 4702 1345 4756 In.

1981 3172 2032 3236 C

2057 577 2238 623 autem
2286 567 2543 634 dominaz,
2581 569 2730 639 quod
2779 569 2971 641 ingens
3020 581 3207 642 petant
3249 572 3486 644 pretium
3535 589 3636 644 pro
3672 599 3677 610 τ

2055 677 2245 731 puero.
2290 659 2384 715 Illa
2410 677 2542 716 vero
2574 661 2724 717 misit
2753 662 2986 717 alterum
3031 665 3372 728 eunuchum,
3405 664 3630 720 dicens:

2061 773 2079 804 ι
2123 752 2236 810 Etsi
2287 751 2427 811 duas
2487 754 2668 810 minas
2709 755 2829 810 auri
2876 756 3188 826 petiverint,
3225 756 3352 813 vide
3392 773 3460 812 ne
3507 773 3636 828 par-

2054 859 2149 899 cas
2200 858 2338 898 auro
2383 842 2531 912 (65);
2578 852 2790 898 tantum
2839 857 3030 899 emens
3081 859 3311 913 puerum
3339 885 3354 910 ,
3401 845 3507 899 duc
3565 843 3635 898 ad

2055 948 2141 987 me
2170 932 2306 1003 (65).
2335 951 2354 986 ι
2403 930 2502 988 Ille
2525 947 2654 988 vero
2683 932 2832 988 dedit
2861 933 3138 1004 octoginta
3171 950 3368 989 aureos
3393 950 3494 1005 pro
3523 950 3632 998 me,
3661 980 3667 986 .

2053 1033 2274 1078 centum
2319 1023 2510 1078 dicens
2541 1021 2813 1094 Egyptiae
2865 1023 3023 1078 datns
3072 1038 3194 1078 esse
3246 1039 3346 1093 pro
3401 1038 3508 1078 me.
3567 1019 3661 1077 Et:

2055 1114 2244 1170 videns
2289 1112 2602 1193 ego‘silui,
2649 1126 2710 1168 ut
2763 1127 2875 1168 non
2926 1114 3311 1185 exquireretur
3365 1112 3479 1183 (68)
3533 1128 3664 1168 eu--

2056 1207 2292 1262 nuehus.
2354 1280 2356 1282 ν

2126 1294 2290 1351 XVII.
2341 1315 2359 1349 ι
2395 1295 2607 1361 Videte.
2642 1295 2737 1351 ﬁlii
2767 1297 2896 1365 mei,
2922 1308 3124 1370 quanta
3151 1299 3412 1366 sustinui,
3435 1306 3496 1353 ut
3525 1313 3635 1353 non

2056 1386 2450 1443 confunderem
2503 1389 2702 1443 fratres
2754 1403 2930 1444 meos.
2982 1389 3049 1444 Et
3078 1405 3178 1446 vos
3226 1391 3394 1461 igitur
3429 1389 3637 1459 diligite

2053 1489 2267 1534 vosmet
2306 1479 2575 1546 invicem;
2618 1481 2674 1534 in
2720 1481 3137 1551 longanimitate
3184 1482 3504 1538 abscondite
3541 1481 3636 1537 alii

2055 1571 2286 1626 aliorum
2312 1571 2579 1628 defectus.
2611 1571 2921 1628 Delectatur
2955 1574 3100 1629 enim
3130 1573 3277 1630 Deus
3314 1575 3369 1629 in
3401 1589 3635 1630 concor-

2054 1662 2145 1717 dia
2191 1661 2422 1718 fratrum
2450 1661 2516 1728 “,
2565 1673 2620 1718 et
2657 1663 2712 1718 in
2755 1663 3026 1720 electione
3076 1665 3262 1719 cordis
3315 1664 3528 1734 probati
3578 1663 3634 1718 in

2052 1754 2363 1810 dilectione.
2415 1755 2648 1822 Quando
2682 1765 2864 1812 autem
2895 1766 3163 1813 venerunt
3204 1756 3401 1814 fratres
3438 1758 3544 1828 mei
3577 1758 3634 1813 in

2049 1845 2369 1919 Egyptum,
2425 1857 2716 1920 postquam
2769 1855 3170 1921 cognoverunt.
3220 1853 3369 1922 quod
3422 1849 3632 1906 reddidi

2051 1951 2335 2012 argentum
2365 1943 2466 2009 eis,
2501 1951 2555 1998 et
2585 1959 2695 2000 non
2727 1943 3077 2014 exprobravi;
3102 1942 3197 1999 sed
3229 1954 3284 1999 et
3313 1942 3634 1998 consolatus

2049 2049 2175 2089 sum
2204 2049 2320 2103 eos,
2349 2045 2403 2091 et
2434 2044 2560 2106 post
2592 2044 2825 2091 mortem
2854 2035 3025 2092 Jacob
3069 2035 3440 2091 abundantius
3468 2034 3634 2090 dilexi

2051 2141 2167 2192 eos,
2197 2136 2252 2182 et
2283 2129 2468 2182 omnia
2499 2143 2844 2199 quaecunque
2865 2129 3033 2199 jussit
3056 2128 3195 2198 (72),
3215 2127 3320 2183 feci
3349 2127 3634 2183 abundan-

2054 2228 2156 2284 ter,
2187 2227 2242 2274 et
2271 2219 2707 2274 admirabantur.
2752 2218 2872 2274 Non
2899 2219 3045 2274 enim
3074 2219 3297 2289 permisi
3329 2233 3425 2274 eos
3447 2216 3632 2288 aﬁligi,

2052 2324 2230 2379 usque
2255 2310 2323 2365 ad
2354 2325 2579 2379 parvam
2609 2325 2744 2364 rem.
2772 2309 2840 2364 Et
2865 2325 3029 2365 omne
3058 2311 3204 2380 quod
3232 2318 3352 2364 erat
3379 2310 3433 2363 in
3463 2323 3632 2362 manu

2052 2419 2197 2466 mea,
2223 2402 2302 2457 eis
2331 2401 2478 2457 dedi.
2496 2401 2618 2456 Filii
2642 2417 2855 2467 eorum,
2873 2401 2969 2456 ﬁlii
2994 2402 3130 2467 mei,
3159 2400 3324 2471 (apud
3349 2416 3438 2457 me
3461 2400 3634 2455 habiti

2053 2493 2240 2562 sunt);
2279 2500 2334 2547 et
2367 2491 2462 2546 ﬁlii
2497 2493 2625 2558 mei,
2659 2501 2718 2547 ut
2754 2491 2896 2548 servi
2931 2505 3144 2547 eorum.
3182 2491 3378 2546 Anima
3418 2505 3632 2557 eorum,

2054 2586 2238 2640 anima
2272 2601 2424 2652 mea;
2459 2593 2512 2640 et
2551 2585 2733 2640 omnis
2781 2585 2941 2640 dolor
2984 2599 3200 2652 eorum,
3237 2585 3395 2640 dolor
3439 2601 3630 2652 meus;

2054 2687 2109 2732 et
2145 2692 2326 2733 omnis
2372 2677 2660 2732 inﬁrmitas
2700 2691 2916 2743 eorum,
2953 2676 3246 2734 inﬁrmitas
3277 2692 3417 2732 mea.
3466 2676 3634 2731 Terra

2056 2784 2212 2838 mea,
2269 2778 2414 2825 terra
2458 2783 2686 2836 eorum;
2735 2768 3028 2823 consilium
3082 2784 3302 2836 meum,
3342 2768 3635 2824 consilium

2055 2876 2247 2917 eorum
2277 2880 2292 2915 :
2319 2871 2374 2918 et
2407 2877 2515 2917 non
2551 2862 2790 2916 exaltavi
2823 2861 3096 2932 meipsum
3146 2861 3201 2915 in
3231 2861 3312 2915 eis
3359 2861 3414 2914 in
3444 2875 3640 2930 super-

2046 2955 2168 3021 bia,
2190 2963 2416 3024 propter
2444 2952 2777 3008 mundanam
2808 2952 3036 3022 gloriam
3065 2965 3266 3018 meam,
3298 2950 3392 3005 sed
3416 2965 3566 3005 eram
3579 2950 3637 3004 in

2057 3049 2140 3104 eis
2171 3048 2316 3103 sicut
2349 3062 2496 3102 unus
2525 3045 2906 3102 minimorum.

2135 3220 2323 3277 XVIII.
2369 3241 2390 3274 ο
2423 3221 2482 3277 Si
2514 3221 2684 3289 igitur
2714 3229 2770 3277 et
2797 3235 2897 3276 vos
2934 3219 3229 3276 ambuletis
3265 3220 3320 3275 in
3364 3220 3639 3277 mandatis

2063 3315 2301 3382 Domini,
2345 3315 2444 3370 ﬁlii
2492 3313 2626 3379 mei,
2654 3312 2922 3368 exaltabit
2957 3327 3058 3367 vos
3114 3311 3228 3378 hic,
3264 3320 3317 3365 et
3345 3311 3640 3366 benedicet

2062 3411 2120 3464 in
2154 3407 2316 3464 bonis
2350 3408 2403 3462 in
2435 3406 2656 3464 saecula.
2697 3403 2766 3460 Et
2798 3404 2842 3458 si
2881 3404 3121 3459 voluerit
3151 3403 3279 3474 quis
3311 3401 3641 3458 malefacere

2061 3501 2240 3566 vobis,
2274 3515 2370 3555 vos
2408 3499 2464 3554 in
2491 3497 2830 3569 benignitate
2865 3505 3025 3550 orate
3051 3510 3150 3566 pro
3177 3510 3278 3561 eo;
3307 3505 3361 3549 et
3387 3494 3458 3548 ab
3487 3494 3640 3548 omni

2064 3592 2211 3646 malo
2240 3588 2612 3646 liberabimini
2648 3603 2744 3658 per
2766 3586 3089 3642 Dominum.
3126 3584 3268 3641 Ecce
3307 3585 3456 3640 enim
3487 3585 3644 3640 vide-

2064 3684 2164 3748 tis,
2214 3680 2361 3753 quod
2405 3689 2629 3751 propter
2679 3677 3191 3747 Ionganimitatem,
3248 3675 3414 3730 etiam
3472 3675 3641 3729 ﬁliam

2063 3774 2415 3831 dominorum
2446 3784 2694 3826 meorum
2725 3767 2910 3838 accepi
2947 3767 3001 3821 in
3037 3780 3303 3833 uxorem;
3337 3773 3391 3820 et
3417 3773 3640 3822 centum

2065 3869 2270 3924 talenta
2295 3865 2418 3922 auri
2445 3863 2581 3919 mihi
2607 3862 2737 3918 data
2777 3870 2906 3918 sunt
2936 3876 3062 3916 cum
3098 3875 3200 3927 ea;
3250 3860 3514 3929 quoniam
3543 3873 3645 3913 eos

2067 3959 2336 4015 Dominus
2382 3957 2520 4013 mihi
2579 3956 2788 4013 servire
2839 3952 2991 4009 fecit.
3055 3951 3125 4008 Et
3177 3951 3643 4023 pulchritudinem

2160 4269 2252 4332 75)
2288 4267 2522 4332 ᾼύτοῖς.
2551 4264 2779 4329 Αὐτοὺς.
2825 4261 2902 4318 In.

2160 4271 2228 4324 75
2288 4269 2522 4332 ᾼύτοῖς.
2551 4269 2779 4329 Αὐτοὺς.
2825 4269 2902 4318 In.

2159 4269 2374 4413 74)_'H
2412 4337 2489 4408 τῆ
2528 4353 2670 4407 μου,
2858 4331 2979 4388 τῶν
3028 4331 3389 4400 ἐλαχίστων,
3441 4328 3646 4384 omissa

2068 4409 2337 4470 sunt.'ln.

2137 4481 2252 4550 (75)
2305 4476 2615 4550 Ἐνταῦρα.
2652 4475 2837 4531 Deest.
2865 4473 2943 4550 In.

2159 4482 2252 4550 75)
2305 4481 2615 4534 Ἐνταῦθα.
2652 4481 2837 4531 Deest.
2866 4481 2943 4529 In.

2137 4481 2270 4623 (76)
2304 4549 2478 4623 Ἰδού.
2523 4547 2734 4604 Desunt
2783 4545 2970 4600 omnia
3015 4558 3191 4614 usque
3219 4541 3287 4597 ad
3318 4540 3378 4593 ὲν
3405 4540 3542 4593 πᾶσι
3568 4537 3652 4610 τῷ.

2079 4619 2593 4765 Ἰῗξεῖξοέιῗγατέρα
2628 4683 3110 4765 κυρίωνμογπῐέι
3145 4682 3234 4738 his
3261 4680 3444 4763 verbis
3477 4689 3647 4765 patet,

613 4751 1345 4851 "ﬁé'ﬁéié'it'hinirbi’
1394 4767 1528 4851 Date
1555 4800 1576 4835 ,η
1627 4783 1719 4823 nec
1770 4767 1975 4838 parcite
2066 4751 2358 4851 auctorem'
2383 4751 2656 4851 'nosLtrum
2699 4751 2798 4827 per
2843 4751 3647 4851 Puti(inaremzncqiuﬁnﬁlip‘m

396 4839 710 4914 auro,'ete.,
738 4851 892 4916 juxta
921 4839 1169 4916 Graecum
1195 4839 1368 4916 Oxon.
1406 4839 1486 4893 In.

495 4909 584 4992 64)
620 4909 968 4992 ῌριἇμενος.
997 4913 1328 4992 ῌριάμενοι..
1351 4909 1428 4966 In.

497 4983 587 5056 65)
615 4981 730 5046 Diu:
757 4981 826 5044 ad
857 4981 957 5041 me.
995 4981 1276 5041 Adducite.
1312 4981 1390 5056 In.

465 5050 578 5132 (66)
613 5060 767 5132 Δίδει
820 5057 1024 5125 αὐτοῖς
1059 5064 1116 5112 π’
1161 5055 1474 5126 χρυσίους.
1511 5050 1645 5115 Δούς
1675 5052 1873 5116 αὐτοῖς
1915 5058 1967 5105 π’

385 5129 690 5202 χρυσίνους.
727 5129 800 5184 In.

487 5203 576 5272 67)
629 5191 904 5268 Ἑτασθῇ.
939 5200 1190 5272 Αἰκέσθῇ,
1220 5195 1512 5272 vapularet.
1547 5191 1622 5272 In.

467 5202 576 5344 (67)
629 5202 904 5268 Ἑτασθῇ.
939 5202 1190 5272 Αἰκισθῇ,
1220 5202 1512 5267 vapularet.
1550 5202 1629 5276 In:

383 5272 1002 5403 OXIGlinquireretur.
1028 5270 1238 5342 Flagris
1264 5268 1588 5330 caederetur,
1610 5273 1766 5336 Juxta
1792 5263 1964 5318 Graec.

443 5361 497 5398 Χ.
539 5361 613 5398 ΙΙ).

490 5415 556 5470 69

489 5486 556 5539 70

487 5557 549 5611 71

387 5620 576 5768 εειὲαᾴ
602 5636 656 5684 et
677 5628 792 5710 haec
821 5626 974 5707 bene
1001 5620 1288 5693 intelliges.
1322 5620 1398 5675 In.
1676 5690 1686 5700 .

412 5767 432 5768 ἡ
491 5698 580 5768 72)
619 5697 812 5752 Iussit.
848 5696 1067 5768 Selllcet
1096 5703 1249 5768 pater
1283 5689 1474 5745 Jacob.
1507 5689 1614 5768 S_ed
1645 5705 1686 5743 SI

491 5687 580 5770 72)
619 5697 812 5752 Iussit.
848 5696 1067 5774 Scilicet
1096 5687 1249 5774 pater
1283 5689 1474 5745 Jacob.
1507 5689 1614 5774 S_ed
1645 5690 1690 5743 si
1721 5687 1968 5774 graecum

390 5758 575 5823 Ox‘on:
602 5783 918 5837 sequamur,
945 5767 1064 5822 loco
1082 5758 1245 5834 jussit
1276 5763 1646 5831 reponendum
1674 5758 1966 5826 voluerunt,

394 5854 596 5909 nempe
622 5835 838 5895 fratres.
871 5835 946 5892 In.

629 5411 916 5485 Ἀγάπην.
969 5411 1221 5485 Ἀγαθόν.
1254 5408 1332 5485 In.

616 5475 1008 5553 Παρεκᾶλεσα
1041 5475 1282 5553 ὶιὺωύς.
1319 5479 1428 5553 καί
1454 5475 1686 5553 add._In.

627 5545 1005 5611 Ἐφὶἐλευσεν.
1043 5545 1364 5621 meum.
1399 5550 1542 5619 Lege
1570 5547 1768 5604 Genes.
1801 5563 1853 5614 L,
1882 5545 1945 5599 16

465 5414 486 5624 l

557 5414 578 5630 ξ

2066 4833 2305 4892 Asenath
2330 4830 2604 4904 Iosephus
2636 4822 2956 4904 ξιιύκοτειη
2976 4822 2983 4824 ἡ
3001 4823 3280 4904 accepisse
3305 4822 3526 4904 dicitur,
3551 4822 3652 4904 Ge:-

2069 4921 2188 4962 ncs.
2215 4919 2328 4968 xu,
2376 4893 2479 4967 45,-
2517 4899 2854 4956 intellexisse
2908 4896 3088 4965 ipsum
3137 4893 3520 4964 Putipharem,
3553 4893 3650 4968 qui

2065 4963 2364 5044 Josephuin
2398 4963 2644 5044 emerat,
2701 4968 2840 5024 adeo
2892 4963 2953 5044 ut
3010 4981 3084 5044 est
3124 4963 3494 5044 servorgene'r
3528 4963 3653 5044 ejus

2068 5031 2246 5102 factiis
2273 5042 2461 5112 fuerit:
2490 5041 2548 5095 In
2579 5031 2686 5112 qua
2714 5037 2985 5112 sententia
3005 5031 3418 5112 _etiam_fuit'ex
3444 5031 3652 5112 Jud:e.i~s

2072 5117 2134 5172 It.
2163 5115 2386 5171 Salonio
2435 5102 2659 5176 Jarehi;
2712 5125 2778 5165 ex
2815 5107 3145 5163 Christianis
3190 5104 3555 5176 Hieronymus
3594 5102 3650 5156 in

2069 5189 2126 5243 li.
2156 5189 2194 5242 l.
2234 5185 2336 5239 Ast
2377 5174 2710 5237 recentiores
2757 5186 3220 5234 con‘nnentatorcs
3272 5191 3413 5245 quos
3457 5174 3654 5245 legisse

2069 5241 2204 5313 inihi
2244 5253 2493 5322 contigit,
2521 5249 2864 5322 omnesifere
2887 5247 3240 5322 Putipharem
3284 5241 3654 5322 socerum_Jo-

2069 5328 2254 5399 sephi,
2301 5314 2660 5399 a__I_"_u_tiphare
2707 5321 2933 5375 domino
2964 5314 3115 5387 ejus,
3160 5317 3434 5399 diversum
3483 5314 3654 5396 fuisse

2069 5385 2280 5453 volunt.
2325 5395 2457 5448 Mihi
2482 5385 2595 5464 iam
2635 5408 2745 5464 non
2786 5398 2944 5464 vacat
2991 5385 3307 5464 accuratius
3349 5385 3653 5464 inquirere,

2070 5471 2249 5540 cuius,
2279 5467 2388 5521 fil-ia
2434 5455 2598 5540 fuerit
2623 5463 2777 5534 virgo
2807 5459 3047 5540 Asrnath
3081 5475 3219 5540 uxor
3248 5455 3494 5540 Joseplii,
3523 5455 3655 5540 quia

2071 5529 2156 5594 ad'
2184 5539 2347 5594 aliam
2418 5535 2592 5605 magis
2664 5529 3062 5605 necessari_am_
3099 5529 3510 5605 adnotationem
3553 5531 3655 5605 me

2073 5622 2236 5664 vocat
2267 5599 2688 5663 ntelioris'notze
2709 5604 2886 5672 virgo,
2929 5601 2990 5654 B.
3017 5599 3185 5660 Maria
3214 5612 3386 5655 mater
3408 5599 3652 5672 Domini,

2073 5681 2235 5751 cuius
2264 5677 2538 5749 Josephus
2581 5678 2636 5732 in
2665 5670 2856 5732 eadem
2888 5672 3085 5744 pagina
3116 5674 3454 5729 mentionem
3500 5670 3650 5725 facit.

2072 5751 2151 5806 In.

2117 5820 2234 5869 mn
2275 5818 2464 5886 Αὐτὸς
2487 5819 2834 5876 ἐδούλευσε.
2865 5817 3009 5889 Lege
3037 5817 3233 5880 αὐτοὺς
3259 5814 3542 5870 ὲδούλωσε.
3572 5809 3652 5865 In.
