  <div class='ocr_page' id='page_1' title='image "/cluster/home/n/w/nwhite01/storage/ocr_20150623/2/mdp.39015005182426/580.png"; bbox 0 0 3992 6148; ppageno 0'>
   <div class='ocr_carea' id='block_1_1' title="bbox 349 316 475 370">
    <p class='ocr_par' dir='ltr' id='par_1_1' title="bbox 349 316 475 370">
     <span class='ocr_line' id='line_1_1' title="bbox 349 316 475 370; baseline 0 0"><span class='ocrx_word' id='word_1_1' title='bbox 349 316 475 370; x_wconf 75' lang='grc' dir='ltr'><strong>ΙΜΙ</strong></span> 
     </span>
    </p>
   </div>
   <div class='ocr_carea' id='block_1_2' title="bbox 1485 315 2404 376">
    <p class='ocr_par' dir='ltr' id='par_1_2' title="bbox 1485 315 2404 376">
     <span class='ocr_line' id='line_1_2' title="bbox 1485 315 2404 376; baseline -0.005 0"><span class='ocrx_word' id='word_1_2' title='bbox 1485 317 2011 376; x_wconf 80' lang='lat' dir='ltr'><strong>TESTAMENTUM</strong></span> <span class='ocrx_word' id='word_1_3' title='bbox 2047 316 2207 372; x_wconf 79' lang='lat' dir='ltr'><strong>BENJ</strong></span> <span class='ocrx_word' id='word_1_4' title='bbox 2217 315 2404 371; x_wconf 79' lang='lat' dir='ltr'><strong>AMI‘N.</strong></span> 
     </span>
    </p>
   </div>
   <div class='ocr_carea' id='block_1_3' title="bbox 3449 316 3589 371">
    <p class='ocr_par' dir='ltr' id='par_1_3' title="bbox 3449 316 3589 371">
     <span class='ocr_line' id='line_1_3' title="bbox 3449 316 3589 371; baseline 0.014 -2"><span class='ocrx_word' id='word_1_5' title='bbox 3449 316 3589 371; x_wconf 71' lang='lat' dir='ltr'><strong>Hi9.</strong></span> 
     </span>
    </p>
   </div>
   <div class='ocr_carea' id='block_1_4' title="bbox 341 417 1890 508">
    <p class='ocr_par' dir='ltr' id='par_1_4' title="bbox 341 428 1890 508">
     <span class='ocr_line' id='line_1_4' title="bbox 341 428 1890 508; baseline 0.003 -28"><span class='ocrx_word' id='word_1_6' title='bbox 341 428 452 482; x_wconf 83' lang='lat' dir='ltr'><strong>Kal</strong></span> <span class='ocrx_word' id='word_1_7' title='bbox 480 429 776 500; x_wconf 75' lang='grc' dir='ltr'>ἐπένθησεν</span> <span class='ocrx_word' id='word_1_8' title='bbox 809 433 969 485; x_wconf 81' lang='grc' dir='ltr'>αὑτὸν</span> <span class='ocrx_word' id='word_1_9' title='bbox 1013 435 1118 498; x_wconf 87' lang='grc' dir='ltr'><strong>πᾶς</strong></span> <span class='ocrx_word' id='word_1_10' title='bbox 1159 435 1392 508; x_wconf 78' lang='grc' dir='ltr'>Ἰσραὴλ,</span> <span class='ocrx_word' id='word_1_11' title='bbox 1431 438 1525 488; x_wconf 74' lang='grc' dir='ltr'><strong>καὶ</strong></span> <span class='ocrx_word' id='word_1_12' title='bbox 1553 437 1700 489; x_wconf 79' lang='grc' dir='ltr'>πᾶσα</span> <span class='ocrx_word' id='word_1_13' title='bbox 1746 437 1780 504; x_wconf 81' lang='grc' dir='ltr'><strong>ἡ</strong></span> <span class='ocrx_word' id='word_1_14' title='bbox 1824 431 1890 486; x_wconf 70' lang='lat' dir='ltr'><strong>Ai</strong></span> 
     </span>
    </p>
   </div>
   <div class='ocr_carea' id='block_1_5' title="bbox 2000 417 3582 508">
    <p class='ocr_par' dir='ltr' id='par_1_5' title="bbox 2023 417 3582 507">
     <span class='ocr_line' id='line_1_5' title="bbox 2023 417 3582 507; baseline 0.003 -21"><span class='ocrx_word' id='word_1_15' title='bbox 2023 433 2201 487; x_wconf 92' lang='lat' dir='ltr'><strong>omnis</strong></span> <span class='ocrx_word' id='word_1_16' title='bbox 2244 419 2530 497; x_wconf 34' lang='lat' dir='ltr'><strong>lsraelfct</strong></span> <span class='ocrx_word' id='word_1_17' title='bbox 2566 434 2744 488; x_wconf 89' lang='lat' dir='ltr'><strong>omnis</strong></span> <span class='ocrx_word' id='word_1_18' title='bbox 2770 417 3058 507; x_wconf 68' lang='lat' dir='ltr'><strong>AB‘gyptus,</strong></span> <span class='ocrx_word' id='word_1_19' title='bbox 3106 435 3326 503; x_wconf 84' lang='lat' dir='ltr'><strong>planctu</strong></span> <span class='ocrx_word' id='word_1_20' title='bbox 3361 449 3582 505; x_wconf 88' lang='lat' dir='ltr'><strong>magno.</strong></span> 
     </span>
    </p>
   </div>
   <div class='ocr_carea' id='block_1_6' title="bbox 337 522 1911 596">
    <p class='ocr_par' dir='ltr' id='par_1_6' title="bbox 337 522 1911 596">
     <span class='ocr_line' id='line_1_6' title="bbox 337 522 1911 596; baseline 0.006 -26"><span class='ocrx_word' id='word_1_21' title='bbox 337 534 562 586; x_wconf 88' lang='grc' dir='ltr'>γυπτος,</span> <span class='ocrx_word' id='word_1_22' title='bbox 595 522 786 585; x_wconf 91' lang='grc' dir='ltr'>πένθος</span> <span class='ocrx_word' id='word_1_23' title='bbox 815 523 976 594; x_wconf 88' lang='grc' dir='ltr'>μέγα.</span> <span class='ocrx_word' id='word_1_24' title='bbox 1009 526 1119 579; x_wconf 89' lang='lat' dir='ltr'><strong>Kal</strong></span> <span class='ocrx_word' id='word_1_25' title='bbox 1145 527 1254 594; x_wconf 79' lang='grc' dir='ltr'>γὰρ</span> <span class='ocrx_word' id='word_1_26' title='bbox 1289 529 1518 591; x_wconf 76' lang='grc' dir='ltr'>καὶτοῖς</span> <span class='ocrx_word' id='word_1_27' title='bbox 1560 527 1911 596; x_wconf 77' lang='grc' dir='ltr'><strong>Αἰγυπτίοις,</strong></span> 
     </span>
    </p>
   </div>
   <div class='ocr_carea' id='block_1_7' title="bbox 337 612 1915 692">
    <p class='ocr_par' dir='ltr' id='par_1_7' title="bbox 337 612 1915 692">
     <span class='ocr_line' id='line_1_7' title="bbox 337 612 1915 692; baseline 0.006 -29"><span class='ocrx_word' id='word_1_28' title='bbox 337 612 413 676; x_wconf 84' lang='grc' dir='ltr'>ὡς</span> <span class='ocrx_word' id='word_1_29' title='bbox 443 613 594 676; x_wconf 85' lang='grc' dir='ltr'><strong>ἰδίοις</strong></span> <span class='ocrx_word' id='word_1_30' title='bbox 624 613 840 684; x_wconf 88' lang='grc' dir='ltr'>μέλεσι,</span> <span class='ocrx_word' id='word_1_31' title='bbox 873 615 1176 689; x_wconf 86' lang='grc' dir='ltr'>συνέπασχε</span> <span class='ocrx_word' id='word_1_32' title='bbox 1196 661 1210 684; x_wconf 90' lang='grc'><strong>,</strong></span> <span class='ocrx_word' id='word_1_33' title='bbox 1255 623 1347 672; x_wconf 77' lang='grc' dir='ltr'>καὶ</span> <span class='ocrx_word' id='word_1_34' title='bbox 1392 621 1676 692; x_wconf 80' lang='grc' dir='ltr'><strong>εὐηργέτει</strong></span> <span class='ocrx_word' id='word_1_35' title='bbox 1695 662 1710 685; x_wconf 87' lang='grc'><strong>,</strong></span> <span class='ocrx_word' id='word_1_36' title='bbox 1754 622 1915 674; x_wconf 71' lang='grc' dir='ltr'>παντὶ</span> 
     </span>
    </p>
   </div>
   <div class='ocr_carea' id='block_1_8' title="bbox 338 705 1750 784">
    <p class='ocr_par' dir='ltr' id='par_1_8' title="bbox 338 705 1750 784">
     <span class='ocr_line' id='line_1_8' title="bbox 338 705 1750 784; baseline 0.008 -26"><span class='ocrx_word' id='word_1_37' title='bbox 338 706 485 777; x_wconf 78' lang='grc' dir='ltr'>ἔργῳ</span> <span class='ocrx_word' id='word_1_38' title='bbox 506 745 520 769; x_wconf 94' lang='grc'><strong>,</strong></span> <span class='ocrx_word' id='word_1_39' title='bbox 549 705 644 759; x_wconf 78' lang='grc' dir='ltr'>καὶ</span> <span class='ocrx_word' id='word_1_40' title='bbox 671 706 867 778; x_wconf 82' lang='grc' dir='ltr'>βουλῇ,</span> <span class='ocrx_word' id='word_1_41' title='bbox 899 709 991 762; x_wconf 70' lang='grc' dir='ltr'><strong>καὶ</strong></span> <span class='ocrx_word' id='word_1_42' title='bbox 1016 712 1299 782; x_wconf 82' lang='grc' dir='ltr'><strong>πράγματι</strong></span> <span class='ocrx_word' id='word_1_43' title='bbox 1334 714 1750 784; x_wconf 83' lang='grc' dir='ltr'>παριστάμενος.</span> 
     </span>
    </p>
   </div>
   <div class='ocr_carea' id='block_1_9' title="bbox 867 801 1396 856">
    <p class='ocr_par' dir='ltr' id='par_1_9' title="bbox 867 801 1396 856">
     <span class='ocr_line' id='line_1_9' title="bbox 867 801 1396 856; baseline 0.008 -5"><span class='ocrx_word' id='word_1_44' title='bbox 867 801 1261 855; x_wconf 81' lang='grc' dir='ltr'><strong>ΚΕΦΑΛΑῙΟΝ</strong></span> <span class='ocrx_word' id='word_1_45' title='bbox 1298 804 1396 856; x_wconf 88' lang='lat' dir='ltr'><strong>IB&#39;.</strong></span> 
     </span>
    </p>
   </div>
   <div class='ocr_carea' id='block_1_10' title="bbox 443 891 1804 966">
    <p class='ocr_par' dir='ltr' id='par_1_10' title="bbox 443 891 1804 966">
     <span class='ocr_line' id='line_1_10' title="bbox 443 891 1804 966; baseline 0.005 -22"><span class='ocrx_word' id='word_1_46' title='bbox 443 891 699 961; x_wconf 81' lang='grc' dir='ltr'>Διαθήκη</span> <span class='ocrx_word' id='word_1_47' title='bbox 734 892 1036 960; x_wconf 75' lang='grc' dir='ltr'>Βενιαμὶν,</span> <span class='ocrx_word' id='word_1_48' title='bbox 1065 893 1199 962; x_wconf 78' lang='grc' dir='ltr'>περὶ</span> <span class='ocrx_word' id='word_1_49' title='bbox 1225 893 1492 962; x_wconf 78' lang='grc' dir='ltr'><strong>διανοίας</strong></span> <span class='ocrx_word' id='word_1_50' title='bbox 1524 896 1804 966; x_wconf 79' lang='grc' dir='ltr'>καθαρᾶς.</span> 
     </span>
    </p>
   </div>
   <div class='ocr_carea' id='block_1_11' title="bbox 408 981 1913 1056">
    <p class='ocr_par' dir='ltr' id='par_1_11' title="bbox 408 981 1913 1056">
     <span class='ocr_line' id='line_1_11' title="bbox 408 981 1913 1056; baseline 0.003 -21"><span class='ocrx_word' id='word_1_51' title='bbox 408 983 484 1036; x_wconf 83' lang='grc' dir='ltr'><strong>Α’.</strong></span> <span class='ocrx_word' id='word_1_52' title='bbox 531 984 886 1056; x_wconf 83' lang='grc' dir='ltr'>Ἀντίγραφον</span> <span class='ocrx_word' id='word_1_53' title='bbox 908 984 1080 1053; x_wconf 89' lang='grc' dir='ltr'>λόγων</span> <span class='ocrx_word' id='word_1_54' title='bbox 1125 985 1401 1056; x_wconf 70' lang='grc' dir='ltr'>Βενιαμὶν,</span> <span class='ocrx_word' id='word_1_55' title='bbox 1437 981 1512 1039; x_wconf 85' lang='grc' dir='ltr'>ὧν</span> <span class='ocrx_word' id='word_1_56' title='bbox 1549 987 1752 1040; x_wconf 88' lang='grc' dir='ltr'>διέθετο</span> <span class='ocrx_word' id='word_1_57' title='bbox 1801 991 1913 1052; x_wconf 84' lang='grc' dir='ltr'>τοῖς</span> 
     </span>
    </p>
   </div>
   <div class='ocr_carea' id='block_1_12' title="bbox 338 1075 1912 1150">
    <p class='ocr_par' dir='ltr' id='par_1_12' title="bbox 338 1075 1912 1150">
     <span class='ocr_line' id='line_1_12' title="bbox 338 1075 1912 1150; baseline 0.004 -25"><span class='ocrx_word' id='word_1_58' title='bbox 338 1075 472 1138; x_wconf 77' lang='grc' dir='ltr'>υἱοῖς</span> <span class='ocrx_word' id='word_1_59' title='bbox 497 1075 681 1140; x_wconf 77' lang='grc' dir='ltr'>αὑτοῦ,</span> <span class='ocrx_word' id='word_1_60' title='bbox 718 1076 890 1148; x_wconf 76' lang='grc' dir='ltr'>ζήσας</span> <span class='ocrx_word' id='word_1_61' title='bbox 914 1077 1008 1148; x_wconf 72' lang='grc' dir='ltr'><strong>ἐτη</strong></span> <span class='ocrx_word' id='word_1_62' title='bbox 1036 1083 1114 1148; x_wconf 83' lang='grc' dir='ltr'>ρκ’</span> <span class='ocrx_word' id='word_1_63' title='bbox 1141 1077 1272 1147; x_wconf 84' lang='grc'><strong>(88).</strong></span> <span class='ocrx_word' id='word_1_64' title='bbox 1309 1078 1418 1130; x_wconf 86' lang='lat' dir='ltr'><strong>Kal</strong></span> <span class='ocrx_word' id='word_1_65' title='bbox 1443 1077 1672 1150; x_wconf 79' lang='grc' dir='ltr'>φιλήσας</span> <span class='ocrx_word' id='word_1_66' title='bbox 1716 1081 1912 1144; x_wconf 75' lang='grc' dir='ltr'>αὐτοὺς</span> 
     </span>
    </p>
   </div>
   <div class='ocr_carea' id='block_1_13' title="bbox 336 1161 1908 1242">
    <p class='ocr_par' dir='ltr' id='par_1_13' title="bbox 336 1161 1908 1242">
     <span class='ocr_line' id='line_1_13' title="bbox 336 1161 1908 1242; baseline 0.004 -25"><span class='ocrx_word' id='word_1_67' title='bbox 336 1161 488 1219; x_wconf 84' lang='grc' dir='ltr'>εἶπεν</span> <span class='ocrx_word' id='word_1_68' title='bbox 505 1185 549 1217; x_wconf 79' lang='grc'><strong>⁸(</strong></span> <span class='ocrx_word' id='word_1_69' title='bbox 573 1167 661 1232; x_wconf 85' lang='grc' dir='ltr'>Ὠς</span> <span class='ocrx_word' id='word_1_70' title='bbox 688 1167 872 1221; x_wconf 80' lang='grc' dir='ltr'>Ἰσαὰκ</span> <span class='ocrx_word' id='word_1_71' title='bbox 889 1169 1164 1240; x_wconf 79' lang='grc' dir='ltr'>ἑκατοστῷ</span> <span class='ocrx_word' id='word_1_72' title='bbox 1192 1169 1300 1222; x_wconf 73' lang='grc' dir='ltr'>ἔτει</span> <span class='ocrx_word' id='word_1_73' title='bbox 1319 1169 1516 1241; x_wconf 80' lang='grc' dir='ltr'><strong>ἐτέχθη</strong></span> <span class='ocrx_word' id='word_1_74' title='bbox 1529 1169 1605 1240; x_wconf 81' lang='grc' dir='ltr'><strong>τῷ</strong></span> <span class='ocrx_word' id='word_1_75' title='bbox 1642 1170 1908 1242; x_wconf 75' lang='grc' dir='ltr'>Ἀϐραὰμ,</span> 
     </span>
    </p>
   </div>
   <div class='ocr_carea' id='block_1_14' title="bbox 333 1251 1910 1335">
    <p class='ocr_par' dir='ltr' id='par_1_14' title="bbox 333 1251 1910 1335">
     <span class='ocr_line' id='line_1_14' title="bbox 333 1251 1910 1335; baseline 0.006 -27"><span class='ocrx_word' id='word_1_76' title='bbox 333 1255 506 1320; x_wconf 73' lang='grc' dir='ltr'>οὕτως</span> <span class='ocrx_word' id='word_1_77' title='bbox 538 1258 691 1328; x_wconf 82' lang='grc' dir='ltr'>κάγὼ</span> <span class='ocrx_word' id='word_1_78' title='bbox 721 1258 800 1329; x_wconf 85' lang='grc' dir='ltr'>τῷ</span> <span class='ocrx_word' id='word_1_79' title='bbox 845 1259 1056 1312; x_wconf 86' lang='grc' dir='ltr'>Ἰακώϐ.</span> <span class='ocrx_word' id='word_1_80' title='bbox 1095 1261 1203 1313; x_wconf 85' lang='lat' dir='ltr'><strong>Kal</strong></span> <span class='ocrx_word' id='word_1_81' title='bbox 1235 1251 1420 1332; x_wconf 75' lang='grc' dir='ltr'>ἐπειδὴ</span> <span class='ocrx_word' id='word_1_82' title='bbox 1457 1261 1653 1333; x_wconf 79' lang='grc' dir='ltr'>Ῥαχὴλ</span> <span class='ocrx_word' id='word_1_83' title='bbox 1683 1263 1910 1335; x_wconf 85' lang='grc' dir='ltr'>τέθνηκε</span> 
     </span>
    </p>
   </div>
   <div class='ocr_carea' id='block_1_15' title="bbox 332 1349 1910 1424">
    <p class='ocr_par' dir='ltr' id='par_1_15' title="bbox 332 1349 1910 1424">
     <span class='ocr_line' id='line_1_15' title="bbox 332 1349 1910 1424; baseline 0.004 -22"><span class='ocrx_word' id='word_1_84' title='bbox 332 1350 580 1418; x_wconf 84' lang='grc' dir='ltr'>γεννῶσά</span> <span class='ocrx_word' id='word_1_85' title='bbox 617 1368 704 1421; x_wconf 87' lang='grc' dir='ltr'><strong>με,</strong></span> <span class='ocrx_word' id='word_1_86' title='bbox 739 1351 880 1420; x_wconf 85' lang='grc' dir='ltr'>γάλα</span> <span class='ocrx_word' id='word_1_87' title='bbox 918 1353 1016 1404; x_wconf 79' lang='grc' dir='ltr'><strong>οὐκ</strong></span> <span class='ocrx_word' id='word_1_88' title='bbox 1051 1352 1224 1422; x_wconf 80' lang='grc' dir='ltr'>ἔσχον.</span> <span class='ocrx_word' id='word_1_89' title='bbox 1258 1353 1436 1405; x_wconf 83' lang='grc' dir='ltr'>Βάλαν</span> <span class='ocrx_word' id='word_1_90' title='bbox 1473 1349 1566 1406; x_wconf 82' lang='grc' dir='ltr'><strong>οὖν</strong></span> <span class='ocrx_word' id='word_1_91' title='bbox 1597 1353 1694 1424; x_wconf 83' lang='grc' dir='ltr'><strong>τὴν</strong></span> <span class='ocrx_word' id='word_1_92' title='bbox 1731 1356 1910 1408; x_wconf 86' lang='grc' dir='ltr'>παιδί-</span> 
     </span>
    </p>
   </div>
   <div class='ocr_carea' id='block_1_16' title="bbox 334 1439 1910 1513">
    <p class='ocr_par' dir='ltr' id='par_1_16' title="bbox 334 1439 1910 1513">
     <span class='ocr_line' id='line_1_16' title="bbox 334 1439 1910 1513; baseline 0.004 -21"><span class='ocrx_word' id='word_1_93' title='bbox 334 1456 473 1510; x_wconf 86' lang='grc' dir='ltr'>σκην</span> <span class='ocrx_word' id='word_1_94' title='bbox 502 1439 670 1510; x_wconf 83' lang='grc' dir='ltr'>αὐτῆς</span> <span class='ocrx_word' id='word_1_95' title='bbox 694 1439 951 1510; x_wconf 80' lang='grc' dir='ltr'>ὲθήλασα.</span> <span class='ocrx_word' id='word_1_96' title='bbox 991 1441 1054 1493; x_wconf 90' lang='lat' dir='ltr'><strong>&#39;H</strong></span> <span class='ocrx_word' id='word_1_97' title='bbox 1089 1441 1198 1513; x_wconf 80' lang='grc' dir='ltr'>γὰρ</span> <span class='ocrx_word' id='word_1_98' title='bbox 1230 1442 1448 1513; x_wconf 78' lang='grc' dir='ltr'>Ῥαχὴλ,</span> <span class='ocrx_word' id='word_1_99' title='bbox 1479 1442 1618 1513; x_wconf 88' lang='grc' dir='ltr'>μετὰ</span> <span class='ocrx_word' id='word_1_100' title='bbox 1640 1444 1700 1496; x_wconf 85' lang='grc' dir='ltr'><strong>τὸ</strong></span> <span class='ocrx_word' id='word_1_101' title='bbox 1733 1449 1910 1499; x_wconf 84' lang='grc' dir='ltr'>τεκεῖν</span> 
     </span>
    </p>
   </div>
   <div class='ocr_carea' id='block_1_17' title="bbox 327 1532 1911 1609">
    <p class='ocr_par' dir='ltr' id='par_1_17' title="bbox 327 1532 1911 1609">
     <span class='ocr_line' id='line_1_17' title="bbox 327 1532 1911 1609; baseline 0.001 -21"><span class='ocrx_word' id='word_1_102' title='bbox 327 1532 504 1604; x_wconf 79' lang='grc' dir='ltr'>αὐτὴν</span> <span class='ocrx_word' id='word_1_103' title='bbox 533 1534 626 1586; x_wconf 84' lang='grc' dir='ltr'><strong>τὸν</strong></span> <span class='ocrx_word' id='word_1_104' title='bbox 665 1534 884 1606; x_wconf 80' lang='grc' dir='ltr'>Ἰωσὴφ,</span> <span class='ocrx_word' id='word_1_105' title='bbox 905 1535 1118 1590; x_wconf 83' lang='grc' dir='ltr'>δώδεκα</span> <span class='ocrx_word' id='word_1_106' title='bbox 1140 1536 1235 1606; x_wconf 76' lang='grc' dir='ltr'>ἔτη</span> <span class='ocrx_word' id='word_1_107' title='bbox 1253 1537 1560 1609; x_wconf 83' lang='grc' dir='ltr'>ἐστείρευσε</span> <span class='ocrx_word' id='word_1_108' title='bbox 1581 1555 1593 1566; x_wconf 93' lang='grc'><strong>·</strong></span> <span class='ocrx_word' id='word_1_109' title='bbox 1631 1538 1726 1591; x_wconf 71' lang='grc' dir='ltr'><strong>καὶ</strong></span> <span class='ocrx_word' id='word_1_110' title='bbox 1744 1554 1911 1608; x_wconf 83' lang='grc' dir='ltr'>προσ-</span> 
     </span>
    </p>
   </div>
   <div class='ocr_carea' id='block_1_18' title="bbox 2019 523 3587 598">
    <p class='ocr_par' dir='ltr' id='par_1_18' title="bbox 2019 523 3587 598">
     <span class='ocr_line' id='line_1_18' title="bbox 2019 523 3587 598; baseline 0.002 -20"><span class='ocrx_word' id='word_1_111' title='bbox 2019 525 2232 580; x_wconf 87' lang='lat' dir='ltr'><strong>Etenim</strong></span> <span class='ocrx_word' id='word_1_112' title='bbox 2263 523 2628 596; x_wconf 69' lang='lat' dir='ltr'><strong>etA&#39;Zgyptiis,</strong></span> <span class='ocrx_word' id='word_1_113' title='bbox 2664 536 2725 580; x_wconf 93' lang='lat' dir='ltr'><strong>ut</strong></span> <span class='ocrx_word' id='word_1_114' title='bbox 2751 530 2987 598; x_wconf 83' lang='lat' dir='ltr'><strong>propriis</strong></span> <span class='ocrx_word' id='word_1_115' title='bbox 3013 529 3296 591; x_wconf 90' lang='lat' dir='ltr'><strong>membris,</strong></span> <span class='ocrx_word' id='word_1_116' title='bbox 3331 543 3587 598; x_wconf 84' lang='lat' dir='ltr'><strong>compas-</strong></span> 
     </span>
    </p>
   </div>
   <div class='ocr_carea' id='block_1_19' title="bbox 2017 618 3584 690">
    <p class='ocr_par' dir='ltr' id='par_1_19' title="bbox 2017 618 3584 690">
     <span class='ocr_line' id='line_1_19' title="bbox 2017 618 3584 690; baseline 0 -16"><span class='ocrx_word' id='word_1_117' title='bbox 2017 635 2110 674; x_wconf 84' lang='lat' dir='ltr'><strong>sus</strong></span> <span class='ocrx_word' id='word_1_118' title='bbox 2140 628 2244 681; x_wconf 83' lang='lat' dir='ltr'><strong>est,</strong></span> <span class='ocrx_word' id='word_1_119' title='bbox 2280 627 2334 672; x_wconf 92' lang='lat' dir='ltr'><strong>et</strong></span> <span class='ocrx_word' id='word_1_120' title='bbox 2372 618 2664 685; x_wconf 84' lang='lat' dir='ltr'><strong>benefecit,</strong></span> <span class='ocrx_word' id='word_1_121' title='bbox 2699 621 2849 674; x_wconf 89' lang='lat' dir='ltr'><strong>omni</strong></span> <span class='ocrx_word' id='word_1_122' title='bbox 2884 636 3049 690; x_wconf 90' lang='lat' dir='ltr'><strong>opere</strong></span> <span class='ocrx_word' id='word_1_123' title='bbox 3087 629 3142 675; x_wconf 89' lang='lat' dir='ltr'><strong>et</strong></span> <span class='ocrx_word' id='word_1_124' title='bbox 3183 621 3416 676; x_wconf 85' lang='lat' dir='ltr'><strong>consilio</strong></span> <span class='ocrx_word' id='word_1_125' title='bbox 3445 629 3498 675; x_wconf 90' lang='lat' dir='ltr'><strong>et</strong></span> <span class='ocrx_word' id='word_1_126' title='bbox 3525 635 3584 674; x_wconf 90' lang='lat' dir='ltr'><strong>re</strong></span> 
     </span>
    </p>
   </div>
   <div class='ocr_carea' id='block_1_20' title="bbox 2017 713 2297 768">
    <p class='ocr_par' dir='ltr' id='par_1_20' title="bbox 2017 713 2297 768">
     <span class='ocr_line' id='line_1_20' title="bbox 2017 713 2297 768; baseline 0.007 -3"><span class='ocrx_word' id='word_1_127' title='bbox 2017 713 2297 768; x_wconf 82' lang='lat' dir='ltr'><strong>assistens.</strong></span> 
     </span>
    </p>
   </div>
   <div class='ocr_carea' id='block_1_21' title="bbox 2605 803 2983 860">
    <p class='ocr_par' dir='ltr' id='par_1_21' title="bbox 2605 803 2983 860">
     <span class='ocr_line' id='line_1_21' title="bbox 2605 803 2983 860; baseline -0.011 0"><span class='ocrx_word' id='word_1_128' title='bbox 2605 803 2834 860; x_wconf 79' lang='lat' dir='ltr'><strong>CAPUT</strong></span> <span class='ocrx_word' id='word_1_129' title='bbox 2869 803 2983 858; x_wconf 76' lang='lat' dir='ltr'><strong>XII.</strong></span> 
     </span>
    </p>
   </div>
   <div class='ocr_carea' id='block_1_22' title="bbox 2159 897 3419 968">
    <p class='ocr_par' dir='ltr' id='par_1_22' title="bbox 2159 897 3419 968">
     <span class='ocr_line' id='line_1_22' title="bbox 2159 897 3419 968; baseline 0.002 -17"><span class='ocrx_word' id='word_1_130' title='bbox 2159 897 2552 953; x_wconf 78' lang='lat' dir='ltr'><strong>Testamentum</strong></span> <span class='ocrx_word' id='word_1_131' title='bbox 2576 899 2880 968; x_wconf 81' lang='lat' dir='ltr'><strong>Benjamin,</strong></span> <span class='ocrx_word' id='word_1_132' title='bbox 2911 899 2975 952; x_wconf 85' lang='lat' dir='ltr'><strong>de</strong></span> <span class='ocrx_word' id='word_1_133' title='bbox 3004 908 3171 953; x_wconf 83' lang='lat' dir='ltr'><strong>mente</strong></span> <span class='ocrx_word' id='word_1_134' title='bbox 3199 899 3419 953; x_wconf 85' lang='lat' dir='ltr'><strong>munda.</strong></span> 
     </span>
    </p>
   </div>
   <div class='ocr_carea' id='block_1_23' title="bbox 2086 988 3586 1059">
    <p class='ocr_par' dir='ltr' id='par_1_23' title="bbox 2086 988 3586 1059">
     <span class='ocr_line' id='line_1_23' title="bbox 2086 988 3586 1059; baseline 0.001 -18"><span class='ocrx_word' id='word_1_135' title='bbox 2086 988 2126 1043; x_wconf 91' lang='grc' dir='ltr'>Ι.</span> <span class='ocrx_word' id='word_1_136' title='bbox 2159 988 2572 1059; x_wconf 88' lang='lat' dir='ltr'><strong>Transcriptum</strong></span> <span class='ocrx_word' id='word_1_137' title='bbox 2605 989 2896 1044; x_wconf 83' lang='lat' dir='ltr'><strong>verborum</strong></span> <span class='ocrx_word' id='word_1_138' title='bbox 2954 988 3263 1058; x_wconf 89' lang='lat' dir='ltr'><strong>Benjamin,</strong></span> <span class='ocrx_word' id='word_1_139' title='bbox 3298 1003 3420 1056; x_wconf 66' lang='lat' dir='ltr'><strong>qum</strong></span> <span class='ocrx_word' id='word_1_140' title='bbox 3472 988 3586 1043; x_wconf 89' lang='lat' dir='ltr'><strong>dis-</strong></span> 
     </span>
    </p>
   </div>
   <div class='ocr_carea' id='block_1_24' title="bbox 2012 1069 3584 1152">
    <p class='ocr_par' dir='ltr' id='par_1_24' title="bbox 2012 1069 3584 1152">
     <span class='ocr_line' id='line_1_24' title="bbox 2012 1069 3584 1152; baseline 0.001 -18"><span class='ocrx_word' id='word_1_141' title='bbox 2012 1083 2196 1152; x_wconf 89' lang='lat' dir='ltr'><strong>posuit</strong></span> <span class='ocrx_word' id='word_1_142' title='bbox 2244 1083 2368 1139; x_wconf 86' lang='lat' dir='ltr'><strong>ﬁliis</strong></span> <span class='ocrx_word' id='word_1_143' title='bbox 2411 1083 2546 1149; x_wconf 89' lang='lat' dir='ltr'><strong>suis,</strong></span> <span class='ocrx_word' id='word_1_144' title='bbox 2581 1083 2768 1137; x_wconf 81' lang='lat' dir='ltr'><strong>vivens</strong></span> <span class='ocrx_word' id='word_1_145' title='bbox 2792 1097 2966 1136; x_wconf 85' lang='lat' dir='ltr'><strong>annos</strong></span> <span class='ocrx_word' id='word_1_146' title='bbox 2995 1069 3214 1137; x_wconf 78' lang='lat' dir='ltr'><strong>cenltim</strong></span> <span class='ocrx_word' id='word_1_147' title='bbox 3249 1081 3461 1149; x_wconf 84' lang='lat' dir='ltr'><strong>viginti.</strong></span> <span class='ocrx_word' id='word_1_148' title='bbox 3518 1079 3584 1135; x_wconf 87' lang='lat' dir='ltr'><strong>Et</strong></span> 
     </span>
    </p>
   </div>
   <div class='ocr_carea' id='block_1_25' title="bbox 2013 1171 3584 1238">
    <p class='ocr_par' dir='ltr' id='par_1_25' title="bbox 2013 1171 3584 1238">
     <span class='ocr_line' id='line_1_25' title="bbox 2013 1171 3584 1238; baseline -0.001 -11"><span class='ocrx_word' id='word_1_149' title='bbox 2013 1175 2270 1230; x_wconf 84' lang='lat' dir='ltr'><strong>osculans</strong></span> <span class='ocrx_word' id='word_1_150' title='bbox 2299 1189 2415 1238; x_wconf 88' lang='lat' dir='ltr'><strong>eos,</strong></span> <span class='ocrx_word' id='word_1_151' title='bbox 2442 1174 2578 1229; x_wconf 94' lang='lat' dir='ltr'><strong>dixit</strong></span> <span class='ocrx_word' id='word_1_152' title='bbox 2617 1190 2630 1226; x_wconf 88' lang='lat'><strong>:</strong></span> <span class='ocrx_word' id='word_1_153' title='bbox 2670 1193 2688 1224; x_wconf 81' lang='grc' dir='ltr'><strong>ι</strong></span> <span class='ocrx_word' id='word_1_154' title='bbox 2729 1171 2885 1227; x_wconf 88' lang='lat' dir='ltr'><strong>Sicut</strong></span> <span class='ocrx_word' id='word_1_155' title='bbox 2927 1171 3081 1228; x_wconf 90' lang='lat' dir='ltr'><strong>lsaac</strong></span> <span class='ocrx_word' id='word_1_156' title='bbox 3109 1173 3413 1228; x_wconf 87' lang='lat' dir='ltr'><strong>centesimo</strong></span> <span class='ocrx_word' id='word_1_157' title='bbox 3441 1186 3584 1225; x_wconf 88' lang='lat' dir='ltr'><strong>anno</strong></span> 
     </span>
    </p>
   </div>
   <div class='ocr_carea' id='block_1_26' title="bbox 2011 1261 3584 1333">
    <p class='ocr_par' dir='ltr' id='par_1_26' title="bbox 2011 1261 3584 1333">
     <span class='ocr_line' id='line_1_26' title="bbox 2011 1261 3584 1333; baseline -0.003 -16"><span class='ocrx_word' id='word_1_158' title='bbox 2011 1273 2173 1318; x_wconf 88' lang='lat' dir='ltr'><strong>natus</strong></span> <span class='ocrx_word' id='word_1_159' title='bbox 2213 1273 2297 1320; x_wconf 90' lang='lat' dir='ltr'><strong>est</strong></span> <span class='ocrx_word' id='word_1_160' title='bbox 2330 1264 2629 1327; x_wconf 75' lang='lat' dir='ltr'><strong>Abraham,</strong></span> <span class='ocrx_word' id='word_1_161' title='bbox 2664 1263 2736 1318; x_wconf 89' lang='lat' dir='ltr'><strong>ita</strong></span> <span class='ocrx_word' id='word_1_162' title='bbox 2769 1271 2823 1318; x_wconf 88' lang='lat' dir='ltr'><strong>et</strong></span> <span class='ocrx_word' id='word_1_163' title='bbox 2852 1278 2954 1333; x_wconf 85' lang='lat' dir='ltr'><strong>ego</strong></span> <span class='ocrx_word' id='word_1_164' title='bbox 3000 1261 3188 1318; x_wconf 80' lang='lat' dir='ltr'><strong>Jacob.</strong></span> <span class='ocrx_word' id='word_1_165' title='bbox 3234 1262 3371 1328; x_wconf 87' lang='lat' dir='ltr'><strong>Quia</strong></span> <span class='ocrx_word' id='word_1_166' title='bbox 3422 1262 3584 1331; x_wconf 79' lang='lat' dir='ltr'><strong>igitur</strong></span> 
     </span>
    </p>
   </div>
   <div class='ocr_carea' id='block_1_27' title="bbox 2011 1353 3579 1424">
    <p class='ocr_par' dir='ltr' id='par_1_27' title="bbox 2011 1353 3579 1424">
     <span class='ocr_line' id='line_1_27' title="bbox 2011 1353 3579 1424; baseline 0 -16"><span class='ocrx_word' id='word_1_167' title='bbox 2011 1353 2212 1410; x_wconf 77' lang='lat' dir='ltr'><strong>Rachel</strong></span> <span class='ocrx_word' id='word_1_168' title='bbox 2245 1365 2455 1409; x_wconf 86' lang='lat' dir='ltr'><strong>mortua</strong></span> <span class='ocrx_word' id='word_1_169' title='bbox 2479 1364 2562 1410; x_wconf 85' lang='lat' dir='ltr'><strong>est</strong></span> <span class='ocrx_word' id='word_1_170' title='bbox 2589 1371 2714 1410; x_wconf 95' lang='lat' dir='ltr'><strong>cum</strong></span> <span class='ocrx_word' id='word_1_171' title='bbox 2739 1366 2956 1424; x_wconf 89' lang='lat' dir='ltr'><strong>pareret</strong></span> <span class='ocrx_word' id='word_1_172' title='bbox 2981 1370 3087 1421; x_wconf 87' lang='lat' dir='ltr'><strong>me,</strong></span> <span class='ocrx_word' id='word_1_173' title='bbox 3120 1356 3204 1409; x_wconf 88' lang='lat' dir='ltr'><strong>lac</strong></span> <span class='ocrx_word' id='word_1_174' title='bbox 3240 1371 3345 1409; x_wconf 92' lang='lat' dir='ltr'><strong>nou</strong></span> <span class='ocrx_word' id='word_1_175' title='bbox 3393 1355 3579 1409; x_wconf 86' lang='lat' dir='ltr'><strong>habui.</strong></span> 
     </span>
    </p>
   </div>
   <div class='ocr_carea' id='block_1_28' title="bbox 2011 1446 3581 1517">
    <p class='ocr_par' dir='ltr' id='par_1_28' title="bbox 2011 1446 3581 1517">
     <span class='ocr_line' id='line_1_28' title="bbox 2011 1446 3581 1517; baseline 0.001 -18"><span class='ocrx_word' id='word_1_176' title='bbox 2011 1446 2214 1500; x_wconf 86' lang='lat' dir='ltr'><strong>Ballam</strong></span> <span class='ocrx_word' id='word_1_177' title='bbox 2235 1448 2399 1517; x_wconf 84' lang='lat' dir='ltr'><strong>igitur</strong></span> <span class='ocrx_word' id='word_1_178' title='bbox 2421 1448 2674 1503; x_wconf 88' lang='lat' dir='ltr'><strong>ancillam</strong></span> <span class='ocrx_word' id='word_1_179' title='bbox 2696 1448 2816 1517; x_wconf 86' lang='lat' dir='ltr'><strong>ejus</strong></span> <span class='ocrx_word' id='word_1_180' title='bbox 2843 1447 2989 1502; x_wconf 89' lang='lat' dir='ltr'><strong>suxi.</strong></span> <span class='ocrx_word' id='word_1_181' title='bbox 3011 1446 3215 1502; x_wconf 82' lang='lat' dir='ltr'><strong>Rachel</strong></span> <span class='ocrx_word' id='word_1_182' title='bbox 3231 1448 3400 1514; x_wconf 87' lang='lat' dir='ltr'><strong>enim,</strong></span> <span class='ocrx_word' id='word_1_183' title='bbox 3427 1457 3581 1517; x_wconf 79' lang='lat' dir='ltr'><strong>post—</strong></span> 
     </span>
    </p>
   </div>
   <div class='ocr_carea' id='block_1_29' title="bbox 2011 1539 3580 1610">
    <p class='ocr_par' dir='ltr' id='par_1_29' title="bbox 2011 1539 3580 1610">
     <span class='ocr_line' id='line_1_29' title="bbox 2011 1539 3580 1610; baseline 0 -18"><span class='ocrx_word' id='word_1_184' title='bbox 2011 1553 2173 1608; x_wconf 88' lang='lat' dir='ltr'><strong>quam</strong></span> <span class='ocrx_word' id='word_1_185' title='bbox 2201 1541 2408 1609; x_wconf 85' lang='lat' dir='ltr'><strong>peperit</strong></span> <span class='ocrx_word' id='word_1_186' title='bbox 2441 1539 2665 1610; x_wconf 88' lang='lat' dir='ltr'><strong>Joseph,</strong></span> <span class='ocrx_word' id='word_1_187' title='bbox 2696 1541 2988 1594; x_wconf 90' lang='lat' dir='ltr'><strong>duodecim</strong></span> <span class='ocrx_word' id='word_1_188' title='bbox 3017 1555 3190 1594; x_wconf 87' lang='lat' dir='ltr'><strong>annos</strong></span> <span class='ocrx_word' id='word_1_189' title='bbox 3215 1540 3418 1594; x_wconf 89' lang='lat' dir='ltr'><strong>sterilis</strong></span> <span class='ocrx_word' id='word_1_190' title='bbox 3447 1539 3580 1605; x_wconf 83' lang='lat' dir='ltr'><strong>fuit;</strong></span> 
     </span>
    </p>
   </div>
   <div class='ocr_carea' id='block_1_30' title="bbox 330 1622 1890 1701">
    <p class='ocr_par' dir='ltr' id='par_1_30' title="bbox 330 1622 1890 1700">
     <span class='ocr_line' id='line_1_30' title="bbox 330 1622 1890 1700; baseline 0.003 -25"><span class='ocrx_word' id='word_1_191' title='bbox 330 1622 538 1694; x_wconf 81' lang='grc' dir='ltr'>ηύξατο</span> <span class='ocrx_word' id='word_1_192' title='bbox 591 1625 781 1696; x_wconf 84' lang='grc' dir='ltr'>Κυρίῳ</span> <span class='ocrx_word' id='word_1_193' title='bbox 818 1626 955 1697; x_wconf 82' lang='grc' dir='ltr'>μετὰ</span> <span class='ocrx_word' id='word_1_194' title='bbox 987 1627 1243 1698; x_wconf 77' lang='grc' dir='ltr'>νηστείας</span> <span class='ocrx_word' id='word_1_195' title='bbox 1287 1627 1495 1682; x_wconf 85' lang='grc' dir='ltr'>δώδεκα</span> <span class='ocrx_word' id='word_1_196' title='bbox 1529 1629 1740 1700; x_wconf 84' lang='grc' dir='ltr'>ἡμέρας</span> <span class='ocrx_word' id='word_1_197' title='bbox 1765 1645 1777 1657; x_wconf 90' lang='grc'>·</span> <span class='ocrx_word' id='word_1_198' title='bbox 1815 1629 1890 1680; x_wconf 77' lang='grc' dir='ltr'>κα¹</span> 
     </span>
    </p>
   </div>
   <div class='ocr_carea' id='block_1_31' title="bbox 2000 1622 3578 1701">
    <p class='ocr_par' dir='ltr' id='par_1_31' title="bbox 2008 1631 3578 1701">
     <span class='ocr_line' id='line_1_31' title="bbox 2008 1631 3578 1701; baseline 0.001 -17"><span class='ocrx_word' id='word_1_199' title='bbox 2008 1639 2062 1684; x_wconf 89' lang='lat' dir='ltr'><strong>et</strong></span> <span class='ocrx_word' id='word_1_200' title='bbox 2100 1632 2278 1686; x_wconf 79' lang='lat' dir='ltr'><strong>oravit</strong></span> <span class='ocrx_word' id='word_1_201' title='bbox 2305 1631 2596 1686; x_wconf 85' lang='lat' dir='ltr'><strong>Dominum</strong></span> <span class='ocrx_word' id='word_1_202' title='bbox 2628 1647 2752 1686; x_wconf 91' lang='lat' dir='ltr'><strong>cum</strong></span> <span class='ocrx_word' id='word_1_203' title='bbox 2780 1631 2994 1701; x_wconf 83' lang='lat' dir='ltr'><strong>jejunio</strong></span> <span class='ocrx_word' id='word_1_204' title='bbox 3029 1631 3318 1685; x_wconf 90' lang='lat' dir='ltr'><strong>duodecim</strong></span> <span class='ocrx_word' id='word_1_205' title='bbox 3348 1631 3578 1698; x_wconf 87' lang='lat' dir='ltr'><strong>diebus;</strong></span> 
     </span>
    </p>
   </div>
   <div class='ocr_carea' id='block_1_32' title="bbox 331 1717 1890 1793">
    <p class='ocr_par' dir='ltr' id='par_1_32' title="bbox 331 1717 1890 1793">
     <span class='ocr_line' id='line_1_32' title="bbox 331 1717 1890 1793; baseline 0.001 -23"><span class='ocrx_word' id='word_1_206' title='bbox 331 1717 671 1772; x_wconf 80' lang='grc' dir='ltr'>συλλαϐοῦσα</span> <span class='ocrx_word' id='word_1_207' title='bbox 715 1719 868 1771; x_wconf 75' lang='grc' dir='ltr'>ἔτεκέ</span> <span class='ocrx_word' id='word_1_208' title='bbox 916 1737 1002 1790; x_wconf 90' lang='grc' dir='ltr'><strong>με.</strong></span> <span class='ocrx_word' id='word_1_209' title='bbox 1038 1720 1250 1792; x_wconf 78' lang='grc' dir='ltr'>Σφόδρα</span> <span class='ocrx_word' id='word_1_210' title='bbox 1284 1721 1392 1793; x_wconf 86' lang='grc' dir='ltr'>γὰρ</span> <span class='ocrx_word' id='word_1_211' title='bbox 1440 1723 1468 1775; x_wconf 83' lang='grc' dir='ltr'><strong>ὁ</strong></span> <span class='ocrx_word' id='word_1_212' title='bbox 1518 1721 1700 1793; x_wconf 75' lang='grc' dir='ltr'>πατὴρ</span> <span class='ocrx_word' id='word_1_213' title='bbox 1750 1721 1890 1793; x_wconf 60' lang='grc' dir='ltr'>ἡμῶι</span> 
     </span>
    </p>
   </div>
   <div class='ocr_carea' id='block_1_33' title="bbox 2000 1717 3584 1793">
    <p class='ocr_par' dir='ltr' id='par_1_33' title="bbox 2007 1721 3584 1793">
     <span class='ocr_line' id='line_1_33' title="bbox 2007 1721 3584 1793; baseline -0.001 -16"><span class='ocrx_word' id='word_1_214' title='bbox 2007 1730 2062 1777; x_wconf 88' lang='lat' dir='ltr'><strong>et</strong></span> <span class='ocrx_word' id='word_1_215' title='bbox 2094 1723 2411 1793; x_wconf 90' lang='lat' dir='ltr'><strong>concipiens</strong></span> <span class='ocrx_word' id='word_1_216' title='bbox 2443 1723 2650 1793; x_wconf 85' lang='lat' dir='ltr'><strong>peperit</strong></span> <span class='ocrx_word' id='word_1_217' title='bbox 2682 1738 2788 1776; x_wconf 90' lang='lat' dir='ltr'><strong>me.</strong></span> <span class='ocrx_word' id='word_1_218' title='bbox 2821 1721 2990 1776; x_wconf 85' lang='lat' dir='ltr'><strong>Valde</strong></span> <span class='ocrx_word' id='word_1_219' title='bbox 3020 1721 3164 1776; x_wconf 89' lang='lat' dir='ltr'><strong>enim</strong></span> <span class='ocrx_word' id='word_1_220' title='bbox 3211 1731 3366 1791; x_wconf 88' lang='lat' dir='ltr'><strong>pater</strong></span> <span class='ocrx_word' id='word_1_221' title='bbox 3397 1730 3584 1776; x_wconf 87' lang='lat' dir='ltr'><strong>noster</strong></span> 
     </span>
    </p>
   </div>
   <div class='ocr_carea' id='block_1_34' title="bbox 329 1785 1890 1884">
    <p class='ocr_par' dir='ltr' id='par_1_34' title="bbox 329 1785 1889 1884">
     <span class='ocr_line' id='line_1_34' title="bbox 329 1785 1889 1884; baseline 0.004 -22"><span class='ocrx_word' id='word_1_222' title='bbox 329 1810 524 1879; x_wconf 78' lang='grc' dir='ltr'>ἠγάπα</span> <span class='ocrx_word' id='word_1_223' title='bbox 556 1811 656 1882; x_wconf 88' lang='grc' dir='ltr'><strong>τὴν</strong></span> <span class='ocrx_word' id='word_1_224' title='bbox 703 1785 928 1884; x_wconf 71' lang='grc' dir='ltr'>Ῥαχὴλ,</span> <span class='ocrx_word' id='word_1_225' title='bbox 970 1813 1064 1866; x_wconf 79' lang='grc' dir='ltr'>καὶ</span> <span class='ocrx_word' id='word_1_226' title='bbox 1095 1785 1306 1884; x_wconf 74' lang='grc' dir='ltr'>ηὖχετο</span> <span class='ocrx_word' id='word_1_227' title='bbox 1337 1785 1430 1867; x_wconf 75' lang='grc' dir='ltr'><strong>δύο</strong></span> <span class='ocrx_word' id='word_1_228' title='bbox 1453 1817 1604 1878; x_wconf 78' lang='grc' dir='ltr'>υἱοὺς</span> <span class='ocrx_word' id='word_1_229' title='bbox 1651 1785 1889 1868; x_wconf 45' lang='grc' dir='ltr'>ίδεῖιῖάπ</span> 
     </span>
    </p>
   </div>
   <div class='ocr_carea' id='block_1_35' title="bbox 2000 1785 3580 1884">
    <p class='ocr_par' dir='ltr' id='par_1_35' title="bbox 2007 1785 3580 1884">
     <span class='ocr_line' id='line_1_35' title="bbox 2007 1785 3580 1884; baseline 0 -16"><span class='ocrx_word' id='word_1_230' title='bbox 2007 1815 2196 1869; x_wconf 85' lang='lat' dir='ltr'><strong>dilexit</strong></span> <span class='ocrx_word' id='word_1_231' title='bbox 2222 1785 2457 1881; x_wconf 61' lang='lat' dir='ltr'><strong>Rachel,</strong></span> <span class='ocrx_word' id='word_1_232' title='bbox 2474 1785 2528 1869; x_wconf 74' lang='lat' dir='ltr'><strong>et</strong></span> <span class='ocrx_word' id='word_1_233' title='bbox 2551 1813 2760 1884; x_wconf 88' lang='lat' dir='ltr'><strong>optavit</strong></span> <span class='ocrx_word' id='word_1_234' title='bbox 2780 1814 2920 1868; x_wconf 89' lang='lat' dir='ltr'><strong>duos</strong></span> <span class='ocrx_word' id='word_1_235' title='bbox 2953 1814 3096 1868; x_wconf 88' lang='lat' dir='ltr'><strong>lilios</strong></span> <span class='ocrx_word' id='word_1_236' title='bbox 3121 1785 3311 1868; x_wconf 77' lang='lat' dir='ltr'><strong>videre</strong></span> <span class='ocrx_word' id='word_1_237' title='bbox 3334 1829 3399 1867; x_wconf 85' lang='lat' dir='ltr'><strong>ex</strong></span> <span class='ocrx_word' id='word_1_238' title='bbox 3439 1813 3580 1883; x_wconf 63' lang='lat' dir='ltr'><strong>ipsa.</strong></span> 
     </span>
    </p>
   </div>
   <div class='ocr_carea' id='block_1_36' title="bbox 325 1903 1890 1980">
    <p class='ocr_par' dir='ltr' id='par_1_36' title="bbox 325 1903 1890 1980">
     <span class='ocr_line' id='line_1_36' title="bbox 325 1903 1890 1980; baseline 0.003 -25"><span class='ocrx_word' id='word_1_239' title='bbox 325 1903 520 1973; x_wconf 79' lang='grc' dir='ltr'>αὐτῆς.</span> <span class='ocrx_word' id='word_1_240' title='bbox 556 1904 655 1958; x_wconf 87' lang='grc' dir='ltr'><strong>Διά</strong></span> <span class='ocrx_word' id='word_1_241' title='bbox 687 1905 844 1958; x_wconf 84' lang='grc' dir='ltr'>τοῦτο</span> <span class='ocrx_word' id='word_1_242' title='bbox 877 1908 1111 1980; x_wconf 79' lang='grc' dir='ltr'>ἐκλήθην</span> <span class='ocrx_word' id='word_1_243' title='bbox 1142 1909 1273 1976; x_wconf 81' lang='grc' dir='ltr'>υίὸς</span> <span class='ocrx_word' id='word_1_244' title='bbox 1303 1908 1558 1979; x_wconf 78' lang='grc' dir='ltr'>ἡμερῶν,</span> <span class='ocrx_word' id='word_1_245' title='bbox 1595 1910 1623 1961; x_wconf 81' lang='grc' dir='ltr'><strong><em>ὃ</em></strong></span> <span class='ocrx_word' id='word_1_246' title='bbox 1666 1909 1781 1961; x_wconf 81' lang='grc' dir='ltr'>ἐστι</span> <span class='ocrx_word' id='word_1_247' title='bbox 1805 1909 1890 1960; x_wconf 88' lang='grc' dir='ltr'><strong>Βε-</strong></span> 
     </span>
    </p>
   </div>
   <div class='ocr_carea' id='block_1_37' title="bbox 2000 1903 3584 1980">
    <p class='ocr_par' dir='ltr' id='par_1_37' title="bbox 2005 1906 3584 1977">
     <span class='ocr_line' id='line_1_37' title="bbox 2005 1906 3584 1977; baseline 0 -17"><span class='ocrx_word' id='word_1_248' title='bbox 2005 1907 2231 1977; x_wconf 85' lang='lat' dir='ltr'><strong>Propter</strong></span> <span class='ocrx_word' id='word_1_249' title='bbox 2274 1908 2377 1962; x_wconf 92' lang='lat' dir='ltr'><strong>hoc</strong></span> <span class='ocrx_word' id='word_1_250' title='bbox 2422 1916 2650 1962; x_wconf 88' lang='lat' dir='ltr'><strong>vocatus</strong></span> <span class='ocrx_word' id='word_1_251' title='bbox 2693 1923 2814 1962; x_wconf 90' lang='lat' dir='ltr'><strong>sum</strong></span> <span class='ocrx_word' id='word_1_252' title='bbox 2847 1907 2991 1976; x_wconf 78' lang='lat' dir='ltr'><strong>ﬁlius</strong></span> <span class='ocrx_word' id='word_1_253' title='bbox 3038 1906 3275 1973; x_wconf 80' lang='lat' dir='ltr'><strong>dierum,</strong></span> <span class='ocrx_word' id='word_1_254' title='bbox 3319 1906 3467 1975; x_wconf 91' lang='lat' dir='ltr'><strong>quod</strong></span> <span class='ocrx_word' id='word_1_255' title='bbox 3498 1915 3584 1960; x_wconf 90' lang='lat' dir='ltr'><strong>est</strong></span> 
     </span>
    </p>
   </div>
   <div class='ocr_carea' id='block_1_38' title="bbox 326 1996 672 2068">
    <p class='ocr_par' dir='ltr' id='par_1_38' title="bbox 326 1996 672 2068">
     <span class='ocr_line' id='line_1_38' title="bbox 326 1996 672 2068; baseline -0.003 -18"><span class='ocrx_word' id='word_1_256' title='bbox 326 1997 515 2066; x_wconf 86' lang='grc' dir='ltr'>νιαμίν</span> <span class='ocrx_word' id='word_1_257' title='bbox 541 1996 672 2068; x_wconf 84' lang='lat'><strong>(89).</strong></span> 
     </span>
    </p>
   </div>
   <div class='ocr_carea' id='block_1_39' title="bbox 398 2081 1908 2161">
    <p class='ocr_par' dir='ltr' id='par_1_39' title="bbox 398 2081 1908 2161">
     <span class='ocr_line' id='line_1_39' title="bbox 398 2081 1908 2161; baseline 0.007 -26"><span class='ocrx_word' id='word_1_258' title='bbox 398 2085 473 2137; x_wconf 91' lang='lat' dir='ltr'><strong>B&#39;.</strong></span> <span class='ocrx_word' id='word_1_259' title='bbox 505 2103 523 2136; x_wconf 79' lang='grc' dir='ltr'><strong>ι</strong></span> <span class='ocrx_word' id='word_1_260' title='bbox 553 2085 680 2139; x_wconf 84' lang='grc' dir='ltr'>Ὅτε</span> <span class='ocrx_word' id='word_1_261' title='bbox 713 2081 805 2140; x_wconf 83' lang='grc' dir='ltr'><strong>οὖν</strong></span> <span class='ocrx_word' id='word_1_262' title='bbox 840 2087 1086 2158; x_wconf 75' lang='grc' dir='ltr'>εἰσῆλθον</span> <span class='ocrx_word' id='word_1_263' title='bbox 1119 2091 1199 2154; x_wconf 85' lang='grc' dir='ltr'><strong>είς</strong></span> <span class='ocrx_word' id='word_1_264' title='bbox 1222 2089 1516 2158; x_wconf 74' lang='grc' dir='ltr'>Αἴγυπτον,</span> <span class='ocrx_word' id='word_1_265' title='bbox 1553 2091 1646 2144; x_wconf 71' lang='grc' dir='ltr'>καὶ</span> <span class='ocrx_word' id='word_1_266' title='bbox 1679 2092 1908 2161; x_wconf 82' lang='grc' dir='ltr'>ἀνεγνώ-</span> 
     </span>
    </p>
   </div>
   <div class='ocr_carea' id='block_1_40' title="bbox 323 2161 1905 2252">
    <p class='ocr_par' dir='ltr' id='par_1_40' title="bbox 323 2161 1905 2252">
     <span class='ocr_line' id='line_1_40' title="bbox 323 2161 1905 2252; baseline 0.006 -26"><span class='ocrx_word' id='word_1_267' title='bbox 323 2161 445 2246; x_wconf 75' lang='grc' dir='ltr'>ρισέ</span> <span class='ocrx_word' id='word_1_268' title='bbox 483 2193 549 2246; x_wconf 92' lang='grc' dir='ltr'><strong>με</strong></span> <span class='ocrx_word' id='word_1_269' title='bbox 591 2177 785 2248; x_wconf 81' lang='grc' dir='ltr'>Ἰωσὴφ</span> <span class='ocrx_word' id='word_1_270' title='bbox 809 2179 837 2229; x_wconf 88' lang='grc' dir='ltr'>ὁ</span> <span class='ocrx_word' id='word_1_271' title='bbox 862 2179 1088 2248; x_wconf 86' lang='grc' dir='ltr'>ἁδελφός</span> <span class='ocrx_word' id='word_1_272' title='bbox 1116 2198 1239 2250; x_wconf 91' lang='grc' dir='ltr'>μου,</span> <span class='ocrx_word' id='word_1_273' title='bbox 1268 2181 1415 2249; x_wconf 84' lang='grc' dir='ltr'>λέγει</span> <span class='ocrx_word' id='word_1_274' title='bbox 1444 2199 1534 2252; x_wconf 88' lang='grc' dir='ltr'><strong>μοι</strong></span> <span class='ocrx_word' id='word_1_275' title='bbox 1555 2199 1568 2211; x_wconf 77' lang='grc' dir='ltr'><strong>ο</strong></span> <span class='ocrx_word' id='word_1_276' title='bbox 1602 2202 1620 2232; x_wconf 80' lang='grc' dir='ltr'><strong>ι</strong></span> <span class='ocrx_word' id='word_1_277' title='bbox 1661 2183 1725 2234; x_wconf 90' lang='grc' dir='ltr'>Τί</span> <span class='ocrx_word' id='word_1_278' title='bbox 1755 2179 1905 2236; x_wconf 81' lang='grc' dir='ltr'>εἶπον</span> 
     </span>
    </p>
   </div>
   <div class='ocr_carea' id='block_1_41' title="bbox 320 2266 1904 2342">
    <p class='ocr_par' dir='ltr' id='par_1_41' title="bbox 320 2266 1904 2342">
     <span class='ocr_line' id='line_1_41' title="bbox 320 2266 1904 2342; baseline 0.004 -24"><span class='ocrx_word' id='word_1_279' title='bbox 320 2267 402 2338; x_wconf 83' lang='grc' dir='ltr'>τῷ</span> <span class='ocrx_word' id='word_1_280' title='bbox 435 2269 601 2339; x_wconf 91' lang='grc' dir='ltr'>πατρί</span> <span class='ocrx_word' id='word_1_281' title='bbox 631 2286 753 2338; x_wconf 91' lang='grc' dir='ltr'>μου,</span> <span class='ocrx_word' id='word_1_282' title='bbox 778 2269 864 2322; x_wconf 85' lang='grc' dir='ltr'><strong>ὅτε</strong></span> <span class='ocrx_word' id='word_1_283' title='bbox 890 2270 1177 2342; x_wconf 78' lang='grc' dir='ltr'>ὲπώλησάν</span> <span class='ocrx_word' id='word_1_284' title='bbox 1214 2289 1314 2342; x_wconf 88' lang='grc' dir='ltr'>με;</span> <span class='ocrx_word' id='word_1_285' title='bbox 1350 2291 1367 2322; x_wconf 74' lang='grc' dir='ltr'><strong>ι</strong></span> <span class='ocrx_word' id='word_1_286' title='bbox 1396 2273 1506 2326; x_wconf 78' lang='lat' dir='ltr'><strong>Kal</strong></span> <span class='ocrx_word' id='word_1_287' title='bbox 1546 2266 1904 2342; x_wconf 78' lang='grc' dir='ltr'>εἷπον-αύτῷ,</span> 
     </span>
    </p>
   </div>
   <div class='ocr_carea' id='block_1_42' title="bbox 320 2361 1905 2438">
    <p class='ocr_par' dir='ltr' id='par_1_42' title="bbox 320 2361 1905 2438">
     <span class='ocr_line' id='line_1_42' title="bbox 320 2361 1905 2438; baseline 0.002 -20"><span class='ocrx_word' id='word_1_288' title='bbox 320 2362 404 2418; x_wconf 78' lang='grc' dir='ltr'><strong>ὅτι</strong></span> <span class='ocrx_word' id='word_1_289' title='bbox 455 2361 653 2433; x_wconf 72' lang='grc' dir='ltr'>ἔφυρον</span> <span class='ocrx_word' id='word_1_290' title='bbox 687 2363 778 2416; x_wconf 85' lang='grc' dir='ltr'><strong>τὸν</strong></span> <span class='ocrx_word' id='word_1_291' title='bbox 826 2365 1031 2435; x_wconf 86' lang='grc' dir='ltr'>χιτῶνά</span> <span class='ocrx_word' id='word_1_292' title='bbox 1075 2383 1167 2418; x_wconf 91' lang='grc' dir='ltr'><strong>σου</strong></span> <span class='ocrx_word' id='word_1_293' title='bbox 1203 2367 1416 2436; x_wconf 78' lang='grc' dir='ltr'>αἵματι,</span> <span class='ocrx_word' id='word_1_294' title='bbox 1453 2367 1546 2420; x_wconf 74' lang='grc' dir='ltr'><strong>καὶ</strong></span> <span class='ocrx_word' id='word_1_295' title='bbox 1592 2367 1905 2438; x_wconf 74' lang='grc' dir='ltr'>πέμψαντες</span> 
     </span>
    </p>
   </div>
   <div class='ocr_carea' id='block_1_43' title="bbox 319 2449 1898 2528">
    <p class='ocr_par' dir='ltr' id='par_1_43' title="bbox 319 2449 1898 2528">
     <span class='ocr_line' id='line_1_43' title="bbox 319 2449 1898 2528; baseline 0.001 -20"><span class='ocrx_word' id='word_1_296' title='bbox 319 2449 523 2508; x_wconf 75' lang='grc' dir='ltr'>εἷπονοι</span> <span class='ocrx_word' id='word_1_297' title='bbox 550 2455 863 2522; x_wconf 85' lang='grc' dir='ltr'>Ἐπίγνωθι,</span> <span class='ocrx_word' id='word_1_298' title='bbox 882 2459 930 2509; x_wconf 82' lang='grc' dir='ltr'><strong>εί</strong></span> <span class='ocrx_word' id='word_1_299' title='bbox 955 2456 1117 2528; x_wconf 86' lang='grc' dir='ltr'>χιτὼν</span> <span class='ocrx_word' id='word_1_300' title='bbox 1137 2456 1230 2510; x_wconf 81' lang='grc' dir='ltr'>τοῦ</span> <span class='ocrx_word' id='word_1_301' title='bbox 1247 2456 1363 2510; x_wconf 87' lang='grc' dir='ltr'>υἱοῦ</span> <span class='ocrx_word' id='word_1_302' title='bbox 1402 2475 1494 2511; x_wconf 89' lang='grc' dir='ltr'><strong>σου</strong></span> <span class='ocrx_word' id='word_1_303' title='bbox 1517 2460 1665 2512; x_wconf 81' lang='grc' dir='ltr'>ἐστὶν</span> <span class='ocrx_word' id='word_1_304' title='bbox 1688 2456 1864 2524; x_wconf 75' lang='grc' dir='ltr'>οὗτος.</span> <span class='ocrx_word' id='word_1_305' title='bbox 1881 2479 1898 2510; x_wconf 76' lang='grc' dir='ltr'><strong>ι</strong></span> 
     </span>
    </p>
   </div>
   <div class='ocr_carea' id='block_1_44' title="bbox 317 2545 1902 2622">
    <p class='ocr_par' dir='ltr' id='par_1_44' title="bbox 317 2545 1902 2622">
     <span class='ocr_line' id='line_1_44' title="bbox 317 2545 1902 2622; baseline 0.001 -22"><span class='ocrx_word' id='word_1_306' title='bbox 317 2546 431 2600; x_wconf 85' lang='lat' dir='ltr'><strong>Kal</strong></span> <span class='ocrx_word' id='word_1_307' title='bbox 465 2545 609 2614; x_wconf 83' lang='grc' dir='ltr'>λέγει</span> <span class='ocrx_word' id='word_1_308' title='bbox 630 2563 750 2615; x_wconf 90' lang='grc' dir='ltr'>μοι·</span> <span class='ocrx_word' id='word_1_309' title='bbox 782 2567 800 2597; x_wconf 83' lang='grc' dir='ltr'><strong>ι</strong></span> <span class='ocrx_word' id='word_1_310' title='bbox 824 2547 933 2600; x_wconf 88' lang='lat' dir='ltr'><strong>Nal</strong></span> <span class='ocrx_word' id='word_1_311' title='bbox 965 2547 1181 2617; x_wconf 82' lang='grc' dir='ltr'>ἀδελφέ.</span> <span class='ocrx_word' id='word_1_312' title='bbox 1219 2551 1334 2602; x_wconf 82' lang='lat' dir='ltr'><strong>Kal</strong></span> <span class='ocrx_word' id='word_1_313' title='bbox 1365 2549 1474 2622; x_wconf 83' lang='grc' dir='ltr'>γὰρ</span> <span class='ocrx_word' id='word_1_314' title='bbox 1498 2551 1585 2602; x_wconf 85' lang='grc' dir='ltr'><strong>ὅτε</strong></span> <span class='ocrx_word' id='word_1_315' title='bbox 1620 2550 1810 2603; x_wconf 79' lang='grc' dir='ltr'>ἔλαϐόν</span> <span class='ocrx_word' id='word_1_316' title='bbox 1835 2569 1902 2621; x_wconf 90' lang='grc' dir='ltr'><strong>με</strong></span> 
     </span>
    </p>
   </div>
   <div class='ocr_carea' id='block_1_45' title="bbox 317 2637 1904 2714">
    <p class='ocr_par' dir='ltr' id='par_1_45' title="bbox 317 2637 1904 2714">
     <span class='ocr_line' id='line_1_45' title="bbox 317 2637 1904 2714; baseline 0.003 -23"><span class='ocrx_word' id='word_1_317' title='bbox 317 2642 368 2692; x_wconf 80' lang='grc' dir='ltr'>οἱ</span> <span class='ocrx_word' id='word_1_318' title='bbox 407 2640 758 2711; x_wconf 84' lang='grc' dir='ltr'>Ἱσμαηλῖται,</span> <span class='ocrx_word' id='word_1_319' title='bbox 796 2637 876 2706; x_wconf 70' lang='grc' dir='ltr'>εἷς</span> <span class='ocrx_word' id='word_1_320' title='bbox 907 2641 966 2707; x_wconf 81' lang='grc' dir='ltr'>ἐξ</span> <span class='ocrx_word' id='word_1_321' title='bbox 998 2642 1200 2706; x_wconf 82' lang='grc' dir='ltr'>αὐτῶν,</span> <span class='ocrx_word' id='word_1_322' title='bbox 1229 2642 1501 2706; x_wconf 83' lang='grc' dir='ltr'>ἀποδύσας</span> <span class='ocrx_word' id='word_1_323' title='bbox 1528 2660 1594 2714; x_wconf 84' lang='grc' dir='ltr'><strong>με</strong></span> <span class='ocrx_word' id='word_1_324' title='bbox 1625 2643 1718 2696; x_wconf 84' lang='grc' dir='ltr'><strong>τὸν</strong></span> <span class='ocrx_word' id='word_1_325' title='bbox 1749 2642 1904 2714; x_wconf 86' lang='grc' dir='ltr'>χιτῶ-</span> 
     </span>
    </p>
   </div>
   <div class='ocr_carea' id='block_1_46' title="bbox 318 2732 1899 2808">
    <p class='ocr_par' dir='ltr' id='par_1_46' title="bbox 318 2732 1899 2808">
     <span class='ocr_line' id='line_1_46' title="bbox 318 2732 1899 2808; baseline 0.003 -23"><span class='ocrx_word' id='word_1_326' title='bbox 318 2750 408 2795; x_wconf 85' lang='grc' dir='ltr'><strong>να,</strong></span> <span class='ocrx_word' id='word_1_327' title='bbox 443 2733 609 2788; x_wconf 81' lang='grc' dir='ltr'>ἔδωκέ</span> <span class='ocrx_word' id='word_1_328' title='bbox 647 2752 735 2805; x_wconf 89' lang='grc' dir='ltr'><strong>μοι</strong></span> <span class='ocrx_word' id='word_1_329' title='bbox 769 2736 1080 2807; x_wconf 78' lang='grc' dir='ltr'>περίζωμα,</span> <span class='ocrx_word' id='word_1_330' title='bbox 1116 2737 1209 2790; x_wconf 75' lang='grc' dir='ltr'>καὶ</span> <span class='ocrx_word' id='word_1_331' title='bbox 1241 2736 1630 2807; x_wconf 82' lang='grc' dir='ltr'>φραγελλώσας</span> <span class='ocrx_word' id='word_1_332' title='bbox 1656 2754 1744 2808; x_wconf 86' lang='grc' dir='ltr'><strong>με,</strong></span> <span class='ocrx_word' id='word_1_333' title='bbox 1778 2732 1899 2790; x_wconf 81' lang='grc' dir='ltr'>εἷπε</span> 
     </span>
    </p>
   </div>
   <div class='ocr_carea' id='block_1_47' title="bbox 318 2825 1900 2900">
    <p class='ocr_par' dir='ltr' id='par_1_47' title="bbox 318 2825 1900 2900">
     <span class='ocr_line' id='line_1_47' title="bbox 318 2825 1900 2900; baseline 0.005 -24"><span class='ocrx_word' id='word_1_334' title='bbox 318 2825 551 2896; x_wconf 80' lang='grc' dir='ltr'>τρέχειν.</span> <span class='ocrx_word' id='word_1_335' title='bbox 588 2827 675 2880; x_wconf 85' lang='grc' dir='ltr'>Ἐν</span> <span class='ocrx_word' id='word_1_336' title='bbox 709 2827 764 2880; x_wconf 86' lang='grc' dir='ltr'><strong>δὲ</strong></span> <span class='ocrx_word' id='word_1_337' title='bbox 796 2826 874 2898; x_wconf 82' lang='grc' dir='ltr'>τῷ</span> <span class='ocrx_word' id='word_1_338' title='bbox 906 2829 1138 2896; x_wconf 84' lang='grc' dir='ltr'>ὑπάγειν</span> <span class='ocrx_word' id='word_1_339' title='bbox 1170 2829 1333 2882; x_wconf 80' lang='grc' dir='ltr'>αὐτὸν</span> <span class='ocrx_word' id='word_1_340' title='bbox 1360 2829 1563 2900; x_wconf 73' lang='grc' dir='ltr'>κρύψαι</span> <span class='ocrx_word' id='word_1_341' title='bbox 1596 2829 1657 2882; x_wconf 88' lang='grc' dir='ltr'><strong>τὸ</strong></span> <span class='ocrx_word' id='word_1_342' title='bbox 1688 2829 1900 2900; x_wconf 78' lang='grc' dir='ltr'>ἱμάτιόν</span> 
     </span>
    </p>
   </div>
   <div class='ocr_carea' id='block_1_48' title="bbox 321 2919 1899 2991">
    <p class='ocr_par' dir='ltr' id='par_1_48' title="bbox 321 2919 1899 2991">
     <span class='ocr_line' id='line_1_48' title="bbox 321 2919 1899 2991; baseline 0.003 -21"><span class='ocrx_word' id='word_1_343' title='bbox 321 2937 446 2989; x_wconf 89' lang='grc' dir='ltr'>μου,</span> <span class='ocrx_word' id='word_1_344' title='bbox 484 2919 797 2991; x_wconf 83' lang='grc' dir='ltr'>ὑπήντησεν</span> <span class='ocrx_word' id='word_1_345' title='bbox 824 2921 974 2990; x_wconf 83' lang='grc' dir='ltr'>αὐτῷ</span> <span class='ocrx_word' id='word_1_346' title='bbox 995 2922 1155 2985; x_wconf 88' lang='grc' dir='ltr'>λέων,</span> <span class='ocrx_word' id='word_1_347' title='bbox 1193 2923 1287 2978; x_wconf 78' lang='grc' dir='ltr'>καὶ</span> <span class='ocrx_word' id='word_1_348' title='bbox 1320 2923 1529 2975; x_wconf 83' lang='grc' dir='ltr'>ἀνεῖλεν</span> <span class='ocrx_word' id='word_1_349' title='bbox 1572 2922 1751 2975; x_wconf 81' lang='grc' dir='ltr'>αὐτόν.</span> <span class='ocrx_word' id='word_1_350' title='bbox 1789 2923 1899 2975; x_wconf 87' lang='lat' dir='ltr'><strong>Kal</strong></span> 
     </span>
    </p>
   </div>
   <div class='ocr_carea' id='block_1_49' title="bbox 316 3009 1899 3083">
    <p class='ocr_par' dir='ltr' id='par_1_49' title="bbox 316 3009 1899 3083">
     <span class='ocr_line' id='line_1_49' title="bbox 316 3009 1899 3083; baseline 0.001 -21"><span class='ocrx_word' id='word_1_351' title='bbox 316 3009 490 3073; x_wconf 80' lang='grc' dir='ltr'>οὕτως</span> <span class='ocrx_word' id='word_1_352' title='bbox 522 3011 570 3062; x_wconf 82' lang='grc' dir='ltr'>οἱ</span> <span class='ocrx_word' id='word_1_353' title='bbox 596 3010 808 3082; x_wconf 80' lang='grc' dir='ltr'>μέτοχοι</span> <span class='ocrx_word' id='word_1_354' title='bbox 831 3011 1156 3083; x_wconf 88' lang='grc' dir='ltr'>φοϐηθέντες</span> <span class='ocrx_word' id='word_1_355' title='bbox 1185 3011 1513 3064; x_wconf 78' lang='grc' dir='ltr'>διαπωλοῦσί</span> <span class='ocrx_word' id='word_1_356' title='bbox 1534 3029 1601 3082; x_wconf 89' lang='grc' dir='ltr'><strong>με</strong></span> <span class='ocrx_word' id='word_1_357' title='bbox 1621 3014 1732 3074; x_wconf 83' lang='grc' dir='ltr'>τοῖς</span> <span class='ocrx_word' id='word_1_358' title='bbox 1756 3011 1899 3064; x_wconf 77' lang='grc' dir='ltr'>ἑταί-</span> 
     </span>
    </p>
   </div>
   <div class='ocr_carea' id='block_1_50' title="bbox 319 3100 720 3171">
    <p class='ocr_par' dir='ltr' id='par_1_50' title="bbox 319 3100 720 3171">
     <span class='ocr_line' id='line_1_50' title="bbox 319 3100 720 3171; baseline -0.002 -17"><span class='ocrx_word' id='word_1_359' title='bbox 319 3117 434 3171; x_wconf 82' lang='grc' dir='ltr'>ροις</span> <span class='ocrx_word' id='word_1_360' title='bbox 459 3100 656 3154; x_wconf 83' lang='grc' dir='ltr'>αὐτῶν.</span> <span class='ocrx_word' id='word_1_361' title='bbox 693 3121 720 3170; x_wconf 76' lang='grc' dir='ltr'><strong>¹ι</strong></span> 
     </span>
    </p>
   </div>
   <div class='ocr_carea' id='block_1_51' title="bbox 387 3188 1895 3264">
    <p class='ocr_par' dir='ltr' id='par_1_51' title="bbox 387 3188 1895 3264">
     <span class='ocr_line' id='line_1_51' title="bbox 387 3188 1895 3264; baseline 0.001 -18"><span class='ocrx_word' id='word_1_362' title='bbox 387 3194 460 3246; x_wconf 84' lang='grc' dir='ltr'><strong>Γ¹.</strong></span> <span class='ocrx_word' id='word_1_363' title='bbox 493 3213 511 3244; x_wconf 80' lang='grc' dir='ltr'><strong>ι</strong></span> <span class='ocrx_word' id='word_1_364' title='bbox 547 3195 656 3247; x_wconf 72' lang='grc' dir='ltr'>Καὶ</span> <span class='ocrx_word' id='word_1_365' title='bbox 690 3194 849 3263; x_wconf 85' lang='grc' dir='ltr'>ὑμεῖς</span> <span class='ocrx_word' id='word_1_366' title='bbox 896 3188 1009 3258; x_wconf 70' lang='grc' dir='ltr'>οὖν,</span> <span class='ocrx_word' id='word_1_367' title='bbox 1055 3194 1223 3246; x_wconf 86' lang='grc' dir='ltr'>τέκνα</span> <span class='ocrx_word' id='word_1_368' title='bbox 1262 3212 1384 3264; x_wconf 92' lang='grc' dir='ltr'>μου,</span> <span class='ocrx_word' id='word_1_369' title='bbox 1436 3193 1757 3264; x_wconf 86' lang='grc' dir='ltr'>ἀγαπήσατε</span> <span class='ocrx_word' id='word_1_370' title='bbox 1805 3193 1895 3248; x_wconf 74' lang='grc' dir='ltr'>τὸν</span> 
     </span>
    </p>
   </div>
   <div class='ocr_carea' id='block_1_52' title="bbox 315 3282 1892 3354">
    <p class='ocr_par' dir='ltr' id='par_1_52' title="bbox 315 3282 1892 3354">
     <span class='ocr_line' id='line_1_52' title="bbox 315 3282 1892 3354; baseline -0.001 -17"><span class='ocrx_word' id='word_1_371' title='bbox 315 3285 449 3337; x_wconf 82' lang='grc' dir='ltr'>Θεὸν</span> <span class='ocrx_word' id='word_1_372' title='bbox 481 3283 575 3336; x_wconf 82' lang='grc' dir='ltr'><strong>τοῦ</strong></span> <span class='ocrx_word' id='word_1_373' title='bbox 608 3283 859 3354; x_wconf 82' lang='grc' dir='ltr'>ούρανοῦ,</span> <span class='ocrx_word' id='word_1_374' title='bbox 896 3285 989 3338; x_wconf 76' lang='grc' dir='ltr'><strong>καὶ</strong></span> <span class='ocrx_word' id='word_1_375' title='bbox 1024 3283 1294 3354; x_wconf 83' lang='grc' dir='ltr'>φυλάξατε</span> <span class='ocrx_word' id='word_1_376' title='bbox 1328 3283 1426 3346; x_wconf 75' lang='grc' dir='ltr'>τὰς</span> <span class='ocrx_word' id='word_1_377' title='bbox 1453 3282 1667 3347; x_wconf 80' lang='grc' dir='ltr'>ἐντολὰς</span> <span class='ocrx_word' id='word_1_378' title='bbox 1693 3283 1858 3337; x_wconf 81' lang='grc' dir='ltr'>αὐτοῦ</span> <span class='ocrx_word' id='word_1_379' title='bbox 1878 3325 1892 3350; x_wconf 87' lang='grc'><strong>,</strong></span> 
     </span>
    </p>
   </div>
   <div class='ocr_carea' id='block_1_53' title="bbox 312 3375 1895 3447">
    <p class='ocr_par' dir='ltr' id='par_1_53' title="bbox 312 3375 1895 3447">
     <span class='ocr_line' id='line_1_53' title="bbox 312 3375 1895 3447; baseline 0.001 -18"><span class='ocrx_word' id='word_1_380' title='bbox 312 3375 644 3447; x_wconf 79' lang='grc' dir='ltr'>μιμούμενοι</span> <span class='ocrx_word' id='word_1_381' title='bbox 676 3375 766 3427; x_wconf 85' lang='grc' dir='ltr'><strong>τὸν</strong></span> <span class='ocrx_word' id='word_1_382' title='bbox 800 3375 1001 3443; x_wconf 80' lang='grc' dir='ltr'>ἀγαθὸν</span> <span class='ocrx_word' id='word_1_383' title='bbox 1037 3375 1130 3427; x_wconf 73' lang='grc' dir='ltr'>καὶ</span> <span class='ocrx_word' id='word_1_384' title='bbox 1165 3376 1311 3428; x_wconf 83' lang='grc' dir='ltr'>ὅσιον</span> <span class='ocrx_word' id='word_1_385' title='bbox 1334 3375 1499 3446; x_wconf 85' lang='grc' dir='ltr'>ἄνδρα</span> <span class='ocrx_word' id='word_1_386' title='bbox 1542 3376 1758 3447; x_wconf 83' lang='grc' dir='ltr'>Ἰωσήφ.</span> <span class='ocrx_word' id='word_1_387' title='bbox 1785 3377 1895 3430; x_wconf 85' lang='lat' dir='ltr'><strong>Kal.</strong></span> 
     </span>
    </p>
   </div>
   <div class='ocr_carea' id='block_1_54' title="bbox 311 3466 1893 3541">
    <p class='ocr_par' dir='ltr' id='par_1_54' title="bbox 311 3466 1893 3541">
     <span class='ocr_line' id='line_1_54' title="bbox 311 3466 1893 3541; baseline 0 -19"><span class='ocrx_word' id='word_1_388' title='bbox 311 3466 458 3522; x_wconf 66' lang='grc' dir='ltr'>ἔστω</span> <span class='ocrx_word' id='word_1_389' title='bbox 489 3468 522 3537; x_wconf 83' lang='grc' dir='ltr'>ἡ</span> <span class='ocrx_word' id='word_1_390' title='bbox 567 3467 772 3520; x_wconf 86' lang='grc' dir='ltr'>διάνοια</span> <span class='ocrx_word' id='word_1_391' title='bbox 818 3466 972 3538; x_wconf 82' lang='grc' dir='ltr'>ὑμῶν</span> <span class='ocrx_word' id='word_1_392' title='bbox 1011 3469 1091 3530; x_wconf 85' lang='grc' dir='ltr'>εἰς</span> <span class='ocrx_word' id='word_1_393' title='bbox 1124 3467 1184 3520; x_wconf 85' lang='grc' dir='ltr'><strong>τὸ</strong></span> <span class='ocrx_word' id='word_1_394' title='bbox 1217 3467 1437 3535; x_wconf 76' lang='grc' dir='ltr'>ἀγαθὸν,</span> <span class='ocrx_word' id='word_1_395' title='bbox 1472 3468 1548 3532; x_wconf 82' lang='grc' dir='ltr'>ὡς</span> <span class='ocrx_word' id='word_1_396' title='bbox 1587 3467 1734 3538; x_wconf 86' lang='grc' dir='ltr'>κάμὲ</span> <span class='ocrx_word' id='word_1_397' title='bbox 1783 3469 1893 3541; x_wconf 86' lang='grc'><strong>(90)</strong></span> 
     </span>
    </p>
   </div>
   <div class='ocr_carea' id='block_1_55' title="bbox 313 3557 1892 3630">
    <p class='ocr_par' dir='ltr' id='par_1_55' title="bbox 313 3557 1892 3630">
     <span class='ocr_line' id='line_1_55' title="bbox 313 3557 1892 3630; baseline 0.001 -20"><span class='ocrx_word' id='word_1_398' title='bbox 313 3557 514 3611; x_wconf 78' lang='grc' dir='ltr'>οἴδατε.</span> <span class='ocrx_word' id='word_1_399' title='bbox 562 3559 619 3612; x_wconf 84' lang='lat'><strong>&#39;0</strong></span> <span class='ocrx_word' id='word_1_400' title='bbox 653 3558 792 3629; x_wconf 79' lang='grc' dir='ltr'>ἔχων</span> <span class='ocrx_word' id='word_1_401' title='bbox 824 3559 922 3629; x_wconf 80' lang='grc' dir='ltr'><strong>τὴν</strong></span> <span class='ocrx_word' id='word_1_402' title='bbox 955 3559 1194 3612; x_wconf 87' lang='grc' dir='ltr'>διάνοιαν</span> <span class='ocrx_word' id='word_1_403' title='bbox 1236 3559 1466 3629; x_wconf 81' lang='grc' dir='ltr'>ἀγαθὴν,</span> <span class='ocrx_word' id='word_1_404' title='bbox 1504 3559 1680 3612; x_wconf 87' lang='grc' dir='ltr'>πάντα</span> <span class='ocrx_word' id='word_1_405' title='bbox 1708 3560 1892 3630; x_wconf 85' lang='grc' dir='ltr'>βλέπει</span> 
     </span>
    </p>
   </div>
   <div class='ocr_carea' id='block_1_56' title="bbox 311 3649 1888 3723">
    <p class='ocr_par' dir='ltr' id='par_1_56' title="bbox 311 3649 1888 3723">
     <span class='ocr_line' id='line_1_56' title="bbox 311 3649 1888 3723; baseline 0.003 -23"><span class='ocrx_word' id='word_1_406' title='bbox 311 3649 510 3719; x_wconf 78' lang='grc' dir='ltr'>ὀρθῶς.</span> <span class='ocrx_word' id='word_1_407' title='bbox 545 3650 798 3703; x_wconf 82' lang='grc' dir='ltr'>Φοϐεῖσθε</span> <span class='ocrx_word' id='word_1_408' title='bbox 838 3650 1060 3722; x_wconf 80' lang='grc' dir='ltr'>Κύριον,</span> <span class='ocrx_word' id='word_1_409' title='bbox 1095 3651 1189 3704; x_wconf 77' lang='grc' dir='ltr'>καὶ</span> <span class='ocrx_word' id='word_1_410' title='bbox 1221 3652 1468 3719; x_wconf 79' lang='grc' dir='ltr'>ἀγαπᾶτε</span> <span class='ocrx_word' id='word_1_411' title='bbox 1498 3650 1590 3704; x_wconf 85' lang='grc' dir='ltr'>τὸν</span> <span class='ocrx_word' id='word_1_412' title='bbox 1630 3652 1854 3723; x_wconf 88' lang='grc' dir='ltr'>πλησίον</span> <span class='ocrx_word' id='word_1_413' title='bbox 1874 3669 1888 3683; x_wconf 88' lang='grc'><strong>·</strong></span> 
     </span>
    </p>
   </div>
   <div class='ocr_carea' id='block_1_57' title="bbox 315 3739 1892 3814">
    <p class='ocr_par' dir='ltr' id='par_1_57' title="bbox 315 3739 1892 3814">
     <span class='ocr_line' id='line_1_57' title="bbox 315 3739 1892 3814; baseline 0.002 -22"><span class='ocrx_word' id='word_1_414' title='bbox 315 3740 412 3793; x_wconf 73' lang='grc' dir='ltr'><strong>καὶ</strong></span> <span class='ocrx_word' id='word_1_415' title='bbox 438 3739 531 3793; x_wconf 77' lang='grc' dir='ltr'><strong>ἐὰν</strong></span> <span class='ocrx_word' id='word_1_416' title='bbox 561 3740 629 3794; x_wconf 81' lang='grc' dir='ltr'>τὰ</span> <span class='ocrx_word' id='word_1_417' title='bbox 663 3741 945 3812; x_wconf 85' lang='grc' dir='ltr'>πνεύματα</span> <span class='ocrx_word' id='word_1_418' title='bbox 979 3743 1071 3795; x_wconf 79' lang='grc' dir='ltr'>τοῦ</span> <span class='ocrx_word' id='word_1_419' title='bbox 1097 3742 1293 3814; x_wconf 82' lang='grc' dir='ltr'>Βελιὰρ</span> <span class='ocrx_word' id='word_1_420' title='bbox 1316 3745 1394 3806; x_wconf 88' lang='grc' dir='ltr'><strong>είς</strong></span> <span class='ocrx_word' id='word_1_421' title='bbox 1425 3744 1604 3795; x_wconf 78' lang='grc' dir='ltr'>πᾶσαν</span> <span class='ocrx_word' id='word_1_422' title='bbox 1630 3742 1892 3813; x_wconf 87' lang='grc' dir='ltr'>πονηρίαν</span> 
     </span>
    </p>
   </div>
   <div class='ocr_carea' id='block_1_58' title="bbox 317 3828 1891 3907">
    <p class='ocr_par' dir='ltr' id='par_1_58' title="bbox 317 3828 1891 3907">
     <span class='ocr_line' id='line_1_58' title="bbox 317 3828 1891 3907; baseline 0.004 -26"><span class='ocrx_word' id='word_1_423' title='bbox 317 3828 548 3899; x_wconf 81' lang='grc' dir='ltr'>θλίψεως</span> <span class='ocrx_word' id='word_1_424' title='bbox 592 3831 979 3904; x_wconf 84' lang='grc' dir='ltr'>ὲξαιτήσωνται</span> <span class='ocrx_word' id='word_1_425' title='bbox 1019 3833 1192 3903; x_wconf 78' lang='grc' dir='ltr'>ὑμᾶς,</span> <span class='ocrx_word' id='word_1_426' title='bbox 1242 3835 1301 3887; x_wconf 89' lang='grc' dir='ltr'><strong>ού</strong></span> <span class='ocrx_word' id='word_1_427' title='bbox 1346 3835 1420 3904; x_wconf 82' lang='grc' dir='ltr'>μὴ</span> <span class='ocrx_word' id='word_1_428' title='bbox 1480 3834 1891 3907; x_wconf 83' lang='grc' dir='ltr'>κατακυριεύσῃ</span> 
     </span>
    </p>
   </div>
   <div class='ocr_carea' id='block_1_59' title="bbox 317 3919 1888 3996">
    <p class='ocr_par' dir='ltr' id='par_1_59' title="bbox 317 3919 1888 3996">
     <span class='ocr_line' id='line_1_59' title="bbox 317 3919 1888 3996; baseline 0.006 -27"><span class='ocrx_word' id='word_1_429' title='bbox 317 3919 470 3988; x_wconf 82' lang='grc' dir='ltr'>ὑμῶν</span> <span class='ocrx_word' id='word_1_430' title='bbox 517 3922 665 3974; x_wconf 83' lang='grc' dir='ltr'>πᾶσα</span> <span class='ocrx_word' id='word_1_431' title='bbox 717 3923 952 3993; x_wconf 86' lang='grc' dir='ltr'>πονηρία</span> <span class='ocrx_word' id='word_1_432' title='bbox 991 3923 1242 3992; x_wconf 75' lang='grc' dir='ltr'>θλίψεως,</span> <span class='ocrx_word' id='word_1_433' title='bbox 1278 3923 1352 3988; x_wconf 78' lang='grc' dir='ltr'>ὡς</span> <span class='ocrx_word' id='word_1_434' title='bbox 1393 3925 1514 3977; x_wconf 81' lang='grc' dir='ltr'>οὐδὲ</span> <span class='ocrx_word' id='word_1_435' title='bbox 1566 3925 1762 3996; x_wconf 82' lang='grc' dir='ltr'>Ἰωσὴφ</span> <span class='ocrx_word' id='word_1_436' title='bbox 1795 3926 1888 3979; x_wconf 83' lang='grc' dir='ltr'>τοῦ</span> 
     </span>
    </p>
   </div>
   <div class='ocr_carea' id='block_1_60' title="bbox 311 4010 1889 4087">
    <p class='ocr_par' dir='ltr' id='par_1_60' title="bbox 311 4010 1889 4087">
     <span class='ocr_line' id='line_1_60' title="bbox 311 4010 1889 4087; baseline 0.004 -24"><span class='ocrx_word' id='word_1_437' title='bbox 311 4010 542 4081; x_wconf 82' lang='grc' dir='ltr'>ἁδελφοῦ</span> <span class='ocrx_word' id='word_1_438' title='bbox 580 4030 700 4084; x_wconf 87' lang='grc' dir='ltr'>μου.</span> <span class='ocrx_word' id='word_1_439' title='bbox 738 4014 900 4067; x_wconf 87' lang='grc' dir='ltr'>Πόσοι</span> <span class='ocrx_word' id='word_1_440' title='bbox 924 4015 1031 4068; x_wconf 85' lang='grc' dir='ltr'><strong>τῶν</strong></span> <span class='ocrx_word' id='word_1_441' title='bbox 1055 4015 1351 4086; x_wconf 84' lang='grc' dir='ltr'>ἀνθρώπων</span> <span class='ocrx_word' id='word_1_442' title='bbox 1389 4016 1656 4087; x_wconf 74' lang='grc' dir='ltr'>ἠθέλησαν</span> <span class='ocrx_word' id='word_1_443' title='bbox 1681 4017 1889 4070; x_wconf 83' lang='grc' dir='ltr'>ἀνελεῖν</span> 
     </span>
    </p>
   </div>
   <div class='ocr_carea' id='block_1_61' title="bbox 311 4104 1890 4180">
    <p class='ocr_par' dir='ltr' id='par_1_61' title="bbox 311 4104 1890 4180">
     <span class='ocr_line' id='line_1_61' title="bbox 311 4104 1890 4180; baseline 0.004 -25"><span class='ocrx_word' id='word_1_444' title='bbox 311 4104 495 4168; x_wconf 76' lang='grc' dir='ltr'>αὑτὸν,</span> <span class='ocrx_word' id='word_1_445' title='bbox 532 4106 626 4157; x_wconf 76' lang='grc' dir='ltr'>καὶ</span> <span class='ocrx_word' id='word_1_446' title='bbox 666 4106 694 4156; x_wconf 89' lang='grc' dir='ltr'>ὁ</span> <span class='ocrx_word' id='word_1_447' title='bbox 728 4106 860 4169; x_wconf 83' lang='grc' dir='ltr'>Θεὸς</span> <span class='ocrx_word' id='word_1_448' title='bbox 904 4107 1208 4160; x_wconf 83' lang='grc' dir='ltr'>ὲσκέπασεν</span> <span class='ocrx_word' id='word_1_449' title='bbox 1248 4107 1444 4172; x_wconf 86' lang='grc' dir='ltr'>αύτὸν;</span> <span class='ocrx_word' id='word_1_450' title='bbox 1484 4109 1540 4160; x_wconf 83' lang='lat'><strong>&#39;0</strong></span> <span class='ocrx_word' id='word_1_451' title='bbox 1564 4107 1672 4180; x_wconf 83' lang='grc' dir='ltr'>γὰρ</span> <span class='ocrx_word' id='word_1_452' title='bbox 1697 4109 1890 4178; x_wconf 86' lang='grc' dir='ltr'>φοϐού-</span> 
     </span>
    </p>
   </div>
   <div class='ocr_carea' id='block_1_62' title="bbox 315 4197 1888 4270">
    <p class='ocr_par' dir='ltr' id='par_1_62' title="bbox 315 4197 1888 4270">
     <span class='ocr_line' id='line_1_62' title="bbox 315 4197 1888 4270; baseline 0.006 -23"><span class='ocrx_word' id='word_1_453' title='bbox 315 4213 474 4267; x_wconf 85' lang='grc' dir='ltr'>μενος</span> <span class='ocrx_word' id='word_1_454' title='bbox 495 4197 588 4249; x_wconf 87' lang='grc' dir='ltr'><strong>τὸν</strong></span> <span class='ocrx_word' id='word_1_455' title='bbox 621 4199 774 4262; x_wconf 78' lang='grc' dir='ltr'>Θεὸν,</span> <span class='ocrx_word' id='word_1_456' title='bbox 799 4201 893 4253; x_wconf 81' lang='grc' dir='ltr'><strong>καὶ</strong></span> <span class='ocrx_word' id='word_1_457' title='bbox 919 4201 1148 4268; x_wconf 85' lang='grc' dir='ltr'>ἀγαπῶν</span> <span class='ocrx_word' id='word_1_458' title='bbox 1171 4201 1262 4254; x_wconf 83' lang='grc' dir='ltr'><strong>τὸν</strong></span> <span class='ocrx_word' id='word_1_459' title='bbox 1290 4199 1516 4270; x_wconf 90' lang='grc' dir='ltr'>πλησίον</span> <span class='ocrx_word' id='word_1_460' title='bbox 1543 4200 1707 4254; x_wconf 79' lang='grc' dir='ltr'>αὐτοῦ</span> <span class='ocrx_word' id='word_1_461' title='bbox 1727 4243 1742 4267; x_wconf 92' lang='grc'><strong>,</strong></span> <span class='ocrx_word' id='word_1_462' title='bbox 1783 4202 1888 4256; x_wconf 77' lang='grc' dir='ltr'>ὑπὸ</span> 
     </span>
    </p>
   </div>
   <div class='ocr_carea' id='block_1_63' title="bbox 310 4286 1886 4364">
    <p class='ocr_par' dir='ltr' id='par_1_63' title="bbox 310 4286 1886 4364">
     <span class='ocr_line' id='line_1_63' title="bbox 310 4286 1886 4364; baseline 0.003 -24"><span class='ocrx_word' id='word_1_463' title='bbox 310 4286 404 4340; x_wconf 79' lang='grc' dir='ltr'><strong>τοῦ</strong></span> <span class='ocrx_word' id='word_1_464' title='bbox 439 4289 622 4359; x_wconf 86' lang='grc' dir='ltr'>ἀερίου</span> <span class='ocrx_word' id='word_1_465' title='bbox 650 4289 956 4360; x_wconf 87' lang='grc' dir='ltr'>πνεύματος</span> <span class='ocrx_word' id='word_1_466' title='bbox 993 4291 1087 4344; x_wconf 77' lang='grc' dir='ltr'>τοῦ</span> <span class='ocrx_word' id='word_1_467' title='bbox 1123 4291 1320 4362; x_wconf 81' lang='grc' dir='ltr'>Βελιὰρ</span> <span class='ocrx_word' id='word_1_468' title='bbox 1346 4291 1403 4344; x_wconf 87' lang='grc' dir='ltr'><strong>ού</strong></span> <span class='ocrx_word' id='word_1_469' title='bbox 1433 4290 1651 4345; x_wconf 90' lang='grc' dir='ltr'>δύναται</span> <span class='ocrx_word' id='word_1_470' title='bbox 1678 4292 1886 4364; x_wconf 85' lang='grc' dir='ltr'>πληγῆ-</span> 
     </span>
    </p>
   </div>
   <div class='ocr_carea' id='block_1_64' title="bbox 309 4381 1884 4453">
    <p class='ocr_par' dir='ltr' id='par_1_64' title="bbox 309 4381 1884 4453">
     <span class='ocr_line' id='line_1_64' title="bbox 309 4381 1884 4453; baseline 0.006 -25"><span class='ocrx_word' id='word_1_471' title='bbox 309 4394 417 4442; x_wconf 86' lang='grc' dir='ltr'>ναι,</span> <span class='ocrx_word' id='word_1_472' title='bbox 447 4381 854 4450; x_wconf 78' lang='grc' dir='ltr'>σκεπαζὸμενος</span> <span class='ocrx_word' id='word_1_473' title='bbox 880 4382 984 4435; x_wconf 72' lang='grc' dir='ltr'>ὑπὸ</span> <span class='ocrx_word' id='word_1_474' title='bbox 1008 4383 1102 4435; x_wconf 82' lang='grc' dir='ltr'>τοῦ</span> <span class='ocrx_word' id='word_1_475' title='bbox 1137 4385 1302 4453; x_wconf 86' lang='grc' dir='ltr'>φόϐου</span> <span class='ocrx_word' id='word_1_476' title='bbox 1325 4382 1418 4436; x_wconf 82' lang='grc' dir='ltr'>τοῦ</span> <span class='ocrx_word' id='word_1_477' title='bbox 1447 4383 1580 4437; x_wconf 78' lang='grc' dir='ltr'>Θεοῦ</span> <span class='ocrx_word' id='word_1_478' title='bbox 1602 4402 1614 4413; x_wconf 92' lang='grc'><strong>·</strong></span> <span class='ocrx_word' id='word_1_479' title='bbox 1653 4386 1746 4438; x_wconf 75' lang='grc' dir='ltr'><strong>καὶ</strong></span> <span class='ocrx_word' id='word_1_480' title='bbox 1778 4387 1884 4439; x_wconf 86' lang='grc' dir='ltr'><strong>ἀπὸ</strong></span> 
     </span>
    </p>
   </div>
   <div class='ocr_carea' id='block_1_65' title="bbox 2005 1997 2307 2066">
    <p class='ocr_par' dir='ltr' id='par_1_65' title="bbox 2005 1997 2307 2066">
     <span class='ocr_line' id='line_1_65' title="bbox 2005 1997 2307 2066; baseline 0.003 -14"><span class='ocrx_word' id='word_1_481' title='bbox 2005 1997 2307 2066; x_wconf 88' lang='lat' dir='ltr'><strong>Benjamin.</strong></span> 
     </span>
    </p>
   </div>
   <div class='ocr_carea' id='block_1_66' title="bbox 2077 2089 3581 2161">
    <p class='ocr_par' dir='ltr' id='par_1_66' title="bbox 2077 2089 3581 2161">
     <span class='ocr_line' id='line_1_66' title="bbox 2077 2089 3581 2161; baseline 0.001 -19"><span class='ocrx_word' id='word_1_482' title='bbox 2077 2089 2136 2143; x_wconf 92' lang='lat' dir='ltr'><strong>ll.</strong></span> <span class='ocrx_word' id='word_1_483' title='bbox 2177 2109 2196 2141; x_wconf 78' lang='grc' dir='ltr'><strong>ι</strong></span> <span class='ocrx_word' id='word_1_484' title='bbox 2235 2089 2468 2156; x_wconf 86' lang='lat' dir='ltr'><strong>Quando</strong></span> <span class='ocrx_word' id='word_1_485' title='bbox 2505 2091 2670 2161; x_wconf 81' lang='lat' dir='ltr'><strong>igitur</strong></span> <span class='ocrx_word' id='word_1_486' title='bbox 2713 2089 2912 2144; x_wconf 85' lang='lat' dir='ltr'><strong>intravi</strong></span> <span class='ocrx_word' id='word_1_487' title='bbox 2949 2091 3002 2144; x_wconf 93' lang='lat' dir='ltr'><strong>in</strong></span> <span class='ocrx_word' id='word_1_488' title='bbox 3056 2089 3375 2161; x_wconf 68' lang='lat' dir='ltr'><strong>Egyptum,</strong></span> <span class='ocrx_word' id='word_1_489' title='bbox 3409 2100 3464 2146; x_wconf 87' lang='lat' dir='ltr'><strong>et</strong></span> <span class='ocrx_word' id='word_1_490' title='bbox 3495 2106 3581 2144; x_wconf 81' lang='lat' dir='ltr'><strong>re-</strong></span> 
     </span>
    </p>
   </div>
   <div class='ocr_carea' id='block_1_67' title="bbox 2005 2181 3580 2254">
    <p class='ocr_par' dir='ltr' id='par_1_67' title="bbox 2005 2181 3580 2254">
     <span class='ocr_line' id='line_1_67' title="bbox 2005 2181 3580 2254; baseline 0.001 -19"><span class='ocrx_word' id='word_1_491' title='bbox 2005 2183 2260 2254; x_wconf 86' lang='lat' dir='ltr'><strong>cognovit</strong></span> <span class='ocrx_word' id='word_1_492' title='bbox 2285 2198 2371 2236; x_wconf 89' lang='lat' dir='ltr'><strong>me</strong></span> <span class='ocrx_word' id='word_1_493' title='bbox 2410 2181 2578 2236; x_wconf 81' lang='lat' dir='ltr'><strong>frater</strong></span> <span class='ocrx_word' id='word_1_494' title='bbox 2608 2198 2764 2238; x_wconf 92' lang='lat' dir='ltr'><strong>meus</strong></span> <span class='ocrx_word' id='word_1_495' title='bbox 2786 2181 3011 2251; x_wconf 87' lang='lat' dir='ltr'><strong>.loseph,</strong></span> <span class='ocrx_word' id='word_1_496' title='bbox 3045 2183 3183 2236; x_wconf 80' lang='lat' dir='ltr'><strong>dixit</strong></span> <span class='ocrx_word' id='word_1_497' title='bbox 3207 2183 3374 2236; x_wconf 88' lang='lat' dir='ltr'><strong>mihi:</strong></span> <span class='ocrx_word' id='word_1_498' title='bbox 3397 2201 3414 2232; x_wconf 85' lang='grc' dir='ltr'><strong>ι</strong></span> <span class='ocrx_word' id='word_1_499' title='bbox 3438 2181 3580 2248; x_wconf 84' lang='lat' dir='ltr'><strong>Quid</strong></span> 
     </span>
    </p>
   </div>
   <div class='ocr_carea' id='block_1_68' title="bbox 2004 2273 3581 2343">
    <p class='ocr_par' dir='ltr' id='par_1_68' title="bbox 2004 2273 3581 2343">
     <span class='ocr_line' id='line_1_68' title="bbox 2004 2273 3581 2343; baseline 0.001 -16"><span class='ocrx_word' id='word_1_500' title='bbox 2004 2273 2258 2328; x_wconf 89' lang='lat' dir='ltr'><strong>dixerunt</strong></span> <span class='ocrx_word' id='word_1_501' title='bbox 2286 2275 2424 2343; x_wconf 89' lang='lat' dir='ltr'><strong>patri</strong></span> <span class='ocrx_word' id='word_1_502' title='bbox 2472 2287 2615 2339; x_wconf 88' lang='lat' dir='ltr'><strong>meo,</strong></span> <span class='ocrx_word' id='word_1_503' title='bbox 2642 2273 2863 2342; x_wconf 87' lang='lat' dir='ltr'><strong>quando</strong></span> <span class='ocrx_word' id='word_1_504' title='bbox 2910 2275 3271 2328; x_wconf 88' lang='lat' dir='ltr'><strong>vendiderunt</strong></span> <span class='ocrx_word' id='word_1_505' title='bbox 3301 2275 3428 2328; x_wconf 70' lang='lat' dir='ltr'><strong>me‘l</strong></span> <span class='ocrx_word' id='word_1_506' title='bbox 3461 2294 3480 2326; x_wconf 71' lang='grc' dir='ltr'><strong>ι</strong></span> <span class='ocrx_word' id='word_1_507' title='bbox 3513 2273 3581 2329; x_wconf 87' lang='lat' dir='ltr'><strong>Et</strong></span> 
     </span>
    </p>
   </div>
   <div class='ocr_carea' id='block_1_69' title="bbox 2004 2364 3576 2433">
    <p class='ocr_par' dir='ltr' id='par_1_69' title="bbox 2004 2364 3576 2433">
     <span class='ocr_line' id='line_1_69' title="bbox 2004 2364 3576 2433; baseline -0.002 -14"><span class='ocrx_word' id='word_1_508' title='bbox 2004 2364 2250 2419; x_wconf 85' lang='lat' dir='ltr'><strong>dicebam</strong></span> <span class='ocrx_word' id='word_1_509' title='bbox 2278 2365 2348 2428; x_wconf 90' lang='lat' dir='ltr'><strong>ei,</strong></span> <span class='ocrx_word' id='word_1_510' title='bbox 2371 2364 2517 2433; x_wconf 88' lang='lat' dir='ltr'><strong>quod</strong></span> <span class='ocrx_word' id='word_1_511' title='bbox 2541 2373 2965 2432; x_wconf 88' lang='lat' dir='ltr'><strong>consperserunt</strong></span> <span class='ocrx_word' id='word_1_512' title='bbox 2996 2364 3238 2416; x_wconf 88' lang='lat' dir='ltr'><strong>tunicam</strong></span> <span class='ocrx_word' id='word_1_513' title='bbox 3266 2373 3413 2416; x_wconf 89' lang='lat' dir='ltr'><strong>tuam</strong></span> <span class='ocrx_word' id='word_1_514' title='bbox 3446 2377 3576 2416; x_wconf 69' lang='lat' dir='ltr'><strong>san-</strong></span> 
     </span>
    </p>
   </div>
   <div class='ocr_carea' id='block_1_70' title="bbox 2004 2452 3576 2524">
    <p class='ocr_par' dir='ltr' id='par_1_70' title="bbox 2004 2452 3576 2524">
     <span class='ocr_line' id='line_1_70' title="bbox 2004 2452 3576 2524; baseline -0.001 -17"><span class='ocrx_word' id='word_1_515' title='bbox 2004 2455 2186 2524; x_wconf 88' lang='lat' dir='ltr'><strong>guine,</strong></span> <span class='ocrx_word' id='word_1_516' title='bbox 2216 2463 2270 2508; x_wconf 92' lang='lat' dir='ltr'><strong>et</strong></span> <span class='ocrx_word' id='word_1_517' title='bbox 2295 2455 2570 2508; x_wconf 84' lang='lat' dir='ltr'><strong>mittentes</strong></span> <span class='ocrx_word' id='word_1_518' title='bbox 2599 2455 2856 2508; x_wconf 85' lang='lat' dir='ltr'><strong>dixerunt</strong></span> <span class='ocrx_word' id='word_1_519' title='bbox 2891 2470 2902 2504; x_wconf 93' lang='lat'>:</span> <span class='ocrx_word' id='word_1_520' title='bbox 2940 2472 2958 2503; x_wconf 81' lang='grc' dir='ltr'><strong>ι</strong></span> <span class='ocrx_word' id='word_1_521' title='bbox 2983 2453 3285 2523; x_wconf 83' lang='lat' dir='ltr'><strong>Cognosce,</strong></span> <span class='ocrx_word' id='word_1_522' title='bbox 3317 2453 3362 2507; x_wconf 91' lang='lat' dir='ltr'><strong>si</strong></span> <span class='ocrx_word' id='word_1_523' title='bbox 3393 2452 3576 2506; x_wconf 84' lang='lat' dir='ltr'><strong>tunica</strong></span> 
     </span>
    </p>
   </div>
   <div class='ocr_carea' id='block_1_71' title="bbox 2005 2545 3572 2602">
    <p class='ocr_par' dir='ltr' id='par_1_71' title="bbox 2005 2545 3572 2602">
     <span class='ocr_line' id='line_1_71' title="bbox 2005 2545 3572 2602; baseline -0.001 -2"><span class='ocrx_word' id='word_1_524' title='bbox 2005 2548 2098 2600; x_wconf 86' lang='lat' dir='ltr'><strong>lilii</strong></span> <span class='ocrx_word' id='word_1_525' title='bbox 2131 2547 2210 2601; x_wconf 92' lang='lat' dir='ltr'><strong>tui</strong></span> <span class='ocrx_word' id='word_1_526' title='bbox 2241 2557 2323 2602; x_wconf 90' lang='lat' dir='ltr'><strong>est</strong></span> <span class='ocrx_word' id='word_1_527' title='bbox 2369 2547 2493 2602; x_wconf 88' lang='lat' dir='ltr'><strong>ista.</strong></span> <span class='ocrx_word' id='word_1_528' title='bbox 2535 2567 2552 2599; x_wconf 76' lang='grc' dir='ltr'><strong>ι</strong></span> <span class='ocrx_word' id='word_1_529' title='bbox 2587 2545 2653 2600; x_wconf 83' lang='lat' dir='ltr'><strong>Et</strong></span> <span class='ocrx_word' id='word_1_530' title='bbox 2711 2546 2846 2600; x_wconf 88' lang='lat' dir='ltr'><strong>dicit</strong></span> <span class='ocrx_word' id='word_1_531' title='bbox 2874 2547 3006 2601; x_wconf 92' lang='lat' dir='ltr'><strong>mihi</strong></span> <span class='ocrx_word' id='word_1_532' title='bbox 3038 2567 3050 2600; x_wconf 94' lang='lat'><strong>:</strong></span> <span class='ocrx_word' id='word_1_533' title='bbox 3101 2566 3119 2598; x_wconf 85' lang='grc' dir='ltr'><strong>ι</strong></span> <span class='ocrx_word' id='word_1_534' title='bbox 3151 2545 3326 2600; x_wconf 87' lang='lat' dir='ltr'><strong>Etiam</strong></span> <span class='ocrx_word' id='word_1_535' title='bbox 3383 2545 3572 2599; x_wconf 81' lang='lat' dir='ltr'><strong>frater.</strong></span> 
     </span>
    </p>
   </div>
   <div class='ocr_carea' id='block_1_72' title="bbox 2003 2638 3576 2709">
    <p class='ocr_par' dir='ltr' id='par_1_72' title="bbox 2003 2638 3576 2709">
     <span class='ocr_line' id='line_1_72' title="bbox 2003 2638 3576 2709; baseline -0.002 -17"><span class='ocrx_word' id='word_1_536' title='bbox 2003 2639 2214 2694; x_wconf 86' lang='lat' dir='ltr'><strong>Etenim</strong></span> <span class='ocrx_word' id='word_1_537' title='bbox 2249 2640 2469 2709; x_wconf 88' lang='lat' dir='ltr'><strong>quando</strong></span> <span class='ocrx_word' id='word_1_538' title='bbox 2501 2638 2842 2708; x_wconf 85' lang='lat' dir='ltr'><strong>accipiebant</strong></span> <span class='ocrx_word' id='word_1_539' title='bbox 2879 2654 2967 2692; x_wconf 91' lang='lat' dir='ltr'><strong>me</strong></span> <span class='ocrx_word' id='word_1_540' title='bbox 3005 2638 3312 2698; x_wconf 60' lang='lat' dir='ltr'><strong>lsmaelitte,</strong></span> <span class='ocrx_word' id='word_1_541' title='bbox 3343 2652 3487 2691; x_wconf 89' lang='lat' dir='ltr'><strong>unus</strong></span> <span class='ocrx_word' id='word_1_542' title='bbox 3509 2651 3576 2691; x_wconf 79' lang='lat' dir='ltr'><strong>ex</strong></span> 
     </span>
    </p>
   </div>
   <div class='ocr_carea' id='block_1_73' title="bbox 1999 2727 3575 2797">
    <p class='ocr_par' dir='ltr' id='par_1_73' title="bbox 1999 2727 3575 2797">
     <span class='ocr_line' id='line_1_73' title="bbox 1999 2727 3575 2797; baseline -0.002 -14"><span class='ocrx_word' id='word_1_543' title='bbox 1999 2730 2101 2794; x_wconf 88' lang='lat' dir='ltr'><strong>eis,</strong></span> <span class='ocrx_word' id='word_1_544' title='bbox 2133 2743 2340 2784; x_wconf 80' lang='lat' dir='ltr'><strong>exuens</strong></span> <span class='ocrx_word' id='word_1_545' title='bbox 2382 2744 2468 2783; x_wconf 91' lang='lat' dir='ltr'><strong>me</strong></span> <span class='ocrx_word' id='word_1_546' title='bbox 2503 2729 2771 2792; x_wconf 86' lang='lat' dir='ltr'><strong>tunicam,</strong></span> <span class='ocrx_word' id='word_1_547' title='bbox 2806 2727 2953 2781; x_wconf 86' lang='lat' dir='ltr'><strong>dedit</strong></span> <span class='ocrx_word' id='word_1_548' title='bbox 2997 2727 3133 2780; x_wconf 93' lang='lat' dir='ltr'><strong>mihi</strong></span> <span class='ocrx_word' id='word_1_549' title='bbox 3181 2727 3484 2797; x_wconf 88' lang='lat' dir='ltr'><strong>perizoma,</strong></span> <span class='ocrx_word' id='word_1_550' title='bbox 3518 2734 3575 2780; x_wconf 86' lang='lat' dir='ltr'><strong>et</strong></span> 
     </span>
    </p>
   </div>
   <div class='ocr_carea' id='block_1_74' title="bbox 2000 2818 3575 2891">
    <p class='ocr_par' dir='ltr' id='par_1_74' title="bbox 2000 2818 3575 2891">
     <span class='ocr_line' id='line_1_74' title="bbox 2000 2818 3575 2891; baseline -0.001 -16"><span class='ocrx_word' id='word_1_551' title='bbox 2000 2821 2277 2891; x_wconf 82' lang='lat' dir='ltr'><strong>ﬂagellans</strong></span> <span class='ocrx_word' id='word_1_552' title='bbox 2307 2837 2392 2875; x_wconf 90' lang='lat' dir='ltr'><strong>me</strong></span> <span class='ocrx_word' id='word_1_553' title='bbox 2422 2821 2580 2886; x_wconf 82' lang='lat' dir='ltr'><strong>dixit,</strong></span> <span class='ocrx_word' id='word_1_554' title='bbox 2613 2829 2672 2875; x_wconf 89' lang='lat' dir='ltr'><strong>ut</strong></span> <span class='ocrx_word' id='word_1_555' title='bbox 2701 2835 3000 2875; x_wconf 77' lang='lat' dir='ltr'><strong>currerent.</strong></span> <span class='ocrx_word' id='word_1_556' title='bbox 3034 2818 3171 2873; x_wconf 88' lang='lat' dir='ltr'><strong>Cum</strong></span> <span class='ocrx_word' id='word_1_557' title='bbox 3222 2833 3356 2872; x_wconf 90' lang='lat' dir='ltr'><strong>vero</strong></span> <span class='ocrx_word' id='word_1_558' title='bbox 3399 2818 3575 2873; x_wconf 88' lang='lat' dir='ltr'><strong>abiret</strong></span> 
     </span>
    </p>
   </div>
   <div class='ocr_carea' id='block_1_75' title="bbox 1999 2910 3576 2985">
    <p class='ocr_par' dir='ltr' id='par_1_75' title="bbox 1999 2910 3576 2985">
     <span class='ocr_line' id='line_1_75' title="bbox 1999 2910 3576 2985; baseline -0.003 -17"><span class='ocrx_word' id='word_1_559' title='bbox 1999 2915 2136 2985; x_wconf 90' lang='lat' dir='ltr'><strong>ipse,</strong></span> <span class='ocrx_word' id='word_1_560' title='bbox 2187 2922 2248 2968; x_wconf 90' lang='lat' dir='ltr'><strong>ut</strong></span> <span class='ocrx_word' id='word_1_561' title='bbox 2290 2913 2648 2969; x_wconf 88' lang='lat' dir='ltr'><strong>absconderet</strong></span> <span class='ocrx_word' id='word_1_562' title='bbox 2675 2915 3062 2967; x_wconf 89' lang='lat' dir='ltr'><strong>vestimentum</strong></span> <span class='ocrx_word' id='word_1_563' title='bbox 3093 2927 3298 2975; x_wconf 89' lang='lat' dir='ltr'><strong>meum,</strong></span> <span class='ocrx_word' id='word_1_564' title='bbox 3333 2910 3576 2965; x_wconf 90' lang='lat' dir='ltr'><strong>occurrit</strong></span> 
     </span>
    </p>
   </div>
   <div class='ocr_carea' id='block_1_76' title="bbox 1997 3003 3574 3074">
    <p class='ocr_par' dir='ltr' id='par_1_76' title="bbox 1997 3003 3574 3074">
     <span class='ocr_line' id='line_1_76' title="bbox 1997 3003 3574 3074; baseline -0.002 -12"><span class='ocrx_word' id='word_1_565' title='bbox 1997 3008 2046 3062; x_wconf 91' lang='lat' dir='ltr'><strong>ei</strong></span> <span class='ocrx_word' id='word_1_566' title='bbox 2089 3008 2204 3068; x_wconf 88' lang='lat' dir='ltr'><strong>leo,</strong></span> <span class='ocrx_word' id='word_1_567' title='bbox 2248 3017 2303 3062; x_wconf 88' lang='lat' dir='ltr'><strong>et</strong></span> <span class='ocrx_word' id='word_1_568' title='bbox 2338 3006 2541 3062; x_wconf 84' lang='lat' dir='ltr'><strong>occidit</strong></span> <span class='ocrx_word' id='word_1_569' title='bbox 2572 3021 2717 3059; x_wconf 90' lang='lat' dir='ltr'><strong>eum.</strong></span> <span class='ocrx_word' id='word_1_570' title='bbox 2754 3003 2820 3057; x_wconf 87' lang='lat' dir='ltr'><strong>Et</strong></span> <span class='ocrx_word' id='word_1_571' title='bbox 2861 3005 2933 3058; x_wconf 89' lang='lat' dir='ltr'><strong>ita</strong></span> <span class='ocrx_word' id='word_1_572' title='bbox 2977 3003 3275 3074; x_wconf 87' lang='lat' dir='ltr'><strong>participes</strong></span> <span class='ocrx_word' id='word_1_573' title='bbox 3319 3003 3574 3059; x_wconf 90' lang='lat' dir='ltr'><strong>timentes</strong></span> 
     </span>
    </p>
   </div>
   <div class='ocr_carea' id='block_1_77' title="bbox 1998 3094 2771 3150">
    <p class='ocr_par' dir='ltr' id='par_1_77' title="bbox 1998 3094 2771 3150">
     <span class='ocr_line' id='line_1_77' title="bbox 1998 3094 2771 3150; baseline -0.005 -2"><span class='ocrx_word' id='word_1_574' title='bbox 1998 3097 2240 3150; x_wconf 82' lang='lat' dir='ltr'><strong>vendunt</strong></span> <span class='ocrx_word' id='word_1_575' title='bbox 2270 3111 2358 3149; x_wconf 90' lang='lat' dir='ltr'><strong>me</strong></span> <span class='ocrx_word' id='word_1_576' title='bbox 2381 3095 2548 3150; x_wconf 84' lang='lat' dir='ltr'><strong>sociis</strong></span> <span class='ocrx_word' id='word_1_577' title='bbox 2575 3094 2712 3148; x_wconf 90' lang='lat' dir='ltr'><strong>suis.</strong></span> <span class='ocrx_word' id='word_1_578' title='bbox 2751 3112 2771 3144; x_wconf 71' lang='grc' dir='ltr'><strong>ι</strong></span> 
     </span>
    </p>
   </div>
   <div class='ocr_carea' id='block_1_78' title="bbox 2070 3185 3569 3257">
    <p class='ocr_par' dir='ltr' id='par_1_78' title="bbox 2070 3185 3569 3257">
     <span class='ocr_line' id='line_1_78' title="bbox 2070 3185 3569 3257; baseline 0.001 -17"><span class='ocrx_word' id='word_1_579' title='bbox 2070 3188 2154 3242; x_wconf 92' lang='lat' dir='ltr'><strong>Ill.</strong></span> <span class='ocrx_word' id='word_1_580' title='bbox 2191 3207 2208 3239; x_wconf 85' lang='grc' dir='ltr'><strong>ι</strong></span> <span class='ocrx_word' id='word_1_581' title='bbox 2249 3187 2315 3241; x_wconf 91' lang='lat' dir='ltr'><strong>Et</strong></span> <span class='ocrx_word' id='word_1_582' title='bbox 2344 3204 2441 3242; x_wconf 89' lang='lat' dir='ltr'><strong>vos</strong></span> <span class='ocrx_word' id='word_1_583' title='bbox 2482 3187 2680 3257; x_wconf 80' lang='lat' dir='ltr'><strong>igitur,</strong></span> <span class='ocrx_word' id='word_1_584' title='bbox 2716 3186 2809 3240; x_wconf 87' lang='lat' dir='ltr'><strong>filii</strong></span> <span class='ocrx_word' id='word_1_585' title='bbox 2842 3186 2980 3252; x_wconf 91' lang='lat' dir='ltr'><strong>mei,</strong></span> <span class='ocrx_word' id='word_1_586' title='bbox 3025 3185 3232 3255; x_wconf 80' lang='lat' dir='ltr'><strong>diligite</strong></span> <span class='ocrx_word' id='word_1_587' title='bbox 3271 3185 3569 3241; x_wconf 88' lang='lat' dir='ltr'><strong>Dominum</strong></span> 
     </span>
    </p>
   </div>
   <div class='ocr_carea' id='block_1_79' title="bbox 1997 3277 3571 3345">
    <p class='ocr_par' dir='ltr' id='par_1_79' title="bbox 1997 3277 3571 3345">
     <span class='ocr_line' id='line_1_79' title="bbox 1997 3277 3571 3345; baseline 0.001 -13"><span class='ocrx_word' id='word_1_588' title='bbox 1997 3280 2171 3334; x_wconf 90' lang='lat' dir='ltr'><strong>Deum</strong></span> <span class='ocrx_word' id='word_1_589' title='bbox 2201 3279 2346 3344; x_wconf 84' lang='lat' dir='ltr'><strong>coeli,</strong></span> <span class='ocrx_word' id='word_1_590' title='bbox 2393 3290 2449 3332; x_wconf 89' lang='lat' dir='ltr'><strong>et</strong></span> <span class='ocrx_word' id='word_1_591' title='bbox 2480 3277 2752 3332; x_wconf 89' lang='lat' dir='ltr'><strong>custodite</strong></span> <span class='ocrx_word' id='word_1_592' title='bbox 2785 3277 3042 3330; x_wconf 89' lang='lat' dir='ltr'><strong>mandata</strong></span> <span class='ocrx_word' id='word_1_593' title='bbox 3099 3277 3240 3345; x_wconf 89' lang='lat' dir='ltr'><strong>ejus,</strong></span> <span class='ocrx_word' id='word_1_594' title='bbox 3292 3277 3571 3334; x_wconf 88' lang='lat' dir='ltr'><strong>imitantes</strong></span> 
     </span>
    </p>
   </div>
   <div class='ocr_carea' id='block_1_80' title="bbox 1996 3370 3570 3441">
    <p class='ocr_par' dir='ltr' id='par_1_80' title="bbox 1996 3370 3570 3441">
     <span class='ocr_line' id='line_1_80' title="bbox 1996 3370 3570 3441; baseline -0.001 -10"><span class='ocrx_word' id='word_1_595' title='bbox 1996 3376 2200 3431; x_wconf 89' lang='lat' dir='ltr'><strong>bonum</strong></span> <span class='ocrx_word' id='word_1_596' title='bbox 2217 3385 2272 3429; x_wconf 90' lang='lat' dir='ltr'><strong>et</strong></span> <span class='ocrx_word' id='word_1_597' title='bbox 2300 3383 2550 3430; x_wconf 90' lang='lat' dir='ltr'><strong>sanctum</strong></span> <span class='ocrx_word' id='word_1_598' title='bbox 2579 3373 2758 3426; x_wconf 87' lang='lat' dir='ltr'><strong>virum</strong></span> <span class='ocrx_word' id='word_1_599' title='bbox 2783 3370 3008 3441; x_wconf 87' lang='lat' dir='ltr'><strong>Joseph.</strong></span> <span class='ocrx_word' id='word_1_600' title='bbox 3032 3373 3099 3426; x_wconf 90' lang='lat' dir='ltr'><strong>Et</strong></span> <span class='ocrx_word' id='word_1_601' title='bbox 3124 3373 3195 3426; x_wconf 93' lang='lat' dir='ltr'><strong>sit</strong></span> <span class='ocrx_word' id='word_1_602' title='bbox 3212 3389 3365 3428; x_wconf 91' lang='lat' dir='ltr'><strong>mens</strong></span> <span class='ocrx_word' id='word_1_603' title='bbox 3390 3385 3570 3429; x_wconf 88' lang='lat' dir='ltr'><strong>vestra</strong></span> 
     </span>
    </p>
   </div>
   <div class='ocr_carea' id='block_1_81' title="bbox 1995 3465 3571 3534">
    <p class='ocr_par' dir='ltr' id='par_1_81' title="bbox 1995 3465 3571 3534">
     <span class='ocr_line' id='line_1_81' title="bbox 1995 3465 3571 3534; baseline -0.001 -11"><span class='ocrx_word' id='word_1_604' title='bbox 1995 3470 2050 3524; x_wconf 91' lang='lat' dir='ltr'><strong>in</strong></span> <span class='ocrx_word' id='word_1_605' title='bbox 2085 3471 2309 3534; x_wconf 86' lang='lat' dir='ltr'><strong>bonum,</strong></span> <span class='ocrx_word' id='word_1_606' title='bbox 2346 3477 2477 3522; x_wconf 87' lang='lat' dir='ltr'><strong>utet</strong></span> <span class='ocrx_word' id='word_1_607' title='bbox 2509 3481 2595 3520; x_wconf 87' lang='lat' dir='ltr'><strong>me</strong></span> <span class='ocrx_word' id='word_1_608' title='bbox 2644 3465 2835 3519; x_wconf 90' lang='lat' dir='ltr'><strong>nostis.</strong></span> <span class='ocrx_word' id='word_1_609' title='bbox 2866 3465 2968 3532; x_wconf 86' lang='lat' dir='ltr'><strong>Qui</strong></span> <span class='ocrx_word' id='word_1_610' title='bbox 3003 3465 3167 3520; x_wconf 86' lang='lat' dir='ltr'><strong>habet</strong></span> <span class='ocrx_word' id='word_1_611' title='bbox 3202 3474 3439 3519; x_wconf 90' lang='lat' dir='ltr'><strong>mentem</strong></span> <span class='ocrx_word' id='word_1_612' title='bbox 3473 3468 3571 3521; x_wconf 83' lang='lat' dir='ltr'><strong>bo—</strong></span> 
     </span>
    </p>
   </div>
   <div class='ocr_carea' id='block_1_82' title="bbox 1994 3557 3569 3629">
    <p class='ocr_par' dir='ltr' id='par_1_82' title="bbox 1994 3557 3569 3629">
     <span class='ocr_line' id='line_1_82' title="bbox 1994 3557 3569 3629; baseline -0.004 -12"><span class='ocrx_word' id='word_1_613' title='bbox 1994 3578 2144 3629; x_wconf 83' lang='lat' dir='ltr'><strong>nam,</strong></span> <span class='ocrx_word' id='word_1_614' title='bbox 2172 3560 2356 3615; x_wconf 90' lang='lat' dir='ltr'><strong>omnia</strong></span> <span class='ocrx_word' id='word_1_615' title='bbox 2404 3560 2550 3614; x_wconf 88' lang='lat' dir='ltr'><strong>videt</strong></span> <span class='ocrx_word' id='word_1_616' title='bbox 2587 3567 2754 3614; x_wconf 90' lang='lat' dir='ltr'><strong>recte.</strong></span> <span class='ocrx_word' id='word_1_617' title='bbox 2793 3557 3001 3612; x_wconf 81' lang='lat' dir='ltr'><strong>Timete</strong></span> <span class='ocrx_word' id='word_1_618' title='bbox 3025 3557 3340 3622; x_wconf 89' lang='lat' dir='ltr'><strong>Dominum,</strong></span> <span class='ocrx_word' id='word_1_619' title='bbox 3368 3567 3423 3613; x_wconf 93' lang='lat' dir='ltr'><strong>et</strong></span> <span class='ocrx_word' id='word_1_620' title='bbox 3444 3559 3569 3611; x_wconf 90' lang='lat' dir='ltr'><strong>dili-</strong></span> 
     </span>
    </p>
   </div>
   <div class='ocr_carea' id='block_1_83' title="bbox 1992 3648 3568 3723">
    <p class='ocr_par' dir='ltr' id='par_1_83' title="bbox 1992 3648 3568 3723">
     <span class='ocr_line' id='line_1_83' title="bbox 1992 3648 3568 3723; baseline -0.002 -17"><span class='ocrx_word' id='word_1_621' title='bbox 1992 3653 2100 3723; x_wconf 85' lang='lat' dir='ltr'><strong>gite</strong></span> <span class='ocrx_word' id='word_1_622' title='bbox 2128 3652 2468 3722; x_wconf 86' lang='lat' dir='ltr'><strong>proximum;</strong></span> <span class='ocrx_word' id='word_1_623' title='bbox 2500 3659 2554 3704; x_wconf 89' lang='lat' dir='ltr'><strong>et</strong></span> <span class='ocrx_word' id='word_1_624' title='bbox 2581 3649 2627 3705; x_wconf 90' lang='lat' dir='ltr'><strong>si</strong></span> <span class='ocrx_word' id='word_1_625' title='bbox 2660 3649 2884 3718; x_wconf 90' lang='lat' dir='ltr'><strong>spiritus</strong></span> <span class='ocrx_word' id='word_1_626' title='bbox 2907 3648 3086 3703; x_wconf 70' lang='lat' dir='ltr'><strong>Beliar</strong></span> <span class='ocrx_word' id='word_1_627' title='bbox 3116 3650 3169 3703; x_wconf 89' lang='lat' dir='ltr'><strong>in</strong></span> <span class='ocrx_word' id='word_1_628' title='bbox 3197 3663 3416 3703; x_wconf 90' lang='lat' dir='ltr'><strong>omnem</strong></span> <span class='ocrx_word' id='word_1_629' title='bbox 3450 3665 3568 3704; x_wconf 88' lang='lat' dir='ltr'><strong>ma-</strong></span> 
     </span>
    </p>
   </div>
   <div class='ocr_carea' id='block_1_84' title="bbox 1991 3739 3567 3806">
    <p class='ocr_par' dir='ltr' id='par_1_84' title="bbox 1991 3739 3567 3806">
     <span class='ocr_line' id='line_1_84' title="bbox 1991 3739 3567 3806; baseline -0.002 -8"><span class='ocrx_word' id='word_1_630' title='bbox 1991 3744 2164 3798; x_wconf 90' lang='lat' dir='ltr'><strong>litiam</strong></span> <span class='ocrx_word' id='word_1_631' title='bbox 2192 3741 2562 3797; x_wconf 88' lang='lat' dir='ltr'><strong>tribulationis</strong></span> <span class='ocrx_word' id='word_1_632' title='bbox 2585 3741 3001 3796; x_wconf 86' lang='lat' dir='ltr'><strong>sollicitaverint</strong></span> <span class='ocrx_word' id='word_1_633' title='bbox 3031 3757 3146 3806; x_wconf 89' lang='lat' dir='ltr'><strong>vos,</strong></span> <span class='ocrx_word' id='word_1_634' title='bbox 3177 3754 3287 3794; x_wconf 93' lang='lat' dir='ltr'><strong>non</strong></span> <span class='ocrx_word' id='word_1_635' title='bbox 3313 3739 3567 3795; x_wconf 85' lang='lat' dir='ltr'><strong>domina-</strong></span> 
     </span>
    </p>
   </div>
   <div class='ocr_carea' id='block_1_85' title="bbox 1992 3832 3566 3899">
    <p class='ocr_par' dir='ltr' id='par_1_85' title="bbox 1992 3832 3566 3899">
     <span class='ocr_line' id='line_1_85' title="bbox 1992 3832 3566 3899; baseline -0.001 -11"><span class='ocrx_word' id='word_1_636' title='bbox 1992 3834 2139 3888; x_wconf 88' lang='lat' dir='ltr'><strong>bitur</strong></span> <span class='ocrx_word' id='word_1_637' title='bbox 2166 3833 2322 3888; x_wconf 86' lang='lat' dir='ltr'><strong>vobis</strong></span> <span class='ocrx_word' id='word_1_638' title='bbox 2352 3833 2532 3887; x_wconf 90' lang='lat' dir='ltr'><strong>omnis</strong></span> <span class='ocrx_word' id='word_1_639' title='bbox 2578 3832 2788 3886; x_wconf 89' lang='lat' dir='ltr'><strong>malitia</strong></span> <span class='ocrx_word' id='word_1_640' title='bbox 2826 3832 3224 3899; x_wconf 81' lang='lat' dir='ltr'><strong>tribulationis,</strong></span> <span class='ocrx_word' id='word_1_641' title='bbox 3276 3833 3421 3886; x_wconf 81' lang='lat' dir='ltr'><strong>sicut</strong></span> <span class='ocrx_word' id='word_1_642' title='bbox 3465 3850 3566 3888; x_wconf 88' lang='lat' dir='ltr'><strong>nec</strong></span> 
     </span>
    </p>
   </div>
   <div class='ocr_carea' id='block_1_86' title="bbox 1989 3921 3566 3993">
    <p class='ocr_par' dir='ltr' id='par_1_86' title="bbox 1989 3921 3566 3993">
     <span class='ocr_line' id='line_1_86' title="bbox 1989 3921 3566 3993; baseline -0.002 -15"><span class='ocrx_word' id='word_1_643' title='bbox 1989 3924 2190 3993; x_wconf 87' lang='lat' dir='ltr'><strong>Joseph</strong></span> <span class='ocrx_word' id='word_1_644' title='bbox 2221 3921 2374 3976; x_wconf 83' lang='lat' dir='ltr'><strong>fratri</strong></span> <span class='ocrx_word' id='word_1_645' title='bbox 2404 3937 2546 3976; x_wconf 91' lang='lat' dir='ltr'><strong>meo.</strong></span> <span class='ocrx_word' id='word_1_646' title='bbox 2578 3923 2753 3988; x_wconf 89' lang='lat' dir='ltr'><strong>Quam</strong></span> <span class='ocrx_word' id='word_1_647' title='bbox 2786 3922 2944 3975; x_wconf 86' lang='lat' dir='ltr'><strong>multi</strong></span> <span class='ocrx_word' id='word_1_648' title='bbox 2989 3923 3243 3975; x_wconf 89' lang='lat' dir='ltr'><strong>homines</strong></span> <span class='ocrx_word' id='word_1_649' title='bbox 3268 3922 3566 3976; x_wconf 89' lang='lat' dir='ltr'><strong>voluerunt</strong></span> 
     </span>
    </p>
   </div>
   <div class='ocr_carea' id='block_1_87' title="bbox 1989 4011 3563 4083">
    <p class='ocr_par' dir='ltr' id='par_1_87' title="bbox 1989 4011 3563 4083">
     <span class='ocr_line' id='line_1_87' title="bbox 1989 4011 3563 4083; baseline -0.001 -14"><span class='ocrx_word' id='word_1_650' title='bbox 1989 4015 2239 4070; x_wconf 88' lang='lat' dir='ltr'><strong>occidere</strong></span> <span class='ocrx_word' id='word_1_651' title='bbox 2281 4029 2442 4076; x_wconf 88' lang='lat' dir='ltr'><strong>eum,</strong></span> <span class='ocrx_word' id='word_1_652' title='bbox 2495 4021 2550 4066; x_wconf 90' lang='lat' dir='ltr'><strong>et</strong></span> <span class='ocrx_word' id='word_1_653' title='bbox 2591 4013 2740 4068; x_wconf 89' lang='lat' dir='ltr'><strong>Deus</strong></span> <span class='ocrx_word' id='word_1_654' title='bbox 2787 4014 3025 4083; x_wconf 79' lang='lat' dir='ltr'><strong>protexit</strong></span> <span class='ocrx_word' id='word_1_655' title='bbox 3073 4013 3241 4067; x_wconf 85' lang='lat' dir='ltr'><strong>eum?</strong></span> <span class='ocrx_word' id='word_1_656' title='bbox 3273 4011 3377 4079; x_wconf 89' lang='lat' dir='ltr'><strong>Qui</strong></span> <span class='ocrx_word' id='word_1_657' title='bbox 3413 4015 3563 4067; x_wconf 91' lang='lat' dir='ltr'><strong>enim</strong></span> 
     </span>
    </p>
   </div>
   <div class='ocr_carea' id='block_1_88' title="bbox 1989 4103 3562 4174">
    <p class='ocr_par' dir='ltr' id='par_1_88' title="bbox 1989 4103 3562 4174">
     <span class='ocr_line' id='line_1_88' title="bbox 1989 4103 3562 4174; baseline -0.001 -15"><span class='ocrx_word' id='word_1_658' title='bbox 1989 4105 2145 4160; x_wconf 91' lang='lat' dir='ltr'><strong>timet</strong></span> <span class='ocrx_word' id='word_1_659' title='bbox 2175 4103 2368 4170; x_wconf 91' lang='lat' dir='ltr'><strong>Deum,</strong></span> <span class='ocrx_word' id='word_1_660' title='bbox 2400 4112 2454 4159; x_wconf 91' lang='lat' dir='ltr'><strong>et</strong></span> <span class='ocrx_word' id='word_1_661' title='bbox 2482 4104 2659 4174; x_wconf 82' lang='lat' dir='ltr'><strong>diligit</strong></span> <span class='ocrx_word' id='word_1_662' title='bbox 2697 4106 3011 4174; x_wconf 77' lang='lat' dir='ltr'><strong>proximum</strong></span> <span class='ocrx_word' id='word_1_663' title='bbox 3047 4119 3240 4170; x_wconf 91' lang='lat' dir='ltr'><strong>suum,</strong></span> <span class='ocrx_word' id='word_1_664' title='bbox 3281 4104 3349 4158; x_wconf 88' lang='lat' dir='ltr'><strong>ab</strong></span> <span class='ocrx_word' id='word_1_665' title='bbox 3398 4119 3562 4158; x_wconf 90' lang='lat' dir='ltr'><strong>aereo</strong></span> 
     </span>
    </p>
   </div>
   <div class='ocr_carea' id='block_1_89' title="bbox 1988 4195 3561 4267">
    <p class='ocr_par' dir='ltr' id='par_1_89' title="bbox 1988 4195 3561 4267">
     <span class='ocr_line' id='line_1_89' title="bbox 1988 4195 3561 4267; baseline -0.003 -14"><span class='ocrx_word' id='word_1_666' title='bbox 1988 4197 2182 4267; x_wconf 86' lang='lat' dir='ltr'><strong>spiritu</strong></span> <span class='ocrx_word' id='word_1_667' title='bbox 2207 4195 2384 4250; x_wconf 84' lang='lat' dir='ltr'><strong>Beliar</strong></span> <span class='ocrx_word' id='word_1_668' title='bbox 2402 4211 2510 4249; x_wconf 92' lang='lat' dir='ltr'><strong>non</strong></span> <span class='ocrx_word' id='word_1_669' title='bbox 2540 4196 3033 4264; x_wconf 87' lang='lat' dir='ltr'><strong>potestvulnerari,</strong></span> <span class='ocrx_word' id='word_1_670' title='bbox 3057 4205 3340 4265; x_wconf 88' lang='lat' dir='ltr'><strong>protectus</strong></span> <span class='ocrx_word' id='word_1_671' title='bbox 3359 4196 3561 4250; x_wconf 91' lang='lat' dir='ltr'><strong>timore</strong></span> 
     </span>
    </p>
   </div>
   <div class='ocr_carea' id='block_1_90' title="bbox 1989 4284 3559 4346">
    <p class='ocr_par' dir='ltr' id='par_1_90' title="bbox 1989 4284 3559 4346">
     <span class='ocr_line' id='line_1_90' title="bbox 1989 4284 3559 4346; baseline -0.003 -8"><span class='ocrx_word' id='word_1_672' title='bbox 1989 4286 2117 4346; x_wconf 88' lang='lat' dir='ltr'><strong>Dei;</strong></span> <span class='ocrx_word' id='word_1_673' title='bbox 2155 4295 2209 4340; x_wconf 86' lang='lat' dir='ltr'><strong>et</strong></span> <span class='ocrx_word' id='word_1_674' title='bbox 2250 4285 2318 4338; x_wconf 89' lang='lat' dir='ltr'><strong>ab</strong></span> <span class='ocrx_word' id='word_1_675' title='bbox 2358 4284 2580 4338; x_wconf 87' lang='lat' dir='ltr'><strong>insidiis</strong></span> <span class='ocrx_word' id='word_1_676' title='bbox 2628 4284 2912 4337; x_wconf 89' lang='lat' dir='ltr'><strong>hominum</strong></span> <span class='ocrx_word' id='word_1_677' title='bbox 2955 4292 3050 4338; x_wconf 89' lang='lat' dir='ltr'><strong>aut</strong></span> <span class='ocrx_word' id='word_1_678' title='bbox 3095 4284 3395 4338; x_wconf 90' lang='lat' dir='ltr'><strong>bestiarum</strong></span> <span class='ocrx_word' id='word_1_679' title='bbox 3449 4295 3559 4333; x_wconf 88' lang='lat' dir='ltr'><strong>non</strong></span> 
     </span>
    </p>
   </div>
   <div class='ocr_carea' id='block_1_91' title="bbox 1987 4375 3558 4448">
    <p class='ocr_par' dir='ltr' id='par_1_91' title="bbox 1987 4375 3558 4448">
     <span class='ocr_line' id='line_1_91' title="bbox 1987 4375 3558 4448; baseline -0.004 -16"><span class='ocrx_word' id='word_1_680' title='bbox 1987 4387 2164 4448; x_wconf 90' lang='lat' dir='ltr'><strong>potest</strong></span> <span class='ocrx_word' id='word_1_681' title='bbox 2195 4376 2498 4446; x_wconf 85' lang='lat' dir='ltr'><strong>subjugari,</strong></span> <span class='ocrx_word' id='word_1_682' title='bbox 2540 4375 2761 4446; x_wconf 89' lang='lat' dir='ltr'><strong>adjutus</strong></span> <span class='ocrx_word' id='word_1_683' title='bbox 2796 4376 3014 4430; x_wconf 84' lang='lat' dir='ltr'><strong>Domini</strong></span> <span class='ocrx_word' id='word_1_684' title='bbox 3047 4376 3341 4430; x_wconf 88' lang='lat' dir='ltr'><strong>dilectione</strong></span> <span class='ocrx_word' id='word_1_685' title='bbox 3391 4387 3558 4441; x_wconf 89' lang='lat' dir='ltr'><strong>quam</strong></span> 
     </span>
    </p>
   </div>
   <div class='ocr_carea' id='block_1_92' title="bbox 309 4465 1890 4546">
    <p class='ocr_par' dir='ltr' id='par_1_92' title="bbox 309 4468 1880 4546">
     <span class='ocr_line' id='line_1_92' title="bbox 309 4468 1880 4546; baseline 0.006 -26"><span class='ocrx_word' id='word_1_686' title='bbox 309 4468 601 4539; x_wconf 82' lang='grc' dir='ltr'>ἐπιϐουλῆς</span> <span class='ocrx_word' id='word_1_687' title='bbox 620 4469 937 4540; x_wconf 83' lang='grc' dir='ltr'>ἀνθρώπων,</span> <span class='ocrx_word' id='word_1_688' title='bbox 972 4471 1004 4542; x_wconf 87' lang='grc' dir='ltr'>ἢ</span> <span class='ocrx_word' id='word_1_689' title='bbox 1048 4472 1269 4545; x_wconf 89' lang='grc' dir='ltr'>θηρίων,</span> <span class='ocrx_word' id='word_1_690' title='bbox 1313 4475 1371 4528; x_wconf 84' lang='grc' dir='ltr'><strong>ού</strong></span> <span class='ocrx_word' id='word_1_691' title='bbox 1399 4473 1620 4529; x_wconf 88' lang='grc' dir='ltr'>δύναται</span> <span class='ocrx_word' id='word_1_692' title='bbox 1664 4493 1880 4546; x_wconf 89' lang='grc' dir='ltr'>κυριευ-</span> 
     </span>
    </p>
   </div>
   <div class='ocr_carea' id='block_1_93' title="bbox 2000 4465 3559 4546">
    <p class='ocr_par' dir='ltr' id='par_1_93' title="bbox 2000 4465 3559 4536">
     <span class='ocr_line' id='line_1_93' title="bbox 2000 4465 3559 4536; baseline -0.005 -14"><span class='ocrx_word' id='word_1_693' title='bbox 2000 4469 2150 4522; x_wconf 76' lang='lat' dir='ltr'><strong>tiabet</strong></span> <span class='ocrx_word' id='word_1_694' title='bbox 2177 4482 2302 4536; x_wconf 86' lang='lat' dir='ltr'><strong>erga</strong></span> <span class='ocrx_word' id='word_1_695' title='bbox 2334 4467 2666 4536; x_wconf 79' lang='lat' dir='ltr'><strong>proximum.</strong></span> <span class='ocrx_word' id='word_1_696' title='bbox 2701 4465 2913 4520; x_wconf 89' lang='lat' dir='ltr'><strong>Etenim</strong></span> <span class='ocrx_word' id='word_1_697' title='bbox 2955 4467 3278 4535; x_wconf 87' lang='lat' dir='ltr'><strong>deprecatus</strong></span> <span class='ocrx_word' id='word_1_698' title='bbox 3311 4477 3432 4517; x_wconf 91' lang='lat' dir='ltr'><strong>sum</strong></span> <span class='ocrx_word' id='word_1_699' title='bbox 3461 4465 3559 4532; x_wconf 51' lang='lat' dir='ltr'><strong>pa;</strong></span> 
     </span>
    </p>
   </div>
   <div class='ocr_carea' id='block_1_94' title="bbox 309 4559 1879 4640">
    <p class='ocr_par' dir='ltr' id='par_1_94' title="bbox 309 4559 1879 4640">
     <span class='ocr_line' id='line_1_94' title="bbox 309 4559 1879 4640; baseline 0.008 -30"><span class='ocrx_word' id='word_1_700' title='bbox 309 4559 486 4629; x_wconf 83' lang='grc' dir='ltr'>θῆναι,</span> <span class='ocrx_word' id='word_1_701' title='bbox 524 4561 881 4633; x_wconf 82' lang='grc' dir='ltr'>βοηθούμενος</span> <span class='ocrx_word' id='word_1_702' title='bbox 919 4564 1022 4616; x_wconf 83' lang='grc' dir='ltr'><strong>ὑπὸ</strong></span> <span class='ocrx_word' id='word_1_703' title='bbox 1043 4566 1139 4635; x_wconf 81' lang='grc' dir='ltr'>τῆς</span> <span class='ocrx_word' id='word_1_704' title='bbox 1164 4566 1256 4619; x_wconf 82' lang='grc' dir='ltr'>τοῦ</span> <span class='ocrx_word' id='word_1_705' title='bbox 1289 4568 1492 4637; x_wconf 87' lang='grc' dir='ltr'>Κυρίου</span> <span class='ocrx_word' id='word_1_706' title='bbox 1543 4567 1778 4638; x_wconf 85' lang='grc' dir='ltr'>ἀγάπης,</span> <span class='ocrx_word' id='word_1_707' title='bbox 1812 4563 1879 4640; x_wconf 82' lang='grc' dir='ltr'>ἦς</span> 
     </span>
    </p>
   </div>
   <div class='ocr_carea' id='block_1_95' title="bbox 307 4644 1879 4729">
    <p class='ocr_par' dir='ltr' id='par_1_95' title="bbox 307 4644 1879 4729">
     <span class='ocr_line' id='line_1_95' title="bbox 307 4644 1879 4729; baseline 0.011 -34"><span class='ocrx_word' id='word_1_708' title='bbox 307 4644 418 4714; x_wconf 79' lang='grc' dir='ltr'>ἔχει</span> <span class='ocrx_word' id='word_1_709' title='bbox 446 4648 579 4717; x_wconf 82' lang='grc' dir='ltr'>πρὸς</span> <span class='ocrx_word' id='word_1_710' title='bbox 611 4648 704 4700; x_wconf 83' lang='grc' dir='ltr'><strong>τὸν</strong></span> <span class='ocrx_word' id='word_1_711' title='bbox 738 4650 981 4720; x_wconf 86' lang='grc' dir='ltr'>πλησίον.</span> <span class='ocrx_word' id='word_1_712' title='bbox 1006 4653 1115 4704; x_wconf 77' lang='lat' dir='ltr'><strong>Kal</strong></span> <span class='ocrx_word' id='word_1_713' title='bbox 1137 4654 1245 4725; x_wconf 80' lang='grc' dir='ltr'>γὰρ</span> <span class='ocrx_word' id='word_1_714' title='bbox 1269 4655 1491 4726; x_wconf 74' lang='grc' dir='ltr'>ἐδεήθην</span> <span class='ocrx_word' id='word_1_715' title='bbox 1521 4655 1630 4729; x_wconf 86' lang='lat'><strong>(9|)</strong></span> <span class='ocrx_word' id='word_1_716' title='bbox 1654 4657 1746 4710; x_wconf 76' lang='grc' dir='ltr'>τοῦ</span> <span class='ocrx_word' id='word_1_717' title='bbox 1775 4677 1879 4711; x_wconf 87' lang='grc' dir='ltr'>πα-</span> 
     </span>
    </p>
   </div>
   <div class='ocr_carea' id='block_1_96' title="bbox 304 4738 1878 4818">
    <p class='ocr_par' dir='ltr' id='par_1_96' title="bbox 304 4738 1878 4818">
     <span class='ocr_line' id='line_1_96' title="bbox 304 4738 1878 4818; baseline 0.009 -29"><span class='ocrx_word' id='word_1_718' title='bbox 304 4738 432 4806; x_wconf 75' lang='grc' dir='ltr'>τρὸς</span> <span class='ocrx_word' id='word_1_719' title='bbox 463 4739 619 4809; x_wconf 83' lang='grc' dir='ltr'>ήμῶν</span> <span class='ocrx_word' id='word_1_720' title='bbox 668 4742 878 4806; x_wconf 80' lang='grc' dir='ltr'>Ἰακὼϐ,</span> <span class='ocrx_word' id='word_1_721' title='bbox 916 4743 1003 4798; x_wconf 81' lang='grc' dir='ltr'><strong>ἵνα</strong></span> <span class='ocrx_word' id='word_1_722' title='bbox 1029 4746 1392 4816; x_wconf 82' lang='grc' dir='ltr'>προσεύξηται</span> <span class='ocrx_word' id='word_1_723' title='bbox 1427 4749 1554 4818; x_wconf 71' lang='grc' dir='ltr'>περὶ</span> <span class='ocrx_word' id='word_1_724' title='bbox 1587 4749 1693 4801; x_wconf 80' lang='grc' dir='ltr'><strong>τῶν</strong></span> <span class='ocrx_word' id='word_1_725' title='bbox 1728 4750 1878 4803; x_wconf 84' lang='grc' dir='ltr'>ἁδελ-</span> 
     </span>
    </p>
   </div>
   <div class='ocr_carea' id='block_1_97' title="bbox 377 4871 1660 4950">
    <p class='ocr_par' dir='ltr' id='par_1_97' title="bbox 377 4871 1660 4950">
     <span class='ocr_line' id='line_1_97' title="bbox 377 4871 1660 4950; baseline 0.009 -26"><span class='ocrx_word' id='word_1_726' title='bbox 377 4871 487 4941; x_wconf 85' lang='grc'>(88)</span> <span class='ocrx_word' id='word_1_727' title='bbox 529 4876 647 4927; x_wconf 82' lang='grc' dir='ltr'>Ρκ’.</span> <span class='ocrx_word' id='word_1_728' title='bbox 679 4874 811 4930; x_wconf 90' lang='lat' dir='ltr'><strong>Cod.</strong></span> <span class='ocrx_word' id='word_1_729' title='bbox 842 4873 1017 4933; x_wconf 89' lang='lat' dir='ltr'><strong>Oxon.</strong></span> <span class='ocrx_word' id='word_1_730' title='bbox 1059 4878 1240 4943; x_wconf 90' lang='lat' dir='ltr'><strong>habet,</strong></span> <span class='ocrx_word' id='word_1_731' title='bbox 1276 4897 1306 4950; x_wconf 91' lang='grc' dir='ltr'><strong>ρ</strong></span> <span class='ocrx_word' id='word_1_732' title='bbox 1336 4897 1370 4933; x_wconf 86' lang='grc' dir='ltr'><strong>κ</strong></span> <span class='ocrx_word' id='word_1_733' title='bbox 1403 4887 1463 4934; x_wconf 82' lang='grc' dir='ltr'>ε’.</span> <span class='ocrx_word' id='word_1_734' title='bbox 1493 4880 1660 4936; x_wconf 70' lang='grc' dir='ltr'>ϐιιΑθ.</span> 
     </span>
    </p>
   </div>
   <div class='ocr_carea' id='block_1_98' title="bbox 333 4964 1875 5046">
    <p class='ocr_par' dir='ltr' id='par_1_98' title="bbox 333 4964 1875 5046">
     <span class='ocr_line' id='line_1_98' title="bbox 333 4964 1875 5046; baseline 0.008 -28"><span class='ocrx_word' id='word_1_735' title='bbox 333 5037 342 5046; x_wconf 38' lang='lat'><em>.</em></span> <span class='ocrx_word' id='word_1_736' title='bbox 378 4964 826 5046; x_wconf 44' lang='grc' dir='ltr'>(δὴ-Βενιαμίν.</span> <span class='ocrx_word' id='word_1_737' title='bbox 851 4968 1054 5046; x_wconf 75' lang='lat' dir='ltr'><strong>Auctor</strong></span> <span class='ocrx_word' id='word_1_738' title='bbox 1077 4970 1359 5046; x_wconf 71' lang='lat' dir='ltr'><strong>Benjamin</strong></span> <span class='ocrx_word' id='word_1_739' title='bbox 1393 4975 1782 5044; x_wconf 89' lang='lat' dir='ltr'><strong>interpretatur</strong></span> <span class='ocrx_word' id='word_1_740' title='bbox 1808 4979 1875 5046; x_wconf 81' lang='lat' dir='ltr'><strong>ﬁ-</strong></span> 
     </span>
    </p>
   </div>
   <div class='ocr_carea' id='block_1_99' title="bbox 303 5035 1874 5115">
    <p class='ocr_par' dir='ltr' id='par_1_99' title="bbox 303 5035 1874 5115">
     <span class='ocr_line' id='line_1_99' title="bbox 303 5035 1874 5115; baseline 0.01 -28"><span class='ocrx_word' id='word_1_741' title='bbox 303 5036 436 5088; x_wconf 85' lang='lat' dir='ltr'><strong>lium</strong></span> <span class='ocrx_word' id='word_1_742' title='bbox 461 5035 852 5115; x_wconf 32' lang='lat' dir='ltr'><strong>disrupta—quia</strong></span> <span class='ocrx_word' id='word_1_743' title='bbox 885 5055 913 5093; x_wconf 89' lang='lat' dir='ltr'><strong>a</strong></span> <span class='ocrx_word' id='word_1_744' title='bbox 942 5039 1111 5115; x_wconf 81' lang='lat' dir='ltr'><strong>Jaeob</strong></span> <span class='ocrx_word' id='word_1_745' title='bbox 1146 5035 1258 5115; x_wconf 65' lang='lat' dir='ltr'><strong>jam</strong></span> <span class='ocrx_word' id='word_1_746' title='bbox 1303 5035 1616 5115; x_wconf 74' lang='lat' dir='ltr'><strong>centenario</strong></span> <span class='ocrx_word' id='word_1_747' title='bbox 1659 5035 1874 5115; x_wconf 75' lang='lat' dir='ltr'><strong>genitus</strong></span> 
     </span>
    </p>
   </div>
   <div class='ocr_carea' id='block_1_100' title="bbox 303 5109 1870 5176">
    <p class='ocr_par' dir='ltr' id='par_1_100' title="bbox 303 5109 1870 5176">
     <span class='ocr_line' id='line_1_100' title="bbox 303 5109 1870 5176; baseline 0.01 -18"><span class='ocrx_word' id='word_1_748' title='bbox 303 5116 418 5159; x_wconf 84' lang='lat' dir='ltr'><strong>erat</strong></span> <span class='ocrx_word' id='word_1_749' title='bbox 446 5125 460 5172; x_wconf 90' lang='lat'><strong>;</strong></span> <span class='ocrx_word' id='word_1_750' title='bbox 494 5123 614 5174; x_wconf 64' lang='lat' dir='ltr'><strong>quae</strong></span> <span class='ocrx_word' id='word_1_751' title='bbox 652 5109 1026 5176; x_wconf 85' lang='lat' dir='ltr'><strong>interpretatio</strong></span> <span class='ocrx_word' id='word_1_752' title='bbox 1056 5109 1370 5166; x_wconf 83' lang='lat' dir='ltr'><strong>conﬁrmari</strong></span> <span class='ocrx_word' id='word_1_753' title='bbox 1419 5114 1634 5171; x_wconf 82' lang='lat' dir='ltr'><strong>videtur.</strong></span> <span class='ocrx_word' id='word_1_754' title='bbox 1659 5109 1870 5176; x_wconf 44' lang='lat' dir='ltr'><strong>‘Gencs.</strong></span> 
     </span>
    </p>
   </div>
   <div class='ocr_carea' id='block_1_101' title="bbox 304 5178 1865 5251">
    <p class='ocr_par' dir='ltr' id='par_1_101' title="bbox 304 5178 1865 5251">
     <span class='ocr_line' id='line_1_101' title="bbox 304 5178 1865 5251; baseline 0.008 -23"><span class='ocrx_word' id='word_1_755' title='bbox 304 5178 567 5251; x_wconf 59' lang='lat' dir='ltr'><strong>§|.t_v,_20,</strong></span> <span class='ocrx_word' id='word_1_756' title='bbox 613 5179 703 5233; x_wconf 91' lang='lat' dir='ltr'><strong>ubi</strong></span> <span class='ocrx_word' id='word_1_757' title='bbox 745 5178 1025 5248; x_wconf 81' lang='lat' dir='ltr'><strong>Bcnjamin</strong></span> <span class='ocrx_word' id='word_1_758' title='bbox 1064 5192 1292 5236; x_wconf 83' lang='lat' dir='ltr'><strong>vocatur</strong></span> <span class='ocrx_word' id='word_1_759' title='bbox 1336 5184 1479 5251; x_wconf 79' lang='lat' dir='ltr'><strong>ﬁlius</strong></span> <span class='ocrx_word' id='word_1_760' title='bbox 1523 5197 1865 5241; x_wconf 79' lang='lat' dir='ltr'><strong>senectumm.</strong></span> 
     </span>
    </p>
   </div>
   <div class='ocr_carea' id='block_1_102' title="bbox 303 5246 1868 5323">
    <p class='ocr_par' dir='ltr' id='par_1_102' title="bbox 303 5246 1868 5323">
     <span class='ocr_line' id='line_1_102' title="bbox 303 5246 1868 5323; baseline 0.007 -23"><span class='ocrx_word' id='word_1_761' title='bbox 303 5246 506 5323; x_wconf 57' lang='lat' dir='ltr'><strong>llcjlcit</strong></span> <span class='ocrx_word' id='word_1_762' title='bbox 540 5260 740 5323; x_wconf 70' lang='lat' dir='ltr'><strong>tamen</strong></span> <span class='ocrx_word' id='word_1_763' title='bbox 763 5246 882 5323; x_wconf 73' lang='lat' dir='ltr'><strong>eam</strong></span> <span class='ocrx_word' id='word_1_764' title='bbox 937 5251 1298 5323; x_wconf 82' lang='lat' dir='ltr'><strong>Hieronymus</strong></span> <span class='ocrx_word' id='word_1_765' title='bbox 1336 5246 1406 5307; x_wconf 48' lang='lat' dir='ltr'><strong>&#39;iu</strong></span> <span class='ocrx_word' id='word_1_766' title='bbox 1472 5252 1868 5312; x_wconf 76' lang='lat' dir='ltr'><strong>Traditionibus</strong></span> 
     </span>
    </p>
   </div>
   <div class='ocr_carea' id='block_1_103' title="bbox 305 5317 1870 5396">
    <p class='ocr_par' dir='ltr' id='par_1_103' title="bbox 305 5317 1870 5396">
     <span class='ocr_line' id='line_1_103' title="bbox 305 5317 1870 5396; baseline 0.01 -28"><span class='ocrx_word' id='word_1_767' title='bbox 305 5317 586 5396; x_wconf 43' lang='grc' dir='ltr'><strong>[Ιώ-ναίεις</strong></span> <span class='ocrx_word' id='word_1_768' title='bbox 620 5320 701 5396; x_wconf 64' lang='lat' dir='ltr'><strong>ad</strong></span> <span class='ocrx_word' id='word_1_769' title='bbox 728 5320 782 5372; x_wconf 78' lang='lat' dir='ltr'><strong>lt.</strong></span> <span class='ocrx_word' id='word_1_770' title='bbox 815 5317 1179 5396; x_wconf 53' lang='lat' dir='ltr'><strong>l._scribens&#39;:</strong></span> <span class='ocrx_word' id='word_1_771' title='bbox 1219 5343 1236 5374; x_wconf 79' lang='grc' dir='ltr'><strong>ι</strong></span> <span class='ocrx_word' id='word_1_772' title='bbox 1275 5323 1500 5389; x_wconf 83' lang='lat' dir='ltr'><strong>Errant,</strong></span> <span class='ocrx_word' id='word_1_773' title='bbox 1540 5327 1633 5396; x_wconf 81' lang='lat' dir='ltr'><strong>qui</strong></span> <span class='ocrx_word' id='word_1_774' title='bbox 1681 5340 1870 5396; x_wconf 87' lang='lat' dir='ltr'><strong>putant</strong></span> 
     </span>
    </p>
   </div>
   <div class='ocr_carea' id='block_1_104' title="bbox 300 5387 1864 5463">
    <p class='ocr_par' dir='ltr' id='par_1_104' title="bbox 300 5387 1864 5463">
     <span class='ocr_line' id='line_1_104' title="bbox 300 5387 1864 5463; baseline 0.008 -23"><span class='ocrx_word' id='word_1_775' title='bbox 300 5387 585 5463; x_wconf 72' lang='lat' dir='ltr'><strong>Denjamin</strong></span> <span class='ocrx_word' id='word_1_776' title='bbox 631 5389 800 5463; x_wconf 83' lang='lat' dir='ltr'><strong>lilium</strong></span> <span class='ocrx_word' id='word_1_777' title='bbox 847 5390 1057 5463; x_wconf 88' lang='lat' dir='ltr'><strong>di_erum</strong></span> <span class='ocrx_word' id='word_1_778' title='bbox 1111 5387 1492 5463; x_wconf 66' lang='lat' dir='ltr'><strong>interpretari.</strong></span> <span class='ocrx_word' id='word_1_779' title='bbox 1533 5387 1864 5452; x_wconf 55' lang='lat' dir='ltr'><strong>Cum&#39;enim</strong></span> 
     </span>
    </p>
   </div>
   <div class='ocr_carea' id='block_1_105' title="bbox 298 5458 1863 5534">
    <p class='ocr_par' dir='ltr' id='par_1_105' title="bbox 298 5458 1863 5534">
     <span class='ocr_line' id='line_1_105' title="bbox 298 5458 1863 5534; baseline 0.008 -24"><span class='ocrx_word' id='word_1_780' title='bbox 298 5458 862 5534; x_wconf 73' lang='lat' dir='ltr'><strong>dexteraappelletur</strong></span> <span class='ocrx_word' id='word_1_781' title='bbox 887 5460 1067 5515; x_wconf 85' lang='lat' dir='ltr'><strong>Jamin</strong></span> <span class='ocrx_word' id='word_1_782' title='bbox 1108 5475 1160 5517; x_wconf 89' lang='lat' dir='ltr'><strong>et</strong></span> <span class='ocrx_word' id='word_1_783' title='bbox 1189 5458 1410 5534; x_wconf 86' lang='lat' dir='ltr'><strong>liniatur</strong></span> <span class='ocrx_word' id='word_1_784' title='bbox 1435 5466 1488 5518; x_wconf 86' lang='lat' dir='ltr'><strong>iu</strong></span> <span class='ocrx_word' id='word_1_785' title='bbox 1515 5482 1549 5518; x_wconf 88' lang='grc' dir='ltr'><em>η</em></span> <span class='ocrx_word' id='word_1_786' title='bbox 1606 5467 1863 5534; x_wconf 76' lang='lat' dir='ltr'><strong>litteram,</strong></span> 
     </span>
    </p>
   </div>
   <div class='ocr_carea' id='block_1_106' title="bbox 298 5528 1866 5607">
    <p class='ocr_par' dir='ltr' id='par_1_106' title="bbox 298 5528 1866 5607">
     <span class='ocr_line' id='line_1_106' title="bbox 298 5528 1866 5607; baseline 0.009 -29"><span class='ocrx_word' id='word_1_787' title='bbox 298 5528 416 5607; x_wconf 69' lang='lat' dir='ltr'><strong>dies</strong></span> <span class='ocrx_word' id='word_1_788' title='bbox 446 5528 664 5598; x_wconf 86' lang='lat' dir='ltr'><strong>quidem</strong></span> <span class='ocrx_word' id='word_1_789' title='bbox 695 5532 1033 5607; x_wconf 72' lang='lat' dir='ltr'><strong>appellantur</strong></span> <span class='ocrx_word' id='word_1_790' title='bbox 1064 5542 1117 5587; x_wconf 92' lang='lat' dir='ltr'><strong>et</strong></span> <span class='ocrx_word' id='word_1_791' title='bbox 1160 5535 1269 5607; x_wconf 88' lang='lat' dir='ltr'><strong>ipsi</strong></span> <span class='ocrx_word' id='word_1_792' title='bbox 1311 5533 1534 5601; x_wconf 82' lang='lat' dir='ltr'><strong>Jamim,</strong></span> <span class='ocrx_word' id='word_1_793' title='bbox 1589 5539 1682 5591; x_wconf 86' lang='lat' dir='ltr'><strong>sed</strong></span> <span class='ocrx_word' id='word_1_794' title='bbox 1723 5539 1776 5591; x_wconf 90' lang='lat' dir='ltr'><strong>in</strong></span> <span class='ocrx_word' id='word_1_795' title='bbox 1815 5528 1866 5591; x_wconf 69' lang='lat' dir='ltr'><strong>ni</strong></span> 
     </span>
    </p>
   </div>
   <div class='ocr_carea' id='block_1_107' title="bbox 298 5596 1866 5674">
    <p class='ocr_par' dir='ltr' id='par_1_107' title="bbox 298 5596 1866 5674">
     <span class='ocr_line' id='line_1_107' title="bbox 298 5596 1866 5674; baseline 0.007 -24"><span class='ocrx_word' id='word_1_796' title='bbox 298 5596 527 5674; x_wconf 34' lang='lat' dir='ltr'><strong>litteia‘m</strong></span> <span class='ocrx_word' id='word_1_797' title='bbox 557 5596 898 5674; x_wconf 71' lang='lat' dir='ltr'><strong>terminatur.</strong></span> <span class='ocrx_word' id='word_1_798' title='bbox 932 5602 987 5656; x_wconf 91' lang='lat' dir='ltr'><strong>Si</strong></span> <span class='ocrx_word' id='word_1_799' title='bbox 1009 5603 1121 5670; x_wconf 90' lang='lat' dir='ltr'><strong>jam</strong></span> <span class='ocrx_word' id='word_1_800' title='bbox 1157 5596 1654 5674; x_wconf 79' lang='lat' dir='ltr'><strong>interpretationem</strong></span> <span class='ocrx_word' id='word_1_801' title='bbox 1678 5618 1866 5661; x_wconf 89' lang='lat' dir='ltr'><strong>aucto-</strong></span> 
     </span>
    </p>
   </div>
   <div class='ocr_carea' id='block_1_108' title="bbox 298 5668 1860 5744">
    <p class='ocr_par' dir='ltr' id='par_1_108' title="bbox 298 5668 1860 5744">
     <span class='ocr_line' id='line_1_108' title="bbox 298 5668 1860 5744; baseline 0.008 -26"><span class='ocrx_word' id='word_1_802' title='bbox 298 5668 374 5720; x_wconf 77' lang='lat' dir='ltr'><strong>ris</strong></span> <span class='ocrx_word' id='word_1_803' title='bbox 413 5668 734 5744; x_wconf 69' lang='lat' dir='ltr'><strong>Testamenti</strong></span> <span class='ocrx_word' id='word_1_804' title='bbox 761 5668 1473 5744; x_wconf 66' lang='lat' dir='ltr'><strong>Benjamiitdefendendam</strong></span> <span class='ocrx_word' id='word_1_805' title='bbox 1501 5678 1860 5744; x_wconf 77' lang='lat' dir='ltr'><strong>susciperem,</strong></span> 
     </span>
    </p>
   </div>
   <div class='ocr_carea' id='block_1_109' title="bbox 300 5742 1863 5814">
    <p class='ocr_par' dir='ltr' id='par_1_109' title="bbox 300 5742 1863 5814">
     <span class='ocr_line' id='line_1_109' title="bbox 300 5742 1863 5814; baseline 0.008 -24"><span class='ocrx_word' id='word_1_806' title='bbox 300 5742 675 5802; x_wconf 77' lang='lat' dir='ltr'><strong>responderem</strong></span> <span class='ocrx_word' id='word_1_807' title='bbox 705 5743 735 5796; x_wconf 81' lang='lat' dir='ltr'><em>J</em></span> <span class='ocrx_word' id='word_1_808' title='bbox 746 5746 886 5797; x_wconf 74' lang='lat' dir='ltr'><strong>(1min</strong></span> <span class='ocrx_word' id='word_1_809' title='bbox 912 5760 1009 5814; x_wconf 86' lang='lat' dir='ltr'><strong>pro</strong></span> <span class='ocrx_word' id='word_1_810' title='bbox 1041 5743 1239 5799; x_wconf 73' lang='lat' dir='ltr'><strong>Jamim</strong></span> <span class='ocrx_word' id='word_1_811' title='bbox 1281 5755 1562 5813; x_wconf 81' lang='lat' dir='ltr'><strong>acceptum</strong></span> <span class='ocrx_word' id='word_1_812' title='bbox 1597 5742 1720 5802; x_wconf 75' lang='lat' dir='ltr'><strong>esse</strong></span> <span class='ocrx_word' id='word_1_813' title='bbox 1755 5747 1863 5803; x_wconf 81' lang='lat' dir='ltr'><strong>dia-</strong></span> 
     </span>
    </p>
   </div>
   <div class='ocr_carea' id='block_1_110' title="bbox 1985 4553 3554 4631">
    <p class='ocr_par' dir='ltr' id='par_1_110' title="bbox 1985 4553 3554 4631">
     <span class='ocr_line' id='line_1_110' title="bbox 1985 4553 3554 4631; baseline -0.003 -19"><span class='ocrx_word' id='word_1_814' title='bbox 1985 4567 2120 4612; x_wconf 89' lang='lat' dir='ltr'><strong>trem</strong></span> <span class='ocrx_word' id='word_1_815' title='bbox 2143 4554 2601 4625; x_wconf 67' lang='lat' dir='ltr'><strong>uestruijacob,</strong></span> <span class='ocrx_word' id='word_1_816' title='bbox 2625 4564 2684 4609; x_wconf 91' lang='lat' dir='ltr'><strong>ut</strong></span> <span class='ocrx_word' id='word_1_817' title='bbox 2716 4563 2900 4609; x_wconf 86' lang='lat' dir='ltr'><strong>oraret</strong></span> <span class='ocrx_word' id='word_1_818' title='bbox 2925 4571 3024 4625; x_wconf 85' lang='lat' dir='ltr'><strong>pro</strong></span> <span class='ocrx_word' id='word_1_819' title='bbox 3049 4553 3310 4631; x_wconf 70' lang='lat' dir='ltr'><strong>fratribus</strong></span> <span class='ocrx_word' id='word_1_820' title='bbox 3328 4554 3554 4619; x_wconf 87' lang='lat' dir='ltr'><strong>nostris,</strong></span> 
     </span>
    </p>
   </div>
   <div class='ocr_carea' id='block_1_111' title="bbox 1982 4647 3554 4721">
    <p class='ocr_par' dir='ltr' id='par_1_111' title="bbox 1982 4647 3554 4721">
     <span class='ocr_line' id='line_1_111' title="bbox 1982 4647 3554 4721; baseline 0.001 -16"><span class='ocrx_word' id='word_1_821' title='bbox 1982 4660 2044 4706; x_wconf 92' lang='lat' dir='ltr'><strong>ut</strong></span> <span class='ocrx_word' id='word_1_822' title='bbox 2091 4666 2200 4704; x_wconf 89' lang='lat' dir='ltr'><strong>non</strong></span> <span class='ocrx_word' id='word_1_823' title='bbox 2239 4650 2532 4716; x_wconf 80' lang='lat' dir='ltr'><strong>imputaret</strong></span> <span class='ocrx_word' id='word_1_824' title='bbox 2563 4648 2643 4703; x_wconf 89' lang='lat' dir='ltr'><strong>eis</strong></span> <span class='ocrx_word' id='word_1_825' title='bbox 2684 4647 2951 4701; x_wconf 84' lang='lat' dir='ltr'><strong>Dominus</strong></span> <span class='ocrx_word' id='word_1_826' title='bbox 2993 4647 3141 4716; x_wconf 86' lang='lat' dir='ltr'><strong>quod</strong></span> <span class='ocrx_word' id='word_1_827' title='bbox 3199 4653 3554 4721; x_wconf 82' lang='lat' dir='ltr'><strong>excogitave-</strong></span> 
     </span>
    </p>
   </div>
   <div class='ocr_carea' id='block_1_112' title="bbox 1980 4737 3554 4810">
    <p class='ocr_par' dir='ltr' id='par_1_112' title="bbox 1980 4737 3554 4810">
     <span class='ocr_line' id='line_1_112' title="bbox 1980 4737 3554 4810; baseline 0.003 -13"><span class='ocrx_word' id='word_1_828' title='bbox 1980 4753 2109 4798; x_wconf 85' lang='lat' dir='ltr'><strong>runt</strong></span> <span class='ocrx_word' id='word_1_829' title='bbox 2130 4744 2332 4797; x_wconf 89' lang='lat' dir='ltr'><strong>malum</strong></span> <span class='ocrx_word' id='word_1_830' title='bbox 2372 4742 2439 4796; x_wconf 89' lang='lat' dir='ltr'><strong>de</strong></span> <span class='ocrx_word' id='word_1_831' title='bbox 2469 4742 2608 4810; x_wconf 87' lang='lat' dir='ltr'><strong>ipso.</strong></span> <span class='ocrx_word' id='word_1_832' title='bbox 2637 4737 2702 4793; x_wconf 87' lang='lat' dir='ltr'><strong>Et</strong></span> <span class='ocrx_word' id='word_1_833' title='bbox 2729 4741 2801 4792; x_wconf 87' lang='lat' dir='ltr'><strong>ita</strong></span> <span class='ocrx_word' id='word_1_834' title='bbox 2831 4739 3090 4794; x_wconf 87' lang='lat' dir='ltr'><strong>clamavit</strong></span> <span class='ocrx_word' id='word_1_835' title='bbox 3119 4738 3288 4795; x_wconf 82' lang='lat' dir='ltr'><strong>Jacob</strong></span> <span class='ocrx_word' id='word_1_836' title='bbox 3317 4761 3329 4795; x_wconf 88' lang='lat'><strong>:</strong></span> <span class='ocrx_word' id='word_1_837' title='bbox 3354 4763 3371 4794; x_wconf 84' lang='grc' dir='ltr'><strong>ι</strong></span> <span class='ocrx_word' id='word_1_838' title='bbox 3395 4743 3439 4798; x_wconf 89' lang='grc'>0</span> <span class='ocrx_word' id='word_1_839' title='bbox 3477 4747 3554 4800; x_wconf 85' lang='lat' dir='ltr'><strong>lil-i</strong></span> 
     </span>
    </p>
   </div>
   <div class='ocr_carea' id='block_1_113' title="bbox 1978 4878 3551 4953">
    <p class='ocr_par' dir='ltr' id='par_1_113' title="bbox 1978 4878 3551 4953">
     <span class='ocr_line' id='line_1_113' title="bbox 1978 4878 3551 4953; baseline 0.002 -16"><span class='ocrx_word' id='word_1_840' title='bbox 1978 4885 2118 4938; x_wconf 82' lang='lat' dir='ltr'><strong>lecto</strong></span> <span class='ocrx_word' id='word_1_841' title='bbox 2148 4881 2392 4953; x_wconf 87' lang='lat' dir='ltr'><strong>Syriaca,</strong></span> <span class='ocrx_word' id='word_1_842' title='bbox 2423 4878 2791 4953; x_wconf 58' lang='lat' dir='ltr'><strong>quadacobus</strong></span> <span class='ocrx_word' id='word_1_843' title='bbox 2821 4879 2984 4933; x_wconf 88' lang='lat' dir='ltr'><strong>modo</strong></span> <span class='ocrx_word' id='word_1_844' title='bbox 3015 4896 3045 4935; x_wconf 89' lang='lat' dir='ltr'><strong>e</strong></span> <span class='ocrx_word' id='word_1_845' title='bbox 3075 4881 3229 4952; x_wconf 81' lang='lat' dir='ltr'><strong>Syria</strong></span> <span class='ocrx_word' id='word_1_846' title='bbox 3254 4883 3551 4941; x_wconf 87' lang='lat' dir='ltr'><strong>adveniens</strong></span> 
     </span>
    </p>
   </div>
   <div class='ocr_carea' id='block_1_114' title="bbox 1976 4949 3550 5022">
    <p class='ocr_par' dir='ltr' id='par_1_114' title="bbox 1976 4949 3550 5022">
     <span class='ocr_line' id='line_1_114' title="bbox 1976 4949 3550 5022; baseline 0.001 -14"><span class='ocrx_word' id='word_1_847' title='bbox 1976 4955 2115 5008; x_wconf 81' lang='lat' dir='ltr'><strong>bene</strong></span> <span class='ocrx_word' id='word_1_848' title='bbox 2146 4949 2222 5007; x_wconf 75' lang='lat' dir='ltr'><strong>uti</strong></span> <span class='ocrx_word' id='word_1_849' title='bbox 2256 4961 2484 5022; x_wconf 84' lang='lat' dir='ltr'><strong>poterat.</strong></span> <span class='ocrx_word' id='word_1_850' title='bbox 2523 4949 2627 5004; x_wconf 87' lang='lat' dir='ltr'><strong>Sed</strong></span> <span class='ocrx_word' id='word_1_851' title='bbox 2658 4965 2765 5004; x_wconf 91' lang='lat' dir='ltr'><strong>non</strong></span> <span class='ocrx_word' id='word_1_852' title='bbox 2792 4959 2874 5022; x_wconf 78' lang='lat' dir='ltr'><strong>est</strong></span> <span class='ocrx_word' id='word_1_853' title='bbox 2899 4953 3034 5004; x_wconf 81' lang='lat' dir='ltr'><strong>tanti</strong></span> <span class='ocrx_word' id='word_1_854' title='bbox 3093 4949 3223 5008; x_wconf 76' lang='lat' dir='ltr'><strong>huic</strong></span> <span class='ocrx_word' id='word_1_855' title='bbox 3246 4954 3320 5006; x_wconf 81' lang='lat' dir='ltr'><strong>rei</strong></span> <span class='ocrx_word' id='word_1_856' title='bbox 3348 4955 3550 5009; x_wconf 84' lang='lat' dir='ltr'><strong>immo--</strong></span> 
     </span>
    </p>
   </div>
   <div class='ocr_carea' id='block_1_115' title="bbox 1976 5020 3550 5092">
    <p class='ocr_par' dir='ltr' id='par_1_115' title="bbox 1976 5020 3550 5092">
     <span class='ocr_line' id='line_1_115' title="bbox 1976 5020 3550 5092; baseline -0.008 -15"><span class='ocrx_word' id='word_1_857' title='bbox 1976 5025 2201 5077; x_wconf 83' lang='lat' dir='ltr'><strong>rari.lo.</strong></span> <span class='ocrx_word' id='word_1_858' title='bbox 2233 5020 2306 5064; x_wconf 50' lang='lat'><strong>—_—</strong></span> <span class='ocrx_word' id='word_1_859' title='bbox 2333 5022 2488 5088; x_wconf 83' lang='lat' dir='ltr'><strong>Quod</strong></span> <span class='ocrx_word' id='word_1_860' title='bbox 2541 5036 2817 5092; x_wconf 83' lang='lat' dir='ltr'><strong>perperam</strong></span> <span class='ocrx_word' id='word_1_861' title='bbox 2857 5020 3136 5092; x_wconf 86' lang='lat' dir='ltr'><strong>impugnet</strong></span> <span class='ocrx_word' id='word_1_862' title='bbox 3177 5025 3234 5077; x_wconf 86' lang='lat' dir='ltr'><strong>S.</strong></span> <span class='ocrx_word' id='word_1_863' title='bbox 3271 5022 3420 5078; x_wconf 84' lang='lat' dir='ltr'><strong>Hier.</strong></span> <span class='ocrx_word' id='word_1_864' title='bbox 3462 5027 3550 5078; x_wconf 79' lang='lat' dir='ltr'><strong>in-</strong></span> 
     </span>
    </p>
   </div>
   <div class='ocr_carea' id='block_1_116' title="bbox 1978 5091 3550 5163">
    <p class='ocr_par' dir='ltr' id='par_1_116' title="bbox 1978 5091 3550 5163">
     <span class='ocr_line' id='line_1_116' title="bbox 1978 5091 3550 5163; baseline 0.002 -17"><span class='ocrx_word' id='word_1_865' title='bbox 1978 5094 2420 5163; x_wconf 87' lang='lat' dir='ltr'><strong>terpretationem</strong></span> <span class='ocrx_word' id='word_1_866' title='bbox 2461 5091 2698 5145; x_wconf 83' lang='lat' dir='ltr'><strong>auctoris</strong></span> <span class='ocrx_word' id='word_1_867' title='bbox 2748 5091 2944 5155; x_wconf 88' lang='lat' dir='ltr'><strong>nostri,</strong></span> <span class='ocrx_word' id='word_1_868' title='bbox 2990 5091 3132 5160; x_wconf 79' lang='lat' dir='ltr'><strong>patet</strong></span> <span class='ocrx_word' id='word_1_869' title='bbox 3162 5112 3191 5147; x_wconf 90' lang='lat' dir='ltr'><strong>e</strong></span> <span class='ocrx_word' id='word_1_870' title='bbox 3231 5105 3375 5148; x_wconf 84' lang='lat' dir='ltr'><strong>textu</strong></span> <span class='ocrx_word' id='word_1_871' title='bbox 3402 5111 3550 5149; x_wconf 89' lang='lat' dir='ltr'><strong>mere</strong></span> 
     </span>
    </p>
   </div>
   <div class='ocr_carea' id='block_1_117' title="bbox 1975 5163 3546 5231">
    <p class='ocr_par' dir='ltr' id='par_1_117' title="bbox 1975 5163 3546 5231">
     <span class='ocr_line' id='line_1_117' title="bbox 1975 5163 3546 5231; baseline 0.002 -15"><span class='ocrx_word' id='word_1_872' title='bbox 1975 5164 2239 5218; x_wconf 85' lang='lat' dir='ltr'><strong>llcbraico</strong></span> <span class='ocrx_word' id='word_1_873' title='bbox 2298 5179 2417 5231; x_wconf 87' lang='lat' dir='ltr'><strong>cap.</strong></span> <span class='ocrx_word' id='word_1_874' title='bbox 2479 5177 2574 5222; x_wconf 86' lang='lat' dir='ltr'><strong>xu,</strong></span> <span class='ocrx_word' id='word_1_875' title='bbox 2617 5175 2761 5214; x_wconf 90' lang='lat' dir='ltr'><strong>vers.</strong></span> <span class='ocrx_word' id='word_1_876' title='bbox 2811 5163 2907 5214; x_wconf 87' lang='lat' dir='ltr'><strong>ult.</strong></span> <span class='ocrx_word' id='word_1_877' title='bbox 2953 5165 3073 5217; x_wconf 86' lang='lat' dir='ltr'><strong>libri</strong></span> <span class='ocrx_word' id='word_1_878' title='bbox 3133 5164 3390 5226; x_wconf 87' lang='lat' dir='ltr'><strong>Danielis,</strong></span> <span class='ocrx_word' id='word_1_879' title='bbox 3455 5167 3546 5220; x_wconf 89' lang='lat' dir='ltr'><strong>ubi</strong></span> 
     </span>
    </p>
   </div>
   <div class='ocr_carea' id='block_1_118' title="bbox 1972 5231 3541 5303">
    <p class='ocr_par' dir='ltr' id='par_1_118' title="bbox 1972 5231 3541 5303">
     <span class='ocr_line' id='line_1_118' title="bbox 1972 5231 3541 5303; baseline 0.001 -16"><span class='ocrx_word' id='word_1_880' title='bbox 1972 5236 2450 5303; x_wconf 56' lang='lat' dir='ltr'><strong>cxpressedegcre</strong></span> <span class='ocrx_word' id='word_1_881' title='bbox 2506 5240 2609 5292; x_wconf 89' lang='lat' dir='ltr'><strong>est,</strong></span> <span class='ocrx_word' id='word_1_882' title='bbox 2658 5231 2867 5300; x_wconf 81' lang='lat' dir='ltr'><strong>absque</strong></span> <span class='ocrx_word' id='word_1_883' title='bbox 2898 5236 3201 5289; x_wconf 87' lang='lat' dir='ltr'><strong>variatione</strong></span> <span class='ocrx_word' id='word_1_884' title='bbox 3247 5238 3541 5290; x_wconf 88' lang='lat' dir='ltr'><strong>codicum:</strong></span> 
     </span>
    </p>
   </div>
   <div class='ocr_carea' id='block_1_119' title="bbox 1968 5289 2526 5393">
    <p class='ocr_par' dir='ltr' id='par_1_119' title="bbox 1968 5289 2526 5393">
     <span class='ocr_line' id='line_1_119' title="bbox 1968 5289 2526 5393; baseline -0.013 -30"><span class='ocrx_word' id='word_1_885' title='bbox 1968 5289 2124 5393; x_wconf 65' lang='grc' dir='ltr'>Γιὀή</span> <span class='ocrx_word' id='word_1_886' title='bbox 2159 5289 2293 5392; x_wconf 54' lang='grc' dir='ltr'>γρῆ.</span> <span class='ocrx_word' id='word_1_887' title='bbox 2326 5289 2526 5357; x_wconf 67' lang='grc' dir='ltr'>ὒιιιιειι.</span> 
     </span>
    </p>
   </div>
   <div class='ocr_carea' id='block_1_120' title="bbox 2043 5396 3506 5470">
    <p class='ocr_par' dir='ltr' id='par_1_120' title="bbox 2043 5396 3506 5470">
     <span class='ocr_line' id='line_1_120' title="bbox 2043 5396 3506 5470; baseline 0 -18"><span class='ocrx_word' id='word_1_888' title='bbox 2043 5398 2152 5470; x_wconf 85' lang='grc'><strong>(90)</strong></span> <span class='ocrx_word' id='word_1_889' title='bbox 2205 5399 2300 5470; x_wconf 82' lang='grc' dir='ltr'>Ὠς</span> <span class='ocrx_word' id='word_1_890' title='bbox 2326 5397 2496 5470; x_wconf 64' lang='grc' dir='ltr'>κάμέ.</span> <span class='ocrx_word' id='word_1_891' title='bbox 2533 5396 2760 5470; x_wconf 75' lang='lat' dir='ltr'><strong>Desunt,</strong></span> <span class='ocrx_word' id='word_1_892' title='bbox 2794 5413 2967 5466; x_wconf 86' lang='lat' dir='ltr'><strong>usque</strong></span> <span class='ocrx_word' id='word_1_893' title='bbox 2996 5398 3061 5452; x_wconf 89' lang='lat' dir='ltr'><strong>ad</strong></span> <span class='ocrx_word' id='word_1_894' title='bbox 3084 5397 3306 5470; x_wconf 87' lang='grc' dir='ltr'>Κύριον.</span> <span class='ocrx_word' id='word_1_895' title='bbox 3339 5398 3506 5452; x_wconf 73' lang='grc' dir='ltr'>ΟιιΑΒ.</span> 
     </span>
    </p>
   </div>
   <div class='ocr_carea' id='block_1_121' title="bbox 2044 5467 3546 5538">
    <p class='ocr_par' dir='ltr' id='par_1_121' title="bbox 2044 5467 3546 5538">
     <span class='ocr_line' id='line_1_121' title="bbox 2044 5467 3546 5538; baseline 0.001 -16"><span class='ocrx_word' id='word_1_896' title='bbox 2044 5467 2153 5538; x_wconf 81' lang='grc'><strong>(91)</strong></span> <span class='ocrx_word' id='word_1_897' title='bbox 2210 5467 2514 5538; x_wconf 54' lang='grc' dir='ltr'><strong>Ἐδεήθηνἒ</strong></span> <span class='ocrx_word' id='word_1_898' title='bbox 2539 5467 2740 5522; x_wconf 89' lang='lat' dir='ltr'><strong>Statuit</strong></span> <span class='ocrx_word' id='word_1_899' title='bbox 2765 5476 2954 5538; x_wconf 84' lang='lat' dir='ltr'><strong>auctor</strong></span> <span class='ocrx_word' id='word_1_900' title='bbox 2993 5467 3196 5532; x_wconf 71' lang='lat' dir='ltr'><strong>noster,</strong></span> <span class='ocrx_word' id='word_1_901' title='bbox 3240 5478 3298 5522; x_wconf 90' lang='lat' dir='ltr'><strong>ut</strong></span> <span class='ocrx_word' id='word_1_902' title='bbox 3327 5485 3392 5522; x_wconf 87' lang='lat' dir='ltr'><strong>ex</strong></span> <span class='ocrx_word' id='word_1_903' title='bbox 3440 5470 3546 5523; x_wconf 88' lang='lat' dir='ltr'><strong>hoc</strong></span> 
     </span>
    </p>
   </div>
   <div class='ocr_carea' id='block_1_122' title="bbox 1971 5537 3543 5608">
    <p class='ocr_par' dir='ltr' id='par_1_122' title="bbox 1971 5537 3543 5608">
     <span class='ocr_line' id='line_1_122' title="bbox 1971 5537 3543 5608; baseline 0 -17"><span class='ocrx_word' id='word_1_904' title='bbox 1971 5539 2092 5591; x_wconf 87' lang='lat' dir='ltr'><strong>loco</strong></span> <span class='ocrx_word' id='word_1_905' title='bbox 2119 5549 2284 5608; x_wconf 88' lang='lat' dir='ltr'><strong>patet,</strong></span> <span class='ocrx_word' id='word_1_906' title='bbox 2318 5538 2459 5591; x_wconf 87' lang='lat' dir='ltr'><strong>mala</strong></span> <span class='ocrx_word' id='word_1_907' title='bbox 2488 5537 2727 5607; x_wconf 83' lang='lat' dir='ltr'><strong>Josepho</strong></span> <span class='ocrx_word' id='word_1_908' title='bbox 2771 5554 2800 5591; x_wconf 86' lang='lat' dir='ltr'><strong>a</strong></span> <span class='ocrx_word' id='word_1_909' title='bbox 2830 5537 3092 5591; x_wconf 86' lang='lat' dir='ltr'><strong>fratribus</strong></span> <span class='ocrx_word' id='word_1_910' title='bbox 3125 5537 3298 5605; x_wconf 81' lang='lat' dir='ltr'><strong>illata,</strong></span> <span class='ocrx_word' id='word_1_911' title='bbox 3331 5538 3543 5593; x_wconf 81' lang='lat' dir='ltr'><strong>.lacobo</strong></span> 
     </span>
    </p>
   </div>
   <div class='ocr_carea' id='block_1_123' title="bbox 1969 5608 3538 5678">
    <p class='ocr_par' dir='ltr' id='par_1_123' title="bbox 1969 5608 3538 5678">
     <span class='ocr_line' id='line_1_123' title="bbox 1969 5608 3538 5678; baseline 0.001 -17"><span class='ocrx_word' id='word_1_912' title='bbox 1969 5610 2108 5678; x_wconf 86' lang='lat' dir='ltr'><strong>patri</strong></span> <span class='ocrx_word' id='word_1_913' title='bbox 2135 5609 2348 5663; x_wconf 88' lang='lat' dir='ltr'><strong>tandem</strong></span> <span class='ocrx_word' id='word_1_914' title='bbox 2378 5609 2588 5663; x_wconf 86' lang='lat' dir='ltr'><strong>detecta</strong></span> <span class='ocrx_word' id='word_1_915' title='bbox 2619 5624 2760 5673; x_wconf 85' lang='lat' dir='ltr'><strong>esse,</strong></span> <span class='ocrx_word' id='word_1_916' title='bbox 2787 5608 2932 5678; x_wconf 89' lang='lat' dir='ltr'><strong>quod</strong></span> <span class='ocrx_word' id='word_1_917' title='bbox 2975 5619 3028 5662; x_wconf 85' lang='lat' dir='ltr'><strong>et</strong></span> <span class='ocrx_word' id='word_1_918' title='bbox 3068 5609 3262 5664; x_wconf 84' lang='lat' dir='ltr'><strong>Gencs.</strong></span> <span class='ocrx_word' id='word_1_919' title='bbox 3312 5627 3362 5670; x_wconf 78' lang='grc' dir='ltr'>ι..</span> <span class='ocrx_word' id='word_1_920' title='bbox 3395 5627 3538 5663; x_wconf 86' lang='lat' dir='ltr'><strong>vers.</strong></span> 
     </span>
    </p>
   </div>
   <div class='ocr_carea' id='block_1_124' title="bbox 1972 5678 3557 5749">
    <p class='ocr_par' dir='ltr' id='par_1_124' title="bbox 1972 5678 3557 5749">
     <span class='ocr_line' id='line_1_124' title="bbox 1972 5678 3557 5749; baseline -0.002 -17"><span class='ocrx_word' id='word_1_921' title='bbox 1972 5680 2058 5742; x_wconf 79' lang='lat' dir='ltr'><strong>lb&#39;,</strong></span> <span class='ocrx_word' id='word_1_922' title='bbox 2097 5679 2260 5733; x_wconf 87' lang='lat' dir='ltr'><strong>claris</strong></span> <span class='ocrx_word' id='word_1_923' title='bbox 2291 5678 2469 5734; x_wconf 80' lang='lat' dir='ltr'><strong>verbis</strong></span> <span class='ocrx_word' id='word_1_924' title='bbox 2518 5680 2802 5746; x_wconf 79' lang='lat' dir='ltr'><strong>asscritur,</strong></span> <span class='ocrx_word' id='word_1_925' title='bbox 2839 5695 2901 5735; x_wconf 78' lang='lat' dir='ltr'><strong>ac</strong></span> <span class='ocrx_word' id='word_1_926' title='bbox 2944 5679 3173 5749; x_wconf 81' lang='lat' dir='ltr'><strong>proinde</strong></span> <span class='ocrx_word' id='word_1_927' title='bbox 3228 5698 3255 5735; x_wconf 76' lang='grc' dir='ltr'><strong>ιι</strong></span> <span class='ocrx_word' id='word_1_928' title='bbox 3305 5680 3557 5736; x_wconf 72' lang='lat' dir='ltr'><strong>[lambant</strong></span> 
     </span>
    </p>
   </div>
   <div class='ocr_carea' id='block_1_125' title="bbox 1968 5751 2383 5817">
    <p class='ocr_par' dir='ltr' id='par_1_125' title="bbox 1968 5751 2383 5817">
     <span class='ocr_line' id='line_1_125' title="bbox 1968 5751 2383 5817; baseline 0 -13"><span class='ocrx_word' id='word_1_929' title='bbox 1968 5751 2108 5804; x_wconf 80' lang='lat' dir='ltr'><strong>male</strong></span> <span class='ocrx_word' id='word_1_930' title='bbox 2138 5758 2383 5817; x_wconf 74' lang='lat' dir='ltr'><strong>negatur.</strong></span> 
     </span>
    </p>
   </div>
  </div>
