3992 6148
481 303 620 360 ΙΗΞ
1532 314 1991 374 'I'ES'I'AHENTA
2027 320 2028 325 “

2154 314 2769 379 PATRIARCHARUM.
3588 325 3719 384 HM

479 418 704 489 Juseph,
751 425 933 483 vicisti
965 426 1177 484 viscera
1204 428 1373 486 Jacob
1400 433 1573 502 patris
1616 434 1717 490 tui.
1758 453 1777 487 ι
1823 433 1888 490 Et
1931 450 2028 490 am.

2154 432 2270 505 φῶν
2294 435 2474 505 ήμῶν,
2502 436 2590 490 ἵνα
2626 437 2702 510 μὴ
2729 435 3013 508 λογίσηται
3046 435 3230 502 αὑτοῖς
3252 434 3477 509 Κύριος,
3499 436 3588 492 ὅτε
3613 437 3720 510 (92)

484 515 711 585 plexans
736 532 886 585 eum;
916 534 1014 591 per
1035 519 1174 577 duas
1200 521 1369 577 horas
1397 524 1753 580 osculabatur
1779 540 1932 593 eum,
1958 526 2028 582 di-

2153 528 2563 602 ἐνεθυμήθησαν
2596 531 2831 605 πονηρὸν
2868 533 2994 605 περὶ
3024 531 3212 587 αὐτοῦ.
3253 533 3365 587 Καὶ
3389 531 3565 599 οὕτως
3599 533 3723 588 ἐϐόα

481 623 612 698 cens
641 627 656 664 :
688 627 708 660 ι
745 610 1146 681 Adimplebitur
1176 611 1233 665 in
1263 621 1316 667 te
1340 615 1620 698 prophetia
1649 616 1773 671 coeli
1803 616 1871 671 de
1891 617 2028 688 Agnt

2167 620 2392 674 Ἰακώϐ·
2445 640 2464 673 ι
2516 617 2587 675 Ὦ
2639 622 2830 678 τέκνον
2893 621 3091 693 Ἰωσὴφ
3145 621 3278 695 (93),
3334 621 3597 693 ἐνίκησας
3655 622 3724 677 τά

482 697 578 754 Dei
605 710 660 755 et
685 698 967 757 Salvatore
1000 703 1214 769 mundi,
1243 705 1387 773 quod
1410 706 1796 763 immaculatus
1828 724 1927 779 pro
1949 710 2028 765 ini

2151 712 2434 784 σπλάγχνα
2471 711 2669 768 Ίακὼδ
2699 712 2794 766 τοῦ
2822 713 3027 785 πατρός
3061 730 3175 767 σου.
3209 733 3230 765 ι
3267 714 3379 767 Καὶ
3412 711 3722 785 περιλαϐὼν

482 793 609 863 quis
652 793 927 862 tradetur;
961 804 1018 850 et
1066 796 1161 866 qui
1204 798 1325 852 sine
1353 810 1581 867 peccato
1624 807 1709 855 est
1738 815 1838 869 pro
1866 800 2028 871 impii:

2147 798 2330 863 αὐτὸν,
2364 799 2459 854 δύο
2489 798 2637 871 ὥρας
2659 800 2969 873 ⁵κατεφίλει,
3003 801 3180 872 λέγων
3202 820 3216 833 ·
3258 822 3277 854 ι
3300 802 3721 876 Πληρωθήσεται

481 883 751 938 morietur
810 883 866 938 in
927 887 1197 968 sanguine
1255 883 1630 952 Testamenti,
1697 886 1753 940 in
1817 886 2028 942 saluten

2146 891 2238 944 ἐπὶ
2271 891 2353 945 σοι
2375 886 2679 965 προφητεία
2708 893 2937 966 οὐρανοῦ
2971 896 3100 967 περὶ
3118 894 3212 948 τοῦ
3228 893 3425 966 Ἀμνοῦ
3436 893 3530 948 τοῦ
3564 894 3720 961 Θεοῦ,

481 973 650 1030 ls'racl
674 983 729 1030 et
757 975 1021 1045 gentium,
1044 984 1099 1031 et
1122 975 1367 1031 destruet
1394 976 1569 1033 Beliar
1597 987 1652 1033 et
1674 978 2028 1034 ministrante:

2143 983 2238 1036 καὶ
2260 983 2515 1056 Σωτῆρος
2555 984 2651 1039 τοῦ
2685 985 2912 1057 κόσμου,
2941 987 3023 1040 ὃτι
3062 985 3292 1057 ἄμωμος
3324 986 3467 1058 ὑπὲρ
3506 985 3722 1057 ἀνόμων

476 1066 551 1121 ei.
586 1086 605 1119 ι
2143 1072 2603 1145 παραδοθήσεται,
2638 1076 2733 1130 καὶ
2755 1076 3137 1149 ἀναμάρτητος
3175 1075 3319 1148 ὑπὲρ
3342 1075 3555 1130 ἀσεϐῶν
3585 1077 3721 1129 ἀπο-

478 1157 719 1212 θανεῖται
761 1162 819 1215 ὲν
851 1162 1039 1232 αἵματι
1079 1162 1360 1236 διαθήκης,
1396 1163 1490 1216 ἐπὶ
1535 1164 1775 1235 σωτηρίᾳ
1833 1163 2050 1236 Ἰσραὴλ
2086 1166 2182 1220 καὶ
2211 1166 2321 1221 τῶν
2345 1166 2535 1235 ἐθνῶν,
2570 1170 2665 1223 καὶ
2691 1173 3026 1244 καταργήσει
3075 1170 3187 1243 (94)
3224 1170 3420 1243 Βελιάρ
3464 1171 3560 1224 καὶ
3596 1171 3723 1234 τοὺς

479 1252 883 1324 ὑπηρετοῦντας
914 1255 1081 1326 αὑτῷ.
1108 1274 1128 1306 i

547 1358 637 1414 IV.
678 1380 697 1411 ι
734 1362 1087 1428 Videte,_ﬁlii
1114 1407 1130 1432 ,
1193 1365 1325 1421 boni
1381 1367 1483 1421 viri
1526 1367 1719 1433 finem;
1754 1366 2028 1423 imitamin

2217 1351 2289 1402 Δ’.
2324 1367 2343 1400 ‹
2378 1349 2582 1414 Εῖδετε,
2616 1349 2802 1419 τέκνα,
2837 1347 2931 1405 τοῦ
2964 1348 3170 1420 ἀγαθοῦ
3207 1350 3399 1423 ἀνδρὸς
3438 1350 3502 1405 τδ
3536 1349 3716 1414 τέλος·

476 1450 532 1504 in
563 1451 705 1505 bona
732 1462 911 1507 mente
940 1452 1375 1511 misericordiam
1409 1458 1605 1527 ipsius,
1638 1468 1698 1514 ut
1724 1466 1780 1513 et
1815 1475 1916 1516 vos
1950 1475 2028 1515 co-

2148 1443 2463 1514 μιμήσασθε
2495 1444 2553 1496 ὲν
2586 1443 2763 1515 ἀγαθῇ
2798 1441 3008 1514 διανοίᾳ
3038 1442 3139 1515 τὴν
3185 1440 3587 1513 εὐσπλαγχνίαν
3616 1442 3717 1495 αὑ-

472 1542 626 1596 ronis
663 1542 847 1610 gloriae
883 1543 1209 1600 induamini.
1240 1545 1428 1604 Bonus
1454 1548 1620 1603 homo
1643 1564 1752 1602 non
1777 1548 1941 1603 habet
1964 1557 2028 1603 te-

2142 1533 2258 1597 τοῦ,
2308 1535 2395 1588 ἵνα
2441 1537 2535 1588 καὶ
2582 1535 2741 1606 ὑμεῖς
2793 1534 3090 1604 στεφάνους
3134 1532 3293 1605 δόξης
3327 1534 3615 1607 φορέσητε.
3660 1533 3717 1588 '0

472 1632 767 1687 nebrosum
785 1636 1027 1703 oculum;
1047 1637 1339 1694 miseretur
1355 1640 1503 1694 enim
1527 1640 1807 1705 omnibus,
1828 1642 2028 1696 etiamsi

2144 1625 2347 1695 ἀγαθὸς
2375 1626 2658 1697 ἄνθρωπος
2683 1627 2784 1679 οὐκ
2808 1626 2920 1699 ἔχει
2945 1626 3216 1680 σκοτεινὸν
3241 1625 3516 1696 ὀφθαλμόν
3532 1643 3548 1657 ·
3580 1624 3719 1681 ἐλεεῖ

471 1722 583 1778 sint
622 1734 959 1794 peccatores,
992 1730 1252 1798 quamvis
1299 1730 1520 1785 inierint
1551 1713 1783 1787 consilia
1825 1731 1893 1786 de
1919 1731 2028 1801 ipse

2139 1715 2247 1789 γὰρ
2283 1719 2508 1782 πάντας,
2548 1716 2649 1771 κᾶν
2679 1711 2811 1776 ὦσιν
2845 1716 3179 1801 ἁμαρτωλοὶ,
3213 1716 3319 1770 κάν
3355 1716 3715 1788 βουλεύωνται

468 1815 635 1869 mala.
679 1814 780 1872 Hie
821 1816 1172 1875 benefaciens
1201 1820 1374 1875 vineit
1406 1822 1649 1889 malum,
1683 1831 1964 1891 protectus
2004 1837 2037 1877 a

464 1906 639 1974 bono,
657 1909 839 1978 justos
865 1926 995 1968 vero
1029 1912 1226 1984 diligit,
1255 1925 1316 1968 nt
1345 1914 1585 1969 animam
1610 1930 1788 1970 suam.
1828 1913 1885 1969 Si
1911 1915 2038 1985 quis

468 2000 825 2071 gloriﬁcatur,
848 2019 958 2059 non
1002 2006 1236 2072 invidet;
1262 2007 1308 2062 si
1337 2008 1462 2077 quis
1504 2008 1729 2074 ditatur,
1781 2023 1888 2064 non
1921 2008 2037 2063 zelo

467 2103 745 2164 movetur;
765 2096 813 2153 si
827 2090 953 2167 quis
976 2096 1130 2153 fortis
1148 2107 1252 2165 est,
1277 2099 1425 2154 hunc
1451 2100 1666 2166 laudat;
1685 2109 1898 2156 castum
1917 2116 2038 2156 cre-

465 2189 625 2254 dens,
657 2189 874 2257 laudat;
925 2192 1150 2260 pauperi
1188 2191 1510 2259 miseretur;
1548 2193 1768 2247 inﬁmo
1813 2208 2037 2264 compa-

465 2279 637 2347 titur;
680 2280 851 2336 Deum
897 2282 1117 2347 laudat;
1146 2297 1271 2338 eum
1299 2283 1393 2353 qui
1438 2284 1601 2339 habet
1624 2282 1727 2339 Dei
1758 2285 2033 2351 timorem,

464 2368 730 2434 protegit;
756 2368 1005 2439 diligenti
1037 2368 1205 2423 Deum
1235 2382 1600 2441 cooperatur;
1650 2373 2032 2444 reprobantem

460 2456 807 2514 Altissimum
835 2499 852 2526 ,
911 2461 1213 2519 admonens
1262 2465 1576 2531 convertit;
1631 2473 1688 2519 et
1743 2464 2032 2520 habentem

461 2551 696 2623 gratiam
739 2553 966 2621 spiritus
1012 2555 1164 2622 boni,
1217 2556 1397 2628 diligit
1427 2556 1733 2613 secundum
1791 2557 2033 2613 animam

460 2657 641 2700 suam.

533 2779 599 2834 V.
633 2800 652 2832 ι
696 2779 753 2834 Si
809 2781 1057 2837 habeatis
1088 2782 1285 2838 bonam
1320 2792 1581 2843 mentem.
1614 2783 1743 2846 ﬁlii.
1796 2792 1852 2840 et
1903 2785 2031 2840 mali

459 2870 715 2927 homines
737 2872 1171 2940 pacificahuntur
1186 2874 1340 2929 vobis
1359 2892 1374 2941 ;
1394 2882 1449 2928 et
1478 2874 1745 2930 luxuriosi
1776 2892 2033 2932 reveren-

460 2971 544 3016 tes
566 2976 685 3027 vos,
703 2970 1085 3017 convertentur
1110 2964 1163 3017 in
1194 2964 1504 3030 honum;et
1528 2965 1678 3019 avari
1711 2981 1816 3021 non
1849 2967 2029 3024 solum

2140 1810 2267 1880 περὶ
2290 1808 2454 1862 αὑτοῦ
2489 1810 2570 1873 είς
2606 1808 2715 1880 (95)
2743 1810 2908 1863 κακά.
2934 1790 3105 1873 Οῦτος
3136 1808 3483 1878 ἀγαθοποιῶν
3514 1810 3640 1881 νικᾷ
3656 1808 3716 1862 τὸ

2137 1900 2327 1965 κακὸν,
2358 1899 2764 1972 σκεπαζόμενος
2804 1900 2912 1973 (96)
2958 1900 3065 1954 ὑπὸ
3096 1899 3191 1954 τοῦ
3217 1899 3425 1971 ἀγαθοῦ
3446 1917 3459 1930 ·
3500 1900 3630 1963 τοὺς
3659 1899 3715 1954 δὲ

2135 1988 2379 2052 δικαίους
2411 1989 2617 2061 ἀγαπᾷ,
2650 1989 2726 2053 ὡς
2757 1987 2855 2061 τήν
2879 1988 3054 2061 ψυχὴν
3074 1987 3259 2043 αὑτοῦ.
3311 1988 3437 2042 Ἐάν
3460 2004 3545 2051 τις
3565 1987 3719 2055 δοξά-

2137 2081 2317 2150 ζηται,
2367 2081 2427 2134 οὺ
2464 2081 2674 2149 φθονεῖ·
2714 2082 2808 2136 ἐάν
2848 2098 2932 2145 τις
2967 2080 3201 2146 πλουτεῖ,
3259 2080 3322 2135 οὐ
3387 2078 3578 2151 ζηλοῖ.
3615 2081 3713 2134 ἐάν

2134 2187 2217 2235 τις
2273 2170 2515 2242 ἀνδρεῖος
2539 2211 2552 2235 ,
2617 2172 2866 2225 ἐπαινεῖ·
2927 2170 3019 2225 τὸν
3085 2169 3338 2243 σώφρονα
3402 2170 3715 2235 πιστεύων,

2137 2263 2298 2333 ὑμνεῖ
2311 2261 2442 2335 (97)·
2460 2264 2550 2317 τὸν
2570 2264 2774 2334 πένητα
2793 2262 2949 2316 ὲλεεῖ·
2968 2262 3045 2334 τῷ
3060 2263 3277 2317 ἀσθενεῖ
3291 2264 3566 2334 συμπαθεῖ
3580 2263 3717 2334 (98)'

2133 2350 2225 2403 τὸν
2257 2348 2389 2404 Θεὸν
2416 2352 2643 2423 ἀνυμνεῖ
2660 2369 2673 2381 ·
2699 2352 2791 2404 τὸν
2813 2350 3005 2422 ἔχοντα
3040 2351 3203 2421 φόϐον
3229 2351 3338 2423 (99)
3366 2351 3523 2416 Θεοῦ,
3548 2354 3717 2425 ὑπερ-

2135 2440 2354 2507 ασπίζει
2417 2436 2608 2495 αὐτοῦ·
2656 2442 2735 2514 τῷ
2773 2442 3057 2512 ἀγαπῶντι
3108 2445 3200 2498 τὸν
3243 2444 3377 2498 Θεὸν
3425 2447 3711 2518 συνεργεῖ·

2133 2530 2224 2583 τὸν
2263 2531 2556 2585 ἀθετοῦντα
2587 2532 2679 2587 τὸν
2718 2533 2998 2603 Ὕψιστον,
3051 2534 3320 2589 νουθετῶν
3354 2536 3711 2607 ἐπιστρέφει·

2134 2620 2229 2674 καὶ
2260 2619 2351 2674 τὸν
2370 2620 2560 2691 ἔχοντα
2583 2624 2739 2695 χάριν
2762 2624 3072 2696 πνεύματος
3099 2625 3323 2694 ἀγαθοῦ,
3350 2627 3541 2698 ἀγαπᾷ
3574 2625 3714 2681 κατά

2133 2710 2232 2781 τὴν
2260 2710 2437 2781 ψυχὴν
2470 2711 2653 2765 αὑτοῦ.

2203 2803 2278 2857 E'.
2319 2823 2337 2856 ι
2392 2804 2516 2858 Ἐὰν
2553 2804 2714 2876 ἔχητε
2747 2805 2957 2879 ἀγαθὴν
3007 2805 3265 2871 διάνοιαν,
3315 2807 3503 2870 τέκνα,
3538 2808 3636 2862 καὶ
3665 2807 3714 2861 of

2131 2895 2358 2966 πονηροὶ
2390 2894 2667 2967 ἂνθρωποι
2701 2897 3108 2969 είρηνεύσουσιν
3133 2900 3281 2971 ὑμῖν,
3315 2900 3411 2952 καὶ
3429 2901 3479 2952 ot
3513 2898 3715 2953 ἄσωτοι

2129 2985 2464 3051 αἰδεσθέντες
2499 2987 2663 3059 ὑμᾶς,
2698 2989 3126 3061 ἐπιστρέφουσιν
3157 2991 3241 3053 είς
3273 2989 3498 3057 ἀγαθὸν,
3535 2988 3633 3041 καὶ
3664 2988 3712 3043 oi

460 3053 713 3108 recedent
740 3069 770 3107 a
797 3054 1077 3122 passione,
1129 3054 1225 3110 sed
1267 3070 1389 3126 qua:
1420 3057 1888 3125 superabundant,
1923 3058 2025 3113 da-

2134 3077 2447 3131 πλεονέκται
2478 3053 2550 3143 οὑ-
2577 3079 2735 3157 μόνον
2758 3053 3158 3152 ἀποστήσονται
3190 3079 3284 3134 τοῦ
3316 3053 3542 3144 πάθους,
3578 3077 3713 3132 ἀλλά

456 3146 596 3199 bunt
638 3144 870 3201 afﬂictis.
906 3144 963 3200 Si
993 3145 1367 3213 henefaeiatis,
1397 3156 1453 3202 et
1484 3148 1752 3203 immundi
1800 3150 2028 3218 spiritus

457 3237 667 3309 fugient
709 3254 739 3293 a
772 3239 944 3304 vobis,
988 3250 1045 3295 et
1074 3239 1205 3310 ipsae
1236 3240 1423 3297 bestia:
1452 3241 1719 3297 timebunt
1756 3258 1871 3300 vos.
1925 3243 2029 3301 Ubi

456 3333 603 3385 enim
632 3339 717 3385 est
740 3332 1012 3385 honorum
1046 3347 1275 3401 operum
1299 3332 1469 3387 timor
1512 3333 1590 3404 (1)
1624 3333 1678 3387 in
1709 3344 1914 3402 mente,
1949 3343 2028 3390 te-

454 3423 641 3477 uebraa
676 3421 884 3493 fugient
910 3424 1090 3478 abeo.
1140 3423 1197 3477 Si
1227 3424 1374 3478 enim
1429 3424 1628 3495 injuria
1674 3425 1873 3482 alliciat
1901 3427 2028 3497 quis

456 3524 707 3570 sanctum
753 3515 955 3582 virum,
988 3515 1246 3584 pmnitet;
1283 3516 1577 3571 miseretur
1604 3516 1747 3571 enim
1804 3528 2026 3574 sanctus

456 3608 685 3678 injurio,
719 3616 773 3663 et
801 3609 944 3663 silet.
977 3607 1039 3665 Et
1070 3608 1116 3665 si
1144 3609 1270 3679 quis
1300 3609 1537 3663 animam
1565 3610 1769 3680 justam
1799 3612 2025 3681 prodat,

453 3709 508 3754 et
518 3700 700 3770 justus
722 3713 887 3753 orans
903 3699 972 3753 ad
996 3700 1271 3755 modicum
1288 3699 1623 3766 humilietur,
1649 3710 1833 3770 postea
1856 3700 2026 3756 multo

454 3792 654 3847 clarior
689 3799 938 3862 apparet,
995 3791 1179 3865 qualis
1236 3791 1415 3849 factus
1473 3799 1559 3846 est
1610 3789 1813 3863 Ioseph
1857 3791 2026 3847 frater

452 3899 630 3941 tuens.
1326 3938 1330 3941 .
1838 3904 1839 3907 “

532 4080 616 4139 Vl.
655 4101 674 4134 ι
710 4074 1015 4142 Consilium
1047 4079 1180 4137 boni
1221 4080 1325 4137 viri
1356 4096 1463 4136 non
1494 4088 1578 4138 est
1621 4083 1675 4137 in
1708 4096 1873 4137 manu
1912 4083 2025 4153 spi-

450 4174 592 4231 ritus
618 4176 824 4230 erroris
852 4175 1048 4229 Beliar.
1081 4172 1328 4244 Angelus
1356 4175 1503 4229 enim
1541 4175 1694 4244 pacis
1720 4177 1871 4231 ducit
1900 4176 2022 4231 ani-

455 4283 605 4335 mam
640 4268 840 4339 ipsius.
895 4266 1012 4322 Non
1055 4267 1252 4337 aspicit
1290 4283 1415 4322 cum
1460 4266 1656 4322 aﬂ‘eetu
1701 4267 2024 4337 corruptibi-

450 4364 545 4429 lia,
575 4377 753 4433 neque
773 4369 1068 4431 congregat
1093 4361 1311 4417 divitias
1339 4361 1393 4415 io
1415 4360 1745 4416 desiderium
1779 4361 2023 4432 volupta-

2130 3169 2226 3223 καὶ
2255 3168 2325 3224 τὰ
2346 3169 2491 3243 (100)
2510 3171 2610 3242 τῆς
2633 3171 2944 3236 πλεονεξίας
2967 3171 3198 3225 δώσουσι
3219 3174 3331 3236 τοῖς
3351 3170 3710 3241 θλιϐομένοις.

2140 3261 2267 3317 Ἐὰν
2283 3257 2381 3335 ἦτε
2400 3260 2871 3330 ἀγαθοποιοῦντες,
2898 3262 2993 3316 καὶ
3011 3261 3081 3316 τά
3102 3263 3388 3334 ἀκάθαρτα
3424 3261 3714 3333 πνεύματα

2129 3354 2384 3425 φεύξεται
2412 3356 2504 3425 ἀφ’
2528 3354 2702 3427 ὑμῶν,
2730 3356 2825 3408 καὶ
2857 3353 2998 3409 αὑτά
3028 3354 3098 3409 τὰ
3135 3355 3299 3427 θηρία
3340 3353 3712 3427 φοϐηθήσεται

2129 3447 2291 3518 ὑμᾶς.
2344 3446 2514 3500 Ὅπου
2549 3447 2657 3517 γὰρ
2696 3447 2775 3502 ἔνι
2812 3448 2975 3518 φόϐος
3026 3446 3104 3520 (2)
3151 3446 3372 3517 ἀγαθῶν
3404 3446 3585 3520 ἔργων
3634 3449 3714 3510 είς

2126 3538 2383 3602 διάνοιαν,
2417 3540 2477 3594 τὸ
2502 3541 2690 3604 σκότος
2714 3540 3099 3611 ἀποδιδράσκει
3131 3538 3297 3594 αὑτοῦ
3314 3537 3412 3611 (5).
3452 3540 3584 3592 Ἐὰν
3605 3538 3714 3610 γάρ

2129 3632 2326 3705 ὑϐρίσῃ
2357 3650 2441 3696 τις
2482 3631 2649 3704 ἄνδρα
2680 3631 2846 3698 ὅσιον,
2886 3634 3168 3703 μετανοεῖ·
3217 3629 3360 3683 ἐλεεῖ
3399 3629 3515 3702 γὰρ
3565 3630 3715 3693 ὅσιος

2125 3723 2218 3778 τὸν
2247 3722 2505 3795 λοίδορον,
2532 3724 2626 3777 καὶ
2660 3725 2858 3795 σιωπᾷ.
2886 3723 3005 3778 Κάν
3036 3740 3121 3787 τις
3142 3721 3319 3793 ψυχὴν
3343 3720 3565 3775 δικαίαν
3587 3732 3715 3794 προ⁶

2125 3814 2266 3886 δοίη,
2303 3817 2397 3871 καὶ
2429 3817 2457 3869 ὀ
2493 3815 2701 3880 δίκαιος
2733 3816 3167 3887 προσευχόμενος
3206 3814 3343 3887 πρὸς
3386 3814 3575 3882 ὀλίγον
3615 3830 3713 3866 τα-

2126 3905 2384 3978 πεινωθῇ,
2414 3905 2533 3977 μετ’
2555 3907 2616 3960 οὐ
2649 3906 2784 3960 πολὺ
2820 3904 3170 3976 φαιδρότερος
3201 3902 3583 3975 ἀναφαίνεται,
3601 3898 3713 3968 οἶος

2124 4000 2348 4069 γέγονεν
2394 3998 2588 4071 Ἰωσὴφ
2612 4000 2641 4054 ὁ
2662 3998 2888 4068 αδελφός
2915 4014 3012 4069 μου
3040 3996 3138 4069 (4).

2197 4096 2288 4163 ς’.
2321 4115 2339 4147 ‹
2361 4096 2434 4149 Τὸ
2463 4094 2765 4149 διαὸούλιον
2786 4093 2880 4147 τοῦ
2905 4092 3110 4162 ἀγαθοῦ
3137 4091 3329 4164 ἀνδρὸς
3344 4092 3446 4145 οὐκ
3470 4091 3626 4144 ἐστιν
3653 4088 3713 4143 ὲν

2124 4189 2267 4260 χειρὶ
2293 4186 2501 4259 πλάνης
2524 4186 2834 4258 πνεύματος
2855 4186 3075 4257 Βελιάρ.
3125 4186 3181 4238 Ὀ
3205 4184 3314 4256 γὰρ
3346 4183 3582 4255 ἄγγελος
3612 4183 3714 4253 τῆς

2124 4282 2345 4354 εἰρήνης
2377 4281 2562 4353 ὁδηγεῖ
2591 4281 2690 4353 τὴν
2727 4279 2905 4350 ψυχὴν
2929 4277 3116 4331 αὑτοῦ.
3155 4278 3267 4349 Οὐχ
3298 4278 3401 4348 ὁρᾷ
3433 4276 3708 4347 ἐμπαθῶς

2124 4377 2237 4437 τοῖς
2257 4372 2515 4446 φθαρτοῖς
2527 4371 2623 4443 (5),
2644 4371 2766 4425 οὑδὲ
2784 4370 3004 4439 συνάγει
3024 4367 3250 4423 πλοῦτον
3266 4370 3347 4433 είς
3366 4367 3708 4438 φιληδονίαν·

448 4458 553 4523 ιὶε;
584 4471 693 4511 non
722 4454 1027 4512 delectatur
1056 4453 1352 4523 voluptate,
1386 4467 1495 4508 non
1562 4454 1850 4509 contristat
1890 4470 2019 4525 pro-

2134 4465 2182 4519 νὺ
2198 4464 2455 4538 τέρπεται
2478 4464 2659 4537 ἡδονῇ,
2676 4463 2736 4516 οὑ
2754 4462 2916 4515 λυπεῖ
2939 4461 3031 4515 τὸν
3051 4459 3294 4530 πλησίον,
3311 4460 3411 4512 οὐκ
3427 4460 3711 4530 ἐμπιπλᾶ-

448 4549 683 4616 ximum,
712 4564 821 4605 non
849 4546 1111 4617 impletur
1132 4546 1275 4614 cibo,
1306 4560 1413 4600 non
1434 4553 1584 4602 errat
1605 4545 1660 4599 in
1686 4545 2019 4604 elationibus

2134 4573 2211 4609 ται
2230 4556 2435 4628 τροφῆς
2462 4554 2633 4626 (6),οὑ
2664 4553 2927 4608 πλανᾶται
2961 4553 3353 4625 μετεωρισμοῖς
3381 4550 3709 4622 ὀφθαλμῶν·

449 4641 774 4709 oculorum;
809 4639 1076 4696 Dominus
1113 4640 1257 4695 enim
1308 4654 1437 4709 pars
1485 4646 1571 4693 est
1618 4638 1759 4709 ejus.
1806 4636 2018 4694 Bonum

448 4736 739 4791 consilium
765 4750 874 4790 non
894 4735 1088 4805 recipit
1115 4732 1300 4805 gloria:
1315 4741 1369 4786 et
1382 4731 1667 4787 dedecoris
1694 4731 1976 4787 hominum
1998 4773 2017 4798 ,

445 4837 504 4883 et
536 4830 707 4884 ullum
740 4830 927 4886 dolum
957 4832 1038 4886 vel
1062 4828 1426 4893 mendacium,
1454 4840 1695 4897 pugnam
1718 4825 1802 4880 vel
1824 4834 2021 4882 contu-

519 4965 633 5036 (92)
674 4968 823 5021 Ὅτε.
863 4968 1008 5021 Ὅτι.
1036 4966 1207 5023 Cum.

684 5037 916 5106 Ἰωσήφ.
936 5038 1227 5109 Χρηστόν.
1262 5033 1339 5109 In.

540 5103 632 5177 94)
671 5103 1071 5177 Καταργήσὲιζ
1111 5104 1442 5161 Καταλὺσει.
1472 5103 1547 5159 In.

516 5181 605 5246 (95
667 5181 773 5244 Εἰς
818 5181 997 5234 Deest.
1030 5181 1104 5239 lo,

518 5181 632 5329 {99)
669 5247 1132 5329 ἐπεπαῖόμνος-
1166 5242 1668 5329 timum-1m.
1810 5310 1822 5329 .

517 5313 628 5386 (97)
681 5318 815 5372 Ἐάν
852 5313 945 5386 τις(
987 5313 1276 5386 ἀνδρεῖος,
1320 5313 1574 5370 ἐπαινεῖ·
1609 5313 1716 5366 τὸν
1743 5313 2024 5381 σώφρονα

451 5388 763 5454 πιστεύων,
791 5390 981 5458 ὑμνεῖ.
1014 5388 1237 5445 Desunt.
1267 5388 1338 5440 lo.

787 5451 1030 5533 ἀσθενεῖ
1054 5456 1376 5533 οἰψπιιρεῗἶ
1408 5454 1632 5533 Desunt.
1662 5451 1738 5507 In.
1781 5521 1793 5533 .

543 5526 632 5599 99)
679 5531 787 5583 Τὸν
801 5530 1017 5597 ἔχοντα
1034 5526 1241 5599 φόϐον.
1259 5526 1474 5583 Omissa
1494 5532 1623 5580 sunt
1648 5526 1828 5576 omnia
1848 5537 2021 5592 usque

449 5597 712 5670 adfinem
748 5600 911 5670 hujus
942 5597 1170 5670 periodi.
1202 5598 1276 5652 In.

522 5665 668 5738 (100)
713 5663 980 5743 Τά.”1“ίσι’ν
1001 5670 1163 5723 habet
1207 5666 1331 5722 cod.
1358 5665 1543 5743 Oxon.
1571 5678 1691 5734 qua:
1718 5663 2020 5743 vox.signi-

450 5737 576 5793 ﬂeat
622 5735 875 5806 pinnam;
914 5741 1050 5795 adeo
1095 5747 1152 5793 ut
1180 5737 1480 5792 secundum
1532 5737 1691 5791 istam
1728 5735 2018 5790 lectionum

818 5178 997 5234 Deest.
1030 5177 1104 5239 lo,

2122 4645 2324 4720 Κύριος
2356 4645 2464 4717 γάρ
2496 4645 2612 4697 ἐστι
2645 4644 2803 4715 μερὶς
2832 4639 3017 4696 αὑτοῦ.
3073 4640 3146 4695 Τὸ
3171 4640 3371 4709 ἀγαθὸν
3398 4641 3711 4696 διαόοὑλιον

2119 4737 2220 4790 οὑκ
2238 4736 2541 4807 ἐπιδέχεται
2558 4734 2715 4806 δόξης
2731 4735 2825 4789 καὶ
2839 4734 3058 4806 ἀτιμίας
3074 4733 3170 4787 ἀνθ
3179 4733 3395 4805 ρώπων,
3413 4734 3509 4788 καὶ
3525 4737 3711 4790 πάντα

2119 4828 2269 4883 δόλον
2309 4828 2343 4900 ἢ
2376 4826 2570 4897 ψεῦδος
2612 4827 2709 4898 (7),
2755 4826 2933 4897 μάχην
2976 4824 3071 4878 καὶ
3103 4824 3369 4897 λοιδορίαν
3417 4824 3523 4878 οὑκ
3554 4822 3667 4879 οἶδε
3689 4843 3706 4857 ·

2123 4968 2214 5023 hic
2237 4967 2832 5038 significetur,avaros,
2850 4964 2940 5019 ubi
2974 4962 3424 5038 ptenituerint._in
3451 4977 3702 5032 poenam.

2123 5038 2238 5093 sive
2268 5032 2329 5092 u't
2355 5053 2489 5091 voce
2512 5032 2883 5092 ecelesiastica
2911 5044 3053 5093 utar,
3102 5032 3568 5099 satisfactionem,
3601 5049 3704 5103 pro

2163 5108 2357 5162 ristiua
2414 5107 2651 5162 habendi
2694 5106 2951 5176 cupidine
3002 5105 3379 5175 eleemosynas
3431 5117 3695 5175 erogare.

2146 5195 2198 5233 Ι).

2194 5248 2273 5315 (l)
2317 5247 2519 5303 Timor.
2546 5243 2766 5306 Lumen,
2811 5244 2969 5315 juxta
3007 5243 3180 5315 Graec.
3209 5241 3389 5315 Oxon.
3416 5242 3493 5301 lu.

2212 5313 2268 5384 ‘2)
2311 5319 2517 5384 Φόϐος.
2540 5315 2660 5380 Φῶς
2692 5318 2747 5370 in
2769 5313 2947 5370 Oxon.
2973 5314 3189 5369 melius.
3215 5313 3293 5369 lo.

2216 5385 2269 5443 5)
2305 5388 2522 5442 Αὑτοῦ.
2566 5386 2683 5440 Ἀπ’
2709 5386 2974 5440 additum.
3006 5385 3082 5439 In.

2214 5453 2267 5524 4)
2303 5458 2432 5511 Κάν
2458 5475 2612 5524 τις...
2633 5455 2896 5524 ἀδελφός
2917 5471 3054 5523 μου.
3088 5453 3313 5524 Desunt.
3344 5453 3420 5510 In.

2312 5527 2438 5593 Τοῖς
2459 5522 3129 5598 φθαρτοῖς.-Τά-φθαρτά.
3160 5522 3237 5579 In.

2191 5594 2267 5668 ω)
2311 5594 2842 5668 Τροφῆςοξτρυφῇςτ
2882 5594 2955 5668 ιο,

2193 5664 2267 5734 (7)
2313 5664 2380 5739 Τὸ
2411 5664 2720 5738 drawn...
2742 5664 3044 5736 ἣψεῦδος.
3078 5664 3303 5723 Desunt.
3329 5664 3407 5723 lu.

2250 5318 2269 5524 ξ
