3992 6148
296 315 430 372 1145

1444 313 1970 371 ‘I‘ESTAMENTUM
2009 313 2362 372 BENJAMIN.

3397 327 3535 382 1146

291 427 493 498 Κύριος
508 427 626 497 ιγὰρ
649 427 705 481 ὲν
728 427 877 500 αύτῷ
902 430 1164 494 κατοικεῖ,
1187 429 1280 485 καὶ
1306 429 1530 502 φωτίζει
1558 429 1734 501 ψυχὴν
1759 430 1847 482 αύ-

1958 433 2175 490 meliam
2200 451 2311 491 non
2338 433 2522 498 novit;
2566 432 2828 495 Dominus
2854 435 3088 494 enim'in
3121 453 3188 494 eo
3217 439 3453 505 habitat,
3478 457 3534 500 et

288 518 404 585 τοῦ,
453 519 546 572 καὶ
588 518 766 590 χαίρει
811 518 946 590 πρὸς
992 520 1201 585 πάντας
1251 523 1308 574 ὲν
1341 522 1504 575 παντὶ
1545 519 1740 590 καιρῷ.
1794 519 1859 573 'H

288 610 467 682 ἀγαθὴ
515 609 723 663 διάνοια
761 610 863 662 οὐκ
893 609 1003 681 ἔχει
1040 609 1133 664 δύο
1174 610 1444 680 γλώσσας,
1486 611 1734 681 εὐλογίας
1767 613 1860 666 καὶ

289 702 548 772 κατάρας,
571 701 778 774 ύσρεως
796 703 891 755 καὶ
909 703 1092 774 τιμῆς,
1115 702 1290 772 λύπης
1311 703 1404 756 καὶ
1419 705 1612 774 χαρᾶς,
1630 704 1859 776 ἡσυχίας

287 793 382 846 καὶ
421 792 687 863 ταραχῆς,
722 791 1063 864 ὑποκρίσεως
1104 793 1198 846 καὶ
1237 793 1493 864 ἀληθείας
1537 792 1635 865 (8),
1671 793 1860 857 πενίας

287 887 379 939 καί
413 882 658 938 πλούτουο
679 883 812 938 ἀλλὰ
833 885 961 956 μίαν
979 883 1091 954 ἔχει
1115 902 1181 937 πε
1190 886 1241 956 ρὶ
1260 885 1467 948 πάντας
1481 883 1747 955 εἰλικρινῆ
1766 884 1860 938 καὶ

286 975 529 1050 καθαρὰν
553 977 809 1031 διάθεσιν.
830 977 941 1030 Οὐκ
957 975 1068 1047 ἔχει
1086 976 1424 1048 ὄρασιν,ούδὲ
1446 976 1613 1048 ἀκοὴν
1640 976 1852 1046 διπλῆνο

285 1068 394 1120 πᾶν
429 1067 556 1136 γὰρ,
599 1066 627 1119 ὃ
663 1068 827 1130 ποιεῖ,
863 1064 896 1136 ἢ
931 1064 1100 1128 λαλεῖ,
1136 1065 1168 1136 ἢ
1203 1067 1323 1137 ὁρᾷ,
1364 1061 1502 1118 οἶδεν
1529 1066 1611 1118 ὅτι
1652 1065 1857 1137 Κύριος

285 1157 601 1212 ἐπισκέπτει
640 1156 816 1229 ψυχὴν
858 1155 1044 1222 αὑτοῦ,
1080 1156 1174 1209 καὶ
1205 1155 1457 1226 καθαίρει
1497 1155 1594 1226 τὴν
1619 1155 1858 1209 διάνοιαν

284 1249 470 1314 αὑτοῦ,
501 1249 635 1320 πρὸς
657 1249 717 1302 τὸ
753 1249 825 1320 μὴ
850 1247 1297 1320 καταγνωσθῆναι
1323 1247 1429 1300 ὑπὸ
1464 1246 1602 1299 Θεοῦ
1645 1247 1740 1301 καὶ
1767 1249 1859 1302 άν-

283 1337 514 1411 θρὼπων
533 1355 546 1368 ο
586 1339 679 1390 καὶ
710 1336 804 1390 τοῦ
831 1336 1026 1408 Βελιὰρ
1057 1335 1114 1390 δὲ
1151 1337 1258 1390 πᾶν
1286 1334 1446 1408 ἔργον
1473 1335 1694 1390 διπλοῦν
1719 1337 1856 1401 ἐστι,

279 1431 376 1484 καὶ
397 1429 497 1482 οὐκ
522 1428 635 1500 ἔχει
661 1427 936 1498 ἁπλότητα
969 1427 1065 1499 (9).

349 1609 421 1660 Z'.
460 1625 478 1656 ι
521 1605 620 1659 Διὰ
657 1605 835 1672 τοῦτο,
869 1606 1038 1661 τέκνα
1085 1624 1208 1678 μου,
1257 1605 1487 1678 φεύγετε
1519 1605 1621 1677 τὴν
1659 1605 1857 1660 κακίαν

271 1698 371 1751 τοῦ
389 1697 603 1770 Βελιὰρ,
629 1699 709 1751 ὅτι
729 1699 996 1769 μάχαιραν
1012 1699 1194 1752 δίδωσι
1213 1703 1324 1764 τοῖς
1346 1699 1683 1770 πειθομένοις
1696 1699 1854 1769 αὐτῇ.

1963 523 2232 606 illuminat
2257 527 2499 582 animam
2534 527 2695 596 ejus,
2751 537 2807 582 et
2829 529 3029 600 gaudet
3058 545 3246 586 coram
3279 534 3535 591 omnibus

1959 615 2016 669 in
2047 619 2198 673 omni
2228 627 2496 689 tempore.
2522 619 2674 674 Bona
2698 635 2852 676 mens
2896 637 3004 676 non
3051 623 3215 680 habet
3237 625 3376 680 duas
3426 627 3534 680 lin-

1960 726 2116 780 guas,
2155 711 2552 770 benedictionis
2580 724 2633 769 et
2657 715 3078 782 maledictionis,
3102 721 3450 775 contumeliae
3477 731 3534 777 et

1962 803 2214 870 honoris,
2243 805 2483 860 tristitia:
2530 812 2586 860 et
2609 807 2826 877 gaudii,
2865 809 3069 877 quietis
3093 818 3148 863 et
3171 811 3531 876 turbationis,

1960 894 2329 951 simulationis
2358 905 2413 952 et
2444 899 2710 968 veritatis,
2738 899 2938 968 inopiae
2975 910 3030 956 et
3057 901 3410 967 divitiarum;
3437 905 3535 960 sed

1960 1001 2126 1040 unam
2147 987 2309 1042 habet
2341 989 2487 1044 circa
2516 1005 2711 1047 omnes
2733 993 3007 1050 sinceram
3053 1003 3108 1048 et
3131 1009 3319 1064 puram
3348 994 3534 1065 dispo—

1961 1072 2238 1130 sitionem.
2276 1074 2391 1131 Non
2423 1077 2585 1134 habet
2621 1080 2824 1148 visum,
2871 1098 3049 1153 neque
3078 1084 3326 1139 auditum
3354 1086 3538 1155 dupli-

1959 1180 2109 1232 cem;
2159 1167 2213 1222 in
2246 1171 2396 1224 omni
2426 1172 2574 1226 enim
2619 1174 2766 1242 quod
2817 1173 2972 1240 facit,
3010 1175 3098 1230 vel
3137 1175 3400 1249 loquitur,
3447 1177 3534 1231 vel

1959 1258 2126 1328 videt,
2158 1263 2310 1317 novit
2331 1264 2478 1333 quod
2499 1262 2646 1320 Deus
2676 1264 2867 1320 visitat
2895 1266 3134 1320 animam
3160 1266 3297 1336 ejus,
3321 1275 3377 1322 et
3400 1283 3532 1336 pur-

1959 1360 2050 1421 gat
2081 1353 2323 1407 animum
2363 1342 2506 1425 ejus,
2556 1363 2618 1410 ut
2649 1371 2753 1410 non
2796 1355 3233 1425 reprehendatur
3263 1371 3294 1410 a
3329 1355 3440 1412 Deo
3478 1364 3534 1412 et

1960 1439 2306 1510 hominibus;
2338 1445 2432 1500 sed
2456 1461 2616 1501 omne
2636 1462 2772 1517 opus
2793 1445 2970 1501 Beliar
2993 1446 3192 1516 duplex
3218 1457 3321 1514 est,
3349 1461 3403 1504 et
3425 1465 3530 1504 non

1959 1539 2123 1595 habet
2161 1537 2588 1607 simplicitatem.

2030 1626 2145 1682 Vll.
2183 1646 2202 1678 ι
2241 1625 2472 1696 Propter
2488 1628 2616 1693 hoc,
2643 1629 2738 1683 lilii
2773 1630 2903 1696 mei,
2940 1629 3113 1701 fugite
3141 1620 3403 1685 malitiam
3431 1629 3532 1686 Be-

1958 1719 2084 1784 liar,
2109 1719 2371 1788 quoniam
2418 1719 2658 1788 gladium
2689 1724 2780 1776 dat
2802 1721 3188 1796 obedientibus.
3208 1710 3275 1777 ei.
3304 1721 3533 1778 Gladius

285 1787 355 1842 Ἦ
387 1789 443 1843 δὲ
477 1791 716 1860 μάχαιρα
739 1791 878 1844 ἑπτὰ
914 1791 1100 1846 κακῶν
1128 1792 1307 1863 μήτηρ
1327 1791 1462 1844 ἐστί.
1492 1791 1714 1863 Πρῶτον
1737 1792 1847 1846 συλ-

1961 1822 2142 1866 autem
2166 1823 2370 1879 septem
2397 1811 2667 1868 malorum
2699 1823 2871 1868 mater
2895 1825 2998 1878 est,
3016 1814 3260 1868 Primum
3292 1815 3532 1883 concipit

272 1880 589 1952 λαμϐάνειὴ
615 1882 820 1936 διάνοια
843 1882 930 1936 διὰ
954 1882 1046 1936 τοῦ
1077 1883 1290 1954 Βελιάρ.
1325 1885 1481 1937 Ἔστι
1506 1883 1563 1937 δὲ
1600 1883 1812 1956 πρῶτον
1840 1923 1854 1948 ,

272 1971 466 2040 φθόνος
487 1989 499 2002 ’
525 1972 794 2044 δεύτερον,
813 1971 1057 2026 ἀπώλεια
1076 1989 1090 2004 ο
1112 1973 1317 2045 τρίτον,
1337 1974 1516 2044 θλίψις
1533 1992 1546 2004 ·
1577 1974 1852 2045 τέταρτον,

271 2064 619 2134 αίχμαλωσία
638 2082 652 2096 ο
678 2065 946 2135 πέμπτον,
974 2066 1150 2119 ἔνδεια
1170 2082 1182 2096 ·
1211 2064 1393 2131 ἕκτον,
1422 2067 1633 2138 ταραχή
1659 2083 1672 2096 ο
1708 2066 1858 2119 ἕϐδο-

273 2172 394 2226 μον,
424 2156 700 2226 ἐρήμωσις
735 2156 865 2228 (10).
895 2155 994 2208 Διὰ
1015 2155 1172 2209 τοῦτο
1203 2157 1298 2210 κα)⁴
1330 2159 1357 2211 6
1396 2157 1536 2210 Κάϊν
1579 2154 1717 2209 ἑπτὰ
1757 2155 1854 2208 ὲκ-

269 2245 472 2310 δικίαις
523 2247 874 2318 παραδίδοται
910 2245 1020 2318 (11)
1057 2247 1162 2300 ὑπὸ
1197 2247 1290 2301 τοῦ
1333 2246 1492 2300 Θεοῦ.
1544 2247 1705 2300 Κατὰ
1745 2246 1854 2318 γὰρ

269 2337 467 2391 ἑκατὸν
506 2337 598 2410 ἔτη
639 2338 767 2410 μίαν
803 2340 1017 2413 πληγὴν
1053 2341 1330 2412 ἐπήγαγεν
1373 2338 1520 2409 αὐτῷ
1556 2340 1584 2391 6
1628 2337 1852 2408 Κύριος.

268 2430 566 2483 Διακοσίων
603 2430 740 2483 ὲτῶν
770 2431 988 2502 πάσχει,
1025 2432 1119 2484 καὶ
1150 2429 1541 2500 ἐννακοσιοστῷ
1582 2429 1689 2482 ἔτει
1734 2429 1855 2501 ἐρη-

269 2520 468 2592 μοῦται
507 2522 599 2575 ἐπὶ
638 2521 733 2575 τοῦ
777 2521 1162 2594 κατακλυσμοῦ
1199 2522 1310 2592 (ὶῖ)
1340 2521 1428 2576 διὰ
1478 2521 1640 2592 ’Λδὴλ
1662 2520 1752 2574 τὸν
1776 2521 1855 2573 δί-

267 2629 424 2668 καιον
451 2613 676 2682 ἀδελφὸν
701 2611 886 2667 αὐτοῦ.
921 2612 1010 2665 Ἑν
1031 2615 1142 2676 τοῖς
1171 2611 1516 2674 ἑπτακοσίοις
1537 2609 1711 2662 ἔτεσιν
1738 2606 1851 2680 (15)

264 2705 296 2758 6
329 2705 466 2758 Κάῖν
499 2703 741 2775 ἐκρίνετο
775 2703 953 2774 (14),ό
985 2703 1040 2755 δὲ
1065 2702 1256 2773 Λαμὲχ
1289 2703 1348 2755 ὲν
1379 2703 1492 2765 τοῖς
1527 2700 1854 2770 ἑϐδομηκον-

265 2795 428 2857 τάκις
461 2795 628 2848 ἐπτάο
666 2794 747 2848 ὃτι
779 2793 883 2858 ἕως
915 2793 1010 2848 τοῦ
1047 2793 1243 2857 αἰῶνος
1289 2794 1336 2845 οί
1380 2790 1726 2862 όμοιούμενοι
1775 2788 1853 2859 τῷ

266 2887 410 2942 Κάῖν
435 2888 492 2941 ὲν
513 2887 689 2958 φθόνῳ
731 2891 811 2952 είς
835 2886 932 2958 τὴν
967 2885 1341 2958 μισαδελφίαν,
1377 2887 1443 2957 τῇ
1467 2885 1604 2955 αὐτῇ
1627 2881 1850 2936 κολάσει

266 2979 621 3051 κριθήσονται
648 2978 779 3051 (15).

329 3093 410 3150 Η’.
446 3111 465 3144 ι
487 3091 596 3145 Καὶ
624 3089 779 3163 ὑμεῖς
795 3085 906 3157 οὖν,
927 3092 1092 3145 τέκνα
1119 3108 1240 3162 μου,
1258 3089 1601 3162 άποδράσατε
1629 3087 1728 3157 τὴν
1744 3103 1847 3139 κα-

263 3181 411 3247 κίαν,
442 3182 632 3254 φθόνον
664 3201 725 3237 τε
765 3186 860 3236 καὶ
889 3183 986 3254 τὴν
1023 3181 1397 3253 μισαδελφίαν,
1439 3181 1534 3234 καὶ
1581 3177 1848 3249 προσκολ-

259 3273 428 3328 λᾶσθε
460 3277 526 3346 τῇ
556 3274 848 3344 ἀγαθότητι
877 3275 967 3327 καὶ
986 3275 1050 3345 τῇ
1083 3271 1312 3346 ἀγάπῃ..
1354 3271 1410 3324 '0
1443 3270 1581 3341 ἔχων
1610 3269 1849 3323 διάνοιαν

259 3363 512 3435 καθαρὰν
547 3366 604 3417 ὲν
647 3363 856 3436 ἀγάπῃ,
893 3364 992 3434 οὐχ
1033 3363 1136 3434 ὁρᾷ
1176 3364 1410 3430 γυναῖκα
1443 3361 1523 3423 εἰς
1555 3357 1847 3430 πορνείανο

260 3455 326 3508 ού
359 3455 467 3526 γάρ
499 3454 611 3524 ἔχει
655 3454 891 3524 μιασμὸν
924 3455 981 3506 ὲν
1021 3455 1088 3524 τῇ
1124 3451 1340 3523 καρδίᾳ,
1383 3450 1464 3503 ὅτι
1514 3447 1848 3502 ἀναπαύεται

262 3547 324 3598 ὲν
351 3544 499 3616 αὐτῷ
523 3545 584 3597 τὸ
614 3543 830 3616 πνεῦμα
859 3543 955 3596 τοῦ
985 3542 1144 3597 Θεοῦ.
1180 3543 1391 3612 ’Ὠσπερ
1405 3539 1514 3612 γὰρ
1547 3542 1575 3593 6
1608 3539 1759 3611 ἥλιος
1786 3537 1848 3591 οὐ

263 3636 538 3709 μιαίνεται
579 3636 858 3706 προσέχων
896 3635 988 3687 ἐπὶ
1027 3634 1228 3704 κόπρον
1279 3633 1372 3686 καὶ
1420 3630 1679 3701 βόρϐορον
1713 3627 1844 3699 (16),

257 3727 397 3780 ἀλλὰ
443 3726 640 3798 μᾶλλον
689 3725 972 3797 ἀμφότερα
1020 3723 1203 3794 ψύχει,
1250 3723 1344 3776 καὶ
1409 3720 1698 3774 ἀπελαύνει
1745 3720 1846 3791 τὴν

259 3818 553 3877 δυσωδίανο
602 3815 773 3880 οὕτως
821 3817 916 3870 καὶ
961 3818 990 3869 6
1041 3815 1280 3887 καθαρὸς
1317 3813 1442 3877 νοῦς
1481 3814 1671 3876 ἐντοῖς
1722 3811 1845 3882 μιά-

262 3923 432 3977 σμασι
457 3907 556 3978 τῆς
587 3907 692 3978 γῆς
728 3907 1098 3978 συνεχόμενος,
1133 3905 1332 3978 μᾶλλον
1357 3905 1631 3975 οἰκοδομεῖ
1660 3903 1840 3967 αὐτὸς,

259 3997 357 4052 καὶ
394 3997 502 4070 (17)
531 3999 590 4050 ού
623 3998 912 4070 μιαίνεται.

329 4086 403 4138 Θν.
443 4105 462 4138 ι
508 4087 746 4140 ’Υπονοῶ
773 4087 827 4140 δὲ
861 4089 956 4141 καὶ
1000 4086 1227 4158 πράξεις
1272 4087 1330 4141 ἐν
1379 4086 1507 4157 ὑμῖν
1559 4085 1621 4138 ού
1670 4082 1840 4148 καλὰς

259 4176 498 4243 ἔσεσθαι,
544 4179 652 4232 ἀπὸ
692 4177 863 4246 λόγων
906 4177 1074 4248 Ἑνὼχ
1105 4178 1199 4230 τοῦ
1243 4177 1471 4231 δικαίου.
1507 4176 1839 4248 Πορνεύσετε

257 4267 367 4338 γὰρ
394 4269 648 4339 πορνείαν
693 4269 961 4340 Σοδόμων,
1012 4271 1103 4323 καὶ
1148 4268 1434 4321 ἀπολεῖσθε
1485 4267 1592 4330 ἕως
1640 4266 1835 4338 βραχὺ,

257 4359 355 4412 καὶ
383 4359 747 4412 ἀνανεώσεσθε
776 4363 834 4414 ὲν
853 4359 1065 4429 γυναιξὶ
1088 4361 1347 4430 στρήνους
1376 4359 1512 4431 (18),
1540 4360 1634 4412 καὶ
1670 4360 1703 4430 ὴ
1740 4359 1840 4429 βα-

261 4449 434 4502 σιλεία
463 4451 668 4520 Κυρίου
704 4452 804 4502 οὐκ
844 4451 996 4504 ἔσται
1038 4451 1095 4503 ὲν
1140 4453 1298 4521 ὑμῖν·
1334 4452 1415 4504 ὄτι
1462 4449 1624 4513 εὐθὺς
1676 4451 1836 4514 αὐτὸς

257 4539 484 4611 λήψεται
543 4542 730 4610 αὑτήν.
774 4541 917 4612 Πλὴν
965 4544 1022 4595 ὲν
1068 4543 1245 4614 μερίδι
1282 4541 1434 4613 ὑμῶν
1484 4544 1770 4612 γενήσεται
1807 4544 1837 4596 6

327 4698 405 4768 (8)
458 4698 742 4768 Ἡσυχίας
795 4698 893 4751 καί
947 4699 1235 4768 ταραχῆς,
1293 4699 1674 4768 ὑποκρίσεως
1738 4695 1836 4751 καί

255 4769 562 4834 ἀληθείας.
596 4769 819 4822 Desunt.
849 4770 1018 4824 (inae.

329 4839 405 4910 (9)
440 4839 950 4910 V'E‘mo'xéatst..."
1027 4840 1354 4906 ἁπλότητα.
1415 4838 1838 4905 Ἐπισκοπεύει,

254 4909 481 4980 omissis
510 4909 737 4980 reliquis
760 4925 934 4980 usque
961 4911 1261 4980 άπλότητα.
1298 4911 1370 4964 In.

327 4979 440 5050 (10)
845 4977 1190 5050 ίέρήμωσις.
1230 4981 1363 5050 "Ovs
1390 4979 1562 5050 τίκτει
1621 4979 1836 5050 πρῶτον

256 5047 472 5121 φθόνον,
502 5047 752 5121 δεύτερον
797 5047 1091 5115 ἀπώλειαν,
1123 5051 1303 5121 τρίτον
1349 5049 1547 5118 θλίψιν,
1577 5047 1839 5121 τέταρτον

254 5119 669 5189 αἰχμαλωσίαν,
687 5119 938 5191 πέμπτον
968 5119 1196 5185 ἔνδειαν,
1223 5120 1380 5174 ἕκτον
1398 5120 1665 5191 ταραχὴν,
1688 5119 1838 5173 ἕϐδο-

256 5207 358 5262 μον
388 5191 683 5331 ἐρήμωσιν.
720 5189 793 5244 In.
1261 5260 1274 5276 .
1474 5189 1481 5191 “
1567 5189 1573 5190 ⁷
1602 5189 1609 5190 '

257 5273 282 5332 _'
329 5259 410 5330 (11
498 5259 798 5326 Εκδικίαις
816 5258 1218 5328 παραδίδοται.
1273 5258 1518 5324 Αδικίαις
1541 5259 1833 5332 παρεδόθη.

255 5327 442 5484 ll,(lg)
495 5397 623 5484 "Exi
652 5400 760 5454 τοῦ
786 5401 1240 5484 κατακλυσμοῦ.
1273 5401 1502 5470 Desunt,
1532 5411 1585 5458 et
1611 5401 1851 5471 quidem.

256 5471 417 5523 merit
459 5511 472 5524 .
511 5471 588 5524 In.
1213 5479 1216 5484 ’

257 5607 275 5663 Ι
325 5488 453 5612 (15))
489 5541 900 5608 Ἑπτακοσίοις
924 5541 1144 5597 ἐτεσιν.
1177 5542 1368 5612 Ἑπτά,
1393 5544 1600 5600 omisso
1632 5543 1832 5598 ἐτεσιν.

279 5624 333 5662 n.

279 5624 443 5754 ῗὶμ)
476 5681 624 5736 Kdl‘r
650 5682 935 5751 ἐκρίνετο.
965 5683 1101 5738 Cum
1139 5683 1222 5738 eis
1268 5701 1391 5754 qua:
1433 5696 1622 5741 auctor
1652 5695 1837 5741 noster

261 5749 575 5820 dicit,’satis
608 5749 938 5810 conveniunt
964 5763 1204 5810 veterum
1230 5749 1667 5813 ct'ret'entiorum
1697 5772 1833 5828 quo~

1959 1921 2114 1960 mens
2161 1920 2258 1975 per
2286 1906 2484 1960 Beliar.
2521 1903 2618 1962 Est
2656 1917 2838 1960 autem
2871 1907 3128 1977 primum,
3160 1905 3400 1974 invidia;
3437 1921 3530 1962 se-

1957 2002 2223 2068 cundum,
2275 2003 2544 2072 perditio;
2598 2003 2844 2069 tertium,
2893 2003 3203 2070 tribulatio;
3251 2012 3528 2072 quantum,

1957 2092 2270 2162 Captivitas;
2301 2093 2578 2164 quintum,
2608 2093 2937 2164 indigentia;
2976 2104 3218 2160 sextum,
3243 2095 3482 2149 turbatio
3511 2112 3528 2160 ;

1958 2185 2270 2255 septimum,
2295 2186 2583 2251 desolatio,
2630 2196 2853 2257 propter
2890 2189 2996 2243 hoc
3035 2196 3092 2242 et
3133 2187 3273 2243 Cain
3319 2199 3528 2257 septem

1956 2276 2212 2332 vindictis
2262 2277 2556 2332 traditura
2607 2277 2742 2334 Deo.
2791 2278 2926 2333 Nam
2973 2279 3276 2336 secundum
3308 2288 3530 2334 centum

1955 2381 2131 2424 annos
2153 2385 2318 2424 unam
2353 2371 2569 2440 plagam
2607 2370 2822 2438 induxit
2849 2370 2899 2426 ei
2927 2369 3216 2427 Dominus.
3264 2369 3529 2425 Ducentis

1956 2459 2114 2514 asinis
2158 2461 2384 2528 patitur,
2419 2469 2474 2514 et
2504 2461 2928 2531 nongentesimo
2971 2477 3118 2520 anno
3160 2461 3444 2524 desoialur
3474 2465 3530 2522 in

1955 2549 2158 2605 diluvio
2179 2559 2399 2621 propter
2426 2551 2559 2605 Abel
2575 2551 2787 2620 justum
2815 2551 3041 2610 fratrem
3068 2556 3209 2626 ejus.
3235 2555 3292 2612 In
3321 2555 3534 2626 septin-

1955 2643 2132 2714 gentis
2161 2644 2322 2699 annis
2369 2642 2504 2698 Cain
2551 2642 2938 2712 indicabatur,
2999 2644 3236 2703 Lamech
3286 2662 3422 2702 vero
3472 2647 3530 2703 in

1953 2736 2266 2808 septuagies
2316 2745 2560 2806 septem;
2603 2737 2868 2806 quoniam
2927 2753 3104 2810 usque
3158 2741 3213 2796 in
3263 2742 3528 2797 mulum

1952 2829 2233 2884 assimilati
2257 2829 2390 2885 Cain
2408 2833 2463 2886 in
2485 2831 2686 2888 invidia
2710 2834 2765 2889 in
2778 2835 2968 2890 odium
2996 2833 3530 2903 fraternum,eadem

1953 2922 2235 2990 punitione
2257 2922 2677 2994 judicahuntur.

2023 3091 2162 3150 Vill.
2207 3113 2225 3147 ι
2261 3095 2329 3149 Ει
2360 3112 2458 3154 vos
2489 3099 2675 3168 igitur,
2713 3100 2808 3155 lilii
2852 3101 2982 3167 mei,
3027 3099 3196 3173 fugite
3239 3104 3528 3171 malitiam,

1954 3183 2319 3256 invidiamque
2355 3197 2410 3242 et
2447 3191 2633 3244 odium
2669 3191 2993 3259 fraternum,
3025 3202 3082 3249 et
3131 3195 3401 3252 adluerete
3432 3198 3529 3252 bo-

1952 3276 2108 3336 nitati
2153 3285 2208 3334 et
2246 3278 2544 3336 dilectioni.
2587 3281 2690 3348 Qui
2739 3284 2902 3338 habet
2949 3296 3185 3342 mentem
3229 3303 3420 3357 puram
3468 3290 3525 3346 in

1951 3368 2257 3437 dilectione,
2293 3385 2403 3428 non
2455 3374 2602 3430 videt
2639 3376 2920 3432 mulierem
2961 3377 3015 3432 in
3065 3378 3524 3437 fornicationem:

1951 3476 2059 3515 non
2085 3463 2230 3518 enim
2277 3465 2441 3520 habet
2483 3467 2916 3536 inquinationem
2958 3469 3011 3524 in
3049 3471 3232 3534 corde,
3262 3472 3526 3541 quoniam

1948 3553 2241 3622 requiescit
2279 3555 2332 3610 in
2364 3572 2430 3615 eo
2459 3557 2682 3627 spiritus
2713 3557 2830 3614 Dei.
2865 3559 3336 3627 Quemadmodum
3377 3564 3525 3619 enim

1949 3645 2029 3698 sol
2061 3660 2169 3700 non
2202 3645 2522 3717 inquinatur
2545 3650 2814 3720 attingens
2850 3660 3062 3708 stercus
3106 3653 3193 3709 vel
3230 3655 3524 3726 gurgitem,

1948 3737 2040 3792 scd
2064 3737 2239 3808 magis
2279 3740 2442 3793 ambo
2467 3739 2635 3795 siccat
2658 3750 2713 3795 et
2736 3742 2903 3812 abigit
2926 3741 3190 3812 fetorem;
3220 3745 3291 3800 ita
3311 3755 3362 3800 et
3387 3762 3524 3816 pura

1947 3843 2102 3884 mens
2131 3830 2183 3883 in
2216 3829 2689 3900 inquinationibus
2723 3843 2882 3888 terra;
2918 3834 3134 3890 detenta
3173 3837 3349 3908 magis
3393 3837 3524 3892 aedi-

1943 3919 2091 3990 ﬂerat,
2124 3922 2238 3991 ipsa
2272 3939 2403 3980 vero
2436 3939 2547 3978 non
2576 3923 2913 3996 inquinatur.

2011 4077 2103 4134 IX.
2139 4099 2157 4133 ι
2195 4081 2444 4152 Intelligo
2467 4093 2648 4140 autem
2677 4095 2730 4140 et
2756 4087 3000 4143 actiones
3027 4089 3081 4143 in
3115 4091 3268 4148 vobis
3291 4109 3403 4148 non
3429 4093 3526 4150 bo-

1934 4187 2034 4226 nas
2059 4174 2192 4240 fore,
2225 4191 2254 4229 a
2293 4179 2642 4232 sermonibus
2683 4178 2870 4236 Enoch
2897 4181 3054 4250 justi.
3089 4181 3521 4242 Fornieabimini

1935 4264 2080 4318 enim
2112 4264 2468 4323 fornicatione
2491 4268 2876 4338 Sodomorum,
2903 4282 2958 4327 et
2984 4274 3230 4344 peribitis
3254 4293 3428 4348 usque
3450 4279 3519 4334 ad

1933 4355 2098 4411 breve
2119 4357 2387 4426 (paucos),
2419 4366 2474 4414 et
2513 4363 2850 4419 rcnovabitis
2891 4350 3300 4423 in'mulieribus
3336 4379 3518 4426 motus

1935 4445 2294 4512 inordinatos,
2340 4457 2396 4505 et
2441 4465 2667 4521 regnum
2713 4454 2928 4511 Domini
2959 4473 3068 4512 non
3101 4458 3293 4522 eritin
3321 4460 3513 4528 vobis;

1932 4539 2190 4607 quoniam
2215 4539 2503 4596 confestim
2539 4544 2626 4599 ille
2669 4547 2900 4617 accipiet
2935 4548 3092 4602 illud.
3124 4547 3514 4608 Verumtamen

1940 4699 2198 4773 rumdanl
2220 4698 2529 4773 Iudaeorum
2563 4701 2862 4773 sententiae.
2895 4703 2962 4758 de
3011 4702 3214 4773 quibus
3251 4702 3371 4758 vide
3410 4701 3520 4758 Fa-

1977 4771 2110 4834 ium,
2161 4769 2605 4840 Carlwrightum,
2647 4772 2894 4840 aliosque
2951 4773 3004 4826 in
3030 4769 3252 4827 'Genes.
3307 4789 3379 4840 IV,
3426 4775 3563 4829 15.’

1983 4842 2046 4895 ed
2073 4841 2207 4893 bene
2235 4839 2628 4911 Cartvvrightus
2669 4839 2877 4895 notavit
2913 4841 3248 4911 Seripturam
3287 4843 3392 4897 loc.
3421 4844 3517 4898 cit.

1941 4919 2126 4980 aperte
2155 4911 2300 4982 loqui
2324 4910 2410 4982 Vde
2458 4924 2642 4982 paena,
2677 4925 2783 4964 non
2838 4912 2938 4981 ipsi
2975 4910 3167 4978 Gaino,
3204 4912 3298 4967 sed
3345 4914 3394 4968 ei
3425 4915 3520 4982 qui

1941 4997 2067 5036 eum
2101 4981 2381 5052 occiderit,
2409 4980 2719 5052 Inﬂigenda.
2753 4980 2986 5036 Grandis
3015 4997 3233 5052 quoque
3261 4993 3346 5038 est
3367 4980 3523 5039 error

1941 5051 2365 5122 cbronologicus
2406 5051 2583 5122 nostri
2626 5052 2886 5115 auctoris,
2916 5051 3181 5106 diluvium
3204 5054 3285 5120 ,ad
3316 5070 3520 5108 annum

1939 5121 2412 5191 nongentesimum
2436 5121 2588 5174 Caini
2624 5122 2930 5186 referentis,
2967 5123 3263 5177 dummodo
3294 5125 3522 5192 ipsemet

1940 5192 2012 5264 ita
2043 5191 2350 5264 scripserit;
2405 5204 2720 5264 namvgces
2761 5192 2855 5264 ἐπὶ
2894 5191 2988 5264 τοῦ
3034 5191 3418 5264 κατακλυσμοῦ
3464 5195 3520 5247 in

1939 5259 2238 5383 Oxonienlsi
2261 5260 2558 5331 exemplari
2579 5259 2768 5315 Graeco
2792 5262 2939 5316 haud
2963 5263 3238 5331 leguntur,
3265 5259 3330 5318 ut
3358 5264 3522 5319 modo

1940 5342 2146 5383 notaVI.
2205 5349 2258 5383 ι).

1940 5342 2258 5386 notavl.ln.

2036 5403 2123 5473 15)
2156 5402 2373 5455 ⁸’()τι....
2419 5399 2821 5473 κριθήσονται.
2849 5401 3074 5458 Desunt.
3107 5401 3184 5458 In.

2036 5405 2123 5473 15)
2156 5405 2373 5455 ”()τι....
2419 5405 2821 5469 κριθήσονται.

2008 5405 2124 5541 (l6)
2151 5473 2467 5540 Βόρϐορον.
2495 5472 2742 5526 Βόθυνον.
2772 5472 2846 5528 In.

1930 5542 2127 5668 85(17)
2183 5541 2498 5614 Οἰκοδομεῖ
2543 5544 2765 5611 αὐτὸς,
2817 5544 2936 5599 καί.
2987 5544 3312 5616 Οἰκοδομεῖ,
3357 5545 3521 5609 αὐτὸς

1965 5653 2013 5668 ...
2074 5629 2126 5666 n.

1965 5629 2013 5668 ε.
2053 5629 2126 5666 ΙΙ).

1940 5754 1982 5808 D
2009 5683 2143 5808 (18“)l
2183 5682 2295 5806 [Ital
2348 5683 2764 5741 ἀνανεώσεσθε
2817 5685 2886 5742 ἐν
2933 5690 3167 5759 γυναιξὶ
3195 5685 3515 5756 στρήνους.

1984 5769 2078 5808 esu
2149 5792 2162 5807 .
2215 5770 2268 5808 ι).

1984 5762 2268 5812 esunt.ln.
