3992 6148
450 290 588 347 1147

1464 290 1931 348 TESTAMENTA
1970 292 2064 349 XII
2104 293 2726 355 PATRIARCHARUM.

3579 296 3712 351 1118

430 409 483 463 in
517 412 667 476 p'arte
704 411 884 460 vestra
926 404 1022 461 ﬁet
1067 406 1328 477 templum
1361 406 1478 473 Dei,
1510 415 1564 463 et
1587 408 1891 479 gloriosum
1921 409 2026 465 erit

2134 409 2251 474 ναὸς
2276 410 2371 465 τοῦ
2406 411 2562 477 Θεοῦ,
2600 413 2695 465 καὶ
2736 408 2944 478 ἔνδοξος
2987 413 3138 466 ἐσται
3178 413 3236 467 έν
3274 412 3403 484 ύμῖν
3432 413 3565 485 (19).
3594 413 3699 468 ὐτ

427 501 482 554 in
511 497 688 552 vobis.
725 496 998 564 Quoniam
1032 499 1150 568 ipse
1191 499 1458 555 Dominus
1505 501 1740 570 accipiet
1764 517 2019 572 regnum,

426 600 483 645 et
516 591 804 646 duodecim
841 590 1019 646 tribus
1049 592 1162 647 illic
1204 593 1707 663 congregabuntur,
1743 601 1799 648 et
1827 608 2022 650 omnes

428 693 642 756 gentes;
684 699 974 755 usquequo
1009 684 1327 741 Altissimus
1354 687 1534 741 mittat
1577 687 1819 742 salutare
1858 703 2022 742 suum

428 777 485 832 in
513 777 828 832 visitatione
872 775 1169 847 Unigcniti.
1221 776 1287 832 Et
1330 778 1665 849 ingredietur
1694 780 1750 834 in
1778 779 2020 850 primum

429 870 713 939 templum,
738 877 794 925 et
824 870 934 925 illic
964 869 1231 927 Dominus
1263 872 1465 941 injuria
1499 856 1863 939 afﬁcietur,et
1883 889 2021 929 con-

427 972 725 1030 temnetur,
759 971 816 1020 et
865 964 1014 1036 ligno
1043 965 1392 1021 exaltabitur.
1427 965 1495 1021 Et
1533 967 1637 1023 erit
1668 967 1846 1021 velum
1878 975 2019 1020 tem—

429 1054 503 1125 pli
530 1054 789 1151 scissum,
820 1064 877 1110 et
905 1056 1197 1113 descendet
1225 1056 1462 1128 Spiritus
1491 1057 1586 1113 Dei
1618 1074 1782 1128 super
1807 1067 2018 1151 geptes,

430 1156 493 1200 nt
521 1146 665 1217 ignis
697 1146 923 1205 eﬁ'usus.
950 1147 1020 1203 Et
1050 1150 1353 1205 ascendens
1400 1165 1467 1205 ex
1494 1150 1729 1217 inferno,
1761 1146 2022 1206 ascendet

432 1253 462 1292 a
495 1248 639 1294 terra
668 1240 723 1294 in
754 1242 974 1296 coelum.
1007 1240 1273 1314 Cognovit
1302 1252 1482 1299 autem
1521 1259 1687 1315 quam
1715 1243 1880 1299 fuerit
1912 1245 2021 1299 hu-

431 1332 579 1387 milis
610 1333 664 1387 in
692 1342 856 1401 terra,
888 1344 941 1389 et
969 1350 1134 1408 quam
1162 1335 1440 1407 gloriosus
1462 1338 1518 1392 in
1547 1338 1706 1393 caelo.

500 1511 571 1566 Χ.
603 1532 624 1565 ς
661 1512 892 1581 Quando
919 1522 1099 1569 autem
1128 1512 1329 1582 Joseph
1361 1523 1478 1569 erat
1507 1515 1560 1570 in
1588 1512 1842 1585 Egypto,
1871 1512 2019 1569 desi—

431 1607 688 1661 derabam
720 1607 904 1663 videre
950 1608 1186 1677 speciem
1230 1607 1463 1676 ejus,et
1486 1588 1716 1662 formam
1765 1614 2018 1677 aspectus

431 1698 585 1767 ejus;
614 1706 668 1754 et
703 1714 801 1768 per
834 1698 1111 1753 orationes
1138 1695 1307 1752 Jacob
1348 1698 1521 1768 patris
1559 1698 1667 1752 mei
1706 1696 1818 1751 vidi
1865 1711 2012 1762 eum,

434 1788 604 1842 indie
625 1788 882 1858 vigilans,
908 1788 1208 1843 secundum
1247 1788 1393 1858 quod
1423 1796 1541 1842 erat
1584 1788 1765 1843 omnis
1804 1787 2015 1857 species

431 1879 575 1947 eius.
608 1873 938 1949 Cognoscite
965 1879 1150 1950 igitur,
1174 1878 1269 1932 ﬁlii
1301 1878 1429 1947 mei,
1457 1879 1604 1948 quod
1651 1877 1879 1933 morior.
1906 1875 2013 1931 Fa-

433 1970 539 2026 cite
563 1970 728 2042 igitur
747 1972 1031 2027 veritatem
1066 1983 1122 2027 et
1147 1973 1416 2042 justitiam
1466 1972 1845 2044 unusquisque
1889 1984 2014 2028 cum

434 2063 684 2133 proximo
708 2078 830 2129 suo,
856 2072 910 2118 et
936 2065 1204 2135 judicium
1256 2069 1310 2122 in
1361 2067 1486 2122 ﬁdei
1538 2067 1936 2136 operationem,
1964 2077 2019 2121 et

433 2155 606 2225 legem
634 2154 849 2211 Domini
871 2166 925 2213 et
954 2160 1207 2214 mandata
1235 2159 1355 2229 ejus
1388 2158 1678 2214 custodite.
1710 2156 1836 2213 llaec
1870 2158 2016 2212 enim

433 2262 532 2302 vos
557 2262 656 2317 pro
676 2248 825 2302 omni
872 2249 1187 2306 haereditate
1215 2250 1411 2306 doceo.
1452 2248 1520 2305 Et
1557 2264 1655 2305 vos
1693 2249 1861 2320 igitur
1894 2248 2020 2302 date

434 2339 553 2395 haec
603 2340 731 2396 filiis
775 2343 974 2397 vestris
1026 2343 1082 2397 in
1141 2343 1549 2412 possessionem
1606 2342 2015 2412 sempiternam.

435 2429 552 2487 Hoc
576 2432 734 2487 enim
749 2430 995 2488 fecerunt
1017 2433 1317 2501 Abraham,
1346 2433 1498 2489 Isaac
1526 2443 1581 2488 et
1609 2431 1798 2488 Jacob.
1823 2430 2020 2486 Omnia

436 2523 554 2579 haec
583 2524 854 2580 dederunt
902 2526 1063 2582 nobis
1105 2525 1501 2593 hmreditatem,
1529 2525 1809 2580 dicentes:
1851 2544 1869 2573 ι
1905 2521 2019 2576 Cu-

436 2614 634 2669 stodite
683 2617 942 2672 mandata
997 2617 1113 2683 Dei,
1166 2633 1471 2687 usquequo
1504 2618 1706 2671 revelet
1759 2615 2023 2670 Dominus

438 2703 679 2758 salutare
729 2720 890 2760 suum
939 2707 1197 2761 omnibus
1243 2706 1515 2777 gentibus.
1566 2705 1721 2760 Tunc
1767 2702 2022 2759 videbitis

440 2794 650 2861 Enoch,
675 2795 809 2862 Noe,
848 2806 903 2852 et
926 2795 1075 2861 Sem,
1104 2806 1161 2853 et
1190 2798 1489 2866 Abraham,
1516 2808 1571 2854 et
1600 2800 1751 2855 Isaac
1774 2806 1828 2852 et
1853 2796 2023 2852 Iacob

439 2897 782 2959 resurgentes
814 2905 844 2943 a
875 2889 1082 2944 dextris
1128 2886 1181 2943 in
1212 2891 1599 2947 exsultatione.
1632 2890 1787 2945 Tunc
1826 2899 1881 2946 et
1924 2905 2026 2946 nos

443 2995 817 3052 resurgemus,
840 2985 1221 3055 unusquisque
1243 2984 1298 3038 in
1326 2993 1600 3054 sceptrum
1628 2995 1897 3052 nostrum,
1926 2985 2024 3041 ad—

2127 505 2289 568 αύτὸς
2314 503 2539 577 λήψεται
2562 504 2731 576 αὐτὴν
2750 505 2883 577 (20),
2907 506 3002 559 καὶ
3024 504 3233 559 δώδεκα
3256 505 3421 576 φυλαὶ
3445 507 3564 558 ἐκεῖ
3591 523 3683 559 συν

2124 596 2474 667 αχθήσονται,
2505 596 2601 649 καὶ
2641 598 2820 650 πάντα
2849 595 2918 649 τὰ
2948 596 3075 669 ἔθνη
3094 613 3107 625 ·
3150 597 3256 660 ἕως
3289 592 3351 652 οῦ
3395 596 3425 648 ὁ
3454 596 3707 666 ’Υψιστος

2124 686 2419 759 ἀποστείλῃ
2463 686 2597 759 (21)
2650 688 2713 740 τὸ
2766 688 3030 759 σωτήριον
3086 688 3275 754 αὑτοῦ,
3330 689 3390 741 ὲν
3443 689 3708 760 ἐπισκοπῇ

2121 779 2462 849 Μονογενοῦς
2510 780 2642 852 (22).
2692 781 2804 834 Καὶ
2842 780 3206 834 εἰσελεύσεται
3241 782 3323 844 εἰς
3364 779 3460 834 τὸν
3501 780 3710 852 πρῶτον

2123 874 2249 928 ναὸν
2283 874 2415 947 (25),
2453 874 2549 928 κα)⁵
2585 875 2701 927 ἐκεῖ
2741 871 2944 945 Κύριος
2976 872 3385 944 ὑϐρισθήσεται,
3436 871 3532 926 καὶ
3566 872 3711 939 ἐξου-

2123 965 2490 1038 θενωθήσεται
2523 965 2658 1037 (24),
2704 965 2799 1020 καὶ
2847 966 2942 1019 ἐπὶ
2991 965 3149 1030 ξύλου
3197 964 3564 1035 ὑψωθήσεται.
3604 965 3709 1018 Καὶ

2122 1058 2274 1111 ἔσται
2305 1057 2368 1111 τὸ
2397 1057 2635 1129 ἀπλωμα
2673 1056 2769 1111 τοῦ
2810 1055 2940 1111 ναοῦ
2973 1055 3309 1128 σχιζόμενον,
3340 1056 3436 1110 καὶ
3471 1057 3709 1127 καταδή-

2124 1168 2276 1205 σεται
2307 1150 2369 1204 τὸ
2408 1150 2635 1221 Πνεῦμα
2653 1147 2748 1207 τοῦ
2778 1149 2914 1203 Θεοῦ
2940 1150 3033 1202 ἐπὶ
3061 1148 3131 1202 τὰ
3163 1147 3291 1219 ἔθνη
3327 1147 3460 1220 (25),
3493 1148 3571 1212 ὡς
3601 1148 3708 1219 πῦρ

2122 1244 2507 1315 ὲκχυνόμενον.
2540 1243 2651 1295 Καὶ
2680 1239 2919 1295 ἀνελθὼν
2946 1242 3012 1295 ὲκ
3033 1240 3128 1295 τοῦ
3159 1240 3285 1313 ᾅδου
3316 1239 3470 1293 ἔσται
3493 1239 3710 1294 ἀναϐαί-

2126 1351 2227 1389 νων
2260 1332 2370 1387 ἀπὸ
2406 1333 2513 1403 γῆς
2543 1333 2628 1395 εἰς
2657 1331 2901 1403 οὐρανόν.
2944 1331 3126 1399 Ἔγνω
3166 1330 3241 1393 δὲ,
3280 1323 3391 1394 οἷος
3434 1329 3586 1383 ἔσται
3618 1346 3709 1382 τα-

2121 1426 2307 1490 πεινὸς
2327 1426 2421 1479 ἐπὶ
2440 1425 2544 1495 τῆς
2564 1423 2691 1495 γῆς,
2716 1424 2812 1478 κα).
2833 1419 2942 1487 οἷος
2963 1422 3169 1491 ἔνδοξος
3191 1424 3247 1476 ὲν
3268 1422 3500 1496 οὐρανῷ.

2190 1520 2249 1573 I’.
2283 1537 2301 1569 ι
2327 1518 2454 1572 Ὅτε
2505 1516 2564 1570 δὲ
2607 1514 2805 1586 Ἰωσὴφ
2858 1516 2915 1569 ὲν
2968 1514 3227 1586 Αἰγύπτῳ
3264 1509 3355 1586 ἦν,
3406 1514 3729 1586 ἐπεθύμουν

2123 1612 2254 1666 ἰδεῖν
2277 1610 2375 1682 τὴν
2406 1609 2546 1663 ἰδέαν
2585 1605 2751 1662 αὐτοῦ
2803 1608 2897 1660 καὶ
2939 1606 3038 1679 τὴν
3089 1606 3369 1678 μόρφωσιν
3394 1606 3495 1676 τῆς
3537 1606 3710 1675 ὅψεως

2118 1702 2312 1757 αὑτοῦ·
2344 1703 2438 1756 καὶ
2463 1700 2528 1754 δι’
2556 1698 2730 1771 εὐχῶν
2757 1696 2851 1752 τοῦ
2894 1698 3098 1768 πατρὸς
3136 1696 3329 1751 Ἰακὼὸ
3363 1695 3498 1751 εἶδον
3531 1697 3685 1752 αὐτὸ.

2117 1800 2174 1852 ἐν
2205 1797 2391 1869 ἡμέρᾳ
2419 1793 2728 1867 γρηγορῶν,
2774 1792 2895 1848 καθ’
2929 1791 2959 1845 ὃ
3005 1787 3074 1863 ἦν
3119 1793 3270 1845 πᾶσα
3300 1793 3333 1862 ή
3377 1791 3490 1845 ἰδέα
3528 1790 3692 1844 αὑτοῦ

2115 1889 2417 1944 Γινώσκετε
2446 1882 2560 1951 οῦν,
2591 1887 2755 1940 τέκνα
2785 1902 2906 1958 μου,
2948 1885 3037 1938 ὅτι
3067 1883 3411 1963 ἀποθνήσκω.
3447 1884 3714 1960 Ποιήσατε

2116 1978 2209 2040 οὖν
2237 1978 2494 2056 ἀλήθειαν
2520 1978 2614 2038 καὶ
2645 1976 2988 2054 δικαιοσύνην
3015 1977 3248 2044 ἕκαστος
3278 1979 3415 2052 μετά
3450 1979 3543 2034 τοῦ
3582 1979 3715 2050 πλη-

2120 2078 2234 2130 σίον
2265 2075 2451 2140 αὑτοῦ.
2478 2075 2573 2129 καὶ
2616 2077 2789 2147 κρῖμα
2823 2076 2904 2139 εἰς
2940 2072 3321 2142 πιστσποίησιν
3345 2069 3476 2142 (26),
3503 2071 3599 2124 κα).
3626 2069 3717 2123 τὸν

2118 2167 2284 2238 νόμον
2310 2166 2516 2238 Κυρίου
2542 2166 2753 2227 καὶτὰς
2776 2162 2994 2226 ἐντολὰς
3013 2160 3178 2216 αὐτοῦ
3207 2160 3497 2230 φυλάξατε.
3531 2158 3717 2213 Ταῦτα

2120 2260 2228 2332 γὰρ
2279 2260 2424 2330 ὑμᾶς
2474 2258 2595 2312 ἀντὶ
2645 2257 2825 2326 πάσης
2880 2253 3246 2325 κληρονομίας
3289 2251 3546 2305 διδάσκω.
3607 2251 3718 2303 Καὶ

2122 2352 2280 2422 ὑμεῖς
2302 2346 2395 2404 οὖν
2413 2350 2532 2403 δότε
2554 2347 2694 2402 αὐτά
2724 2348 2833 2410 τοῖς
2855 2346 3064 2408 τέκνοις
3083 2341 3248 2413 ’ὑμῶν
3277 2343 3357 2405 εἰς
3390 2341 3717 2411 κατάσχεσιν

2123 2443 2359 2498 αἰώνιον.
2414 2443 2589 2496 Τοῦτο
2619 2440 2727 2512 γὰρ
2759 2439 3019 2513 ἐποίησαν
3074 2433 3345 2504 Ἀἢραάμ,
3385 2433 3479 2487 κα)⁵
3511 2430 3715 2495 Ἰσαὰκ,

2122 2538 2216 2589 καὶ
2258 2534 2471 2589 Ἰακώϐ.
2509 2532 2698 2586 Ταῦτα
2744 2531 2922 2584 πάντα
2960 2529 3111 2600 ἡμᾶς
3147 2524 3714 2596 κατεκληρονόμησαν,

2123 2625 2399 2688 εἰπόντες·
2441 2642 2460 2676 ι
2507 2621 2819 2688 Φυλάξασθε
2870 2618 2969 2682 τὰς
3009 2614 3228 2678 ἐντολὰς
3266 2612 3361 2667 τοῦ
3410 2610 3571 2677 Θεοῦ,
3613 2610 3716 2673 ἓως

2123 2717 2245 2770 ὅτου
2273 2717 2302 2770 ό
2341 2714 2544 2786 Κύριος
2585 2710 2925 2782 ἀποκαλύψει
2963 2708 3024 2763 τὸ
3066 2706 3329 2777 σωτήριον
3379 2703 3547 2757 αὑτοῦ
3584 2704 3717 2756 πᾶσι

2123 2810 2236 2872 τοῖς
2267 2808 2463 2861 ἔθνεσι.
2506 2806 2639 2860 Τότε
2677 2804 2873 2875 ὄψεσθε
2908 2800 3099 2872 Ἑνὼχ,
3131 2799 3276 2862 Νῶε,
3308 2798 3405 2851 κα)⁸
3446 2798 3590 2869 Σὴμ,
3627 2797 3717 2849 καὶ

2138 2900 2408 2973 Ἀϐραὰμ,
2458 2900 2553 2954 καὶ
2595 2899 2797 2963 Ἰσαὰκ,
2843 2898 2937 2951 καὶ
2975 2892 3170 2949 Ἰακὼϐ
3209 2891 3606 2960 ἀνισταμένους
3657 2892 3719 2942 ὲκ

2125 2994 2315 3062 δεξιῶν
2363 2996 2421 3047 ὲν
2450 2991 2785 3061 ἀγαλλιάσει.
2824 2990 2932 3062 (27)
2974 2989 3107 3043 Τότε
3142 2988 3238 3043 καὶ
3278 2987 3441 3059 ἡμεῖς
3480 2985 3719 3051 ἀναπη-

445 3082 673 3130 orantes
704 3073 905 3146 Regem
950 3077 1235 3141 caelorum,
1264 3076 1359 3147 qui
1400 3076 1453 3130 in
1499 3084 1642 3130 terra
1677 3077 1929 3146 apparuit
1971 3076 2025 3131 in

2134 3087 2356 3159 σόμεθα,
2384 3086 2610 3149 ἕκαστος
2640 3085 2733 3139 ἐπὶ
2773 3084 3048 3157 σκῆπτρον
3076 3084 3251 3155 ἡμῶν,
3282 3075 3717 3159 προσκυνοῦντες

439 3166 614 3222 forma
632 3165 885 3222 humanae
898 3167 1245 3224 humilitatis.
1264 3166 1609 3238 thuotquot
1624 3168 2029 3224 credideruntei

438 3258 494 3313 in
510 3267 674 3325 terra,
689 3259 1105 3330 congaudebunt
1123 3260 1194 3325 ei,
1209 3259 1429 3330 quando
1439 3270 1493 3314 et
1515 3273 1707 3315 omnes
1721 3268 2025 3330 resurgant,

440 3353 496 3407 hi
518 3352 740 3423 quidem
777 3354 831 3406 in
875 3353 1127 3424 gloriam,
1163 3353 1253 3409 isti
1284 3368 1415 3408 vero
1453 3353 1509 3408 in
1546 3354 1924 3424 ignominiam.
1962 3352 2030 3409 Et

438 3443 705 3514 jndicabit
733 3443 1001 3501 Dominus
1044 3445 1099 3499 in
1147 3444 1339 3515 primis
1385 3443 1573 3511 Israel,
1612 3444 1680 3500 de
1709 3460 1773 3500 ea
1807 3460 1930 3515 qua:
1970 3445 2028 3500 in

439 3536 643 3605 ipsum,
687 3537 978 3608 injustitia,
1019 3537 1282 3608 quoniam
1328 3537 1706 3592 advenientem
1755 3536 1924 3593 Deum
1970 3536 2026 3591 in

440 3651 607 3691 carne
634 3635 981 3690 liberatorem
1022 3648 1131 3688 non
1164 3631 1529 3687 crediderunt.
1570 3632 1636 3687 Et
1664 3632 2029 3702 tuncjudica-

439 3727 523 3781 bit
550 3741 744 3781 omnes
772 3734 982 3796 gentes,
1013 3735 1285 3796 quotquot
1330 3740 1439 3781 non
1472 3722 1825 3781 crediderunt
1870 3723 1921 3779 ei
1970 3722 2027 3777 in

443 3829 588 3877 terra
618 3822 936 3890 apparenti;
977 3830 1031 3877 et
1058 3831 1248 3890 arguet
1273 3821 1329 3875 in
1356 3821 1545 3887 electis
1574 3822 1814 3892 gentium
1836 3819 2026 3888 Israel,

441 3913 905 3983 quemadmodum
938 3915 1215 3984 redarguit
1259 3913 1404 3970 Esau
1444 3914 1498 3969 in
1538 3913 1838 3981 Madinaeis,
1864 3913 2029 3970 scdu-

441 4003 693 4060 ccntibus
724 4012 783 4057 ut
822 4003 990 4059 frater
1012 4019 1198 4059 eorum
1240 4005 1391 4060 ﬁeret
1417 4020 1513 4074 per
1536 4003 1952 4060 fornicationem
1972 4011 2030 4060 et

443 4082 844 4161 idololatriam;
878 4103 935 4150 et
978 4094 1270 4150 abalienati
1316 4102 1444 4152 sunt
1472 4111 1504 4152 a
1536 4095 1671 4163 Deo,
1713 4095 2028 4151 excidentes

444 4193 514 4248 ab
538 4189 851 4247 haereditate
875 4189 1136 4253 ﬁliorum,
1176 4190 1270 4260 qui
1314 4206 1422 4247 non
1466 4190 1661 4246 timent
1688 4189 1859 4245 Deum
1888 4190 2025 4263 (51).

444 4282 556 4341 Vos
584 4292 765 4341 autem
789 4283 837 4340 si
864 4282 1155 4338 ambuletis
1184 4282 1240 4337 in
1268 4282 1700 4339 sanctiﬁcatione
1725 4282 2026 4339 secundum

520 4574 633 4645 (19)
673 4572 860 4645 Ὑμῖν.
915 4574 1087 4645 ’Υπὲρ
1132 4572 1223 4626 τὸν
1263 4570 1481 4644 πρῶτον
1518 4570 1641 4627 add.
1681 4570 1804 4628 cod.
1850 4569 2029 4627 Oxon.
2063 4550 2109 4607 θ

447 4645 616 4701 (ΞειΑιι.

519 4715 633 4785 (20)
662 4718 793 4771 Ὅτι
824 4715 1009 4781 αὐτὸς
1041 4712 1535 4785 λήψεταιάαὺτῄν.
1565 4711 1791 4769 Desunt.
1820 4712 1896 4769 in.

518 4782 634 4854 (2i)
677 4788 1057 4853 Ἀποστείλῃ.
1100 4782 1414 4838 Ἀνατείλει.
1447 4782 1524 4854 Id.

516 4852 632 4927 (22)
659 4852 1060 4927 Μονογενοῦζ.
1096 4855 1391 4927 Προφήτου
1425 4853 1553 4908 add.
1590 4855 1714 4927 cod.
1751 4852 1925 4909 Oxon.
1960 4854 2038 4911 In.

516 4872 632 4927 (zz;
659 4872 1060 4927 Μονογενους.
1098 4872 1387 4979 ιιὸοφητου
1425 4872 1553 4908 auo.
1590 4872 1714 4910 cou.
1751 4872 1925 4909 uxon.
1961 4872 2037 4911 ID.

511 4929 626 4995 (25)
653 4927 894 4997 Πρῶτον
924 4927 1093 4981 ναόν.
1162 4940 1249 4997 οι
1280 4923 1493 4995 πρῶτος
1521 4941 1628 4997 non
1666 4926 1736 4980 de
1774 4935 2037 4993 tempore,

449 5000 543 5055 sed
595 4996 715 5054 loco
761 5007 847 5054 est
890 4996 1210 5063 explicanda
1244 5013 1261 5061 ;
1293 5010 1469 5063 neque
1497 4996 1640 5049 enim
1679 5005 1869 5050 auctor
1896 5004 2036 5050 tem-

449 5013 543 5055 seu
595 5013 715 5054 loco
761 5013 847 5054 εει
890 5014 951 5051 ex
999 5013 1210 5051 ncanaa
1244 5013 1261 5061 ;
1293 5013 1469 5063 neque
1497 5013 1640 5049 enim
1679 5013 1869 5050 auctor
1896 5013 2036 5050 tem-

448 5070 599 5140 plum
638 5071 872 5139 primum
901 5084 931 5122 a
959 5013 1253 5123 galomone
1294 5065 1701 5140 conditum__hic
1740 5066 2039 5140 intelligere

448 5136 653 5210 potuit,
684 5140 778 5196 sed
808 5140 874 5193 ad
906 5139 1137 5210 primam
1172 5144 1382 5210 partem
1394 5207 1403 5210 _
1433 5136 1631 5210 templi
1651 5152 1772 5206 quae
1818 5136 2041 5210 diceba-

452 5206 542 5266 tur
587 5210 869 5274 Sanctum,
906 5206 1149 5276 digitum
1199 5207 1502 5261 intendisse
1546 5206 1780 5261 videtur.
1835 5206 2038 5261 Cedam

452 5291 632 5337 tamen
666 5283 771 5336 hac
792 5280 1155 5350 expositione,
1187 5276 1280 5331 ubi
1318 5276 1483 5331 aliam
1512 5277 1791 5332 meliorem
1821 5276 2037 5333 allatam

448 5353 656 5409 videro.
692 5353 768 5407 lo.

452 5490 497 5547 0
525 5424 641 5493 (24)
668 5424 799 5547 ΙΚαὶ
839 5420 1406 5490 ὲξουθενωθήσεται.
1476 5419 1683 5476 Desunt
1726 5414 1792 5491 ⁸ἰιι
1854 5416 2042 5476 Graeco

501 5509 628 5547 xon.
689 5512 741 5547 ι).

501 5509 628 5547 xon.
668 5494 741 5549 In.

520 5564 634 5632 (25)
675 5565 1087 5631 Καταϐήσεται
1134 5560 1369 5632 πνεῦμα
1420 5562 1566 5616 Θεοῦ
1611 5560 1711 5614 ἐπὶ
1756 5558 1835 5632 rei
1871 5561 2036 5630 ἔθνη.

452 5629 636 5688 Innuit
665 5646 855 5689 auctor
882 5629 1047 5690 verbo
1075 5629 1478 5703 καταϐήσεται,
1529 5632 1645 5686 fore
1694 5637 1753 5685 ut
1802 5629 2039 5703 Spiritus

453 5712 678 5775 sanctus
728 5720 759 5758 a
808 5704 1089 5775 Synagoga
1114 5701 1426 5759 Judasm‘um
1454 5702 1756 5771 auferatur,
1791 5711 1845 5758 ct
1881 5702 2038 5759 detur

453 5773 707 5832 Ecclesia:
736 5773 999 5846 gentium.
1035 5774 1108 5828 In.

2129 3154 2221 3235 τὸν
2249 3179 2484 3235 Βασιλέα
2519 3178 2628 3232 τῶν
2672 3154 2936 3251 οὐρανῶν,
2956 3154 2967 3157 ἡ
2990 3177 3082 3231 τὸν
3100 3154 3103 3155 ν
3123 3175 3217 3229 ὲπ).
3257 3173 3363 3245 γῆς
3392 3154 3642 3242 φανέντα.
3663 3167 3720 3219 ὲν

2133 3273 2314 3345 μορφῇ
2365 3254 2652 3343 ἀνθρώπω
2700 3266 3083 3335 ταπεινώσεως
3118 3264 3251 3337 (28).
3299 3262 3411 3317 Καὶ
3454 3261 3569 3314 δσοι
3602 3255 3721 3311 επι-

2132 3382 2361 3420 στευσαν
2383 3363 2535 3435 αὐτῷ
2557 3363 2649 3416 ἐπὶ
2674 3360 2799 3432 γῆς,
2825 3361 3267 3433 συγχαρήσονται
3294 3354 3465 3427 αὐτῷ,
3487 3354 3582 3408 ὅτε
3610 3347 3718 3422 (29)

2129 3456 2224 3509 καὶ
2248 3455 2448 3518 πάντες
2474 3453 2888 3524 ἀναστήσονται,
2920 3452 2969 3505 οἱ
2997 3449 3098 3521 μὲν
3124 3451 3203 3513 εἰς
3241 3446 3420 3514 δόξαν,
3452 3444 3504 3498 οἱ
3543 3442 3601 3496 δὲ
3642 3444 3721 3505 εἰς

2129 3548 2375 3620 ἀτιμίαν.
2405 3547 2517 3600 Καὶ
2539 3547 2716 3618 κρινεῖ
2751 3543 2956 3616 Κύριος
2994 3544 3053 3596 ὲν
3092 3541 3330 3614 πρώτοις
3351 3540 3446 3593 τὸν
3484 3537 3717 3611 Ἰσραὴλ,

2128 3640 2376 3713 περὶτῆς
2400 3641 2480 3702 εἰς
2518 3638 2679 3694 αὑτὸν
2721 3636 2954 3701 ἀδικίας,
2982 3636 3064 3689 ὅτι
3111 3633 3555 3706 παραγενόμενον
3585 3629 3717 3699 Θεδν

2129 3737 2186 3787 ὲν
2217 3734 2382 3804 σαρκὶ
2403 3731 2772 3803 ὲλευθερωτὴν
2797 3730 2898 3783 οὐκ
2932 3729 3279 3783 ἐπίστευσαν.
3308 3721 3419 3779 Καὶ
3454 3724 3575 3778 τότε
3602 3740 3719 3792 κρι-

2128 3824 2210 3879 νεῖ
2235 3823 2413 3877 πάντα
2433 3820 2502 3875 τὰ
2525 3820 2673 3891 ἔθνη,
2698 3821 2800 3874 ὅσα
2840 3819 2942 3872 οὐκ
2970 3817 3296 3872 ἐπίστευσαν
3330 3813 3481 3885 αὐτῷ
3505 3815 3597 3866 sui.
3618 3812 3720 3883 γῆς

2129 3914 2382 3983 φανέντι·
2408 3914 2504 3968 καὶ
2528 3912 2734 3982 ἐλέγξει
2772 3914 2830 3967 ὲν
2854 3915 2969 3976 τοῖς
2997 3910 3277 3973 ἐκλεκτοῖς
3298 3906 3409 3961 τῶν
3437 3905 3605 3959 ἐθνῶν
3628 3904 3718 3958 τὸν

2141 4005 2374 4078 Ἰσραὴλ,
2399 4004 2587 4077 ὥσπερ
2611 4003 2806 4076 ἤλεγξε
2830 4003 2922 4058 τὸν
2951 4001 3119 4057 Ἠσαῦ
3145 4003 3202 4055 ἐν
3226 4001 3340 4063 τοῖς
3362 3996 3717 4068 Μαδηναίοις,

2126 4102 2240 4164 τοῖς
2264 4101 2611 4172 ἀπατήσασιν
2635 4098 2745 4171 (ὅθ)
2774 4096 3000 4166 ἀδελφὸν
3026 4094 3207 4151 αὐτῶν
3232 4092 3489 4164 γενέσθαι
3509 4089 3598 4144 διὰ
3618 4088 3721 4158 τῆς

2128 4189 2405 4261 πορνείας,
2444 4189 2662 4261 καὶτῆς
2702 4187 3143 4261 είδωλολατρείας
3163 4203 3177 4217 ·
3216 4184 3311 4240 καὶ
3345 4179 3718 4256 ἀπηλλοτριὼ-

2131 4281 2305 4354 θησαν
2328 4281 2485 4336 Θεοῦ.
2514 4281 2800 4353 Γενόμενοι
2844 4275 2960 4347 οὖν,
3001 4277 3188 4344 τέκνα,
3210 4277 3271 4330 ὲν
3318 4275 3499 4349 μερίδι
3526 4271 3721 4345 (90600-

2207 4570 2320 4642 (26)
2349 4570 2460 4624 Kal
2477 4560 3453 4642 κρῖμαᾹεῑςῌπιᾳτοποίησινρωὶεεε
3475 4569 3621 4642 sunt.

2212 4630 2325 4710 (27')
2366 4630 2622 4710 Tdts'xai
2646 4630 3398 4710 Mig_draam_o'dgspfz....
3439 4632 3560 4710 καὶΔ
3575 4630 3721 4710 πάις-

2137 4700 2233 4777 ne
2267 4700 2737 4775 dirao'ﬂio'ortdi,
2783 4700 2838 4760 ἱιι
2879 4705 2997 4775 μὲν
3038 4707 3127 4769 εὶς
3158 4700 3382 4767 δόξαν,
3424 4705 3485 4777 οξ
3524 4700 3595 4754 δὲ
3637 4704 3722 4767 εις

2137 4770 2395 4851 ἁτὶμίαν.
2429 4770 2629 4851 Ultima
2660 4778 2825 4833 verba
2871 4770 3157 4851 desumpta
3185 4784 3314 4851 sunt
3340 4770 3589 4851 θερέω.
3611 4789 3715 4851 ἔῃ,

2137 4853 2194 4918 2,
2219 4841 2421 4922 quibus
2450 4851 2590 4922 hanc
2621 4850 2675 4903 in
2698 4863 2813 4902 rem
2837 4846 3017 4922 citatis
3038 4841 3264 4922 quoque
3283 4843 3339 4897 in
3372 4842 3579 4922 Midra‘s
3601 4841 3721 4922 _Til-

2137 4913 2417 4992 lim'super
2450 4919 2835 4992 psalm.__xcni,
2866 4932 2918 4969 ν.
2949 4916 3007 4992 2,
3036 4913 3189 4970 idem’
3207 4914 3274 4968 de
3294 4913 3721 4992 (resuscitatione

2137 4984 2481 5047 mortuorum
2528 5006 2622 5060 per
2647 4984 2923 5060 Messiam_
2944 4988 3171 5060 docetur
3204 4984 3352 5054 quad
3383 4990 3578 5060 auctor
3622 4998 3722 5039 no-

2137 5071 2247 5117 ster
2275 5064 2433 5118 dixit.
2462 5054 2639 5116 verba
2688 5060 2762 5114 ibi
2805 5073 2866 5112 se
2910 5057 3116 5111 habent
3161 5062 3478 5123 sequentem
3520 5054 3576 5109 in
3603 5070 3716 5109 mu-

2137 5135 2266 5188 dum
2294 5152 2307 5187 :
2346 5152 2364 5183 ι
2395 5132 2662 5187 Futurum
2708 5136 2792 5184 est
2825 5134 2884 5181 ut
2923 5127 3074 5183 nasci
3106 5125 3271 5179 faciat
3296 5123 3571 5193 (Messias)
3602 5140 3721 5179 om—

2138 5219 2237 5259 nes
2287 5204 2622 5259 dormientes
2668 5200 2725 5254 in
2780 5198 3019 5267 pulvere.
3073 5193 3334 5267 Dixitll.
3386 5193 3716 5267 Nachman:

2140 5274 2481 5328 Dormientes
2502 5273 2556 5326 in
2581 5265 2802 5341 pulvere
2825 5275 2955 5341 sunt
2970 5266 3190 5341 mortui,
3210 5265 3353 5321 sicut
3368 5265 3577 5341 dictum
3601 5274 3718 5319 est:

2140 5343 2206 5400 Et
2231 5345 2388 5400 multi
2412 5345 2480 5400 de
2500 5338 2600 5398 bis
2615 5340 2712 5411 qui
2732 5338 3015 5395 dormiunt
3040 5338 3096 5393 in
3116 5344 3275 5392 terra:
3297 5338 3542 5406 pulvere,
3567 5354 3589 5388 ι
3614 5344 3718 5391 etc.

2141 5419 2219 5473 lo.
2776 5426 2785 5433 ‘

2210 5486 2325 5557 (28)
2356 5482 2790 5557 Ταπεινῴᾳεως.
2822 5479 3002 5557 Deest.
3037 5478 3115 5557 lp.

2207 5549 2322 5627 (29)
2380 5558 2534 5609 Ὅτε.
2564 5552 2700 5627 Τότε
2732 5566 2848 5627 ms.
2873 5549 3027 5627 Trin.
3059 5551 3133 5604 In.

2207 5617 2322 5699 (ὅθ)
2358 5623 2788 5691 Ἀπατήσασιγ.
2808 5621 3193 5693 Ἀπιστησασιν
3216 5620 3379 5675 habet
3395 5617 3519 5674 cod.
3545 5617 3721 5674 Oxon.

2136 5700 2214 5755 In.

2214 5771 2326 5842 (51)
2358 5767 2673 5844 Euidentes
2724 5763 2787 5821 ab
2836 5762 3143 5820 hwrcdilate
3186 5762 3439 5833 ﬁliorum,
3475 5760 3570 5831 qui
3620 5774 3722 5815 non
