3958 6132
244 319 390 375 1169

1416 321 1792 379 TESTAMEN
1797 323 1946 380 TUM
2002 325 2350 389 BENJAMIN.

3394 345 3534 402 H50

244 436 430 506 μένων
455 427 774 508 τδνΚύριον
793 455 805 468 ·
837 438 992 507 ὑμεῖς
1019 437 1074 490 δὲ
1102 438 1196 491 ἐὰν
1228 438 1533 510 πορεύησθε
1582 443 1638 494 ἐν
1679 442 1822 508 ἅγια·

1943 441 2134 501 l‘aciem
2162 447 2398 515 Domini,
2428 466 2622 508 rursus
2663 451 2978 509 habitabilis
3009 453 3062 508 in
3088 469 3184 524 spe
3216 453 3272 510 in
3318 479 3412 522 me
3437 483 3454 523 ;
3483 477 3542 523 ας

241 528 370 599 σμῷ
413 529 561 582 κατά
599 531 886 600 πρόσωπον
922 531 1147 602 Κυρίου,
1183 531 1343 587 πάλιν
1385 535 1738 605 κατοικήσετε
1777 536 1835 587 ἐν

237 615 422 674 ἐλπίδι
452 624 512 676 ἐν
552 623 703 694 ἐμοί·
735 625 825 676 καὶ
865 624 1263 696 συναχθήσεται
1305 625 1440 698 πρὸς
1483 626 1685 697 Κύριον
1729 628 1837 692 πᾶς

250 715 503 788 Ἰσραήλ.

311 773 476 860 I.A'.'¢
498 809 606 860 Καὶ
629 773 728 860 ούκ
755 807 834 862 ἔτι
854 808 1194 881 κληθήσομαι
1221 809 1382 874 λύκος
1406 812 1608 884 ἅρπαξ,
1633 813 1719 867 διὰ
1736 813 1851 878 τὰς-

235 897 509 966 ἁρπαγὰς
532 898 706 968 ὑμῶν,
730 899 843 952 ἀλλ’
887 900 1124 971 ἐργάτης
1167 903 1394 972 Κυρίου,
1425 904 1669 960 διαδιδὼν
1706 923 1833 975 τρο-

236 989 347 1060 φὴν
372 993 487 1052 τοῖς
525 991 909 1060 ἐργαζομένοις
950 991 1010 1042 τὸ
1057 992 1276 1059 ἀγαθόν.
1322 995 1431 1048 Καὶ
1469 996 1832 1067 ἀναστήσεται

235 1079 303 1130 ἐκ
326 1077 426 1130 τοῦ
457 1080 771 1152 σπέρματός
799 1097 900 1151 μου
946 1083 1002 1133 ἐν
1047 1083 1293 1155 ὑστέροις
1316 1089 1526 1157 καιροῖς
1551 1087 1833 1157 ἀγαπητὸς

233 1171 475 1241 Κυρίου,
505 1173 718 1226 ἀκούων
757 1176 854 1248 τὴν
902 1176 1012 1249 (52)
1042 1179 1221 1251 φωνὴν
1263 1179 1449 1244 αὐτοῦ,
1492 1181 1690 1248 γνῶσιν
1721 1180 1830 1251 (55)

234 1263 436 1336 καινὴν
467 1266 715 1335 φωτίζων
742 1269 920 1324 πάντα
955 1269 1023 1322 τὰ
1067 1268 1214 1342 ἔθνη,
1242 1270 1358 1340 φῶς
1382 1268 1634 1341 γνώσεως
1659 1275 1832 1344 ἐπεμ-

229 1355 442 1411 ϐαίνων
470 1359 579 1430 (54)
605 1362 662 1413 ἐν
689 1361 930 1434 σωτηρίᾳ
952 1363 1030 1435 τῷ
1071 1364 1304 1435 Ἰσραὴλ,
1335 1366 1426 1418 καὶ
1466 1365 1726 1437 ἁρπάζων
1755 1367 1832 1432 ὡς

227 1447 401 1514 λύκος
429 1452 526 1505 ἀπ’
547 1451 725 1506 αὐτῶν
740 1469 752 1483 ο
773 1452 866 1505 καὶ
891 1453 1065 1518 διδοὺς
1083 1457 1149 1525 τῇ
1170 1455 1466 1527 Συναγωγῇ
1489 1456 1597 1511 τῶν
1627 1457 1795 1512 ἐθνῶν
1813 1476 1826 1489 ’

226 1541 323 1593 καὶ⁹
349 1540 463 1604 ἕως
489 1542 796 1607 συντελείας
837 1543 946 1597 τῶν
989 1543 1200 1598 αἰώνων
1242 1545 1394 1599 ἔσται
1443 1548 1500 1599 ἐν
1541 1549 1662 1610 ταῖς
1707 1563 1830 1600 συν-

225 1633 486 1696 αγωγαῖς
509 1631 616 1684 τῶν
641 1631 829 1696 ἐθνῶν,
876 1632 969 1686 καὶ
1017 1635 1072 1686 ἐν
1110 1635 1223 1696 τοῖς
1255 1633 1509 1705 ἄρχουσιν
1550 1634 1727 1687 αὐτῶν
1753 1635 1829 1698 ὡς

228 1723 501 1790 μουσικὸν
530 1724 690 1794 μέλος
730 1727 790 1778 ἐν
838 1726 1062 1796 στόματι
1105 1728 1319 1782 πάντων
1343 1744 1355 1758 ⁸
1403 1729 1496 1782 καὶ
1532 1729 1588 1782 ἐν
1625 1728 1827 1799 βίϐλοις

222 1816 351 1876 ταῖς
377 1815 568 1882 ἁγίαις
610 1816 761 1871 ἔσται
803 1819 1280 1890 ἀναγραφόμενος,
1300 1821 1398 1874 καὶ
1439 1821 1500 1874 τὸ
1524 1796 1704 1893 ἔργον,
1733 1822 1828 1875 καὶ
1859 1796 1900 1851 Β

222 1908 252 1959 ὁ
275 1907 442 1976 λόγος
469 1907 634 1961 αὐτοῦ
650 1927 662 1939 ·
692 1911 785 1963 καὶ
810 1910 963 1964 ἔσται
987 1911 1243 1977 ἐκλεκτὸς
1267 1912 1401 1966 Θεοῦ
1449 1914 1552 1978 ἕως
1578 1913 1672 1967 τοῦ
1695 1914 1832 1968 αίῶ-

222 2016 349 2062 νος·
385 2000 487 2052 καὶ
509 1999 577 2052 δι’
604 2000 768 2054 αὐτὸν
811 2002 1056 2055 συνέτισέ
1084 2022 1151 2074 με
1194 2003 1385 2058 Ἰακὼὸ
1425 2006 1453 2058 ὁ
1494 2008 1675 2077 πατήρ
1701 2024 1824 2076 μου,

222 2089 405 2160 λέγων
424 2109 437 2121 ·
479 2111 497 2143 ι
529 2093 699 2156 Αὐτὸς
724 2093 1194 2165 ἀναπληρώσειτά
1226 2098 1576 2170 ὑστερήματα
1600 2097 1700 2169 τῆς
1723 2117 1826 2170 φυ-

223 2182 326 2253 λῆς
351 2201 472 2236 σου.
510 2204 528 2235 ι

291 2276 395 2328 IB'.
427 2277 541 2329 Καὶ
579 2277 655 2341 ὡς
697 2278 981 2351 ἐπλήρωσε
1019 2280 1145 2343 τοὺς
1181 2279 1373 2349 λόγους
1413 2281 1598 2345 αὐτοῦ,
1637 2277 1822 2335 εἶπεν·

229 2387 247 2420 ι
303 2368 659 2438 Ἑντέλλομαι
702 2371 850 2441 ὑμῖν,
879 2370 1043 2424 τέκνα
1087 2389 1209 2442 μου,
1241 2371 1568 2441 ἀνενέγκατε
1603 2373 1672 2426 τὰ
1694 2375 1828 2428 ὀστᾶ

226 2476 330 2528 μου
359 2459 419 2526 ἐξ
445 2460 745 2528 Αἰγύπτου,
782 2465 877 2516 καὶ
917 2463 1122 2530 edem
1163 2480 1228 2534 με
1273 2466 1353 2528 εἰς
1397 2465 1622 2538 Χεϐρὼν
1661 2469 1826 2536 ἐγγὺς

221 2551 333 2605 τῶν
359 2553 618 2626 πατέρων
649 2573 770 2626 μου.
810 2575 827 2607 ι
855 2557 964 2611 Καὶ
987 2558 1224 2611 ἀπέθανε
1247 2557 1510 2630 Βενιαμὶν
1531 2567 1641 2631 ρκε¹
1665 2561 1821 2628 ἐτῶν,

223 2646 281 2696 ἐν
308 2647 476 2717 γήρει
503 2646 673 2718 καλῷ,
719 2648 812 2700 καὶ
843 2647 1045 2718 ἔθηκαν
1069 2648 1232 2703 αὑτὸν
1265 2651 1322 2702 ἐν
1349 2650 1646 2724 παραθήκῃ
1689 2652 1819 2723 (55).

224 2741 337 2794 Καὶ
364 2743 423 2793 ἐν
450 2741 532 2812 τῷ
556 2742 894 2812 ἐνενηκοστῷ
932 2742 1057 2815 ἔτει,
1086 2743 1188 2814 τῆς
1221 2743 1397 2809 ἐξόδου
1425 2743 1534 2816 (56)
1559 2745 1666 2798 τῶν
1695 2746 1824 2799 υἱῶν

237 2833 460 2904 Ἰσραὴλ
507 2832 564 2900 ἐξ
609 2834 906 2902 Αἰγύπτου,
933 2836 1086 2889 αὐτοὶ
1123 2836 1216 2889 καὶ
1263 2837 1312 2889 oi
1351 2836 1571 2905 ἀδελφοὶ
1618 2837 1818 2904 αὐτῶν,

224 2925 506 2996 ἀνήγαγον
529 2926 596 2979 τὰ
619 2928 753 2980 ὀστᾶ.
790 2927 898 2981 τῶν
943 2929 1191 3001 πατέρων
1233 2929 1412 2984 αὐτῶν
1440 2931 1496 2983 ἐν
1533 2934 1736 3003 κρυφῇ,
1765 2933 1822 2985 ἐν

223 3023 377 3090 τόπῳ
403 3021 680 3093 λεγομένῳ
711 3021 822 3092 (57)
851 3023 1102 3076 Χαναάν·
1157 3025 1249 3076 καὶ
1283 3023 1487 3093 ἔθαψαν
1531 3025 1727 3086 αὐτοὺς
1764 3026 1823 3078 ἐν

1941 542 2364 612 congregabitur
2386 545 2567 601 omnis
2590 544 2755 602 Israel
2777 546 2846 602 ad
2869 546 3184 603 Dominum.

2005 810 2096 865 Xl.
2132 832 2150 864 ι
2182 813 2250 868 Et
2271 829 2382 870 non
2425 814 2660 885 amplius
2692 813 2931 870 vocabor
2970 814 3133 884 lupus
3173 827 3363 884 rapax,
3387 825 3522 882 pro.

1933 911 2054 973 pter
2079 906 2300 975 rapinas
2329 915 2560 966 vestras.
2602 906 2695 961 sed
2726 913 2980 976 operator
3005 904 3242 971 Domini,
3271 903 3521 958 tribuens

1933 997 2116 1052 cibum
2163 999 2515 1067 operantibus
2560 999 2784 1053 bonum.
2830 997 2896 1052 Et
2937 996 3291 1052 suscitabitur
3322 1012 3389 1050 ex
3434 1009 3520 1049 se-

1933 1090 2080 1143 mine
2114 1104 2237 1143 meo
2281 1091 2333 1143 in
2372 1091 2631 1146 extremis
2655 1089 2990 1159 temporibus
3016 1087 3246 1143 dilectus
3275 1085 3516 1153 Domini,

1933 1181 2162 1236 audiens
2211 1196 2400 1236 vocem
2452 1182 2603 1251 ejus,
2653 1182 2965 1252 cognitione
3005 1194 3146 1235 nova
3195 1176 3515 1232 illuminans

1933 1290 2125 1330 omnes
2151 1271 2360 1345 gentes,
2388 1275 2563 1329 lucem
2605 1274 2933 1345 cognitionis
2979 1271 3282 1327 accendens
3326 1268 3514 1324 lsraeli

1933 1362 1987 1416 in
2015 1365 2267 1429 salutem,
2290 1372 2342 1418 et
2363 1364 2581 1434 rapiens
2603 1375 2662 1418 ut
2682 1366 2846 1434 lupus
2867 1363 2935 1419 ab
2958 1362 3112 1433 ipsis,
3135 1369 3190 1416 et
3213 1362 3351 1416 dans
3373 1359 3514 1431 Syn-

1931 1472 2116 1528 agogae
2141 1459 2412 1530 gentium;
2456 1467 2510 1513 et
2548 1473 2722 1528 usque
2768 1459 2821 1512 in
2853 1457 3381 1514 consummationem
3410 1469 3514 1510 sa:-

1931 1551 2181 1607 culorum
2210 1553 2318 1607 erit
2350 1552 2406 1605 in
2445 1550 2738 1623 synagogis
2766 1549 3025 1620 gentium,
3052 1557 3107 1603 et
3154 1549 3209 1603 in
3250 1545 3513 1618 principi-

1930 1647 2034 1703 bus
2057 1661 2244 1700 earum
2279 1646 2418 1701 sicut
2452 1645 2721 1700 musicum
2751 1643 2918 1698 melos
2949 1643 3003 1696 in
3031 1657 3124 1697 ore
3153 1639 3431 1703 omnium;
3455 1645 3512 1692 et

1931 1738 1984 1792 in
2018 1738 2173 1792 libris
2203 1740 2407 1792 sanctis
2445 1737 2550 1792 erit
2593 1735 2908 1805 inscriptus,
2939 1743 2995 1788 et
3042 1747 3201 1802 opus,
3238 1739 3290 1785 et
3325 1744 3510 1784 sermo

1929 1835 2078 1905 ejus;
2102 1825 2161 1888 et'
2184 1834 2288 1888 erit
2318 1832 2522 1886 electus
2549 1829 2646 1884 Dei
2671 1844 2846 1898 usque
2877 1827 2930 1880 in
2957 1819 3254 1882 saeculum:
3287 1833 3343 1880 et
3380 1839 3508 1894 pro-

1929 1937 2046 1998 pter
2075 1926 2251 1995 ipsum
2279 1922 2536 1978 instruxit
2577 1937 2665 1976 me
2689 1929 2845 1990 pater
2874 1933 3031 1974 meus
3064 1916 3255 1986 Iacob,
3278 1915 3504 1972 dicens:

1935 2038 1954 2070 ι
1989 2016 2107 2088 Ipse
2129 2014 2360 2082 replebit
2384 2011 2629 2068 defectus
2659 2009 2836 2066 tribus
2863 2018 2987 2064 tua.
3020 2027 3040 2059 ι

1997 2286 2112 2342 ΧΠ.
2142 2285 2208 2341 Ει
2233 2293 2293 2340 ut
2315 2283 2556 2353 implevit
2577 2293 2860 2336 sermones
2883 2291 3032 2343 suos,
3055 2275 3192 2330 dixit
3219 2294 3232 2329 :
3261 2293 3280 2326 ι
3309 2273 3507 2330 Mando

1927 2383 2102 2448 vobis,
2140 2381 2234 2435 lilii
2265 2379 2392 2444 mei,
2429 2375 2626 2432 referte
2656 2389 2781 2429 ossa
2806 2387 2926 2426 mea
2954 2387 3020 2426 ex
3044 2368 3302 2442 IEgypto,
3330 2378 3386 2424 et
3419 2385 3505 2424 se-

1926 2475 2084 2544 pelite
2101 2473 2254 2527 mein
2270 2469 2486 2526 Hebron
2511 2482 2676 2539 prope
2704 2474 2885 2536 patres
2909 2479 3082 2519 meos.
3107 2483 3125 2516 ι
3160 2463 3226 2518 Et
3251 2472 3505 2518 mortuus

1925 2579 2007 2622 est
2045 2565 2328 2634 Beniamin
2379 2571 2598 2618 centum
2639 2559 2829 2630 viginti
2857 2572 3128 2612 annorum
3173 2565 3228 2612 et
3263 2555 3506 2626 quinque

1924 2663 1979 2716 in
2011 2667 2288 2714 senectute
2311 2657 2482 2720 bona;
2509 2662 2561 2708 et
2601 2662 2900 2720 posuerunt
2923 2665 3047 2704 eum
3075 2650 3128 2702 in
3157 2649 3333 2702 theca.
3359 2646 3425 2700 Et
3445 2646 3503 2700 in

1925 2751 2277 2821 nonagesimo
2306 2748 2482 2818 primo
2509 2762 2653 2801 anno
2680 2753 2804 2800 ante
2837 2743 3042 2797 exitum
3071 2740 3305 2795 ﬁliorum
3335 2738 3504 2794 Israel

1923 2863 1988 2902 ex
2016 2845 2272 2916 Egypto,
2304 2842 2406 2912 ipsi
2445 2849 2498 2895 et
2537 2838 2735 2894 fratres
2772 2852 2961 2892 eorum
3001 2835 3335 2890 reduxerunt
3374 2847 3504 2887 ossa

1923 2947 2139 3009 patrum
2187 2949 2413 2991 suorum
2457 2934 2511 2988 in
2559 2930 2900 2997 abscondito,
2953 2929 3008 2982 in
3063 2927 3245 2982 locum
3293 2924 3502 2981 dictum

1923 3031 2217 3092 Chanaan;
2252 3036 2306 3082 et
2335 3025 2699 3095 sepeliverunt
2735 3037 2832 3076 eos
2865 3020 2920 3074 in
2953 3019 3194 3083 Henron,
3222 3018 3377 3089 juxta
3405 3031 3500 3086 pe-

223 3111 475 3184 Χεϐρὼν,
505 3112 658 3184 παρά
698 3113 825 3175 τοὺς
860 3113 1027 3177 πόδας
1053 3113 1162 3167 τῶν
1192 3115 1443 3186 πατέρων
1479 3116 1676 3169 αὐτῶν.
1705 3117 1815 3169 Καὶ

1933 3131 2013 3184 les
2045 3131 2257 3193 patrum
2289 3133 2540 3174 suorum.
2578 3115 2643 3169 Et
2684 3115 2786 3184 ipsi
2839 3113 3044 3168 reversi
3085 3120 3213 3168 sunt
3251 3127 3320 3165 ex
3355 3123 3499 3166 terra

225 3203 383 3256 αὐτοὶ
434 3203 774 3274 ἐπέστρεψαν
809 3204 873 3255 ἐκ
926 3203 1031 3272 γῆς
1076 3203 1318 3266 Χαναὰν,
1354 3205 1448 3255 καὶ
1493 3202 1714 3273 ῷκησαν
1752 3204 1812 3256 ἐν

1933 3222 2200 3277 Ξιιειιειεη,
2222 3221 2275 3267 et
2305 3211 2685 3264 habitaverunt
2716 3211 2767 3261 in
2797 3207 3033 3278 Egypto
3062 3220 3239 3277 usque
3262 3205 3330 3261 ad
3354 3205 3502 3260 diem

222 3295 509 3366 Αἰγύπτῳ,
549 3295 654 3358 ἕως
695 3294 906 3366 ἡμέρας
951 3294 1128 3362 ἐξόδου
1173 3294 1352 3348 αὐτῶν
1397 3297 1462 3347 ἐκ
1497 3295 1602 3365 γῆς
1641 3294 1800 3363 Αίγύ-

221 3401 365 3439 πτου
373 3426 386 3439 .

366 3501 546 3568 Τέλος
571 3500 690 3555 τῶν
715 3502 783 3555 ιϐ’
808 3500 1106 3570 διαθηκῶν
1137 3501 1254 3556 τῶν
1275 3501 1419 3556 υἱῶν
1455 3502 1676 3556 Ἰακώϐ.

225 3700 409 3751 timent
441 3696 627 3751 Deum.
659 3716 678 3748 ι
713 3696 860 3752 Facri
903 3713 1012 3752 non
1062 3697 1154 3751 lilii
1205 3697 1257 3751 in
1308 3706 1460 3766 parte
1500 3698 1807 3754 timentium

224 3767 542 3833 Dominum,
576 3769 787 3837 illabet
821 3777 1048 3837 uterque
1083 3769 1251 3823 codex
1286 3785 1388 3823 ms.
1431 3770 1566 3824 adeo
1604 3778 1661 3822 ut
1693 3768 1808 3824 Ro-

224 3839 415 3893 bertus
451 3855 548 3905 pro
580 3834 692 3904 οὖν,
727 3840 873 3908 quod
907 3834 1180 3893 ἱιίϐτιροο
1227 3837 1400 3894 Oxon.
1446 3841 1697 3903 habetur,
1734 3841 1811 3896 le-

223 3909 370 3976 gisse
402 3910 650 3962 videatur
677 3911 736 3962 ού
767 3913 848 3976 (ιιι
871 3909 1066 3977 legitur
1089 3910 1143 3962 in
1176 3926 1278 3964 ms.
1306 3910 1426 3964 cod.
1459 3910 1634 3979 Trin.)
1669 3928 1808 3964 cun-

223 3989 420 4049 ctaque
453 3979 568 4034 haec
587 3983 749 4033 verba
782 3981 847 4034 ad
873 3979 1260 4049 prmeedentem
1296 3982 1576 4049 periodum
1610 3983 1810 4036 retule-

223 4049 312 4102 rit.
356 4047 462 4121 Sed
502 4050 564 4121 _in
612 4049 801 4104 Grzeco
846 4047 1033 4104 codice
1073 4048 1247 4104 Oxon.
1296 4047 1327 4104 a
1373 4067 1504 4106 voce
1528 4051 1806 4121 γενόμενοι

223 4132 363 4174 nova
406 4119 597 4187 incipit
640 4122 912 4189 periodus,
940 4121 1098 4188 cujus
1135 4121 1368 4189 primum
1401 4124 1558 4176 colon
1597 4119 1669 4176 ila
1704 4121 1807 4176 La-

223 4189 337 4242 tine
363 4197 450 4244 est
479 4190 809 4245 reddendum
839 4211 850 4244 :
887 4191 1030 4244 Estis
1065 4191 1267 4260 itaque,
1309 4191 1426 4258 ﬁlii,
1459 4193 1514 4246 in
1555 4202 1710 4260 parte
1739 4194 1806 4247 ti-

225 4260 492 4313 mentium
533 4260 842 4314 Dominnm.
883 4261 1052 4315 (iam.

294 4330 411 4402 (52)
451 4329 584 4402 Τήν.
631 4333 752 4384 Ἑπὶ
778 4333 880 4402 γῆς
906 4333 1029 4385 add.
1056 4331 1109 4385 in
1130 4347 1231 4384 ms.
1273 4331 1423 4386 Trin.
1458 4332 1532 4387 In.

1916 3311 2095 3367 exitus
2129 3319 2320 3362 eorum
2348 3301 2415 3357 de
2445 3309 2588 3355 terra
2616 3297 2856 3370 Egypti.

2022 3504 2136 3579 (58)
2162 3503 2315 3559 Finis
2345 3500 2798 3556 Testamentorum
2826 3512 2904 3551 xu
2926 3494 3168 3565 ﬁliorum
3197 3491 3386 3548 Iacob.

1988 3707 2101 3778 (56)
2137 3707 2245 3778 Καὶ
2271 3705 2341 3758 ἐν
2361 3702 2440 3769 τῷ
2465 3696 2840 3778 ἐνεγηκιζστῷ
2861 3697 2978 3778 ᾔτει
3002 3693 3111 3778 τῆς
3133 3691 3365 3778 ἐξόδου.
3391 3690 3492 3748 Ms.

1917 3764 2068 3832 Trin.
2084 3764 2144 3830 ἐν
2161 3777 2239 3848 τῷ
2256 3764 2589 3848 ἐνενηκοστῷ
2612 3764 2989 3848 πρῴτῳΣ-Ηωρ
3008 3774 3189 3848 auten}
3215 3764 3349 3848 bene
3362 3778 3498 3848 lcer-

1918 3831 2058 3904 rexit
2091 3831 2444 3902 doctissimus
2475 3831 2576 3896 Dn:
2611 3831 2942 3894 Dodwellus.
2973 3836 3050 3890 In.
3071 3865 3142 3874 —-
3173 3833 3229 3888 In
3277 3831 3494 3904 Tgbulis

1917 3901 2123 3975 scilicet
2151 3916 2550 3985 chronologicis,
2579 3914 2644 3966 ad
2672 3921 2906 3985 mentem
2936 3907 3176 3985 auctoris
3202 3920 3276 3985 xit
3305 3901 3495 3985 Testa-

1917 3974 2212 4044 mentorum
2242 3974 2501 4050 exaratis,
2530 3974 2681 4053 quas,
2715 3981 2964 4053 consulat
3008 3979 3197 4053 lector,
3226 3974 3273 4028 si
3321 3974 3493 4053 lubet,

1915 4061 2058 4130 apud
2105 4061 2284 4130 ipsum
2337 4043 2594 4130 Grahium
2653 4052 2838 4122 Spicil.
2885 4061 3034 4130 tom._
3061 4047 3330 4130 “Ippajgg.
3357 4043 3493 4126 ,566

1917 4115 2070 4200 εὲηη.
2103 4115 2331 4200 Easdem
2365 4127 2578 4200 tabulas
2606 4115 2914 4200 contractas
2943 4119 3171 4200 exhibet
3202 4115 3493 4200 fanbricius

1914 4186 2049 4255 Coc-1:
2079 4199 2419 4269 Pseudepigr.
2464 4195 2574 4269 Yet.
2609 4194 2758 4269 Τεξέἱ
2781 4201 2917 4269 tom.
2943 4189 2986 4257 l,
3015 4204 3173 4269 pagg.
3202 4186 3306 4241 749
3333 4201 3489 4256 seqq.

1985 4271 2097 4334 (57)
2134 4260 2295 4334 Τόπῴ
2326 4260 2646 4341 λεγομένῳ.
2679 4264 2774 4341 Tib
2792 4262 3032 4341 πολέμῳ.
3059 4260 3132 4314 In.
3317 4329 3329 4341 .

1979 4341 2098 4410 «(58)
2131 4341 2190 4394 In
2225 4334 2418 4410 codice
2449 4334 2519 4392 62
2560 4337 2676 4390 haec
2710 4334 2778 4388 ad
2824 4334 2986 4410 linem
3030 4341 3158 4385 sunt
3190 4334 3426 4410 ascripta
3473 4345 3488 4382 :

293 4400 846 4480 (55)“ζ“νῶσιν.ΑΚαὶ“
885 4402 1052 4480 ποιῶν
1098 4402 1344 4456 εὐδοκίαν
1381 4403 1682 4476 θελήματος
1711 4405 1807 4460 αύ-

1933 4400 2218 4480 ἳιῲιὶὲὶαηῑ
2257 4409 2589 4463 Testamenta
2615 4423 2704 4480 _X|l_
2728 4406 3157 4480 patriarcharum
3200 4405 3487 4480 secandum

220 4468 337 4533 τοῦ,
370 4470 492 4525 add.
532 4472 654 4526 cod.
690 4471 866 4526 Oxon.
895 4471 968 4526 In.

296 4541 410 4613 (54)
456 4541 871 4611 Ἐπεμὸαίνων.
908 4542 1175 4613 Λάμπων.
1205 4542 1280 4599 lu.

295 4612 412 4682 (55)
446 4613 786 4684 Παραθήκῃ.
819 4612 1284 4687 Παρακαταθήκῃ.
1315 4614 1389 4670 In.

1914 4469 2319 4605 translatiolnem
2355 4480 2556 4536 domini
2604 4469 2819 4532 Robérti
2851 4475 3192 4537 Grosseteste,
3239 4469 3484 4527 Lincoln.

1914 4568 2156 4605 enisa-om.
2216 4568 2265 4605 υ.

1911 4568 2156 4622 episcopi.
2193 4568 2265 4607 ID.
