3992 6148
269 268 393 325 lilii

1245 265 1579 325 EPISTOLA
1625 266 1717 322 AD
1762 265 2186 329 DlOGNETUM.
2226 302 2297 314 --
2332 266 2689 332 PROtEMlA.

3382 287 3520 346 1162

336 384 402 438 Et
426 380 669 453 primum
695 379 917 450 quidem
936 379 1072 436 satis
1098 391 1287 452 aperte
1314 382 1499 452 prodit
1525 392 1719 439 auctor
1734 383 1837 454 (5),
1866 398 1915 458 Α
1943 394 2038 455 pta
2070 384 2223 456 (it);
2251 396 2313 442 ut
2340 387 2571 458 proinde
2596 402 2975 462 argumentum
3008 390 3141 451 illud
3170 372 3315 469 quod
3343 415 3410 455 ex
3451 418 3520 458 eo

268 475 643 547 apostolorum
686 472 989 542 disciplinae
1040 488 1163 529 sese
1211 474 1510 542 addixisse,
1536 490 1840 547 eorumque

269 565 542 621 exstitisse
568 561 894 619 auditorem.
911 562 1247 618 ’Δποστόλων
1266 563 1557 637 γενόμενος
1576 564 1844 639 μαθητὴς,

270 656 486 727 γίνομαι
514 653 828 721 διδάσκαλος
852 654 1074 712 ὲθνῶν.‹
1100 654 1236 711 Cum
1260 653 1455 711 fuerim
1478 656 1844 727 apostolorum

271 748 590 819 discipulus,
614 749 684 804 fio
713 749 955 820 gentium
983 748 1193 803 doctor.
1227 766 1245 798 ι
1272 747 1427 816 Quod
1452 766 1583 806 sane
1606 764 1715 806 non
1737 749 1844 807 nisi

271 842 558 897 admodum
605 840 901 911 improprie
930 842 997 897 de
1023 839 1239 898 Iustino
1260 841 1387 912 quis
1413 842 1631 897 dixerit.

338 934 539 990 Deinde
570 932 940 990 Christianam
989 934 1312 1005 religionem
1355 949 1551 991 recens
1594 942 1841 991 exortam

271 1025 471 1096 saepius
507 1025 745 1080 inculcat
774 1036 963 1080 noster
989 1023 1330 1096 Anonymus.
1363 1024 1666 1095 Alloquens
1694 1027 1842 1081 enim

271 1116 591 1189 Diognetum
622 1119 725 1173 sub
765 1116 982 1173 initium
1024 1114 1282 1186 Epistolte
1326 1114 1403 1185 (6)
1436 1133 1452 1171 :
1489 1134 1509 1168 ι
1547 1115 1721 1173 Video
1764 1126 1841 1183 te,

270 1208 464 1278 inquit,
511 1209 780 1264 acerrimo
826 1208 1010 1263 studio
1063 1208 1236 1263 teneri
1292 1208 1559 1272 discendi,
1599 1208 1724 1278 quis
1771 1206 1843 1264 sit

267 1300 483 1358 divinus
533 1301 968 1357 Christianorum
1012 1301 1213 1367 cultus,
1247 1307 1305 1356 et
1357 1315 1459 1355 cur
1502 1316 1702 1356 novum
1736 1301 1841 1356 hoc

269 1410 440 1465 genus
466 1403 562 1449 aut
584 1394 895 1450 institutum
919 1392 973 1448 in
1007 1392 1458 1449 consuetudinem
1488 1392 1675 1448 venire
1691 1406 1840 1447 nunc

265 1484 515 1555 cmperit,
545 1492 599 1540 et
628 1500 737 1539 non
765 1484 985 1554 prius...
1024 1501 1045 1535 ι
1080 1482 1147 1536 Τί
1195 1482 1258 1554 δὴ
1287 1498 1415 1535 ποτε
1457 1481 1642 1535 καινὸν
1682 1481 1841 1535 τοῦτο

264 1576 419 1647 γένος
464 1576 498 1648 ἢ
544 1577 881 1651 ἐπιτήδευμα
935 1574 1184 1648 εἰσῆλθεν
1216 1577 1296 1640 είς
1320 1572 1412 1629 τὸν
1440 1575 1552 1646 βίον
1600 1574 1716 1641 νῦν,
1744 1575 1838 1629 καὶ

263 1668 329 1722 οὐ
385 1668 669 1741 πρότερον.
719 1667 790 1723 Ει
822 1683 949 1724 mox
980 1668 1033 1722 in
1062 1668 1309 1724 eamdem
1352 1668 1676 1723 sententiam
1714 1665 1789 1735 (7)
1819 1687 1832 1721 :

1947 474 2289 532 Clementino
2326 478 2448 534 loco
2479 479 2547 534 ad
2591 485 2854 550 temporis
2882 485 3219 542 notationem
3248 488 3518 546 definien-

1946 564 2070 622 dam
2112 569 2365 637 superius
2391 569 2639 625 eruimus
2660 569 2793 641 (12),
2817 573 2959 628 idem
2982 590 3222 647 quoque,
3249 580 3316 634 ad
3339 581 3515 637 nostri

1945 656 2217 729 Anonymi
2248 668 2462 715 aetatem
2489 662 2634 731 quod
2665 663 2877 729 attinet,
2894 668 3196 737 urgendum
3224 671 3513 729 videatur:
3582 684 3583 687 ‘

1944 750 2190 821 adeoque
2215 750 2388 822 ipsius
2417 751 2657 822 Epistola
2683 761 2743 809 ut
2770 755 3008 813 maxime
3028 757 3232 816 Christi
3260 764 3510 832 ann069,

1945 842 2225 915 illiganda,
2291 851 2385 898 aut
2430 845 2585 900 ocius
2629 845 2793 901 etiam
2840 845 3093 915 fortasse,
3139 854 3287 921 quod
3341 857 3515 927 magis

1942 932 2139 1004 placet,
2170 944 2230 989 ut
2258 948 2326 989 ex
2360 949 2485 989 mox
2526 934 2774 992 dicendis
2802 948 3139 1009 compertum
3168 942 3278 997 fiet.

1954 1080 1963 1085 _
2014 1025 2174 1082 Aliud
2228 1027 2473 1098 insuper,
2506 1036 2561 1083 et
2587 1043 2711 1084 meo
2739 1032 2958 1099 quidem
2992 1034 3196 1101 animo,
3228 1035 3371 1091 haud
3398 1037 3517 1093 leve

1943 1111 2206 1173 indicium
2248 1121 2485 1190 suppetit
2521 1135 2589 1176 ex
2619 1121 2805 1177 eadem
2840 1122 3101 1194 Epistola,
3131 1127 3336 1182 nemini
3368 1129 3516 1199 quod

1942 1209 2113 1265 sciam
2147 1209 2413 1267 hactenus
2442 1212 2904 1283 animadversum,
2923 1232 3032 1286 quo
3054 1218 3364 1288 conjectura
3390 1234 3519 1290 pro-

1941 1298 2119 1369 posita
2160 1299 2227 1355 de
2270 1301 2441 1371 ipsius
2480 1313 2703 1360 auctore
2725 1306 2843 1361 viro
2874 1308 3174 1377 apostolico
3202 1311 3377 1381 magis
3400 1327 3518 1366 ma-

1942 1392 2137 1462 gisque
2163 1393 2450 1449 astruitur.
2476 1393 2609 1450 Belli
2640 1397 2899 1452 nimirum
2923 1401 3069 1469 quod
3101 1411 3231 1457 tunc
3252 1403 3516 1473 temporis

1938 1476 2109 1537 Judaei
2165 1483 2333 1538 simul
2380 1492 2435 1539 et
2481 1483 2655 1541 Graeci
2696 1488 2960 1544 adversus
2984 1486 3328 1546 Christianos
3356 1507 3514 1562 gete-

1939 1571 2091 1640 bant,
2121 1576 2370 1631 meminit
2407 1587 2595 1632 noster
2619 1577 2939 1650 Anonymus
2969 1580 3121 1635 hisce
3145 1581 3324 1637 verbis
3355 1583 3468 1650 (l3)
3496 1601 3512 1637 :

1950 1661 2086 1717 Ὑπδ
2124 1663 2391 1720 Ἰουδαίων
2421 1665 2497 1731 ὡς
2551 1665 2835 1737 ἀλλόφυλοι
2866 1668 3245 1741 πολεμοῦνται,
3276 1672 3370 1726 καὶ
3409 1670 3516 1725 ὑπὸ

269 1779 291 1813 ι
318 1734 614 1831 Postquam
642 1758 818 1816 factus
847 1758 1039 1826 fueris,
1068 1761 1216 1816 velut
1242 1760 1310 1816 ab
1329 1760 1503 1828 initio,
1530 1776 1704 1818 novus
1720 1734 1824 1817 ho-

1940 1734 2206 1827 Ἐλλήνων
2228 1752 2533 1810 διώκονταιο
2555 1758 2649 1812 καὶ
2669 1734 2767 1830 τὴν
2794 1759 2971 1815 αἰτίαν
2994 1734 3093 1831 τῆς
3113 1760 3206 1831 ἐχο
3215 1778 3313 1834 ρας
3336 1763 3514 1816 εἰπεῖν

264 1865 379 1917 mo,
409 1860 594 1920 utpote
636 1851 905 1907 sermonis
957 1852 1106 1913 novi,
1145 1852 1288 1907 sicut
1316 1861 1369 1907 et
1405 1853 1520 1922 ipse
1547 1852 1834 1910 confessus

266 1957 351 2007 es,
367 1942 585 1997 auditor
604 1940 821 1998 futurus
842 1959 959 1998 1....
972 1938 1134 2012 λόγου
1157 1941 1345 1998 καινοῦ
1362 1944 1633 2017 ἀκροατὴς
1651 1944 1843 2017 ἐσόμε-

263 2049 375 2099 νος.
407 2031 804 2104 Nonnullisque
856 2034 1178 2106 interjectls,
1238 2036 1441 2093 clarius
1480 2037 1661 2093 adhuc
1691 2038 1834 2093 idem

262 2124 557 2180 confirmat
585 2124 672 2179 his
697 2124 875 2181 verbis
899 2124 981 2197 (8)
1008 2141 1022 2180 :
1060 2144 1080 2177 ι
1116 2122 1253 2181 Cum
1299 2127 1570 2197 superiori
1600 2136 1840 2198 tempore

264 2213 408 2271 Deus
435 2231 537 2270 nos
560 2216 908 2283 convicisset,
937 2230 1047 2273 non
1070 2230 1234 2289 posse
1262 2217 1431 2273 vitam
1456 2218 1716 2290 consequi
1744 2236 1842 2275 nae

262 2316 441 2363 turant
484 2317 752 2374 nostram,
783 2324 930 2365 nunc
969 2322 1147 2366 autem
1183 2309 1526 2368 Servatorem
1566 2312 1836 2369 ostendis-

263 2410 367 2467 set,
398 2400 497 2471 qui
551 2415 771 2457 servare
819 2411 1006 2473 posset
1050 2416 1115 2459 ea
1161 2404 1322 2458 etiam
1346 2418 1469 2475 qua
1499 2405 1706 2461 servari
1730 2421 1839 2461 non

262 2500 542 2559 poterant,
567 2502 675 2549 etc.
715 2510 733 2545 1
768 2492 885 2549 Νῦν
910 2491 1000 2547 τὸν
1021 2492 1250 2565 Σωτῆρα
1276 2492 1476 2562 δείξας,
1502 2493 1723 2550 δυνατὸν
1746 2494 1843 2550 σὼ·

259 2580 373 2647 ζειν
423 2582 521 2637 καὶ
563 2583 634 2638 τὰ
682 2584 937 2650 ἀδύνατα,
980 2602 1034 2640 κ.
1075 2602 1127 2639 τ.
1160 2585 1206 2641 λ.
1242 2583 1310 2641 Ει
1350 2587 1514 2658 paulo
1558 2599 1681 2660 post
1714 2587 1834 2662 (9):

267 2694 286 2724 ‹
334 2674 433 2732 llic
476 2676 572 2747 qui
606 2692 841 2750 semper,
871 2678 1032 2734 hodie
1062 2676 1239 2735 Filius
1286 2676 1525 2748 habitus,
1551 2695 1648 2751 per
1675 2696 1837 2752 quem

261 2761 509 2820 Ecclesia
562 2765 785 2824 ditatur.
818 2786 838 2821 ι
875 2759 1043 2833 Οὗτος
1093 2767 1122 2822 ὁ
1160 2769 1265 2832 ἀεὶ,
1321 2768 1558 2841 σήμερον
1590 2769 1718 2835 Υἱὸς
1759 2770 1841 2826 λο·

258 2855 492 2926 γισθείς·
514 2856 581 2911 δι’
605 2852 669 2915 οὗ
687 2847 1027 2926 πλουτίζεται
1057 2861 1091 2932 ἡ
1120 2860 1435 2933 Ἐκκλησία.
1461 2861 1594 2928 Quae
1615 2862 1836 2933 quidem

260 2950 445 3005 omnia
471 2950 572 3006 rite
599 2966 887 3023 perpensa,
921 2955 1068 3010 aetati
1100 2952 1301 3012 Justini
1335 2956 1607 3027 quadrare
1650 2956 1742 3012 vix
1769 2968 1835 3010 ac

261 3054 332 3096 ne
357 3042 448 3098 vix
481 3043 703 3113 quidem
733 3046 1061 3117 putaverim.

1943 1845 1994 1899 ot
2022 1846 2306 1917 μισοῦντες
2339 1848 2441 1902 οὐκ
2462 1848 2699 1920 ἔχουσιν.
2735 1869 2755 1902 ι
2789 1851 3066 1908 Adversus
3095 1869 3189 1909 eos
3218 1853 3514 1927 (Christia--

1940 1938 2067 2009 nos)
2100 1946 2360 2010 tanquam
2408 1942 2743 2013 alienigenas
2777 1942 2949 1999 Judaei
2980 1943 3182 2001 bellum
3212 1954 3427 2017 gerunt,
3457 1956 3515 2003 et
3586 2016 3589 2017 γ

1940 2027 2115 2087 Graeci
2161 2047 2259 2088 eos
2293 2043 2694 2105 persequuntur
2722 2053 2736 2090 :
2766 2044 2820 2091 et
2850 2051 3042 2093 osores
3066 2051 3258 2093 eorum
3287 2053 3513 2095 causam

1943 2121 2357 2180 inimicitiarum
2405 2126 2591 2182 dicere
2637 2138 2936 2195 nequeunt.
2968 2147 2988 2182 ι
3013 2128 3512 2201 Paucisqueinter-

1936 2216 2130 2288 positis
2144 2216 2257 2287 (14)
2282 2234 2298 2272 :
2318 2215 2453 2289 (Οὐχ
2467 2217 2620 2290 ὁρᾷς)
2636 2218 3146 2291 παραϐαλλομένους
3173 2222 3402 2295 θηρίοις,
3427 2224 3515 2280 ἴνα

1940 2307 2281 2380 ἀρνήσωνται
2323 2309 2414 2364 τὸν
2460 2309 2684 2381 Κύριον,
2726 2314 2819 2366 καὶ
2860 2311 2936 2385 μὴ
2992 2314 3359 2384 νικωμένουςς
3400 2316 3512 2385 Οὐχ

1938 2396 2093 2471 ὁρᾷς,
2122 2398 2230 2471 ὅσῳ
2248 2399 2489 2464 πλείονες
2515 2401 2852 2467 κολάζοντες,
2868 2399 3105 2474 τοσούτῳ
3121 2398 3511 2469 πλεονάζοντας
3542 2412 3553 2461 ζ

1939 2489 2159 2557 ἄλλους
2193 2507 2212 2543 ι
2243 2490 2361 2546 Non
2394 2492 2542 2547 vides
2568 2492 2809 2562 objectos
2830 2490 2991 2559 feris;
3019 2500 3079 2548 ut
3102 2493 3368 2567 abnegent
3400 2494 3513 2549 Do-
3538 2518 3544 2524 ·

1940 2581 2253 2648 minum,et
2304 2596 2413 2637 non
2461 2581 2641 2638 vinci?
2668 2580 2787 2637 Non
2836 2582 3007 2651 vides,
3058 2598 3167 2655 quo
3198 2585 3380 2655 plures
3419 2580 3545 2655 qui'

1939 2671 2224 2743 suppliciis
2254 2671 2515 2736 alliciunt,
2538 2687 2605 2727 eo
2633 2671 2898 2742 majorem
2924 2673 3159 2729 aliorum
3186 2688 3310 2731 esse
3328 2691 3541 2753 nume-_

1942 2764 2103 2819 rum?
2136 2782 2155 2817 ι
2194 2763 2404 2831 Quibus
2434 2764 2490 2819 in
2520 2765 2700 2820 verbis
2731 2765 2842 2820 duo
2884 2764 3228 2833 potissimum
3276 2767 3511 2821 notanda

1938 2856 2263 2925 putaverim.
2303 2852 2371 2910 Et
2416 2856 2653 2926 primum
2694 2855 2915 2926 quidem
2959 2856 3201 2928 loquitur
3229 2867 3419 2914 auctor
3446 2859 3513 2913 de

1939 2949 2270 3007 Christianis
2314 2951 2605 3021 exjudaais,
2660 2952 2777 3008 sive
2827 2952 2895 3009 de
2945 2953 3015 3010 iis
3072 2954 3167 3025 qui
3219 2964 3545 3027 postquam.

1939 3043 2201 3100 exiissem
2222 3044 2292 3100 ad
2331 3042 2520 3101 Jesum
2553 3053 2707 3100 extra
2737 3056 2940 3114 castra,
2971 3047 3359 3120 improperium
3391 3050 3512 3120 ejus
3584 3037 3588 3043 ’

333 3131 477 3201 Quid
499 3108 671 3205 quod,
688 3108 890 3205 templo
910 3134 1407 3207 Hierosolymitano
1433 3137 1615 3193 adhuc
1638 3145 1838 3205 stante,
1863 3108 1909 3167 c
1941 3136 2251 3206 portabant,
2282 3143 2341 3190 ut
2372 3136 2559 3206 phrasi
2591 3146 2714 3192 utar
2741 3108 2969 3193 Paulina
2991 3139 3007 3171 ί
3038 3108 3067 3194 τ’
3085 3108 3316 3196 testatur
3346 3108 3512 3196 nam-

262 3223 405 3281 hanc
432 3225 504 3280 ab
525 3241 585 3282 se
613 3226 872 3296 scriptam
887 3225 1186 3297 Eplstolam
1212 3237 1404 3284 auctor
1434 3228 1580 3285 haud
1606 3230 1840 3286 obscure

260 3316 540 3372 declarati
570 3316 646 3372 De
674 3316 879 3373 Iudaeis
908 3332 1147 3388 namque
1187 3320 1353 3375 verba
1385 3318 1612 3386 faciens,
1637 3335 1840 3393 eosque

261 3425 389 3465 cum
408 3409 642 3465 ethnicis
658 3408 945 3467 conferens
962 3421 1013 3467 et
1025 3408 1373 3480 Christianis,
1392 3412 1507 3468 hac
1519 3413 1681 3469 habet
1693 3413 1802 3485 (l0)
1822 3435 1835 3471 :

264 3520 287 3555 ι
327 3500 597 3556 Judazi....
627 3502 719 3573 qui
750 3517 847 3573 per
880 3505 1202 3575 sanguinem
1234 3513 1289 3560 et
1317 3502 1566 3559 nidorem
1598 3512 1652 3560 et
1680 3505 1837 3561 holo-

259 3602 477 3661 causta,
510 3591 688 3649 facere
734 3609 794 3650 se
825 3593 937 3651 Deo
984 3594 1252 3653 sacrificia
1297 3604 1512 3667 putant,
1542 3596 1678 3651 nihil
1702 3596 1836 3653 mihi

260 3684 481 3741 differre
518 3685 773 3751 videntur
802 3687 873 3743 ab
920 3684 1011 3754 iis,
1038 3686 1133 3758 qui
1176 3702 1340 3744 sensu
1369 3688 1609 3743 carentia
1644 3689 1834 3744 eodem

262 3778 475 3833 honore
498 3778 745 3834 studiose
766 3787 1197 3850 prosequuntur.
1241 3794 1262 3833 ι
1291 3777 1595 3851 Subditque
1617 3780 1833 3835 statim:

264 3886 287 3921 ι
320 3868 389 3923 At
420 3884 615 3925 eorum
659 3869 806 3925 circa
852 3870 1007 3925 cibos
1038 3868 1414 3927 meticulosam
1449 3872 1757 3927 cautionem
1782 3880 1836 3927 et

261 3960 707 4031 superstitionem
745 3962 891 4017 circa
920 3961 1179 4029 Sabbata,
1209 3970 1263 4018 et
1284 3961 1608 4033 jactantiam
1633 3962 1700 4018 de
1727 3961 1835 4017 cir-

259 4052 621 4120 cumcisione,
653 4062 709 4108 et
737 4067 860 4123 quae
901 4053 969 4109 de
990 4052 1201 4125 jejunio
1230 4068 1295 4109 ac
1325 4052 1621 4109 noviluniis
1658 4053 1832 4108 simu-

258 4143 396 4209 lant,
428 4158 553 4215 qure
580 4143 809 4200 ridicula
850 4153 980 4200 sunt
1031 4154 1085 4201 et
1126 4145 1301 4201 relatu
1337 4145 1578 4215 indigna,
1606 4152 1659 4201 te
1692 4160 1722 4200 a
1747 4162 1835 4201 me

262 4234 474 4290 discere
516 4249 741 4292 necesse
784 4235 984 4292 habere
1008 4251 1115 4292 non
1158 4238 1413 4293 arbitror.
1449 4254 1468 4289 1
1497 4235 1623 4291 Mox
1652 4251 1781 4293 vero
1812 4256 1828 4291 :

1940 3240 2068 3297 que,
2097 3226 2361 3281 adversus
2412 3240 2507 3281 eos
2556 3235 2816 3297 tanquam
2871 3228 3193 3299 alienigenas
3237 3245 3270 3286 a
3301 3229 3509 3287 Judwis

1940 3316 2141 3373 bellum
2182 3315 2317 3387 geri.
2362 3314 2601 3384 Scilicet,
2630 3317 2827 3387 inquit,
2853 3318 2943 3389 qui
2969 3320 3315 3390 exagitantur
3352 3322 3511 3379 Chri-

1938 3384 2365 3475 stiani,lfebra:i
2405 3418 2550 3477 sunt,
2588 3384 3033 3476 Israielt'tdzvsunt,
3069 3384 3243 3465 semen
3286 3413 3510 3469 Abraha:
3590 3478 3595 3484 I
3642 3384 3648 3389 ῃ

1936 3500 2115 3567 sunt’,
2147 3499 2445 3572 eodemque
2476 3498 2739 3570 sanguine
2762 3498 2863 3554 sati
2892 3513 3003 3569 quo
3032 3509 3086 3555 et
3112 3514 3301 3557 eorum
3325 3514 3513 3573 persev-

1936 3598 2155 3647 cutores
2192 3589 2397 3659 Judmi;
2434 3591 2529 3662 qui
2561 3598 2738 3646 tamen
2763 3604 2857 3645 eos
2887 3590 3220 3646 insectantur
3250 3608 3315 3648 ac
3359 3594 3503 3649 bello

1936 3682 2231 3753 lacessunt,
2246 3686 2467 3756 perinde
2482 3699 2546 3741 ac
2562 3683 2607 3740 si
2629 3683 2951 3754 alienigene,
2968 3682 3277 3753 ἀλλόφυλοι,
3298 3698 3503 3743 essent.

1936 3775 2006 3832 Et
2034 3778 2139 3833 hoc
2161 3792 2296 3834 sane
2321 3792 2484 3833 sensu
2516 3776 2663 3830 illam
2687 3775 2929 3831 auctoris
2966 3776 3139 3831 nostri
3177 3777 3505 3835 sententiam
3596 3776 3601 3782 ’

1934 3883 2056 3926 esse
2077 3869 2471 3940 accipiendam,
2498 3875 2753 3931 nemo,ut
2783 3866 3033 3938 equidem
3064 3868 3275 3937 opinor,
3294 3869 3505 3927 inficias

1933 3958 2194 4015 ierit.llic
2216 3959 2328 4031 jam
2361 3973 2569 4030 quaero,
2598 3958 2730 4028 quid
2766 3957 2913 4012 aliud
2947 3956 3014 4012 iis
3042 3957 3224 4014 verbis
3255 3958 3507 4016 innuissc
3582 4004 3585 4007 .

1934 4051 2211 4121 putandus
2262 4062 2450 4107 noster
2494 4051 2845 4123 Anonymus,
2903 4064 3265 4120 praeterquam
3314 4054 3505 4109 turbas

1934 4144 2056 4200 illas
2105 4158 2171 4199 ac
2226 4143 2522 4199 seditiones
2567 4158 2705 4214 quas
2756 4144 2824 4197 ab
2868 4140 3125 4198 Ecclesiae
3157 4143 3502 4202 incunabulis

1933 4236 2196 4293 adversus
2230 4236 2417 4292 fideles
2442 4252 2509 4291 ex
2536 4235 2955 4291 circumcisione
2982 4235 3199 4290 ciebant
3227 4236 3509 4293 incessan-

267 4346 287 4379 ι
310 4327 601 4384 Communi
622 4327 1073 4400 igitur(gent1'um)
1086 4328 1323 4385 vanitate
1352 4337 1406 4383 et
1434 4328 1758 4400 impostura,
1778 4337 1833 4383 et
1931 4335 2015 4381 ter
2045 4324 2219 4381 Judaei
2260 4328 2720 4396 quemadmodum
2776 4333 2891 4379 tum
2942 4341 3008 4380 ex
3036 4326 3187 4382 Actis
3222 4327 3500 4398 apostolo-

260 4418 572 4475 Judteorum
625 4420 943 4476 curiositate
996 4430 1160 4492 atque
1202 4420 1488 4492 jactantia,
1516 4418 1641 4490 jure
1667 4418 1828 4473 Chri-
1862 4444 1905 4499 ι)
1932 4433 2054 4474 rum
2096 4418 2299 4488 passim
2320 4418 2361 4484 ³,
2393 4426 2508 4472 tum
2556 4433 2623 4473 ex
2657 4417 3019 4489 Apocalypsi‘
3045 4419 3202 4488 plane
3257 4430 3497 4487 constat;

262 4514 470 4570 stianos
528 4514 821 4582 abstinere,
850 4523 902 4570 te
953 4515 1170 4572 abunde
1215 4515 1472 4571 didicisse
1508 4515 1762 4570 arbitror.
1804 4533 1823 4565 ›
1932 4525 2072 4580 quas
2115 4509 2244 4565 item
2294 4510 2547 4579 deinceps
2578 4525 2969 4580 nonnunquam
2999 4510 3264 4566 excitasse
3310 4512 3498 4582 perhi-

273 4604 575 4662 Ἰουδαῖοι...
648 4608 1028 4680 ἀπέχονται....
1071 4606 1371 4674 ἀξιοῦσα...
1402 4608 1502 4679 τὴν
1531 4606 1829 4679 θρησκείαν

1940 4598 2150 4667 bentur,
2181 4609 2243 4656 ut
2280 4616 2344 4655 ex
2376 4599 2632 4655 Ecclesia:
2662 4598 3008 4670 Smyrnensis
3038 4599 3265 4669 epistola
3300 4601 3354 4655 in
3384 4601 3499 4671 pri-

260 4695 596 4767 προσάγουσι
628 4698 707 4771 τῷ
725 4699 844 4770 Θεῷ
875 4697 1147 4770 ταύτην...
1180 4694 1693 4770 διαμαρτάνουσι....
1742 4696 1830 4750 δο-

1940 4692 2037 4748 mis
2063 4693 2231 4764 liquet
2252 4692 2403 4764 (15)?
2430 4690 2636 4746 Harum
2671 4691 2836 4762 igitur
2857 4689 3207 4745 Judaicarum
3246 4708 3499 4762 persecu—

260 4786 438 4840 κοῦσι.
468 4787 657 4845 Viden’
687 4791 777 4846 hic
827 4791 1010 4845 omnia
1058 4791 1131 4845 ita
1172 4790 1374 4857 efferri,
1401 4801 1459 4846 ut
1480 4805 1546 4845 eo
1585 4800 1830 4861 tempore
1930 4788 2141 4842 tionum
2190 4785 2465 4855 αὐτόπτης
2516 4784 2751 4853 scriptor
2793 4782 3020 4852 ipsemet
3051 4784 3400 4853 apostolicus,
3433 4802 3499 4842 ea

260 4896 372 4952 quo
413 4882 686 4938 scribebat
728 4884 1080 4955 Anonymus,
1110 4882 1294 4937 cultus
1336 4879 1598 4938 Iudaicus
1644 4882 1823 4936 adhuc
1929 4878 2127 4934 litteris
2170 4877 2509 4948 consignavit
2554 4890 2677 4946 quae
2710 4874 2873 4929 modo
2915 4874 3234 4942 retulimus;
3269 4892 3499 4946 qua:qu

259 4972 501 5043 viguisse
551 4974 888 5045 Oportuerit?
919 4973 1189 5043 Loquitur
1221 4974 1365 5029 enim
1396 4974 1541 5028 haud
1572 4988 1731 5029 secus
1762 4988 1827 5029 ac
1928 4973 2157 5043 proinde
2194 4971 2338 5026 haud
2375 4970 2626 5041 equidem
2666 4968 2906 5041 intelligo
2925 4984 3033 5039 qua
3064 4968 3271 5025 ratione
3295 4968 3497 5030 Justini

256 5065 509 5121 Clemens
547 5065 829 5123 Romanus
871 5065 924 5121 in
955 5065 1193 5136 Epistola
1239 5062 1586 5119 lCorinthiis
1631 5063 1828 5119 inscri-
1931 5064 2267 5135 temporibus
2295 5062 2470 5134 aptari
2499 5062 2728 5132 possint.

331 5182 347 5213 ’
371 5181 533 5237 Hebr.
548 5198 669 5250 x111,
698 5183 782 5238 l3.
894 5183 913 5214 ⁸
944 5179 989 5235 ιι
1015 5181 1122 5237 Cor
1159 5197 1237 5247 ιι,
1270 5178 1361 5233 22.
1476 5176 1497 5209 ³
1532 5177 1652 5234 Act.
1699 5193 1822 5248 ιιιι,

257 5253 280 5284 δ
304 5253 475 5311 Apoc.
503 5254 641 5311 11.9:
674 5253 856 5311 111.9.-

1945 5194 2102 5246 ;x1v,
2141 5179 2209 5245 2;
2245 5192 2412 5244 xv111,
2444 5174 2541 5243 l2;
2574 5188 2687 5242 ιιι,
2732 5190 2847 5228 ιιιι
2874 5213 2890 5241 ,
2926 5192 3091 5243 ιιιιι,
3144 5191 3304 5243 xxiv,
3363 5193 3491 5233 xxv.

353 5268 475 5323 poc.
503 5268 641 5322 11,9;
674 5268 856 5319 111,3.-

327 5370 407 5440 (5)
432 5368 609 5440 Anon.
639 5367 818 5440 Epist.
844 5365 914 5422 ad
938 5364 1205 5437 Dioguet.,
1240 5379 1358 5436 cap.
1387 5364 1475 5421 ll.

330 5437 410 5509 (6)
443 5437 612 5509 (bitt,
645 5437 764 5509 cap.
798 5438 852 5509 1.

330 5510 407 5579 (7)
440 5508 609 5577 Ibid.,
639 5508 760 5578 cap.
784 5508 843 5563 2.

330 5580 409 5718 (8)
447 5580 610 5647 Ibid.,
645 5594 766 5648 cap.
794 5582 848 5635 9.

354 5651 409 5718 9)
439 5650 607 5718 Ibid.,
630 5664 750 5718 cap.
784 5651 845 5705 lt

1990 5356 2104 5430 (il)
2132 5357 2305 5430 Clem.
2329 5355 2499 5426 Epist.
2531 5352 2561 5407 ι
2593 5353 2661 5430 ad
2687 5350 2836 5430 C_or_._,
2867 5367 2988 5422 cap.
3021 5369 3128 5407 xu.

1993 5423 2105 5508 (ιι)
2125 5423 2450 5508 Ptolemy...
2475 5441 2609 5508 cap,
2631 5423 2751 5508 es
2788 5423 2840 5478 υ.

2129 5493 2306 5579 Anon:
2340 5497 2524 5579 Epist;
2540 5493 2609 5549 ad
2640 5493 2906 5564 Diognet.,
2937 5508 3055 5564 cap.
3089 5495 3145 5549 5.

447 5566 610 5647 Ibid;
645 5566 766 5648 ca'p.
794 5582 848 5635 9.

439 5650 607 5718 Ibid.,
630 5664 750 5719 cap.
784 5651 871 5705 li.

2019 5566 2107 5636 14)
2147 5567 2311 5632 lbid.,
2341 5582 2462 5636 cap.
2492 5566 2544 5622 7.

1992 5566 2283 5719 $15)}:ch
2302 5636 2520 5719 §mvrn.
2544 5635 2714 5707 Epist.
2744 5634 2807 5690 de
2837 5633 2895 5691 S.
2929 5633 3212 5706 Pulycarp.
3240 5644 3490 5705 martyr.,

332 5704 459 5793 (ίῧ)
475 5704 841 5791 Ῐὸὶάίξᾶιρρ.
860 5720 895 5775 3
914 5728 967 5775 et
990 5720 1046 5776 4.

1940 5704 2043 5782 :ap.
2070 5704 2160 5776 {2,
2190 5708 2277 5775 l3,
2300 5704 2398 5762 '17.

570 5819 868 5897 Parnm...
902 5816 1020 5879 Cn.
1058 5816 1135 5877 ll.
2395 5812 2402 5821 ’
3178 5799 3246 5861 37
