3958 6132
534 259 671 314 H65

1693 241 2001 301 ANONYMI
2045 241 2181 299 VIR!
2207 240 2611 300 APOSTOLICI

3639 248 3753 303 1164

600 375 845 429 Alterum
898 384 1026 426 vero
1069 368 1288 425 duobus
1336 366 1392 422 in
1429 364 1565 421 locis
1593 362 1773 418 allatis
1799 369 1987 417 notatu
2021 359 2104 415 di—
2131 364 2179 421 Α
2208 357 2455 413 attribui.
2474 357 2766 412 Enimvero
2789 365 2912 427 post
2939 355 3156 414 divinos
3179 355 3503 429 scriptores,
3529 372 3560 413 a
3582 360 3753 431 quibus

530 483 695 540 gnum
717 465 847 520 illud
867 464 1125 527 occurrit,
1143 462 1289 532 quod
1316 460 1504 515 eodem
1522 466 1763 527 tempore
1773 470 1883 527 quo
1900 453 2096 521 Judaei,

530 554 703 610 Graeci
764 567 983 624 quoque
1047 552 1310 605 adversus
1359 546 1701 603 Christianos
1751 545 2093 615 pugnabant;

529 662 669 717 quos
695 654 751 700 et
786 646 913 715 feris
944 644 1171 713 objectos
1209 639 1406 696 asserit
1430 638 1683 709 Epistola:
1718 645 1933 704 auctor,
1956 645 2011 691 et
2036 651 2096 690 eo

528 739 782 808 majorem
808 737 1024 790 illorum
1051 751 1162 789 esse
1191 748 1466 787 numerum
1488 730 1825 801 pronuntiat,
1848 744 1951 798 quo
1981 728 2099 795 plu-

529 846 609 882 res
654 830 744 898 qui
776 844 863 882 eos
898 826 1173 895 suppliciis
1214 825 1467 893 aﬁiciunt.
1500 822 1702 893 Ecquis
1728 836 1890 891 porro
1912 835 2099 891 perse-

527 920 803 974 cutionem
854 916 1223 971 Neronianam
1270 916 1356 969 his
1404 912 1813 969 characterihus
1849 910 2098 980 apprime

525 1012 862 1081 designatam
900 1026 1007 1065 non
1030 1008 1246 1064 videat?
1273 1007 1519 1062 Primum
1550 1003 1819 1075 siquidem
1847 1003 2101 1087 eamdem.

525 1104 958 1174 persecutionem
1006 1102 1305 1171 respiciens
1357 1097 1621 1165 Hermas,
1676 1096 1910 1166 scriptor
1960 1094 2097 1150 alter

525 1196 857 1265 apostolicus
893 1194 1193 1263 eademque
1230 1198 1549 1262 tempestate
1576 1189 1776 1245 ﬂorens
1815 1204 1923 1259 qua
1957 1187 2096 1243 scri-

522 1290 699 1360 psisse
724 1298 977 1345 censetur
996 1296 1181 1343 noster
1194 1286 1535 1357 Anonymus,
1552 1292 1612 1339 ut
1637 1282 1886 1353 superius
1912 1288 2096 1336 osten-

521 1382 702 1437 dimus
729 1379 865 1452 (l6),
888 1394 1078 1436 eorum
1114 1378 1363 1433 meminit
1396 1377 1511 1446 (l7)
1534 1375 1625 1445 qui
1643 1374 1761 1443 jam
1792 1380 2093 1426 meruerunt

522 1472 711 1541 Deum,
735 1482 783 1528 et
809 1473 953 1543 passi
982 1480 1105 1526 sunt
1130 1486 1293 1525 causa
1315 1469 1544 1524 nominis
1565 1468 1679 1537 ejus
1702 1466 1845 1522 feras
1867 1465 2091 1531 bestias,

520 1565 753 1637 ﬂagella,
790 1580 1046 1634 carceres,
1090 1579 1289 1618 cruces.
1340 1560 1547 1617 Deinde
1592 1575 1660 1616 ex
1688 1557 1883 1614 Tacito
1908 1558 2093 1615 erudi-

519 1674 643 1714 mur
673 1657 810 1728 (18),
832 1657 1151 1728 religionem
1185 1655 1552 1710 Christianam
1602 1652 1705 1707 sub
1760 1650 1949 1706 eodem
1994 1647 2094 1705 Ne-

517 1767 650 1808 rone
676 1768 785 1822 quo
811 1752 986 1823 magis
1018 1758 1291 1817 vexatam,
1322 1764 1388 1806 eo
1417 1748 1627 1819 majora
1673 1747 1729 1801 in
1756 1745 1875 1801 dies
1912 1744 2091 1801 incre-
2123 1747 2164 1802 Β

518 1853 698 1899 menta
729 1845 958 1915 cepisse.
1007 1843 1286 1913 Repressa,
1309 1841 1510 1911 inquit.
1534 1841 1592 1894 in
1630 1854 1862 1909 prwsens
1887 1838 2085 1893 exitia-

517 1938 639 1993 bilis
690 1936 1018 2009 superstitio,
1072 1950 1256 1989 rursus
1298 1932 1623 2003 erumpebat,
1659 1947 1762 1985 non
1802 1930 1956 1985 modo
1995 1947 2089 2000 per

515 2030 765 2085 Iudaeam
793 2030 1051 2100 originem
1075 2028 1233 2097 hujus
1257 2027 1409 2093 mali,
1433 2026 1522 2080 sed
1552 2040 1645 2095 per
1685 2022 1876 2079 Urbem
1898 2024 2082 2091 etiam,

515 2140 617 2193 quo
652 2132 843 2178 cuncta
893 2120 1121 2192 undique
1147 2120 1356 2174 atrocia
1384 2128 1478 2173 aut
1528 2116 1774 2186 pudenda
1811 2117 2085 2185 conﬂuunt

515 2218 945 2286 celebranturque
969 2230 989 2269 :
1020 2223 1081 2270 ut
1106 2214 1338 2285 proinde
1365 2213 1583 2269 locutus
1610 2226 1731 2268 esse
1753 2210 1822 2267 de
1851 2212 1941 2266 illa
1966 2211 2084 2281 ipsa

514 2307 893 2380 persecutione
941 2306 1067 2377 jure
1120 2320 1185 2362 ac
1236 2306 1433 2361 merito
1462 2304 1807 2379 existimetur
1825 2301 2084 2373 Epistula:

514 2408 726 2456 auctor.

582 2511 681 2569 llis
700 2513 917 2568 demum
951 2512 1159 2568 accedit
1184 2512 1425 2583 ejusdem
1444 2510 1699 2582 Epistolas
1728 2511 1922 2582 stylus,
1939 2510 2083 2567 mul-

511 2614 569 2660 to
616 2605 861 2661 ﬂoridior
902 2619 969 2660 eo
998 2612 1052 2660 et
1082 2605 1398 2675 elegantior,
1430 2619 1541 2675 quo
1564 2602 1624 2660 S.
1656 2614 1863 2676 martyr
1891 2604 1944 2658 in
1965 2603 2082 2659 suis

510 2705 780 2766 quotquot
836 2695 1300 2752 circumferuntur
1353 2696 1581 2752 sinceris
1637 2696 1893 2766 operibus
1948 2709 2081 2751 usus

510 2787 862 2856 comperitur.
895 2785 972 2841 De
998 2787 1139 2855 stylo
1171 2786 1442 2856 siquidem
1464 2785 1666 2843 Justini
1696 2800 1948 2843 summus
1972 2786 2081 2842 cri-

509 2875 651 2931 ticus
682 2875 912 2931 Photius
956 2876 1028 2931 ita
1058 2877 1272 2932 censuit
1296 2876 1407 2948 (19)
1435 2894 1450 2931 :
1487 2877 1827 2949 Ῥητορικαϊς
1861 2878 2080 2948 τέχναις

506 2969 607 3022 οὐκ
653 2966 780 3040 ἔσχε
829 2969 1060 3041 σπουδὴν
1103 2969 1402 3041 ὲπιχρῶσαι
1436 2969 1497 3023 τὸ
1524 2970 1763 3041 ἔμφυτον
1789 2969 1952 3025 αὑτοῦ
1977 2971 2079 3042 τῆς

508 3059 821 3129 φιλοσοφίας
1074 3060 1163 3113 Διὸ
1188 3060 1283 3114 καὶ
1303 3061 1354 3113 οἱ
1378 3059 1522 3151 loro:
1548 3059 1711 3151 abso?)
1736 3059 1909 3151 ἄλλῳς
1927 3061 2078 3125 ⁸ὅντες
2105 3091 2147 3151 C

504 3151 737 3216 δυνατοὶ,
768 3150 862 3204 καὶ
888 3148 949 3202 τὸ
970 3151 1386 3222 ἐπιστημονικὸν
1405 3148 1782 3215 διασώζοντες,
1801 3150 1911 3204 τῶν
1937 3152 2080 3205 ἐκεῖ-

508 3245 632 3299 σθεν
683 3245 785 3299 ob):
836 3246 973 3300 εἰσὶν
1029 3244 1423 3310 ἀποστάζοντες
1464 3245 1806 3317 ἡδυσμάτων,
1840 3246 1961 3300 οὐδὲ
1999 3244 2078 3319 τῷ

506 3338 779 3409 ἐπαγωγῷ
821 3339 916 3394 καὶ
962 3339 1267 3410 θελκτηρίῳ
1302 3339 1429 3403 τοὺς
1476 3338 1704 3404 πολλοὺς
1737 3338 1847 3393 τῶν
1876 3340 2079 3412 ἀκροα-

503 3429 613 3482 τῶν
642 3430 1010 3502 ἐφελκόμενοι.
1048 3449 1068 3482 ‹
1104 3429 1398 3485 Rethorico
1428 3430 1679 3499 artificio,
1710 3431 1907 3503 inquit,
1936 3434 2078 3488 nati-

505 3536 628 3576 vam
656 3522 1012 3592 philosophiae
1032 3539 1144 3578 suae
1176 3522 1635 3593 pulchritudinem
1661 3526 1912 3582 colorare
1938 3527 2075 3581 nihil

504 3614 659 3683 pensi
682 3614 892 3669 habuit.
918 3613 1284 3681 Quamobrem
1309 3615 1474 3670 etiam
1502 3615 1622 3686 erS
1643 3616 1842 3683 oratio,
1866 3617 2075 3688 pollens

506 3706 712 3775 alioqui
759 3721 823 3761 ac
864 3707 1066 3774 valida,
1094 3706 1568 3778 scientiﬂcumque
1596 3724 1820 3765 servans
1849 3710 2072 3781 stylum,

506 3798 777 3854 rhetorica
824 3798 915 3853 illa
955 3799 1301 3854 condimenta
1325 3814 1434 3854 non
1462 3800 1654 3870 spirat,
1682 3816 1781 3857 nec
1802 3801 2073 3860 illecebris

503 3900 559 3945 et
595 3889 981 3946 blandimentis
1010 3890 1207 3960 vulgus
1238 3890 1551 3945 auditorum
1578 3893 1825 3948 attrahit.
1868 3912 1886 3945 ι
1915 3890 2073 3960 Quod

502 3996 636 4037 sane
666 3980 932 4050 judicium
980 3982 1027 4037 si
1074 3981 1198 4052 quis
1230 3979 1479 4037 conferre
1500 3982 1629 4037 velit
1663 3998 1787 4038 cum
1818 3984 1908 4038 illa
1937 3999 2074 4054 pra:-

504 4074 669 4129 stanti
696 4074 1003 4130 elocutione
1030 4089 1139 4145 qua
1163 4074 1335 4130 utilur
1355 4082 1546 4130 auctor
1576 4074 1855 4146 Epistolw,
1882 4092 2072 4147 quam-

500 4166 585 4221 vis
628 4165 862 4223 fortasse
895 4168 1105 4237 reliqua
1153 4166 1408 4224 deessent
1432 4178 1774 4239 argumenta,
1810 4169 1957 4224 illam
1989 4181 2072 4225 ta-

502 4273 628 4313 men
677 4255 895 4313 Justino
952 4258 1373 4328 altjudicandam
1429 4260 1514 4316 vel
1575 4260 1778 4316 invitus
1836 4260 2072 4317 fateatur

503 4357 739 4419 oportet.
764 4349 831 4403 Et
861 4348 966 4404 hac
1012 4348 1233 4417 quidem
1263 4349 1576 4405 difﬁcultate
1608 4350 1744 4404 adeo
1785 4358 2068 4419 permotus

502 4443 606 4496 fuit
651 4443 842 4497 doctus
871 4440 1048 4496 editor
1074 4440 1479 4509 Benedictinus,
1505 4450 1565 4497 ut
1598 4444 1738 4497 inter
1765 4440 2081 4499 certissima
2104 4432 2149 4488 Ῑ)

504 4532 561 4587 S.
595 4533 850 4606 martyris
879 4548 1042 4603 opera
1082 4533 1328 4587 eamdem
1365 4534 1651 4603 epistolam
1681 4548 1747 4591 eo
1770 4536 1890 4591 loco
1924 4537 2070 4592 haud

501 4626 821 4693 cbllorarit,
881 4640 1044 4696 quem
1097 4625 1340 4696 alioquin
1388 4626 1493 4697 ipsi
1541 4626 1906 4699 assignasset,
1962 4630 2070 4687 nisi

501 4719 772 4775 dubitatio
822 4730 1041 4790 pectore
1094 4718 1255 4773 inﬁxa
1322 4719 1443 4774 viro
1503 4719 1811 4778 clarissimo
1856 4724 2071 4780 .haasis-

500 4812 730 4882 set(‘20).

579 4945 597 4977 ι
624 4924 812 4996 Neque
840 4943 991 4994 vero,
1018 4938 1079 4984 ut
1109 4930 1310 5001 optime
1337 4929 1604 4989 Nourrius
1634 4933 1770 5005 (21),
1796 4934 1921 4989 inde
1939 4948 2071 4990 cono

502 5019 657 5071 tinuo
691 5018 815 5087 quis
847 5031 1057 5090 arguat,
1086 5023 1284 5093 stylum
1311 5032 1463 5079 tanto
1492 5026 1671 5080 studio
1708 5027 2069 5089 elaboratum,

501 5110 572 5164 ab
619 5125 833 5165 summa
884 5113 1150 5169 orationis
1180 5115 1495 5185 apostolica:
1519 5117 1866 5187 simplicitate
1896 5120 2071 5188 magis

501 5204 820 5273 abhorrere,
859 5220 1024 5275 quam
1054 5215 1117 5261 ut
1142 5207 1305 5263 alicui
1345 5224 1537 5265 eorum
1588 5209 1860 5281 discipulo
1898 5212 2073 5282 possit

571 5361 685 5437 us)
716 5360 1017 5437 ξένοιεςοεηο
1051 5364 1261 5437 οερεε,
1297 5365 1324 5437 s
1374 5367 1433 5437 ει.

569 5432 683 5508 (Π)
715 5431 903 5508 ﬂerm‘.
935 5431 1236 5508 Postglib.
1263 5431 1435 5501 r,'vis.
1468 5438 1524 5501 5,
1551 5452 1705 5508 capp.
1741 5438 1766 5492 1
1795 5446 1851 5493 et
1877 5439 1931 5494 3.

568 5502 684 5579 (εξ)
714 5501 888 5579 facit.
910 5504 1126 5579 _A_u_nal.
1170 5506 1384 5579 l_ib.7xv,
1410 5523 1533 5579 cap.
1564 5501 1653 5563 ﬂ.

573 5573 686 5637 (19)
714 5571 870 5628 Phot.
902 5574 1070 5640 Bibl.,
1099 5575 1221 5631 cod.
1261 5577 1383 5631 125.

573 5642 665 5701 (20
710 5641 914 5699 Maran.
953 5643 1191 5710 Praefat.,
1214 5655 1354 5715 part.
1390 5664 1607 5719 tn.cap,
1631 5650 1687 5717 3,
1771 5650 1822 5714 5,
1841 5665 1960 5719 pag.
1980 5651 2065 5707 75.

573 5642 686 5776 (2|;
715 5710 913 5768 Nourr.
958 5715 1143 5776 Appar.
1170 5716 1239 5769 ad
1261 5716 1387 5773 bibl.
1408 5718 1548 5776 PP..
1572 5650 1772 5776 tomﬁ.
1799 5737 1918 5776 nae.
1941 5722 2065 5776 446.

570 5710 685 5781 (21)
715 5710 913 5768 Nourr.
958 5715 1143 5783 Appar.
1170 5710 1239 5769 ad
1261 5716 1387 5773 bibl.
1408 5710 1772 5785 PP.,'t'om'.'l.
1799 5710 2065 5781 diuisus.

2201 460 2392 506 sancto
2431 450 2649 505 aﬂlante
2685 448 2893 519 Spiritu
2937 450 3084 504 edita
3117 458 3245 506 sunt
3280 466 3442 507 sacra
3473 450 3751 522 Scriptura-

2198 559 2321 598 rum
2351 544 2656 610 volumina,
2685 542 2906 613 ingenio
2936 542 3171 613 quisque
3198 542 3431 598 indulsit
3462 558 3587 611 suo,
3613 554 3750 616 atque

2197 634 2610 691 lucubrationes
2636 650 2766 691 suas
2791 635 2932 706 stylo
2959 635 3052 689 alii
3076 634 3426 706 elcgantiori,
3459 635 3549 689 alii
3566 636 3749 707 simpli-

2199 729 2337 785 ciori
2384 738 2703 784 exararuut.
2740 728 3045 785 Fatendum
3089 736 3272 784 tamen
3304 737 3416 793 est,
3443 742 3538 785 eos
3582 730 3750 799 saepius

2199 819 2533 890 simplicitati
2584 819 2889 888 studuisse;
2947 835 3047 875 nec
3090 830 3282 874 auctor
3331 828 3522 874 noster
3570 818 3747 890 absque

2199 915 2354 985 gravi
2388 915 2574 985 aliqua
2605 930 2791 982 causa,
2825 912 3077 969 fortassis
3118 922 3179 968 ut
3201 913 3489 968 veritatem
3517 912 3746 985 Diogneto

2198 1004 2419 1063 facilius
2461 1007 2839 1077 persuaderet,
2876 1006 2963 1061 his
2992 1007 3320 1077 eloquentiae
3345 1008 3588 1063 artiﬁciis
3610 1016 3744 1076 atque

2199 1099 2544 1154 ornamentis
2590 1114 2725 1155 usus
2774 1098 2961 1154 fuerit.
2999 1116 3019 1151 ι
3067 1097 3346 1155 Hactenus
3390 1099 3472 1153 vir
3506 1098 3741 1154 eruditus.

2196 1190 2315 1260 Qua
2360 1192 2427 1248 de
2470 1207 2532 1249 re
2572 1192 2834 1263 pleraque
2883 1190 3074 1261 habes,
3116 1191 3482 1249 solertissimo
3522 1189 3741 1247 Fabricio

2196 1284 2333 1340 scite
2361 1283 2650 1340 observata
2678 1282 2816 1355 (22).

2400 1403 2464 1460 ll.
2505 1402 2796 1459 Nonnullis
2824 1403 3203 1473 objectionibus
3232 1403 3555 1459 occurritur.

2264 1514 2400 1583 Quae
2447 1525 2630 1572 autem
2682 1516 2791 1573 huc
2839 1532 3015 1589 usque
3057 1517 3566 1581 animadvertimus,
3596 1512 3729 1572 sicui

2194 1622 2353 1677 aequo
2384 1609 2571 1663 animo
2606 1610 2913 1679 expendere
2948 1609 3138 1678 libeat,
3164 1611 3259 1665 vix
3287 1610 3481 1665 dubito
3503 1608 3622 1679 quin
3654 1622 3729 1663 eo-

2192 1684 2316 1752 rum
2370 1699 2698 1755 sententiam
2749 1700 3146 1770 amplectatur,
3180 1700 3277 1771 qui
3320 1701 3487 1771 hujus
3524 1698 3727 1771 epistolae

2192 1802 2471 1850 auctorem
2511 1790 2729 1848 Justino
2768 1791 2840 1848 M.
2876 1793 3051 1848 multo
3088 1792 3449 1849 vetustiorem
3478 1807 3591 1848 esse
3620 1792 3725 1847 deti-

2188 1884 2367 1939 niunt.
2415 1881 2707 1940 Nonnullis
2752 1884 2974 1955 quidem
3017 1884 3154 1941 viris
3194 1885 3409 1941 criticis
3432 1900 3497 1941 ex
3522 1885 3584 1941 iis
3615 1882 3724 1938 locis

2188 1992 2358 2033 unum
2377 1975 2462 2031 vel
2485 1976 2716 2031 alterum
2746 1977 2903 2033 aliter
2926 1976 3174 2048 accipere
3196 1977 3400 2048 placet,
3418 1992 3523 2047 quo
3542 1975 3721 2031 Iustino

2186 2069 2469 2140 epistolam
2502 2078 2783 2137 asserant;
2816 2068 2911 2126 sed
2953 2070 3063 2125 vim
3097 2068 3301 2125 inferre
3351 2070 3526 2125 verbis
3562 2069 3721 2123 viden-

2186 2168 2298 2225 tur,
2316 2169 2377 2215 ut
2400 2176 2465 2216 ca
2487 2177 2711 2217 sensum
2746 2162 2899 2216 illum
2936 2161 3220 2217 eﬂ‘undant
3249 2177 3418 2232 quem
3444 2161 3717 2226 intendunt;

2185 2268 2309 2307 cum
2342 2262 2530 2308 contra
2558 2253 2880 2323 aequabilius
2909 2251 3080 2308 ﬂuant
3116 2253 3330 2321 omnia,
3360 2252 3451 2308 ubi
3476 2252 3539 2307 ad
3563 2268 3620 2307 ea
3652 2266 3719 2307 re-

2185 2345 2433 2404 ferantur
2464 2358 2711 2420 tempora
2738 2364 2860 2419 quae
2888 2364 2955 2405 ex
2984 2350 3101 2418 ipso
3134 2355 3394 2404 contextu
3429 2346 3714 2402 extudimus.

2183 2438 2370 2511 Neque
2409 2440 2629 2496 demum
2666 2442 2793 2512 quis
2818 2442 2943 2510 jure
2975 2441 3078 2497 sibi
3122 2440 3456 2511 persuadeat
3481 2437 3715 2493 Justinum

2182 2528 2255 2587 Μ.
2287 2540 2385 2587 aut
2431 2533 2601 2588 alium
2639 2533 2889 2603 quemvis
2925 2533 3046 2603 ipso
3089 2534 3474 2600 recentiorem,
3513 2546 3617 2586 eam
3654 2526 3716 2582 lo-

2182 2625 2387 2694 quendi
2420 2626 2689 2681 rationem
2730 2625 2785 2680 in
2829 2634 2941 2681 tota
2971 2626 3062 2681 illa
3100 2625 3335 2696 epistola
3378 2638 3619 2695 usurpare
3646 2634 3715 2673 vo-

2181 2716 2371 2785 luisse,
2417 2733 2538 2789 quaa
2583 2718 2833 2773 ultimam
2872 2718 3260 2789 antiquitatem
3306 2718 3498 2788 sapiat,
3525 2725 3577 2773 ut
3607 2714 3710 2770 viris

2187 2808 2416 2864 eruditis
2439 2818 2584 2867 recte
2618 2818 2867 2866 notatum
2892 2810 3027 2883 (25).

2248 2922 2317 2979 At
2337 2923 2483 2979 enim
2508 2933 2717 2991 auctor,
2743 2926 2910 2982 tacito
2943 2926 3164 2981 nomine
3197 2923 3376 2993 Pauli,
3431 2933 3706 2980 antonoma-

2182 3014 2315 3069 stice
2336 3014 2581 3085 Apostoli
2602 3016 2761 3071 titulo
2777 3016 2956 3087 ipsum
2968 3016 3237 3089 designat,
3261 3033 3371 3087 quo
3386 3033 3489 3071 non
3503 3014 3593 3069 nisi
3611 3023 3706 3083 post

2180 3105 2364 3176 priora
2387 3106 2644 3164 Ecclesia:
2666 3109 2863 3165 sacula
2888 3108 3181 3181 insignitus
3208 3109 3383 3165 fuisse
3406 3105 3700 3178 comperitur.

2180 3195 2354 3262 Quam
2373 3198 2707 3268 facultatem,
2735 3199 3063 3271 (24)inquit,
3094 3217 3217 3255 cum
3246 3201 3572 3271 perspexisset
3596 3196 3705 3264 Apo-

2177 3291 2369 3358 stolus,
2392 3293 2421 3345 ὁ
2454 3291 3017 3358 Ἀπόστολος....άὶεἰε
3037 3309 3055 3346 :
3074 3291 3504 3365 Cognitioinﬂat,
3531 3288 3701 3344 dilectio

2178 3391 2354 3435 autem
2384 3382 2641 3451 aediﬁcat.
2666 3381 2832 3453 Atqui
2876 3382 2945 3437 ad
2982 3382 3125 3438 hanc
3151 3384 3518 3441 difficultatem
3545 3378 3700 3435 tollen-

2177 3472 2303 3529 dam
2332 3490 2443 3530 non
2472 3489 2538 3530 eo
2565 3489 2699 3531 sane
2727 3483 2851 3530 utar
2888 3474 3111 3547 eﬂugio,
3154 3492 3270 3546 quo
3304 3486 3581 3533 extremam
3605 3468 3699 3540 Ept-

2176 3567 2334 3622 stolae
2372 3575 2607 3637 partem,
2641 3568 2709 3624 ab
2758 3568 2845 3625 his
2882 3570 3067 3625 verbis
3109 3563 3267 3634 οὗτος
3295 3572 3323 3624 ὁ
3360 3569 3451 3623 ἀπ’
3478 3564 3629 3638 ἀρχῆς
3650 3559 3698 3615 id

2176 3656 2339 3713 finem
2394 3674 2589 3729 usque,
2622 3659 2693 3715 ab
2740 3660 2849 3716 alio
2912 3660 3148 3717 fortasse
3196 3672 3439 3719 assutam
3471 3674 3581 3717 cum
3608 3654 3699 3709 Ste-

2174 3745 2359 3816 phano
2385 3755 2437 3801 et
2463 3745 2754 3820 Sylhurgio
2775 3748 2892 3821 (25)
2921 3751 3192 3822 suspicer.
3218 3750 3362 3807 Leve
3389 3739 3601 3819 namque
3623 3742 3697 3799 ad-

2175 3840 2399 3896 modum
2431 3841 2563 3896 illud
2591 3850 2674 3899 est
2704 3843 2849 3913 quod
2880 3852 3203 3915 praetexunt,
3225 3863 3245 3898 r
3268 3844 3511 3916 Epistolm
3528 3834 3696 3895 auctori

2174 3947 2288 3988 rem
2337 3949 2447 3988 non
2494 3933 2665 3990 fuisse
2705 3950 2831 3991 cum
2881 3935 3223 4003 Christiano,
3271 3936 3367 4007 qui
3404 3935 3479 3999 εἰς
3516 3927 3697 3984 τοιαῦτα

2174 4020 2283 4075 τῶν
2332 4020 2503 4092 λόγων
2546 4024 2686 4095 βάθη
2718 4034 3003 4094 penetrare
3027 4033 3247 4096 posset;
3303 4024 3395 4081 sed
3444 4036 3554 4080 cum
3593 4017 3694 4071 Dio-

2172 4124 2363 4185 gneto,
2394 4115 2719 4173 Christianae
2742 4119 3003 4175 doctrinae
3039 4120 3218 4176 adhuc
3251 4120 3393 4177 rudi.
3418 4138 3437 4173 ι
3465 4114 3693 4187 Siquidem

2171 4206 2292 4263 viro
2344 4207 2423 4263 illi
2476 4208 2804 4267 Christiana:
2850 4212 3130 4283 religionis
3171 4210 3545 4283 cognoscenda
3574 4203 3694 4274 cupi-

2171 4298 2423 4366 dissimo,
2451 4301 2712 4373 pleraque
2740 4302 2807 4359 iis
2837 4302 3157 4375 aftiniaqua:
3185 4306 3290 4361 sub
3306 4303 3544 4376 Epistolze
3562 4300 3689 4353 tinem

2173 4401 2492 4458 occurrunt,
2531 4392 2587 4447 in
2622 4393 3001 4462 superioribus
3024 4396 3284 4465 proponit
3305 4404 3488 4450 auctor
3509 4410 3521 4447 :
3543 4389 3692 4458 cujus-

2174 4482 2321 4538 modi
2350 4493 2478 4539 sunt
2505 4500 2592 4552 ea,
2614 4486 2763 4556 quod
2796 4485 2940 4542 Deus
2974 4502 3079 4542 non
3108 4504 3221 4544 rem
3249 4498 3476 4545 creatam
3500 4479 3687 4542 miseril.

2173 4574 2269 4631 sed
2284 4576 2565 4647 proprium
2585 4576 2783 4633 Filium
2801 4596 2817 4647 ;
2834 4579 2979 4650 quod
3003 4594 3126 4637 sero
3148 4582 3351 4638 missus
3370 4580 3518 4636 fuerit
3532 4575 3685 4636 Filius,

2173 4683 2283 4739 quo
2308 4679 2703 4740 cognoscerent
2732 4671 2986 4729 homines
3021 4689 3089 4729 ex
3131 4675 3369 4744 peccatis
3403 4673 3509 4728 suis
3534 4666 3683 4724 sevit!

2172 4760 2427 4830 indignos
2454 4776 2613 4830 esse;
2646 4764 2795 4834 quod
2817 4763 2870 4819 in
2900 4764 3009 4819 alio
3038 4780 3203 4835 quam
3228 4766 3285 4821 in
3304 4764 3508 4821 Christo
3523 4753 3683 4829 justiti-

2174 4850 2290 4906 eari
2316 4850 2480 4907 homo
2510 4868 2620 4907 non
2656 4862 2890 4923 poterat,
2909 4869 3038 4923 etc.,
3069 4867 3130 4910 ut
3157 4856 3381 4927 proinde
3421 4842 3678 4921 huiusmodi

2173 4941 2436 5011 mysteria
2462 4942 2691 4999 edoctus
2716 4941 3036 5015 Diognetus,
3062 4945 3169 5000 illis
3192 4959 3406 5016 quoque
3433 4943 3585 5011 ipsum
3603 4936 3676 4989 im-

2173 5030 2270 5086 bui
2325 5032 2474 5088 haud
2514 5032 2879 5105 incongruum
2906 5044 3045 5103 erat,
3074 5051 3195 5107 qua:
3245 5033 3507 5091 subdititia
3545 5022 3676 5099 gratis

2171 5123 2574 5180 existimantur.

2241 5212 2339 5269 His
2360 5214 2545 5286 itaque
2576 5216 2781 5284 missis,
2804 5216 2939 5272 illud
2966 5218 3148 5288 potius
3168 5217 3425 5273 cumyiro
3444 5212 3581 5269 docto
3608 5204 3669 5261 di-

2243 5370 2572 5445 (22)UFabr.
2623 5371 2803 5429 Salut.
2859 5371 2956 5425 tua:
3013 5370 3215 5445 Evang.
3280 5388 3399 5444 cap.
3446 5370 3494 5436 9,
3537 5364 3560 5436 ς
3602 5360 3667 5425 ίοτ

2170 5442 2557 5594 Ρθῖξὸἶῗέηῐ.
2589 5512 2822 5595 Disquis.
2853 5514 3175 5586 chromcap.
3217 5530 3291 5575 vi,
3331 5513 3573 5636 gap-ag.
3595 5498 3661 5552 76.
3718 5472 3721 5475 Ι

2171 5581 2292 5636 Orsr
2324 5582 2490 5636 Istor.
2518 5584 2647 5636 eccl.
2678 5585 2772 5636 Ιιι).
2807 5599 2869 5636 ιι.
2894 5583 2923 5636 8
2950 5586 3042 5636 26.
3071 5597 3202 5636 tom.
3229 5582 3291 5636 ΙΙ.
3324 5600 3372 5636 n.

2171 5581 2292 5637 orsi
2324 5582 2490 5639 Istor.
2518 5584 2647 5639 eccl.
2678 5581 2772 5640 lib.
2807 5599 2869 5650 ll,
2894 5583 2923 5651 ς
2950 5586 3043 5651 26,
3071 5581 3202 5641 ω’ῐη.
3229 5582 3291 5648 ΙΙ,
3324 5581 3372 5651 p.

2265 5652 2358 5721 24)
2386 5654 2563 5709 Anon.
2591 5654 2759 5724 Epist.
2798 5657 2867 5709 ad
2894 5652 3141 5724 Diognet.
3178 5671 3293 5724 cap.
3319 5653 3399 5706 12.

2265 5654 2358 5721 24)
2386 5654 2563 5709 Anon.
2591 5654 2759 5724 Epist.
2798 5657 2867 5709 ad
2894 5654 2997 5709 Dio
3036 5668 3141 5711 net.
3178 5671 3293 5724 cap.
3319 5654 3399 5706 12.

2220 5654 2356 5810 i215)
2387 5724 2572 5794 Steph.
2595 5725 2649 5780 in
2685 5736 2799 5783 not.
2825 5736 2879 5783 et
2907 5674 3156 5799 Sylgurg.
3187 5727 3239 5781 in
3263 5708 3662 5788 adnot.,pag.i$~
