3958 6132
284 267 428 325 H65

1260 271 1596 328 EPISTOLA
1627 273 1720 327 AD
1749 271 2180 332 DIOGNETUM.
2215 308 2284 322 ν·-
2329 277 2693 336 PROOEMIA.

3433 296 3571 354 H66

276 387 518 444 cendum
565 387 874 466 putaret-im
897 387 1068 482 (Soli
1102 388 1249 460 quod
1292 405 1436 482 cum
1479 390 1534 446 in
1576 399 1690 446 tota
1735 388 1862 462 Epi—
1890 395 1939 454 Α
1965 407 2086 446 oens
2129 394 2324 464 spiritu
2362 394 2695 466 loquebatur,
2725 407 2777 452 et
2805 398 3024 454 docebat
3053 403 3334 474 diligenter
3363 426 3428 464 ea
3447 428 3569 482 quia

275 480 422 534 stola
467 479 608 534 varii
647 490 943 536 occurram
977 479 1160 536 hiatus
1187 480 1462 551 variaeque
1489 481 1718 549 lacunae,
1747 484 1869 539 alite

273 571 583 637 breviores,
630 571 906 644 longiores
948 573 1098 638 aliae;
1125 582 1410 644 propterea
1458 588 1566 628 non
1601 575 1676 629 ita
1716 586 1868 630 certo

271 665 496 721 deliniri
525 673 725 735 potest,
743 680 996 736 quaenam
1029 664 1230 720 ibidem
1259 665 1460 732 desint,
1480 681 1603 737 qua:
1633 667 1865 722 aliorum

271 772 414 812 mss.
446 772 551 828 ope
594 765 849 827 poterunt
883 756 1180 827 aliquando
1204 757 1469 828 suppleri.
1493 756 1566 814 Et
1608 774 1740 815 vero
1793 759 1866 814 ibi

271 849 512 906 forsitan
556 852 774 916 abrasa,
823 851 910 906 vel
949 850 1158 906 omissa
1210 862 1315 916 est,
1361 859 1460 907 aut
1503 854 1728 908 evanuit
1761 869 1866 909 vox

271 943 512 1007 Paulus,
544 959 666 1014 quis
715 959 934 999 omnem
981 944 1174 1015 procul
1213 943 1382 1000 dubio
1419 945 1585 1001 solvit
1633 946 1868 1017 hujusce

269 1034 615 1090 dil‘licultatis
643 1035 872 1090 nodum.
907 1053 926 1087 ι
963 1033 1176 1102 Quibus
1207 1037 1378 1093 addas
1406 1039 1647 1094 maxime
1677 1039 1862 1107 velim,

270 1143 372 1182 cur
385 1128 607 1182 demum
623 1127 1002 1181 antonomasia
1027 1127 1114 1182 illa
1141 1128 1218 1182 uti
1240 1128 1385 1184 haud
1411 1130 1651 1198 potuerit
1677 1140 1863 1186 noster

266 1219 427 1274 Anon
436 1236 594 1290 ymus
605 1222 628 1274 ?
639 1219 792 1287 Quod
812 1220 1208 1290 posterioribus
1223 1218 1370 1275 Patri
1380 1221 1480 1276 llus
1494 1219 1864 1294 Ecclesiaaque

265 1315 633 1384 scriptoribus
689 1315 806 1370 sive
852 1315 1006 1370 licuit
1057 1315 1172 1370 sive
1202 1314 1382 1380 libuit,
1412 1315 1602 1385 quidni
1637 1325 1695 1370 et
1737 1317 1860 1372 viro

261 1407 608 1476 apostolico?
630 1405 874 1476 Denique
901 1406 1031 1476 quid
1055 1405 1239 1460 obstat
1253 1407 1553 1476 quom-inus
1573 1406 1848 1478 ejusmodi

260 1498 527 1569 loquendi
561 1515 771 1554 morem
812 1500 882 1554 ab
911 1515 978 1554 eo
1023 1499 1262 1569 primum
1294 1499 1571 1554 invectum
1614 1500 1858 1570 reliquos

259 1607 569 1662 usurpasse
622 1592 918 1662 putemus?
972 1589 1112 1647 Vere
1163 1606 1403 1662 namque
1460 1607 1526 1648 ac
1583 1593 1861 1662 sapienter

1970 493 2094 539 sunt
2115 485 2180 539 de
2196 485 2510 544 Domino....
2523 491 2680 559 qui...
2697 492 2922 546 contulit
2937 494 3163 548 multum
3185 497 3268 551 his
3287 503 3378 568 qui
3397 509 3572 558 credi-

1970 577 2178 633 derant.
2188 618 2203 633 .
2213 619 2228 633 .
2246 578 2582 636 Vehementer
2593 584 2732 638 enim
2745 583 2962 639 Judteos
2978 587 3324 658 redarguebat
3336 594 3564 660 publica.

1971 672 2248 727 ostendens
2290 689 2384 742 per
2416 673 2724 746 Scripturas
2773 694 2884 733 esse
2927 677 3198 734 Christum
3219 681 3424 740 Iesum.
3460 688 3568 742 Ita-

1972 781 2080 836 que
2103 767 2149 822 si
2173 774 2358 822 tantus
2386 767 2471 822 vir
2497 777 2616 823 erat
2639 770 2858 840 Apollo,
2882 786 3006 826 cum
3036 773 3216 830 adhuc
3245 776 3380 831 solis
3403 777 3565 832 Chri-

1972 858 2165 914 stianae
2201 858 2323 914 fidei
2348 859 2676 916 rudimentis
2723 869 2870 918 esset
2913 863 3180 932 imbutus,
3225 876 3279 922 et
3332 867 3563 926 Joannis

1970 950 2298 1020 baptismate
2329 951 2924 1022 duntaxat'intinctus;
2955 966 3198 1026 quantus
3221 975 3389 1029 porro
3429 978 3562 1018 eva-

1971 1043 2112 1100 sisse
2145 1044 2446 1114 putandus.
2476 1054 2767 1116 postquam
2799 1047 3059 1118 deinceps
3101 1052 3390 1122 altioribus
3431 1056 3562 1110 reli-

1970 1134 2154 1203 gionis
2190 1136 2467 1207 mysteriis
2495 1151 2525 1191 a
2557 1136 2845 1208 discipulis
2879 1139 3118 1206 Domini,
3157 1128 3324 1214 atque
3353 1145 3408 1200 in
3439 1148 3559 1217 pri-

1969 1224 2076 1280 mis
2113 1225 2182 1280 ab
2212 1226 2334 1296 ipso
2372 1227 2614 1298 gentium
2643 1229 2867 1286 doctore
2899 1231 3002 1287 fuit
3027 1233 3352 1291 institutus?
3381 1235 3456 1292 De
3489 1253 3558 1293 eo

1973 1330 2108 1370 sane
2136 1324 2371 1372 testatur
2399 1318 2698 1388 Apostolus
2719 1321 3089 1387 “,Ecclesiam
3142 1324 3553 1384 Corinthiacam

1967 1420 1998 1461 a
2023 1422 2082 1462 se
2097 1408 2420 1478 plantatam,
2445 1411 2605 1470 illum
2627 1413 2856 1482 copioso
2887 1415 3172 1484 sapientiae
3201 1432 3267 1472 ac
3286 1419 3554 1490 eloquen-

1966 1492 2058 1547 tiae
2089 1508 2204 1549 suae
2231 1495 2405 1552 imbre
2436 1499 2575 1553 adeo
2615 1498 2902 1572 irrigasse,
2933 1511 2994 1555 ut
3017 1502 3354 1559 uberrimam
3401 1522 3556 1577 sege-

1967 1591 2075 1638 tem
2116 1585 2381 1654 referens,
2415 1589 2733 1645 schismatis
2771 1591 2990 1649 occasio
3013 1591 3200 1661 fuerit,
3231 1594 3552 1652 Corinthio-

255 1683 698 1755 Chrysostomus
726 1684 841 1755 (Ξῖ)
874 1703 888 1740 :
915 1685 1085 1738 Ὅταν
1101 1683 1426 1738 Ἀπόστολον
1448 1683 1628 1758 εῐπῃς,
1652 1684 1839 1748 εὐθέως

1962 1692 2088 1732 rum
2135 1679 2260 1737 aliis
2312 1681 2692 1738 dictitantibus
2728 1702 2740 1737 :
2777 1682 2894 1754 Ego
2935 1686 3148 1758 quidem
3186 1704 3306 1742 sum
3355 1688 3550 1756 Pauli,-

255 1777 469 1840 πάντες
497 1777 659 1832 αὑτὸν
697 1777 986 1833 ἐννοοῦσινο
1015 1777 1202 1851 ὥσπερ
1237 1777 1366 1832 ὅταν
1391 1777 1726 1850 Βαπτιστὴν,
1759 1777 1839 1831 εὐ-

1955 1766 2079 1822 aliis
2124 1784 2300 1825 vero:
2345 1769 2461 1843 Ego
2505 1781 2687 1827 autent
2737 1756 2958 1845 Apollo.
2983 1766 3184 1846 Quidni
3232 1795 3365 1851 ergo
3394 1782 3548 1837 lucu-

255 1870 402 1934 Οέως
444 1871 539 1924 τὸν
603 1872 876 1944 Ἰωάννην.
931 1890 952 1924 r
986 1871 1220 1938 Quando
1259 1872 1582 1943 Apostolum
1621 1871 1851 1939 dixeris,

253 1967 447 2023 statim
500 1968 757 2024 omnibus
806 1967 896 2022 ille
937 1964 1185 2037 (Paulus)
1229 1969 1287 2024 in
1324 1961 1586 2024 'mentem
1637 1969 1785 2024 venit
1831 1986 1846 2023 :

251 2059 730 2130 quemadmodum
759 2059 806 2114 si
834 2058 1158 2130 Baptistam,
1193 2059 1378 2116 statim
1401 2057 1671 2114 Joannem
1700 2059 1856 2113 intel-

251 2150 453 2222 ligunt.
501 2169 520 2200 ι
568 2149 709 2216 Quid
741 2150 888 2220 quod
931 2149 1242 2218 Apostoluin
1293 2149 1620 2218 simpliciter
1648 2149 1835 2204 nomi-

250 2251 349 2298 nat
377 2243 762 2314 Athenagoras
789 2241 865 2296 De
895 2241 1111 2297 Resurr.
1144 2241 1172 2314 ς
1202 2255 1498 2314 xvm,pag.
1529 2242 1623 2298 55.

248 2400 517 2475 Ill._Quis_
555 2401 797 2475 ejusdem
825 2393 1082 2472 Epistula:
1110 2411 1298 2475 auctor
1322 2403 1505 2473 fuerit,
1533 2403 1846 2475 inquiritur.

321 2473 408 2528 An
453 2473 702 2544 Clemens
760 2473 1069 2530 Romanus?
1115 2473 1371 2528 Fortasse
1413 2473 1609 2542 potius
1637 2475 1848 2544 Apollo,

269 2561 272 2564 '
316 2559 403 2601 t‘tr
458 2542 888 2615 Alexandrinus,
914 2544 1162 2615 eloquens
1202 2559 1265 2599 ac
1298 2545 1526 2615 disertus
1554 2560 1573 2598 :
1605 2542 1756 2615 cujus
1793 2546 1851 2599 in

273 2636 276 2638 ν
317 2617 475 2669 Actis
523 2614 885 2686 apostolorum
924 2613 1091 2686 _et'in
1139 2613 1401 2686 Epistolis
1449 2613 1700 2686 Paulinis
1741 2616 1850 2686 frs-

319 2703 489 2756 quens
529 2685 745 2739 mentio.
797 2685 869 2739 De
884 2684 1168 2756 _Diogueto
1193 2684 1285 2739 cui
1318 2685 1562 2756 Epistula
1601 2684 1849 2740 inscribi-

321 2753 434 2824 tur,
472 2757 636 2827 deque
678 2756 843 2826 ipsius
873 2753 1134 2824 Epistula:
1156 2753 1492 2826 praestantia,
1526 2757 1844 2812 observatio.

317 2887 450 2947 Haec
479 2904 608 2945 vero
629 2889 698 2945 de
724 2889 924 2960 quibus
960 2889 1231 2946 hactenus
1267 2889 1687 2959 edisseruimus,
1719 2891 1842 2946 ani-

247 2999 400 3039 mum
434 2984 686 3040 alliciunt
723 2993 779 3039 et
803 2984 1214 3055 quodammodo
1254 2986 1544 3057 impellunt
1571 2986 1638 3041 ad
1670 2987 1846 3058 inqui-

245 3077 504 3143 rendum,
537 3077 794 3148 quisnam
848 3076 921 3132 sit
970 3087 1163 3132 auctor
1186 3075 1446 3147 Epistola:
1476 3095 1492 3132 :
1527 3092 1640 3147 quo
1669 3076 1838 3132 semel
1867 3097 1912 3160 ο

245 3169 388 3226 forte
414 3171 647 3235 detecto,
674 3168 787 3239 jam
840 3168 1003 3224 dictis
1030 3169 1125 3224 lux
1170 3169 1348 3238 major
1401 3169 1645 3224 accedet.
1679 3167 1837 3225 linus

243 3260 564 3317 Baraterius
617 3260 953 3314 Clementem
1007 3257 1321 3314 Romanum
1376 3258 1522 3314 hanc
1588 3259 1835 3328 perscri-

243 3352 678 3423 psisseconjecit
719 3350 859 3422 (28),
893 3365 960 3407 eo
1011 3351 1363 3421 potissimum
1416 3351 1662 3417 nomine,
1686 3351 1836 3422 quod

242 3447 336 3502 ille
381 3445 452 3500 iis
499 3443 840 3514 temporibus
895 3443 1065 3498 vitam
1120 3442 1300 3514 egisse
1347 3451 1689 3512 compertum
1738 3444 1831 3510 sit,

242 3537 446 3608 quibus
475 3535 727 3590 ﬂoruisse
781 3535 1099 3605 perhibetur
1125 3544 1312 3590 noster
1357 3534 1701 3608 Anonymus.
1727 3535 1834 3591 Ve-

241 3643 372 3684 reor
399 3637 603 3695 tamen,
622 3636 683 3682 ut
706 3627 838 3684 illud
869 3627 1004 3684 satis
1027 3627 1246 3682 firmum
1273 3637 1570 3698 ratumque
1598 3628 1830 3708 sitquod

241 3723 463 3778 censuit
495 3722 578 3776 vir
617 3722 860 3777 eruditus
880 3762 895 3787 ,
924 3721 1218 3792 epistolam
1259 3737 1455 3792 nempe
1481 3736 1589 3792 qua
1617 3721 1684 3776 de
1715 3721 1831 3790 agi-

242 3829 390 3880 mus,
422 3814 622 3885 stylum
659 3812 949 3868 Paulinum
997 3814 1072 3869 ita
1108 3812 1313 3869 referre
1337 3822 1398 3868 ut
1421 3811 1574 3867 Pauli
1599 3826 1723 3867 esse
1746 3811 1831 3867 vi-

240 3905 468 3973 deatur;
501 3908 747 3976 adeoque
771 3906 1104 3962 Clementem
1135 3916 1413 3962 auctorem
1445 3921 1558 3976 pra:
1583 3921 1643 3962 se
1662 3905 1824 3971 ferre,

240 3998 403 4067 cujus
433 4000 634 4070 stylum
677 4015 803 4054 cum
842 3998 1072 4054 Paulino
1105 4014 1358 4070 magnam
1407 3998 1609 4054 habere
1639 3997 1822 4053 alliui-

240 4099 408 4147 tatem
455 4092 616 4158 plane
660 4100 898 4148 constat.
925 4093 994 4146 At
1015 4107 1140 4162 ego,
1163 4091 1212 4146 si
1247 4091 1380 4162 quid
1413 4091 1590 4162 sapio,
1618 4091 1673 4146 in
1701 4107 1824 4148 eam

238 4185 426 4256 potius
481 4163 809 4241 sententiam
867 4184 1082 4249 iverim,
1119 4183 1313 4254 Apollo
1335 4184 1455 4255 ejus
1495 4185 1823 4254 scriptorem

238 4293 364 4333 esse
407 4281 840 4348 agnoscendum,
864 4276 932 4332 de
977 4289 1090 4346 quo
1129 4275 1245 4330 haec
1276 4273 1456 4331 Lucas
1497 4276 1552 4330 in
1583 4275 1777 4331 Actis“
1805 4295 1818 4332 :

251 4370 613 4436 Ἀπολλὼς...
643 4371 783 4443 ἀνὴρ
824 4371 1067 4441 λόγιος...
1099 4369 1321 4434 δυνατὸς
1348 4368 1424 4423 ὢν
1445 4370 1505 4422 ὲν
1527 4372 1648 4433 ταῖς
1679 4369 1822 4434 Γρα-

1955 1860 2317 1918 lentissimam
2377 1864 2662 1935 scripserit
2689 1866 2978 1936 epistolam
3005 1870 3092 1926 vir
3121 1871 3546 1943 Alexandrinus,

1953 1953 2217 2025 eloquens,
2242 1963 2425 2025 potens
2447 1958 2501 2011 in
2527 1955 2849 2028 Scripturis,
2875 1959 3080 2029 fervens
3107 1963 3304 2033 spiritu
3331 1974 3383 2019 et
3406 1967 3547 2022 viam

1955 2044 2177 2102 Domini
2216 2050 2473 2104 edoctus?
2513 2050 2716 2118 Quidni
2745 2053 2831 2108 vir
2861 2053 2952 2109 ille
2985 2057 3343 2126 apostolicus,
3367 2061 3548 2116 scien-

1956 2141 2055 2207 tia,
2084 2142 2188 2196 lide
2215 2157 2279 2197 ac
2306 2143 2510 2213 pietate
2535 2153 2833 2214 praestans;
2865 2147 2960 2217 qui
2991 2164 3053 2201 ea
3075 2148 3359 2220 diligenter
3383 2152 3544 2207 doce-

1954 2233 2043 2288 bat
2086 2249 2205 2304 quia
2249 2244 2374 2288 sunt
2403 2236 2468 2290 de
2500 2235 2726 2291 Domino
2745 2279 2761 2305 ,
2787 2255 2882 2306 per
2924 2238 3234 2310 Scripturas
3263 2244 3544 2300 ostendens

1957 2327 2130 2396 ipsum
2153 2343 2263 2381 esse
2294 2325 2602 2390 Christum;
2626 2328 2831 2400 quique
2856 2339 2976 2386 erat
3008 2329 3188 2401 λόγιος
3221 2335 3250 2388 ὁ
3280 2336 3543 2408 metor-i3;

1950 2417 2058 2470 τῶν
2072 2417 2309 2489 Χριστοῦ
2329 2418 2589 2491 μαθητῶν
2606 2439 2623 2472 ε
2643 2421 2906 2492 eloquens
2924 2424 3538 2498 rigatordiscipulorum

1951 2503 2160 2559 Christi
2198 2525 2217 2557 ι
2254 2515 2315 2560 ut
2359 2505 2419 2561 S.
2466 2505 2572 2562 Nili
2611 2509 2773 2565 verba
2822 2527 3082 2584 usurpem
3103 2515 3250 2586 (29);
3281 2517 3536 2576 sublimia

1949 2594 2043 2649 illa
2077 2598 2337 2668 mysteria
2361 2599 2426 2654 de
2453 2599 2592 2654 Filio
2624 2599 2715 2657 Dei
2746 2602 3121 2673 edisseruerit,
3155 2623 3278 2678 qua:
3320 2611 3538 2668 suavis-

1949 2686 2093 2743 simo
2118 2689 2341 2759 eloquio
2368 2690 2696 2763 Diognetum
2718 2710 2781 2750 ea
2809 2695 2864 2750 in
2892 2697 3120 2766 epistola
3153 2701 3346 2756 edocet
3380 2702 3538 2773 (50)?

1947 2776 2142 2847 Apollo
2157 2780 2440 2835 enimvero
2460 2791 2659 2839 caetera
2676 2785 2863 2841 omnia
2885 2799 3216 2859 congruunt,
3231 2806 3354 2860 qua?
3372 2795 3536 2849 modo

1947 2887 2016 2927 ex
2063 2871 2238 2943 ipsius
2285 2872 2544 2944 Epistolas
2573 2886 2835 2934 contextu
2871 2879 3532 2952 depromptaillustravi-

1946 2978 2104 3032 mus;
2130 2965 2375 3037 illudque
2403 2969 2778 3037 p0tissimum,
2810 2972 2957 3042 quod
2978 2972 3208 3030 Paulum
3234 2991 3532 3049 suppresso

1948 3055 2173 3110 nomine
2226 3057 2544 3126 Apostolum
2601 3061 2924 3131 simpliciter
2987 3066 3310 3135 appellarit;
3365 3085 3530 3140 quem

1940 3163 2114 3202 unum
2140 3149 2353 3205 scilicet
2377 3149 2576 3220 Ephesi
2610 3156 2976 3212 conveniens"
3011 3172 3137 3212 cum
3167 3174 3345 3229 eoque
3382 3166 3528 3218 ami-

1939 3238 2157 3295 cissime
2173 3256 2362 3312 agens,
2387 3242 2532 3299 illius
2558 3243 2973 3302 sollicitudinem
3003 3251 3239 3304 omnium
3256 3251 3527 3311 Ecclesia-

1937 3329 2092 3381 rum‘
2119 3332 2291 3400 probe
2323 3333 2561 3388 tenebat.

2005 3418 2194 3493 Neque
2232 3421 2367 3479 illud
2419 3425 2644 3482 omittas
2689 3429 2852 3484 velim
2884 3431 2952 3486 ad
2995 3436 3260 3505 temporis
3289 3440 3526 3494 notatio-

1935 3527 2060 3569 nem
2089 3515 2267 3586 magis
2297 3518 2478 3573 adhuc
2502 3521 2857 3576 astruendam
2887 3524 3070 3579 virum
3113 3526 3262 3583 hunc
3294 3539 3521 3601 aposto-

1933 3607 2098 3665 licum
2123 3611 2177 3671 in
2207 3612 2345 3667 vivis
2367 3613 2545 3684 egisse
2569 3631 2716 3672 anno
2738 3617 2807 3672 64
2825 3617 2962 3689 (51),
2989 3620 3075 3674 vel
3098 3622 3282 3692 potius
3305 3624 3395 3687 65.
3421 3626 3489 3681 de
3506 3655 3521 3668 -

1932 3703 2146 3759 sinente
2178 3704 2319 3778 (59.),
2347 3722 2460 3777 quo
2497 3723 2656 3766 suam
2714 3711 2935 3782 scripsit
2971 3710 3178 3771 Paulus
3220 3717 3288 3772 ad
3332 3716 3516 3774 Titum

1930 3793 2228 3865 Epistolam
2254 3818 2268 3854 :
2295 3799 2348 3854 in
2377 3816 2441 3856 ea
2471 3802 2618 3856 enim
2640 3803 2736 3858 dat
2764 3804 2866 3874 ipsi
2895 3807 3212 3864 mandatum
3243 3808 3312 3865 de
3325 3809 3517 3880 Apollo

1929 3887 2088 3944 Creta
2134 3889 2435 3961 Nicopolim
2469 3895 2868 3964 praemittendo,
2896 3897 2989 3952 ubi
3022 3899 3269 3956 hiemare
3299 3909 3516 3957 statue-

1927 3989 2042 4049 rat;
2073 3991 2136 4038 ut
2180 3984 2411 4054 proinde
2459 3987 2683 4044 ineunte
2729 4004 2876 4045 anno
2917 3989 3241 4060 insequente
3282 3993 3373 4064 66,
3418 4011 3514 4051 co-

1928 4075 2115 4130 mitem
2174 4091 2297 4134 sese
2355 4078 2668 4150 adjunxerit
2713 4082 2961 4152 apostolo
3008 4083 3240 4155 ipsemet
3277 4087 3507 4158 Apollo,

1927 4169 2176 4240 adeoque
2215 4187 2374 4227 suam
2420 4172 2684 4243 Diogneto
2713 4173 3017 4246 Epistolam
3047 4179 3152 4234 sub
3187 4180 3330 4236 idem
3372 4192 3512 4239 tem-

1922 4276 2028 4331 pus
2059 4271 2154 4316 aut
2180 4263 2343 4333 paulo
2365 4264 2542 4321 serius
2569 4265 2932 4338 inscripserit.

1994 4355 2130 4424 Quis
2161 4373 2328 4428 porro
2359 4358 2524 4416 fuerit
2551 4359 2850 4433 Diognetus
2883 4363 2995 4432 ille,
3021 4365 3507 4439 planeincomper-

241 4469 388 4534 φαῖς.
438 4460 605 4530 Οὗτος
634 4461 702 4538 ἦν
737 4442 1116 4537 κατηχημένος
1153 4462 1252 4536 τὴν
1291 4462 1409 4517 ὁδὸν
1450 4461 1546 4515 τοῦ
1588 4462 1817 4534 Κυρίου,

1949 4464 2062 4503 um.
2091 4447 2281 4520 Neque
2307 4450 2476 4518 enim,
2499 4452 2547 4508 si
2572 4454 2704 4523 quid
2734 4455 2892 4525 pretii
2922 4456 3158 4513 habeant
3191 4474 3314 4528 quae
3342 4461 3504 4516 modo

239 4564 334 4616 καὶ
371 4562 509 4626 ζέων
553 4560 634 4632 τῷ
675 4560 968 4631 πνεύματι,
999 4558 1173 4614 emet
1220 4559 1316 4613 καὶ
1358 4556 1636 4610 ἐδίδασκεν
1664 4556 1825 4627 ἀκρι-

239 4652 348 4715 ϐῶς
370 4651 440 4706 τὰ
461 4651 588 4724 περὶ
612 4650 705 4704 τοῦ
730 4650 1024 4722 Κυρίου....
1048 4648 1174 4712 ὃς...
1195 4646 1514 4701 συνεϐάλετο
1543 4645 1677 4699 πολὺ
1708 4647 1820 4706 τοῖς

236 4747 712 4799 πεπιστευκόσι....
731 4743 975 4805 Etitovio;
994 4740 1101 4812 γὰρ
1127 4743 1240 4804 τοῖς
1273 4740 1545 4803 Ἰουδαίοις
1569 4739 1823 4813 διακατη-

235 4833 460 4906 λέγχετο
498 4835 755 4908 δημοσίᾳ,
783 4833 1089 4896 ἐπιδεικνὺς
1126 4832 1215 4886 διὰ
1254 4832 1362 4886 τῶν
1404 4832 1657 4906 Γραφῶν,
1681 4828 1818 4887 εἶναι

233 4927 326 4981 τὸν
359 4927 592 5001 Χριστὸν
626 4926 854 4997 Ἰησοῦν.
878 4926 1134 4996 Apollo...
1168 4927 1248 4981 vir
1279 4925 1594 4996 eloquens...
1633 4935 1815 4996 potens

234 5016 290 5070 in
319 5013 644 5085 Scripturis.
668 5015 773 5070 Hic
801 5026 916 5071 erat
941 5015 1156 5070 edoctus
1187 5017 1330 5070 viam
1357 5015 1598 5082 Domini,
1633 5026 1683 5070 et
1708 5016 1816 5086 [er-

347 5193 507 5252 'Act.
541 5213 699 5264 xvm,
731 5195 902 5253 2i-28
1011 5196 1077 5252 Ἰ
1128 5195 1259 5253 Cor.
1281 5212 1324 5266 ι,
1373 5195 1485 5264 i2;
1541 5211 1628 5262 ut,
1685 5196 1804 5252 4-6.

302 5377 416 5446 (26)
442 5374 641 5432 Nourr.
672 5376 872 5447 Appar.
899 5375 968 5430 ad
993 5373 1121 5429 bibl.
1146 5371 1287 5447 PP.,
1313 5381 1444 5428 tom.
1468 5371 1510 5438 l,
1539 5386 1659 5442 pag.
1680 5373 1808 5447 illi.

304 5445 418 5517 (27')
449 5445 734 5518 Chrysost.
755 5445 927 5502 ’llom.
958 5461 1024 5501 LV
1057 5447 1116 5500 in
1144 5446 1299 5512 Acta,
1333 5460 1460 5515 opp.
1498 5459 1627 5498 nov.
1673 5445 1806 5499 edit.

238 5526 368 5574 tom.
402 5517 493 5579 lx.
521 5517 644 5588 pag.
673 5519 799 5588 415.

305 5591 419 5659 tib)
452 5584 630 5660 uarat.
661 5587 900 5660 Disquis.
929 5586 1137 5660 chron.,
1168 5601 1289 5660 cap.
1492 5585 1547 5651 5,
1567 5601 1689 5657 pag.
1717 5586 1804 5644 7?.

313 5661 421 5727 (ea;
450 5659 581 5723 Νη..
607 5660 699 5713 lib.
721 5659 794 5724 ιι,
821 5659 982 5730 epist.
1007 5659 1098 5724 is,
1122 5673 1244 5729 pag.
1271 5659 1393 5712 MO.

311 5731 419 5794 (50)
442 5734 621 5789 Anon.
659 5730 828 5801 Epist.
855 5731 925 5786 ad
951 5729 1218 5800 Diognct.,
1246 5745 1402 5800 capp.
1437 5731 1590 5786 7-l‘2.

1923 4543 2308 4612 expendimus,
2359 4543 2530 4602 fuisse
2569 4547 2618 4602 is
2677 4549 3078 4606 existimandus
3130 4566 3293 4620 quem
3357 4555 3501 4623 apud

1921 4635 1993 4691 M.
2011 4637 2297 4691 Aurelium
2320 4637 2659 4697 Antoninum
2686 4642 2984 4712 plurimum
3008 4645 3248 4700 valuisse
3269 4656 3502 4703 testatur

1919 4727 2261 4798 Capitolinus
2301 4730 2442 4801 (55).
2493 4729 2554 4786 Id
2601 4749 2771 4788 unum
2825 4736 3080 4792 novimus
3127 4753 3194 4792 ex
3239 4737 3498 4808 Epistolae

1917 4831 2142 4878 auctore
2168 4822 2304 4894 (5i),
2366 4825 2518 4880 illum
2561 4825 2733 4882 fuisse
2774 4828 2953 4884 virum
3003 4831 3313 4901 κράτιστον,
3360 4850 3499 4904 μνω-

1917 4916 2330 4982 stantissimum,
2352 4919 2446 4988 qui
2494 4935 2695 4992 magno
2726 4921 3053 4978 Christiana:
3079 4925 3361 4994 religionis
3399 4943 3495 4982 co-

1915 5007 2244 5079 gnoscenda:
2291 5009 2568 5068 desiderio
2620 5013 2904 5086 ﬂagrabat.
2946 5015 3014 5071 Et
3057 5018 3242 5088 plures
3270 5020 3492 5090 quidem

1912 5208 1981 5263 ⁷1
2018 5210 2144 5268 Cor.
2197 5215 2422 5280 “1,12.
2565 5209 2588 5249 ⁸
2611 5214 2656 5272 ll
2696 5217 2909 5280 Comu.
2933 5221 3032 5290 9.7;
3065 5221 3171 5279 Tit.
3210 5241 3294 5291 ιιι,
3331 5227 3418 5286 l5.

1978 5387 2092 5529 £31)
2129 5389 2263 5447 Mill.
2293 5391 2590 5463 Prolegom.
2623 5395 2693 5447 ad
2727 5394 2798 5450 Ν.
2832 5395 2920 5460 7.,
2954 5397 2981 5468 §
3037 5398 3160 5462 12-2,
3191 5413 3242 5467 p.
3271 5401 3337 5453 li

2002 5460 2094 5528 52,
2124 5459 2312 5517 Pears.
2330 5463 2528 5520 Annal.
2555 5465 2807 5529 Paul.,p.
2831 5468 2923 5529 22,
2948 5479 3001 5522 et
3023 5467 3161 5529 Opp.
3184 5473 3337 5529 posth

1908 5501 1944 5599 p
1978 5459 2094 5580 (ἓξ)
2108 5459 2312 5602 εῐέεᾶθτε.
2330 5459 2528 5520 Annal.
2555 5465 2807 5554 Paul.,p.
2831 5459 2923 5533 22,
2948 5459 3001 5522 ct
3023 5459 3161 5539 Opp.
3183 5459 3438 5538 posthum
3467 5510 3486 5540 ,

2121 5599 2369 5678 Capitol.
2389 5605 2444 5678 in
2475 5607 2727 5662 Antoniu.
2758 5610 2878 5674 vit.,
2903 5626 3023 5678 cap.
3059 5611 3113 5664 .i.

1977 5671 2289 5730 (SilAuon.
2323 5674 2494 5746 Epist.
2517 5680 2585 5731 ad
2625 5671 2892 5747 Diounet.,
2924 5671 3043 5752 cap.
3077 5683 3126 5736 l.
