3958 6132
436 263 574 319 Ηῦῗ
1560 246 1877 305 ANONYMI
1915 244 2056 303 VIRI
2094 238 2503 298 APOSTOLICI
3571 234 3693 289 “68

436 378 683 451 ejusdem
716 372 965 432 nominis
993 369 1144 425 viros
1174 366 1417 423 illustres
1448 367 1750 430 exstitisse,
1781 380 1847 420 ex
1872 372 2022 419 vete—
2053 376 2101 433 Α
2197 356 2482 451 Caeterum
2501 352 2725 451 plurimi
2755 349 3014 451 ducenda
3035 342 3542 451 potissimum'haze
3579 346 3696 451 Epi.

441 439 562 528 rum
585 466 959 523 monumentis
978 462 1329 535 perspicuum
1355 459 1453 525 sit,
1476 458 1745 513 utvidere
1767 467 1852 512 est
1871 454 2017 525 apud
2121 450 2283 516 stola,
2341 448 2485 519 quod
2516 448 2637 516 ejus
2688 452 2884 499 auctor
2924 443 3179 514 quisquis
3236 441 3459 495 demum
3519 439 3694 508 fuerit,

438 562 757 619 Fabricium
784 558 929 631 (55);
959 556 1160 627 quibus
1203 554 1367 609 etiam
1408 552 1498 606 alii
1525 552 1634 607 duo
1662 549 1894 605 addendi
1929 564 2024 604 co-
2120 542 2402 613 complura
2452 542 2570 595 loca
2616 539 2769 593 omni
2803 537 3188 631 observatione
3222 535 3552 631 dignissima
3578 550 3695 603 pro-

441 655 749 726 gnomines,
772 627 1081 705 Archontes
1122 647 1508 711 Athenienses,
1535 644 1606 698 cl.
1631 642 1885 697 Corsinio
1909 656 2025 697 me-
2121 636 2279 703 ferat,
2325 634 2528 705 quibus
2580 631 2725 686 haud
2761 644 2938 700 pauca
2978 628 3308 726 Christianae
3336 627 3463 681 ﬁdei
3494 641 3701 726 summa,

442 719 639 801 morati
669 743 807 813 ('56).
859 742 966 797 Sed
1020 740 1231 801 nullum
1278 740 1491 806 uspiam
1543 736 1739 791 adhuc.
1777 736 2025 805 detegere
2129 731 2306 800 capita
2360 728 2555 794 tradat,
2608 726 2844 811 illustret
2894 732 3059 793 atque
3101 722 3420 787 conﬁrmet;
3475 730 3537 774 ut
3575 719 3697 775 viris

440 837 615 900 licuit,
657 834 747 891 cui
790 843 1035 903 tempora
1083 839 1140 887 et
1189 830 1399 900 reliqua
1454 828 1715 898 superius
1764 828 2022 883 adnotata
2121 823 2320 889 doctis,
2344 820 2582 877 Nourrio
2603 819 2659 875 in
2684 817 2877 890 primis
2899 816 3014 888 (57)
3034 824 3092 872 et
3118 814 3276 871 Bullo
3298 813 3697 885 (38),animad—

440 941 745 999 congruere
782 932 1100 982 noscantur.
1516 948 1525 965 ι
2128 930 2369 973 versum.

453 1126 3670 1163 _____________________________._____._____________.________

1636 1310 1887 1466 ΑΝ
1901 1308 2159 1466 ΟΝ
2167 1307 2535 1462 YMI

1765 1598 1903 1652 VIR!
1940 1594 2354 1653 APOSTOLICI

1003 1801 1779 1935 EPISTOLA
1881 1802 2090 1928 AD
2187 1797 3172 1928 DIOGNETUM.

945 2066 1053 2127 Ex
1091 2064 1623 2143 interpretatione
1681 2060 1954 2125 Henrici
1983 2059 2310 2140 Stephani,
2337 2054 2641 2137 pluribus
2669 2054 2825 2118 iocis
2879 2054 3222 2115 emendata.

1430 2252 1721 2310 (GALLAND.,
1752 2251 1861 2301 γει.
1886 2250 2027 2300 Patr.
2059 2246 2310 2309 Biblioth.,
2343 2246 2385 2309 Ι,
2405 2246 2539 2310 520.)

445 2521 573 2577 Cn.
608 2517 647 2573 Ι.
681 2517 903 2575 Occasio
937 2514 1217 2587 Epistoiaz.
1251 2514 1498 2587 Diogneti
1528 2514 1844 2587 quwstiones
1875 2520 2280 2587 proponuntur:
2302 2510 2354 2565 1.
2377 2508 2575 2587 In_qao
2617 2509 2726 2565 Deo
2757 2509 2955 2587 scilicet
2986 2507 3240 2587 ﬁduciam
3272 2505 3523 2563 habentes
3555 2507 3691 2587 ρήῂο

514 2590 699 2655 stiani,
734 2579 996 2642 mundum'
1030 2597 1079 2642 et
1112 2598 1331 2641 mortem
1358 2579 1734 2641 Vconteinnant.
1767 2584 1823 2637 2.
1860 2579 2312 2637 Cur'ercorum
2343 2592 2392 2635 et
2422 2579 2737 2655 {admoram
2769 2581 2939 2635 sacris
2962 2580 3212 2655 ‘abjeetis,
3251 2595 3445 2632 novam
3496 2580 3689 2655 reiigia-

519 2676 635 2714 nem
661 2650 943 2713 sectentur.
977 2659 1030 2711 5.
1058 2656 1207 2712 Unde
1238 2657 1330 2712 ille
1362 2673 1532 2723 amor,
1553 2672 1654 2726 quo
1690 2671 1745 2709 se
1776 2664 1959 2707 mutuo
1991 2662 2398 2722 prosequuntur.
2435 2652 2491 2705 4.
2517 2650 2626 2706 Cur
2660 2661 2770 2705 tam
2811 2666 2926 2705 sero
2955 2651 3009 2704 in
3040 2650 3216 2704 orbem
3251 2658 3522 2703 terrarum
3553 2650 3691 2703 inda-

523 2742 668 2786 ctum
706 2732 777 2783 sit
810 2730 905 2782 hoc
937 2728 1262 2783 institutum.

518 2839 974 2910 Quandoquidem
995 2839 1153 2895 video
1192 2846 1246 2894 te
1265 2877 1282 2903 ,
1316 2837 1582 2909 Diognete
1602 2877 1617 2902 ,
1647 2838 1732 2893 vir
1765 2847 2032 2910 praestan-
2062 2846 2105 2901 Β

452 2930 701 2995 tissime,
732 2928 1005 2984 acerrimo
1051 2928 1232 2983 Studio
1288 2926 1461 2982 teneri
1500 2924 1743 2981 discendi
1794 2924 1920 2995 quis
1953 2925 2027 2979 sit

452 3023 671 3078 divinus
701 3020 885 3078 cultus
911 3019 1357 3075 Christianorum
1378 3062 1392 3087 ,
1429 3033 1493 3075 ac
1521 3017 1681 3074 valde
1719 3026 1905 3088 aperte
1932 3032 2027 3073 ac-

452 3124 748 3186 curateque
803 3113 1113 3184 percontari
1164 3112 1234 3167 de
1271 3112 1424 3177 illis,
1474 3112 1530 3166 in
1576 3126 1686 3181 quo
1720 3110 1833 3166 Deo
1884 3109 2028 3165 ﬁdu-

454 3204 597 3259 ciam
641 3202 1006 3267 collocantes,
1033 3208 1086 3255 et
1114 3215 1281 3270 quam
1332 3199 1648 3271 religionem
1681 3201 1941 3263 colentes,
1972 3205 2029 3253 et

450 3294 718 3349 mundum
748 3293 926 3363 ipsum
966 3302 1332 3363 aspernentur
1396 3306 1631 3356 omnes,
1686 3300 1741 3347 et
1791 3300 2027 3346 mortem

459 3392 853 3450 contemnant;
886 3398 951 3439 ac
993 3398 1169 3453 neque
1219 3399 1315 3439 eos
1347 3385 1439 3454 qui
1492 3399 1523 3438 a
1558 3383 1761 3440 Graecis
1806 3384 1883 3439 dii
1912 3385 2029 3440 exi-

452 3479 767 3544 stimantur,
798 3491 898 3547 pro
925 3475 1035 3532 diis
1077 3476 1356 3538 habeant;
1390 3492 1568 3546 neque
1588 3475 1903 3532 Iudaeorum
1930 3492 2025 3532 sur

452 3569 837 3640 perstitionem
881 3569 1195 3635 observent,
1234 3576 1291 3623 et
1334 3568 1460 3638 quis
1488 3569 1559 3624 sit
1595 3569 1686 3624 ille
1723 3584 1882 3624 amor
1916 3583 2027 3640 quo

456 3676 518 3716 se
550 3670 744 3715 mutuo
774 3668 1214 3728 prosequuntur,
1248 3666 1303 3712 et
1332 3673 1432 3713 cur
1467 3673 1668 3714 novum
1718 3658 1824 3716 hoc
1855 3675 2029 3731 genus

457 3761 552 3808 aut
588 3752 901 3808 institutum
932 3750 987 3804 in
1018 3750 1478 3814 consuetudinem
1515 3752 1705 3807 venire
1728 3768 1875 3807 nunc
1909 3767 2026 3809 ca:-

455 3846 631 3917 perit,
666 3859 731 3900 ac
768 3859 877 3899 non
927 3843 1116 3915 prius;
1169 3852 1455 3913 acceptum
1501 3845 1677 3901 habeo
1721 3856 1876 3901 tuum
1922 3847 2027 3903 hoc

458 3937 787 3995 desiderium
815 3978 830 4005 ,
856 3945 910 3991 et
942 3945 1068 4006 peto
1100 3953 1131 3992 a
1163 3936 1294 4006 Deo,
1329 3938 1424 4009 qui
1459 3947 1514 3993 et
1546 3938 1802 4008 loquendi
1834 3947 1889 3993 et
1929 3954 2029 3994 au—

458 4028 644 4085 diendi
668 4028 827 4085 nobis
861 4027 1177 4085 facultatem
1209 4030 1542 4100 suppeditat,
1576 4040 1633 4085 ut
1666 4029 1734 4086 ab
1765 4030 2027 4099 eodetur,

460 4125 597 4182 mihi
630 4122 875 4194 quidem,
930 4123 1005 4178 ita
1052 4123 1217 4179 verba
1254 4122 1435 4179 facere
1464 4131 1525 4178 ut
1568 4122 1622 4177 in
1664 4122 1858 4193 primis
1889 4139 2025 4179 con-

2207 2835 2428 2908 Ἐπειδὴ
2450 2834 2583 2910 ὁρῶ,
2612 2836 2873 2908 κράτιστε
2894 2836 3172 2907 Διόγνητε,
3198 2832 3689 2905 ὑπερεσπουδακότα

2127 2928 2239 3001 (59)
2267 2946 2327 2983 σε
2367 2930 2467 3001 τὴν
2506 2928 2814 2983 θεοσέϐειαν
2839 2929 2948 2982 τῶν
2974 2929 3316 3001 Χριστιανῶν
3356 2929 3570 3000 μαθεῖν,
3608 2926 3687 2980 καὶ

2126 3024 2268 3077 πάνυ
2297 3021 2481 3091 σαφῶς
2507 3022 2604 3076 καὶ
2627 3021 2903 3092 ἐπιμελῶς
2928 3021 3331 3093 πυνθανόμενον
3362 3023 3491 3093 περὶ
3509 3017 3685 3079 αὐτῶν,

2125 3114 2231 3169 τίνι
2254 3131 2314 3175 τε
2339 3112 2458 3186 Θεῷ
2498 3113 2821 3178 πεποιθότες
2839 3154 2855 3180 ,
2884 3115 2979 3169 καὶ
3003 3114 3123 3180 πῶς
3146 3113 3543 3187 θρησκεύοντες
3564 3153 3576 3176 ,
3601 3110 3684 3164 αὐ-

2124 3207 2216 3261 τόν
2253 3224 2315 3260 τε
2357 3206 2559 3279 κόσμον
2589 3207 2699 3280 (40)
2725 3208 3036 3281 ὑπερορῶσι
3077 3208 3299 3271 πάντες,
3341 3207 3440 3262 καὶ
3482 3206 3685 3261 θανάτου

2125 3299 2552 3373 καταφρονοῦσιο
2582 3301 2676 3354 καὶ
2721 3299 2845 3354 οὔτε
2886 3302 3015 3366 τοὺς
3053 3300 3447 3373 νομιζομένους
3473 3298 3573 3353 ὑπὸ
3596 3296 3685 3350 τῶν

2140 3389 2409 3464 Ἐλλήνων
2457 3392 2612 3455 θεοὺς
2652 3391 2989 3462 λογίζονται,
3018 3390 3140 3445 οὔτε
3167 3392 3267 3463 τὴν
3314 3390 3579 3446 Ἰουδαίων
3597 3389 3687 3441 δει-

2129 3484 2465 3557 σιδαιμονίαν
2502 3484 2836 3556 φυλάσσουσι
2858 3501 2872 3515 ·
2918 3486 3014 3539 καὶ
3050 3484 3171 3538 τίνα
3194 3485 3295 3557 τὴν
3333 3481 3686 3555 φιλοστοργίαν

2128 3576 2311 3649 ἔχουσι
2362 3577 2498 3650 πρὸς
2546 3577 2807 3650 ἀλλήλους
2828 3593 2841 3607 ·
2893 3579 2987 3631 καὶ
3008 3577 3061 3630 τί
3086 3576 3148 3649 δή
3176 3593 3306 3630 ποτε
3349 3574 3531 3631 καινδν
3554 3574 3687 3627 τοῦτο

2126 3669 2340 3740 γένοςῆ
2384 3670 2721 3741 ἐπιτήδευμα
2768 3668 3017 3740 εἰσῆλθεν
3060 3671 3143 3735 είς
3184 3670 3276 3723 τὸν
3304 3670 3421 3741 βίον
3460 3669 3585 3730 νῦν,
3609 3664 3687 3721 καὶ

2127 3765 2186 3819 οὐ
2214 3764 2506 3837 πρότερον·
2548 3763 2881 3834 ἀποδέχομαι
2923 3780 2988 3833 γε
3031 3762 3131 3834 τῆς
3165 3761 3477 3834 προθυμίας
3503 3762 3557 3814 σὲ
3581 3756 3689 3812 ταύ-

2126 3875 2246 3931 της,
2296 3858 2389 3911 καὶ
2434 3857 2585 3930 παρὰ
2629 3856 2724 3910 τοῦ
2769 3854 2929 3921 Θεοῦ,
2980 3854 3074 3909 τοῦ
3110 3856 3204 3909 καὶ
3241 3854 3304 3908 τὸ
3326 3854 3508 3925 λέγειν
3532 3848 3688 3907 καὶτὸ

2128 3950 2346 4005 ἀκούειν
2371 3953 2502 4023 ἡμῖν
2539 3950 2899 4024 χορηγοῦντος
2925 3991 2939 4017 ,
2977 3946 3233 4020 αἰτοῦμαι
3291 3948 3548 4021 δοθῆναι,
3584 3943 3689 4015 ἐμοὶ

2125 4044 2250 4115 μὲν,
2289 4048 2463 4098 εἰπεῖν
2522 4044 2696 4109 οὕτως
2738 4044 2815 4109 ὡς
2856 4044 3093 4115 μάλιστα
3133 4042 3198 4097 ἂν
3233 4042 3469 4096 ἀκοῦσαί
3513 4039 3613 4111 (41)
3638 4053 3687 4090 σε

2132 4138 2325 4209 βελτίω
2350 4138 2599 4207 γενέσθαι
2619 4156 2632 4169 ⁸
2664 4138 2747 4191 σοί
2795 4155 2875 4204 τε,
2906 4136 3079 4201 οὕτως
3124 4134 3383 4201 ἀκοῦσαι,
3412 4135 3486 4200 ὠς
3515 4132 3586 4205 μὴ
3606 4132 3688 4184 λυο

462 4219 659 4289 tingat,
701 4224 772 4281 te,
810 4223 1099 4286 postquam
1137 4216 1403 4281 audieris,
1439 4216 1721 4272 meliorem
1753 4217 2026 4287 evadere;

2136 4229 2371 4302 πηθῆναι
2394 4230 2484 4285 τὸν
2508 4229 2748 4285 είπόντα.

460 4319 517 4364 et
546 4308 667 4371 tibi,
694 4308 767 4362 ita
803 4304 995 4362 audire
1018 4348 1034 4374 ,
1063 4316 1123 4361 ut
1150 4307 1376 4363 tristitia
1412 4322 1523 4362 non
1555 4306 1827 4364 afﬁciatur
1852 4307 1900 4364 is
1932 4309 2026 4379 qui

462 4399 625 4454 verba
665 4398 871 4454 fecerit.

838 4536 971 4607 CAP.
1010 4531 1073 4589 ll.
1113 4532 1348 4605 Exponit
1378 4547 1566 4593 auctor
1597 4535 2001 4627 Epistolceacur
2034 4540 2330 4596 Christiani
2363 4542 2650 4597 simulacra
2683 4557 2787 4597 non
2817 4542 3016 4611 colant,
3050 4552 3108 4597 ut
3138 4542 3333 4599 Gnaei.

547 4651 663 4722 Age
696 4649 886 4722 igitur,
916 4657 1211 4720 postquam
1266 4654 1500 4727 teipsum
1528 4672 1556 4711 a
1584 4658 1799 4717 cunctis
1825 4653 2031 4724 cogita-

454 4749 695 4805 tionibus
734 4758 969 4806 mentem
1002 4756 1151 4803 tuam
1190 4751 1697 4821 praaoccupantibus
1743 4764 2015 4823 purgave-

453 4847 551 4911 ris,
586 4853 641 4902 et
672 4842 1123 4901 consuetudinem
1147 4857 1268 4914 qua:
1287 4848 1341 4897 te
1361 4842 1593 4914 decepit,
1624 4852 1885 4915 tanquam
1921 4842 2023 4897 im~

683 5005 903 5083 Fabric.
941 5008 1079 5083 gibt.
1109 5007 1243 5083 (ἕλη,
1264 5020 1399 5067 tom.
1430 5010 1495 5079 ll,
1526 5026 1650 5083 pag.
1678 5012 1832 5070 226.-

542 5077 657 5155 QQ)
688 5078 907 5134 (lorsin.
940 5078 1098 5134 Fast.
1128 5081 1295 5138 Λαὶς.
1316 5122 1334 5149 ,
1361 5077 1664 5153 γυιᾳιιιξρ.
1701 5085 1827 5151 146,
1862 5096 1917 5142 et
1943 5084 2038 5155 IV,

466 5160 522 5216 μ
540 5145 654 5288 (
683 5214 797 5288 Non
807 5234 879 5271 rr.
910 5218 988 5288 Ap

542 5285 658 5355 (58)
697 5287 836 5342 Bull.
871 5285 1085 5361 Defens.
1122 5290 1220 5361 ﬁd.
1246 5290 1396 5359 Nic.,
1422 5285 1553 5349 sect.
1588 5311 1649 5361 Il,
1677 5285 1739 5350 ca

466 5366 521 5410 et
550 5365 797 5431 sectam,
832 5374 953 5429 cap.
977 5360 1033 5425 2,
1065 5359 1335 5431 §2,pagg.
1369 5364 1458 5428 69,
1492 5364 1616 5419 188.

991 5235 1109 5288 par.
1135 5221 1205 5273 ad
1228 5220 1353 5276 bibl.
1380 5220 1524 5289 PP.,
1548 5224 1741 5289 tom.l,
1770 5241 1835 5296 pa
1879 5267 1893 5281 .
1914 5227 2038 5282 M7.

991 5307 1089 5369 ειιδΖ
1118 5290 1220 5369 ῥά.
1246 5290 1554 5369 Νίσηεεοῑ.
1569 5311 1649 5369 ⁸ιι,
1677 5311 1797 5366 cap.
1829 5244 1885 5363 ἕ,
1926 5297 1955 5369 §
1984 5298 2038 5361 8,

1744 5311 1797 5366 P-
1829 5311 1885 5363 4:
1926 5311 1955 5366 9
1984 5311 2039 5361 ὅ.

540 5426 653 5494 (59)
700 5426 1312 5496 ’Υπερεσπουδακϐέαῖ
1336 5426 1476 5490 Ante
1524 5436 1665 5491 hanc
1712 5451 1899 5491 vocem
1958 5437 2039 5492 le—

2212 4654 2347 4724 Ἀγε
2383 4654 2468 4725 δὴ,
2517 4653 2764 4727 καθάρας
2810 4658 3035 4711 σεαυτὸν
3060 4656 3167 4711 ἀπὸ
3200 4657 3421 4712 πάντων
3449 4653 3555 4710 τῶν
3575 4665 3685 4723 προα

2139 4745 2475 4816 κατεχόντων
2526 4742 2619 4799 σοῦ
2672 4747 2772 4818 τὴν
2818 4748 3058 4803 διάνοιαν
3118 4748 3428 4820 λογισμῶν,
3474 4746 3563 4800 καὶ
3604 4740 3683 4811 τὴν

2139 4838 2435 4894 ἀπατῶσὰν
2464 4855 2523 4892 σε
2560 4840 2847 4913 συνήθειαν
2892 4842 3442 4913 ἀποσκευασάμενος,
3483 4838 3572 4893 καὶ
3609 4850 3682 4903 γει

2151 5021 2433 5094 ctissimus
2465 5022 2877 5094 grammaticus,
2910 5020 3039 5094 dum
3059 5021 3126 5094 in
3153 5020 3259 5094 hoc
3281 5021 3483 5090 scripto
3518 5029 3679 5094 emen-

2148 5092 2330 5147 dando
2374 5084 2783 5161 sic'versatur,
2822 5084 2982 5163 quasi
3010 5092 3256 5147 Platonis
3290 5084 3436 5147 esset
3465 5097 3554 5143 aut
3592 5084 3679 5138 Deo

2148 5164 2456 5244 mostltenis
2490 5178 2649 5244 Opus.

2220 5234 2334 5303 (41)
2379 5230 2700 5290 Ἀκοῦσαι.·
2737 5233 2905 5304 Legit;
2947 5231 3210 5304 Stephan.
3261 5230 3590 5304 (.ὶ>ιτ›ι5σ‹ιντι·ι3
3632 5232 3677 5277 et

2184 5294 2453 5374 aulo'post
2471 5314 2585 5359 tum
2609 5306 2723 5374 ipse
2742 5294 2855 5365 tum
2875 5294 3195 5374 Sylburgius
3218 5303 3299 5357 σοι
3317 5301 3374 5354 δέ
3396 5315 3490 5374 pro
3519 5294 3671 5374 σοίκτε.

2178 5372 2264 5427 ἷοη
2310 5364 2493 5429 tamen
2530 5364 2804 5444 repugnat
2835 5364 2968 5427 illud
3019 5364 3272 5444 ἀκοῦσαι,
3302 5383 3356 5426 et
3387 5364 3675 5444 mirorStef

2143 5444 2328 5513 phano
2357 5437 2723 5516 displicuisse
2751 5443 2885 5516 Mihi
2916 5443 3124 5514 quidem
3151 5446 3229 5498 ita
3254 5445 3405 5496 detur
3438 5437 3672 5516 (again-nt

469 5496 697 5584 gebatur
723 5499 799 5584 ιῖρς
830 5500 884 5584 in
921 5500 1142 5584 Βριιιιξτὶ
1177 5504 1494 5573 exemplari,
1517 5507 1676 5584 _quod
1720 5516 1780 5562 ut
1808 5524 2037 5579 prorsus
2142 5496 2972 5584 atdia'mii‘ﬁr'ahi;maereat
3017 5496 3063 5567 te
3096 5496 3455 5584 esseifactam.
3492 5496 3673 5584 Similis

467 5565 685 5644 inutile,
707 5570 927 5644 ridetur
949 5569 1258 5644 Stephanus
1292 5565 1644 5644 eip‘uniis'se.

2139 5586 2383 5653 precatio
2430 5574 2495 5641 in'
2519 5584 2745 5641 exordio
2778 5584 3173 5642 Cotto-tatiom’s
3205 5574 3399 5640 J'ustini
3440 5578 3506 5634 ad
3545 5574 3671 5630 tira-

537 5634 879 5717 ({0)A_1’Itdr
920 5658 985 5717 es
1009 5634 1261 5717 οςὸᾳμσῂ.
1308 5634 1489 5717 Mallet
1530 5645 1840 5717 Stephanus
1869 5650 2033 5705 αὐτόν
2138 5634 2249 5711 ἓὸὶῤ

465 5716 526 5756 τε
548 5705 640 5757 τὸν
674 5705 896 5776 κόσμον.
934 5711 1040 5767 Sed
1090 5705 1237 5769 haud
1265 5714 1382 5769 scio
1414 5731 1482 5770 an
1503 5705 1724 5787 operam
1756 5720 1906 5775 ludat
1931 5722 2030 5777 do-
