3958 6132
268 302 420 360 “69

1465 305 1808 364 EPISTULA
1839 305 1932 360 AD
1963 303 2386 362 DIOGNETUM.

3413 311 3551 366 “70

263 424 536 497 νόμενος,
586 422 778 498 ὥσπερ
824 424 883 491 ἐξ
938 425 1152 498 ἀρχῆς,
1199 425 1384 492 καινὸς
1433 427 1752 500 ἄνθρωπος,
1802 425 1870 490 ὡς

1983 423 2358 495 pedimentum
2412 423 2638 494 aliquod
2664 465 2682 490 ,
2714 423 3003 495 rejcceris,
3037 433 3098 480 et-
3133 422 3314 484 factus
3358 423 3548 490 fueris,

264 512 346 568 ἂν
405 514 512 568 καὶ
563 513 720 583 λόγου
790 514 982 568 καινοῦ
1055 516 1354 590 (καθάπερ
1402 519 1498 571 καὶ
1539 518 1703 583 αὐτὸς
1733 517 1875 589 ὡμο-

261 602 564 678 λόγησας)
617 606 892 678 ἀκροατὴς
949 607 1206 679 ἐσόμενος
1229 627 1244 640 ·
1297 609 1372 663 ἴδε
1426 610 1501 682 μὴ
1557 609 1716 680 μόνον
1761 612 1874 674 τοῖς

262 695 606 768 ὀφθαλμοῖς,
659 696 798 750 ἀλλά
846 699 942 751 καὶ
990 701 1057 770 τῇ
1111 699 1408 771 φρονήσει,
1459 699 1606 764 τίνος
1633 699 1874 754 ὑποστά-

264 804 419 853 σεως
445 789 564 862 (42)
591 787 624 860 ἢ
664 788 810 852 τίνος
854 789 1028 854 εἴδους
1055 791 1415 861 τυγχάνουσιν
1456 790 1550 856 οὓς
1579 793 1754 864 ἐρεῖτε
1779 793 1876 845 καὶ

261 881 541 952 νομίζετε
589 881 767 947 θεους.
796 883 910 954 Οὐχ
955 885 984 935 ὁ
1014 881 1112 954 μέν
1158 899 1265 948 τις,
1293 882 1439 948 λίθος
1480 885 1628 937 ἐστὶν
1647 925 1660 949 ,
1688 885 1876 956 ὅμοιος

260 969 350 1040 τῷ
408 973 782 1045 πατουμένῳ;
834 976 862 1028 ὁ
926 973 1014 1038 δ’,
1078 974 1199 1028 ἐστὶ
1268 973 1504 1046 χαλκὸς,
1573 975 1634 1029 οὐ
1684 975 1872 1048 κρείσ-

267 1079 386 1116 σων
412 1063 534 1117 τῶν
560 1065 642 1128 εἰς
663 1065 762 1138 τὴν
782 1066 976 1138 χρῆσιν
997 1067 1130 1138 ἡμῖν
1149 1066 1419 1137 κεχαλκευ
1428 1067 1603 1138 μένων
1627 1067 1838 1121 σκευῶν
1856 1085 1871 1135 ;

263 1155 428 1222 ὀδὲ,
511 1156 707 1225 ξύλον,
777 1159 877 1230 ἤδη
952 1158 1047 1212 καὶ
1116 1158 1392 1230 σεσηπός;
1461 1161 1489 1213 ὁ
1533 1159 1630 1224 δὲ,
1700 1160 1873 1232 ἄργυ-

267 1265 368 1320 ρος
392 1287 410 1314 ,
469 1249 694 1322 χρῄζων
736 1248 1027 1322 ἀνθρώπου
1073 1247 1168 1304 τοῦ
1221 1247 1550 1320 φυλάξοντος
1594 1250 1737 1322 (45),
1785 1251 1873 1305 ἴνα

267 1341 350 1415 μὴ
407 1342 645 1414 κλαπῇς
693 1344 723 1397 ὁ
770 1341 871 1408 δὲ,
921 1342 1179 1415 σίδηρος,
1230 1342 1338 1396 ὑπὸ
1404 1342 1485 1397 ἰοῦ
1539 1341 1872 1414 διεφθαρμέ-

266 1448 398 1497 voc;
454 1433 490 1486 ὁ
535 1431 592 1486 δὲ
615 1471 631 1496 ,
679 1431 976 1504 δστρακον,
1025 1433 1178 1487 οὐδὲν
1225 1432 1320 1488 τοῦ
1364 1433 1870 1506 κατεσκευασμένου

263 1521 419 1594 πρὸς
443 1520 550 1594 τὴν
573 1523 906 1595 ἀτιμοτάτην
935 1524 1239 1596 ὑπηρεσίαν
1284 1524 1760 1598 εύπρεπέστερον;
1806 1525 1870 1578 ού

263 1613 536 1685 φθαρτῆς
579 1613 712 1684 ὕλης
747 1614 922 1669 ταῦτα
964 1617 1174 1683 πάντα;
1226 1617 1325 1688 οὐχ
1369 1616 1475 1670 ὑπὸ
1511 1616 1727 1690 σιδήρου
1777 1615 1872 1669 καὶ

264 1700 462 1771 πυρὸς
527 1701 968 1774 κεχαλκευμένα;
1035 1705 1135 1776 οὐχ
1193 1705 1224 1759 ὅ
1285 1706 1384 1777 μὲν
1448 1705 1664 1770 αὐτῶν,
1735 1705 1872 1760 λιθο-

1972 515 2122 570 velut
2154 513 2225 569 ab
2250 513 2432 581 initio,
2465 529 2643 568 novus
2674 514 2861 579 homo,
2897 521 3087 584 utpote
3116 515 3393 572 sermonis
3414 517 3543 571 novi

1973 607 2143 677 (sicut
2174 615 2228 662 et
2275 606 2392 677 ipse
2443 605 2736 662 confessus
2779 605 2862 675 es)
2891 605 3110 662 auditor
3146 605 3549 672 futurus;vide

1971 716 2081 756 non
2122 701 2302 756 solum
2336 700 2534 767 oculis,
2571 701 2666 756 sed
2698 699 2864 754 etiam
2891 698 3181 768 prudentia
3207 741 3222 766 ,
3251 699 3410 766 cujus
3439 700 3551 756 sint

1975 791 2320 854 substantiae,
2381 798 2478 844 aut
2529 789 2690 858 cujus
2715 788 2942 857 formae,
2997 788 3033 843 ii
3065 805 3206 859 quos
3246 791 3458 845 vocatis
3497 796 3551 843 et

1972 881 2307 939 existimatis
2355 882 2507 937 deos.
2550 879 2742 937 Nonne
2796 897 2990 936 eorum
3043 882 3184 936 alius
3211 882 3433 952 quidem
3465 888 3552 935 est

1972 975 2130 1046 lapis,
2154 974 2204 1029 ei
2222 974 2315 1044 qui
2337 974 2576 1030 calcatur
2599 972 2837 1028 similis?
2862 973 3005 1028 alius
3035 981 3216 1028 autem
3245 982 3330 1027 est
3349 987 3444 1035 aes,
3470 971 3549 1025 ni-

1972 1067 2086 1122 hilo
2118 1067 2315 1121 melius
2350 1081 2514 1136 quam
2554 1081 2678 1136 qua;
2703 1066 2758 1120 in
2804 1080 2965 1120 usum
2998 1076 3249 1120 nostrum
3283 1064 3547 1119 fabricata

1971 1171 2104 1216 sunt
2119 1159 2285 1214 vasa?
2308 1159 2450 1214 alius
2472 1159 2700 1229 lignum,
2727 1157 3020 1228 etquidem
3045 1157 3206 1213 etiam
3236 1156 3549 1230 putridum?

1971 1251 2132 1315 alius,
2167 1259 2473 1320 argentum,
2504 1250 2591 1303 cui
2627 1264 2764 1317 opus
2801 1257 2882 1304 est
2932 1249 3153 1304 homine
3181 1249 3544 1317 custoditum,

1971 1357 2041 1396 ne
2072 1340 2219 1396 furto
2252 1341 2567 1396 auferatur?
2598 1341 2760 1406 alius,
2798 1340 3005 1397 ferrum
3041 1342 3294 1413 rubigine
3352 1350 3551 1396 corru-

1967 1431 2157 1504 ptum?
2181 1429 2324 1485 alius
2353 1438 2515 1496 testa,
2547 1430 2721 1485 nihilo
2748 1430 3049 1500 speciosior
3098 1445 3160 1486 ea
3201 1446 3323 1499 quae
3353 1431 3420 1487 ad
3447 1431 3547 1486 ab-

1966 1520 2329 1593 jectissimum
2362 1521 2727 1576 ministerium
2756 1521 2895 1576 facta
2922 1521 3047 1577 est?
3074 1520 3266 1576 Nonne
3283 1537 3352 1576 ex
3372 1530 3549 1576 mate-

1970 1616 2054 1672 ria
2079 1615 2420 1686 corruptioni
2437 1615 2672 1670 obnoxia
2701 1625 2830 1671 sunt
2847 1616 2963 1670 haec
2981 1615 3163 1669 omnia
3180 1615 3202 1668 ?
3219 1630 3398 1668 nonne
3416 1613 3545 1669 ferri

1969 1717 2025 1764 et
2053 1707 2196 1780 ignis
2225 1723 2327 1778 Ope
2357 1706 2660 1763 fabricata?
2691 1723 2873 1762 nonne
2906 1721 3097 1761 eorum
3129 1706 3276 1762 aliud
3308 1706 3549 1776 sculptor

265 1788 422 1858 ξόοςο
476 1791 508 1844 ὃ
557 1792 636 1855 δὲ,
688 1794 959 1866 χαλκεύς·
1005 1795 1036 1849 ὃ
1082 1796 1178 1862 δὲ,
1228 1797 1642 1870 ἀργυροκόπος’
1705 1797 1732 1850 ὃ
1774 1797 1866 1862 δὲ,

1973 1799 2407 1870 lapidum,aliud
2439 1800 2593 1856 faber
2620 1798 3034 1863 aerarius,aliud
3068 1799 3413 1870 argentarius
3467 1796 3550 1853 fa-

259 1884 569 1954 κεραμεὺς
613 1883 881 1954 ἐπλασεν;
930 1888 990 1942 ού
1048 1891 1178 1960 πρὶν
1240 1889 1350 1960 (44)
1399 1890 1432 1962 ἢ
1480 1892 1602 1954 ταῖς
1650 1889 1870 1962 τέχναις

268 1972 495 2026 τούτων
522 1975 603 2038 εἰς
627 1976 724 2047 τὴν
755 1977 968 2049 μορφὴν
992 1978 1195 2033 τούτων
1221 1979 1624 2050 ὲκτυπωθῆναι,
1652 1975 1718 2052 ἦν
1743 1981 1872 2034 ἕκα-

271 2079 410 2128 στος
437 2065 624 2121 αὐτῶν
650 2068 864 2140 ἑκάστῳ
895 2069 976 2123 ἔτι
999 2071 1093 2124 καὶ
1118 2070 1213 2124 νῦν
1255 2071 1826 2144 μεταμεμορφωμένον
1851 2089 1866 2139 ;

271 2157 335 2212 οὐ
392 2156 471 2211 τὰ
519 2157 615 2212 νῦν
671 2160 736 2213 ἐκ
785 2161 884 2232 τῆς
911 2162 1082 2233 αὐτῆς
1111 2161 1244 2235 ὕλης
1288 2163 1416 2218 ὄντα
1459 2164 1627 2236 σκεύη
1665 2164 1868 2234 γένοιτ’

270 2248 385 2314 ἂν,
444 2250 497 2303 ει
549 2249 702 2322 τύχοι
763 2252 874 2306 τῶν
921 2254 1102 2310 αὐτῶν
1146 2257 1442 2328 τεχνιτῶν,
1490 2257 1650 2328 ὃμοια
1693 2257 1872 2312 τοιού-

272 2357 397 2405 τοις
428 2339 588 2414 (45);
636 2343 697 2396 οὐ
724 2343 897 2397 ταῦτα
944 2346 1107 2400 πάλιν
1145 2345 1216 2400 τά
1259 2346 1354 2401 νῦν
1381 2347 1472 2418 ὑφ’
1499 2348 1652 2418 ὑμῶν
1693 2365 1868 2422 προσ-

269 2433 601 2505 κυνούμενα
623 2474 639 2500 ,
666 2434 865 2489 δύναιτ’
911 2436 976 2491 ἂν
1021 2438 1127 2491 ὑπὸ
1159 2437 1461 2510 ἀνθρώπων
1503 2438 1670 2512 σκεύη
1707 2441 1868 2513 ὅμοια

266 2528 540 2600 γενέσθαι
586 2530 700 2594 τοῖς
763 2530 1008 2596 λοιποῖς;
1056 2532 1116 2585 οὐ
1167 2532 1330 2603 κωφὰ
1389 2534 1598 2599 πάντα;
1654 2535 1716 2587 ού
1766 2553 1864 2588 τυ-

270 2621 424 2692 φλά;
473 2622 572 2674 οὐκ
596 2621 817 2693 άψυχας
854 2623 955 2676 οὐκ
991 2623 1327 2695 ἀναίσθητα;
1370 2625 1471 2678 ούκ
1510 2626 1740 2698 ἀκίνητα
1764 2643 1778 2693 ;
1805 2629 1866 2681 ού

271 2713 466 2768 πάντα
492 2713 776 2786 σηπόμενα
799 2731 813 2780 ;
841 2715 900 2768 οὑ
931 2715 1108 2769 πάντα
1136 2716 1492 2788 φθειρόμενα;
1515 2717 1688 2772 ταῦτα
1712 2717 1868 2783 θεοὺς

271 2805 525 2870 καλεῖτε,
554 2805 764 2870 τούτοις
790 2804 1088 2872 δουλεύετε,
1133 2805 1343 2870 τούτοις
1367 2810 1720 2879 προσκυνεῖτε
1742 2824 1756 2838 ’
1781 2807 1871 2861 τέ-

273 2895 401 2951 λεόν
424 2915 491 2950 τε
517 2897 650 2970 (46).
678 2937 694 2952 .
722 2937 740 2952 .
781 2897 1132 2970 ὲξομοιοῢσθε
1149 2916 1162 2928 ·
1187 2898 1277 2952 διὰ
1302 2898 1462 2952 τοῦτο
1501 2903 1706 2971 μισεῖτε
1731 2900 1866 2972 Χρι-

280 2992 558 3055 στιανοὺς,
576 2991 658 3044 ᾶτι
679 2989 902 3054 τούτους
928 2991 1027 3062 οὐχ
1052 2989 1311 3062 ἡγοῦνται
1339 2991 1513 3057 θεούς.
1553 2993 1740 3064 Ὑμεῖς
1761 2993 1870 3065 γὰρ

1968 1892 2088 1956 ber,
2122 1891 2271 1946 aliud
2306 1891 2503 1964 ﬁgulus
2530 1890 2724 1946 finxit?
2779 1891 3115 1961 minimeque
3147 1891 3202 1944 in
3233 1889 3397 1946 talem
3431 1890 3547 1946 for-

1968 1997 2115 2037 mam
2139 1983 2572 2052 unumquodque
2607 1990 2878 2036 mutatum
2909 1990 3049 2045 erat,
3075 1983 3396 2052 priusquam
3432 1992 3551 2036 arte

1969 2076 2208 2147 alicujus
2265 2076 2462 2130 horum
2517 2064 2632 2129 haec
2695 2075 2962 2144 impressa
2996 2074 3044 2129 ei
3082 2073 3312 2131 fuisset?
3358 2071 3552 2129 Nonne

1969 2185 2093 2240 quze
2123 2183 2270 2224 mtnc
2299 2168 2488 2223 eadem
2538 2183 2568 2222 e
2595 2167 2827 2222 materia
2861 2174 2992 2222 sunt
3024 2181 3154 2223 vasa
3175 2209 3190 2234 ,
3228 2167 3429 2223 similia
3463 2167 3549 2221 his

1967 2262 2123 2319 reddi
2175 2271 2401 2333 queant,
2459 2261 2504 2316 si
2553 2260 2776 2316 eosdem
2831 2260 3070 2317 artifices
3127 2261 3553 2316 nanciscantur?

1969 2369 2154 2411 nonne
2205 2356 2322 2410 haec
2370 2369 2493 2424 quae
2522 2369 2553 2408 a
2588 2353 2742 2409 vobis
2772 2352 3108 2418 adorantur,
3134 2353 3202 2408 ab
3234 2353 3552 2408 hominibus

1968 2465 2100 2506 vasa
2142 2448 2369 2520 reliquis
2424 2448 2629 2504 similia
2665 2447 2782 2502 ﬁeri
2826 2463 3050 2502 rursum
3085 2446 3342 2524 possint?
3371 2462 3554 2502 nonne

1969 2543 2136 2602 surda
2154 2541 2476 2598 suntomnia
2489 2541 2703 2595 ?nonne
2719 2554 2860 2596 cazca
2873 2539 2896 2592 ?
2909 2552 3088 2594 nonne
3115 2538 3360 2592 inanima
3377 2539 3553 2594 ?non-

1969 2650 2038 2690 ne
2057 2648 2254 2690 sensus
2276 2633 2456 2688 omnis
2482 2631 2759 2702 expertia?
2788 2646 2970 2686 nonne
2995 2629 3341 2685 immobilia?
3364 2645 3548 2684 nonne

1968 2727 2154 2783 omnia
2207 2724 2568 2796 putrescunt?
2600 2738 2782 2779 nonne
2835 2722 3023 2778 omn-ia
3073 2722 3552 2792 conrumpuntur?

1969 2815 2095 2873 Haec
2129 2816 2264 2872 deos
2304 2815 2537 2882 vocatis,
2595 2813 2682 2870 his
2735 2813 2973 2880 servitis,
3014 2813 3128 2868 haec
3169 2810 3449 2880 adoratis;
3498 2821 3554 2867 et

1971 2908 2199 2964 omnino
2237 2909 2448 2964 similes
2481 2906 2601 2962 istis
2633 2904 2948 2960 reddimini.
2985 2902 3195 2958 Idcirco
3237 2913 3365 2958 sunt
3396 2903 3552 2960 vobis

1971 3001 2098 3057 odio
2119 3000 2442 3067 Christiani,
2461 2998 2722 3070 quoniam
2739 2996 2838 3052 hos
2857 3009 2982 3052 esse
3001 2995 3134 3050 deos
3155 3010 3264 3050 non
3283 2994 3556 3050 arbitrar-

277 3086 329 3139 οἱ
363 3083 467 3138 νῦν
490 3083 804 3154 νομίζοντες
826 3082 920 3134 καὶ
947 3081 1206 3152 οἰόμενοι,
1233 3081 1292 3136 οὐ
1330 3082 1465 3136 πολὺ
1512 3083 1673 3136 πλέον
1687 3083 1868 3137 αὐτῶν

1973 3101 2082 3149 tur.
2110 3091 2278 3161 Atqui
2309 3107 2408 3147 vos
2436 3090 2531 3162 qui
2560 3104 2684 3145 esse
2707 3088 3024 3144 deos.nunc
3046 3086 3375 3142 existimatis
3399 3126 3415 3152 ,
3449 3102 3550 3141 an-

279 3177 686 3247 καταφρονεῖτε
714 3190 728 3240 ;
755 3174 814 3227 οὺ
848 3172 982 3227 πολὺ
1016 3174 1216 3244 μᾶλλον
1239 3175 1438 3238 αὐτοὺς
1464 3174 1752 3245 χλευάζετε
1777 3177 1870 3229 καὶ

1979 3199 2090 3238 non
2131 3183 2303 3238 multo
2339 3183 2514 3254 magis
2535 3196 2700 3252 quam
2724 3180 2800 3234 illi
2823 3179 3166 3249 contemptui
3186 3179 3436 3235 habetis?
3456 3195 3553 3233 an-

280 3265 570 3336 ὑϐρίζετε;
610 3265 736 3327 τοὺς
767 3263 867 3334 μὲν
905 3261 1138 3326 λιθίνους
1174 3263 1268 3316 καὶ¹
1299 3261 1650 3330 ὀστρακίνους
1693 3263 1876 3316 σέϐον-

278 3372 378 3419 τες
398 3353 745 3424 ἀφυλάκτους
769 3351 902 3424 (47),
925 3351 1052 3414 τοὺς
1074 3350 1131 3404 δὲ
1155 3349 1435 3423 ἀργυροῦς
1502 3351 1599 3405 καὶ
1638 3352 1874 3423 χρυσοῦς

281 3444 631 3516 ὲγκλείοντες
665 3445 785 3508 ταῖς
825 3442 981 3511 νυξὶ,
1036 3443 1130 3497 καὶ
1174 3445 1297 3508 ταῖς
1339 3442 1576 3518 ἡμέραις
1627 3443 1874 3516 φύλακας

282 3536 788 3610 παρακαθίσαντες,
827 3536 915 3590 ἵνα
959 3535 1033 3609 μὴ
1079 3534 1381 3590 κλαπῶσιν.
1429 3530 1526 3600 Ai;
1569 3534 1625 3588 δὲ
1667 3535 1872 3588 δοκεῖτε

281 3632 477 3702 τιμαῖς
522 3628 870 3702 προσφέρειν,
921 3631 969 3684 εἰ
1029 3629 1126 3702 μὲν
1185 3626 1566 3693 αἰσθάνονται,
1615 3626 1873 3692 κολάζετε

289 3722 498 3796 μᾶλλον
543 3721 776 3786 αὐτούς·
821 3723 870 3776 εἰ
910 3721 968 3775 δὲ
1014 3721 1429 3793 ἀναισθητοῦσιν
1456 3761 1472 3787 ,
1523 3720 1873 3793 ἐλέγχοντες,

285 3816 484 3887 αἵματι
531 3816 627 3868 καὶ
669 3815 917 3879 κνίσσαις
956 3816 1153 3880 αὐτοὺς
1197 3814 1560 3887 θρησκεύετε’
1607 3814 1764 3870 ταῦθ’
1814 3816 1874 3870 ύ-

291 3909 413 3981 μῶν
459 3907 542 3972 τίς
589 3907 969 3979 ὑπομεινάτω;
1008 3908 1184 3962 ταῦτα
1247 3908 1566 3980 ἀνασχέσθω
1609 3908 1695 3973 τις
1743 3909 1874 3962 ἑαυ-

285 4005 368 4078 τῷ
395 4005 687 4076 γενέσθαις
738 4006 875 4060 ἀλλά
917 4006 1204 4079 ἄνθρωπος
1247 4007 1349 4080 μὲν
1394 4008 1515 4061 οὐδὲ
1551 4003 1633 4073 εἷς
1669 4008 1875 4084 ταύτης

285 4095 392 4165 τῆς
441 4093 713 4158 κολάσεως
765 4093 908 4149 ἑκὼν
968 4095 1216 4163 ἀνέξεται
1273 4096 1548 4170 (αἴσθησιν
1598 4098 1736 4172 γὰρ·
1761 4099 1874 4172 ἔχει

287 4187 389 4240 καὶ
424 4185 738 4259 λογισμόνο)
768 4188 798 4240 ὁ
832 4187 888 4242 δὲ
913 4186 1060 4253 λίθος
1087 4187 1338 4260 ἀνέχεται
1358 4205 1373 4221 ⁸
1403 4189 1720 4263 ἀναισθητεῖ
1741 4193 1870 4263 γάρ.

290 4277 504 4331 Οὐκοῦν
527 4278 628 4348 τὴν
656 4278 911 4352 αἴσθησιν
953 4280 1087 4353 (48).
1130 4320 1146 4335 .
1189 4321 1204 4336 .
1248 4320 1263 4336 .
1308 4321 1323 4335 .
1367 4321 1382 4335 .
1426 4320 1442 4334 .
1487 4320 1503 4336 .
1547 4321 1563 4336 .
1607 4322 1620 4336 .
1666 4322 1682 4338 .
1722 4284 1874 4354 ὲλέγ-

290 4388 438 4442 χετε.
506 4372 643 4446 Περὶ⁴
710 4373 811 4446 μὲν
876 4369 970 4428 οὖν
1039 4373 1134 4428 τοῦ
1189 4373 1265 4447 μὴ
1318 4373 1676 4430 δεδουλῶσθαι
1734 4377 1872 4449 Χρι-

1979 3290 2090 3329 non
2122 3275 2294 3329 multo
2321 3273 2496 3344 magis
2526 3287 2693 3343 quam
2733 3272 2833 3338 illi,
2869 3272 3114 3327 irridctis
3145 3279 3199 3327 et
3246 3271 3446 3342 injuria
3472 3269 3553 3325 af-

1975 3366 2179 3423 ﬁcitis?
2211 3365 2340 3421 dum
2384 3364 2627 3436 lapideos
2669 3362 2892 3433 quidem
2924 3371 2980 3418 et
3021 3371 3293 3418 testaceos
3319 3378 3550 3419 venera-

1974 3459 2131 3525 mini,
2163 3457 2482 3515 custodibus
2506 3467 2756 3512 carentes
2787 3473 2802 3522 ;
2838 3464 3126 3526 argenteos
3158 3463 3340 3508 autem
3370 3463 3425 3509 et
3451 3470 3553 3509 au-

1973 3566 2100 3608 reos
2127 3549 2409 3606 includitis
2441 3557 2630 3614 noctu,
2665 3558 2729 3604 ac
2764 3547 3001 3602 interdiu
3035 3546 3292 3602 custodes
3323 3547 3552 3617 apponi-

1973 3645 2066 3712 tis,
2095 3658 2164 3698 ne
2185 3641 2334 3698 furto
2355 3639 2696 3697 auferantur.
2725 3638 2792 3694 Et
2814 3654 2943 3695 vero
2965 3639 3076 3695 illis
3106 3639 3409 3694 honoribus
3429 3639 3552 3710 qni-

1973 3737 2077 3792 bus
2112 3745 2208 3791 vos
2242 3731 2500 3803 prosequi
2543 3747 2640 3788 eos
2667 3731 3022 3799 existimatis,
3057 3731 3244 3803 potius
3273 3730 3550 3802 supplicio

1976 3829 2210 3897 adicitis,
2225 3829 2272 3884 si
2287 3826 2511 3899 quidem
2562 3841 2728 3882 sensu
2750 3823 2966 3896 praediti
2990 3832 3154 3891 sunt;
3185 3823 3267 3879 sin
3301 3831 3552 3894 expertes

1973 3933 2104 3980 sunt
2136 3935 2354 3987 sensus,
2389 3919 2578 3990 (hujus
2609 3919 2710 3987 rei)
2747 3919 3157 3984 convincentes,
3190 3919 3458 3990 sanguine
3488 3925 3547 3972 et

1974 4015 2262 4072 nidoribus
2292 4027 2389 4070 eos
2422 4011 2623 4068 colitis.
2670 4009 2807 4078 Quis
2837 4018 3085 4066 vestrum
3119 4009 3236 4065 haec
3284 4009 3552 4065 sufferat?

1974 4109 2101 4182 quis
2131 4108 2248 4164 haec
2269 4106 2374 4162 sibi
2416 4105 2532 4160 fieri
2561 4103 2835 4175 patiatur?
2857 4103 2950 4158 sed
2975 4101 3163 4157 nullus
3192 4101 3415 4171 quidem
3451 4102 3553 4158 ho-

1975 4202 2190 4257 minum
2220 4201 2326 4256 hoc
2341 4198 2668 4270 supplicium
2687 4197 2792 4252 nisi
2815 4198 3042 4264 invitus,
3059 4197 3331 4268 patietur;
3360 4195 3549 4268 (sensu

1973 4295 2120 4351 enim
2153 4302 2212 4349 et
2243 4293 2456 4348 ratione
2500 4299 2585 4347 est
2621 4289 2885 4362 prmditus
2919 4308 2933 4345 :
2964 4289 2982 4361 )
3023 4301 3079 4346 at
3126 4290 3267 4359 lapis
3313 4289 3547 4359 patitur,

1975 4401 2143 4443 sensu
2159 4385 2306 4442 enim
2323 4389 2492 4440 caret.
2519 4380 2888 4449 Quamobrem
2921 4381 3049 4437 illos
3073 4395 3272 4436 sensus
3298 4387 3548 4448 expertes

368 4554 485 4640 (42)
505 4555 976 4640 ,ςΥποσζὰσεωςκ
993 4555 1167 4640 vertit
1189 4554 1452 4640 Stephan.
1477 4557 1832 4640 ευρςἰειεριὶας
1851 4577 1870 4626 ;

1974 4581 2070 4622 cra
2102 4563 2455 4640 stabilitatem
2487 4557 2806 4640 quamdam,
2829 4565 3041 4640 utpote
3063 4556 3170 4612 diis
3194 4527 3546 4640 consecraia,

294 4627 392 4683 sed
416 4627 636 4692 melius,
669 4627 895 4695 opinor,
947 4626 1300 4692 reddidisset,
1326 4627 1660 4683 substantiae.
1696 4627 1870 4684 Paulo

369 4705 422 4769 st
473 4698 649 4769 ἐρεῖτε
701 4708 850 4769 recte
905 4696 1032 4769 λι]ίοί
1101 4698 1419 4763 contendit,
1483 4700 1736 4756 videlicet
1801 4701 1870 4756 ab

329 4767 435 4838 ρέω
459 4783 474 4832 ;
505 4765 614 4838 quo
644 4767 864 4838 quidem
888 4765 956 4822 de
979 4767 1219 4824 themate
1248 4769 1579 4825 disseruisse
1600 4785 1659 4826 se
1684 4781 1871 4827 monet

295 4836 351 4892 in
380 4836 677 4892 Thesauro
695 4852 814 4891 suo.

367 4907 481 4981 (45)
511 4906 914 4981 Φυλὰξοντος.
965 4907 1055 4963 Sic
1079 4909 1264 4981 posuit
1313 4907 1626 4980 Stephanus
1657 4925 1758 4981 pro
1801 4926 1869 4968 eo

294 4977 443 5048 quod
466 4986 593 5048 erat
621 4979 674 5030 in
705 4982 826 5048 cod.
860 4995 992 5034 mss.
1036 4979 1386 5048 φυλάξαντος.

370 5045 483 5117 (44)
521 5049 603 5100 Οὐ
624 5045 786 5115 πρὶν,
822 5059 925 5104 etc.
954 5045 1058 5103 Sic'
1081 5059 1252 5103 totum
1286 5050 1430 5105 hunc
1461 5050 1643 5106 locum
1672 5051 1870 5105 immu-

296 5126 379 5192 tat
408 5117 769 5192 Stephanus:
806 5121 994 5192 Kato'b
1030 5121 1179 5190 πρὶν,
1211 5118 1244 5190 ἢ
1275 5122 1394 5192 ταῖς
1424 5121 1642 5192 τέχναις
1662 5122 1868 5175 τούτων

297 5190 379 5264 εἰς
410 5187 527 5264 ’τὴν
570 5188 1036 5264 μορφὴν-ητούτων
1078 5187 1454 5264 εκτυπωθῆναι
1477 5187 1593 5264 ,”ἦν
1640 5193 1869 5264 ἕκαστον

297 5258 489 5334 αὐτῶν
509 5258 722 5334 ἑκάστῳ
740 5258 880 5334 εἴδει
907 5261 989 5334 ως
1021 5260 1116 5314 καὶ
1145 5259 1240 5314 νῦν
1274 5258 1866 5334 μεταμεμόρφωμένον.

299 5330 404 5385 Sed
438 5344 666 5398 prorsus
691 5313 880 5386 inutile
906 5313 1118 5385 videtur
1151 5313 1231 5385 tot
1259 5313 1428 5387 voces
1450 5313 1674 5388 addere"
1686 5313 1747 5387 δέ
1765 5313 1870 5386 im;

298 5409 531 5464 mutare,
580 5400 671 5453 ubi
733 5401 897 5455 unius
928 5402 1121 5456 litterae
1162 5402 1474 5456 emendatio
1519 5403 1866 5458 commodam

299 5470 455 5526 affert
507 5472 854 5542 sententiam.
901 5470 1037 5526 Nam
1074 5472 1118 5527 si
1161 5471 1570 5542 legas'_§xaa'cov
1609 5489 1708 5542 pro
1745 5473 1870 5528 ἓκα-

301 5558 447 5614 στος.
479 5539 558 5594 sic
605 5541 774 5614 locus
802 5542 952 5614 reddi
982 5543 1180 5614 poterit
1210 5539 1236 5598 :—
1276 5540 1470 5614 Nonne
1511 5539 1657 5613 prius
1704 5561 1866 5614 quam

299 5611 487 5666 horum
519 5610 724 5683 artibus
758 5613 812 5666 in
854 5613 948 5666 has
981 5610 1181 5682 formas
1227 5610 1603 5683 efﬁngerentur
1624 5654 1641 5677 ,
1675 5610 1868 5667 unum-

297 5683 536 5754 quodque
575 5681 641 5735 ab
689 5681 1000 5752 unoquoque
1030 5681 1439 5754 artiﬁcejariis
1482 5686 1675 5747 modis,
1708 5685 1867 5754 idque

298 5751 460 5807 etiam
483 5752 765 5823 hactenus,
796 5751 1219 5811 i’mmutabatur.’
1256 5751 1592 5814 Videbantur
1635 5751 1865 5814 simula-

1976 4635 2361 4705 acquisivisse.
2398 4627 2585 4705 Quare
2605 4627 3114 4705 _observat__auctor
3155 4628 3400 4705 epistolae
3448 4627 3550 4683 hoc

1979 4696 2304 4762 beneficium
2337 4696 2460 4758 esse
2488 4701 2796 4764 artificum,
2831 4699 3032 4770 quibus
3067 4696 3310 4770 quandiu
3351 4712 3548 4770 carue-

1977 4785 2107 4832 runt
2157 4775 2473 4839 simulacra,
2511 4771 2701 4826 tandiu
2757 4768 2951 4826 iisdem
3001 4768 3401 4839 mutationibus
3442 4768 3550 4822 ob-

1975 4848 2142 4902 noxia
2175 4845 2396 4901 fuerunt
2435 4838 2500 4898 ac
2532 4843 2653 4896 alia;
2681 4855 2768 4895 res
2805 4842 2996 4897 eadem
3039 4855 3113 4895 ex
3167 4838 3394 4892 materia
3418 4853 3550 4892 con-

1977 4927 2531 5072 ⁵³ῗὶὲῗ⁵ἀῑςιούῖοιςτ
2556 4982 2924 5072 faunas
2958 4979 3326 5072 “lassum
3365 4986 3550 5072 3993‘

1972 5054 2206 5138 τούτοις.
2235 5056 2393 5123 Quod
2440 5054 2662 5126 quidem
2703 5054 2929 5108 minime
2958 5054 3330 5107 necessarium
3367 5054 3553 5106 existi-

1973 5143 2437 5267 miibiimz‘uwr
2460 5213 2546 5250 τε.
2576 5193 2658 5267 ln_
2683 5193 2908 5267 Beureri
2971 5193 3285 5267 apographo
3328 5191 3550 5267 additur

1971 5260 2192 5334 αὑτοίς;
2228 5279 2393 5336 atque
2428 5268 2501 5320 ita
2559 5265 2689 5331 legit
2721 5260 3055 5334 Stephanus.
3083 5260 3375 5336 ing—eodeni
3413 5260 3552 5314 Beu-

1973 5341 2082 5394 reri
2117 5331 2416 5407 exemplari
2446 5337 2554 5391 alia
2591 5350 2754 5407 manu
2776 5331 3069 5407 legebatur
3101 5334 3285 5388 τέλεον
3300 5331 3386 5407 Δδέ.

2045 5410 2156 5479 (47)
2206 5400 2638 5478 Ἀέουλάκτουᾳ
2677 5403 2735 5458 in
2771 5400 2995 5461 Beureri
3053 5403 3369 5475 apographo
3419 5400 3552 5470 ἀφυο

1971 5479 2523 5621 Ἀτσθηαψ.
2582 5546 2651 5621 “In
2716 5546 2943 5621 Beureri
3001 5544 3316 5621 apographo
3380 5538 3548 5621 αὑτοῦ

1971 5613 2246 5691 ἐλέγχετε.
2283 5613 2524 5691 Conjicit
2575 5619 2895 5691 Stephanus.
2923 5613 3185 5688 scriptum
3221 5613 3548 5682 fuisse,,1:ijv

1972 5689 2225 5764 αἴσθησιν
2249 5690 2351 5746 οὐκ
2382 5689 2525 5762 ἔχειν
2553 5690 2824 5762 ἐλέγχετε.
