3992 6148
461 293 591 349 “7|

1580 290 1758 347 ANON
1768 291 1881 346 YMI
1923 290 2066 346 VIBI
2103 289 2509 346 APOSTOLICI

3579 282 3714 337 H72

454 416 580 457 esse
609 400 951 456 eonvincitis.
988 401 1066 456 Ac
1089 402 1158 457 de
1191 418 1260 458 eo
1280 402 1426 473 quod
1458 401 1761 457 Christiani
1789 401 1896 456 diis
1921 400 2027 454 hn-

2148 401 2387 467 ηιανοὺς
2438 401 2699 466 τοιούτοις
2732 401 2906 466 θεοῖς,
2958 400 3130 456 πολλὰ
3166 401 3266 471 μὲν
3315 399 3413 454 καὶ
3463 395 3600 451 ἄλλα
3646 398 3721 450 είς

451 493 691 565 jnsmodi
729 495 782 547 in
815 493 1132 548 servitutem
1164 494 1363 550 addicti
1385 510 1492 548 non
1528 503 1678 556 sunt,
1708 493 1882 547 multa
1906 491 2031 562 qui-

454 586 577 640 dem
623 595 675 639 et
706 584 812 638 alia
850 585 1082 639 habeam
1126 602 1250 656 qua:
1280 585 1496 651 dicam;
1522 585 1569 640 si
1611 585 1696 639 cui
1734 594 1913 638 tamen
1943 582 2030 636 vel

456 679 574 732 haec
603 679 717 748 ipsa
750 677 996 733 sufﬁcere
1047 693 1157 732 non
1194 679 1518 742 videantur.
1558 691 2029 748 supervacaneum

457 770 697 826 arbitror
713 780 768 827 et
793 771 949 841 plura
986 771 1188 826 dicere.

2135 494 2260 545 πεῖν
2306 492 2516 564 ε’χοιμι·
2560 495 2610 547 εί
2673 493 2731 547 δέ
2775 511 2884 547 τινι
2935 494 3010 566 μὴ
3065 493 3246 566 δοκοίη
3305 493 3402 548 καὶ
3449 489 3651 543 ταῦτα.
3676 497 3722 542 ι-

2136 583 2300 648 κανὰ,
2364 586 2623 656 περισσὸν
2673 585 2914 658 ἠγοῦμαι
2959 586 3054 640 καὶ
3115 584 3188 639 τὰ
3249 585 3423 639 πλείω
3476 583 3588 655 (49)
3634 581 3724 637 λέ-

2138 693 2277 744 γειν.

457 928 587 986 CAP.
625 925 712 981 lll.
758 927 934 998 Negat
978 929 1118 997 ipsos
1179 929 1339 980 etiam
1370 925 1588 979 Juda'os
1614 943 1663 998 ia
1705 926 2078 998 superstitione
2118 926 2374 998 immunes
2429 941 2574 998 esse,
2597 925 2724 978 dum
2771 925 2838 980 iis
2883 922 3050 978 Deum
3080 922 3313 994 indigere
3356 931 3566 991 putant,
3601 938 3722 991 qua:

1480 997 1674 1051 ethnici
1705 995 1858 1050 rebus
1890 1012 2043 1050 sensu
2073 997 2375 1052 carentibus
2413 995 2704 1050 donabant.

521 1155 790 1224 Deinceps
837 1163 1020 1210 autem
1077 1153 1146 1209 de
1189 1167 1255 1207 eo
1283 1152 1430 1223 quod
1472 1167 1584 1206 non
1619 1165 1704 1207 est
1748 1152 1857 1208 illis
1889 1152 2033 1209 idem

457 1249 637 1304 cultus
687 1248 908 1303 divinus
956 1247 1050 1318 qui
1108 1246 1347 1311 Judaeis,
1401 1255 1454 1301 te
1486 1247 1728 1302 maxime
1771 1246 2034 1317 cupidum

457 1355 581 1396 esse
621 1339 876 1394 audiendi
917 1351 1068 1410 puto.
1113 1337 1284 1393 Judaei
1333 1338 1534 1410 igitur,
1569 1339 1822 1409 quamvis
1868 1337 2030 1392 absti-

458 1445 626 1488 neant
661 1448 726 1488 eo
757 1434 824 1489 de
859 1448 969 1503 quo
1001 1433 1168 1487 verba
1210 1431 1312 1487 feci
1355 1432 1529 1497 cultu,
1571 1440 1625 1486 et
1657 1430 1825 1486 Deum
1863 1444 2034 1485 unum

456 1527 733 1592 venerari,
768 1524 1175 1596 Dominumque
1201 1526 1448 1580 omnium
1484 1523 1804 1579 existimare
1836 1523 2034 1590 velint;

2219 1153 2378 1225 Ἑξῆς
2423 1153 2514 1220 δὲ,
2541 1153 2671 1226 περὶ
2703 1152 2798 1206 τοῦ
2831 1155 2906 1226 μὴ
2963 1153 3106 1208 κατὰ
3148 1153 3217 1207 τὰ
3246 1153 3388 1208 αὐτὰ
3444 1154 3721 1219 Ἰουδαίοις

2139 1245 2408 1299 θεοσεϐεῖν
2431 1247 2650 1312 αὐτοὺς,
2678 1243 2829 1318 οἶμαί
2859 1263 2920 1299 σε
2947 1247 3183 1318 μάλιστα
3232 1247 3420 1302 ποθεῖν
3464 1248 3715 1302 ἀκοῦσαι.

2149 1337 2395 1392 Ἰουδαῖοι
2429 1337 2610 1392 τοίνυν
2634 1339 2683 1390 εί
2723 1340 2821 1411 μὲν
2860 1339 3156 1409 ἀπέχονται
3175 1339 3381 1411 ταύτης
3409 1341 3511 1412 τῆς
3534 1357 3720 1412 προει-

2142 1431 2387 1504 ρημένης
2439 1430 2715 1503 λατρείας,
2763 1430 2860 1484 καὶ
2910 1433 2992 1495 είς
3042 1431 3176 1484 Θεὸν
3219 1432 3315 1486 ἕνα
3353 1432 3463 1486 τῶν
3503 1434 3718 1487 πάντων

2142 1526 2323 1578 σέϐειν
2348 1525 2444 1578 καὶ
2477 1525 2748 1596 δεσπότην
2782 1523 2991 1590 ἀξιοῦσι
3023 1529 3242 1596 φρονεῖν
3264 1526 3411 1598 (50)·
3448 1527 3498 1580 εί
3525 1527 3582 1580 δὲ
3608 1529 3718 1590 τοῖς

457 1615 503 1672 si
538 1624 717 1669 tamen
738 1617 928 1672 eodem
960 1631 1071 1686 quo
1101 1617 1136 1671 ii
1168 1617 1236 1671 de
1260 1616 1460 1687 quibus
1489 1616 1698 1671 dictum
1743 1624 1829 1672 est
1851 1615 2034 1682 modo,

2148 1620 2562 1692 προειρημένοις
2621 1621 2995 1692 ὁμοιοτρόπως
3025 1623 3126 1694 τὴν
3165 1621 3465 1694 θρησκείαν
3509 1621 3715 1694 προσά-

457 1705 606 1760 cultu
644 1706 737 1761 illo
759 1722 883 1762 eum
909 1715 1337 1777 prosequuntur,
1363 1706 1418 1760 in
1435 1720 1624 1762 errore
1650 1707 2034 1762 versabuntur.

456 1794 593 1851 Nam
619 1813 740 1868 qua:
769 1798 943 1854 Graeci
999 1814 1195 1854 sensus
1239 1797 1558 1868 expertibus
1601 1805 1662 1852 et
1689 1797 1872 1853 surdis
1905 1797 2037 1852 otl‘e-

457 1898 666 1954 rentes,
710 1889 1000 1944 dementia:
1055 1889 1188 1945 dant
1248 1902 1673 1960 argumentum;
1710 1890 1767 1944 hi
1820 1890 2036 1946 dumse

456 1978 571 2034 Deo
600 1981 843 2052 praebere
885 1996 950 2038 ea
986 1981 1234 2054 eOgitant
1256 2024 1272 2050 ,
1302 1993 1565 2054 tanquam
1612 1984 1679 2039 iis
1728 1983 2034 2054 indigenti,

457 2071 748 2128 stultitiam
813 2073 1001 2144 potius
1063 2090 1229 2145 quam
1289 2075 1501 2131 cultum
1552 2075 1800 2131 divinum
1840 2075 2037 2131 merito

455 2166 776 2222 existiment
822 2167 898 2238 (id
949 2167 1097 2239 quod
1146 2167 1401 2239 faciunt.)
1437 2169 1541 2236 Qui
1581 2170 1729 2226 enim
1752 2170 1952 2226 omium
1981 2178 2038 2227 et

454 2268 679 2323 terram,
709 2269 874 2330 atque
912 2260 1096 2316 omnia
1143 2275 1267 2330 qua:
1310 2261 1365 2315 in
1406 2259 1475 2315 iis
1505 2270 1635 2316 sunt
1683 2261 1947 2328 condidit,
1983 2269 2038 2316 et

454 2350 615 2407 nobis
660 2352 920 2409 omnibus
973 2369 1037 2409 ea
1083 2353 1396 2424 suppeditat
1429 2353 1632 2424 quibus
1687 2354 2032 2424 indigemus,

456 2443 575 2498 fieri
642 2459 755 2500 non
803 2443 979 2514 possit
1037 2445 1232 2500 utullo
1285 2460 1478 2500 eorum
1509 2445 1749 2518 indigeat
1769 2463 1891 2518 quae
1918 2448 2036 2518 ipse

455 2536 526 2592 iis
566 2536 772 2608 praebet
797 2537 893 2607 qui
931 2552 991 2592 se
1022 2536 1097 2592 illi
1128 2537 1261 2592 dare
1285 2538 1631 2594 existimant.
1664 2539 1735 2593 At
1759 2539 1796 2594 ii
1821 2540 1916 2611 qui
1939 2555 2036 2610 per

455 2632 776 2703 sanguinem
819 2640 873 2686 et
910 2631 1159 2686 nidorem
1194 2641 1250 2687 ct
1292 2633 1610 2689 holocausta
1648 2631 1831 2689 facere
1864 2650 1924 2690 se
1955 2637 2031 2691 illi

455 2726 725 2781 sacriﬁcia
761 2733 994 2796 putant,
1058 2734 1224 2795 atque
1276 2727 1362 2780 his
1417 2742 1543 2782 eum
1580 2727 1883 2784 honoribus
1938 2744 2034 2784 or-

456 2836 611 2885 nare,
662 2819 799 2874 mihi
833 2819 1109 2881 videntur,
1159 2820 1293 2874 dum
1332 2829 1531 2890 putant
1565 2836 1623 2876 se
1653 2822 1841 2891 aliqua
1896 2839 2034 2893 prae-

457 2916 587 2969 bere
625 2913 697 2975 ei,
733 2913 826 2984 qui
857 2913 1064 2968 nullius
1110 2913 1187 2968 rei
1221 2913 1478 2984 indiguus
1508 2922 1614 2978 est,
1645 2915 1784 2969 nihil
1815 2916 2034 2972 differre

2137 1729 2324 1782 γουσιν
2369 1710 2516 1782 αύτῷ
2561 1711 2791 1783 ταύτην,
2839 1711 3325 1785 διαμαρτάνουσιν
3376 1714 3445 1770 Ἀ
3465 1713 3576 1785 γὰρ
3609 1716 3718 1778 τοῖς

2138 1803 2484 1877 ἀναισθήτοις
2524 1803 2621 1857 καὶ
2659 1807 2866 1874 κωφοῖς
2921 1805 3324 1876 προσφέροντες
3353 1799 3410 1860 ὀί
3461 1805 3717 1875 Ἕλληνες

2138 1897 2447 1970 ἀφροσύνης
2503 1898 2702 1971 δεῖγμα
2761 1898 3094 1971 παρέχουσι,
3159 1898 3310 1953 ταῦθ’
3359 1893 3504 1955 οὗτοι
3546 1899 3718 1955 καθάο

2137 2007 2246 2063 περ
2285 1990 2666 2063 προσδεομένῳ
2710 1990 2790 2062 τῷ
2839 1991 2958 2063 Θεῷ
3017 1990 3358 2063 λογιζόμενοι
3419 1993 3718 2064 παρέχειν,

2141 2081 2350 2153 μωρίαν
2385 2081 2532 2146 είκδς
2566 2081 2679 2155 (51)
2714 2082 2914 2154 μᾶλλον
2942 2086 3145 2154 ἡγοῖντ’
3181 2083 3268 2149 ἂν,
3300 2085 3359 2137 ού
3390 2084 3718 2139 θεοσέϐειαν.

2150 2173 2207 2227 '0
2232 2173 2341 2246 γὰρ
2378 2175 2612 2246 ποιήσας
2657 2173 2748 2228 τὸν
2789 2174 3014 2246 ούρανὸν
3045 2176 3139 2229 καὶ
3174 2176 3275 2247 τὴν
3306 2176 3430 2246 γῆν,
3464 2177 3559 2230 καὶ
3584 2177 3723 2233 πάν-

2134 2281 2206 2318 τα
2236 2264 2306 2318 τὰ
2334 2266 2392 2318 ἐν
2423 2267 2606 2330 αὐτοῖς
2630 2305 2644 2331 ,
2675 2267 2771 2320 καὶ
2811 2268 2978 2334 πᾶσιν
3000 2269 3132 2338 ἡμῖν
3163 2267 3414 2340 χορηγῶν
3445 2261 3520 2322 ὧν
3550 2285 3723 2339 προσκ-

2135 2357 2391 2429 δεόμεθα,
2427 2357 2642 2422 οὐδενὸς
2687 2358 2752 2413 ἂν
2802 2358 2964 2421 αὐτὸς
3020 2357 3337 2428 προσδέοιτο
3389 2357 3596 2412 τούτων
3645 2350 3722 2412 ὧν

2133 2451 2249 2514 τοῖς
2316 2449 2583 2520 οἰομένοις
2640 2449 2840 2503 διδόναι
2902 2450 3130 2521 παρέχει
3192 2449 3374 2514 αὐτός.
3431 2451 3493 2502 Οἱ
3546 2449 3605 2502 δέ
3657 2466 3720 2518 γε

2136 2537 2324 2599 θυσίας
2367 2537 2514 2609 αύτῷ
2561 2538 2628 2592 δι’
2653 2539 2882 2611 αἵματος
2926 2539 3020 2593 καὶ
3057 2539 3282 2611 κνίσσης
3337 2539 3432 2593 καὶ
3491 2538 3719 2594 ὁλοκαυ-

2133 2630 2409 2700 τωμάτων
2452 2630 2720 2685 ἐπιτελεῖν
2757 2631 2992 2702 οἰόμενοι
3016 2671 3030 2694 ,
3076 2632 3168 2685 καὶ
3205 2631 3434 2695 ταύταις
3487 2634 3609 2694 ταῖς
3646 2649 3723 2684 τι-

2140 2725 2268 2793 μαῖς
2314 2723 2477 2776 αύτὸν
2520 2723 2832 2795 γεραίρειν,
2878 2724 3032 2778 οὐδέν
3081 2742 3170 2795 μοι
3204 2723 3420 2778 δοκοῦσι
3446 2724 3720 2795 διαφέρειν

2133 2813 2245 2867 τῶν
2291 2815 2371 2879 είς
2395 2814 2464 2868 τὰ
2504 2815 2662 2886 κωφὰ
2685 2815 2797 2888 (52)
2833 2818 2933 2889 τὴν
2964 2819 3136 2891 αὐτὴν
3173 2817 3722 2890 ὲνδεικνυμένοιςφι-

2135 2907 2421 2979 λοτιμίαν,
2460 2909 2568 2963 τῶν
2624 2909 2698 2980 μὴ
2747 2909 3062 2980 δυναμένων
3104 2909 3204 2980 τῆς
3230 2908 3399 2980 τιμῆς
3445 2909 3720 2980 μεταλαμ-

457 3005 527 3060 ab
565 3005 632 3060 iis
658 3004 754 3076 qui
802 3020 972 3061 sensu
1009 3004 1250 3060 carentia
1291 3003 1482 3059 eodem
1529 3006 1738 3060 honore
1787 3006 2034 3062 studiose

2148 3000 2346 3065 δάνειν,
2372 3001 2434 3054 τὸ
2471 3001 2529 3055 δὲ
2565 3001 2744 3057 δοκεῖν
2773 3000 2888 3074 (55)
2927 3001 3049 3057 τινὰ
3094 3002 3358 3075 παρέχειν
3390 3001 3469 3073 τῷ
3496 3001 3719 3073 μηδενὸς

454 3111 905 3176 prosequuntur,
938 3119 1062 3183 qua:
1100 3102 1381 3174 percipere
1435 3103 1701 3158 honorem
1739 3104 1886 3162 hunc
1926 3114 2033 3155 non

457 3207 708 3276 possunt.

2143 3093 2542 3166 προσδεομένῳ.

921 3336 1052 3390 CAP.
1088 3334 1176 3390 IV.
1208 3335 1412 3393 Cretera
1435 3335 1750 3392 Judtrorum
1779 3338 2030 3394 instituta
2070 3355 2173 3395 non
2206 3341 2417 3412 aptiora
2446 3341 2516 3394 ad
2548 3339 2717 3396 Deum
2749 3339 3028 3397 colendum
3055 3342 3269 3398 evincit.

529 3491 599 3550 At
625 3507 818 3549 eorum
853 3493 1001 3550 circa
1035 3493 1190 3549 cibos
1232 3495 1619 3552 meticulosam
1670 3495 1984 3551 cautionem
2010 3536 2028 3564 ,

458 3595 515 3640 et
543 3587 992 3656 superstitionem
1025 3587 1171 3643 circa
1204 3587 1442 3644 Sabbata
1463 3627 1478 3654 ,
1523 3598 1577 3644 et
1617 3589 1943 3660 iactantiam
1967 3589 2036 3644 de

459 3680 902 3746 circumcisione,
951 3689 1004 3736 et
1054 3695 1176 3751 quze
1225 3682 1294 3738 de
1344 3682 1559 3753 jejunio
1609 3698 1673 3738 ac
1732 3682 2036 3739 noviluniis

461 3773 760 3837 simulant,
812 3787 934 3844 quae
981 3773 1219 3829 ridicula
1273 3785 1403 3830 sunt
1454 3785 1508 3830 et
1549 3776 1724 3831 relatu
1773 3773 2034 3845 indigna,

463 3873 516 3919 te
562 3877 593 3917 a
636 3880 724 3918 me
781 3863 992 3922 discere
1039 3880 1264 3921 necesse
1326 3866 1529 3922 habere
1589 3868 1846 3922 arbitror.
1897 3864 2035 3922 Nam

461 3970 650 4010 eorum
671 3971 793 4027 quae
823 3972 854 4012 a
889 3955 998 4012 Deo
1031 3958 1085 4012 in
1134 3973 1293 4014 usum
1332 3958 1617 4014 hominum
1657 3969 1840 4016 creata
1878 3968 2038 4027 sunt,

461 4049 567 4106 alia
605 4049 822 4120 quidem
871 4057 1132 4121 tanquam
1181 4061 1326 4107 recte
1371 4060 1552 4110 creata
1582 4051 1900 4118 admittere;
1934 4052 2040 4107 alia

463 4156 594 4195 vero
639 4148 699 4195 ut
739 4143 950 4196 inutilia
983 4153 1036 4199 et
1063 4159 1515 4214 3supervacanea,
1568 4159 1854 4210 recusare,
1897 4159 2038 4213 quo-

464 4235 627 4290 modo
658 4233 742 4289 fas
771 4244 855 4290 est
875 4236 899 4289 ?
919 4234 994 4291 De
1015 4235 1126 4291 Deo
1151 4246 1332 4292 autem
1374 4237 1480 4294 hoc
1509 4236 1758 4304 mentiri,
1794 4252 1920 4292 eum
1949 4253 2042 4293 ve-

462 4336 579 4385 tare
606 4327 812 4400 aliquid
843 4329 988 4398 quod
1020 4328 1308 4385 honestum
1355 4331 1426 4384 sit
1456 4328 1635 4385 facere
1659 4327 1747 4384 die
1783 4327 2039 4396 Sahbati,

463 4421 740 4492 quomodo
772 4421 1002 4492 impium
1039 4437 1150 4476 non
1198 4421 1308 4477 sit?
1343 4423 1454 4492 jam
1490 4437 1620 4478 vero
1677 4432 1732 4478 et
1757 4422 1824 4478 de
1853 4422 2039 4478 carnis

2225 3496 2386 3552 Ἀλλὰ
2431 3499 2537 3572 μὴν
2576 3501 2703 3570 τόγε
2751 3499 2881 3572 περὶ
2924 3498 3026 3564 τὰς
3065 3496 3297 3570 βρώσεις
3346 3497 3528 3554 αὐτῶν
3557 3499 3720 3570 ψοφο-

2142 3589 2292 3656 δεὲς,
2345 3594 2440 3647 καὶ
2490 3591 2588 3665 τὴν
2641 3593 2770 3664 περ).
2831 3590 2901 3646 τὰ
2953 3591 3206 3645 Σάϐϐατα
3260 3591 3714 3664 δεισιδαιμονίαν,

2143 3686 2239 3738 κα)⁵
2278 3687 2380 3758 τὴν
2409 3686 2510 3756 τῆς
2561 3685 2864 3757 περιτομῆς
2918 3685 3029 3757 (54)
3076 3684 3436 3752 ἀλαζονείαν,
3475 3687 3574 3740 καὶ
3621 3691 3717 3762 τὴν

2141 3776 2244 3846 τῆς
2271 3776 2523 3846 νηστείας
2551 3778 2644 3831 καὶ
2689 3777 2985 3849 νουμηνίας
3017 3776 3316 3849 εἰρωνείαν,
3340 3780 3717 3849 καταγέλαστα

2143 3869 2240 3922 καὶ
2280 3869 2429 3923 οὐδὲν
2452 3869 2578 3937 ἄξια
2625 3869 2788 3938 λόγου
2813 3910 2828 3935 ,
2854 3871 3060 3941 νομίζω
3101 3887 3161 3923 σε
3181 3869 3402 3942 χρῄζειν
3434 3874 3566 3944 παρ’
3589 3872 3716 3944 ἐμοῦ

2141 3959 2355 4031 μαθεῖν.
2405 3959 2479 4012 Τό
2528 3977 2589 4013 τε
2648 3959 2756 4031 γὰρ
2805 3960 2913 4014 τῶν
2971 3961 3078 4014 ὑπὸ
3118 3961 3215 4015 τοῦ
3282 3961 3422 4015 Θεοῦ
3477 3963 3717 4017 κτισθέν-

2137 4069 2248 4106 των
2290 4055 2370 4117 είς
2422 4053 2614 4125 χρῆσιν
2657 4051 2998 4124 ἀνθρώπων,
3046 4054 3082 4108 ἃ.
3135 4055 3232 4126 μὲν
3261 4055 3337 4120 ὡς
3389 4055 3570 4120 καλῶς
3605 4074 3718 4110 κτι-

2139 4146 2334 4201 σθέντα
2384 4145 2820 4218 παραδέχεσθαι,
2869 4146 2907 4202 ἆ
2953 4147 3020 4211 δ’,
3067 4147 3144 4212 ὡς
3188 4149 3442 4220 ἄχρηστα
3492 4149 3585 4202 καὶ
3626 4167 3718 4202 πε-

2139 4237 2338 4311 ρισσὰ,
2383 4237 2798 4309 παραιτεῖσθαι,
2845 4239 2964 4303 πῶς
2999 4239 3059 4293 ού
3107 4239 3265 4311 θέμις
3311 4239 3423 4312 (55)
3465 4240 3618 4306 torri;
3648 4241 3719 4293 Τδ

2135 4329 2192 4384 δὲ
2239 4330 2669 4401 καταψεύδεσθαι
2707 4329 2844 4387 Θεοῦ
2869 4370 2885 4395 ,
2929 4332 3006 4394 ὡς
3059 4332 3364 4397 κωλύοντος
3412 4334 3472 4385 ὲν
3507 4336 3576 4405 τῇ
3612 4331 3717 4385 τῶν

2139 4422 2432 4478 Σαϐϐάτων
2476 4423 2664 4494 ἡμέρᾳ.
2703 4421 2868 4476 καλόν
2909 4440 2964 4476 τι
3013 4427 3227 4487 ποιεῖν,
3273 4424 3392 4488 πῶς
3440 4426 3542 4479 οὐκ
3593 4426 3718 4478 ἀσε-

465 4515 878 4582 imminutione,
903 4521 1162 4586 tanquam
1199 4514 1480 4571 electionis
1522 4515 1897 4572 testimonium
1927 4515 2033 4584 sit,

2148 4515 2270 4582 ϐές;
2316 4515 2378 4570 τδ
2419 4515 2476 4568 δὲ
2515 4515 2610 4569 καὶ
2649 4513 2748 4586 τὴν
2805 4515 3030 4586 μείωσιν
3091 4516 3192 4586 τῆς
3254 4515 3459 4587 σαρκὸς
3513 4517 3716 4590 μαρτύ-

541 4676 656 4748 (49)
692 4679 906 4732 Πλείω.
948 4675 1102 4732 Hanc
1133 4691 1322 4731 vocem
1355 4674 1507 4748 addit
1536 4673 1771 4748 ‘Beureri
1800 4691 2034 4748 apogra-

465 4746 658 4821 phum,
701 4751 888 4819 sicque
914 4748 1200 4821 legendum
1235 4748 1373 4821 vidit
1404 4746 1710 4821 Stephanus
1745 4763 1812 4801 ex
1841 4746 2036 4801 litteris

463 4817 507 4873 π
537 4830 590 4874 et
622 4819 672 4880 λ,
707 4817 942 4888 quarum
975 4817 1202 4889 vestigia
1237 4818 1291 4872 in
1334 4817 1459 4872 cod.
1504 4831 1654 4889 mss.
1694 4825 2034 4889 supererant.

538 4890 652 4960 (50)
687 4889 953 4958 Φρονεῖν.
995 4888 1136 4944 Post
1171 4891 1312 4943 hanc
1345 4903 1533 4943 vocem
1589 4888 1794 4958 aliquid
1844 4889 2036 4942 deesse

462 4962 745 5015 existimat
771 4960 1102 5030 Stephanus,
1127 4960 1211 5013 vel
1239 4961 1468 5027 liguram
1499 4973 1621 5014 esse
1654 4975 1777 5027 qua:
1811 4967 2039 5030 vocatur

462 5027 1219 5100 dwarréﬁorovaylbnrgius
1282 5031 1586 5085 addendum
1657 5038 1811 5098 putat
1863 5027 2038 5100 ὀρθῶς

465 5102 748 5175 φρονοῦσι.
782 5101 885 5175 Sed
923 5099 1061 5175 nihil
1093 5099 1529 5175 desiderabimus
1560 5101 1608 5175 si
1665 5101 1795 5175 illud
1829 5099 1903 5153 et
1933 5099 2034 5175 μέν

463 5171 658 5229 eodem
697 5173 859 5226 modo
892 5171 1250 5239 accipiamus,
1282 5187 1348 5225 ac
1389 5173 1439 5224 εἰ
1475 5171 1600 5233 καί,
1619 5172 1738 5235 etsi,
1772 5171 2033 5240 quamvis,

465 5257 527 5300 ut
566 5248 620 5300 in
681 5243 1129 5311 interpretatione
1162 5241 1596 5311 emendavimus.
1639 5241 1886 5311 Similem
1936 5240 2036 5293 ha-

465 5317 661 5370 bemus
702 5310 996 5368 verborum
1054 5311 1517 5368 constructionem
1556 5310 1712 5364 initio
1753 5310 2034 5380 Apologia).

466 5386 654 5453 prima:
709 5383 933 5453 Justini,
995 5380 1351 5453 lbidénl_pro
1392 5384 1472 5445 εἰς
1512 5380 1649 5453 Θεδν
1675 5382 1771 5443 ἕνα
1822 5381 2034 5453 malunt

467 5450 786 5526 Stephanus
823 5463 877 5526 et
912 5452 1063 5524 Sylb.
1098 5455 1168 5507 εί.
1213 5450 1316 5508 Sed
1346 5454 1561 5524 φρονεῖν
1596 5452 1701 5506 hoc
1736 5453 1857 5508 loco
1891 5450 2032 5506 idem

463 5536 550 5580 est
565 5524 641 5580 iac
677 5524 973 5579 πιστεύειν.

535 5597 647 5662 (51)
685 5596 903 5666 Είκόςε
924 5595 1234 5666 Legendum
1255 5602 1451 5666 censet
1467 5593 1778 5662 Stephanus
1796 5593 1871 5657 ὡς
1891 5592 2038 5666 εἰκός

475 5666 560 5736 vel
595 5664 827 5727 εἰκότως
878 5662 1078 5720 Ibidem
1121 5666 1154 5736 ἢ
1190 5680 1288 5736 pro
1324 5666 1384 5717 ού
1443 5665 1732 5736 legendum
1787 5665 2028 5734 conjicit.

469 5735 573 5790 Sed
608 5736 724 5790 haec
760 5737 983 5792 minime
998 5735 1322 5791 necessaria.

2212 4679 2325 4748 (52)
2362 4680 2468 4744 Είς
2491 4674 2776 4748 etiamsed.
2819 4674 2969 4748 Hanc
3014 4675 3460 4748 prepositionem
3513 4678 3716 4733 adden-

2140 4749 2265 4804 dam
2301 4746 2524 4819 monent
2561 4746 2893 4818 Stephanus.
2933 4746 3094 4802 Beur.
3143 4760 3198 4800 et
3241 4747 3498 4819 Sylhnrg.
3545 4748 3717 4804 Paulo

2143 4827 2267 4891 post
2313 4818 2600 4891 legendum
2627 4856 2641 4879 ,
2694 4826 2755 4872 nt
2801 4818 2964 4873 iidem
3014 4825 3257 4885 monent,
3289 4818 3716 4891 ἐνδεικνυμένων

2141 4888 2284 4944 ειτὰ
2319 4888 2394 4960 μὴ
2421 4888 2710 4960 δυνάμενας

2215 4957 2329 5028 (55)
2371 4957 2436 5030 Τό
2466 4958 2533 5012 δὲ
2553 4957 2773 5012 δοκεῖν.
2791 4957 3038 5030 _Frustra
3086 4957 3187 5030 hie
3224 4957 3478 5015 lacunam
3533 4961 3714 5030 suspi—

2143 5026 2338 5110 can‘tur
2354 5029 2752 5110 _Stephanus_et
2787 5026 3131 5110 Sylburgius.
3155 5027 3301 5085 Satis
3326 5039 3413 5110 est
3435 5031 3619 5110 legere
3637 5026 3721 5102 τῷ

2145 5099 2200 5153 δὲ
2230 5099 2426 5164 δοκεῖν,
2462 5100 2546 5154 vel
2611 5099 2904 5154 subaudire
2942 5099 3089 5154 κατά
3137 5109 3264 5154 ante
3330 5101 3448 5155 haec
3498 5099 3714 5165 verita,

2140 5185 2375 5240 quorum
2420 5172 2466 5225 is
2523 5179 2608 5224 est
2640 5185 2872 5225 sensus:
2903 5185 3056 5238 aeque
3104 5170 3331 5224 stultum
3361 5188 3517 5233 esse,
3554 5173 3715 5225 rebus

2140 5257 2302 5296 sensu
2340 5241 2650 5296 carentibus
2681 5240 2947 5295 sacrilicia
2976 5241 3266 5302 offerre,et
3290 5241 3400 5294 Deo
3439 5242 3535 5310 qui
3569 5243 3716 5295 nulla

2140 5326 2200 5365 re
2228 5311 2452 5391 indiget,
2487 5319 2683 5391 putare
2710 5327 2769 5365 se
2797 5310 3002 5391 aliquid
3026 5311 3289 5391 praebere.
3322 5311 3441 5380 Ipse
3478 5310 3714 5391 Stepha-

2142 5397 2245 5451 nus
2279 5381 2480 5436 fatetur
2505 5382 2607 5451 lcgi
2639 5396 2798 5450 posse
2831 5381 2910 5450 τῷ
2941 5381 2996 5433 δὲ
3027 5381 3226 5446 δοκεῖν,
3255 5383 3370 5437 haec
3391 5383 3559 5437 verba
3582 5398 3717 5437 con-

2135 5450 2554 5532 jungendo-cum
2568 5450 3036 5532 praecedentilnts.

2215 5523 2328 5592 (54)
2366 5521 2484 5591 Τὴν
2528 5519 2638 5591 τῆς
2679 5519 3022 5592 περιτομῆς.
3057 5521 3368 5592 Stephanus
3404 5522 3718 5579 addendum

2139 5591 2439 5664 existimat
2459 5592 2578 5647 οὐδὲ
2615 5592 2697 5664 vel
2727 5591 2946 5664 οὐδενὸς
2977 5593 3102 5658 ἄξια
3133 5591 3291 5661 λόγου
3322 5593 3383 5646 οὐ
3406 5595 3635 5664 νομίζω

2212 5664 2324 5732 (55)
2362 5663 2493 5731 Πῶς
2526 5664 2605 5736 οὐ.
2632 5661 2813 5735 θέμις.
2843 5661 2994 5720 Delet
3022 5665 3082 5718 ού
3119 5664 3303 5734 Steph.
3338 5663 3420 5720 vel
3450 5661 3582 5739 legit
3602 5665 3721 5726 ἀθέ-

2143 5752 2314 5805 μιτον.
