3958 6132
284 300 433 366 1173

1388 312 1728 369 EPISTOLA
1769 312 1859 367 AD
1897 312 2320 370 DIOGNETUM.

3434 295 3572 368 tiri

284 438 409 493 ριον
456 423 581 497 (56)
626 425 854 497 ἐκλογῆς
880 421 1297 487 ἀλαζονεύεσθαι
1316 462 1331 487 ,
1358 424 1437 489 ὡς
1458 424 1547 478 διὰ
1568 424 1725 479 τοῦτο
1746 424 1892 491 sgm-

2000 424 2245 493 gloriari,
2273 433 2329 479 et
2360 434 2619 494 tanquam
2641 435 2762 477 eam
2794 420 2866 477 ob
2900 437 3012 476 rem
3040 419 3185 477 Deus
3214 422 3415 480 eximio
3450 426 3574 480 illos

285 514 469 584 ρέτως
500 516 899 588 ἠγαπημένους
928 514 1034 569 ὑπὸ
1054 514 1212 579 Θεοῦ,
1250 515 1369 579 πῶς
1390 516 1451 568 ού
1477 515 1677 587 χλεύης
1705 517 1891 583 ἄξιονς

279 604 348 659 τὸ
376 607 439 661 δὲ
469 608 911 681 παρεδρεύοντας
934 610 1132 674 αὐτοὺς
1171 611 1391 683 ἄστροις
1423 609 1517 663 καὶ
1544 610 1746 681 σελήνῃ
1789 626 1894 663 πα-

283 698 616 770 ρατήρησιν
664 699 776 753 τῶν
822 700 1005 773 μηνῶν
1056 701 1168 773 (57)
1191 702 1286 755 καὶ
1318 701 1428 755 τῶν
1474 701 1698 774 ἡμερῶν
1725 705 1891 755 ποιεῖς

282 787 440 854 σθαι,
471 791 577 843 καὶ
622 791 720 855 τὰς
755 792 1067 865 οἰκονομίας
1109 791 1244 846 Θεοῦ
1281 792 1377 847 καὶ
1416 792 1516 857 τάς
1549 792 1656 845 τῶν
1680 792 1889 864 καιρῶν

280 880 546 950 ἀλλαγὰς
572 883 715 937 κατά
730 883 951 956 (58).....
980 885 1117 959 πρὸς
1139 885 1237 950 τὰς
1256 884 1435 939 αὐτῶν
1457 884 1653 956 ὁρμὰς,
1670 884 1737 948 ἃς
1766 885 1886 955 μὲν,

282 972 370 1034 εις
425 972 655 1045 ἑορτὰς,
700 974 885 1043 ἃςδὲ,
931 978 1012 1041 εἰς
1056 976 1261 1048 πένθη·
1311 977 1397 1041 τίς
1449 976 1516 1031 ἂν
1577 975 1888 1041 θεοσεϐείας

280 1066 385 1120 καὶ
413 1067 525 1120 οὐκ
570 1068 881 1141 ἀφροσύνης
933 1071 1067 1124 πολὺ
1106 1070 1267 1124 πλέον
1312 1071 1577 1142 ἡγήσεται
1628 1068 1690 1123 τὸ
1749 1071 1890 1139 δεῖγ-

287 1173 369 1227 μα
394 1172 409 1222 ;
437 1158 546 1229 τῆς
575 1159 673 1230 μὲν
692 1156 787 1215 οὖν
824 1162 1009 1231 κοινῆς
1037 1161 1372 1233 εἰκαιὼητος
1399 1162 1495 1214 καὶ
1517 1160 1754 1232 ἀπάτης,
1789 1162 1886 1216 καὶ

281 1244 390 1315 τῆς
442 1245 719 1302 Ἰουδαίων
757 1249 1282 1322 πολυπραγμοσύνης
1322 1250 1416 1303 καὶ
1446 1249 1761 1317 ἀλαζονείας
1804 1254 1887 1308 ὅτι

282 1334 477 1405 ὀρθῶς
525 1339 820 1410 ἀπέχονται
866 1343 1210 1414 Χριστιανοὶ,
1255 1342 1571 1413 ἀρκούντως
1626 1361 1686 1397 σε
1734 1345 1887 1417 νομί-

282 1426 371 1491 ζω
403 1430 810 1503 μεμαθηκέναι.
840 1433 913 1485 Τὸ
953 1434 1011 1488 δὲ
1037 1435 1137 1506 τῆς
1178 1434 1313 1498 ἰδίας
1334 1434 1533 1505 ζαύτῶν
1578 1435 1889 1503 θεοσεϐείας

284 1523 610 1595 μυστήριον
644 1525 720 1597 μὴ
764 1526 1142 1600 προσδοκήσῃς
1185 1526 1443 1581 δύνασθαι
1482 1526 1637 1599 παρά
1675 1529 1888 1602 ἀνθρώ-

284 1631 404 1669 που
437 1616 658 1687 μαθεῖν.

1995 529 2180 570 amore
2230 524 2616 585 prosequatur,
2658 512 2937 584 quomodo
2991 512 3418 569 subsannatione
3461 532 3570 572 non

1994 607 2068 662 sit
2097 607 2371 677 dignum?
2412 604 2719 671 Quinetiam
2774 619 2890 670 eos,
2937 604 3241 673 (tanquam)
3269 605 3571 662 assidentes

1992 701 2156 755 astris
2191 708 2246 754 et
2273 700 2435 765 lunae,
2464 696 2836 752 observationi
2867 695 3140 751 mensium
3162 704 3215 749 et
3238 695 3453 750 dierum
3474 698 3572 753 de-

1990 791 2135 847 ditos
2165 806 2286 846 esse
2305 832 2319 857 ,
2354 797 2409 844 et
2439 788 2534 844 Dei
2560 787 2911 856 .oeeonomias
2947 800 3012 840 ac
3035 794 3418 855 tempestatum
3444 801 3570 841 mu-

1986 885 2218 941 tationes
2239 884 2305 939 ad
2323 898 2385 938 ea
2408 881 2823 937 accommodare
2842 879 2910 934 ad
2927 893 3048 949 qua:
3068 886 3279 933 mentes
3308 892 3420 934 suae
3445 894 3571 949 pro-

1984 992 2167 1049 pensas
2203 976 2331 1043 sint,
2358 975 2495 1030 alias
2524 972 2743 1043 quidem
2778 972 2844 1028 ad
2892 970 3063 1027 festos
3105 970 3245 1037 dies,
3278 971 3414 1028 alias
3439 986 3570 1027 vero

1984 1068 2051 1124 ad
2082 1069 2297 1134 luctus;
2324 1067 2450 1137 quis
2476 1065 2645 1121 divini
2671 1065 2850 1120 cultus
2874 1072 2928 1118 et
2955 1076 3065 1117 non
3089 1062 3376 1117 dementia:
3397 1062 3570 1117 multo

1984 1161 2161 1232 magis
2209 1159 2470 1215 indicium
2518 1155 2892 1213 existimabit?
2931 1153 3225 1210 Communi
3277 1153 3444 1225 igitur
3473 1169 3570 1208 va-

1989 1255 2159 1309 nitate
2181 1261 2236 1308 et
2264 1252 2592 1323 impostura,
2621 1257 2675 1305 et
2694 1247 3009 1304 ludzeorum
3043 1248 3363 1304 curiositate
3406 1255 3571 1317 atque

1986 1346 2269 1419 iactantia,
2295 1342 2779 1415 jurerristianos
2806 1341 3111 1407 abStinere,
3148 1348 3199 1395 te
3235 1338 3453 1394 abunde
3480 1338 3568 1393 di-

1990 1440 2192 1497 dicisse
2216 1435 2497 1493 existimo.
2538 1434 2642 1491 Sed
2674 1433 2845 1489 divini
2873 1433 3181 1490 cultusillis
3218 1433 3424 1504 proprii
3448 1450 3568 1505 my-

1990 1532 2220 1592 sterium
2246 1545 2315 1587 ne
2344 1538 2397 1585 te
2421 1528 2491 1585 ab
2524 1527 2748 1585 homine
2783 1526 2897 1582 ullo
2927 1525 3112 1583 doceri
3160 1540 3323 1597 posse
3360 1541 3563 1597 speres.

1220 1776 1352 1833 CAP.
1405 1776 1466 1832 V.
1504 1777 1930 1835 Christianorum
1972 1793 2141 1832 mores
2174 1775 2416 1848 graphice
2446 1774 2701 1845 depingit.

364 1929 693 2001 Χριστιανοὶ
734 1932 845 2005 γὰρ
885 1931 1008 1987 οὔτε
1041 1936 1114 2008 γῇ
1141 1975 1155 1999 ,
1185 1934 1310 1990 οὔτε
1357 1939 1531 2009 φωνῇ,
1579 1938 1707 1993 οὔτε
1739 1937 1888 1992 ἔθεσι

2058 1935 2356 1992 Christiani
2387 1934 2535 1990 enim
2572 1948 2751 2005 neque
2775 1932 3028 2004 regione,
3060 1944 3237 2001 neque
3267 1943 3520 1987 sermone
3539 1970 3556 1998 ,

288 2023 711 2096 διακεκριμένοι
735 2024 844 2078 τῶν
870 2024 1073 2079 λοιπῶν
1110 2028 1250 2081 εἰσιν
1272 2026 1595 2099 ἀνθρώπων.
1622 2027 1758 2083 Οὔτε
1778 2029 1889 2103 γάρ

288 2132 402 2168 που
454 2116 645 2180 πόλεις
691 2115 828 2181 ἰδίας
867 2117 1211 2171 κατοικοῦσιν
1233 2158 1248 2183 ,
1298 2117 1426 2172 οὔτε
1495 2119 1761 2192 διαλέκτῳ
1806 2139 1890 2175 τι-

288 2208 345 2262 νὶ
391 2207 829 2283 παρηλλαγμένῃ
886 2208 1121 2279 χρῶνται
1145 2252 1161 2278 ,
1221 2210 1345 2265 οὔτε
1402 2210 1517 2282 βίον
1565 2213 1890 2285 παράσημον

288 2299 598 2353 ἀσκοῦσιν⁸
650 2301 710 2353 οὺ
763 2301 872 2371 μὴν
938 2300 1153 2373 ἐπινοίᾳ
1190 2302 1299 2356 τινὶ
1357 2304 1453 2357 καὶ
1502 2305 1743 2377 φροντίδι
1797 2324 1890 2360 πο-

288 2391 711 2465 λυπραγμόνων
758 2391 1063 2465 ἀνθρώπων
1104 2393 1387 2466 μαθήματι
1429 2393 1541 2467 (59)
1584 2396 1729 2451 τοῦτ’
1777 2398 1888 2470 (60)

282 2485 487 2549 αὐτοῖς
525 2487 678 2539 ἐστιν
719 2485 1041 2556 εἰρημένον·
1072 2486 1195 2540 οὐδὲ
1237 2486 1507 2559 δόγματος
1548 2490 1888 2562 ἀνθρωπίνου

282 2578 674 2649 προεστᾶσιν,
740 2576 931 2651 ὥσπερ
991 2577 1158 2633 ἔνιοιο
1236 2582 1620 2647 κατοικοῦντες
1682 2583 1743 2637 δὲ
1792 2583 1890 2638 πό-

284 2668 405 2734 λεις
468 2670 789 2741 Ἑλληνίδας
832 2688 895 2724 τε
963 2672 1059 2725 καὶ
1130 2671 1479 2745 βαρϐάρους,
1525 2676 1601 2740 ὡς
1662 2675 1891 2742 ἕκαστος

288 2761 615 2834 ἐκληρώθη,
654 2763 749 2816 καὶ
800 2764 859 2817 ἐν
899 2766 1013 2828 τοῖς
1054 2762 1167 2835 (61)
1213 2765 1502 2838 ἐγχωρίοις
1546 2766 1725 2820 ἔθεσιν
1762 2768 1893 2822 dato.-

289 2853 621 2919 λουθοῦντες
668 2854 726 2907 ἐν
762 2872 821 2910 τε
861 2855 1048 2927 ἐσθῆτι
1094 2855 1188 2909 καὶ
1218 2855 1401 2932 διαίτῃ
1448 2859 1545 2913 καὶ
1596 2859 1674 2931 τῷ
1719 2859 1891 2932 λοιπῷ

296 2943 402 3015 βίῳ
427 2985 444 3009 ,
482 2944 801 3018 θαυμαστὴν
831 2946 926 3001 καὶ
971 2948 1421 3022 ὁμολογουμένως
1462 2950 1771 3025 παράδοξον
1808 2954 1893 3006 ὲν-

292 3037 611 3091 δείκνυνται
655 3038 757 3109 τὴν
801 3039 1139 3097 κατάστασιν
1192 3042 1294 3112 τῆς
1334 3042 1541 3097 ἑαυτῶν
1593 3043 1885 3109 πολιτείας.

298 3128 579 3201 Πατρίδας
619 3129 859 3183 οἰκοῦσιν
915 3130 1070 3194 ἰδίας,
1122 3130 1239 3185 ἀλλ’
1288 3132 1366 3195 ὡς
1421 3130 1701 3202 πάροικοι·
1768 3148 1893 3203 μετ-

297 3219 491 3290 έχουσι
552 3218 792 3283 πάντων,
850 3220 927 3283 ὡς
1001 3221 1217 3276 πολῖται
1242 3260 1258 3287 ,
1313 3222 1411 3275 καὶ
1455 3222 1615 3276 πάνθ’
1678 3224 1887 3295 ὑπομέ-

1990 2041 2169 2097 neque
2202 2026 2439 2097 politicis
2472 2025 2592 2081 vitae
2640 2025 2905 2081 institutis
2937 2039 2969 2079 a
2998 2023 3208 2080 eaateris
3252 2023 3569 2078 hominibus

1992 2127 2122 2174 sunt
2151 2118 2417 2174 distincti.
2466 2116 2606 2173 Nam
2644 2132 2822 2187 neque
2853 2117 3109 2188 proprias
3135 2116 3386 2172 civitates
3418 2115 3571 2171 inco—

1991 2210 2142 2275 lunt,
2186 2223 2364 2279 neque
2412 2221 2667 2262 sermone
2707 2214 2943 2260 utuntur
2968 2207 3061 2277 qui
3086 2206 3155 2260 ab
3195 2204 3429 2259 aliorum
3456 2220 3572 2260 ser-

1990 2315 2155 2355 mone
2177 2298 2411 2365 dill‘erat,
2440 2313 2618 2369 neque
2649 2298 2785 2354 vitze‘
2813 2312 2986 2369 genus
3016 2298 3220 2353 habent
3241 2297 3390 2368 quod
3419 2296 3489 2352 de
3512 2312 3571 2351 re

1991 2394 2175 2463 aliqua
2218 2393 2323 2449 sibi
2353 2391 2625 2462 peculiari.
2650 2392 2723 2448 sit
2751 2386 3033 2459 notabil'e;
3068 2405 3247 2462 neque
3281 2390 3491 2460 aliquid
3537 2406 3568 2444 a

1991 2487 2231 2542 curiosis
2269 2485 2587 2541 hominibus
2625 2486 2993 2556 excogitatum
3022 2494 3335 2556 proponunt
3357 2483 3461 2539 sibi
3487 2483 3570 2538 di-

1991 2578 2296 2635 scendum:
2349 2590 2533 2646 neque
2558 2575 2721 2631 alicui
2763 2575 3002 2647 dogmati
3045 2575 3288 2629 humano
3328 2572 3572 2644 patroci-

1991 2680 2215 2738 uantur,
2251 2670 2393 2727 sicut
2417 2669 2664 2723 nonnulli
2695 2687 2709 2723 :
2743 2669 2837 2724 sed
2866 2667 3165 2722 incolentes
3195 2665 3395 2736 partim
3421 2664 3572 2721 Grae-

1991 2780 2105 2831 cas,
2142 2764 2336 2834 partim
2360 2764 2625 2819 barbaras
2653 2761 2923 2826 civitates,
2957 2768 3119 2829 prout
3152 2757 3423 2828 cujusque
3449 2773 3570 2813 sors

1991 2857 2136 2923 tulit,
2167 2864 2223 2911 et
2249 2855 2630 2926 indigenarum
2671 2853 2918 2909 instituta
2961 2858 3254 2920 sequentes
3287 2850 3343 2903 in
3371 2849 3571 2905 vestitu

1990 2948 2249 3018 victuque
2267 2990 2280 3014 ,
2306 2955 2363 3003 et
2384 2948 2595 3003 caeteris
2624 2961 2750 3017 qua:
2774 2945 2842 3000 ad
2874 2944 3045 2999 vitam
3075 2942 3372 3013 pertinent,
3406 2941 3572 2996 mira-

1992 3040 2155 3097 bilem
2188 3050 2242 3095 et
2270 3039 2417 3095 haud
2462 3038 2630 3094 dubie
2666 3035 3042 3094 incredibilem
3075 3049 3190 3090 suae
3224 3033 3425 3104 politiae
3460 3041 3572 3089 sta-

1994 3141 2108 3188 tum
2147 3132 2324 3188 oculis
2350 3131 2554 3186 nostris
2587 3138 2919 3200 proponunt.
2952 3127 3167 3183 Patrias
3193 3126 3446 3196 proprias
3470 3127 3571 3180 ha-

1994 3225 2207 3289 bitant;
2263 3223 2357 3279 sed
2404 3232 2665 3293 tauquam
2719 3221 2996 3291 inquilini.
3038 3219 3235 3275 Omnia
3282 3233 3409 3274 cum
3435 3218 3572 3289 (aliis

298 3327 491 3365 νουσιν
546 3310 624 3373 ὡς
683 3309 842 3376 ξένοι.
894 3312 1051 3366 Πᾶσα
1134 3311 1259 3383 ξένη
1285 3351 1300 3377 ,
1344 3313 1546 3385 πατρίς
1593 3314 1741 3368 ἐστιν
1794 3315 1891 3368 αὐ-

1995 3315 2309 3372 communia
2365 3314 2588 3381 habent,
2638 3321 2899 3383 tanquam
2938 3314 3085 3369 cives
3115 3330 3131 3380 ;
3159 3319 3213 3367 et
3261 3311 3448 3367 omnia
3474 3327 3573 3382 pa-

298 3402 445 3454 τῶν·
498 3403 591 3454 καὶ
629 3403 780 3455 πᾶσα
826 3404 1062 3475 πατρὶς,
1114 3403 1261 3476 ξένη.
1311 3404 1585 3476 Γαμοῦσιν
1636 3405 1713 3470 ὡς
1757 3406 1892 3467 πάν-

298 3509 432 3556 τες·
476 3493 883 3562 τεκνογονοῦσιν
909 3532 925 3559 ,
990 3494 1103 3550 ἀλλ’
1149 3496 1208 3551 οὐ
1267 3496 1515 3566 ῥίπτουσι
1562 3497 1634 3553 τά
1690 3498 1894 3568 γεννώ-

304 3601 467 3656 μενα.
498 3584 788 3655 Τράπεζαν
812 3586 997 3658 κοινὴν
1041 3587 1457 3658 παρατίθενται,
1514 3590 1627 3644 ἀλλ’
1656 3590 1885 3663 (62).....

302 3675 513 3746 κοινήν.
578 3675 666 3729 Ἐν
739 3678 905 3749 σαρκὶ
971 3678 1367 3749 τυγχάνουσιν,
1426 3679 1543 3735 ἀλλ’
1610 3683 1671 3735 οὐ
1742 3681 1886 3736 κατὰ

306 3766 492 3838 σάρκα
535 3766 721 3833 ζῶσιν.
762 3770 885 3824 Ἐπὶ
937 3771 1042 3843 γῆς
1092 3770 1490 3844 διατρίϐουσιν,
1539 3773 1655 3830 ἀλλ’
1699 3777 1757 3830 ὲν
1796 3776 1892 3830 ού-

309 3858 458 3931 ρανῷ
518 3859 903 3915 πολιτεύονται.
953 3861 1235 3917 Πείθονται
1298 3866 1409 3927 τοῖς
1436 3863 1762 3937 ὡρισμένοις
1804 3867 1890 3920 νό-

308 3970 473 4024 μοις,
541 3955 639 4007 καὶ
704 3957 817 4019 τοῖς
890 3953 1041 4020 ἰδίοις
1084 3955 1220 4027 piat;
1260 3956 1451 4011 νικῶσι
1495 3959 1623 4022 τοὺς
1670 3959 1887 4031 νόμους.

320 4047 605 4115 Ἀγαπῶσι
656 4049 867 4114 πάντας
890 4088 906 4115 ,
976 4050 1073 4104 καὶ
1124 4050 1231 4104 ὑπὸ
1299 4052 1516 4107 πάντων
1581 4052 1887 4111 διώκονται.
1930 4118 1948 4128 _

319 4140 664 4211 Ἀγνοοῦνται
686 4180 703 4207 ,
739 4142 834 4197 καὶ
891 4142 1327 4213 κατακρίνονται.
1354 4142 1752 4212 Θανατοῦνται,
1795 4148 1890 4201 καὶ
1927 4134 1944 4165 θ

307 4228 695 4293 ζωοποιοῦνται
714 4249 727 4263 ο
755 4231 1095 4303 πτωχεύουσι
1122 4231 1254 4304 (65),
1280 4232 1373 4287 καὶ
1396 4232 1741 4298 πλουτίζουσι
1770 4236 1893 4290 πολ-

309 4323 460 4389 λούς.
509 4324 737 4380 Πάντων
799 4322 1192 4396 ὑστεροῦνται,
1247 4324 1343 4378 καὶ
1397 4324 1455 4377 ὲν
1499 4326 1635 4379 πᾶσι
1690 4342 1885 4398 περισ-

1995 3409 2228 3475 tiuntur,
2254 3415 2512 3477 tanquam
2546 3406 2840 3477 peregrini.
2859 3404 3051 3460 Omnis
3075 3403 3366 3477 peregrina
3396 3403 3570 3473 regio,

1995 3500 2172 3571 patria
2194 3508 2277 3556 est
2304 3513 2532 3567 eorum;
2559 3507 2615 3554 et
2659 3498 2842 3553 omnis
2885 3497 3095 3567 patria,
3128 3504 3216 3552 est
3262 3495 3569 3567 peregrina.

1998 3591 2209 3650 Uxores
2248 3592 2475 3656 ducunt,
2528 3600 2589 3646 ut
2641 3606 2854 3657 omnes,
2883 3598 2938 3645 et
2985 3590 3188 3645 liberos
3237 3595 3570 3660 procreant;

1996 3686 2091 3741 sed
2120 3699 2228 3740 non
2258 3684 2524 3755 abjiciunt
2556 3682 2723 3737 fetus.
2758 3681 3002 3738 Mensam
3029 3695 3377 3736 communem
3406 3694 3575 3750 appo-

1998 3782 2173 3839 nunt;
2210 3774 2438 3828 minime
2464 3789 2595 3830 vero
2624 3772 2825 3830 cubile.
2850 3772 2908 3827 ln
2938 3786 3110 3830 carne
3149 3780 3311 3839 sunt;
3339 3770 3433 3826 sed
3461 3784 3572 3825 non

1999 3864 2299 3919 secundum
2333 3878 2554 3920 carnem
2603 3864 2813 3918 vivunt.
2875 3861 2935 3917 ln
2981 3871 3126 3918 terra
3173 3863 3378 3933 degunt
3400 3862 3446 3929 ;}
3477 3861 3574 3916 sed

1996 3957 2054 4012 in
2089 3958 2230 4014 cmlo
2255 3958 2500 4028 politiam
2526 3973 2683 4016 suam
2709 3958 2931 4014 habent.
2950 3956 3342 4028 Obsequuntur
3364 3954 3574 4024 legibus

1996 4062 2120 4117 quae
2141 4049 2363 4105 saneitae
2388 4058 2537 4117 sunt,
2567 4059 2621 4105 et
2649 4065 2750 4104 suo
2771 4050 2894 4105 vitae
2908 4064 3104 4119 genere
3124 4049 3270 4119 leges
3293 4056 3570 4118 superant.

1995 4135 2200 4194 Amant
2222 4155 2434 4209 omnes,
2464 4150 2519 4197 et
2542 4155 2751 4197 omnes.
2782 4140 2905 4196 illos
2956 4147 3383 4211 persequuntur.
3414 4136 3572 4207 lgnoo

1993 4242 2185 4287 rantur
2208 4242 2262 4288 et
2284 4232 2719 4289 condemnantur
2746 4250 2766 4299 ;
2803 4242 2979 4288 morte
3023 4231 3330 4287 alliciuntur
3353 4240 3409 4286 et
3440 4231 3574 4286 vivi-

1992 4325 2246 4383 ﬁcantur.
2282 4325 2509 4382 Mendici
2530 4334 2677 4395 sunt,
2693 4326 2961 4382 etmultos
2985 4325 3178 4381 ditant.
3198 4323 3381 4381 Rebus
3405 4323 3574 4379 omni-

387 4503 500 4573 (56)
530 4503 884 4577 Μαρτύριοκ.
936 4502 1138 4577 Incod.
1187 4517 1299 4577 ηις.
1350 4511 1470 4557 erat
1511 4511 1721 4577 tantum
1753 4522 1892 4577 μαρ-

1995 4504 2511 4577 queinvestigatione
2554 4504 2786 4577 quadam
2838 4514 2887 4559 et
2932 4504 3205 4577 hominum
3238 4503 3571 4577 curiosorum

308 4577 415 4648 τύρ
446 4616 460 4639 ,
496 4574 957 4648 quemadmodum
980 4574 1151 4648 etiam
1175 4572 1339 4648 paulo
1355 4574 1573 4648 Ροειχλ.
1596 4572 1896 4648 Utramque

313 4644 521 4700 vocem
556 4644 792 4716 explevit
844 4645 1107 4716 Stcphau.
1177 4644 1408 4715 [egendo
1474 4644 1776 4717 μαρτύριον
1808 4644 1895 4702 iet

310 4717 527 4780 χλεύης.

800 4785 892 4841 Sie
920 4801 1020 4857 pro
1044 4803 1083 4857 μ
1103 4782 1435 4855 Stephanus,
1465 4785 1627 4843 Beur.
1659 4798 1714 4843 et
1740 4786 1891 4858 Sylb.

312 4873 468 4912 einen
514 4875 578 4911 au
611 4896 628 4911 .

309 4868 628 4914 emendant.

387 4930 508 5000 (58)_
534 4927 714 5000 Kurd:
746 4925 819 5000 in
845 4926 1171 5000 apographo‘
1198 4927 1421 5000 Bcureri
1441 4999 1448 5000 ί
1466 4937 1586 4983 erat
1620 4928 1897 4983 καταδιαι-

378 4943 497 5016 (ῡδ)
534 4943 714 5009 nata.
748 4943 802 4980 In
845 4943 1161 5069 apogragno
1199 4943 1421 4984 bcurert
1466 4943 1586 4983 erat
1620 4943 1894 5012 καταδιαι-

353 5016 449 5051 ειν.
490 4998 640 5068 Legit
675 4996 863 5069 Steph.
902 5016 1043 5053 κατα
1086 4997 1401 5069 ρυθμίζεινς
1436 4999 1517 5051 ὅτι
1551 5000 1797 5055 additum
1825 5014 1894 5054 ex

360 5069 595 5139 tephano
631 5079 685 5123 ct
719 5068 879 5139 Bcur.
912 5068 1386 5126 ,MoxJudzeorum
1421 5070 1716 5125 curiositas
1742 5070 1894 5123 intel-

313 5137 526 5209 ligenda
550 5147 635 5193 est
670 5157 682 5193 :
715 5138 995 5195 Curiosum
1020 5142 1257 5193 studium
1283 5140 1435 5192 varia
1461 5140 1529 5192 ad
1547 5140 1645 5194 Dei
1666 5141 1889 5206 cultum,

311 5210 520 5279 qualem
543 5211 643 5282 sibi
670 5211 934 5280 ﬁngebant
974 5210 1293 5282 pertinentia
1324 5212 1604 5264 acervandi
1621 5228 1643 5276 ;
1670 5212 1750 5266 sic
1774 5211 1893 5281 ipse

312 5279 907 5366 cxplisatﬁtephanus:

382 5350 495 5423 (39)
528 5350 859 5420 Μαθήματι.
895 5352 1059 5408 Iidem
1085 5359 1267 5421 legunt
1291 5350 1525 5423 μάθημά
1546 5367 1620 5413 τι.
1644 5360 1697 5406 et
1723 5352 1890 5421 paulo

312 5421 435 5504 post
457 5423 774 5504 compsam
828 5438 925 5493 pro
947 5421 1301 5504 ,εἰρημένρνζ
1324 5421 1443 5504 Non
1477 5422 1741 5504 displicet
1770 5424 1890 5504 Syl-

314 5491 507 5573 liurgio
543 5491 855 5573 ᾑρημένον)
900 5491 1151 5573 electum.
1195 5491 1886 5573 Legendumncrediderim

316 5562 754 5637 μάθηματοῦτο.
782 5563 915 5619 Illud
950 5564 1230 5637 μαθήματι
1260 5562 1443 5619 ortum
1471 5562 1685 5618 videtur
1720 5578 1784 5619 ex
1812 5565 1889 5620 si-

314 5636 426 5688 mili
460 5636 603 5691 casu
642 5649 837 5688 vocum
870 5636 1319 5705 prafcedeptium.
1488 5704 1521 5705 η
1679 5654 1687 5662 ·

384 5705 497 5772 (60)
527 5706 838 5774 Μαθήματι
870 5702 1067 5777 ’τοῦιῆ
1111 5702 1363 5777 Legendo
1427 5704 1655 5777 μάθημα
1705 5704 1883 5777 τοῦτο,

316 5777 685 5848 utlcgendum
718 5777 927 5844 monui,
967 5775 1047 5832 sic
1074 5775 1383 5836 reddendus
1423 5775 1510 5834 hic
1544 5775 1741 5835 lucus:
1776 5776 1885 5834 Nc-
1920 5862 1929 5863 ί

2001 4573 2357 4646 sollicitudine
2384 4576 2496 4630 lucc
2535 4573 2819 4646 disciplina
2855 4578 2919 4629 ab
2959 4576 3035 4629 eis
3077 4580 3311 4629 inventa.
3356 4573 3571 4631 Manu.

2001 4646 2057 4701 in
2094 4645 2480 4700 Emendandis.

2094 4716 2329 4787 61)]Εν
2350 4716 2496 4787 τοῖς.
2532 4716 2686 4771 Delet
2712 4715 2977 4787 Stephan.
3013 4714 3478 4787 praepositionem.

2037 4784 2866 4877 '(62)'.:t.1.t’....nsltepha‘nus.et
2911 4784 3406 4877 [ie‘IJIrerilslegunt
3456 4786 3572 4876 ἀλλ’

1996 4858 2059 4911 οὐ
2082 4855 2299 4931 κοινήν.
2324 4858 2505 4914 Mallet
2559 4855 3028 4940 Sylburgiusﬁn’
3060 4858 3121 4910 οὺ
3166 4855 3351 4926 πάντη
3388 4860 3573 4939 κοινήν

1996 4929 2081 5000 vel
2110 4927 2223 4982 ἀλλ’
2252 4928 2415 4993 ὁσίως
2432 4930 2637 5000 κοινήν.
2662 4927 2765 4984 Sed
2792 4928 2989 5000 frigida
3022 4942 3249 5000 prorsus
3280 4927 3574 5000 haegejusa

1995 4998 2122 5054 dem
2172 5000 2324 5055 vocis
2384 4998 2673 5069 repetitio,
2731 5008 2786 5054 et
2843 4999 2950 5053 hoc
2992 4998 3575 5069 perpolitoscriptore

1994 5084 2225 5191 prorsus
2261 5067 2503 5140 indigna.
2545 5070 2936 5136 Quamobrem,
2972 5067 3027 5124 ni
3067 5067 3250 5131 fallor,
3281 5067 3575 5149 legendum

2034 5138 2111 5191 λλ’
2143 5140 2204 5191 οὐ
2235 5141 2422 5191 κοίτην
2451 5159 2463 5191 :
2499 5155 2733 5191 mensam
2764 5155 3090 5191 communem
3122 5154 3466 5191 annontmus.
3515 5148 3573 5191 at

2034 5138 2111 5192 λλ’
2143 5140 2204 5193 οὐ
2235 5138 2422 5208 κοίτην
2451 5159 2463 5193 :
2499 5155 2733 5195 mensam
2764 5155 3090 5195 communem
3122 5141 3466 5209 apponimus,
3515 5148 3573 5193 at

1995 5209 2570 5281 cubilernequaquam.
2618 5211 2830 5277 Quibus
2882 5212 3066 5265 verbis
3125 5219 3181 5265 et
3231 5209 3461 5281 iniquos
3505 5215 3609 5281 de.

1992 5278 2324 5336 Christianis
2358 5278 2611 5337 rumores
2645 5284 2880 5350 repellit,
2908 5290 2962 5335 et
2996 5289 3266 5351 quantum
3291 5281 3361 5333 ab
3392 5279 3574 5351 ethni-

1992 5364 2187 5405 corum
2228 5352 2479 5406 moribus
2528 5348 2925 5421 discreparent,
2972 5348 3359 5421 demonstrat.
3392 5348 3571 5404 Simili

1991 5435 2220 5544 prorsus
2252 5422 2522 5476 sententia
2540 5420 2911 5479 Tertullianus
2934 5440 2947 5475 :
2978 5421 3193 5488 Omnia,
3214 5420 3392 5490 inquit
3410 5421 3568 5491 Apol.

2028 5492 2083 5544 9.
2107 5494 2397 5544 indiscreta
2424 5502 2546 5544 sunt
2591 5494 2847 5544 anudmos
2888 5503 3080 5544 nrwter
3127 5508 3340 5544 uxores.
3369 5490 3434 5544 In
3470 5494 3568 5544 ista

2028 5492 2083 5557 9,
2107 5494 2397 5547 indiscreta
2424 5502 2546 5545 sunt
2591 5494 2847 5563 apuanos
2888 5503 3080 5561 prater
3127 5508 3340 5546 uxores.
3369 5490 3434 5563 In
3461 5490 3571 5545 ista

1990 5563 2104 5615 solo
2138 5565 2464 5617 consortium
2492 5562 2769 5632 solvimus,
2799 5565 2857 5618 in
2886 5579 2989 5634 quo
3036 5563 3152 5618 solo
3188 5564 3364 5618 cceteri
3399 5562 3573 5617 homi-

1990 5648 2079 5686 nes
2109 5635 2434 5688 consortium
2462 5644 2724 5691 exercent.

2064 5703 2179 5775 (05)
2220 5705 2624 5773 Πτωχεύουσι.
2656 5705 2844 5762 Dicere
2879 5706 3066 5762 malim
3099 5707 3167 5763 de
3188 5706 3519 5764 Christianis
3552 5725 3567 5760 :

1990 5775 2259 5846 Panperes
2314 5784 2437 5831 sunt
2480 5788 2527 5835 et
2577 5776 2769 5835 multos
2798 5779 2998 5848 ditant,
3028 5794 3214 5851 quam,
3254 5789 3314 5835 ut
3336 5779 3571 5835 reddidit
