3992 6148
437 237 575 293 ms
1575 238 1884 296 ANONYMI
1914 240 2052 297 Vim
2094 238 2499 298 APOSTOLICI
3548 234 3681 303 im

436 362 544 409 bus
571 352 835 422 indigent,
856 361 912 408 et
936 353 1117 410 omnia
1158 354 1266 411 illis
1295 354 1623 417 redundant.
1669 356 2010 415 Dedecoran-

2117 354 2381 411 σεύουσιν.
2460 356 2803 431 ’Δτιμοῦνται
2826 398 2843 423 ,
2908 362 3005 415 καὶ
3048 362 3108 415 ὲν
3151 362 3277 425 ταῖς
3311 361 3563 432 ἀτιμίαις
3604 363 3686 414 δο-

438 457 549 514 tur,
566 456 620 502 et
647 448 787 503 inter
807 448 1072 503 dedecora
1092 449 1265 519 gloria
1287 448 1614 507 afﬁciuntur.
1634 450 1837 506 Eorum
1859 450 2004 507 fama

2117 446 2393 514 Εάζονταισ
2462 450 2907 522 βλασφημοῦνται
2931 493 2948 517 ,
3013 454 3108 510 καὶ
3163 454 3496 509 δικαιοῦνται
3525 472 3539 486 ’
3590 454 3691 508 λοι-

436 540 730 605 laceratur,
766 548 822 595 et
855 539 1087 609 iustitia:
1127 556 1319 595 eorum
1348 541 1723 597 testimonium
1755 542 2004 613 perhibe-

2117 540 2410 614 Βοροῦνται,
2464 545 2559 600 καὶ
2606 545 2953 615 εὐλογοῦσιν·
3032 547 3378 621 ὑϐρίζονται,
3455 549 3561 603 καὶ
3612 566 3693 602 τι-

436 642 548 687 tur.
589 630 890 687 Maledictis
928 647 993 687 ac
1030 633 1294 688 conviciis
1338 633 1723 702 incessuntur,
1762 644 1816 690 et
1840 635 2001 690 bonis

2117 634 2306 706 μῶσιν.
2360 634 2838 704 ’Ᾱγαθοποιοῦντες
2859 675 2875 700 ,
2908 636 2986 702 ὡς
3011 640 3172 693 κακοὶ
3209 640 3527 704 κολάζονται
3558 657 3572 671 ⁸
3610 657 3696 694 κο-

434 722 617 777 verbis
646 732 1076 793 prosequuntur.
1106 719 1311 792 Injuria
1349 723 1680 789 afﬁciuntur,
1713 736 1767 779 et
1795 725 2004 781 honore

2117 727 2389 799 λαζόμενοι
2426 728 2736 800 χαίρουσιν,
2776 729 2854 793 ώς
2890 728 3331 803 ζωοποιούμενοι.
3379 733 3516 785 Ὑπὸ
3577 732 3697 785 Ἰου-

435 822 857 884 prosequuntur.
886 812 1024 868 Cum
1056 829 1115 869 se
1153 826 1341 885 gerant
1376 824 1434 869 ut
1461 815 1661 884 probos
1684 814 1861 882 decet,
1885 826 2006 871 tan-

2117 818 2272 874 δαίων
2295 821 2371 885 ὡς
2415 821 2703 892 ἀλλόφυλοι
2733 822 3115 894 πολεμοῦνται,
3147 826 3242 879 καὶ
3276 825 3382 880 ὑπὸ
3424 826 3697 898 Ἑλλήνων

434 921 600 975 quam
637 902 871 973 improbi
898 904 1230 973 puniuntur:
1261 906 1392 961 dum
1420 906 1742 975 puniuntur,
1770 907 2009 980 gaudent

2117 910 2434 967 διώκονται·
2483 914 2576 968 καὶ
2627 913 2727 986 τὴν
2779 916 2958 969 αἰτίαν
3000 916 3101 989 τῆς
3141 916 3339 989 ἔχθρας
3392 920 3568 971 εἰπεῖν
3618 934 3701 987 μιρ

436 1006 697 1067 tanquam
721 999 1087 1056 viviﬂcentur.
1111 998 1390 1055 Adversus
1422 1015 1519 1054 eos
1538 1040 1554 1065 ,
1579 1008 1839 1069 tauquam
1871 1000 2006 1055 alie-

2118 1004 2335 1070 σοῦντες
2372 1005 2472 1059 οὐκ
2506 1004 2737 1077 ἔχουσιν.

436 1092 685 1160 nigenas,
710 1091 882 1149 Judaei
913 1093 1113 1150 bellum
1143 1101 1442 1162 gerunt,et
1484 1091 1657 1148 Graeci
1693 1106 1791 1148 eos
1842 1105 2279 1165 persequuntur;
2338 1106 2393 1153 et
2421 1111 2613 1154 osores
2658 1114 2848 1155 eorum
2878 1113 3100 1155 causam
3155 1102 3567 1158 inimicitiarum
3608 1102 3693 1158 di-

435 1199 562 1241 cere
597 1193 894 1256 nequeunt.

995 1296 1125 1353 CAP.
1160 1295 1249 1354 Vl.
1298 1295 1445 1352 Velut
1477 1299 1713 1352 animum
1748 1299 1803 1353 in
1836 1315 2071 1370 corpore,
2105 1299 2439 1356 Christianos
2470 1301 2529 1355 in
2554 1300 2750 1355 mundo
2781 1302 2979 1355 versari
3008 1307 3213 1374 probat.

510 1418 689 1489 Atque
722 1428 782 1473 ut
813 1417 980 1473 semel
1019 1417 1204 1472 omnia
1248 1417 1603 1487 complectar,
1638 1417 1786 1487 quod
1829 1427 1915 1473 est
1949 1417 2003 1473 in

2193 1418 2405 1483 Ἀπλῶς
2446 1419 2492 1473 δ’
2519 1420 2715 1486 εἰπεῖν,
2761 1419 2898 1491 ὅπερ
2943 1420 3087 1473 ἐστὶν
3140 1419 3200 1471 ὲν
3248 1417 3460 1489 σώματι
3503 1416 3689 1488 ψυχὴ.

438 1526 665 1580 corpore
716 1511 935 1577 anima,
988 1510 1091 1565 hoc
1148 1520 1276 1564 sunt
1325 1510 1380 1563 in
1433 1510 1641 1563 mundo
1683 1508 2005 1565 Christiani.

2117 1511 2252 1565 τοῦτ’
2298 1512 2436 1565 εἰσὶν
2480 1512 2538 1567 ὲν
2563 1511 2752 1583 κόσμῳ
2781 1511 3114 1584 Χριστιανοί.
3179 1510 3487 1580 Ἔσπαρται
3551 1526 3693 1563 κατα

439 1604 692 1674 Dispersa
730 1610 814 1658 est
841 1618 936 1672 per
967 1603 1154 1657 omnia
1197 1602 1448 1671 corporis
1496 1601 1744 1655 membra
1794 1601 2011 1669 anima;

2120 1604 2337 1661 πάντων
2376 1602 2486 1656 τῶν
2530 1602 2621 1656 τοῦ
2661 1601 2911 1673 σώματος
2954 1602 3137 1674 μελῶν
3185 1600 3411 1673 ἡψυχὴ,
3440 1600 3537 1654 καὶ
3562 1601 3694 1669 Χρι-

437 1705 492 1749 et
529 1692 829 1749 Christiani
878 1707 976 1762 per
1030 1692 1217 1747 mundi
1264 1693 1515 1748 civitates
1544 1692 1795 1762 (dispersi
1840 1693 2013 1764 sunt.)

2120 1697 2328 1751 στιανοὶ
2370 1694 2513 1749 κατά
2545 1694 2646 1759 τὰς
2683 1695 2778 1749 τοῦ
2822 1695 3029 1766 κόσμου
3076 1693 3275 1757 πόλεις.
3321 1694 3475 1746 Οίκεῖ
3503 1693 3599 1762 μὲν
3636 1694 3693 1744 ὲν

438 1787 660 1843 Habitat
711 1784 932 1855 quidem
990 1784 1045 1839 in
1090 1800 1322 1855 corpore
1380 1786 1587 1849 anima,
1641 1786 1735 1839 sed
1778 1800 1886 1839 non
1932 1794 2013 1839 est

2117 1788 2196 1861 τῷ
2242 1787 2456 1859 σώματι
2505 1787 2651 1861 ψυχὴ
2679 1828 2695 1853 ,
2742 1789 2845 1842 οὐκ
2893 1788 3008 1841 ἔστι
3063 1786 3119 1839 δὲ
3166 1786 3232 1838 ὲκ
3278 1783 3373 1837 τοῦ
3422 1782 3691 1853 σώματος’

436 1896 468 1938 e
501 1892 771 1949 corpore:
800 1876 922 1947 (sic)
957 1885 1011 1931 et
1042 1875 1346 1932 Christiani
1391 1877 1444 1929 in
1481 1875 1688 1930 mundo
1739 1876 2012 1940 habitant,

437 1970 533 2028 sed
582 1986 614 2025 e
667 1969 875 2025 mundo
934 1985 1043 2023 non
1100 1969 1295 2023 sunt'.
1356 1966 1650 2023 Invisibilis
1712 1967 1895 2021 anima
1958 1966 2014 2023 iu

438 2061 644 2117 visibili
673 2075 929 2131 corpore,
980 2068 1239 2128 tanquam
1276 2058 1332 2112 in
1386 2057 1667 2127 praesidio,
1718 2058 2011 2113 constituta

436 2161 573 2208 est:
611 2151 768 2222 (sic)
822 2159 877 2205 et
929 2150 1229 2205 Christiani
1278 2157 1707 2220 cOgnoscuntur,
1758 2148 1889 2204 dum
1941 2149 1999 2205 in

438 2244 647 2300 mundo
695 2251 1146 2310 commorantur;
1200 2242 1294 2298 sed
1349 2242 1643 2297 invisibilis
1693 2250 1778 2298 est
1823 2257 2013 2299 eorum

436 2338 621 2394 cultus
666 2338 906 2393 divinus.
979 2333 1116 2391 Odio
1161 2336 1512 2406 prosequitur
1555 2334 1797 2389 animam
1844 2349 2009 2401 caro,

436 2440 494 2485 et
530 2430 731 2484 bellum
781 2429 833 2484 ei
889 2436 1069 2484 movet
1125 2428 1272 2481 nulla
1322 2426 1516 2483 aﬂ‘ecta
1575 2426 1814 2496 injuria,
1866 2427 2011 2497 quod

438 2521 813 2592 voluptatibus
877 2520 989 2577 frui
1045 2521 1406 2590 prohibeatur
1463 2536 1477 2572 :
1538 2517 1664 2573 odio
1725 2518 2015 2588 prosequi-

438 2626 529 2673 tur
561 2624 618 2671 et
666 2614 907 2671 mundus
956 2612 1342 2676 Christianos,
1395 2610 1546 2667 nulla
1589 2609 1817 2666 affectus
1868 2609 2013 2680 inju-

437 2711 543 2777 ria,
576 2709 838 2778 quoniam
876 2704 1256 2776 voluptatibus
1286 2709 1615 2773 repugnant.
1644 2702 1843 2757 Anima
1888 2718 2011 2758 car-

437 2818 564 2863 nem
602 2810 782 2867 amat,
828 2814 950 2870 quae
1001 2800 1178 2868 ipsam
1235 2796 1370 2861 odit,
1401 2803 1455 2849 et
1483 2794 1676 2864 (amat)
1730 2796 2006 2851 membra:

2117 1882 2213 1937 καὶ
2248 1882 2560 1953 Χριστιανοὶ
2594 1882 2655 1934 ὲν
2695 1880 2889 1951 κόσμῳ
2928 1877 3189 1941 οἰκοῦσιν,
3233 1875 3334 1928 οὐκ
3381 1874 3487 1926 εἰσὶ
3529 1873 3585 1925 δὲ
3632 1874 3697 1924 ὲκ

2114 1973 2210 2030 τοῦ
2249 1974 2475 2047 κόσμου.
2514 1974 2770 2047 Ἀόρατος
2813 1974 2847 2043 ή
2882 1972 3027 2042 ψυχὴ
3064 1972 3123 2023 ὲν
3156 1965 3338 2040 ὀρατῷ
3382 1966 3698 2037 φρουρεῖται

2115 2066 2194 2137 τῷ
2245 2064 2490 2136 σώματι·
2555 2065 2651 2119 καὶ
2713 2062 3031 2136 Χριστιανοὶ
3087 2059 3445 2129 γινώσκονται
3508 2058 3699 2128 μένον-

2112 2175 2206 2222 τες
2231 2156 2340 2229 (64)
2366 2159 2425 2211 ὲν
2447 2157 2526 2228 τῷ
2552 2158 2763 2228 κόσμῳ,
2794 2156 3025 2229 ἀόρατος
3052 2153 3110 2207 δὲ
3135 2152 3317 2208 αὐτῶν
3356 2153 3390 2223 ὴ
3419 2149 3701 2204 θεοσέϐεια

2118 2247 2291 2321 μένει.
2327 2250 2497 2303 Missi
2529 2248 2631 2318 τὴν
2666 2247 2845 2319 ψυχὴν
2877 2249 2911 2318 ή
2940 2244 3095 2317 σὰρξ,
3125 2246 3220 2299 καὶ
3254 2243 3501 2315 πολεμεῖ,
3532 2240 3700 2314 μηδὲν

2113 2342 2481 2414 ἀδικουμένη,
2522 2343 2657 2397 διότι
2698 2346 2819 2407 ταῖς
2857 2343 3073 2414 ἡδοναῖς
3117 2340 3385 2394 κωλύεται
3431 2338 3696 2410 χρῆσθαι·

2116 2435 2268 2505 μισεῖ
2306 2433 2402 2487 καὶ
2424 2433 2785 2504 Χριστιανοὺς
2815 2436 2844 2486 ὁ
2877 2433 3080 2503 κόσμος
3121 2432 3289 2503 μηδὲν
3326 2429 3699 2499 ἀδικούμενος,

2112 2524 2194 2578 ὅτι
2220 2526 2343 2587 ταῖς
2370 2523 2586 2595 ἡδοναῖς
2629 2524 3060 2581 ἀντιτάσσονται.
3120 2524 3184 2576 Ἦ
3207 2522 3355 2593 ψυχὴ
3388 2522 3489 2591 τὴν
3517 2519 3702 2591 μισοῦ-

2113 2632 2216 2670 σαν
2238 2616 2432 2686 ἀγαπᾷ
2459 2616 2659 2687 σάρκα,
2685 2617 2783 2671 καὶ
2814 2615 2885 2671 τὰ
2910 2615 3044 2687 μέλη
3064 2632 3079 2646 ·
3110 2614 3205 2670 καὶ
3229 2612 3550 2685 Χριστιανοὶ
3574 2613 3701 2675 τοὺς

2114 2707 2412 2777 μισοῦντας
2443 2707 2752 2776 ἀγαπῶσιν.
2810 2707 3220 2775 Ἐγκέκλεισται
3264 2707 3362 2777 μὲν
3396 2708 3430 2777 ἡ
3451 2704 3597 2777 ψυχὴ
3624 2704 3701 2775 τῷ

2114 2798 2347 2870 σώματι,
2388 2800 2602 2873 συνέχει
2644 2799 2706 2853 δὲ
2746 2799 2880 2855 αὐτὸ
2915 2799 2977 2853 τὸ
3015 2799 3212 2871 σῶμαο
3253 2799 3349 2853 καὶ
3386 2798 3701 2870 Χριστιανοὶ

440 2894 563 2965 (sic)
599 2893 765 2946 etiam
804 2888 1106 2945 Christiani
1148 2895 1338 2945 amant
1373 2901 1587 2942 osores.
1638 2884 1852 2943 Inclusa
1884 2889 2010 2957 qui-

2117 2892 2437 2964 κατὲχονται
2478 2870 2579 2964 μέν
2610 2892 2688 2957 ώς
2733 2893 2793 2946 ὲν
2832 2870 3154 2965 φρουρᾷ
3190 2891 3401 2963 κόσμῳ,
3444 2890 3600 2944 αὐτοὶ
3644 2888 3700 2941 δὲ

322 3002 327 3006 ’
439 2986 563 3040 dem
597 2992 680 3039 est
703 2982 890 3039 anima
918 2994 1166 3050 corpore,
1195 2979 1291 3034 sed
1322 2979 1439 3050 ipsa
1471 2994 1672 3051 corpus
1700 2988 2013 3036 conservat:

441 3077 563 3145 (sic)
605 3082 661 3129 et
697 3071 1009 3149 Christiani
1053 3070 1367 3127 detinentur
1414 3070 1632 3140 quidem
1679 3070 1736 3126 iu
1783 3073 2011 3137 mundo,

440 3176 701 3237 tanquam
732 3166 786 3220 iu
810 3163 1083 3231 custodia,
1109 3163 1203 3219 sed
1229 3162 1332 3232 ipsi
1362 3163 1627 3221 mundum
1659 3172 2010 3221 conservant.

443 3259 773 3315 Immortalis
815 3260 999 3317 anima
1032 3259 1088 3317 in
1116 3254 1337 3310 mortali
1379 3255 1735 3317 tabernaculo
1769 3259 2011 3316 habitat:

440 3365 497 3409 et
534 3352 834 3411 Christiani
885 3353 977 3407 illa
1010 3367 1147 3423 ,qua
1197 3352 1541 3424 corruptioni
1598 3360 1727 3409 sunt
1774 3353 2015 3410 obnoxia

442 3457 707 3519 tauquam
773 3448 1028 3519 inquiiini
1087 3446 1372 3512 incolunt,
1445 3446 2012 3517 iucorruptibilitatem

443 3541 723 3597 caelestem
761 3549 1162 3611 exspectantes.
1204 3539 1423 3605 Anima,
1460 3537 1591 3592 dum
1635 3539 1759 3593 cibo
1800 3547 1856 3593 et
1883 3546 2015 3609 potu

443 3634 586 3688 male
626 3640 909 3697 tractatur,
941 3631 1002 3686 fit
1044 3629 1276 3689 melior:
1302 3637 1357 3684 et
1387 3628 1518 3686 dum
1555 3627 1854 3686 Christiani
1884 3645 2016 3700 sup-

2119 2984 2405 3057 συνέχουσι
2455 2982 2570 3057 (65)
2618 2984 2712 3037 τὸν
2755 2984 2979 3055 κόσμον.
3040 2983 3333 3046 ’Δθάνατος
3378 2983 3413 3053 ἡ
3449 2981 3596 3051 ψυχὴ
3641 2981 3698 3031 ὲν

2114 3076 2293 3150 θνητῷ
2333 3076 2650 3150 σκηνώματι
2696 3079 2974 3131 κατοικεῖ·
3018 3079 3115 3131 καὶ
3154 3076 3473 3148 Χριστιανοὶ
3512 3089 3699 3143 παροι-

2114 3174 2304 3229 κοῦσιν
2364 3175 2425 3228 ὲν
2472 3174 2767 3246 φθαρτοῖς,
2820 3170 2925 3243 τὴν
2970 3171 3032 3224 ἐν
3081 3170 3330 3241 οὐρανοῖς
3392 3166 3699 3238 ἀφθαρσίαν

2117 3267 2566 3339 προσδεχόμενοι.
2616 3262 3086 3336 Κακουργουμένη
3140 3261 3327 3324 σιτίοις
3374 3260 3471 3314 καὶ
3518 3246 3699 3321 ποτοῖς

2115 3363 2151 3430 ἡ
2198 3360 2381 3432 ψυχὴ,
2430 3358 2732 3430 βελτιοῦται
2756 3374 2773 3389 ⁸
2835 3357 2934 3411 καὶ
2973 3353 3290 3428 Χριστιανοὶ
3347 3350 3697 3421 κολαζόμενοι

2116 3453 2237 3509 καθ’
2276 3452 2529 3525 ἡμέραν,
2588 3449 2941 3514 πλεονάζουσι
3002 3447 3221 3520 μᾶλλον.
3287 3447 3382 3510 Εἰς
3430 3443 3696 3513 τοσαύτην

2121 3545 2320 3610 αὐτοὺς
2366 3544 2518 3611 τάξιν
2564 3544 2716 3600 ἔθετο
2758 3545 2788 3597 ὁ
2819 3542 2971 3607 Θεὸς,
3028 3541 3095 3614 ἠν
3140 3541 3201 3594 οὐ
3248 3537 3467 3606 θεμιτὸν
3515 3537 3697 3597 αὐτοῖς

2117 3635 2583 3709 παραιτήσασθαι.

442 3725 623 3796 pliciis
684 3722 997 3781 afﬁciuntur
1052 3720 1318 3793 quotidie,
1346 3734 1609 3775 numerus
1660 3733 1852 3781 eorum
1880 3720 2097 3779 crescit.
2138 3723 2283 3783 Deus
2314 3727 2435 3783 illos
2462 3737 2573 3783 tam
2602 3725 2869 3798 insignem
2899 3731 3083 3779 tenere
3115 3721 3293 3777 locum
3319 3720 3514 3788 voluit,
3537 3734 3695 3790 quem

444 3815 523 3875 illi
557 3811 713 3870 nefas
736 3821 821 3867 est
842 3809 1118 3881 defugere.

450 3922 589 3979 CAP.
628 3922 741 3978 VII.
773 3921 902 3979 Hec
925 3920 1111 3992 religio
1134 3936 1167 3977 α
1194 3917 1298 3976 Deo
1326 3920 1595 3988 instituta,
1615 3922 1707 3991 qui
1737 3937 1841 3975 non
1864 3938 1972 3977 rem
2008 3930 2263 3987 creatam,
2294 3921 2383 3974 sed
2406 3920 2676 3991 praprium
2705 3918 2912 3975 Filium
2936 3919 3081 3974 misit
3102 3930 3159 3973 ut
3180 3918 3409 3974 talvaret
3441 3918 3693 3973 homines.

1568 3992 1860 4061 Manifesta
1890 3992 2025 4047 Filii
2059 3994 2311 4047 adventus
2344 3991 2563 4046 iudicia.

518 4110 637 4165 Non
679 4109 823 4165 enim
869 4117 1169 4170 terrenum,
1197 4115 1259 4163 ut
1293 4107 1430 4176 dixi,
1457 4108 1736 4165 inventum
1768 4109 1874 4166 hoc
1903 4109 2011 4167 illis

2185 4110 2261 4164 Οὐ
2308 4110 2417 4181 γὰρ
2457 4109 2719 4185 ἐπίγειον,
2762 4106 2838 4173 ὡς
2878 4108 3034 4180 ἔφην,
3076 4107 3296 4180 εὕρημα
3330 4105 3479 4160 τοῦτ’
3514 4106 3695 4167 αὐτοῖς

448 4202 709 4262 traditum
762 4208 880 4266 est;
935 4213 1111 4268 neque
1164 4198 1418 4254 mortalis
1467 4207 1552 4254 est
1604 4201 2016 4269 commentatio,

446 4310 612 4369 quam
659 4292 794 4348 adeo
838 4299 1091 4348 accurate
1144 4289 1555 4345 custodiendam
1604 4292 1707 4347 sibi
1762 4303 2014 4360 censent;

447 4403 626 4461 neque
675 4388 1044 4445 humanorum
1100 4384 1485 4454 mysteriorum
1541 4385 1845 4441 mconomia
1909 4387 2018 4443 illis

446 4480 742 4537 commissa
774 4486 892 4543 est;
937 4475 1032 4530 sed
1069 4474 1185 4546 ipse
1210 4488 1337 4531 vere
1365 4473 1532 4540 Deus,
1567 4475 1663 4545 qui
1705 4485 1790 4532 est
1832 4476 2015 4532 omni-

446 4581 669 4640 potens,
705 4577 761 4623 et
803 4566 1049 4625 omnium
1095 4564 1367 4631 conditor,
1401 4580 1466 4620 ac
1495 4566 1804 4633 invisibilis,
1841 4583 1871 4622 e
1907 4583 2019 4624 cm-

445 4662 516 4721 lis
545 4661 842 4717 Veritatem
886 4667 943 4715 et
964 4657 1203 4717 Verbum
1234 4656 1441 4719 factum
1487 4674 1553 4713 ac
1591 4659 2019 4730 incomprehen-

445 4758 603 4814 sibile
636 4757 777 4820 inter
800 4754 1053 4816 homines
1083 4752 1305 4819 locavit,
1345 4762 1399 4808 et
1438 4753 1493 4809 in
1521 4756 1781 4811 cordibus
1822 4770 2016 4812 eorum

447 4852 661 4907 ﬁrmam
697 4851 899 4909 habere
941 4850 1123 4908 sedem
1152 4850 1367 4907 voluit:
1393 4865 1525 4917 non,
1552 4850 2015 4920 quemadmodum

447 4947 649 5017 aliquis
674 4944 950 5017 conjicere
978 4944 1181 5015 possit,
1212 4943 1384 5000 misso
1409 4942 1732 5005 hominibus
1764 4942 2019 5003 ministro

511 5130 533 5162 ’
561 5125 721 5183 Joan.
754 5140 888 5191 xvn,
926 5124 1011 5191 ll,
1044 5124 1130 5192 14,
1163 5123 1252 5179 16.

449 5286 781 5359 Stephanus,
815 5283 1045 5359 Mendici
1074 5293 1217 5343 sunt.
1241 5282 1610 5359 Mintu._i_bi§.
1638 5278 2010 5359 -Ηωοᾳεοιςί-

446 5350 582 5417 ben-5
610 5350 799 5414 auctor
816 5356 1061 5427 epistolae
1082 5355 1330 5427 respexit
1364 5353 1433 5409 ad
1470 5352 1511 5408 ll
1540 5352 1671 5407 Cor.
1694 5368 1771 5427 vr,
1804 5350 1879 5427 1Q
1885 5368 1911 5427 _:
1934 5350 2010 5427 ᾡς

424 5432 674 5501 πτωχοὶ,
702 5419 928 5491 πολλόὺς
948 5419 1453 5501 8s_1:).ouji<:ovtat:
1490 5437 1613 5493 quae
1659 5422 1825 5501 verba
1856 5419 2015 5501 Yulg.

448 5491 721 5570 interpres
769 5501 846 5555 ita
890 5496 1088 5571 _reddit
1117 5494 1316 5571 :_Sicut
1343 5491 1576 5571 egentes,
1616 5491 2019 5571 muttoshautem

449 5560 851 5639 locup'letantes.
885 5567 977 5622 Sic
994 5582 1120 5639 mox
1144 5564 1283 5639 infra
1306 5560 1419 5639 prie
1435 5565 1612 5619 oculis
1647 5560 2016 5639 h_a_buit_idem

450 5629 638 5701 auctor
667 5639 687 5693 l
714 5641 844 5694 Cor.
897 5654 970 5698 tv.
1007 5629 1575 5707 52,7X0t5op-013pw0t,
1640 5629 2015 5705 εὐλογοῦμινε

450 5711 843 5775 Μαίεαίςίηιιιτ,
870 5720 915 5762 ct
951 5706 1317 5761 benedicimus.

2126 4202 2433 4275 παρεδόθη·
2482 4200 2605 4259 οὐδὲ,
2653 4199 2853 4272 θνητὴν
2899 4200 3144 4253 ἐπίνοιαν
3193 4198 3487 4268 φυλάσσειν
3530 4196 3696 4260 οὓτως

2122 4294 2365 4361 ἀξιοῦσιν
2425 4294 2736 4367 ἐπιμελῶς,
2797 4293 2918 4349 οὐδὲ
2978 4291 3329 4361 ἀνθρωπίνων
3390 4291 3697 4360 οἰκονομίαν

2126 4386 2441 4459 μυστηρίων
2468 4387 2860 4440 πεπίστευνται
2883 4402 2896 4415 ·
2916 4384 3030 4438 ἀλλ’
3058 4383 3220 4448 αὐτὸς
3245 4385 3273 4436 ὁ
3300 4382 3697 4452 παντοκράτωρ

2122 4478 2217 4537 καὶ
2255 4479 2648 4550 παντοκτίστης
2691 4479 2787 4532 καὶ
2824 4476 3052 4549 ἀόρατος
3083 4475 3234 4539 Θεὸς,
3273 4474 3433 4537 αὐτὸς
3472 4472 3567 4526 ἀπ’
3604 4471 3695 4524 οὐο-

2122 4573 2300 4646 ρανῶν
2337 4572 2438 4645 τὴν
2471 4571 2750 4642 Ἀλήθειαν
2794 4570 2889 4624 καὶ
2926 4568 3018 4622 τὸν
3057 4567 3229 4635 Λόγον
3268 4565 3361 4620 τὸν
3403 4566 3558 4634 ἆγιον
3588 4561 3695 4634 (66)

2122 4667 2216 4719 καὶ
2257 4664 2611 4736 ἀπερινόητον
2657 4660 2963 4733 ἀνθρώποις
3008 4658 3299 4728 ἐνίδρυται,
3336 4658 3429 4710 καὶ
3466 4659 3694 4725 ἐγκατε-

2123 4754 2341 4827 στὴριξε
2384 4755 2503 4818 ταῖς
2543 4752 2790 4824 καρδίαις
2830 4750 3046 4809 αὐτῶν
3094 4749 3177 4812 οὐ,
3219 4747 3469 4819 καθάπερ
3508 4746 3576 4800 ἀν
3615 4761 3696 4807 τις

2121 4847 2410 4910 εἰκάσειεν,
2454 4844 2761 4916 ἀνθρώποις
2804 4840 3084 4914 ὑπηρέτην
3108 4838 3232 4893 τινὰ
3268 4838 3512 4911 πέμψας,
3541 4838 3575 4907 ἢ
3601 4838 3696 4904 ἄγ-

2124 4942 2303 5017 γελον,
2340 4939 2374 5011 ἢ
2399 4940 2659 5013 ἄρχοντα,
2697 4937 2736 5011 ἢ
2762 4936 2885 4993 τινὰ
2909 4936 3017 4993 τῶν
3051 4934 3343 4989 διεπόντων
3365 4932 3437 4987 τὰ
3457 4932 3693 5001 ἐπίγεια,

2210 5276 2299 5349 64)
2337 5278 2656 5346 Μένοντες.
2697 5277 2886 5349 Steph.
2912 5276 3120 5349 mavult
3152 5268 3250 5347 μὲν
3273 5273 3444 5349 ὄντες.

2213 5342 2302 5419 65)
2343 5342 2699 5419 Συνέχουοι.
2759 5342 2961 5404 Eadem
3038 5342 3304 5402 habemus
3374 5345 3432 5399 in
3490 5342 3693 5401 Justini

2482 5419 2726 5563 76iywr._
2751 5487 2935 5563 Monet
2973 5487 3284 5563 Stephanus
3316 5486 3389 5563 _i_n
3434 5486 3558 5541 cod.
3583 5500 3688 5563 ms.

2114 5554 2399 5689 viihaligd
2435 5554 2600 5633 quain
2646 5558 2880 5634 primam
2919 5554 3087 5632 huius
3124 5558 3281 5615 vocis
3316 5556 3561 5614 litteram
3594 5554 3691 5611 de-

2114 5648 2211 5710 pre
2250 5647 2319 5695 en
2359 5648 2397 5691 ι.
