3992 6148
302 283 435 340 H77

1450 275 1785 332 EPISTOLA
1824 275 1915 329 AD
1950 270 2375 331 DIOGNETUM.

3404 268 3544 324 H78

293 394 329 477 ἢ
361 399 485 454 τινὰ
521 396 631 451 τῶν
668 392 1110 468 πεπιστευμένων
1148 392 1249 461 τὰς
1289 394 1348 450 ἐν
1386 394 1635 467 οὐρανοῖς
1666 394 1860 466 διοική-

1973 392 2181 463 aliquo,
2215 401 2310 447 aut
2346 386 2561 462 angelo,
2593 399 2688 446 aut
2709 389 2975 461 principe,
3011 397 3108 447 aut
3144 386 3331 459 aliquo
3352 403 3543 443 eorum

298 510 433 557 σεις,
480 490 593 545 ἀλλ’
639 490 801 543 αὑτὸν
842 488 935 541 τὸν
974 488 1223 560 τεχνίτην
1264 488 1357 547 καὶ
1391 487 1720 560 δημιουργὸν
1759 486 1867 539 τῶν

295 588 432 640 ὅλων
449 603 465 619 ·
487 578 532 653 ᾧ
550 584 678 647 τοὺς
700 583 961 655 οὐρανοὺς
982 582 1216 647 ἔκτισεν,
1236 575 1280 651 ᾧ
1299 582 1396 654 τὴν
1418 581 1689 636 θάλασσαν
1717 582 1867 645 ἰδίοις

294 678 441 749 ὅροις
486 675 821 729 ἐνέκλεισενο
877 667 938 728 οὗ
989 671 1062 728 τά
1112 675 1387 746 μυστήρια
1433 674 1639 738 πιστῶς
1692 675 1868 729 πάντα

295 769 557 840 φυλάσσει
600 766 671 821 τὰ
714 768 987 837 στοιχεῖα·
1036 769 1163 835 παρ’
1187 761 1248 820 οὗ
1295 765 1366 821 τὰ
1412 766 1587 838 μέτρα
1630 767 1739 821 τῶν
1766 767 1865 839 τῆς

292 858 504 932 ἡμέρας
539 857 754 931 δρόμων
791 856 982 928 εἴληφε
1022 856 1315 926 φυλάσσειν
1337 857 1478 930 (67)'
1505 852 1550 927 ᾧ
1577 860 1866 931 πειθαρχεί

295 951 492 1023 σελήνη
545 949 701 1003 νυκτὶ
747 946 958 1019 φαίνειν
1014 947 1320 1002 κελεύοντι·
1369 942 1413 1017 ᾧ
1465 949 1751 1023 πειθαρχεῖ
1793 950 1865 1004 τά

291 1042 500 1116 ἄστρα.
546 1040 625 1114 τῷ
670 1040 770 1111 τῆς
815 1041 1041 1113 σελήνης
1097 1039 1492 1097 ἀκολουθοῦντα
1552 1043 1737 1115 δρόμῳ
1764 1060 1779 1074 ο
1817 1036 1863 1111 ᾧ

291 1136 471 1192 πάντα
507 1135 851 1190 διατέτακται
891 1133 987 1188 καὶ
1025 1131 1304 1204 διώρισται
1346 1135 1440 1189 καὶ¹
1477 1136 1859 1206 ὑποτέτακται,

287 1229 510 1301 οὐρανοὶ
552 1227 646 1282 καὶ
682 1226 753 1281 τὰ
790 1228 848 1285 ἐν
886 1226 1166 1297 οὐρανοῖς,
1208 1227 1278 1300 γῆ
1330 1227 1424 1281 καὶ
1467 1227 1538 1283 τὰ
1569 1230 1628 1283 ἐν
1664 1233 1730 1302 τῇ
1762 1234 1857 1303 γῇ,

289 1318 537 1383 θάλασσα
566 1318 661 1372 καὶ
686 1315 754 1370 τὰ
783 1317 840 1371 ἐν
868 1318 935 1386 τῇ
965 1315 1208 1390 θαλάσσῃ
1226 1334 1240 1347 ·
1277 1316 1409 1390 πῦρ,
1437 1319 1564 1391 ἀὴρ,
1590 1320 1854 1387 ἄϐυσσος

283 1407 353 1462 τὰ
382 1410 443 1463 ἐν
469 1407 648 1478 ὕψεσι,
686 1406 756 1463 τὰ
787 1408 846 1461 ἐν
874 1405 1082 1479 βάθεσι,
1109 1408 1176 1465 τὰ
1201 1411 1259 1463 ἐν
1282 1409 1360 1481 τῷ
1388 1411 1611 1483 μεταξύ.
1659 1412 1859 1468 Τοῦτον

284 1501 426 1573 πρὸς
461 1502 658 1566 αὐτοὺς
699 1500 1032 1567 ἀπέστειλεν,
1080 1496 1189 1573 ἆρά
1228 1519 1313 1572 γε,
1354 1503 1429 1568 ώς
1466 1504 1767 1577 ἀνθρώπων
1792 1507 1859 1563 ἄν

280 1611 369 1657 τις
412 1593 721 1663 λογίσαιτο,
768 1596 862 1648 ἐπὶ
899 1594 1173 1665 τυραννίδι
1218 1598 1312 1651 καὶ
1348 1595 1497 1667 φόϐῳ
1548 1599 1645 1652 καὶ
1684 1617 1855 1654 κατα-

282 1686 479 1795 πλήξει
504 1703 533 1795 ;‘
572 1684 867 1795 Θῦμενουν,
1032 1688 1097 1795 ἐν
1113 1688 1402 1760 ἐπιεικείᾳ,
1427 1689 1695 1763 πραΰτητι
1720 1691 1852 1763 (68)·
1889 1739 1933 1795 Β

281 1778 359 1843 ὡς
386 1779 641 1850 βασιλεὺς
674 1778 906 1850 πέμπων
929 1779 1045 1832 υἱὸν
1071 1778 1293 1850 βασιλέα
1328 1781 1570 1852 ἐπεμψεν
1590 1801 1603 1814 ο
1632 1783 1708 1849 ώς
1730 1784 1862 1839 Θεὸν

281 1870 551 1943 επεμψεν,
589 1871 666 1936 ώς
701 1871 839 1943 πρὸς
874 1871 1198 1944 ἀνθρώπους
1243 1872 1508 1944 ἔπεμψεν,
1550 1874 1636 1939 ὡς
1672 1874 1863 1935 σώζων

281 1966 570 2037 ἐπεμψεν·
618 1965 695 2030 ώς
741 1966 962 2031 πείθων,
1011 1966 1075 2019 οὐ
1118 1965 1467 2038 βιαζόμενος·
1513 1968 1606 2040 βία
1648 1969 1756 2043 γὰρ
1796 1972 1858 2025 οὐ

282 2053 548 2121 πρόσεστι
579 2054 657 2126 τῷ
687 2054 822 2126 Θεῷ.
861 2055 1145 2128 Ἔπεμψεν
1184 2056 1262 2122 ώς
1293 2057 1495 2123 καλῶν,
1524 2059 1590 2113 οὐ
1619 2058 1864 2115 διωκῶνο

279 2143 528 2217 επεμψεν
558 2146 634 2211 ώς
662 2149 926 2217 ἀγαπῶν,
961 2150 1024 2205 οὐ
1070 2150 1291 2222 κρίνων.
1325 2151 1537 2223 Πέμψει
1558 2151 1668 2225 γὰρ
1703 2153 1865 2207 αὑτὸν

280 2240 541 2311 κρίνοντα
562 2282 577 2307 ,
618 2243 713 2297 καὶ
747 2242 834 2306 τίς
870 2242 1037 2298 αὐτοῦ
1084 2244 1186 2318 τὴν
1223 2246 1523 2315 παρουσίαν
1563 2246 1867 2319 ὑποστήσε-

279 2332 1860 2405 ται(69);......................

277 2517 805 2591 παραϐαλλομένους
846 2519 1091 2594 θηρίοις,
1123 2522 1210 2578 ῐνα
1249 2521 1597 2594 ἀρνήσωνται
1622 2523 1713 2578 τὸν
1750 2525 1866 2581 K6-

281 2627 431 2682 ριον,
479 2613 576 2666 καὶ
623 2613 699 2684 μή
735 2615 1102 2686 νικωμένους
1142 2616 1254 2687 Οὐχ
1285 2617 1451 2687 ὁρᾷς,
1485 2616 1595 2690 ὅσῳ
1624 2617 1867 2683 πλείονες

279 2702 603 2769 κολάζοντες
664 2704 815 2775 (70),
878 2704 1116 2778 τοσούτῳ
1177 2707 1569 2772 πλεονάζοντας
1638 2708 1861 2776 άλλουςς

281 2793 470 2850 Ταῦτα
509 2795 800 2864 ἀνθρώπου
834 2798 893 2850 οὐ
938 2797 1085 2852 δοκεί
1114 2798 1225 2866 (7i)
1269 2798 1341 2854 τὰ
1383 2799 1541 2871 ἔργα,
1570 2799 1743 2855 ταῦτα
1774 2800 1865 2855 δύ-

279 2881 447 2949 ναμίς
513 2884 629 2938 ἐστι
657 2886 829 2940 Θεοῦ’
868 2884 1042 2945 ταῦτα
1077 2891 1178 2964 τῆς
1209 2894 1505 2965 παρουσίας
1539 2895 1702 2949 αὐτοῦ
1742 2896 1855 2951 δεί-

278 2986 499 3041 γματα.

1967 483 2060 553 qui
2092 492 2307 537 terrena
2336 482 2667 551 gubernant,
2699 489 2795 533 aut
2822 479 3083 549 quopiam
3129 494 3318 533 eorum
3343 478 3545 548 quibus

1967 574 2259 628 commissa
2308 580 2394 627 est
2446 586 2627 626 rerum
2680 568 2737 623 in
2787 569 2942 624 oculis
2983 567 3542 623 administrandarunt

1965 679 2127 730 cura;
2174 662 2267 717 sed
2320 662 2438 730 ipso
2485 659 2681 729 opiﬁce
2708 668 2762 713 et
2802 668 3050 714 creatore
3101 658 3391 725 omnium;
3433 673 3543 727 quo

1964 755 2133 811 caelos
2166 751 2435 818 condidit,
2483 766 2594 820 quo
2626 763 2783 803 mare
2811 749 2927 802 suis
2958 748 3205 801 terminis
3237 748 3539 814 conclusit;

1963 847 2123 917 cujus
2155 844 2413 917 mysteria
2462 842 2691 898 ﬁdeliter
2727 841 2796 896 ab
2825 839 3081 894 omnibus
3121 839 3402 893 elementis
3442 839 3542 893 oh-

1962 947 2271 1003 servantur,
2317 951 2348 989 a
2371 950 2480 1005 quo
2514 943 2660 990 certa
2710 933 2887 1003 spatia
2917 931 3239 986 diurnorum
3274 947 3539 987 cursuum

1962 1029 2089 1101 (sol)
2137 1028 2478 1084 observanda
2524 1026 2756 1096 accepit,
2801 1024 2891 1080 cui
2932 1032 3091 1094 paret
3139 1024 3290 1088 luna,
3329 1023 3539 1093 jubenti

1959 1136 2080 1178 eam
2125 1121 2306 1176 lucere
2348 1119 2495 1175 nocti
2536 1136 2552 1172 :
2601 1119 2689 1174 cui
2744 1127 2894 1173 astra
2937 1117 3353 1185 obtemperant,
3398 1116 3541 1171 lunae

1959 1230 2183 1271 cursum
2233 1214 2512 1283 sequenti;
2551 1228 2581 1266 a
2613 1227 2724 1283 quo
2761 1210 2950 1265 omnia
2985 1209 3252 1278 disposita
3278 1218 3437 1271 sunt,
3484 1216 3541 1262 et

1959 1307 2077 1363 suis
2113 1306 2378 1361 limitibus
2412 1302 2871 1372 circumscripta;
2905 1310 2960 1356 et
2985 1300 3073 1357 cui
3106 1309 3235 1356 sunt
3261 1299 3538 1370 supposita

1957 1402 2083 1461 ca‘li
2116 1408 2170 1457 et
2197 1416 2320 1472 qua:
2362 1399 2416 1455 in
2462 1398 2616 1453 caelis
2648 1405 2798 1460 sunt,
2853 1406 2998 1450 terra
3035 1404 3089 1449 et
3129 1410 3252 1464 quae
3292 1393 3345 1447 in
3396 1402 3539 1448 terra

1956 1504 2111 1562 sunt,
2143 1508 2295 1550 mare
2321 1501 2378 1549 et
2421 1506 2544 1561 quae
2593 1490 2648 1544 in
2679 1489 2860 1555 mari;
2915 1487 3077 1558 ignis,
3108 1502 3222 1552 aer,
3275 1485 3535 1556 abyssus;

1956 1599 2080 1656 qum
2121 1584 2178 1638 in
2208 1580 2617 1646 altitudinibus,
2646 1594 2772 1650 quae
2810 1578 2865 1632 in
2895 1575 3385 1647 profunditatibus,
3410 1562 3539 1646 quae

1957 1677 2013 1733 in
2049 1676 2230 1733 medio
2257 1676 2457 1747 (locata
2484 1672 2659 1741 sunt).
2691 1669 2849 1726 Hunc
2886 1669 2952 1724 ad
2990 1682 3087 1725 eos
3131 1667 3321 1723 misit:
3352 1683 3443 1734 an,
3476 1675 3538 1720 ut

1961 1768 2162 1839 aliquis
2199 1766 2484 1822 hominum
2524 1764 2767 1836 cogitare
2798 1762 2999 1833 possit,
3048 1759 3353 1832 tyrannidis
3380 1773 3538 1814 exer-

1960 1861 2144 1918 cendae
2170 1868 2225 1916 et
2255 1867 2516 1914 terrorem
2553 1855 2852 1912 incutiendi
2885 1853 3096 1911 causa?
3122 1851 3344 1906 Minime
3370 1866 3534 1917 vero;

1960 1952 2057 2012 30d
2086 1952 2141 2007 in
2174 1950 2485 2016 clementia,
2521 1950 2575 2005 in
2613 1947 2859 2014 lenitate,
2891 1957 3151 2017 tanquam
3193 1960 3285 1998 rex
3318 1943 3541 1999 mittens

1960 2046 2133 2101 ﬁlium
2183 2059 2386 2114 regem,
2433 2043 2612 2109 misit;
2663 2050 2926 2111 tanquam
2976 2038 3147 2093 Deum
3194 2030 3365 2103 misit,
3410 2045 3537 2091 tan-

1958 2154 2125 2209 quam
2164 2138 2232 2193 ad
2274 2136 2529 2193 homines
2574 2134 2747 2199 misit,
2781 2142 3045 2202 tanquam
3083 2142 3311 2185 servans
3348 2128 3536 2183 misit:

1958 2237 2221 2297 tanquam
2251 2241 2378 2281 cum
2425 2222 2862 2296 obsequentibus
2911 2235 3101 2291 agens,
3134 2235 3243 2273 non
3274 2227 3538 2288 tanquam

1958 2319 2273 2374 violentiam
2304 2316 2605 2383 adhibens;
2636 2314 2895 2370 violentia
2922 2313 3067 2368 enim
3093 2310 3206 2367 Deo
3236 2326 3343 2367 non
3373 2311 3534 2366 inest.

1957 2410 2528 2475 Misitutvocans,non
2550 2421 2885 2479 persequens
2908 2425 2922 2474 ;
2943 2404 3169 2474 misitlut
3191 2419 3403 2468 amans,
3426 2418 3537 2458 non

1953 2500 2235 2573 judicans;
2254 2500 2431 2555 mittet
2452 2499 2597 2554 enim
2626 2514 2749 2553 eum
2773 2497 3292 2563 condemnaturum;
3339 2502 3393 2548 et
3413 2495 3538 2564 quis

1956 2591 2079 2661 ejus
2096 2591 2388 2647 adventum
2404 2589 2971 2646 sustinebit?
2986 2585 3103 2640 Non
3120 2586 3268 2640 vides
3294 2582 3539 2652 objectos

1958 2681 2113 2749 feris,
2149 2692 2210 2739 ut
2249 2682 2519 2753 abnegent
2566 2680 2899 2746 Dominum,
2941 2688 2996 2733 et
3048 2693 3156 2731 non
3191 2674 3373 2731 vinci?
3418 2673 3537 2727 Non

1955 2772 2133 2839 vides,
2184 2786 2295 2844 quo
2338 2773 2524 2842 plures
2572 2771 2667 2841 qui
2723 2768 3012 2840 suppliciis
3071 2765 3333 2832 alliciunt,
3385 2772 3538 2818 tanto

1956 2867 2222 2935 majorem
2254 2865 2487 2919 aliorum
2512 2877 2633 2918 esse
2660 2861 2998 2916 numerum?
3034 2857 3160 2915 Haec
3208 2873 3317 2912 non
3344 2857 3538 2912 viden-

1959 2963 2050 3011 tur
2085 2955 2156 3012 ab
2209 2955 2432 3010 homine
2461 2952 2601 3020 ﬁeri,
2649 2954 2766 3009 haec
2811 2960 2942 3008 sunt
2971 2949 3065 3007 Dei
3109 2950 3374 3021 potentia,
3424 2948 3540 3005 haec

1880 3081 1928 3144 ο
1957 3047 2227 3103 adventus
2253 3046 2376 3118 ejus
2408 3055 2537 3101 sunt
2572 3046 2798 3102 indicia.

943 3188 1076 3244 CAP.
1114 3189 1249 3247 Vill.
1295 3194 1467 3260 Quam
1509 3198 1668 3252 miser
1697 3199 1981 3256 hominum
2008 3212 2183 3259 status
2212 3211 2335 3258 ante
2377 3203 2531 3257 Verbi
2562 3204 2868 3258 adventum.

346 3334 445 3401 Τίς
490 3335 600 3409 γὰρ
636 3338 773 3404 ὅλως
817 3341 1121 3415 ἀνθρώπων
1168 3348 1438 3419 ἠπίστατο
1476 3352 1530 3407 τί
1577 3354 1696 3408 ποτ’
1738 3355 1881 3410 ἐστὶ

276 3423 431 3519 Θεδς,
481 3429 608 3500 πρὶν
653 3432 816 3486 αὑτὸν
867 3434 1076 3503 ἐλθεῖν;
1121 3434 1199 3493 Ἦ
1237 3441 1364 3506 τοὺς
1402 3445 1591 3510 κενοὺς
1634 3448 1729 3502 καὶ
1763 3448 1862 3519 λη-

278 3515 472 3612 ρώδεις
513 3522 734 3612 ἐκείνων
774 3524 964 3597 λόγους
1001 3529 1238 3605 ἀποδέχῃ
1279 3535 1388 3589 τῶν
1418 3538 1743 3604 ἀξιοπίστων
1774 3515 1863 3612 φι-

275 3605 554 3682 λοσόφωνς
591 3608 667 3669 ὧν
694 3619 742 3671 οί
784 3619 884 3690 μὲν
915 3620 1027 3694 πῦρ
1052 3622 1162 3695 (72)
1190 3625 1397 3696 ἔφασαν
1436 3626 1574 3685 εἶναι
1607 3633 1698 3687 τὸν
1727 3605 1861 3689 Θεὸν

277 3696 360 3796 (οὗ
399 3705 650 3777 μέλλουσι
697 3712 971 3783 χωρήσειν
1004 3715 1177 3781 αὐτοὶ,
1220 3718 1379 3774 τοῦτο
1413 3722 1639 3777 καλοῦσι
1665 3722 1863 3796 Θεόνο)

273 3794 325 3848 ot
350 3796 428 3863 δὲ,
458 3797 638 3873 ὕδωρ·
664 3803 713 3855 οι
746 3802 812 3867 δ’,
848 3804 976 3859 ἄλλο
996 3824 1050 3860 τι
1074 3807 1185 3862 τῶν
1217 3811 1498 3882 στοιχείων
1533 3814 1641 3868 τῶν
1678 3794 1864 3870 tum;

277 3888 456 3958 μένων
485 3892 590 3946 ὑπὸ
618 3893 776 3951 Θεοῦ.
800 3896 909 3950 Καί
937 3898 1020 3952 τοί
1053 3916 1120 3969 γε
1143 3900 1302 3968 εἴτις
1330 3904 1535 3961 τούτων
1547 3906 1659 3963 τῶν
1686 3908 1861 3977 λόγων

276 3981 577 4049 ἁπόδεκτὸς
615 3987 756 4052 ἐστι,
783 3987 989 4043 δύναιτ’
1020 3990 1090 4045 ἂν
1114 3993 1207 4048 καὶ
1241 3994 1353 4048 τῶν
1392 3996 1594 4052 λοιπῶν
1623 4000 1859 4071 κτισμά-

273 4089 383 4129 των
421 4077 482 4130 ἓν
514 4078 745 4133 ἕκαστον
792 4081 993 4151 ὁμοίως
1044 4084 1442 4156 ἀποφαίνεσθαι
1486 4090 1640 4149 Θεόν.
1699 4092 1860 4147 Ἀλλὰ

276 4166 449 4220 ταῦτα
488 4169 585 4240 μὲν
620 4171 877 4240 τερατεία
922 4173 1018 4225 καὶ
1055 4173 1230 4248 πλάνη
1283 4178 1391 4232 τῶν
1429 4181 1641 4252 γοήτων
1674 4182 1855 4235 ἐστίν·

277 4258 583 4331 ἀνθρώπων
617 4262 674 4316 δέ
716 4263 892 4328 οὐδεὶς
954 4263 1076 4319 οὔτε
1140 4263 1280 4322 εἶδεν
1338 4269 1461 4324 οὔτε
1528 4272 1857 4345 ἐγνώρισενο

2028 3356 2167 3414 Nam
2216 3359 2343 3429 quis
2405 3374 2471 3414 ex
2518 3358 2779 3414 omnibus
2822 3356 3141 3413 hominibus
3195 3364 3355 3413 norat
3401 3355 3536 3427 quid

1960 3460 2105 3506 esset
2132 3449 2298 3514 Deus,
2340 3451 2661 3522 priusquam
2702 3450 2818 3519 ipse
2850 3449 3130 3504 venisset?
3174 3450 3257 3501 An
3305 3462 3442 3502 vana
3482 3462 3539 3505 et

1964 3539 2194 3607 nugacia
2226 3538 2374 3597 dicta
2416 3539 2633 3593 illorum
2661 3537 2765 3593 [ide
2795 3538 3006 3593 scilicet
3037 3538 3328 3608 dignorum
3360 3537 3538 3607 philo-

1964 3632 2265 3702 sophorum
2312 3630 2629 3703 approbas?
2685 3645 2920 3700 quorum
2973 3629 3143 3700 aliqui
3196 3629 3373 3700 ignem
3414 3643 3538 3684 esse

1964 3722 2135 3779 Deum
2180 3724 2438 3783 dixerunt
2484 3725 2559 3794 (id
2608 3725 2675 3782 ad
2706 3722 2852 3793 quod
2894 3719 3193 3792 profecturi
3233 3729 3363 3775 sunt
3407 3720 3536 3790 ipsi,

1964 3815 2132 3872 Deum
2161 3817 2480 3886 vocantes);
2517 3817 2611 3872 alii
2646 3830 2871 3886 aquam,
2899 3813 2992 3868 alii
3028 3812 3175 3867 aliud
3203 3828 3269 3867 ex
3298 3812 3538 3866 elemen-

1964 3908 2033 3963 tis
2063 3924 2187 3978 qua:
2222 3923 2250 3966 a
2279 3907 2391 3962 Deo
2419 3917 2551 3964 sunt
2598 3916 2805 3963 creata.
2841 3904 3006 3976 Atqui
3043 3904 3091 3960 si
3129 3904 3327 3959 horum
3357 3904 3537 3958 dicto-

1962 4014 2086 4054 rum
2124 3999 2345 4071 aliquod
2383 3999 2778 4069 approbatione
2821 3997 3046 4068 dignum
3090 4004 3193 4061 est,
3226 3996 3441 4066 possint
3481 4002 3538 4049 et

1963 4100 2284 4147 camerarum
2317 4108 2503 4147 rerum
2534 4107 2655 4161 (1118
2682 4100 2811 4146 sunt
2843 4100 3058 4156 creatae,
3091 4103 3538 4159 unamquamque

1964 4183 2218 4239 similiter
2261 4184 2618 4254 pronuntiare
2654 4185 2821 4237 Deum
2859 4198 3000 4237 esse.
3052 4180 3255 4237 Verum
3313 4180 3366 4234 hi
3414 4194 3535 4234 ser-

1965 4287 2157 4329 mones
2220 4284 2347 4329 sunt
2400 4271 2713 4345 prodigiosa
2786 4272 3068 4339 mendacia
3117 4279 3168 4325 et
3219 4271 3540 4339 imposturre

278 4350 440 4417 αὐτὸς
458 4352 516 4406 δὲ
544 4353 732 4409 ἑαυτὸν
758 4354 1051 4424 ἐπέδειξεν.
1088 4357 1360 4429 Ἐπέδειξε
1383 4361 1443 4416 δὲ
1463 4361 1556 4418 διὰ
1585 4363 1821 4428 πίστεως
1838 4378 1853 4395 ⁴

1964 4363 2456 4435 praestigiatorum;
2494 4378 2559 4419 ac
2597 4363 2883 4417 hominum
2914 4362 3209 4433 quisquam
3244 4373 3421 4428 neque
3450 4357 3534 4411 t'i-

352 4524 465 4594 (67)
504 4530 874 4607 Φυᾼιῳσειζ.
914 4532 1047 4590 Post
1085 4535 1229 4591 hanc
1262 4549 1452 4590 vocem
1483 4533 1570 4591 vel
1612 4545 1737 4607 post
1776 4536 1854 4589 εί·-

278 4591 418 4683 ληςρε
451 4591 555 4681 non
592 4602 805 4683 dubi-tat
828 4603 1139 4683 Stephanus
1163 4607 1313 4683 _quin
1342 4608 1493 4683 ήλιος
1516 4591 1669 4683 vel'b
1698 4591 1854 4677 ἥλιος

279 4680 310 4717 a
350 4668 591 4746 librario_
621 4671 887 4729 omissum
927 4668 1121 4729 'l'uerit.
1162 4668 1407 4746 Στοιχεῖα
1452 4668 1559 4732 hoc
1586 4668 1852 4734 loco'non

278 4745 518 4818 quatuor
546 4740 835 4807 elementa,
873 4750 1155 4818 seligastra
1201 4740 1426 4818 intelligi
1466 4748 1698 4812 debent,
1731 4762 1856 4818 quae

317 4816 467 4891 pstea
494 4824 914 4891 enumerantur,
937 4815 1220 4891 nimirum,
1251 4817 1356 4883 sol,
1383 4815 1537 4891 luna;
1563 4825 1618 4872 et
1658 4815 1850 4874 stellae.

333 4876 544 4954 idzﬁnot.
574 4881 627 4935 in
655 4898 683 4954 Vl
709 4876 995 4954 Theophili
1035 4876 1259 4952 librum,
1297 4876 1450 4942 num.
1475 4889 1566 4943 44.

278 4946 824 5072 esggsgagpaﬂmn.
867 4946 1186 5027 Stephanus
1232 4946 1491 5013 observat
1540 4958 1851 5015 addendum

469 5038 545 5073 αι.

351 5086 464 5174 ((ξθ)
514 5090 972 5174 ’ζποσιςήσεταα
1008 5096 1334 5174 Perantiqua
1372 5096 1489 5153 haec
1520 5097 1773 5174 lacuna;_
1789 5101 1860 5157 si-

278 5158 500 5240 quidem
555 5158 834 5240 librarius,
884 5184 913 5221 a
954 5184 1065 5238 quo
1109 5158 1697 5240 scriptumexemplar
1734 5158 1857 5235 'Ste-

277 5228 467 5313 pharii,
506 5233 575 5313 ad
611 5228 913 5313 marginem
946 5228 1131 5292 monet
1155 5228 1355 5313 se'eam
1387 5238 1439 5291 in
1466 5228 1854 5313 antiquissimo

277 5298 468 5355 codice
504 5298 801 5384 invenisse.
855 5304 973 5384 Non
1014 5324 1188 5378 pauca
1228 5298 1857 5384 deesseputat'Stepha-

280 5384 405 5448 nus,
438 5374 640 5448 quibus
672 5387 727 5448 e_t
755 5374 1064 5447 prater-deris
1087 5394 1269 5434 sermo
1293 5374 1603 5446 ﬁniebatur,
1634 5390 1687 5435 et
1709 5374 1852 5439 alius

280 5438 661 5525 incltoabqt'nr.
693 5438 1005 5525 Legendum
1047 5458 1201 5515 putat
1223 5449 1322 5525 οὐχ
1347 5449 1480 5521 ὁρᾷς
1505 5438 1853 5525 παραϐαλλο-

283 5507 504 5596 ξὲνζιυςχ
533 5511 710 5596 Hujus
739 5507 841 5574 lJci
874 5507 1340 5596 sensuipAexpler‘e
1381 5507 1848 5596 potest_'d_ecerpta

278 5578 342 5659 cx
369 5578 567 5638 Justini
598 5578 835 5659 dialogo,
866 5604 1020 5646 num.
1049 5589 1146 5644 121
1179 5578 1469 5655 sententia,
1494 5591 1587 5647 ubi
1612 5589 1670 5647 S.
1700 5578 1850 5647 mar;

281 5653 403 5738 ﬁt",
444 5669 522 5738 fx
569 5673 630 5738 eo
670 5653 1072 5738 quqd’inglorio
1132 5669 1181 5713 et
1225 5653 1557 5738 ‘informihet
1604 5664 1843 5738 despecto

283 5718 476 5778 Christi
504 5718 958 5803 primo'adventu,
997 5740 1176 5785 tantus
1214 5718 1376 5801 fuerit
1412 5731 1555 5788 illius
1593 5718 1837 5804 splendor

1954 4547 2004 4592 et
2041 4545 2190 4591 tanta
2224 4539 2478 4607 potentia,
2521 4545 2579 4590 ut
2619 4537 2768 4590 nulla
2808 4537 2862 4590 in
2899 4545 3046 4606 gente
3081 4535 3350 4603 ignoretur
3385 4541 3435 4607 et
3469 4546 3537 4607 ea:

1955 4610 2098 4662 omni
2137 4603 2319 4678 genere
2354 4609 2588 4661 homines
2619 4603 2979 4677 pwnitentium
3018 4616 3213 4678 agant,
3259 4603 3537 4657 concludit

1954 4674 2157 4749 quanta
2187 4679 2257 4732 sit
2283 4680 2466 4749 futura
2498 4674 2724 4749 secundi
2756 4678 3023 4749 adventus
3057 4674 3335 4749 tn_ajestas.

2028 4748 2142 4819 (70)
2167 4748 2549 4815 Κολάξοντες.
2577 4747 2843 4802 Observat
2869 4741 3189 4819 Sylburgins
3218 4758 3323 4796 non
3351 4741 3535 4819 minus

1954 4812 2241 4875 commode
2262 4820 2369 4875 dici
2395 4812 2557 4891 posée
2581 4812 2924 4883 κολάζονται.
2943 4818 3059 4882 Quo
3078 4814 3254 4885 plures
3276 4812 3535 4880 supplicio

1956 4891 2276 4944 afﬁciuntur.

1990 4892 2276 4960 (ﬁciuntur.

2030 4961 2143 5031 (7|)
2187 4963 2269 5015 οὐ
2293 4958 2475 5013 δοκεῖ.
2518 4957 2670 5014 Delet
2696 4957 3007 5031 Stephanus
3038 4955 3126 5031 οὗ,
3158 4953 3329 5031 et_s_ic
3368 4956 3534 5031 restif

1959 5021 2221 5086 tuendum
2269 5031 2416 5085 hunc
2454 5031 2632 5083 locum
2678 5021 2997 5083 existimat:
3030 5026 3157 5081 Haec
3189 5024 3433 5077 videntur
3469 5021 3537 5074 ab

1958 5101 2255 5157 hominibus
2314 5100 2475 5169 ﬁeri?
2523 5098 2759 5154 Necesse
2804 5114 2909 5152 non
2967 5098 3183 5150 videtur
3236 5093 3535 5169 quidquam

1958 5180 2194 5227 mutare.
2243 5164 2369 5225 llam
2406 5185 2627 5239 quoque
2657 5170 2710 5223 in
2742 5184 2930 5223 eorum
2965 5178 3266 5239 numerum
3288 5164 3538 5239 veniunt,

1957 5257 2079 5311 qua:
2098 5241 2296 5298 Justini
2329 5233 2613 5311 sententiis
2640 5239 2868 5311 gemelle
2890 5246 3050 5304 sunt;
3082 5234 3362 5291 simillima
3387 5233 3537 5287 enim

1955 5308 2253 5380 occurrunt
2282 5310 2434 5380 Apol.
2461 5308 2523 5370 ll.
2560 5308 2828 5380 nitrii.__10.

2026 5384 2140 5453 (72)
2180 5376 2294 5436 ’Ὧν
2317 5372 2371 5434 οἱ
2390 5380 2673 5453 μὲν-πῦρ.
2706 5376 2864 5453 Nulla
2903 5386 3021 5453 erat
3050 5376 3103 5431 in
3132 5372 3352 5453 Beureri
3388 5387 3527 5453 _a_po-

1951 5444 2162 5523 grapho
2200 5444 2414 5513 lacuna,
2443 5450 2537 5523 sed
2575 5444 2890 5523 Stephanus
2926 5448 3003 5500 ait
3044 5444 3533 5523 nonnullas-litte-

1955 5514 2125 5578 ras-in
2155 5538 2260 5578 ms.
2291 5520 2588 5590 exemplari
2619 5514 2744 5574 ante
2767 5519 3014 5590 ultimam
3051 5531 3241 5571 vocem
3272 5514 3384 5590 legi
3423 5530 3535 5590 non

1953 5594 2221 5662 potuisse.
2250 5584 2590 5662 Quapropter
2629 5591 2894 5662 scriptum
2936 5588 3109 5662 fuisse
3142 5595 3296 5658 putat
3334 5584 3392 5642 ei.
3434 5584 3535 5658 μέν

1950 5657 2114 5730 τινες.
2142 5657 2604 5735 Μοίὸῑὲριιὰηιιε
2633 5657 2766 5735 legit
2790 5659 3033 5718 δύναιντ’
3053 5657 3140 5714 ἄν.
