3992 6148
480 279 624 357 me

1647 302 1955 379 ANQNYMI
2005 303 2146 361 vnn
2185 303 2590 366 APOSTOLICI

3599 287 3726 374 itSo

478 418 560 474 dit
604 417 806 488 ipsum,
830 433 1007 488 neque
1051 417 1292 488 aliquam
1337 385 1510 489 ipsius
1542 421 1794 476 notitiam
1836 422 2052 491 habuit;

2162 418 2191 497 ᾖ
2403 429 2534 482 Θεὸν
2578 429 2702 483 ἰδεῖν
2752 430 3198 502 συγκεχώρηται·
3242 431 3272 484 ὁ
3314 432 3423 505 γὰρ
3462 433 3728 508 Δεσπότης

478 511 575 566 sed
628 509 744 582 ipse
801 511 1044 580 seipsum
1108 511 1366 567 ostendit.
1428 512 1677 570 Ostendit
1722 524 1902 571 autem
1960 532 2055 586 per

480 601 664 666 fidem,
701 601 790 658 cui
817 601 918 657 soli
951 601 1120 656 Deum
1167 601 1350 657 videre
1395 618 1718 658 concessum
1760 615 1872 672 est,
1927 621 2052 660 nam

478 693 748 748 Dominus
777 702 833 750 et
859 692 1042 764 opifex
1086 695 1335 748 omnium
1368 693 1535 762 Deus,
1574 696 1668 766 qui
1700 696 1885 752 omnia
1927 696 2057 754 fecit

477 794 532 838 et
549 800 647 840 suo
666 801 894 856 qumque
913 775 1106 840 ordine
1127 785 1416 855 disposuit,
1439 801 1543 840 non
1570 787 1746 842 solum
1771 789 2052 845 hominum

477 887 712 944 amator,
760 876 854 932 sed
893 878 1103 947 patiens
1135 877 1298 932 etiam
1345 876 1464 932 fuit.
1530 877 1634 933 Sed
1668 879 1757 934 hic
1789 879 1894 936 fuit
1930 882 2054 952 qni-

476 968 601 1024 dem
632 985 848 1040 semper
882 971 1030 1035 talis,
1065 978 1280 1040 estque,
1323 979 1378 1026 et
1416 972 1541 1038 erit,
1570 971 1842 1043 benignus
1879 983 1935 1030 et
1959 975 2056 1030 bo-

477 1075 605 1128 nus,
659 1070 715 1115 et
759 1060 854 1115 ira:
882 1077 1111 1132 expers,
1157 1078 1222 1118 ac
1265 1078 1474 1128 verax,
1526 1069 1582 1119 et
1639 1064 1791 1119 solus
1843 1065 2051 1134 bonus;

477 1149 734 1220 concepit
775 1159 958 1205 autem
997 1161 1177 1206 mente
1229 1153 1436 1223 aliquid
1476 1168 1736 1224 magnum
1770 1162 1824 1208 et
1863 1153 2056 1208 ineffa-

475 1244 606 1310 bile,
636 1243 703 1299 de
733 1259 843 1315 quo
877 1261 999 1301 cum
1027 1247 1149 1301 solo
1186 1245 1326 1302 Filio
1368 1248 1816 1303 communicavit.
1864 1246 2053 1316 Quan-

475 1337 570 1392 diu
615 1336 783 1408 igitur
825 1353 986 1392 suum
1046 1341 1289 1410 prudens
1348 1341 1643 1396 consilium
1690 1341 1746 1396 in
1791 1335 2055 1426 mysterio

476 1426 771 1493 retinebat,
803 1430 1072 1500 neglectui
1117 1445 1218 1486 nos
1255 1431 1482 1498 habere,
1519 1431 1838 1502 nullamque
1879 1429 2053 1488 nostri

474 1535 664 1578 curam
704 1537 892 1592 gerere
920 1521 1236 1590 videbatur;
1264 1533 1320 1577 at
1343 1533 1633 1594 postquam
1667 1539 1764 1594 per
1793 1523 2052 1580 dilectum

478 1608 680 1666 Filium
739 1612 1002 1667 revelavit
1059 1621 1114 1668 et
1163 1611 1422 1683 patefecit
1474 1629 1597 1684 quae
1635 1613 1751 1683 jam
1806 1614 1932 1670 inde
1983 1611 2052 1670 ab

477 1700 638 1757 initio
705 1711 866 1758 erant
928 1714 1276 1774 prazparata,
1341 1705 1526 1760 omnia
1593 1705 1759 1760 simul
1821 1706 2054 1776 praebuit

2157 519 2248 572 καὶ
2282 520 2610 592 δημιουργὸς
2646 519 2757 574 τῶν
2791 521 2928 576 ὅλων
2953 523 3104 589 Θεὸς,
3142 527 3170 578 ὁ
3197 527 3429 596 ποιήσας
3463 525 3531 579 τὰ
3564 528 3729 581 πάντα

2156 611 2250 664 καὶ
2294 611 2436 665 κατά
2472 611 2623 680 τάξιν
2675 612 2991 685 διακρίνας,
3045 615 3106 668 οὺ
3151 615 3310 688 μόνον
3359 616 3729 688 φιλάνθρωπος

2155 703 2388 773 ἐγένετο,
2437 702 2572 758 ἀλλά
2617 706 2712 757 καί¹
2761 706 3128 778 μακρόθυμος.
3183 706 3322 760 Ἀλλ’
3358 703 3510 773 οὗτος
3540 705 3608 780 ἦν
3639 708 3731 780 μὲν

2155 796 2243 850 ἀεὶ
2280 797 2540 863 τοιοῦτος,
2568 799 2666 852 καὶ
2697 797 2834 862 ἐστι,
2866 799 2960 852 καὶ
3001 798 3154 852 ἔσται
3173 839 3188 862 ,
3214 798 3447 871 χρηστὸς
3481 800 3576 852 καὶ
3604 801 3733 867 ἁγα-

2157 887 2249 953 θδς
2277 887 2388 962 (75)
2413 891 2505 944 καὶ
2542 891 2812 964 ἀόργητος
2837 893 2930 944 καὶ
2952 892 3158 964 ἀληθής
3177 911 3188 922 ·
3229 892 3323 946 καὶ
3353 893 3511 963 μόνος
3535 891 3732 962 ἀγαθός

2156 982 2303 1035 ἐστιν
2329 999 2344 1015 ο
2387 985 2644 1056 ἐννοήσας
2683 985 2740 1039 δὲ
2781 982 3024 1056 μεγάλην
3064 987 3158 1038 καὶ
3193 986 3468 1057 ἄφραστον
3508 983 3730 1049 ἔννοιαν,

2155 1075 2223 1147 ἢν
2255 1075 2580 1130 ἐκοινώσατο
2613 1077 2756 1148 μόνῳ
2785 1077 2862 1148 τῷ
2895 1077 3060 1132 παιδί.
3109 1078 3194 1131 Ἐν
3224 1078 3333 1148 ὅσῳ
3361 1077 3456 1149 μὲν
3489 1072 3582 1132 οῦν
3604 1095 3732 1130 κατ-

2155 1172 2300 1241 εἶχεν
2352 1171 2411 1223 ἐν
2468 1171 2753 1242 μυστηρίῳ
2792 1171 2886 1224 καὶ
2933 1170 3166 1243 διετήρει
3207 1171 3304 1243 τὴν
3351 1168 3520 1241 σοφὴν
3571 1169 3732 1224 αὐτοῦ

2157 1260 2373 1331 βουλὴν,
2417 1261 2640 1332 ἀμελεῖν
2671 1262 2828 1334 ἡμῶν
2855 1263 2948 1316 καὶ
2973 1263 3350 1334 ἀφροντιστεῖν
3386 1261 3587 1315 ἐδόκει”
3617 1263 3734 1315 ἐπεὶ

2154 1351 2210 1404 δέ
2250 1353 2565 1422 ἀπεκάλυψε
2607 1353 2719 1426 (74)
2769 1353 2859 1408 διὰ
2895 1353 2988 1407 τοῦ
3036 1352 3319 1426 ἀγαπητοῦ
3375 1353 3598 1418 παιδὸς,
3645 1355 3734 1409 καὶ

2155 1441 2471 1515 ἐφανέρωσε
2508 1444 2578 1498 τὰ
2623 1443 2683 1510 ἐξ
2729 1444 2902 1516 ἀρχῆς
2951 1444 3355 1517 ήτοιμασμένα,
3415 1444 3574 1498 πάνθ’
3623 1445 3735 1516 ἅμα

2155 1535 2432 1607 παρέσχεν
2479 1540 2633 1610 ἡμῖν,
2673 1539 2766 1591 καὶ
2813 1541 3101 1609 μετασχεῖν
3165 1537 3494 1609 εὐεργεσιῶν
3543 1537 3729 1600 αὑτοῦ,

2156 1625 2250 1676 καὶ
2285 1625 2411 1678 ἰδεῖν
2692 1628 2843 1698 ἧσαι.
2873 1627 2968 1690 Τίς
2999 1627 3064 1681 ἂν
3088 1626 3303 1681 πώποτε
3337 1627 3732 1699 προσεδόκησεν

2152 1713 2312 1786 ήμῶν
2339 1731 2354 1780 ;
2394 1715 2560 1769 Πάντ’
2593 1712 2686 1772 οῦν
2714 1712 2828 1790 ᾕδεί
2856 1715 2984 1788 παρ’
3015 1715 3190 1788 ἐαυτῷ
3221 1717 3317 1770 σὺν
3355 1715 3434 1788 τῷ
3474 1717 3627 1770 παιδὶ
3660 1717 3732 1769 οξ-

474 1795 636 1850 nobis
678 1813 692 1851 :
738 1805 792 1851 et
849 1795 957 1852 frui
1011 1798 1130 1854 suis
1182 1797 1504 1864 beneﬁciis,
1556 1808 1609 1854 et
1663 1798 1865 1854 videre.
1916 1799 2048 1866 Quae

2162 1809 2475 1880 ιιονομικῶς.

474 1889 732 1966 quisnam
789 1902 1042 1947 nostrum
1093 1891 1571 1962 exspectavisset?
1643 1890 1840 1947 Omnia
1889 1891 2056 1966 igitur
2117 1901 2262 1969 apud
2326 1917 2386 1957 se
2462 1899 2679 1958 'sciebat
2731 1913 2842 1958 una
2892 1916 3018 1956 cum
3063 1899 3224 1972 Filio,
3268 1903 3606 1961 teconomica
3642 1909 3733 1958 sua

475 1985 730 2041 scientia.

477 2132 608 2189 CAP.
658 2133 749 2190 lX.
803 2133 984 2192 Filius
1034 2155 1149 2193 sero
1201 2139 1418 2206 missus,
1449 2139 1577 2209 quia
1609 2139 1879 2224 oportebat
1913 2149 1972 2195 ut
2022 2139 2260 2224 homines
2303 2140 2640 2224 effeceritis
2671 2141 2788 2222 suis
2827 2152 3190 2211 cognoscerent
3229 2158 3284 2197 ee
3337 2142 3448 2197 vita
3493 2142 3735 2214 indignos

1308 2226 1421 2264 esse
1459 2208 1479 2264 ὲ
1511 2227 1604 2266 nec
1633 2208 1688 2266 in
1705 2214 1814 2270 alio
1839 2227 2000 2282 quam
2031 2211 2087 2265 in
2121 2208 2268 2266 Filio
2307 2211 2404 2266 Dei
2423 2211 2722 2282 justi/ictui
2749 2208 2920 2277 posse}

544 2358 816 2416 Caeterum
863 2377 1038 2432 usque
1086 2360 1153 2418 ad
1199 2362 1454 2434 superius
1502 2371 1721 2434 tempus
1772 2363 1917 2418 sivit.
1947 2378 2054 2421 nos

473 2469 577 2525 pro
627 2454 784 2509 libito
829 2455 1054 2512 incertis
1101 2456 1345 2513 motibus
1384 2457 1603 2529 agitari,
1650 2457 1781 2512 dum
1832 2472 1864 2511 a
1899 2457 2056 2512 volu-

474 2548 717 2620 ptatibus
775 2557 832 2604 et
882 2548 1280 2620 cupiditatibus
1345 2550 1645 2606 transversi
1701 2566 2054 2622 raperemur;

475 2656 586 2695 non
613 2641 834 2710 quidem
867 2642 1014 2712 quod
1054 2642 1166 2698 ullo
1212 2642 1377 2697 modo
1414 2643 1654 2713 peccatis
1686 2642 1892 2697 nostris
1921 2658 2057 2713 gau-

474 2731 652 2795 deret,
691 2731 789 2787 sed
827 2747 892 2788 ea
924 2732 1196 2798 tolerans;
1245 2748 1424 2802 neque
1465 2732 1596 2788 illud
1640 2748 1750 2802 quo
1790 2722 2055 2797 iniustitia

474 2829 833 2879 exercebatur
877 2832 1092 2892 tempus
1142 2824 1488 2894 approbans,
1541 2825 1633 2879 sed
1675 2833 1913 2878 mentem
1960 2823 2055 2894 ju—

474 2916 640 2973 stitia:
681 2931 917 2979 creans:
952 2928 1011 2971 ut
1047 2933 1173 2974 cum
1220 2933 1286 2972 eo
1326 2927 1588 2987 tempore.
1619 2914 1863 2970 convicti.
1905 2931 2058 2970 esse-

2225 2364 2405 2434 Μέχρι
2457 2363 2557 2435 μέν
2593 2360 2687 2418 οῦν
2725 2363 2820 2417 τοῦ
2860 2365 3092 2438 πρόσθεν
3131 2363 3320 2436 χρόνου
3371 2364 3554 2421 εἴασεν
3595 2370 3739 2440 ἡμᾶς

2157 2454 2235 2528 ὡς
2272 2453 2603 2526 ἐϐουλόμεθα
2654 2454 2910 2519 ἀτάκτοις
2953 2457 3148 2528 φοραῖς
3183 2455 3480 2527 φέρεσθαι,
3528 2455 3738 2529 ἡδοναῖς

2159 2547 2250 2600 καὶ
2289 2544 2603 2617 ἐπιθυμίαις
2655 2545 2991 2617 ἀγομένουςο
3047 2547 3106 2599 οὐ
3149 2547 3364 2610 πάντως
3410 2549 3739 2620 ἐφηδόμενος

2155 2639 2268 2700 τοῖς
2314 2637 2706 2707 ἁμαρτήμασιν
2741 2636 2918 2708 ἡμῶν,
2958 2637 3075 2691 ἀλλ’
3102 2637 3458 2711 ἀνεχόμενοςο
3501 2641 3628 2695 οὐδὲ
3668 2641 3740 2712 τῷ

2155 2728 2278 2781 τότε
2320 2727 2422 2798 τῆς
2452 2727 2663 2792 ἀδικίας
2705 2729 2883 2801 καιρῴ
2913 2730 3271 2795 συνευδοκῶν,
3313 2730 3448 2785 ἀλλά
3488 2733 3584 2785 τὸν
3623 2733 3740 2788 νοῦν

2153 2819 2255 2889 τῆς
2268 2818 2611 2890 δικαιοσύνης
2630 2820 2975 2892 δημιουργῶν
2993 2821 3125 2895 (76)°
3142 2823 3228 2876 ἵνα
3248 2825 3305 2876 ἐν
3327 2823 3405 2894 τῷ
3425 2823 3548 2878 τότε
3573 2825 3741 2897 χρόνῳ

2155 2910 2503 2985 ἐλεγχθέντες
2545 2913 2610 2965 ἐκ
2648 2911 2756 2965 τῶν
2799 2913 2943 2967 ἰδίων
2987 2914 3163 2987 ἔργων
3194 2915 3402 2983 ἀνάξιοι
3440 2915 3612 2988 ζωῆς,
3653 2917 3740 2971 νῦν

477 3021 602 3061 mus
645 3022 676 3062 e
709 3006 946 3076 propriis
991 3006 1271 3076 operibus,
1313 3005 1426 3060 vita
1464 3019 1586 3060 esse
1633 3002 1862 3073 indigni,
1909 3017 2056 3057 nunc

2162 3002 2265 3056 ὑπὸ
2306 3003 2406 3073 τῆς
2438 3001 2533 3055 τοῦ
2573 3002 2708 3057 Θεοῦ
2750 3004 3121 3078 χρηστότητος
3156 3003 3511 3078 ἀξιωθῶμεν·
3561 3008 3655 3062 καί
3686 3008 3741 3060 τὸ

478 3099 575 3154 Dei
607 3100 918 3170 benignitas
947 3114 1047 3154 nos
1080 3115 1145 3154 ea
1168 3098 1526 3169 dignaretur;
1565 3105 1621 3151 et
1643 3111 1769 3150 cum
1818 3093 2054 3150 manife-

479 3203 630 3245 stum
666 3191 1010 3258 fecissemus,
1053 3204 1162 3244 non
1211 3203 1374 3259 posse
1411 3203 1477 3243 ex
1515 3202 1583 3243 eo
1619 3185 1770 3256 quod
1809 3185 1874 3240 in.
1895 3185 2055 3242 nobis

475 3283 645 3337 situm
674 3291 760 3338 est
806 3299 1034 3354 regnum
1069 3281 1164 3336 Dei
1208 3281 1440 3351 ingredi,
1491 3297 1588 3351 per
1636 3279 1934 3351 potentiam
1958 3277 2054 3333 Dei

479 3373 642 3428 nobis
688 3373 739 3428 id
785 3387 949 3443 posse
995 3372 1239 3426 daretur.
1287 3368 1425 3424 Cum
1469 3378 1650 3424 autem
1673 3365 1744 3422 ad
1771 3364 2053 3421 cumulum

475 3464 684 3518 malitia
740 3471 929 3517 nostra
984 3461 1345 3531 pervenisset,
1393 3467 1450 3514 et
1491 3459 1650 3530 plene
1701 3455 2054 3513 manifestum

475 3556 682 3611 factum
732 3555 895 3618 foret,
932 3553 1241 3617 mercedem
1293 3552 1504 3622 peccati
1547 3566 1670 3608 esse
1703 3548 2053 3620 supplicium,

475 3660 530 3705 et
567 3665 717 3705 mors
762 3655 1175 3719 exspectaretur
1217 3665 1232 3701 :
1283 3646 1708 3715 advenissetque
1759 3651 1978 3713 tempus
2023 3655 2055 3696 a

478 3742 589 3797 Deo
627 3741 995 3812 praestitutum
1035 3739 1101 3794 ad
1151 3753 1308 3795 suam
1355 3738 1612 3809 deinceps
1662 3735 2054 3808 benignitatem

477 3851 544 3890 ac
581 3833 878 3904 potentiam
926 3831 1310 3888 declarandam
1337 3873 1353 3897 ,
1393 3839 1450 3886 et
1483 3827 1763 3902 quomodo
1799 3843 1912 3899 pra:
1951 3827 2057 3881 im-

478 3942 670 3982 menso
701 3941 811 3996 quo
844 3925 1093 3980 homines
1139 3923 1493 3996 prosequitur
1544 3937 1754 3986 amore,
1789 3935 1894 3976 nos
1927 3919 2056 3976 odio

479 4033 590 4073 non
623 4017 896 4084 habuerit,
935 4033 1110 4088 neque
1154 4017 1430 4088 rejecerit,
1472 4030 1650 4086 neque
1690 4013 2057 4084 improbitatis

479 4117 682 4164 nostra:
711 4124 1005 4165 memorem
1038 4123 1096 4164 se
1124 4109 1446 4175 ostenderit,
1478 4108 1572 4162 sed
1611 4106 1889 4177 patienter
1929 4119 2053 4159 eam

482 4201 665 4256 tulerit
692 4216 756 4256 ac
784 4201 1140 4267 sustinuerit;
1173 4199 1289 4272 ipse
1318 4207 1542 4270 peccata
1575 4208 1763 4252 nostra
1793 4194 2052 4266 suscepit,

479 4291 763 4363 pr0prium
809 4292 924 4362 ipse
955 4291 1155 4345 Filium
1210 4291 1445 4361 pretium
1508 4285 1904 4358 redemptionis
1955 4301 2057 4356 pro

2153 3094 2275 3150 καθ’
2307 3094 2535 3156 ἑαυτοὺς
2579 3093 2995 3167 φανερώσαντες
3041 3097 3302 3151 ἀδύνατον
3351 3097 3622 3153 εἰσελθεῖν
3666 3100 3740 3162 εἰς

2151 3187 2250 3260 τὴν
2281 3186 2558 3260 βασιλείαν
2599 3185 2708 3241 τοῦ·
2730 3185 2888 3252 Θεοῦ,
2915 3190 2983 3260 τῇ
3018 3188 3244 3261 δυνάμει
3287 3187 3382 3242 τοῦ
3410 3189 3550 3244 Θεοῦ
3585 3191 3742 3246 δυνα-

2151 3280 2236 3332 τοὶ
2263 3279 2604 3352 γενηθῶμεν.
2663 3280 2816 3334 Ἐπεὶ
2839 3280 2898 3334 δὲ
2927 3280 3256 3354 πεπλήρωτο
3281 3282 3380 3354 μὲν
3422 3284 3455 3354 ἠ
3496 3284 3743 3357 ἡμετέρα

2152 3370 2356 3436 ἀδικία,
2389 3372 2483 3424 καὶ
2510 3371 2736 3436 τελείως
2763 3372 3117 3443 πεφανέρωτο
3139 3374 3218 3426 ὅτι
3239 3375 3266 3428 ὁ
3295 3373 3488 3444 μισθὸς
3515 3376 3739 3448 (77).....

2153 3463 2394 3528 κόλασις,
2416 3465 2511 3518 καὶ
2543 3463 2772 3528 θάνατος
2805 3467 3203 3537 προσεδοκᾶτο’
3233 3462 3364 3538 ἦλθε
3401 3467 3459 3521 δὲ
3503 3469 3534 3520 ὁ
3559 3467 3743 3540 καιρὸς

2153 3555 2215 3609 δν
2235 3555 2368 3620 Θεὸς
2404 3556 2668 3628 προέθετο
2693 3556 2878 3610 λοιπὸν
2912 3559 3223 3632 φανερῶσαι
3251 3561 3352 3632 τὴν
3376 3561 3578 3614 ἐαυτοῦ
3615 3579 3743 3632 χρη-

2157 3645 2390 3716 στότητα
2418 3647 2512 3700 καὶ
2549 3647 2800 3718 δύναμιν,
2831 3650 2988 3714 ὡς...
3031 3651 3478 3724 ὑπερϐαλλούσης
3507 3650 3626 3724 (78)
3659 3670 3744 3722 φι-

2149 3739 2510 3812 λανθρωπίας
2537 3741 2638 3812 μία
2665 3741 2969 3813 ἀγάπη.....
2994 3743 3095 3796 οὐκ
3126 3743 3391 3815 ἐμίσησεν
3415 3743 3590 3814 ἡμᾶς,
3628 3743 3745 3796 οὐδὲ

2156 3831 2436 3896 ἀπώσατο,
2454 3832 2575 3886 ούδέ
2596 3833 2620 3885 ἐ
2628 3851 2733 3905 μνη
2742 3834 2940 3906 σικάκη
2949 3852 3058 3889 σεν.
3091 3835 3249 3888 Ἀλλά
3264 3835 3546 3908 ἐμακροθύ
3555 3853 3745 3908 μησεν,

2155 3924 2433 3995 ἠνέσχετο,
2461 3923 2635 3993 λέγων
2672 3925 2834 3990 αὐτὸς
2858 3923 2992 4000 (79),
3025 3926 3124 3990 τὰς
3160 3927 3436 4000 ἡμετέρας
3469 3926 3749 4000 ἁμαρτίας

2156 4016 2438 4082 ἀνεδέξατο
2455 4033 2469 4048 ο
2497 4017 2662 4082 αὐτὸς
2687 4017 2779 4073 τὸν
2812 4017 2943 4073 ἴδιον
2975 4019 3102 4073 Υίδν
3131 4018 3359 4072 ἀπέδοτο
3386 4018 3588 4092 λύτρον
3611 4019 3750 4092 ὑπὲρ

2157 4106 2336 4178 ήμῶν,
2371 4107 2462 4160 τὸν
2490 4105 2646 4175 ἀγιον
2673 4107 2813 4180 ὑπὲρ
2836 4108 3072 4180 ἀνόμων,
3098 4109 3193 4161 τὸν
3220 4110 3430 4163 ἄκακον
3465 4109 3618 4181 ὑπὲρ
3646 4107 3752 4160 τῶν

2157 4199 2363 4266 κακῶν,
2387 4200 2480 4254 τὸν
2503 4199 2709 4254 δίκαιον
2747 4199 2890 4272 ὑπὲρ
2934 4199 3042 4254 τῶν
3085 4201 3308 4266 ἀδίκων,
3353 4200 3448 4255 τὸν
3473 4201 3752 4272 ἄφθαρτον

2159 4292 2302 4364 ὑπὲρ
2329 4291 2440 4345 τῶν
2481 4291 2758 4365 φθαρτῶν,
2784 4292 2877 4346 τὸν
2901 4291 3170 4347 ἀθάνατον
3204 4293 3346 4368 ὑπὲρ
3378 4293 3488 4346 τῶν
3517 4292 3749 4366 θνητῶν.

479 4384 639 4440 nobis
669 4383 836 4450 dedit,
868 4393 1118 4440 sanctum
1157 4397 1256 4454 pro
1281 4381 1348 4439 iis
1368 4381 1463 4454 qui
1505 4381 1678 4452 legem
1727 4377 2052 4449 transgressi

2162 4382 2225 4435 Τί
2249 4381 2358 4456 γὰρ
2390 4381 2518 4436 ἄλλο
2543 4381 2641 4446 τὰς
2667 4382 2958 4454 ,ἁμαρτίας
2989 4383 3145 4455 ήμῶν
3179 4383 3420 4455 ἠδυνήθη
3449 4383 3695 4453 καλύψαι
3719 4379 3752 4450 ἢ

553 4521 668 4591 (75)
706 4523 816 4576 Kal
841 4522 1082 4593 ἁγαθός.
1133 4519 1244 4576 Has
1276 4536 1444 4593 voces
1473 4518 1869 4593 expungendas
1901 4526 2060 4593 putat

481 4589 816 4663 Stephanus,
860 4589 991 4663 quia
1049 4607 1178 4646 mox
1219 4592 1468 4661 sequitur
1510 4589 1607 4646 καὶ
1644 4589 1803 4662 μόνος
1830 4589 2056 4659 ἀγαθός,

480 4662 598 4724 sed,
631 4671 693 4716 ut
728 4662 981 4717 observat
1017 4663 1360 4732 Sylburgius,
1396 4663 1532 4732 nihil
1567 4663 1911 4717 mutandum.

552 4733 666 4802 (74)
704 4734 865 4787 Ἐπεὶ
893 4731 960 4786 δὲ
983 4731 1362 4804 ἀπεκάλυψε.
1409 4731 1451 4785 Ε
1474 4733 1697 4804 regione
1717 4735 2059 4804 liorumgver-

479 4801 673 4858 borum
717 4804 1014 4874 ascriptum
1051 4813 1170 4874 erat
1209 4801 1281 4857 ad
1316 4801 1618 4874 marginem
1684 4819 1790 4858 ms.
1815 4802 2056 4874 codicis:

483 4875 606 4958 ξΟτι
637 4872 941 4958 ἐκρύπτετο
975 4873 1258 4958 τοσούτους
1287 4872 1509 4958 χρόνους
1542 4874 1603 4927 τὸ
1639 4873 2059 4958 μυστηήριονίτῆς

479 4945 645 5070 ἐξίας
673 4943 901 5016 Τριάδος
939 4944 1101 5017 μέχρι
1141 4943 1237 4998 τοῦ
1285 4943 1662 5017 βαπτίσματος
1696 4943 1884 4998 τοῦέν
1924 4943 2058 5015 ἰορ-

553 5029 638 5070 νη.

707 5085 818 5140 Kal
849 5083 1015 5159 ἰδεῖν.
1048 5084 1322 5159 Bcurerus
1352 5087 1478 5157 legit
1523 5087 1776 5159 ἰδεῖνῌκαὶ
1811 5085 2056 5159 ποιῆσαι.

481 5154 676 5228 Melius
711 5171 834 5212 cum
862 5156 1153 5228 Sylburgio
1183 5154 1426 5227 legemus
1452 5157 1806 5227 κατανοῆσαι.
1855 5154 2058 5228 Ibidem

482 5226 707 5300 Bcureri
744 5225 1130 5300 apographum
1178 5225 1505 5300 προσεδόκα,
1530 5240 1585 5284 et
1612 5225 1739 5284 mOx
1765 5225 2061 5298 ἐπιθυμίας

481 5297 682 5369 ἀταλλο
689 5297 906 5369 μένους.

535 5368 700 5453 ,(Ἱ6)η⁷
723 5369 1040 5453 ’ᾼλλὰιτὸν
1065 5369 1350 5453 τοῦκτῆς
1369 5369 1759 5453 δικαιρσύνῃς
1783 5370 2062 5438 (inpraep-

484 5438 627 5520 τῶν.
653 5438 760 5494 Sed
795 5449 1018 5495 mentem
1052 5442 1286 5510 justitiae
1305 5458 1509 5496 ereum.
1533 5440 1588 5496 Id
1619 5449 1722 5506 est,
1747 5454 2063 5522 praeparans

489 5510 638 5564 Illam
667 5511 962 5580 justitiam,
1001 5528 1125 5582 quae
1166 5528 1274 5565 non
1315 5513 1497 5567 littera
1528 5511 1622 5566 sed
1653 5512 1846 5578 spiritu
1886 5512 2063 5566 conti-

489 5588 671 5651 iretur,
721 5595 954 5651 quisque
997 5592 1083 5637 est
1120 5582 1342 5651 justitia
1373 5583 1470 5636 Dei
1519 5583 1602 5651 (ut
1643 5582 1722 5636 ait
1766 5582 2091 5650 Apostolus-

1141 5652 1258 5704 dem
1285 5651 1440 5709 ,Ιϐη-
1463 5651 1666 5708 Christi
1703 5652 1759 5704 in
1800 5667 1976 5707 omnes
2011 5665 2062 5710 et

941 5723 1032 5776 aui
1104 5722 1322 5778 credunt
1389 5724 1444 5777 in
1512 5739 1651 5780 eum.
1729 5721 1939 5779 Manu.
2007 5725 2063 5782 in

493 5649 651 5702 Rom.
699 5649 782 5713 ni,
823 5650 918 5720 22)
942 5705 945 5708 .
966 5669 1059 5720 per

488 5733 882 5844 εἶιὲιιὶνηάοηυιεε

496 5813 516 5840 ι
615 5805 640 5843 t.’
721 5829 734 5843 ο

496 5805 734 5843 aaucna.

2245 4517 2356 4591 (.77)
2393 4521 2642 4591 Μισθός.
2704 4519 2871 4574 Addit
2909 4517 3232 4591 Stephanus
3257 4517 3382 4591 Δ’τῆς
3433 4519 3752 4591 ἁμαρτίας,

2158 4587 2262 4642 sed
2306 4587 2503 4661 melius
2553 4590 2980 4661 inrapograplio
3020 4587 3267 4661 ’Bcureri
3322 4587 3516 4660 μισθδς
3565 4587 3753 4661 ἀὐτῆς

2159 4674 2355 4741 nempe
2385 4659 2713 4741 iniustitia,
2761 4661 2829 4715 de
2860 4659 2972 4730 qua
3021 4659 3186 4730 paulo
3235 4669 3360 4714 ante
3409 4661 3639 4716 locutus
3675 4659 3753 4716 εει

2159 4727 2357 4784 auctor
2380 4727 2660 4797 Epistolas.

2232 4799 2503 4871 (78)_'ﬂg.
2547 4839 2563 4854 .
2596 4837 2613 4854 .
2643 4841 2660 4856 .
2688 4802 3215 4871 ὑπερϐαλλούσης.
3247 4799 3403 4870 Legit
3435 4798 3752 4871 Stephanus

2159 4868 2235 4932 ὡς
2284 4868 2388 4922 ὑπὸ
2417 4869 2517 4939 τῆς
2546 4868 2992 4952 ὑπερϐαλλούσης
3026 4868 3435 4994 φιλανθρωπίας
3485 4868 3590 4925 κάι
3634 4875 3752 4942 ἀγάσ

2162 4956 2292 4994 rma.
2319 4939 2515 4994 melius
2538 4957 2704 4994 auam
2739 4940 2957 4994 Beureri
2975 4957 3214 4994 anoerao
3257 4957 3350 4994 on.
3371 4941 3448 4994 ὡς
3461 4941 3572 4994 τῆς
3593 4945 3752 4994 ὑπεο·

2162 4956 2292 5062 πηξ,
2319 4939 2515 4996 melius
2538 4939 2704 5063 ranam
2739 4939 2957 4995 Beureri
2975 4939 3350 5046 apographon,
3371 4941 3448 5021 ὡς
3461 4941 3572 5011 τῆς
3593 4939 3752 5024 ῥπέρ.

2161 5009 2462 5082 βαλούσης
2498 5029 2560 5082 Si"
2597 5011 2912 5082 ανθρωπίας
2963 5028 3059 5082 μ·α
3104 5011 3294 5082 αγάπτι
3341 5027 3438 5082 Ϊεου
3482 5012 3630 5082 Θεου
3658 5017 3752 5068 οὐκ

2161 5079 2446 5156 ἐμίσησεντ
2497 5079 2754 5156 Libenter
2815 5079 3049 5153 legerem
3092 5080 3138 5136 ὣ
3181 5079 3641 5156 ὑπερϐαλλούσης
3680 5103 3753 5153 φιν

2165 5149 2294 5224 λανθ
2305 5149 2516 5224 ρωπίας
2543 5151 2862 5224 οίαᾲᾷγάπη.

2235 5220 2349 5290 (79)
2379 5221 2602 5291 Λέγων.
2630 5220 2856 5277 Videtur
2883 5222 2988 5277 hoc
3017 5221 3250 5291 verbum
3297 5223 3550 5278 additum
3586 5225 3751 5280 fuisse

2162 5290 2233 5345 ab
2287 5290 2476 5362 aliqro
2517 5293 2864 5347 existimante
2909 5293 3071 5346 verba
3114 5290 3266 5362 Isaia;
3302 5294 3462 5347 citari
3509 5310 3582 5349 ex
3632 5309 3748 5362 cap.

2171 5374 2294 5436 bili:
2326 5360 2432 5417 Sed
2463 5362 2815 5436 manifestum
2844 5373 2927 5418 est
2955 5377 3064 5417 non
3101 5363 3169 5436 de
3196 5361 3335 5417 Filio
3382 5365 3479 5436 hic
3509 5366 3624 5436 agi,
3661 5360 3751 5419 sed

2163 5430 2232 5485 de
2260 5430 2440 5504 Patre,
2473 5435 2566 5502 qui
2613 5442 2841 5504 peccata
2877 5443 3066 5504 nostra
3108 5433 3229 5504 ipse,
3266 5430 3589 5504 suscepisse
3612 5430 3751 5489 fdici-

2162 5509 2276 5567 tur,
2296 5503 2490 5574 Διι-ιλίῃυε
2513 5511 2767 5558 accurate
2791 5503 2847 5557 id
2871 5503 3117 5574 quidem.
3141 5503 3234 5574 sed
3251 5503 3441 5574 tamen
3461 5520 3535 5559 eo
3563 5518 3750 5566 sensu.

2163 5571 2310 5644 quod
2332 5569 2528 5629 Filium
2561 5589 2730 5644 suum
2769 5587 2869 5644 pro
2889 5569 3058 5629 'nobis
3089 5573 3357 5629 tradendo
3383 5615 3398 5640 ,
3443 5573 3571 5644 ipse
3593 5573 3753 5630 nobis

2162 5642 2443 5699 victimam
2507 5642 2874 5716 suppeditavit
2902 5659 3009 5715 qua
3055 5652 3277 5714 peccata
3326 5642 3518 5701 nostra
3563 5646 3752 5717 expia.

2164 5721 2374 5769 rentur.
3525 5763 3530 5765 _
