3958 6132
270 321 405 378 “8!

1317 316 1656 374 EPISTOLA
1693 317 1785 375 AD
1839 313 2266 373 DIOGNETUM.

3394 306 3538 364 “82

268 431 479 486 ἐκείνου
503 430 854 502 δικαιοσύνης
893 429 954 486 ἐν
975 431 1082 485 τίνι
1109 430 1466 504 δικαιωθῆναι
1490 431 1602 502 (80)
1633 431 1848 486 δυνατὸν

1958 439 2146 497 erant;
2199 425 2337 483 nihil
2387 425 2572 482 minus
2614 439 2782 496 quam
2827 423 3034 480 malum
3078 435 3180 496 pro
3209 422 3402 492 malis,
3434 422 3531 493 juo

269 525 396 589 τοὺς
437 524 669 596 ἀνόμους
712 525 859 595 ἡμᾶς
887 523 983 578 καὶ
1013 524 1250 590 ἀσεϐεῖς,
1293 523 1411 596 ἢέν
1448 524 1594 596 μόνῳ
1619 522 1698 595 τῷ
1735 523 1849 596 Υἱῷ

268 613 365 669 τοῦ
393 613 564 679 Θεοῦς
603 612 650 667 ὣ
684 615 784 686 τῆς
802 613 1062 683 γλυκείας
1087 614 1450 686 ἀνταλλαγῆς,
1482 613 1528 667 ὦ
1561 614 1663 686 τῆς
1693 614 1848 682 ἀνεξ-

237 707 548 777 ἰχνιάστου
594 705 990 779 δημιουργίας,
1036 706 1084 761 ὢ
1132 707 1244 761 τῶν
1291 707 1719 781 ἀπροσδοκήτων
1758 708 1850 761 εὐ-

241 796 574 868 ἐργεσιῶνι
619 797 707 851 ἴνα
748 797 950 869 ἀνομία
1005 796 1106 869 μὲν
1158 797 1372 852 πολλῶν
1423 799 1483 850 ἐν
1531 797 1723 869 δικαίῳ
1766 799 1849 854 ἐνὶ

271 890 468 961 κρυϐῇ,
495 889 806 963 δικαιοσύνη
835 891 892 944 δέ
913 889 1032 954 ἐνὸς
1055 889 1282 954 πολλοὺς
1301 889 1534 961 ἀνόμους
1561 885 1846 957 δικαιώσῃ.

283 981 537 1050 Ἐλέγεας
564 979 658 1037 οὖν
686 984 745 1038 ἐν
784 983 882 1056 μὲν
905 982 984 1056 τῷ
1026 983 1261 1055 πρόσθεν
1296 983 1472 1055 χρόνῳ
1504 981 1566 1036 τὸ
1592 979 1850 1035 ἀδύνατον

267 1073 371 1145 τῆς
403 1074 676 1146 ήμετέρας
737 1074 952 1144 φύσεως
990 1077 1071 1138 εἰς
1113 1074 1176 1128 τὸ
1212 1075 1393 1145 τυχεῖν
1437 1073 1616 1145 ζωῆς,
1661 1071 1756 1126 νῦν
1789 1067 1848 1123 δὲ

267 1168 363 1222 τὸν
391 1168 615 1241 ἃοτῆρα
639 1168 816 1235 δείξας
835 1169 1099 1234 ,δυνατὸν
1125 1165 1318 1230 σώζειν
1342 1165 1442 1246 καὶ.
1471 1164 1547 1232 τὰ
1580 1164 1846 1236 ἀδύνατα,

269 1259 329 1327 ἐξ
367 1261 689 1334 ἀμφοτέρων
734 1261 1000 1334 ἐϐουλήθη
1045 1260 1323 1315 πιστεύειν
1349 1260 1495 1333 ἡμᾶς
1521 1261 1590 1331 τῇ
1629 1257 1852 1330 χρηστό-

267 1367 392 1423 τητι
430 1351 620 1417 αὐτοῦ,
645 1353 808 1408 αὐτὸν
851 1353 1103 1426 ἡγεῖσθαι
1133 1353 1336 1426 τροφέα
1358 1391 1375 1418 ,
1422 1350 1635 1423 πατέρα
1656 1389 1672 1414 ,
1718 1349 1853 1404 διδά-

269 1448 494 1512 σκαλον,
532 1447 836 1520 σύμϐουλον
861 1488 876 1514 ,
919 1449 1103 1521 ίατρὸν
1125 1486 1142 1511 ,
1181 1445 1328 1511 νοῦν,
1366 1444 1503 1515 φῶς,
1535 1443 1724 1516 τιμὴν,
1745 1442 1832 1497 δό-

266 1539 368 1605 ξαν
392 1579 408 1605 ,
446 1541 630 1612 ἰσχὺν,
668 1540 816 1615 ζωήν
836 1558 852 1574 ·
907 1542 1039 1615 περὶ
1082 1539 1348 1604 ἐνδύσεως
1394 1538 1491 1595 καὶ
1525 1538 1733 1610 τροφῆς
1774 1534 1851 1609 μὴ
1887 1587 1930 1643 Β

268 1648 340 1702 με
347 1650 401 1704 ρι
409 1635 568 1705 μνᾷν.

1953 531 2100 580 stum
2138 536 2239 593 pro
2276 519 2530 590 injustis,
2573 516 2947 588 corruptionis
3001 515 3250 573 nescium
3291 530 3394 584 pro
3432 513 3534 570 ob-

1951 613 2137 670 noxiis
2182 611 2563 681 corruptioni,
2619 608 2990 664 immortalem
3037 621 3139 676 pro
3179 605 3530 661 mortalibus.

1952 705 2094 773 Quid
2129 706 2274 761 enim
2297 704 2445 759 aliud
2467 711 2690 773 peccata
2719 710 2908 757 nostra
2941 699 3127 770 potuit
3163 707 3344 770 tegere
3365 711 3534 767 quam

1953 794 2076 865 ejus
2113 792 2364 864 justitia?
2407 793 2464 848 in
2496 806 2610 862 quo
2651 791 2764 846 alio
2791 806 2895 846 nos
2929 789 3105 860 iniqui
3139 797 3196 844 et
3236 788 3391 858 impii
3439 787 3534 857 ju-

1956 886 2184 942 stiticari
2211 900 2508 956 possumus
2534 900 2698 955 quam
2751 882 2808 937 in
2841 883 2962 940 solo
2993 881 3088 937 Dei
3117 879 3296 936 Filio?
3338 879 3383 934 Ο
3414 877 3536 947 dul-

1957 995 2075 1038 cem
2104 978 2598 1051 permutationem!
2628 992 2661 1032 ο
2689 975 3188 1048 impervestigabile
3215 971 3532 1034 artiﬁcium!

1955 1090 1990 1128 υ
2023 1070 2289 1128 beneﬁcia
2319 1061 2788 1142 exspectationem
2833 1083 3053 1124 omnem
3085 1066 3429 1138 superantia!
3477 1074 3538 1120 ut

1954 1167 2217 1238 iniquitas
2256 1159 2479 1236 quidem
2524 1165 2823 1221 multorum
2875 1163 2930 1218 in
2964 1162 3116 1232 justo
3157 1174 3269 1215 uno
3296 1159 3534 1214 abscon-

1955 1260 2139 1326 datur,
2164 1259 2379 1331 justitia
2410 1271 2591 1315 autem
2630 1258 2795 1314 unius
2853 1255 3022 1312 iaciat
3050 1263 3108 1310 ut
3144 1252 3303 1309 multi
3341 1249 3534 1332 injusti

1951 1352 2343 1424 justiﬁeentur.
2377 1351 2518 1408 Cum
2553 1351 2720 1422 igitur
2753 1348 3023 1422 superiori
3055 1356 3299 1418 tempore
3325 1340 3535 1415 (hujus)

1957 1459 2061 1498 nos
2085 1443 2212 1514 (rei)
2247 1442 2613 1510 convicisset,
2660 1458 2771 1497 non
2798 1455 2962 1512 posse
2997 1448 3242 1494 nostram
3283 1444 3535 1497 naturam

1957 1535 2126 1591 vitam
2157 1536 2448 1606 consequi,
2475 1549 2625 1590 nunc
2669 1542 2853 1588 autem
2878 1529 3226 1598 Servatorem
3268 1524 3538 1583 ostendis-

1959 1637 2065 1696 set,
2093 1629 2189 1701 qui
2229 1643 2451 1686 servare
2487 1635 2674 1699 posset
2708 1642 2775 1682 ea
2805 1626 2970 1682 etiam
3006 1639 3129 1694 qua:
3172 1619 3381 1677 servari
3427 1633 3536 1672 non

265 1733 566 1793 poterant;
612 1723 869 1795 utrinque
956 1739 1060 1780 nos
1104 1722 1426 1795 benignitati
1483 1735 1602 1777 sua:
1650 1721 1812 1776 {idem
1878 1720 2084 1777 habere
2137 1721 2337 1790 voluit,
2407 1721 2588 1793 ipsum
2660 1717 2980 1774 existimare
3023 1717 3273 1782 altorem,
3341 1728 3538 1785 paren-

268 1827 403 1883 tem,
437 1819 787 1889 magistrum,
815 1819 1217 1886 consiliarium,
1280 1815 1574 1878 medicum,
1634 1820 1897 1882 mentem,
1928 1813 2131 1884 lucem,
2182 1815 2474 1884 honorem,
2505 1812 2758 1886 gloriam,
2795 1811 2989 1879 robur,
3017 1809 3184 1866 vitam
3211 1824 3227 1861 :
3251 1807 3319 1864 de
3339 1807 3536 1879 vestitu

265 1920 324 1965 et
343 1911 492 1966 vietu
528 1913 794 1968 sollicitos
825 1927 1110 1970 nonesse.

453 2083 585 2140 Car.
620 2081 690 2138 Χ.
726 2083 997 2156 Diogneto
1028 2082 1256 2138 ostendit
1274 2091 1488 2151 auctor,
1518 2091 1642 2153 quot
1667 2089 1716 2138 et
1749 2089 1954 2156 quanta
1990 2076 2062 2134 ad
2098 2093 2218 2133 eum
2249 2086 2470 2133 ventura
2499 2075 2605 2131 sint
2640 2075 2798 2139 bona,
2827 2074 2875 2129 si
2905 2072 3062 2146 ﬁdem
3101 2071 3380 2142 suscipiat.

337 2237 561 2310 Ταύτην
604 2195 700 2290 καὶ
758 2235 823 2290 σὺ
878 2196 978 2308 τήν
1012 2235 1195 2294 πίστιν
1246 2238 1342 2294 ἐὰν
1375 2236 1548 2308 ποθῇς
1592 2233 1704 2307 (81)
1757 2234 1855 2289 και

264 2329 476 2402 λάϐῃς,
503 2328 722 2402 πρῶτον
763 2327 862 2399 μὲν
903 2328 1195 2398 ἐπίγνωσιν
1231 2328 1342 2402 (8‘2)
1373 2347 1433 2382 π.
1479 2367 1494 2382 .
1536 2367 1552 2382 .
1599 2367 1613 2381 .
1658 2366 1674 2382 .
1719 2367 1732 2380 .
1777 2366 1792 2381 .
1835 2366 1851 2381 .

273 2463 286 2476 .
329 2462 346 2477 .
395 2461 410 2477 .
447 2462 462 2476 .
509 2462 524 2476 .
570 2461 584 2476 .
630 2462 644 2476 .
691 2460 704 2476 .
749 2407 764 2475 .›
804 2423 833 2476 ὁ
871 2421 981 2495 γὰρ
1011 2421 1144 2486 Θεὸς
1182 2425 1313 2488 τοὺς
1355 2421 1679 2496 ἀνθρώπους
1711 2420 1854 2492 ἠγά-

273 2532 454 2587 πησε,
492 2514 562 2568 δι’
611 2511 709 2578 οὒς
759 2513 984 2586 ἐποίησε
1028 2513 1121 2568 τὸν
1163 2514 1408 2586 κόσμον,
1460 2507 1558 2582 ,οἷς
1617 2511 1854 2580 ὑπέταξε

267 2610 451 2663 πάντα
485 2606 556 2661 τὰ
584 2608 644 2660 ἐν
683 2646 697 2660 .
744 2646 757 2660 .
803 2645 817 2659 .
861 2644 877 2660 .
919 2645 934 2660 .
974 2600 1057 2669 οἷς
1092 2604 1270 2676 λόγιον
1298 2606 1535 2674 ἔδωκεν,
1575 2601 1659 2673 οἷς
1690 2607 1850 2662 νοῦν·

266 2695 352 2764 οἷς
406 2699 588 2770 μόνοις
623 2697 741 2768 (83)
793 2695 932 2768 πρὸς
973 2697 1135 2751 αὐτὸν
1159 2697 1292 2769 όρᾷν
1317 2696 1585 2769 ἐπέτρεψε
1611 2715 1625 2728 ·
1665 2696 1760 2762 οὓς
1788 2699 1855 2753 ἐκ

267 2789 373 2860 τῆς
410 2789 547 2854 ἰδίας
584 2789 792 2853 εἰκόνος
830 2788 1032 2842 ἔπλασε
1055 2805 1070 2820 ·
1115 2789 1254 2860 πρὸς
1299 2787 1393 2854 οὓς
1439 2788 1724 2843 ἀπέστειλε
1759 2790 1854 2844 τὸν

267 2882 402 2938 Υίὸν
441 2880 608 2938 αὐτοῦ
634 2882 727 2937 τὸν
770 2882 1035 2954 μονογενῆ
1059 2898 1072 2913 ·
1104 2875 1187 2948 οἷς
1219 2881 1318 2953 τὴν
1348 2883 1406 2936 ἐν
1436 2880 1653 2954 οὐρανῷ
1698 2882 1842 2954 βασι-

268 2969 422 3024 λείαν
455 2971 836 3042 ἐπηγγείλατο,
862 2972 957 3025 καὶ
979 2970 1139 3025 δώσει
1159 2973 1273 3036 τοῖς
1295 2973 1646 3046 ἀγαπήσασιν
1669 2972 1849 3027 αὐτόν.

281 3062 569 3131 Ἐπιγνοὺς
618 3063 696 3126 δὲ,
726 3063 871 3126 τίνος
913 3065 1018 3118 οἱει
1062 3062 1516 3138 πληρωθήσεσθαι
1561 3065 1773 3136 χαρᾶς;
1815 3063 1852 3137 ἦ

269 3151 390 3217 πῶς
412 3153 720 3225 ἀγαπήσεις
750 3152 846 3207 τὸν
871 3153 1045 3218 οὕτως
1086 3154 1558 3227 προαγαπήσαντὰ
1582 3171 1679 3220 σε;
1711 3154 1851 3222 ἀγα-

267 3247 452 3318 πήσας
483 3244 562 3311 δὲ,
602 3246 846 3318 μιμητής
873 3245 974 3318 ἔσῃ
1005 3246 1172 3301 αὐτοῦ
1201 3246 1305 3318 τῆς
1340 3246 1724 3320 χρηστότητος·
1759 3246 1853 3300 καὶ

271 3338 347 3410 μὴ
394 3337 702 3408 θαυμάσῃς,
745 3338 794 3390 εί
825 3337 1051 3392 δύναται
1100 3340 1345 3412 μιμητὴς
1384 3319 1672 3412 ἄνθρωπος
1700 3337 1852 3409 γενέ·
1879 3319 1922 3376 C

267 3429 398 3483 σθαι
451 3428 606 3483 Θεοῦ.
659 3428 913 3494 Δύναται,
969 3429 1212 3493 θέλοντος
1267 3429 1455 3486 αὐτοῦ.
1510 3431 1586 3484 Οὐ
1638 3429 1854 3503 γὰρ’τδ

267 3517 770 3573 καταδυναστεύειν
805 3519 918 3574 τῶν
963 3519 1216 3592 πλησίον,
1251 3521 1373 3574 οὐδὲ
1413 3522 1476 3575 τὸ
1515 3519 1676 3575 πλέον
1708 3520 1853 3592 ἔχειν

268 3607 557 3679 βούλεσθαι
600 3610 712 3664 τῶν
755 3610 1178 3685 ἀσθενεστέρων·
1216 3612 1338 3666 οὐδὲ
1368 3612 1431 3666 τὸ
1473 3612 1722 3668 πλουτεῖν
1758 3612 1854 3666 καὶ

268 3700 555 3772 βιάζεσθαι
612 3704 740 3768 τοὺς
791 3705 1244 3779 ὑποδεεστέρους,
1303 3708 1638 3780 εὐδαιμονεῖν
1682 3710 1849 3764 ἐστιν·

266 3793 387 3848 οὐδὲ
431 3795 490 3846 ὲν
517 3793 728 3860 τούτοις
770 3796 993 3850 δύναταί
1021 3801 1108 3862 τις
1145 3799 1488 3871 μιμήσασθαι
1521 3800 1675 3853 Θεόν·
1716 3800 1853 3856 ἀλλά

265 3884 442 3939 ταῦτα
484 3886 639 3950 ἐκτὸς
683 3887 794 3957 (84)
829 3888 929 3960 τῆς
973 3890 1185 3943 ἐκείνου
1220 3890 1657 3963 μεγαλειότητος.
1712 3892 1851 3946 Ἀλλ’

269 3977 419 4043 ὅστις
462 3978 522 4033 τὸ
571 3979 668 4034 τοῦ
716 3979 1304 4055 πλησίονάναδέχεται
1354 3984 1550 4056 βάρος,
1594 3983 1653 4049 ὃς
1699 3983 1758 4038 ἐν
1805 3977 1851 4054 ᾧ

270 4070 544 4142 κρείσσων
576 4072 745 4138 ἐστὶν,
773 4073 959 4144 ἕτερον
993 4076 1083 4128 τὸν
1125 4075 1515 4146 ἐλαττούμενον
1547 4075 1850 4150 εὐεργετεῖν

268 4159 467 4224 ἐθέλει,
493 4161 595 4215 ὅσα
631 4163 783 4235 παρά
810 4163 906 4217 τοῦ
945 4157 1090 4219 Θεοῦ
1125 4164 1307 4219 λαϐὼν
1342 4166 1474 4238 ἔχει,
1512 4167 1685 4222 ταῦτα
1731 4170 1851 4222 ὲπι-

265 4250 541 4323 δεομένοις
571 4253 844 4326 χορηγῶν,
875 4254 1008 4320 Θεὸς
1039 4256 1247 4326 γίνεται
1287 4258 1395 4312 τῶν
1440 4259 1841 4331 λαμϐανόντων·

266 4339 420 4410 οὗτος
453 4347 698 4418 μιμητής
728 4349 844 4402 ἐστι
869 4348 1025 4404 Θεοῦ.
1053 4351 1187 4407 Τότε
1221 4352 1392 4427 θεάσῃ
1432 4353 1716 4425 τυγχάνων
1753 4355 1848 4410 ἐπὶ

264 4439 403 4512 γῆς,
445 4439 528 4494 ότι
575 4439 709 4504 Θεὸς
762 4443 822 4495 ἐν
864 4442 1114 4513 οὐρανοῖς
1157 4446 1270 4518 (85)
1309 4446 1676 4503 πολιτεύεται·
1720 4450 1846 4506 τότε

268 4533 544 4603 μυστήρια
591 4534 726 4588 Θεοῦ
788 4535 968 4590 λαλεῖν
1033 4537 1176 4608 ἀρξη
1209 4557 1222 4572 ·
1273 4541 1394 4594 τότε
1444 4543 1572 4606 τοὺς
1623 4541 1850 4607 κολαζο-

2038 2229 2214 2301 llujus
2242 2232 2408 2288 etiam
2435 2240 2492 2286 tu
2511 2229 2633 2286 tldei
2655 2229 2702 2286 si
2724 2229 2996 2286 desiderio
3021 2231 3279 2297 tenearis,
3303 2239 3358 2286 et
3379 2230 3530 2285 illam

1962 2325 2222 2395 accipias,
2251 2325 2487 2396 primum
2519 2323 2741 2395 quidem
2785 2337 3084 2393 cognosces
3115 2321 3354 2379 Patrem.
3395 2322 3538 2378 Deus

1960 2420 2107 2476 enim
2133 2417 2389 2473 homines
2413 2416 2622 2483 dilexit,
2652 2424 2874 2487 propter
2898 2430 3036 2486 quos
3089 2417 3354 2471 mundum
3387 2432 3538 2471 crea-

1959 2511 2058 2578 vit,
2103 2510 2306 2582 quibus
2350 2507 2536 2564 omnia
2597 2505 2835 2579 subjecit
2887 2522 3011 2578 quat
3039 2506 3096 2562 in
3119 2507 3326 2562 mundo
3367 2518 3539 2576 sunt,

1960 2603 2161 2673 quibus
2191 2601 2481 2664 rationem,
2519 2601 2721 2672 quibus
2748 2597 2988 2656 mentem
3015 2600 3184 2667 dedit,
3215 2601 3416 2670 quibus
3441 2614 3539 2656 ‘so-

1960 2693 2028 2749 lis
2048 2695 2114 2748 ad
2145 2693 2324 2762 ipsum
2347 2693 2536 2748 oculos
2569 2691 2818 2748 attollere
2847 2692 3120 2763 permisit,
3137 2705 3276 2763 quos
3302 2693 3370 2748 ad
3395 2692 3531 2747 ima-

1961 2785 2139 2858 ginem
2165 2801 2321 2841 suam
2354 2783 2630 2852 formavit,
2657 2785 2725 2840 ad
2760 2799 2900 2856 quos
2932 2783 3128 2839 Filium
3153 2800 3316 2840 suum
3344 2785 3538 2856 unige—

1959 2876 2136 2931 nitum
2183 2875 2354 2936 misit.
2406 2873 2610 2946 quibus
2654 2872 2876 2929 caeleste
2923 2889 3154 2946 regnum
3181 2874 3458 2946 promisit,
3483 2885 3539 2931 et

1959 2968 2132 3034 dabit,
2165 2968 2312 3038 quod
2346 2967 2526 3037 ipsum
2561 2965 2873 3022 dilexerint.
2919 2965 3217 3038 Postquam
3257 2977 3440 3024 autem
3470 2971 3538 3026 il-

1959 3058 2071 3114 lum
2099 3058 2444 3128 cognoveris,
2474 3067 2678 3128 quanta
2705 3066 2757 3112 te
2782 3058 3066 3128 impletum
3103 3060 3168 3114 iri
3203 3060 3391 3115 laetitia
3422 3063 3540 3116 exi-

1964 3150 2195 3205 stimas?
2245 3159 2340 3204 aut
2389 3159 2656 3220 quantum
2691 3149 2887 3220 diliges
2932 3166 3060 3205 eum
3093 3151 3184 3221 qui
3211 3153 3361 3221 prior
3385 3163 3438 3208 te
3463 3154 3539 3208 ita

1954 3241 2247 3296 dilexerit?
2273 3241 2408 3295 Cum
2440 3250 2620 3296 autem
2643 3242 2870 3312 diligere
2893 3245 3145 3314 coeperis,
3171 3245 3412 3302 imitator
3441 3247 3538 3304 he-

1956 3333 2243 3403 nignitatis
2266 3331 2388 3401 ejus
2414 3332 2547 3388 eris.
2575 3333 2654 3388 Ac
2687 3351 2756 3388 ne
2804 3335 3025 3390 mireris
3065 3351 3227 3406 posse
3257 3338 3535 3394 hominem

1956 3438 2078 3478 esse
2107 3423 2437 3479 imitatorem
2461 3423 2580 3479 Dei.
2621 3412 2830 3488 Potest,
2867 3441 2936 3482 eo
2967 3428 3204 3484 volente.
3230 3428 3350 3486 Non
3385 3431 3536 3488 enim

1957 3517 2244 3590 imperium
2274 3519 2327 3574 in
2355 3519 2639 3590 proximos
2671 3521 2945 3589 obtinere,
2979 3537 3158 3594 neque
3202 3525 3337 3581 velle
3359 3527 3538 3597 potio-

1957 3628 2018 3668 re
2047 3611 2356 3667 conditione
2376 3627 2677 3684 essequam
2713 3615 2750 3668 ii
2779 3614 2872 3684 qui
2905 3625 3032 3670 sunt
3057 3615 3410 3686 inlirmiores,
3439 3634 3537 3674 ne-

1957 3719 2065 3775 que
2111 3703 2332 3759 divitem
2395 3719 2537 3773 esse,
2564 3713 2621 3761 et
2648 3705 2760 3760 vim
2787 3705 2990 3762 inferre
3019 3706 3409 3775 inferioribus,
3451 3719 3536 3765 est

1956 3797 2176 3853 beatum
2198 3813 2319 3854 esse
2347 3816 2362 3853 :
2393 3814 2569 3870 neque
2595 3798 2650 3855 in
2685 3799 2771 3854 his
2799 3797 2970 3855 Deum
3005 3800 3207 3856 imitari
3238 3803 3534 3873 quisquam

1956 3897 2166 3958 potest;
2198 3889 2294 3944 sed
2327 3889 2445 3945 haec
2471 3899 2627 3946 extra
2646 3890 2768 3961 ejus
2797 3892 3139 3961 majestatem
3170 3905 3317 3949 sunt.
3341 3895 3409 3948 At
3436 3894 3532 3964 qui

1956 3980 2192 4050 proximi
2224 3995 2364 4037 onus
2391 3981 2446 4037 in
2490 3998 2548 4039 se
2569 3984 2796 4054 recipit;
2827 3985 2922 4055 qui
2947 4001 3057 4056 qua
3090 3985 3144 4040 in
3180 4001 3239 4040 re
3269 3987 3524 4057 superior

1956 4081 2062 4139 est,
2101 4073 2266 4129 alium
2291 4074 2384 4144 qui
2426 4084 2510 4130 est
2549 4074 2799 4143 inferior,
2838 4077 3106 4132 beneﬁcio
3133 4077 3248 4132 vult
3280 4078 3530 4135 alIicere:

1957 4163 2053 4234 qui
2106 4181 2448 4236 quaecunque
2502 4166 2687 4236 habet,
2720 4185 2752 4224 a
2780 4168 2892 4224 Deo
2931 4179 3177 4242 accepta,
3202 4187 3266 4227 ea
3296 4173 3533 4244 indignis

1956 4261 2316 4341 suppeditans
2339 4303 2355 4327 ,
2382 4260 2528 4318 Deus
2562 4263 2623 4318 lit
2670 4280 2864 4321 eorum
2891 4266 2986 4337 qui
3012 4267 3323 4338 accipiunt;
3350 4269 3396 4324 is
3435 4267 3532 4323 Dei

1955 4365 2043 4411 est
2087 4355 2346 4412 imitator.
2403 4356 2558 4413 Tunc
2607 4361 2947 4432 perspicies,
3002 4361 3060 4416 in
3101 4369 3243 4416 terra
3288 4362 3530 4432 degens,

1957 4447 2127 4503 Deum
2152 4448 2204 4503 in
2227 4447 2381 4506 caelis
2432 4451 2698 4508 mundum
2719 4493 2736 4521 ,
2765 4453 2917 4508 velut
2956 4453 3196 4523 aliquam
3229 4454 3530 4522 rempubli-

1956 4555 2100 4606 cam,
2125 4543 2433 4614 gubernare
2459 4586 2476 4613 ,
2501 4555 2614 4600 tum
2640 4545 2898 4616 mysteria
2933 4543 3027 4598 Dei
3072 4544 3222 4615 loqui
3263 4544 3529 4616 incipies;

264 4622 456 4703 μένους
494 4625 591 4678 ἐπὶ
639 4623 718 4706 τῷ
777 4623 852 4696 μὴ
903 4623 1078 4678 θέλειν
1130 4625 1475 4698 ἀρνήσασθαι
1525 4630 1697 4696 Θεὸν,
1751 4636 1848 4688 καὶ

1958 4643 2087 4690 tunc
2135 4650 2232 4694 eos
2275 4638 2368 4708 qui
2401 4639 2706 4710 puniuntur
2747 4637 2896 4710 quod
2916 4622 3196 4708 'abnegare
3228 4636 3398 4694 Deum
3429 4655 3532 4694 no-

258 4715 568 4786 ἀγαπήσεις
616 4715 713 4769 καὶ
765 4714 1107 4786 θαυμάσεις·
1161 4717 1288 4770 τότε
1334 4719 1434 4792 τῆς
1483 4721 1700 4795 ἀπάτης
1751 4725 1847 4779 τοῦ

1958 4725 2057 4781 iiut
2105 4737 2161 4784 et
2220 4729 2416 4803 diliges
2472 4732 2919 4810 ct_miraberis;
2983 4740 3115 4787 tunc
3165 4730 3530 4802 imposturam

257 4811 465 4884 κόσμου
507 4813 604 4868 καὶ
645 4813 750 4885 τῆς
780 4813 986 4885 πλάνης
1029 4813 1385 4889 καταγνώσῃ·
1441 4817 1572 4873 ὅταν
1616 4819 1681 4873 τὸ
1720 4820 1846 4894 ἀλη.

1958 4820 2139 4876 mundi
2167 4830 2221 4876 et
2255 4837 2496 4879 errorem
2531 4823 2847 4890 damnabis,
2887 4839 3013 4878 cum
3037 4839 3165 4880 vere
3190 4825 3243 4879 in
3274 4827 3416 4881 ccelo
3445 4827 3528 4880 vi-

258 4901 367 4966 θῶς
396 4905 456 4958 ἐν
493 4904 720 4976 οὐρανῷ,
740 4905 839 4978 ζῇν
881 4905 1163 4980 ὲπιγνώσῃ
1185 4922 1200 4936 ·
1247 4908 1378 4960 ὅταν
1424 4909 1520 4963 τοῦ
1553 4910 1839 4978 δοκοῦντος

1958 4927 2072 4969 vere
2094 4913 2353 4971 didiceris
2385 4930 2548 4970 :cum
2572 4915 2692 4986 ejus
2717 4931 2841 4986 qua:
2873 4916 2963 4973 hic
2999 4931 3152 4972 mors
3180 4932 3303 4973 esse
3335 4933 3527 4974 cense-

255 4993 445 5055 ἐνθάδε
483 4995 712 5058 θανάτου
748 4998 1166 5072 καταφρονήσῃς
1187 5036 1203 5064 ,
1239 4997 1372 5058 ὅταν
1405 5003 1501 5057 τόν
1535 5001 1708 5069 ὅντως
1749 5003 1838 5060 θά-

1958 5015 2056 5074 tttr,
2105 5016 2453 5080 contemptor
2482 5022 2637 5076 csse;
2675 5017 2731 5064 et
2771 5016 3026 5077 mortem,
3059 5023 3182 5080 quae
3216 5024 3406 5064 revera
3437 5018 3525 5066 est

328 5156 442 5228 (81))
470 5159 874 5230 Δικαιῳθῆναι.
905 5156 1050 5215 Satis
1093 5167 1217 5230 apte
1237 5157 1304 5213 ad
1333 5159 1652 5230 Calviniana
1682 5177 1827 5219 com-

256 5239 438 5308 menta
469 5229 782 5308 reddiderat
818 5229 1164 5308 Stephanus,
1210 5245 1304 5298 pro
1326 5229 1704 5308 justiti/inbui
1736 5244 1832 5290 :et

1979 5237 2114 5308 ,(84)
2156 5229 2329 5293 am
2374 5239 2564 5293 ταῦτα
2600 5229 2968 5306 ἐκτόςξκίτ.
2998 5244 3060 5295 λ.
3095 5237 3199 5294 Sed
3228 5240 3342 5294 Itazc
3370 5237 3552 5296 θωνα

256 5299 435 5382 paulo
460 5298 889 5382 βρειηᾲκαιξῢση,
919 5298 1084 5382 [ιιξὶοι
1111 5313 1168 5382 ιιι
1196 5315 1290 5370 pro
1309 5299 1474 5382 justi:
1504 5302 1824 5382 habeantur.
1932 5298 2053 5382 ejns
2072 5298 2403 5382 ntajestatem
2431 5298 3525 5382 sunt.Idest,eontrariailliusditissinue

325 5370 440 5434 (8|)
472 5369 696 5451 [ζοθῇς.
733 5369 952 5451 Dubitat
979 5369 1289 5444 Stephanus
1315 5379 1496 5427 utrum
1523 5373 1736 5443 legatur
1771 5376 1826 5430 in
1932 5369 2326 5451 beneﬁcentiae,
2359 5395 2525 5451 quam
2557 5369 2763 5436 imitari.
2811 5381 3099 5438 debemus.
3133 5381 3416 5444 libamus,
3469 5383 3528 5436 in

255 5453 367 5512 ms.
396 5438 591 5512 ποθῇς,
617 5455 685 5493 an
716 5440 982 5512 ποθήσῃςε
1073 5438 1091 5444 ’
1150 5511 1153 5512 ν
1578 5438 1603 5443 —

1958 5438 2320 5505 Emendandis.

326 5510 439 5593 (δῇ)
498 5510 1096 5593 Ἰέςιίγκεοσιῂζᾉάιιίι
1139 5511 1832 5593 Sylburgius‘tzatpég‘ao:

2008 5521 2124 5591 (85)
2183 5521 2612 5593 'Erpbparoi'c.
2646 5521 2703 5593 In
2743 5523 2846 5578 hae
2876 5538 3010 5579 voce
3040 5523 3295 5579 librarios
3333 5523 3522 5593 lapsos

256 5581 513 5662 τ-ιίιιρέξειζ
542 5580 662 5662 Ilios
695 5582 1002 5662 Stephanus
1025 5580 1206 5662 πάιντᾴ
1233 5585 1302 5640 τὰ
1323 5580 1401 5662 ,ἐν
1437 5580 1732 5658 κόσμῳ’νει
1773 5587 1834 5644 ἐν

1958 5580 2060 5646 :sse
2094 5580 2250 5660 putat
2291 5580 2604 5662 Stephanus
2634 5592 2705 5648 ob
2746 5595 3033 5662 scriptura:
3078 5580 3520 5657 similitudinem,

1939 5672 1994 5717 ct
2021 5662 2306 5735 legendum
2353 5663 2414 5735 ἐν
2468 5663 2800 5735 ἀνθρώποις.
2849 5662 2986 5735 Nam
3021 5666 3304 5723 brevitatis
3351 5680 3518 5722 causa

1941 5733 2107 5792 scribi
2135 5735 2271 5792 solet
2302 5735 2358 5789 ἐν
2385 5733 2532 5800 ἄγοις
2564 5733 2664 5807 pro
2696 5737 2754 5791 ἐν
2777 5734 3104 5811 ἀνθρώποις.

1929 5175 2046 5239 aut_
2063 5166 2271 5232 ἀτενές.
2296 5165 2541 5223 Habebat
2559 5167 2670 5222 ἄνω
2692 5169 3050 5239 apograplton
3078 5167 3333 5239 Beureri.

257 5651 442 5727 τῇ.
481 5652 804 5727 Sylburgius
827 5653 978 5727 évﬁj
1016 5652 1107 5705 ὑπ’
1137 5655 1386 5727 οὐρανόν.

331 5722 445 5790 {85)
477 5721 717 5788 Μόνοιςὲ.
747 5721 877 5777 Post
901 5721 1246 5779 ha’nevocet'n
1280 5739 1398 5782 erat
1426 5727 1479 5782 in
1511 5744 1613 5785 ms.
1647 5729 1838 5784 codice

258 5786 459 5864 littera,
487 5810 651 5866 quam
677 5786 984 5866 Stephanus
999 5794 1210 5853 initium
1246 5812 1365 5854 esse
1373 5809 1526 5871 putat
1553 5801 1700 5859 vocis
1717 5801 1828 5858 ἀνω
