3992 6148
335 254 477 311 “85

1494 250 1839 333 Episrou.
1868 254 1961 310 an
1999 253 2431 314 mocnmuu.

3453 260 3595 317 1185

331 384 548 440 καρφον
608 365 797 437 ξύλον,
846 363 1148 431 εύθαλοῦν,
1214 364 1611 432 ’ἀνατείλαντες
1666 369 1726 423 ὲν
1772 338 1909 423 ¹ἑαυα-

2025 368 2227 436 :‘erens,
2254 370 2394 426 belle
2449 370 2784 441 germinans,
2832 371 2887 427 in
2923 372 3077 429 vobis
3108 373 3243 445 ipsis
3271 375 3596 445 producen-

328 465 445 525 τοῖς
467 501 482 527 ,
517 460 786 524 ποικίλοις
818 461 1057 531 καρποῖς
1086 458 1514 530 κεκοσμημένοι.
1549 460 1640 513 Ἐν
1665 459 1777 532 γάρ
1805 459 1926 515 τού-

329 569 410 622 τῳ
441 549 521 622 τῷ
563 550 747 622 χωρίῳ
800 548 954 615 ξύλον
1003 545 1259 618 γνώσεως
1306 550 1401 602 καὶ
1450 548 1605 615 ξύλον
1648 549 1793 623 ζωῆς
1824 570 1925 605 πε-

334 641 594 711 φύτευται
612 658 625 671 ο
668 630 785 694 ἀλλ⁴
809 641 868 693 ού
888 639 951 693 τὸ
975 639 1077 710 τῆς
1107 638 1361 709 γνώσεως
1388 639 1501 712 (95)
1518 641 1733 713 ἀναιρεῖ
1755 682 1771 707 ,
1803 643 1922 697 ἀλλ’

331 736 365 805 ἡ
396 733 652 806 παρακοὴ
703 733 935 805 ἀναιρεῖ.
990 732 1123 785 Ούδὲ
1171 730 1281 803 γάρ
1312 732 1501 803 ἄσημα
1568 732 1635 786 τὰ
1686 750 1926 806 γεγραμ-

337 827 472 897 μένα
493 864 509 890 ,
543 824 619 889 ὡς
650 824 783 888 Θεὸς
821 825 916 877 ἀπ’
948 824 1127 897 ἀρχῆς
1176 823 1330 889 ξύλον
1361 824 1506 895 ζωῆς
1546 825 1604 878 ὲν
1640 826 1789 896 μέσῳ
1821 841 1925 879 πα-

338 913 582 995 ραδείσου
615 918 920 989 ἐφύτευσε,
972 916 1059 970 διὰ
1091 916 1344 986 γνώσεως
1394 917 1540 987 ζωὴν
1592 917 1917 983 ἐπιδεικνύςο

336 1007 371 1085 ᾖ
411 1012 484 1084 μὴ
543 1008 799 1080 καθαρῶς
857 1009 1194 1081 χρησάμενοι
1246 1009 1295 1062 οί
1342 1007 1439 1062 ἀπ’
1485 1009 1699 1081 ἀρχῆς,

333 1106 430 1159 τοῦ
461 1105 637 1174 δφεως
696 1100 1096 1172 γεγύμνωνται.
1146 1100 1282 1155 Οὐδὲ
1328 1100 1442 1174 γὰρ
1479 1099 1593 1173 ζωὴ
1622 1103 1747 1157 ἀνευ
1789 1103 1925 1171 γνώ-

345 1213 518 1260 σεως,
568 1194 690 1249 οὐδὲ
758 1193 960 1263 γνῶσις
1007 1191 1257 1266 ἀσφαλὴς
1294 1192 1423 1248 ἄνευ
1476 1192 1622 1264 ζωῆς
1658 1194 1915 1266 ἀληθοῦς.

335 1287 429 1341 Διὸ
479 1287 705 1360 πλησίον
738 1287 999 1358 ἑκάτερον
1027 1285 1384 1357 πεφύτευται.
1425 1286 1529 1340 Ἦν
1556 1285 1787 1358 δύναμιν
1821 1290 1923 1342 ὲνιο

333 1379 443 1434 δὼν
499 1381 529 1432 ὁ
575 1378 898 1442 Ἀποστόλος
959 1377 1112 1449 (96),
1186 1380 1287 1451 τήν
1346 1395 1408 1432 τε
1469 1379 1599 1434 ἄνευ
1659 1379 1919 1452 ἀληθείας

334 1473 761 1545 προστάγματος
793 1471 875 1535 είς
906 1469 1053 1542 ζωὴν
1097 1469 1442 1543 ἀσκουμένην
1472 1468 1674 1539 γνῶσιν
1708 1472 1919 1544 μεμφό-

338 1583 520 1638 μενος,
556 1564 705 1633 λέγει
726 1580 740 1595 ·
783 1563 850 1620 Ἡ
883 1561 1109 1633 γνῶσις
1136 1561 1366 1631 φυσιοῖ,
1410 1563 1450 1630 ἡ
1480 1561 1549 1615 δὲ
1574 1561 1776 1632 ἀγάπη
1830 1565 1917 1618 ol-

336 1654 592 1725 κοδομεῒ.
630 1655 688 1709 '0
737 1652 847 1727 γάρ
870 1652 1101 1724 νομίζων
1125 1652 1322 1707 εἰδέναι
1347 1670 1400 1706 τι
1425 1653 1554 1708 ἄνευ
1576 1652 1828 1723 γνώσεως
1854 1655 1919 1708 ἀ·

333 1723 534 1821 ληθούς
553 1747 645 1800 καὶ
670 1723 1123 1819 μαρτυρουμένης
1151 1746 1257 1799 ὑπὸ
1283 1745 1384 1816 τῆς
1419 1744 1587 1816 ζωῆς,
1621 1746 1725 1801 οὐκ
1754 1745 1915 1815 ἔγνω,
1950 1723 1991 1780 Β

337 1838 446 1893 ὑπὸ
480 1837 574 1892 τοῦ
620 1838 798 1908 ὄφεως
822 1838 931 1909 (97)
960 1837 1253 1903 πλανᾶται,
1283 1838 1358 1910 μὴ
1387 1837 1682 1909 ἀγαπήσας
1713 1836 1823 1910 (98)
1856 1838 1920 1893 τὸ

336 1930 459 2002 ζῇν.
497 1929 554 1983 '0
577 1928 635 1982 δὲ
669 1928 807 2000 μετά
837 1928 1001 2000 φόϐου
1026 1929 1303 1999 ἐπιγνοὺς,
1329 1929 1424 1984 καὶ
1454 1928 1599 2002 ζωὴν
1620 1927 1915 2001 ἐπιζητῶν,

334 2025 426 2078 ἐπ’
444 2023 617 2077 ἐλπίδι
640 2022 881 2094 φυτεύει,
904 2024 1116 2097 καρπὸν
1140 2023 1473 2096 προσδοκῶν.
1494 2025 1650 2079 Ἤτω
1683 2025 1766 2079 σοὶ
1792 2042 1921 2098 καρ-

335 2115 447 2180 δία,
482 2115 682 2184 γνῶσις
705 2129 721 2147 ·
767 2112 880 2186 ζωὴ
911 2114 998 2180 δὲ,
1046 2115 1201 2184 λόγος
1258 2115 1463 2188 ἀληθὴς
1486 2154 1501 2181 ,
1555 2114 1878 2189 χορούμενος
1900 2130 1915 2146 ·

335 2200 399 2259 οὗ
433 2204 586 2270 ξύλον
617 2204 796 2276 φέρων
818 2245 834 2271 ,
868 2205 961 2259 καί
993 2204 1207 2277 καρπὸν
1248 2204 1380 2278 (99).
1426 2242 1442 2259 .
1486 2243 1501 2260 .
1547 2206 1657 2277 ρῶν
1678 2244 1693 2272 ,
1725 2205 1922 2277 τρυγή-

340 2315 457 2363 σεις
506 2296 595 2351 ἀεὶ
656 2295 726 2350 τά
787 2297 939 2369 παρὰ
973 2296 1091 2368 Θεῷ
1144 2297 1491 2369 ποθούμεναο
1531 2291 1607 2352 ὧν
1652 2297 1774 2367 ὄφις
1821 2298 1920 2368 οὐχ

339 2392 609 2456 ἅπτεται,
671 2390 795 2444 οὐδὲ
848 2388 1026 2462 πλάνη
1099 2389 1566 2464 συγχρωτίζεται⁶
1631 2390 1751 2449 οὐδὲ
1806 2386 1922 2445 Εὔα

339 2482 619 2555 φθείρεται
649 2481 816 2553 (99‘),
847 2480 984 2535 ἀλλά
1015 2480 1283 2553 παρθένος
1316 2480 1648 2546 πιστεύεται,
1705 2479 1799 2535 καὶ
1824 2498 1923 2537 σω-

336 2576 526 2647 τήριον
555 2574 850 2640 δείκνυται,
887 2574 980 2627 καὶ
1005 2571 1296 2627 ἀπόστολοι
1331 2572 1717 2638 συνετίζονται,
1747 2572 1921 2627 καὶτὸ

339 2666 547 2739 Κυρίου
576 2665 759 2737 πάσχα
804 2666 1145 2738 προέρχεται,
1178 2665 1273 2719 καὶ
1294 2666 1454 2738 κηροὶ
1493 2665 1639 2737 (100)
1665 2666 1922 2734 συνάγον-

338 2777 450 2823 ται,
465 2760 557 2813 καὶ
582 2760 717 2831 μετὰ
737 2759 940 2831 κόσμου
967 2758 1265 2830 ἁρμόζεται
1288 2774 1302 2789 ·
1326 2759 1420 2813 καὶ
1448 2758 1711 2813 διδάσκων
1731 2760 1920 2828 ἁγίους

341 2852 539 2921 ὁλόγος
566 2849 910 2923 εὐφραίνεται
933 2850 1029 2904 ’δι’
1054 2844 1114 2904 οὗ
1143 2849 1331 2923 Πατὴρ
1360 2848 1657 2920 δοξάζεται.
1676 2844 1747 2923 ᾯ
1774 2852 1808 2924 η
1838 2850 1923 2904 δό-

342 2943 412 3011 ξα
437 2947 519 3010 είς
560 2945 686 3009 τοὺς
708 2944 930 3010 αἰῶνας.
981 2943 1174 3016 Ἀμήν.

414 3348 528 3418 (95)
570 3344 829 3418 Ἀλλτρῠ
852 3342 917 3418 τὸ
945 3342 1067 3418 τῆς.
1084 3340 1380 3414 γνώσεως,
1404 3359 1459 3398 κ.
1507 3358 1564 3418 τ.
1592 3338 1763 3418 1._Sic
1792 3342 1914 3399 red-

2025 473 2128 531 tes,
2153 466 2327 522 variis
2344 465 2612 523 fructibus
2633 468 2832 523 ornati.
2858 466 2914 522 In
2946 469 3050 525 hoc
3070 470 3215 524 enim
3241 469 3364 524 loco
3386 470 3594 541 lignum

2024 559 2356 629 cognitionis
2399 569 2454 615 et
2489 560 2694 631 lignum
2735 560 2862 615 vitae
2890 562 3192 631 plantatum
3221 560 3345 617 fuit.
3390 562 3594 620 Verum

2024 665 2133 704 non
2152 652 2299 720 quod
2326 659 2412 706 est
2431 650 2786 721 cognitionis.
2810 651 2863 705 id
2889 653 3134 722 estquod
3160 654 3389 708 emedio
3418 654 3594 722 tollit;

2022 741 2115 795 sed
2141 741 2510 797 inobedientia
2543 758 2574 797 c
2601 740 2785 796 medio
2814 742 2971 795 tollit.
3003 740 3187 812 Neque
3212 745 3358 798 enim
3381 761 3443 799 ea
3467 754 3596 800 sunt

2022 830 2258 886 obscura
2289 847 2412 902 qua:
2460 836 2663 904 scripta
2719 842 2869 897 sunt,
2903 832 3073 887 Deum
3101 834 3167 888 ab
3197 834 3353 890 initio
3384 837 3592 908 lignum

2022 920 2147 977 vita:
2191 921 2246 977 in
2276 923 2457 979 medio
2489 925 2728 994 paradisi
2756 926 3033 995 plantasse
3058 965 3073 989 ,
3100 939 3195 994 per
3224 928 3593 996 cognitionem

2021 1016 2189 1069 vitam
2226 1017 2638 1082 ostendentem;
2664 1030 2773 1087 qua
2824 1032 2950 1072 cum
2986 1033 3122 1087 pure
3154 1018 3237 1072 usi
3280 1035 3386 1073 non
3410 1029 3595 1075 essent

2021 1109 2117 1179 qui
2158 1109 2231 1165 ab
2260 1109 2418 1164 initio
2451 1108 2695 1177 fuerunt,
2727 1111 3030 1181 impostura
3086 1113 3360 1182 serpentis
3400 1113 3594 1169 nudati

2020 1200 2261 1257 fuerunt.
2308 1199 2498 1271 Neque
2554 1202 2701 1257 enim
2744 1202 2855 1255 vita
2904 1202 3021 1257 sine
3056 1202 3389 1272 cognitione,
3415 1217 3596 1272 neque

2018 1294 2259 1365 cognitio
2317 1301 2432 1349 tuta
2487 1294 2607 1349 sine
2654 1293 2764 1347 vita
2807 1308 2958 1349 vera.
3008 1291 3133 1347 ldeo
3186 1294 3239 1347 in
3286 1292 3596 1364 propinquo

2020 1396 2316 1457 utrumque
2363 1387 2667 1457 plantatum
2726 1385 2849 1440 fuit.
2879 1384 3058 1451 Quam
3106 1384 3419 1441 facultatem
3467 1401 3593 1442 cum

2016 1479 2386 1549 perspexisset
2433 1476 2731 1545 Apostolus
2752 1516 2769 1540 ,
2804 1476 3207 1546 reprehendens
3228 1476 3595 1546 cognitionem

2016 1585 2142 1641 qua:
2182 1568 2301 1624 sine
2338 1568 2567 1623 veritate
2599 1569 2844 1623 mandati
2873 1569 2927 1622 in
2965 1568 3132 1622 vitam
3171 1578 3475 1635 exercetur,
3512 1569 3597 1624 di-

2018 1668 2092 1721 cit
2119 1682 2133 1720 :
2166 1662 2411 1734 Coguitio
2456 1663 2607 1732 inﬂat
2630 1701 2646 1726 ,
2691 1662 2905 1716 dilectio
2928 1671 3107 1715 autem
3134 1662 3366 1731 aediﬁcat
3394 1662 3457 1716 “.
3490 1660 3595 1728 Qui

2019 1760 2165 1816 enim
2193 1766 2349 1829 putat
2382 1756 2617 1812 sescire
2659 1754 2865 1825 aliquid
2896 1756 3016 1809 sine
3047 1755 3360 1826 cognitione
3381 1769 3509 1809 vera
3542 1761 3597 1809 et

2020 1850 2108 1907 cui
2133 1847 2507 1905 testimonium
2539 1846 2861 1917 perhibetur
2904 1861 2937 1900 a
2963 1847 3073 1901 vita
3094 1888 3110 1914 ,
3141 1861 3249 1901 non
3291 1845 3594 1916 cognoscit,

2019 1959 2050 1999 a
2073 1952 2323 2013 serpente
2353 1942 2642 2012 decipitur,
2680 1940 2811 2011 quia
2849 1942 3017 1994 vitam
3038 1956 3147 1995 non
3182 1940 3394 1995 dilexit.
3414 1939 3595 2011 Atqui

2020 2050 2145 2091 cum
2189 2037 2383 2090 timore
2410 2034 2779 2106 cognitionem
2803 2041 2886 2088 est
2907 2032 3157 2102 adeptus.
3175 2041 3230 2087 et
3246 2033 3411 2087 vitam
3440 2048 3594 2103 quaa-

2020 2130 2114 2195 rit,
2156 2127 2212 2181 in
2253 2142 2348 2197 spe
2377 2126 2607 2196 plantat,
2642 2123 2882 2179 fructum
2925 2134 3268 2195 exspectans.
3326 2123 3457 2180 Esto
3495 2124 3594 2181 tibi

2019 2234 2136 2284 cor,
2170 2219 2411 2290 cognitio
2443 2236 2457 2273 :
2491 2218 2602 2273 vita
2650 2227 2833 2273 autem
2857 2256 2874 2282 ,
2908 2232 3090 2273 sermo
3131 2231 3301 2272 verus
3332 2217 3425 2287 qui
3454 2218 3595 2273 reci-

2019 2312 2186 2383 pitur.
2216 2311 2389 2382 Cujus
2430 2311 2640 2381 lignum
2672 2309 2891 2376 ferens,
2925 2318 2981 2365 et
3022 2309 3292 2377 fructum,
3325 2311 3594 2382 percipies

2021 2418 2239 2475 semper
2269 2419 2393 2474 qua;
2424 2402 2569 2474 apud
2594 2402 2765 2458 Deum
2795 2403 3196 2468 desiderantur,
3223 2418 3347 2473 quae
3368 2418 3595 2474 serpens

2020 2510 2132 2548 non
2167 2494 2407 2564 attingit,
2441 2509 2618 2564 neque
2641 2494 2945 2564 impostura
2979 2508 3037 2549 sc
3063 2494 3140 2548 illi
3185 2494 3455 2564 applicat;
3497 2510 3596 2550 ne-

2020 2603 2129 2658 que
2153 2587 2266 2641 Eva
2298 2585 2693 2655 corrumpitur,
2730 2584 2825 2641 sed
2849 2585 3004 2655 virgo
3031 2585 3276 2640 creditur
3300 2604 3316 2652 ;
3351 2594 3405 2640 et
3433 2584 3595 2640 Salu-

2023 2691 2139 2736 tare
2165 2678 2495 2745 ostenditur,
2515 2689 2569 2734 et
2586 2677 2820 2749 apostoli
2842 2677 3195 2749 intelligentia
3221 2678 3591 2745 instruuntur,

2021 2786 2076 2832 et
2110 2773 2327 2829 Domini
2372 2771 2576 2843 pascha
2630 2772 3009 2842 progreditur,
3044 2778 3098 2825 et
3149 2770 3311 2825 chori
3365 2786 3595 2843 congre-

2022 2875 2238 2939 gantur,
2271 2873 2327 2920 et
2373 2865 2627 2919 decentcr
2661 2863 2988 2918 ordinantur
3016 2876 3030 2913 :
3067 2877 3133 2917 ac
3153 2863 3353 2918 docens
3373 2873 3593 2918 sanctos

2023 2975 2203 3017 sermo
2232 2958 2477 3019 laetatum
2515 2972 2612 3026 per
2643 2971 2809 3027 quem
2872 2954 3037 3012 Pater
3079 2955 3435 3027 gloriﬁcatur.
3486 2953 3590 3011 Cui

1942 3055 1985 3119 (ζ
2018 3052 2189 3124 gloria
2222 3049 2279 3105 in
2310 3048 2531 3105 amula.
2559 3047 2755 3103 Amen.

2084 3341 2200 3414 (99)
2248 3339 2361 3396 Καὶ
2395 3341 2661 3414 καρπόν.
2699 3338 3009 3414 Stephanus
3052 3348 3135 3414 _et
3178 3336 3449 3414 Beurerns
3494 3340 3589 3414 καὶ

342 3409 582 3475 dendum
610 3415 931 3486 crediderim
964 3432 978 3468 :
1007 3409 1215 3486 'Ve'rum
1234 3409 1680 3486 nonicognitionis
1711 3414 1913 3486 lignum

2025 3409 2263 3486 καρποῦΔ
2304 3409 2483 3486 ὲρῶνζ
2542 3412 2736 3468 Melius
2796 3409 3133 3481 ’Svlburgius
3210 3409 3306 3461 καὶ
3380 3411 3592 3479 καρπὸν

343 3490 560 3554 occidit,
590 3487 679 3541 sed
704 3485 1074 3539 inobedientia.
1108 3483 1317 3538 Manut.
1350 3484 1404 3538 in
1440 3484 1769 3554 Emenduud.

416 3559 528 3630 (96)
550 3552 675 3613 "HV
695 3556 951 3630 δύναμιν
974 3554 1188 3630 aridior
1224 3558 1257 3608 ό
1281 3555 1670 3630 Ἀπόοςτουζοςι
1695 3552 1752 3608 ld
1784 3564 1873 3630 est
1894 3570 1911 3609 :

344 3624 469 3684 cuin
503 3624 865 3699 perspexisset
893 3626 1385 3699 Apostolus‘quam
1417 3624 1768 3699 vim‘habeat
1788 3694 1799 3699 _
1820 3625 1913 3680 illa

345 3694 642 3770 utriusque
663 3698 813 3770 ligni_,
846 3694 1039 3770 nempe
1055 3694 1385 3770 cognitionis
1402 3704 1468 3770 _et
1505 3694 1648 3770 vitae,
1677 3694 1913 3770 conjun-

345 3772 474 3825 ctio.
503 3763 747 3824 Obscura
774 3763 1032 3836 Stephani
1079 3763 1454 3836 interpretatio
1489 3763 1700 3829 :Quam
1734 3763 1911 3834 facul-

348 3851 509 3896 tatem
537 3857 655 3894 cum
682 3835 1025 3907 perspexisset
1065 3836 1365 3907 Apostolus.
1397 3835 1608 3907 Manus.
1622 3836 1769 3907 foul.

419 3911 531 3982 (97)
570 3902 851 3982 'Yfadzo'i;
887 3902 1429 3982 όφεωςεῬμεηιὶιιὶι
1479 3902 1575 3982 καί
1619 3904 1907 3982 θρηνεῖ-υς.

420 3976 531 4050 (98)
562 3979 657 4047 Μὴ
699 3978 1041 4050 ἀγαπήσας.
1076 3976 1150 4031 Ita
1175 3976 1520 4050 Beureruset
1544 3976 1867 4050 Sylhurgius
1892 3994 1906 4029 :

348 4045 616 4121 posterior
637 4045 815 4121 littera
848 4049 1008 4117 hujus
1032 4046 1239 4121 vocula:
1269 4045 1344 4119 μή
1369 4047 1473 4117 legi
1520 4045 1836 4121 no'nApotuit
1856 4047 1909 4121 in

349 4116 454 4176 ins.
479 4122 683 4183 codice,
716 4120 808 4175 sed
842 4116 1049 4172 tantum
1083 4136 1141 4185 μ.
1192 4116 1502 4185 Stephanus
1558 4117 1793 4185 reddidit
1843 4116 1906 4171 ob

349 4139 454 4176 ms.
479 4136 683 4183 conice,
716 4136 808 4175 seu
842 4136 1049 4172 tantum
1127 4156 1141 4170 .
1192 4136 1502 4185 mepnanus
1558 4136 1783 4171 reuannl

349 4208 578 4247 amorem
609 4192 748 4246 vitaz.
774 4188 897 4244 Mox
919 4188 1062 4245 idem
1083 4136 1354 4244 Eeurerus
1391 4188 1505 4261 ῆτω
1551 4181 1644 4242 οὖν
1682 4203 1783 4242 σοι.

2015 3484 2041 3537 ὲ
2047 3502 2081 3537 κ
2090 3484 2190 3555 πλη
2199 3484 2326 3556 ρῶν.

2088 3577 2225 3647 (99‘)
2264 3575 2417 3631 Οὐδὲ
2444 3575 2571 3630 an
2600 3575 2916 3647 φθείρεται.
2956 3571 3170 3647 Clari_or
3193 3576 3298 3628 erit
3320 3573 3591 3647 interpre-

2018 3643 2172 3712 tatio,
2208 3643 2258 3703 'si
2278 3648 2357 3701 sic
2397 3643 2728 3702 reddamus:
2767 3643 2866 3698 Ubi
2891 3660 3053 3714 neque
3080 3643 3192 3698 Eva
3208 3646 3578 3713 corrumpitur.

2013 3717 2252 3783 MARAN.,
2276 3717 2411 3773 ibid.

2086 3832 2235 3904 (100)
2264 3831 2468 3904 Κηρρζ.
2488 3830 2606 3887 Vox
2643 3838 2921 3904 corrupta,
2942 3844 3049 3904 nec
3077 3827 3354 3904 evidenter
3371 3827 3505 3881 lecta
3533 3829 3586 3883 in

2020 3898 2127 3958 ms.
2155 3898 2365 3957 codice.
2396 3901 2513 3956 Non
2544 3898 2832 3958 sanabitur
2865 3900 3063 3953 vulnus
3082 3938 3096 3962 ,
3122 3899 3165 3953 si
3197 3898 3440 3967 legamus
3462 3915 3586 3952 cum

2020 3973 2310 4045 Sylburgio
2342 3974 2560 4045 καιροί.
2586 3973 2690 4028 Sed
2717 3974 2760 4045 si
2806 3986 3073 4045 ponamus
3095 3968 3265 4040 χοροί,
3299 3970 3430 4022 nihil
3459 3981 3589 4038 puto

2018 4040 2818 4115 superfuturum'diliicultatis.
2829 4040 3151 4115 Stephanus
3176 4053 3582 4115 vog‘sseqnen-

2019 4106 2106 4169 tes
2125 4116 2205 4169 sic
2232 4116 2427 4177 reddit,
2461 4123 2509 4167 et
2533 4131 2652 4167 cum
2678 4111 2873 4168 mundo
2914 4106 3216 4181 coaptatur.
3253 4106 3479 4165 Videtur
3518 4108 3591 4162 le-

2017 4185 2254 4258 gendum
2289 4184 2639 4258 ἁρμόζονται.
