  <div class='ocr_page' id='page_1' title='image "/cluster/home/n/w/nwhite01/storage/ocr_20150623/2/mdp.39015005182426/603.png"; bbox 0 0 3992 6148; ppageno 0'>
   <div class='ocr_carea' id='block_1_1' title="bbox 461 258 3706 323">
    <p class='ocr_par' dir='ltr' id='par_1_1' title="bbox 461 258 3706 323">
     <span class='ocr_line' id='line_1_1' title="bbox 461 258 3706 323; baseline 0.007 -27"><span class='ocrx_word' id='word_1_1' title='bbox 461 258 3706 323; x_wconf 57' lang='lat' dir='ltr'><strong>W2</strong></span> 
     </span>
    </p>
   </div>
   <div class='ocr_carea' id='block_1_2' title="bbox 371 420 3784 685">
    <p class='ocr_par' dir='ltr' id='par_1_2' title="bbox 371 420 3784 685">
     <span class='ocr_line' id='line_1_2' title="bbox 371 420 3784 685; baseline 0.004 -60"><span class='ocrx_word' id='word_1_2' title='bbox 371 420 2053 632; x_wconf 78' lang='lat' dir='ltr'><strong>PRESBYTERORUM</strong></span> <span class='ocrx_word' id='word_1_3' title='bbox 2157 473 2406 685; x_wconf 90' lang='lat' dir='ltr'><strong>ET</strong></span> <span class='ocrx_word' id='word_1_4' title='bbox 2511 473 3784 642; x_wconf 79' lang='lat' dir='ltr'><strong>DIACONOBUM</strong></span> 
     </span>
    </p>
   </div>
   <div class='ocr_carea' id='block_1_3' title="bbox 1764 805 2407 936">
    <p class='ocr_par' dir='ltr' id='par_1_3' title="bbox 1764 805 2407 936">
     <span class='ocr_line' id='line_1_3' title="bbox 1764 805 2407 936; baseline 0.006 -4"><span class='ocrx_word' id='word_1_5' title='bbox 1764 805 1961 935; x_wconf 85' lang='lat' dir='ltr'><strong><em>AC</em></strong></span> <span class='ocrx_word' id='word_1_6' title='bbox 1979 806 2407 936; x_wconf 64' lang='grc' dir='ltr'><strong>ΗΑΙᾸΕ</strong></span> 
     </span>
    </p>
   </div>
   <div class='ocr_carea' id='block_1_4' title="bbox 578 1106 3555 1209">
    <p class='ocr_par' dir='ltr' id='par_1_4' title="bbox 578 1106 3555 1209">
     <span class='ocr_line' id='line_1_4' title="bbox 578 1106 3555 1209; baseline 0.002 -10"><span class='ocrx_word' id='word_1_7' title='bbox 578 1106 1167 1202; x_wconf 83' lang='lat' dir='ltr'><strong>EPISTOLA</strong></span> <span class='ocrx_word' id='word_1_8' title='bbox 1237 1109 1385 1197; x_wconf 89' lang='lat' dir='ltr'><strong>DE</strong></span> <span class='ocrx_word' id='word_1_9' title='bbox 1467 1106 2113 1202; x_wconf 79' lang='lat' dir='ltr'><strong>MARTYRIO</strong></span> <span class='ocrx_word' id='word_1_10' title='bbox 2185 1111 2284 1202; x_wconf 87' lang='lat' dir='ltr'><strong>S.</strong></span> <span class='ocrx_word' id='word_1_11' title='bbox 2352 1109 2870 1204; x_wconf 72' lang='lat' dir='ltr'><strong>ANDRE/E</strong></span> <span class='ocrx_word' id='word_1_12' title='bbox 2961 1113 3555 1209; x_wconf 85' lang='lat' dir='ltr'><strong>APOSTOLI</strong></span> 
     </span>
    </p>
   </div>
   <div class='ocr_carea' id='block_1_5' title="bbox 1221 1515 2882 1639">
    <p class='ocr_par' dir='ltr' id='par_1_5' title="bbox 1221 1515 2882 1639">
     <span class='ocr_line' id='line_1_5' title="bbox 1221 1515 2882 1639; baseline -0.004 0"><span class='ocrx_word' id='word_1_13' title='bbox 1221 1516 1914 1639; x_wconf 84' lang='lat' dir='ltr'><strong>VETERUM</strong></span> <span class='ocrx_word' id='word_1_14' title='bbox 1993 1515 2882 1632; x_wconf 89' lang='lat' dir='ltr'><strong>TESTIMONIA</strong></span> 
     </span>
    </p>
   </div>
   <div class='ocr_carea' id='block_1_6' title="bbox 1033 1756 3080 1826">
    <p class='ocr_par' dir='ltr' id='par_1_6' title="bbox 1033 1756 3080 1826">
     <span class='ocr_line' id='line_1_6' title="bbox 1033 1756 3080 1826; baseline -0.001 -12"><span class='ocrx_word' id='word_1_15' title='bbox 1033 1763 1319 1826; x_wconf 70' lang='lat' dir='ltr'><strong>(GALLAND.,</strong></span> <span class='ocrx_word' id='word_1_16' title='bbox 1345 1764 1576 1815; x_wconf 75' lang='lat' dir='ltr'><strong><em>Veterum</em></strong></span> <span class='ocrx_word' id='word_1_17' title='bbox 1600 1763 1810 1812; x_wconf 87' lang='lat' dir='ltr'><strong>Patrum</strong></span> <span class='ocrx_word' id='word_1_18' title='bbox 1833 1756 2082 1822; x_wconf 79' lang='lat' dir='ltr'><strong>Biblioth.,</strong></span> <span class='ocrx_word' id='word_1_19' title='bbox 2103 1763 2139 1810; x_wconf 79' lang='grc' dir='ltr'><strong>ι.</strong></span> <span class='ocrx_word' id='word_1_20' title='bbox 2161 1759 2201 1810; x_wconf 89' lang='lat' dir='ltr'><strong>I.</strong></span> <span class='ocrx_word' id='word_1_21' title='bbox 2224 1758 2471 1823; x_wconf 66' lang='lat' dir='ltr'><strong>Venetus,</strong></span> <span class='ocrx_word' id='word_1_22' title='bbox 2502 1759 2642 1823; x_wconf 75' lang='lat'><strong>1765,</strong></span> <span class='ocrx_word' id='word_1_23' title='bbox 2666 1759 2850 1822; x_wconf 82' lang='lat' dir='ltr'><strong>in-l&#39;ol.,</strong></span> <span class='ocrx_word' id='word_1_24' title='bbox 2872 1774 2919 1824; x_wconf 88' lang='lat' dir='ltr'><strong><em>p.</em></strong></span> <span class='ocrx_word' id='word_1_25' title='bbox 2947 1761 3080 1826; x_wconf 66' lang='lat' dir='ltr'><strong>uti.)</strong></span> 
     </span>
    </p>
   </div>
   <div class='ocr_carea' id='block_1_7' title="bbox 2051 2085 2093 2140">
    <p class='ocr_par' dir='ltr' id='par_1_7' title="bbox 2051 2085 2093 2140">
     <span class='ocr_line' id='line_1_7' title="bbox 2051 2085 2093 2140; baseline -0.024 0"><span class='ocrx_word' id='word_1_26' title='bbox 2051 2085 2093 2140; x_wconf 88' lang='grc'><strong>1.</strong></span> 
     </span>
    </p>
   </div>
   <div class='ocr_carea' id='block_1_8' title="bbox 914 2193 3206 2273">
    <p class='ocr_par' dir='ltr' id='par_1_8' title="bbox 914 2193 3206 2273">
     <span class='ocr_line' id='line_1_8' title="bbox 914 2193 3206 2273; baseline -0.002 -19"><span class='ocrx_word' id='word_1_27' title='bbox 914 2201 1185 2270; x_wconf 65' lang='lat' dir='ltr'><strong>Duasus,</strong></span> <span class='ocrx_word' id='word_1_28' title='bbox 1217 2201 1296 2256; x_wconf 77' lang='lat' dir='ltr'><strong>vel</strong></span> <span class='ocrx_word' id='word_1_29' title='bbox 1325 2201 1564 2273; x_wconf 73' lang='lat' dir='ltr'><strong>quisquis</strong></span> <span class='ocrx_word' id='word_1_30' title='bbox 1589 2209 1776 2255; x_wconf 87' lang='lat' dir='ltr'><strong>auctor</strong></span> <span class='ocrx_word' id='word_1_31' title='bbox 1802 2201 1894 2267; x_wconf 83' lang='lat' dir='ltr'><strong>sit,</strong></span> <span class='ocrx_word' id='word_1_32' title='bbox 1925 2201 2110 2256; x_wconf 82' lang='lat' dir='ltr'><strong>Carm.</strong></span> <span class='ocrx_word' id='word_1_33' title='bbox 2143 2213 2217 2271; x_wconf 85' lang='lat' dir='ltr'><strong>Iv,</strong></span> <span class='ocrx_word' id='word_1_34' title='bbox 2251 2214 2317 2254; x_wconf 81' lang='lat' dir='ltr'><strong>ea:</strong></span> <span class='ocrx_word' id='word_1_35' title='bbox 2341 2197 2471 2254; x_wconf 84' lang='lat' dir='ltr'><strong>edit.</strong></span> <span class='ocrx_word' id='word_1_36' title='bbox 2509 2193 2816 2264; x_wconf 84' lang='lat' dir='ltr'><strong>Sarazanii,</strong></span> <span class='ocrx_word' id='word_1_37' title='bbox 2843 2195 3020 2254; x_wconf 70' lang='lat' dir='ltr'><strong>Ronan:</strong></span> <span class='ocrx_word' id='word_1_38' title='bbox 3048 2195 3206 2250; x_wconf 76' lang='lat' dir='ltr'><strong>l658.</strong></span> 
     </span>
    </p>
   </div>
   <div class='ocr_carea' id='block_1_9' title="bbox 1321 2317 2097 2388">
    <p class='ocr_par' dir='ltr' id='par_1_9' title="bbox 1321 2317 2097 2388">
     <span class='ocr_line' id='line_1_9' title="bbox 1321 2317 2097 2388; baseline 0.003 -15"><span class='ocrx_word' id='word_1_39' title='bbox 1321 2319 1566 2388; x_wconf 81' lang='lat' dir='ltr'><strong>Andrea,</strong></span> <span class='ocrx_word' id='word_1_40' title='bbox 1595 2317 1798 2374; x_wconf 77' lang='lat' dir='ltr'><strong>Christi</strong></span> <span class='ocrx_word' id='word_1_41' title='bbox 1830 2319 2097 2388; x_wconf 88' lang='lat' dir='ltr'><strong>apostole.</strong></span> 
     </span>
    </p>
   </div>
   <div class='ocr_carea' id='block_1_10' title="bbox 1463 2387 2175 2470">
    <p class='ocr_par' dir='ltr' id='par_1_10' title="bbox 1463 2387 2175 2470">
     <span class='ocr_line' id='line_1_10' title="bbox 1463 2387 2175 2470; baseline 0.006 -28"><span class='ocrx_word' id='word_1_42' title='bbox 1463 2387 1580 2470; x_wconf 47' lang='lat' dir='ltr'><strong>{ipe</strong></span> <span class='ocrx_word' id='word_1_43' title='bbox 1609 2389 1729 2470; x_wconf 75' lang='lat' dir='ltr'><strong>ipso</strong></span> <span class='ocrx_word' id='word_1_44' title='bbox 1755 2387 1881 2470; x_wconf 80' lang='lat' dir='ltr'><strong>jam</strong></span> <span class='ocrx_word' id='word_1_45' title='bbox 1906 2390 2175 2470; x_wconf 78' lang='lat' dir='ltr'><strong>vocabulo</strong></span> 
     </span>
    </p>
   </div>
   <div class='ocr_carea' id='block_1_11' title="bbox 1473 2458 2132 2527">
    <p class='ocr_par' dir='ltr' id='par_1_11' title="bbox 1473 2458 2132 2527">
     <span class='ocr_line' id='line_1_11' title="bbox 1473 2458 2132 2527; baseline 0.005 -15"><span class='ocrx_word' id='word_1_46' title='bbox 1473 2458 1722 2526; x_wconf 75' lang='lat' dir='ltr'><strong>Signaris</strong></span> <span class='ocrx_word' id='word_1_47' title='bbox 1756 2458 1860 2514; x_wconf 89' lang='lat' dir='ltr'><strong>isto</strong></span> <span class='ocrx_word' id='word_1_48' title='bbox 1886 2460 2132 2527; x_wconf 86' lang='lat' dir='ltr'><strong>nomine,</strong></span> 
     </span>
    </p>
   </div>
   <div class='ocr_carea' id='block_1_12' title="bbox 1467 2528 2172 2602">
    <p class='ocr_par' dir='ltr' id='par_1_12' title="bbox 1467 2528 2172 2602">
     <span class='ocr_line' id='line_1_12' title="bbox 1467 2528 2172 2602; baseline -0.001 -20"><span class='ocrx_word' id='word_1_49' title='bbox 1467 2528 1711 2585; x_wconf 79' lang='lat' dir='ltr'><strong>Decorus</strong></span> <span class='ocrx_word' id='word_1_50' title='bbox 1743 2530 1886 2584; x_wconf 90' lang='lat' dir='ltr'><strong>idem</strong></span> <span class='ocrx_word' id='word_1_51' title='bbox 1919 2531 2172 2602; x_wconf 77' lang='lat' dir='ltr'><strong>mystice.</strong></span> 
     </span>
    </p>
   </div>
   <div class='ocr_carea' id='block_1_13' title="bbox 1323 2643 2229 2714">
    <p class='ocr_par' dir='ltr' id='par_1_13' title="bbox 1323 2643 2229 2714">
     <span class='ocr_line' id='line_1_13' title="bbox 1323 2643 2229 2714; baseline -0.001 -16"><span class='ocrx_word' id='word_1_52' title='bbox 1323 2645 1495 2714; x_wconf 85' lang='lat' dir='ltr'><strong>Quem</strong></span> <span class='ocrx_word' id='word_1_53' title='bbox 1529 2659 1661 2700; x_wconf 81' lang='lat' dir='ltr'><strong>crux</strong></span> <span class='ocrx_word' id='word_1_54' title='bbox 1694 2643 1761 2700; x_wconf 83' lang='lat' dir='ltr'><strong>ad</strong></span> <span class='ocrx_word' id='word_1_55' title='bbox 1795 2644 1904 2699; x_wconf 84' lang='lat' dir='ltr'><strong>alta</strong></span> <span class='ocrx_word' id='word_1_56' title='bbox 1935 2643 2229 2714; x_wconf 88' lang='lat' dir='ltr'><strong>provehit,</strong></span> 
     </span>
    </p>
   </div>
   <div class='ocr_carea' id='block_1_14' title="bbox 1463 2713 2250 2785">
    <p class='ocr_par' dir='ltr' id='par_1_14' title="bbox 1463 2713 2250 2785">
     <span class='ocr_line' id='line_1_14' title="bbox 1463 2713 2250 2785; baseline -0.003 -17"><span class='ocrx_word' id='word_1_57' title='bbox 1463 2713 1614 2785; x_wconf 79' lang='lat' dir='ltr'><strong>Crux</strong></span> <span class='ocrx_word' id='word_1_58' title='bbox 1640 2730 1803 2784; x_wconf 83' lang='lat' dir='ltr'><strong>quem</strong></span> <span class='ocrx_word' id='word_1_59' title='bbox 1841 2713 1999 2769; x_wconf 75' lang='lat' dir='ltr'><strong>beata</strong></span> <span class='ocrx_word' id='word_1_60' title='bbox 2035 2713 2250 2785; x_wconf 81' lang='lat' dir='ltr'><strong>diligit,</strong></span> 
     </span>
    </p>
   </div>
   <div class='ocr_carea' id='block_1_15' title="bbox 1468 2784 2269 2854">
    <p class='ocr_par' dir='ltr' id='par_1_15' title="bbox 1468 2784 2269 2854">
     <span class='ocr_line' id='line_1_15' title="bbox 1468 2784 2269 2854; baseline 0 -16"><span class='ocrx_word' id='word_1_61' title='bbox 1468 2784 1571 2854; x_wconf 78' lang='lat' dir='ltr'><strong><em>Cui</em></strong></span> <span class='ocrx_word' id='word_1_62' title='bbox 1607 2800 1744 2854; x_wconf 84' lang='lat' dir='ltr'><strong>crux</strong></span> <span class='ocrx_word' id='word_1_63' title='bbox 1776 2799 1963 2839; x_wconf 85' lang='lat' dir='ltr'><strong>amara</strong></span> <span class='ocrx_word' id='word_1_64' title='bbox 1995 2784 2269 2854; x_wconf 65' lang='lat' dir='ltr'><strong>praeparat</strong></span> 
     </span>
    </p>
   </div>
   <div class='ocr_carea' id='block_1_16' title="bbox 1468 2852 2112 2924">
    <p class='ocr_par' dir='ltr' id='par_1_16' title="bbox 1468 2852 2112 2924">
     <span class='ocr_line' id='line_1_16' title="bbox 1468 2852 2112 2924; baseline 0.006 -18"><span class='ocrx_word' id='word_1_65' title='bbox 1468 2852 1635 2910; x_wconf 88' lang='lat' dir='ltr'><strong>Lucis</strong></span> <span class='ocrx_word' id='word_1_66' title='bbox 1663 2853 1862 2910; x_wconf 73' lang='lat' dir='ltr'><strong>futurae</strong></span> <span class='ocrx_word' id='word_1_67' title='bbox 1888 2852 2112 2924; x_wconf 78' lang='lat' dir='ltr'><strong>gaudia.</strong></span> 
     </span>
    </p>
   </div>
   <div class='ocr_carea' id='block_1_17' title="bbox 1330 2969 2036 3042">
    <p class='ocr_par' dir='ltr' id='par_1_17' title="bbox 1330 2969 2036 3042">
     <span class='ocr_line' id='line_1_17' title="bbox 1330 2969 2036 3042; baseline 0.001 -19"><span class='ocrx_word' id='word_1_68' title='bbox 1330 2969 1389 3024; x_wconf 88' lang='lat' dir='ltr'><strong>ln</strong></span> <span class='ocrx_word' id='word_1_69' title='bbox 1421 2978 1472 3024; x_wconf 90' lang='lat' dir='ltr'><strong>te</strong></span> <span class='ocrx_word' id='word_1_70' title='bbox 1482 2971 1683 3042; x_wconf 72' lang='lat' dir='ltr'><strong>_crucis</strong></span> <span class='ocrx_word' id='word_1_71' title='bbox 1713 2969 2036 3042; x_wconf 73' lang='lat' dir='ltr'><strong>mysterium</strong></span> 
     </span>
    </p>
   </div>
   <div class='ocr_carea' id='block_1_18' title="bbox 1469 3039 2273 3115">
    <p class='ocr_par' dir='ltr' id='par_1_18' title="bbox 1469 3039 2273 3115">
     <span class='ocr_line' id='line_1_18' title="bbox 1469 3039 2273 3115; baseline 0.005 -21"><span class='ocrx_word' id='word_1_72' title='bbox 1469 3039 1620 3115; x_wconf 72' lang='lat' dir='ltr'><strong>Cluit</strong></span> <span class='ocrx_word' id='word_1_73' title='bbox 1638 3039 1870 3115; x_wconf 74' lang='lat' dir='ltr'><strong>gemello</strong></span> <span class='ocrx_word' id='word_1_74' title='bbox 1895 3044 2175 3115; x_wconf 75' lang='lat' dir='ltr'><strong>stigmate,</strong></span> <span class='ocrx_word' id='word_1_75' title='bbox 2269 3044 2273 3048; x_wconf 83' lang='grc'><em>’</em></span> 
     </span>
    </p>
   </div>
   <div class='ocr_carea' id='block_1_19' title="bbox 1469 3111 2452 3183">
    <p class='ocr_par' dir='ltr' id='par_1_19' title="bbox 1469 3111 2452 3183">
     <span class='ocr_line' id='line_1_19' title="bbox 1469 3111 2452 3183; baseline 0.003 -17"><span class='ocrx_word' id='word_1_76' title='bbox 1469 3111 1612 3183; x_wconf 76' lang='lat' dir='ltr'><strong>Dum</strong></span> <span class='ocrx_word' id='word_1_77' title='bbox 1643 3111 1846 3180; x_wconf 70' lang='lat' dir='ltr'><strong>probra</strong></span> <span class='ocrx_word' id='word_1_78' title='bbox 1876 3111 2054 3183; x_wconf 79' lang='lat' dir='ltr'><strong>vincis</strong></span> <span class='ocrx_word' id='word_1_79' title='bbox 2082 3127 2180 3183; x_wconf 84' lang='lat' dir='ltr'><strong>per</strong></span> <span class='ocrx_word' id='word_1_80' title='bbox 2207 3127 2452 3176; x_wconf 88' lang='lat' dir='ltr'><strong>crucem,</strong></span> 
     </span>
    </p>
   </div>
   <div class='ocr_carea' id='block_1_20' title="bbox 1468 3181 2805 3256">
    <p class='ocr_par' dir='ltr' id='par_1_20' title="bbox 1468 3181 2805 3256">
     <span class='ocr_line' id='line_1_20' title="bbox 1468 3181 2805 3256; baseline 0 -19"><span class='ocrx_word' id='word_1_81' title='bbox 1468 3181 1772 3252; x_wconf 88' lang='lat' dir='ltr'><strong>Crucisque</strong></span> <span class='ocrx_word' id='word_1_82' title='bbox 1796 3182 1992 3252; x_wconf 86' lang='lat' dir='ltr'><strong>pandis</strong></span> <span class='ocrx_word' id='word_1_83' title='bbox 2015 3181 2361 3255; x_wconf 76' lang='lat' dir='ltr'><strong>sanguinem.</strong></span> <span class='ocrx_word' id='word_1_84' title='bbox 2391 3183 2566 3256; x_wconf 85' lang='lat' dir='ltr'><strong><em>Epist.</em></strong></span> <span class='ocrx_word' id='word_1_85' title='bbox 2596 3200 2714 3254; x_wconf 87' lang='lat' dir='ltr'><strong>cap.</strong></span> <span class='ocrx_word' id='word_1_86' title='bbox 2753 3198 2805 3237; x_wconf 70' lang='grc' dir='ltr'><strong>ι.</strong></span> 
     </span>
    </p>
   </div>
   <div class='ocr_carea' id='block_1_21' title="bbox 621 3392 3511 3502">
    <p class='ocr_par' dir='ltr' id='par_1_21' title="bbox 621 3392 3511 3502">
     <span class='ocr_line' id='line_1_21' title="bbox 621 3392 3511 3502; baseline -0.002 -19"><span class='ocrx_word' id='word_1_87' title='bbox 621 3427 996 3497; x_wconf 77' lang='lat' dir='ltr'><strong>illnnonvuus,</strong></span> <span class='ocrx_word' id='word_1_88' title='bbox 1020 3428 1184 3500; x_wconf 81' lang='lat' dir='ltr'><strong>epist.</strong></span> <span class='ocrx_word' id='word_1_89' title='bbox 1216 3444 1309 3484; x_wconf 72' lang='grc' dir='ltr'><strong>ιιι</strong></span> <span class='ocrx_word' id='word_1_90' title='bbox 1337 3429 1412 3484; x_wconf 88' lang='lat' dir='ltr'><strong>at.</strong></span> <span class='ocrx_word' id='word_1_91' title='bbox 1445 3443 1648 3485; x_wconf 77' lang='lat' dir='ltr'><strong>chvm</strong></span> <span class='ocrx_word' id='word_1_92' title='bbox 1681 3427 1750 3485; x_wconf 82' lang='lat' dir='ltr'><strong>ad</strong></span> <span class='ocrx_word' id='word_1_93' title='bbox 1782 3425 2118 3496; x_wconf 82' lang='lat' dir='ltr'><strong>Marcellam,</strong></span> <span class='ocrx_word' id='word_1_94' title='bbox 2148 3445 2297 3484; x_wconf 91' lang='lat' dir='ltr'><strong>num.</strong></span> <span class='ocrx_word' id='word_1_95' title='bbox 2326 3429 2382 3496; x_wconf 84' lang='lat'><strong>5,</strong></span> <span class='ocrx_word' id='word_1_96' title='bbox 2419 3439 2546 3487; x_wconf 88' lang='lat' dir='ltr'><strong>tom.</strong></span> <span class='ocrx_word' id='word_1_97' title='bbox 2574 3429 2615 3499; x_wconf 89' lang='lat' dir='ltr'><strong>l,</strong></span> <span class='ocrx_word' id='word_1_98' title='bbox 2637 3447 2760 3502; x_wconf 87' lang='lat' dir='ltr'><strong>pag.</strong></span> <span class='ocrx_word' id='word_1_99' title='bbox 2792 3428 2920 3497; x_wconf 73' lang='lat'><strong>528,</strong></span> <span class='ocrx_word' id='word_1_100' title='bbox 2950 3427 3078 3482; x_wconf 84' lang='lat' dir='ltr'><strong>edit.</strong></span> <span class='ocrx_word' id='word_1_101' title='bbox 3122 3392 3314 3480; x_wconf 85' lang='lat' dir='ltr'><strong>Veron.</strong></span> <span class='ocrx_word' id='word_1_102' title='bbox 3349 3421 3511 3478; x_wconf 68' lang='grc'><strong>1754.</strong></span> 
     </span>
    </p>
   </div>
   <div class='ocr_carea' id='block_1_22' title="bbox 518 3531 3710 3630">
    <p class='ocr_par' dir='ltr' id='par_1_22' title="bbox 518 3531 3710 3630">
     <span class='ocr_line' id='line_1_22' title="bbox 518 3531 3710 3630; baseline -0.003 -28"><span class='ocrx_word' id='word_1_103' title='bbox 518 3548 576 3602; x_wconf 85' lang='lat' dir='ltr'><strong>In</strong></span> <span class='ocrx_word' id='word_1_104' title='bbox 601 3549 871 3630; x_wconf 49' lang='lat' dir='ltr'><strong>amnibus</strong></span> <span class='ocrx_word' id='word_1_105' title='bbox 900 3548 1034 3630; x_wconf 83' lang='lat' dir='ltr'><strong>locis</strong></span> <span class='ocrx_word' id='word_1_106' title='bbox 1079 3547 1406 3630; x_wconf 74' lang='lat' dir='ltr'><strong>versabatur</strong></span> <span class='ocrx_word' id='word_1_107' title='bbox 1442 3547 1692 3630; x_wconf 46' lang='lat' dir='ltr'><strong>(Jesusn</strong></span> <span class='ocrx_word' id='word_1_108' title='bbox 1723 3563 1847 3630; x_wconf 64' lang='lat' dir='ltr'><strong>cum</strong></span> <span class='ocrx_word' id='word_1_109' title='bbox 1883 3547 2094 3630; x_wconf 84' lang='lat' dir='ltr'><strong>Thoma</strong></span> <span class='ocrx_word' id='word_1_110' title='bbox 2127 3548 2183 3602; x_wconf 93' lang='lat' dir='ltr'><strong>in</strong></span> <span class='ocrx_word' id='word_1_111' title='bbox 2215 3548 2392 3616; x_wconf 86' lang='lat' dir='ltr'><strong>India,</strong></span> <span class='ocrx_word' id='word_1_112' title='bbox 2417 3564 2542 3604; x_wconf 91' lang='lat' dir='ltr'><strong>cum</strong></span> <span class='ocrx_word' id='word_1_113' title='bbox 2575 3546 2738 3605; x_wconf 89' lang='lat' dir='ltr'><strong>Petro</strong></span> <span class='ocrx_word' id='word_1_114' title='bbox 2778 3531 2986 3613; x_wconf 57' lang='lat' dir='ltr'><strong>Romae,</strong></span> <span class='ocrx_word' id='word_1_115' title='bbox 3017 3560 3142 3601; x_wconf 88' lang='lat' dir='ltr'><strong>cum</strong></span> <span class='ocrx_word' id='word_1_116' title='bbox 3169 3543 3340 3598; x_wconf 90' lang='lat' dir='ltr'><strong>Paulo</strong></span> <span class='ocrx_word' id='word_1_117' title='bbox 3360 3543 3416 3598; x_wconf 93' lang='lat' dir='ltr'><strong>in</strong></span> <span class='ocrx_word' id='word_1_118' title='bbox 3450 3538 3710 3610; x_wconf 80' lang='lat' dir='ltr'><strong>Illyrico,</strong></span> 
     </span>
    </p>
   </div>
   <div class='ocr_carea' id='block_1_23' title="bbox 449 3618 2148 3689">
    <p class='ocr_par' dir='ltr' id='par_1_23' title="bbox 449 3618 2148 3689">
     <span class='ocr_line' id='line_1_23' title="bbox 449 3618 2148 3689; baseline 0 -15"><span class='ocrx_word' id='word_1_119' title='bbox 449 3634 573 3675; x_wconf 91' lang='lat' dir='ltr'><strong>cum</strong></span> <span class='ocrx_word' id='word_1_120' title='bbox 601 3619 724 3675; x_wconf 85' lang='lat' dir='ltr'><strong>Tito</strong></span> <span class='ocrx_word' id='word_1_121' title='bbox 750 3619 806 3674; x_wconf 90' lang='lat' dir='ltr'><strong>in</strong></span> <span class='ocrx_word' id='word_1_122' title='bbox 831 3619 1016 3685; x_wconf 82' lang='lat' dir='ltr'><strong>Creta,</strong></span> <span class='ocrx_word' id='word_1_123' title='bbox 1046 3635 1172 3676; x_wconf 86' lang='lat' dir='ltr'><strong>cum</strong></span> <span class='ocrx_word' id='word_1_124' title='bbox 1196 3621 1414 3676; x_wconf 82' lang='lat' dir='ltr'><strong>Andrea</strong></span> <span class='ocrx_word' id='word_1_125' title='bbox 1444 3618 1499 3674; x_wconf 92' lang='lat' dir='ltr'><strong>in</strong></span> <span class='ocrx_word' id='word_1_126' title='bbox 1525 3618 1752 3674; x_wconf 84' lang='lat' dir='ltr'><strong>Achaia.</strong></span> <span class='ocrx_word' id='word_1_127' title='bbox 1781 3618 1920 3689; x_wconf 85' lang='lat' dir='ltr'><strong>Cap.</strong></span> <span class='ocrx_word' id='word_1_128' title='bbox 1949 3633 2014 3686; x_wconf 88' lang='grc' dir='ltr'><strong>ιι,</strong></span> <span class='ocrx_word' id='word_1_129' title='bbox 2041 3627 2148 3674; x_wconf 86' lang='lat' dir='ltr'><strong>etc.</strong></span> 
     </span>
    </p>
   </div>
   <div class='ocr_carea' id='block_1_24' title="bbox 2051 3777 2135 3836">
    <p class='ocr_par' dir='ltr' id='par_1_24' title="bbox 2051 3777 2135 3836">
     <span class='ocr_line' id='line_1_24' title="bbox 2051 3777 2135 3836; baseline 0.036 -3"><span class='ocrx_word' id='word_1_130' title='bbox 2051 3777 2135 3836; x_wconf 87' lang='lat' dir='ltr'><strong>Ill.</strong></span> 
     </span>
    </p>
   </div>
   <div class='ocr_carea' id='block_1_25' title="bbox 1259 3890 2883 3970">
    <p class='ocr_par' dir='ltr' id='par_1_25' title="bbox 1259 3890 2883 3970">
     <span class='ocr_line' id='line_1_25' title="bbox 1259 3890 2883 3970; baseline -0.006 -16"><span class='ocrx_word' id='word_1_131' title='bbox 1259 3897 1609 3957; x_wconf 75' lang='lat' dir='ltr'><strong>GAUDENTIUS</strong></span> <span class='ocrx_word' id='word_1_132' title='bbox 1639 3899 1812 3970; x_wconf 81' lang='lat' dir='ltr'><strong>Brix.,</strong></span> <span class='ocrx_word' id='word_1_133' title='bbox 1845 3903 1903 3956; x_wconf 83' lang='lat' dir='ltr'><strong>in</strong></span> <span class='ocrx_word' id='word_1_134' title='bbox 1934 3919 2093 3957; x_wconf 84' lang='lat' dir='ltr'><strong>serm.</strong></span> <span class='ocrx_word' id='word_1_135' title='bbox 2123 3899 2300 3954; x_wconf 79' lang='lat' dir='ltr'><strong>habito</strong></span> <span class='ocrx_word' id='word_1_136' title='bbox 2330 3897 2385 3950; x_wconf 88' lang='lat' dir='ltr'><strong>in</strong></span> <span class='ocrx_word' id='word_1_137' title='bbox 2415 3893 2658 3950; x_wconf 87' lang='lat' dir='ltr'><strong>Dedicat.</strong></span> <span class='ocrx_word' id='word_1_138' title='bbox 2685 3890 2883 3948; x_wconf 88' lang='lat' dir='ltr'><strong>eccles.</strong></span> 
     </span>
    </p>
   </div>
   <div class='ocr_carea' id='block_1_26' title="bbox 523 3990 3718 4085">
    <p class='ocr_par' dir='ltr' id='par_1_26' title="bbox 523 3990 3718 4085">
     <span class='ocr_line' id='line_1_26' title="bbox 523 3990 3718 4085; baseline -0.006 -19"><span class='ocrx_word' id='word_1_139' title='bbox 523 4011 764 4069; x_wconf 78' lang='lat' dir='ltr'><strong>Joannes</strong></span> <span class='ocrx_word' id='word_1_140' title='bbox 797 4014 851 4068; x_wconf 88' lang='lat' dir='ltr'><strong>in</strong></span> <span class='ocrx_word' id='word_1_141' title='bbox 888 4013 1187 4070; x_wconf 86' lang='lat' dir='ltr'><strong>Sebastena</strong></span> <span class='ocrx_word' id='word_1_142' title='bbox 1219 4016 1359 4070; x_wconf 86' lang='lat' dir='ltr'><strong>urbe</strong></span> <span class='ocrx_word' id='word_1_143' title='bbox 1379 4016 1677 4085; x_wconf 66' lang='lat' dir='ltr'><strong>provincia:</strong></span> <span class='ocrx_word' id='word_1_144' title='bbox 1721 4017 2056 4078; x_wconf 62' lang='lat' dir='ltr'><strong>Palaestina.</strong></span> <span class='ocrx_word' id='word_1_145' title='bbox 2083 4012 2327 4069; x_wconf 86' lang='lat' dir='ltr'><strong>Thomas</strong></span> <span class='ocrx_word' id='word_1_146' title='bbox 2355 4008 2500 4081; x_wconf 86' lang='lat' dir='ltr'><strong>apud</strong></span> <span class='ocrx_word' id='word_1_147' title='bbox 2535 4007 2720 4072; x_wconf 88' lang='lat' dir='ltr'><strong>ludos,</strong></span> <span class='ocrx_word' id='word_1_148' title='bbox 2744 3990 2992 4061; x_wconf 77' lang='lat' dir='ltr'><strong>Andreas</strong></span> <span class='ocrx_word' id='word_1_149' title='bbox 3031 4010 3088 4057; x_wconf 90' lang='lat' dir='ltr'><strong>et</strong></span> <span class='ocrx_word' id='word_1_150' title='bbox 3121 3998 3300 4055; x_wconf 86' lang='lat' dir='ltr'><strong>Lucas</strong></span> <span class='ocrx_word' id='word_1_151' title='bbox 3341 3996 3487 4069; x_wconf 88' lang='lat' dir='ltr'><strong>apud</strong></span> <span class='ocrx_word' id='word_1_152' title='bbox 3517 3991 3718 4048; x_wconf 75' lang='lat' dir='ltr'><strong>Patras</strong></span> 
     </span>
    </p>
   </div>
   <div class='ocr_carea' id='block_1_27' title="bbox 461 4085 2063 4160">
    <p class='ocr_par' dir='ltr' id='par_1_27' title="bbox 461 4085 2063 4160">
     <span class='ocr_line' id='line_1_27' title="bbox 461 4085 2063 4160; baseline 0.003 -23"><span class='ocrx_word' id='word_1_153' title='bbox 461 4085 684 4140; x_wconf 68' lang='lat' dir='ltr'><strong>Achaiae</strong></span> <span class='ocrx_word' id='word_1_154' title='bbox 707 4085 1008 4149; x_wconf 85' lang='lat' dir='ltr'><strong>civitatem,</strong></span> <span class='ocrx_word' id='word_1_155' title='bbox 1035 4088 1408 4142; x_wconf 85' lang='lat' dir='ltr'><strong>consummati</strong></span> <span class='ocrx_word' id='word_1_156' title='bbox 1434 4085 1767 4143; x_wconf 82' lang='lat' dir='ltr'><strong>referuntur.</strong></span> <span class='ocrx_word' id='word_1_157' title='bbox 1801 4087 1934 4160; x_wconf 89' lang='lat' dir='ltr'><strong><em>Cap.</em></strong></span> <span class='ocrx_word' id='word_1_158' title='bbox 1962 4101 2063 4142; x_wconf 75' lang='lat' dir='ltr'><strong>xu.</strong></span> 
     </span>
    </p>
   </div>
   <div class='ocr_carea' id='block_1_28' title="bbox 2035 4219 2126 4276">
    <p class='ocr_par' dir='ltr' id='par_1_28' title="bbox 2035 4219 2126 4276">
     <span class='ocr_line' id='line_1_28' title="bbox 2035 4219 2126 4276; baseline 0 0"><span class='ocrx_word' id='word_1_159' title='bbox 2035 4219 2126 4276; x_wconf 82' lang='lat' dir='ltr'><strong>IV.</strong></span> 
     </span>
    </p>
   </div>
   <div class='ocr_carea' id='block_1_29' title="bbox 827 4321 3350 4407">
    <p class='ocr_par' dir='ltr' id='par_1_29' title="bbox 827 4321 3350 4407">
     <span class='ocr_line' id='line_1_29' title="bbox 827 4321 3350 4407; baseline -0.006 -15"><span class='ocrx_word' id='word_1_160' title='bbox 827 4339 1102 4392; x_wconf 69' lang='lat' dir='ltr'><strong>Hunnus</strong></span> <span class='ocrx_word' id='word_1_161' title='bbox 1129 4333 1403 4402; x_wconf 67' lang='lat' dir='ltr'><strong>Nonnus,</strong></span> <span class='ocrx_word' id='word_1_162' title='bbox 1433 4336 1502 4392; x_wconf 90' lang='lat' dir='ltr'><strong>de</strong></span> <span class='ocrx_word' id='word_1_163' title='bbox 1525 4335 1584 4392; x_wconf 92' lang='lat' dir='ltr'><strong>S.</strong></span> <span class='ocrx_word' id='word_1_164' title='bbox 1609 4335 1810 4407; x_wconf 89' lang='lat' dir='ltr'><strong>Felice,</strong></span> <span class='ocrx_word' id='word_1_165' title='bbox 1837 4337 2026 4393; x_wconf 87' lang='lat' dir='ltr'><strong><em>Natat.</em></strong></span> <span class='ocrx_word' id='word_1_166' title='bbox 2060 4353 2138 4404; x_wconf 70' lang='grc' dir='ltr'><strong>ιι,</strong></span> <span class='ocrx_word' id='word_1_167' title='bbox 2170 4351 2304 4391; x_wconf 74' lang='lat' dir='ltr'><strong>vers.</strong></span> <span class='ocrx_word' id='word_1_168' title='bbox 2335 4332 2464 4400; x_wconf 70' lang='lat'><strong>406,</strong></span> <span class='ocrx_word' id='word_1_169' title='bbox 2494 4348 2616 4404; x_wconf 89' lang='lat' dir='ltr'><strong><em>pag.</em></strong></span> <span class='ocrx_word' id='word_1_170' title='bbox 2644 4328 2770 4396; x_wconf 79' lang='lat'><strong>657,</strong></span> <span class='ocrx_word' id='word_1_171' title='bbox 2801 4327 2930 4383; x_wconf 85' lang='lat' dir='ltr'><strong><em>edit.</em></strong></span> <span class='ocrx_word' id='word_1_172' title='bbox 2969 4325 3153 4381; x_wconf 85' lang='lat' dir='ltr'><strong>Veron.</strong></span> <span class='ocrx_word' id='word_1_173' title='bbox 3193 4321 3350 4377; x_wconf 75' lang='grc'><strong>1756.</strong></span> 
     </span>
    </p>
   </div>
   <div class='ocr_carea' id='block_1_30' title="bbox 1233 4446 2660 4521">
    <p class='ocr_par' dir='ltr' id='par_1_30' title="bbox 1233 4446 2660 4521">
     <span class='ocr_line' id='line_1_30' title="bbox 1233 4446 2660 4521; baseline -0.001 -18"><span class='ocrx_word' id='word_1_174' title='bbox 1233 4446 1368 4521; x_wconf 62' lang='lat' dir='ltr'><strong>ﬁeic</strong></span> <span class='ocrx_word' id='word_1_175' title='bbox 1396 4459 1550 4518; x_wconf 89' lang='lat' dir='ltr'><strong>pater</strong></span> <span class='ocrx_word' id='word_1_176' title='bbox 1575 4449 1841 4516; x_wconf 83' lang='lat' dir='ltr'><strong>Andreas,</strong></span> <span class='ocrx_word' id='word_1_177' title='bbox 1865 4450 1986 4521; x_wconf 85' lang='lat' dir='ltr'><strong>heic</strong></span> <span class='ocrx_word' id='word_1_178' title='bbox 2004 4450 2098 4521; x_wconf 89' lang='lat' dir='ltr'><strong>qui</strong></span> <span class='ocrx_word' id='word_1_179' title='bbox 2128 4449 2368 4520; x_wconf 88' lang='lat' dir='ltr'><strong>piscator</strong></span> <span class='ocrx_word' id='word_1_180' title='bbox 2393 4446 2458 4521; x_wconf 80' lang='lat' dir='ltr'><strong>ad</strong></span> <span class='ocrx_word' id='word_1_181' title='bbox 2488 4446 2660 4518; x_wconf 78' lang='lat' dir='ltr'><strong>Argos</strong></span> 
     </span>
    </p>
   </div>
   <div class='ocr_carea' id='block_1_31' title="bbox 1238 4517 2662 4590">
    <p class='ocr_par' dir='ltr' id='par_1_31' title="bbox 1238 4517 2662 4590">
     <span class='ocr_line' id='line_1_31' title="bbox 1238 4517 2662 4590; baseline -0.002 -17"><span class='ocrx_word' id='word_1_182' title='bbox 1238 4517 1465 4590; x_wconf 70' lang='lat' dir='ltr'><strong>Missus,</strong></span> <span class='ocrx_word' id='word_1_183' title='bbox 1494 4521 1820 4590; x_wconf 74' lang='lat' dir='ltr'><strong>vaniloquus</strong></span> <span class='ocrx_word' id='word_1_184' title='bbox 1847 4517 2036 4576; x_wconf 82' lang='lat' dir='ltr'><strong>docuit</strong></span> <span class='ocrx_word' id='word_1_185' title='bbox 2070 4517 2377 4590; x_wconf 79' lang='lat' dir='ltr'><strong>mutescere</strong></span> <span class='ocrx_word' id='word_1_186' title='bbox 2408 4517 2621 4590; x_wconf 74' lang='lat' dir='ltr'><strong>linguas</strong></span> <span class='ocrx_word' id='word_1_187' title='bbox 2646 4532 2662 4570; x_wconf 87' lang='lat'><strong>:</strong></span> 
     </span>
    </p>
   </div>
   <div class='ocr_carea' id='block_1_32' title="bbox 1237 4587 2618 4661">
    <p class='ocr_par' dir='ltr' id='par_1_32' title="bbox 1237 4587 2618 4661">
     <span class='ocr_line' id='line_1_32' title="bbox 1237 4587 2618 4661; baseline -0.002 -18"><span class='ocrx_word' id='word_1_188' title='bbox 1237 4588 1379 4661; x_wconf 11' lang='lat' dir='ltr'><strong>Qui,</strong></span> <span class='ocrx_word' id='word_1_189' title='bbox 1414 4587 1715 4660; x_wconf 81' lang='lat' dir='ltr'><strong>postquam</strong></span> <span class='ocrx_word' id='word_1_190' title='bbox 1739 4591 1968 4661; x_wconf 87' lang='lat' dir='ltr'><strong>populos</strong></span> <span class='ocrx_word' id='word_1_191' title='bbox 1997 4590 2172 4660; x_wconf 91' lang='lat' dir='ltr'><strong>ruptis</strong></span> <span class='ocrx_word' id='word_1_192' title='bbox 2206 4589 2427 4661; x_wconf 61' lang='lat' dir='ltr'><strong>erroris</strong></span> <span class='ocrx_word' id='word_1_193' title='bbox 2438 4587 2618 4661; x_wconf 75' lang='lat' dir='ltr'><strong>iniqui</strong></span> 
     </span>
    </p>
   </div>
   <div class='ocr_carea' id='block_1_33' title="bbox 1246 4657 2617 4731">
    <p class='ocr_par' dir='ltr' id='par_1_33' title="bbox 1246 4657 2617 4731">
     <span class='ocr_line' id='line_1_33' title="bbox 1246 4657 2617 4731; baseline -0.003 -17"><span class='ocrx_word' id='word_1_194' title='bbox 1246 4657 1470 4731; x_wconf 62' lang='lat' dir='ltr'><strong>[ictibus</strong></span> <span class='ocrx_word' id='word_1_195' title='bbox 1499 4657 1780 4731; x_wconf 76' lang='lat' dir='ltr'><strong>explicuit,</strong></span> <span class='ocrx_word' id='word_1_196' title='bbox 1811 4657 2093 4731; x_wconf 79' lang='lat' dir='ltr'><strong>traxitque</strong></span> <span class='ocrx_word' id='word_1_197' title='bbox 2121 4661 2190 4716; x_wconf 88' lang='lat' dir='ltr'><strong>ad</strong></span> <span class='ocrx_word' id='word_1_198' title='bbox 2214 4657 2617 4731; x_wconf 40' lang='lat' dir='ltr'><strong>retia‘Christi,</strong></span> 
     </span>
    </p>
   </div>
   <div class='ocr_carea' id='block_1_34' title="bbox 1241 4725 2806 4805">
    <p class='ocr_par' dir='ltr' id='par_1_34' title="bbox 1241 4725 2806 4805">
     <span class='ocr_line' id='line_1_34' title="bbox 1241 4725 2806 4805; baseline -0.003 -22"><span class='ocrx_word' id='word_1_199' title='bbox 1241 4725 1586 4787; x_wconf 75' lang='lat' dir='ltr'><strong>Thessalicas</strong></span> <span class='ocrx_word' id='word_1_200' title='bbox 1610 4731 1734 4788; x_wconf 80' lang='lat' dir='ltr'><strong>fuso</strong></span> <span class='ocrx_word' id='word_1_201' title='bbox 1757 4725 2036 4787; x_wconf 77' lang='lat' dir='ltr'><strong>damnavit</strong></span> <span class='ocrx_word' id='word_1_202' title='bbox 2057 4730 2327 4803; x_wconf 73' lang='lat' dir='ltr'><strong>sanguine</strong></span> <span class='ocrx_word' id='word_1_203' title='bbox 2354 4725 2569 4782; x_wconf 87' lang='lat' dir='ltr'><strong>Patras.</strong></span> <span class='ocrx_word' id='word_1_204' title='bbox 2595 4725 2727 4805; x_wconf 81' lang='lat' dir='ltr'><strong><em>Cap.</em></strong></span> <span class='ocrx_word' id='word_1_205' title='bbox 2753 4742 2806 4780; x_wconf 74' lang='grc' dir='ltr'><strong>ι.</strong></span> 
     </span>
    </p>
   </div>
   <div class='ocr_carea' id='block_1_35' title="bbox 1204 4837 2972 4916">
    <p class='ocr_par' dir='ltr' id='par_1_35' title="bbox 1204 4837 2972 4916">
     <span class='ocr_line' id='line_1_35' title="bbox 1204 4837 2972 4916; baseline -0.003 -16"><span class='ocrx_word' id='word_1_206' title='bbox 1204 4845 1358 4913; x_wconf 74' lang='lat' dir='ltr'><strong>Ini-zu,</strong></span> <span class='ocrx_word' id='word_1_207' title='bbox 1384 4847 1540 4915; x_wconf 85' lang='lat' dir='ltr'><strong>ibid.,</strong></span> <span class='ocrx_word' id='word_1_208' title='bbox 1565 4846 1752 4903; x_wconf 83' lang='lat' dir='ltr'><strong><em>Natat.</em></strong></span> <span class='ocrx_word' id='word_1_209' title='bbox 1789 4862 1867 4914; x_wconf 73' lang='grc' dir='ltr'><strong>ιι,</strong></span> <span class='ocrx_word' id='word_1_210' title='bbox 1907 4863 2040 4902; x_wconf 78' lang='lat' dir='ltr'><strong>vers.</strong></span> <span class='ocrx_word' id='word_1_211' title='bbox 2065 4844 2292 4914; x_wconf 75' lang='lat'><strong>78-356,</strong></span> <span class='ocrx_word' id='word_1_212' title='bbox 2319 4859 2442 4916; x_wconf 83' lang='lat' dir='ltr'><strong><em>pag.</em></strong></span> <span class='ocrx_word' id='word_1_213' title='bbox 2473 4841 2603 4908; x_wconf 70' lang='lat' dir='ltr'><strong>M9,</strong></span> <span class='ocrx_word' id='word_1_214' title='bbox 2632 4840 2738 4896; x_wconf 66' lang='lat'><strong>468</strong></span> <span class='ocrx_word' id='word_1_215' title='bbox 2765 4850 2820 4896; x_wconf 87' lang='lat' dir='ltr'><strong>et</strong></span> <span class='ocrx_word' id='word_1_216' title='bbox 2847 4837 2972 4896; x_wconf 83' lang='lat'><strong>659-</strong></span> 
     </span>
    </p>
   </div>
   <div class='ocr_carea' id='block_1_36' title="bbox 1249 4958 2731 5034">
    <p class='ocr_par' dir='ltr' id='par_1_36' title="bbox 1249 4958 2731 5034">
     <span class='ocr_line' id='line_1_36' title="bbox 1249 4958 2731 5034; baseline -0.001 -18"><span class='ocrx_word' id='word_1_217' title='bbox 1249 4961 1343 5034; x_wconf 76' lang='lat' dir='ltr'><strong>§ic</strong></span> <span class='ocrx_word' id='word_1_218' title='bbox 1371 4961 1517 5034; x_wconf 89' lang='lat' dir='ltr'><strong>Deus</strong></span> <span class='ocrx_word' id='word_1_219' title='bbox 1542 4971 1599 5018; x_wconf 90' lang='lat' dir='ltr'><strong>et</strong></span> <span class='ocrx_word' id='word_1_220' title='bbox 1629 4960 1855 5034; x_wconf 88' lang='lat' dir='ltr'><strong>reliquis</strong></span> <span class='ocrx_word' id='word_1_221' title='bbox 1877 4961 2128 5018; x_wconf 78' lang='lat' dir='ltr'><strong>tribuens</strong></span> <span class='ocrx_word' id='word_1_222' title='bbox 2154 4961 2245 5032; x_wconf 89' lang='lat' dir='ltr'><strong>pia</strong></span> <span class='ocrx_word' id='word_1_223' title='bbox 2282 4974 2512 5034; x_wconf 78' lang='lat' dir='ltr'><strong>munera</strong></span> <span class='ocrx_word' id='word_1_224' title='bbox 2539 4958 2731 5034; x_wconf 76' lang='lat' dir='ltr'><strong>terris,</strong></span> 
     </span>
    </p>
   </div>
   <div class='ocr_carea' id='block_1_37' title="bbox 1245 5030 2841 5104">
    <p class='ocr_par' dir='ltr' id='par_1_37' title="bbox 1245 5030 2841 5104">
     <span class='ocr_line' id='line_1_37' title="bbox 1245 5030 2841 5104; baseline -0.003 -17"><span class='ocrx_word' id='word_1_225' title='bbox 1245 5031 1458 5104; x_wconf 68' lang='lat' dir='ltr'><strong>Sparsit</strong></span> <span class='ocrx_word' id='word_1_226' title='bbox 1486 5034 1690 5104; x_wconf 91' lang='lat' dir='ltr'><strong>ubique</strong></span> <span class='ocrx_word' id='word_1_227' title='bbox 1715 5030 1822 5090; x_wconf 80' lang='lat' dir='ltr'><strong>loci</strong></span> <span class='ocrx_word' id='word_1_228' title='bbox 1850 5047 2087 5104; x_wconf 67' lang='lat' dir='ltr'><strong>magnas</strong></span> <span class='ocrx_word' id='word_1_229' title='bbox 2115 5030 2218 5088; x_wconf 83' lang='lat' dir='ltr'><strong>sua</strong></span> <span class='ocrx_word' id='word_1_230' title='bbox 2247 5031 2496 5087; x_wconf 87' lang='lat' dir='ltr'><strong>membra</strong></span> <span class='ocrx_word' id='word_1_231' title='bbox 2525 5044 2622 5100; x_wconf 88' lang='lat' dir='ltr'><strong>per</strong></span> <span class='ocrx_word' id='word_1_232' title='bbox 2656 5030 2841 5085; x_wconf 86' lang='lat' dir='ltr'><strong>urbes.</strong></span> 
     </span>
    </p>
   </div>
   <div class='ocr_carea' id='block_1_38' title="bbox 1245 5102 2524 5160">
    <p class='ocr_par' dir='ltr' id='par_1_38' title="bbox 1245 5102 2524 5160">
     <span class='ocr_line' id='line_1_38' title="bbox 1245 5102 2524 5160; baseline -0.002 -2"><span class='ocrx_word' id='word_1_233' title='bbox 1245 5102 1339 5159; x_wconf 90' lang='lat' dir='ltr'><strong>Sic</strong></span> <span class='ocrx_word' id='word_1_234' title='bbox 1367 5104 1520 5160; x_wconf 90' lang='lat' dir='ltr'><strong>dedit</strong></span> <span class='ocrx_word' id='word_1_235' title='bbox 1548 5102 1822 5160; x_wconf 77' lang='lat' dir='ltr'><strong>Aiidream</strong></span> <span class='ocrx_word' id='word_1_236' title='bbox 1849 5102 2051 5157; x_wconf 89' lang='lat' dir='ltr'><strong>Patris.</strong></span> <span class='ocrx_word' id='word_1_237' title='bbox 2095 5142 2111 5157; x_wconf 95' lang='lat'><strong><em>.</em></strong></span> <span class='ocrx_word' id='word_1_238' title='bbox 2155 5141 2171 5156; x_wconf 94' lang='lat'><strong>.</strong></span> <span class='ocrx_word' id='word_1_239' title='bbox 2214 5142 2229 5156; x_wconf 93' lang='lat'><strong>.</strong></span> <span class='ocrx_word' id='word_1_240' title='bbox 2273 5141 2289 5155; x_wconf 97' lang='lat'><strong>.</strong></span> <span class='ocrx_word' id='word_1_241' title='bbox 2331 5141 2346 5156; x_wconf 95' lang='lat'><strong><em>.</em></strong></span> <span class='ocrx_word' id='word_1_242' title='bbox 2389 5140 2406 5157; x_wconf 92' lang='lat'><strong><em>.</em></strong></span> <span class='ocrx_word' id='word_1_243' title='bbox 2450 5141 2469 5156; x_wconf 93' lang='lat'><strong><em>.</em></strong></span> <span class='ocrx_word' id='word_1_244' title='bbox 2508 5140 2524 5155; x_wconf 97' lang='lat'><strong><em>.</em></strong></span> 
     </span>
    </p>
   </div>
   <div class='ocr_carea' id='block_1_39' title="bbox 1250 5170 2799 5232">
    <p class='ocr_par' dir='ltr' id='par_1_39' title="bbox 1250 5170 2799 5232">
     <span class='ocr_line' id='line_1_39' title="bbox 1250 5170 2799 5232; baseline -0.003 -3"><span class='ocrx_word' id='word_1_245' title='bbox 1250 5213 1268 5229; x_wconf 93' lang='lat'><strong><em>.</em></strong></span> <span class='ocrx_word' id='word_1_246' title='bbox 1312 5213 1328 5229; x_wconf 94' lang='lat'><strong><em>.</em></strong></span> <span class='ocrx_word' id='word_1_247' title='bbox 1371 5213 1385 5227; x_wconf 95' lang='lat'><strong><em>.</em></strong></span> <span class='ocrx_word' id='word_1_248' title='bbox 1427 5215 1441 5230; x_wconf 95' lang='lat'><strong><em>.</em></strong></span> <span class='ocrx_word' id='word_1_249' title='bbox 1486 5214 1502 5230; x_wconf 95' lang='lat'><strong>.</strong></span> <span class='ocrx_word' id='word_1_250' title='bbox 1547 5213 1562 5227; x_wconf 94' lang='lat'><strong><em>.</em></strong></span> <span class='ocrx_word' id='word_1_251' title='bbox 1605 5215 1621 5230; x_wconf 95' lang='lat'><strong>.</strong></span> <span class='ocrx_word' id='word_1_252' title='bbox 1665 5217 1682 5232; x_wconf 95' lang='lat'><strong><em>.</em></strong></span> <span class='ocrx_word' id='word_1_253' title='bbox 1725 5214 1742 5230; x_wconf 95' lang='lat'><strong><em>.</em></strong></span> <span class='ocrx_word' id='word_1_254' title='bbox 1783 5213 1800 5228; x_wconf 94' lang='lat'><strong>.</strong></span> <span class='ocrx_word' id='word_1_255' title='bbox 1837 5183 1972 5230; x_wconf 91' lang='lat' dir='ltr'><strong>tunc</strong></span> <span class='ocrx_word' id='word_1_256' title='bbox 2001 5172 2279 5229; x_wconf 83' lang='lat' dir='ltr'><strong>Andream</strong></span> <span class='ocrx_word' id='word_1_257' title='bbox 2307 5172 2526 5228; x_wconf 79' lang='lat' dir='ltr'><strong>devexit</strong></span> <span class='ocrx_word' id='word_1_258' title='bbox 2553 5170 2799 5228; x_wconf 77' lang='lat' dir='ltr'><strong>Achivis.</strong></span> 
     </span>
    </p>
   </div>
   <div class='ocr_carea' id='block_1_40' title="bbox 1541 5443 2660 5515">
    <p class='ocr_par' dir='ltr' id='par_1_40' title="bbox 1541 5443 2660 5515">
     <span class='ocr_line' id='line_1_40' title="bbox 1541 5443 2660 5515; baseline -0.003 -15"><span class='ocrx_word' id='word_1_259' title='bbox 1541 5443 1758 5501; x_wconf 71' lang='lat' dir='ltr'><strong>Penus</strong></span> <span class='ocrx_word' id='word_1_260' title='bbox 1789 5444 2204 5515; x_wconf 74' lang='lat' dir='ltr'><strong>Cnnrsomcus,</strong></span> <span class='ocrx_word' id='word_1_261' title='bbox 2235 5463 2397 5504; x_wconf 85' lang='lat' dir='ltr'><strong>serm.</strong></span> <span class='ocrx_word' id='word_1_262' title='bbox 2429 5457 2660 5502; x_wconf 77' lang='lat' dir='ltr'><strong>cxxxm.</strong></span> 
     </span>
    </p>
   </div>
   <div class='ocr_carea' id='block_1_41' title="bbox 545 5553 3728 5637">
    <p class='ocr_par' dir='ltr' id='par_1_41' title="bbox 545 5553 3728 5637">
     <span class='ocr_line' id='line_1_41' title="bbox 545 5553 3728 5637; baseline -0.001 -22"><span class='ocrx_word' id='word_1_263' title='bbox 545 5561 775 5616; x_wconf 84' lang='lat' dir='ltr'><strong>Crucem</strong></span> <span class='ocrx_word' id='word_1_264' title='bbox 803 5576 968 5630; x_wconf 88' lang='lat' dir='ltr'><strong>quam</strong></span> <span class='ocrx_word' id='word_1_265' title='bbox 993 5560 1310 5637; x_wconf 77' lang='lat' dir='ltr'><strong>refugerant</strong></span> <span class='ocrx_word' id='word_1_266' title='bbox 1343 5559 1570 5637; x_wconf 76' lang='lat' dir='ltr'><strong>(Petrus</strong></span> <span class='ocrx_word' id='word_1_267' title='bbox 1587 5571 1641 5617; x_wconf 92' lang='lat' dir='ltr'><strong>et</strong></span> <span class='ocrx_word' id='word_1_268' title='bbox 1660 5561 1986 5637; x_wconf 82' lang='lat' dir='ltr'><strong>_An_dreas),_</strong></span> <span class='ocrx_word' id='word_1_269' title='bbox 2007 5574 2198 5635; x_wconf 85' lang='lat' dir='ltr'><strong>postea</strong></span> <span class='ocrx_word' id='word_1_270' title='bbox 2241 5562 2552 5637; x_wconf 86' lang='lat' dir='ltr'><strong>conjunctis</strong></span> <span class='ocrx_word' id='word_1_271' title='bbox 2589 5559 2801 5617; x_wconf 84' lang='lat' dir='ltr'><strong>viribus</strong></span> <span class='ocrx_word' id='word_1_272' title='bbox 2830 5559 3085 5616; x_wconf 84' lang='lat' dir='ltr'><strong>ardenter</strong></span> <span class='ocrx_word' id='word_1_273' title='bbox 3109 5556 3397 5614; x_wconf 82' lang='lat' dir='ltr'><strong>invadunt.</strong></span> <span class='ocrx_word' id='word_1_274' title='bbox 3422 5583 3496 5598; x_wconf 73' lang='grc' dir='ltr'><strong>ε·-</strong></span> <span class='ocrx_word' id='word_1_275' title='bbox 3529 5553 3728 5612; x_wconf 73' lang='lat' dir='ltr'><strong>Petrus</strong></span> 
     </span>
    </p>
   </div>
   <div class='ocr_carea' id='block_1_42' title="bbox 476 5633 2143 5707">
    <p class='ocr_par' dir='ltr' id='par_1_42' title="bbox 476 5633 2143 5707">
     <span class='ocr_line' id='line_1_42' title="bbox 476 5633 2143 5707; baseline 0.004 -23"><span class='ocrx_word' id='word_1_276' title='bbox 476 5645 712 5701; x_wconf 84' lang='lat' dir='ltr'><strong>namque</strong></span> <span class='ocrx_word' id='word_1_277' title='bbox 739 5647 980 5696; x_wconf 87' lang='lat' dir='ltr'><strong>crucem,</strong></span> <span class='ocrx_word' id='word_1_278' title='bbox 1015 5635 1268 5690; x_wconf 85' lang='lat' dir='ltr'><strong>arborem</strong></span> <span class='ocrx_word' id='word_1_279' title='bbox 1300 5633 1618 5691; x_wconf 88' lang='lat' dir='ltr'><strong>conscendit</strong></span> <span class='ocrx_word' id='word_1_280' title='bbox 1645 5633 1912 5690; x_wconf 83' lang='lat' dir='ltr'><strong>Andreas.</strong></span> <span class='ocrx_word' id='word_1_281' title='bbox 1945 5633 2078 5707; x_wconf 82' lang='lat' dir='ltr'><strong><em>Cap.</em></strong></span> <span class='ocrx_word' id='word_1_282' title='bbox 2112 5653 2143 5691; x_wconf 67' lang='grc' dir='ltr'>ι</span> 
     </span>
    </p>
   </div>
  </div>
