3992 6148
502 260 525 312 1
538 259 633 316 191
1343 253 1949 314 PRESBYTERORUM
1986 256 2074 312 ET

2134 253 2558 313 )IACONORUM
2586 251 2866 310 ACHAUE
3585 256 3710 313 1192

567 367 736 435 Οὗτος
763 368 990 440 ἀδελφὸς
1009 371 1227 444 γνήσιος
1256 370 1515 442 ὑπάρχων
1545 370 1638 423 τοῦ
1668 372 1904 443 μεγάλου
1927 371 2062 425 ἀπο·
2087 389 2138 448 Α

2231 369 2331 425 IIic
2369 385 2661 442 germanus
2698 369 2881 440 magni
2911 368 3141 439 apostoli
3161 367 3332 434 Petri,
3361 378 3489 439 post
3523 370 3716 426 Ascen-

501 466 687 519 στόλου
736 464 940 535 Πέτρου
959 502 975 527 ,
1038 462 1175 534 μετὰ
1226 462 1325 533 τὴν
1366 461 1649 533 Ἀνάληψιν
1702 462 1794 516 τοῦ
1854 463 2058 535 Κυρίου

2164 463 2373 519 sionem
2418 461 2632 517 Domini
2676 462 2849 518 nostri
2882 460 3011 517 Iesu
3051 462 3287 529 Christi,
3313 463 3627 532 pradicant
3668 464 3717 518 in

496 556 652 630 ήμῶν
704 555 876 628 Ἰησοῦ
908 554 1164 627 Χριστοῦ,
1194 554 1457 626 ἐκήρυξεν
1482 556 1561 617 εἰς
1587 556 1766 607 πᾶσαν
1798 554 1897 627 τὴν
1922 571 2063 625 παρ-

2164 562 2275 607 tota
2326 552 2595 607 maritima
2638 567 2733 607 ora
2789 552 3091 624 Bithynia,
3141 551 3333 618 Ponti,
3381 552 3629 609 Thracia
3672 564 3723 609 et

497 650 643 703 ἅλιον
687 649 788 719 τῆς
831 647 1104 711 Βιθυνίας,
1151 648 1244 701 καὶ
1272 647 1365 700 τοῦ
1407 647 1629 708 Πόντου,
1669 647 1893 716 καὶτῆς
1918 646 2063 717 Θρᾴ-

2167 643 2442 715 Scythia:
2477 644 2672 699 deinde
2717 660 2971 715 magnam
3015 644 3413 715 SebastOpolim
3457 647 3722 702 lustravit.

495 758 617 813 κης,
650 739 743 793 καὶ
784 739 884 809 τῆς
930 738 1181 801 Σκυθίας.
1228 737 1383 792 Μετὰ
1427 737 1482 790 δὲ
1517 737 1688 790 ταῦτα
1726 736 1965 806 ἀπῆλθεν
2001 738 2058 788 ὲν

2158 764 2227 775 —-
2258 734 2537 791 Postremo
2564 733 2753 790 Patras
2793 736 3015 790 Achaia
3053 737 3107 791 in
3147 735 3583 807 Peloponnesum
3627 740 3727 792 mi-

491 830 914 884 Σεόαστουπόλει
952 832 1019 901 τῇ
1051 829 1278 903 μεγάλῃ.
1303 859 1371 869 -
1406 825 1538 882 Εἶτα
1573 828 1813 899 ἀπῆλθεν
1856 830 1915 881 ὲν
1947 830 2059 883 Πά-

2157 829 2373 899 gravit,
2425 828 2518 883 ubi
2551 828 2621 883 ab
2659 827 2829 900 [Egea
2872 828 3199 898 proconsule
3232 829 3287 883 in
3334 844 3554 884 crucem
3589 832 3723 885 sub-

488 940 643 994 τραις
670 924 769 988 τῆς
805 921 1024 993 Ἀχαΐας
1050 923 1131 985 εἰς
1162 921 1583 993 Πελοπόννησον.
1602 921 1710 973 Καὶ
1738 919 2053 993 ἐσταυρώθη

2157 922 2302 976 latus
2354 929 2438 976 est
2481 937 2496 976 :
2558 928 2721 991 atque
2774 920 2848 975 ita
2896 929 3131 976 mortem
3194 920 3351 976 obiit.
3423 920 3591 992 Capp.
3647 940 3725 989 Il,

488 1016 594 1068 ὑπὸ
622 1014 791 1083 Αἰγέα
826 1014 919 1067 τοῦ
949 1014 1283 1068 ἀνθυπάτουο
1336 1013 1427 1067 καὶ
1466 1012 1637 1077 οὕτως
1670 1011 1978 1085 ἐτελειώθη.
2156 1028 2211 1078 x,
2243 1028 2345 1068 xu.

2035 1147 2177 1205 XIII.

488 1240 767 1298 Erasmus
810 1240 1135 1299 Uxamensis
1154 1249 1229 1314 _et_
1256 1239 1491 1314 Barrus
1516 1240 1826 1314 presbyter.
1860 1239 1953 1314 lib.
1989 1256 2029 1307 ι,
2057 1240 2691 1314 Δθάνοι-διῃξΙεῖιίιιιιηάυηι
2735 1241 3200 1314 archiepiscopum
3244 1241 3593 1298 Toletanum.
3644 1240 3723 1295 Es

1172 1256 1226 1295 et
1276 1256 1491 1297 uenus
1516 1256 1826 1365 Bresnyter,
1860 1256 1953 1295 tw.
1989 1256 2029 1307 t,
2069 1256 2334 1296 adversus
2370 1256 2691 1313 unpanaum
2735 1256 3050 1366 arcntztgnsct

1152 1310 1487 1367 Bibliotheca
1559 1322 1739 1366 atrum
1772 1310 2093 1378 Parisiensi,
2126 1321 2253 1365 tom.
2284 1309 2369 1376 IV,
2404 1324 2545 1383 part.
2578 1329 2639 1379 tt,
2672 1329 2796 1384 pag.
2830 1312 2862 1367 5
2935 1346 2953 1375 ν
2985 1313 3050 1366 A.

556 1428 745 1500 Agnus
792 1427 893 1483 iste
944 1426 1181 1500 pradam
1229 1442 1393 1500 quam
1439 1426 1684 1500 tenebas,
1736 1427 2000 1500 excussit,
2033 1428 2998 1500 etargumentationesphilowphia
3039 1438 3166 1500 tua,
3215 1430 3584 1499 simplicitatis
3615 1446 3723 1485 sua

489 1496 802 1557 innocentia
835 1496 1059 1553 omnino
1090 1498 1309 1567 delevit.
1358 1497 1463 1553 Iste
1503 1507 1587 1552 est
1622 1498 1809 1566 Agnus
1856 1496 2262 1561 immaculatus,
2294 1498 2389 1566 qui
2418 1496 2689 1567 quotidie,
2726 1509 2786 1553 ut
2817 1496 3009 1553 beatus
3038 1499 3284 1555 Andreas
3327 1496 3423 1565 ait,
3464 1502 3519 1554 in
3556 1501 3722 1554 altare

487 1572 672 1641 crucis
702 1570 1113 1624 sanctilicatur:
1152 1566 1319 1641 cujus
1346 1584 1529 1621 carnes
1561 1576 1900 1641 posteaquam
1929 1567 2098 1619 omnis
2132 1567 2356 1641 populus
2385 1566 2707 1623 credentium
2740 1570 3135 1641 manducauerit
3177 1579 3225 1623 et
3267 1570 3381 1639 ejus
3413 1573 3717 1641 sanguinem

493 1639 701 1705 biberit,
731 1641 910 1709 Agnus
952 1642 1041 1708 qui
1070 1639 1402 1709 sacriﬁcatus
1443 1647 1541 1700 est,
1579 1638 1777 1707 integer
1809 1645 2101 1709 perseverat
2136 1648 2184 1709 et
2218 1638 2361 1709 pivus
2387 1653 2407 1691 :
2434 1646 2484 1690 et
2516 1654 2635 1691 cum
2667 1655 2780 1693 vere
2808 1640 3143 1709 sacriﬁcatus
3174 1641 3264 1704 sit,
3292 1638 3351 1693 iet
3382 1657 3496 1695 vere
3515 1638 3718 1693 'carnes

483 1710 595 1833 equ
626 1711 733 1763 sint
779 1706 1115 1833 mendacique
1152 1724 1187 1760 a
1225 1707 1441 1778 populo,
1472 1717 1522 1762 et
1557 1724 1669 1763 vere
1694 1706 1930 1777 sanguis
1960 1706 2075 1776 ejus
2106 1706 2177 1761 sit
2209 1707 2470 1773 haustus;
2495 1716 2691 1779 tamen,
2725 1718 2784 1764 ut
2816 1706 2957 1776 dixi,
2976 1708 3175 1780 integer
3206 1720 3403 1779 manet,
3438 1720 3490 1766 et
3533 1712 3719 1766 inuna—

483 1796 544 1832 cu
574 1790 714 1833 atus.
742 1790 791 1833 et
817 1796 984 1833 vivus.
1053 1794 1143 1833 an.
1176 1793 1253 1833 vt.

483 1782 714 1847 culutus,
742 1790 791 1834 et
817 1782 984 1834 vivus.
1010 1783 1143 1850 Cap.
1176 1793 1253 1833 Vl.

2038 1886 2183 1944 XIV.

662 2003 899 2068 FLOBUS,
930 2003 984 2057 in
1016 2002 1240 2057 Auctar.
1264 2000 1330 2056 ad
1360 1998 1708 2073 Martyrolog.
1735 1998 1918 2054 Bassa.
1947 1996 2033 2054 Ea:
2059 2001 2209 2059 Actis
2234 2001 2559 2062 Sanctorum
2583 2003 2831 2062 Bolland.
2862 2005 3026 2062 Mart.
3055 2016 3179 2062 tam.
3212 2006 3275 2071 II,
3301 2024 3423 2078 pag.
3443 2021 3535 2061 χι..

553 2123 609 2179 In
642 2123 865 2187 Achaia,
892 2121 1115 2195 _civitat_e
1143 2119 1355 2188 Patras,
1389 2118 1573 2191 passio
1605 2114 1664 2174 S.
1695 2116 1926 2173 Andrea
1973 2120 2202 2190 apostoli
2228 2136 2242 2177 :
2271 2122 2366 2194 qui
2390 2123 2689 2179 cruciﬁxus
2724 2136 2828 2195 pro
2864 2123 3069 2180 Christi
3102 2124 3347 2187 nomine,
3378 2138 3540 2179 suum
3569 2136 3721 2176 com-

480 2196 647 2266 plevit
680 2193 1024 2265 martyrium.
1057 2190 1187 2261 Cap.
1218 2206 1273 2246 x.
1398 2190 1405 2191 ⁷
2286 2190 2301 2194 -
2540 2206 2546 2217 .

2028 2300 2150 2361 XV.

478 2426 643 2493 MILO,
674 2423 977 2482 monachus
1010 2423 1361 2490 Elnonensis,
1392 2420 1450 2477 in
1478 2418 1602 2476 Vita
1630 2420 1691 2476 ὃ.
1730 2418 2054 2562 Amandiper;J

1998 2510 2027 2544 α

2143 2420 2421 2547 .7Iraject.
2454 2423 2545 2478 lib.
2593 2438 2633 2491 ι,
2675 2441 2791 2496 cap.
2824 2424 2873 2481 1.
2908 2424 2992 2481 Ea:
3023 2425 3263 2482 Bolland.
3315 2424 3476 2481 Febr.
3511 2435 3644 2480 tant.
3678 2422 3719 2491 1,

1326 2607 1467 2665 Hinc
1502 2609 1637 2680 petit
1664 2608 1911 2663 Andreas
1941 2609 2283 2679 properando
2313 2609 2487 2667 virilis
2517 2612 2800 2678 Achaiam,

1323 2680 1402 2737 Ac
1434 2695 1633 2735 nomen
1668 2682 1950 2751 proprium
1992 2680 2263 2751 patrando
2297 2682 2529 2737 viriliter
2552 2684 2761 2754 implet.

2014 2811 2160 2871 XVI.

690 2938 1055 3021 WALAFRIDUS
1082 2937 1319 3001 S'rtuno,
1352 2932 1537 2991 Carm.
1570 2932 1638 2989 de
1665 2930 1725 2989 S.
1764 2930 2003 2988 Andrea.
2034 2930 2121 2987 Ea:
2147 2931 2429 2990 Thesauro
2460 2934 2661 2992 Canisii
2700 2948 2830 2991 tam.
2863 2935 2927 3003 II,
2956 2947 3097 3009 part.
3129 2954 3190 3005 tt,
3223 2955 3343 3012 pag.
3373 2936 3501 2993 258.

1177 3050 1435 3107 Protinus
1464 3048 1710 3120 Andreas
1739 3058 2099 3120 compunctus
2135 3064 2271 3105 voce
2291 3047 2586 3115 Tonantis,

1321 3119 1564 3193 Credidit
1588 3129 1850 3176 aternum
1874 3119 2180 3174 'salvantem
2216 3122 2415 3193 sacula
2437 3137 2652 3193 regem:

1320 3188 1561 3260 Pendula
1594 3199 1833 3260 captura
1858 3200 2217 3245 contemnens
2244 3192 2378 3245 retia
2406 3188 2629 3260 spréta,

1319 3259 1387 3315 Et
1413 3260 1559 3315 dicto
1587 3259 1751 3316 citius
1781 3260 1982 3316 Christi
2014 3270 2278 3330 pracepta
2306 3259 2547 3316 facessit.

1317 3330 1455 3401 Quis
1483 3345 1774 3387 numerare
1800 3330 1949 3401 valet
1970 3330 2249 3401 populosis
2276 3332 2472 3401 Oppida
2497 3331 2693 3389 turmis

1316 3400 1469 3456 Illius
1502 3401 1743 3471 eloquio,
1776 3416 1899 3471 qua
1928 3399 2059 3457 fana
2086 3399 2327 3470 profana
2348 3399 2647 3469 fricabant,

1322 3470 1553 3551 Credula
1579 3470 2016 3551 pandentesregi
2047 3472 2353 3551 praecordia
2366 3472 2631 3529 Christo?

1319 3538 1524 3610 Nempe
1553 3538 1722 3596 vicem
1752 3538 1987 3595 Domino
2005 3538 2253 3596 solvebat
2272 3541 2423 3596 calce
2451 3554 2675 3598 cruenta
2696 3583 2712 3607 ,

1320 3609 1469 3686 Qum
1489 3610 1669 3666 crucis
1699 3611 1758 3686 in
1783 3609 2300 3686 pa_tnlo_suspensu_s
2330 3611 2515 3686 stipite
2539 3623 2745 3686 martyr

1318 3678 1518 3735 Ultima
1546 3678 1800 3735 mortalis
1816 3681 2015 3736 clausit
2043 3678 2317 3749 spiracula
2349 3678 2502 3747 vita,

1326 3749 1637 3821 Purpureas
1668 3766 1890 3807 sumens
1916 3750 2136 3806 Christo
2170 3761 2430 3825 regnante
2460 3769 2716 3810 coronas.

2008 3862 2175 3919 XVII.

748 3980 1052 4044 Rusnssus,
1080 3977 1136 4031 in
1165 3974 1443 4048 Martyrol.
1476 3975 1549 4029 ad
1571 3974 1627 4031 d.
1663 3974 1735 4031 50
1782 3974 1921 4033 Nov.
1956 3976 2042 4031 Ea;
2070 3977 2351 4036 Thesauro
2382 3980 2589 4037 Canisii
2614 3989 2739 4037 tam.
2765 3980 2830 4050 Il,
2864 3994 3006 4053 part.
3032 4000 3094 4048 ιι.
3130 4002 3251 4058 pag.
3279 3988 3405 4044 548.

546 4092 737 4148 Natale
772 4092 957 4171 sancti
976 4092 1204 4171 Andrea
1242 4090 1496 4160 apostoli.
1522 4088 1710 4148 --I-Iic
1739 4091 2053 4162 pradicavit
2076 4090 2354 4167 Scythiam
2388 4105 2443 4153 et
2475 4096 2759 4167 Achaiam,
2789 4098 2972 4171 ibique
2997 4096 3051 4155 in
3081 4102 3297 4157 civitate
3330 4100 3527 4157 Patras
3558 4102 3716 4159 cruci

475 4180 776 4237 suspensus
804 4163 1081 4218 occubuit.
1118 4160 1253 4232 Cap.
1284 4177 1339 4216 ι.

2008 4278 2195 4336 XVIII.

900 4391 1203 4461 USUABDUS,
1231 4393 1287 4447 in
1313 4391 1697 4466 Martyrologio
1717 4392 1788 4450 ad
1808 4392 1864 4449 ά.
1892 4393 1963 4450 50
1991 4392 2046 4449 Ν
2048 4394 2271 4459 avemb.,
2292 4411 2415 4468 pag.
2448 4397 2573 4468 195,
2598 4399 2728 4455 edit.
2755 4399 2871 4457 BB.
2901 4399 3083 4457 Paris.
3121 4402 3278 4459 1718.

550 4506 612 4591 In
638 4506 856 4591 civitate
882 4505 1073 4591 Patras
1099 4506 1390 4591 provincia
1423 4506 1663 4573 Achaia,
1693 4508 1893 4591 natalis
1939 4509 2111 4591 sancti
2137 4509 2373 4567 Andrea
2400 4515 2657 4591 apostoli,
2682 4515 2774 4585 qui
2803 4518 2967 4571 etiam
3013 4519 3162 4591 apud
3202 4518 3478 4590 Scythiam
3504 4525 3717 4591 pradi-

475 4578 638 4659 cavit.
673 4578 771 4633 Hic
800 4574 1799 4666 beatissijmtisabfqeauproconsule
1838 4581 2294 4666 comprehensus,
2315 4574 2513 4666 ’βξ-.ἰᾴιο
2536 4584 2588 4637 in
2611 4574 2827 4666 carcere
2845 4597 2940 4666 est
2981 4574 3223 4651 cla-usus,
3261 4574 3326 4645 ac
3356 4574 3558 4647 deinde
3579 4574 3717 4666 Et}-

475 4648 698 4704 vissime
729 4663 939 4715 casus;
971 4646 1040 4702 ad
1068 4646 1320 4701 ultimum
1350 4660 1481 4701 vero
1512 4646 1567 4700 in
1595 4662 1760 4706 cruce
1789 4646 2081 4719 appensus,
2117 4650 2287 4706 biduo
2313 4646 2450 4707 inibi
2481 4655 2803 4723 supervixit.
2837 4656 3004 4727 Capp.
3031 4674 3150 4723 vnt,
3184 4646 3260 4725 ti,
3290 4676 3345 4724 ι,
3375 4677 3475 4716 xu.

2008 4781 2155 4840 XIX.

477 4904 762 4972 ﬂeuimus,
797 4902 1101 4960 monachus
1128 4901 1636 4967 Aurtstononsusts,
1668 4899 1987 4983 Comment:
2004 4901 2053 4955 in

1835 4986 2022 5040 nenst,
2052 5012 2053 5021 χ

2386 4920 2502 4961 nt.
2531 4904 2725 4963 Exstat
2757 4907 2813 4962 in
2854 4906 3185 4966 Bibliotheca
3217 4908 3443 4966 Patrum
3478 4913 3710 4987 Lugdu-

546 5088 808 5167 Quamvis
849 5087 955 5167 hoc
1000 5096 1403 5167 sacramentum
1437 5101 1468 5167 ρ
1518 5084 1768 5167 pluribus
1804 5085 2124 5167 accipiatur,
2158 5102 2279 5167 non
2317 5096 2520 5167 tamen,
2555 5099 2616 5146 ut
2644 5093 2877 5160 videtur,
2909 5096 2963 5151 in
3007 5107 3190 5166 partes
3212 5106 3295 5152 est
3318 5095 3585 5163 divisum,
3616 5100 3710 5154 sed

478 5156 652 5217 totum
686 5158 915 5238 singulis
968 5156 1402 5285 estcindivisum,
1435 5157 1651 5211 Andrea
1683 5156 1929 5227 apostolo
1963 5156 2044 5212 sic
2086 5166 2360 5214 testante:
2405 5162 2610 5232 Agnus,
2638 5156 2939 5236 quanquam
2987 5156 3323 5237 s'acriﬁcutus
3371 5180 3474 5235 est,
3507 5156 3713 5239 integer

478 5242 760 5298 perseverat
786 5242 832 5286 et
865 5244 1028 5283 vivus.
1100 5243 1187 5298 ap.
1212 5243 1290 5285 v1.

475 5242 760 5304 ροηευεηι
786 5242 832 5286 ιι
865 5244 1028 5283 Nvt“.
1055 5242 1187 5298 ωι).
1212 5243 1290 5285 VI.

2014 5339 2129 5397 XX.

1070 5458 1303 5518 αἰολείας
1330 5458 1741 5523 Ευοιιλιτεκειε,
1776 5456 1831 5511 in
1864 5454 2237 5525 Poematibus,
2267 5476 2387 5531 pag.
2417 5459 2503 5530 70,
2528 5462 2653 5520 edit.
2682 5461 2928 5535 .Etome,
2956 5464 3107 5522 1610.

1277 5578 1575 5663 ξταυρουσί
1602 5595 1662 5663 ira
1680 5580 1833 5663 ίτρεῐς
1860 5578 2047 5663 ᾶνᾷρες
2073 5576 2239 5663 ducit;-
2255 5578 2523 5653 Ἀνδρέαν.

1290 5648 1435 5709 Tres
1456 5649 1619 5706 simul
1645 5648 1743 5705 viri
1776 5648 2392 5723 cruciti'gttnt’Andreani
