3992 6148
302 280 438 343 ιευι

1013 281 1349 338 EPISTOLA
1386 283 1476 340 DE
1509 282 1870 339 MABTYRIO
1908 287 1970 342 S.
2009 282 2333 341 ANDREE.
2378 317 2446 328 -—
2479 282 2836 341 PROLEMIA.

3411 290 3546 345 1209

299 417 441 466 nus,
469 403 530 457 in
559 397 678 454 suis
705 397 946 456 collectis
979 399 1219 467 undique
1256 409 1364 454 tam
1401 417 1466 455 επ
1504 419 1630 458 mss.
1671 404 1869 458 codici-
1902 411 1945 467 Α
1976 402 2180 458 Graecis
2209 402 2453 474 pressius
2500 402 2764 456 inlucrere
2793 402 3149 470 comperitur.
3181 401 3394 475 Nuper:
3428 410 3536 464 edi.

295 491 399 545 bus
426 507 588 561 quam
617 506 681 544 ea:
706 490 864 544 editis
910 490 1243 559 auctoribus,
1290 494 1530 562 probatis
1559 506 1869 552 sanctorum

309 581 478 650 Vitis,
526 589 587 637 ut
627 580 732 636 fert
774 582 956 651 operis
1006 585 1321 656 inscriptio,
1373 597 1538 659 atque
1599 606 1696 660 per
1738 595 1867 650 anni

287 674 495 730 seriem
529 674 774 745 digestis,
813 673 1106 730 editionem
1137 677 1588 748 Lipomanianam
1643 695 1866 742 secutus

285 775 376 821 est
401 765 500 837 (2).
546 764 808 820 Eamdem
840 783 1059 838 quoque
1099 771 1242 839 typis
1280 769 1540 844 deinceps
1573 777 1869 848 consigna-

289 859 369 912 vit
391 866 515 927 post
560 858 798 912 medium
851 859 1188 930 insequentis
1242 864 1423 917 saeculi
1456 881 1592 932 xvn,
1621 866 1865 926 Andreas

290 949 362 1003 du
395 948 637 1021 Saussay
684 950 976 1020 episcopus
1027 949 1324 1018 Tullensis,
1386 956 1440 1009 in
1493 973 1661 1027 opere
1719 960 1864 1016 haud

283 1040 450 1095 obvio
479 1041 553 1094 ita
583 1043 846 1111 inscripto
878 1057 891 1094 :
927 1043 1166 1098 Andreas
1200 1046 1371 1114 frater
1415 1046 1649 1105 Simonis
1681 1051 1861 1119 Petri;

287 1149 378 1185 seu
436 1132 512 1188 De
557 1133 731 1204 gloria
784 1133 843 1190 S.
886 1137 1113 1191 Andron:
1164 1140 1395 1208 apostoli
1457 1143 1585 1197 libri
1643 1126 1718 1201 xu
1759 1146 1855 1217 (5).

287 1221 471 1294 Neque
495 1234 709 1280 tantum
737 1225 1034 1296 Epistulam
1070 1239 1311 1285 nostram
1337 1233 1588 1289 exhibuit
1621 1237 1862 1307 scriptor

280 1313 495 1381 Gallus,
541 1329 600 1372 ut
639 1318 833 1388 reliqui
877 1321 1242 1389 praecedentes
1272 1323 1538 1392 editores,
1594 1330 1686 1384 sed
1732 1345 1855 1385 eam

280 1406 509 1478 insuper
546 1429 566 1461 ‹
596 1419 706 1465 tam
733 1423 980 1481 patenter
1007 1424 1272 1470 assertam
1299 1418 1468 1483 dedit,
1500 1436 1664 1490 quam
1693 1438 1857 1478 accu-

269 1511 403 1556 rate
432 1503 764 1559 vindicatum
795 1508 1061 1567 adversus
1096 1513 1278 1567 varias
1297 1525 1620 1570 novaturum
1641 1528 1854 1587 arguta—
1899 1511 1902 1516 ’

283 1593 492 1661 tiones;
521 1611 660 1664 quas
691 1603 966 1671 congessit
995 1611 1049 1657 et
1074 1605 1226 1659 auxit
1254 1605 1572 1662 Edmundus
1601 1609 1854 1666 Auberti-

278 1699 386 1738 nus
418 1685 470 1739 in
511 1685 653 1740 libro
679 1687 914 1746 Genevae
958 1708 1104 1749 anno
1132 1697 1292 1761 1653,
1318 1697 1521 1754 Gallice
1568 1701 1732 1769 edito,
1763 1706 1849 1759 cui

280 1775 472 1831 titulus
500 1787 625 1832 est:
665 1779 1008 1838 Eucharistia
1062 1789 1248 1842 veteris
1273 1788 1545 1846 Ecclesia.
1585 1812 1604 1845 ο
1659 1793 1750 1851 Sic
1795 1796 1852 1851 in

275 1865 459 1922 fronte
484 1872 662 1938 operis
691 1884 901 1928 auctor.
1282 1853 1286 1861 I
1855 1881 1864 1884 ’

350 1953 487 2012 Tum
522 1976 649 2017 vero
688 1968 870 2020 saeculi
914 1972 1189 2026 currentis
1231 1990 1378 2029 anno
1411 1976 1567 2043 l75l,
1601 1980 1847 2036 eamdem

272 2047 571 2119 Epistulam
623 2054 810 2113 Romae
860 2063 1224 2119 recudendant
1271 2071 1482 2124 curavit
1540 2070 1850 2130 Ludovicus

271 2145 545 2200 Δηὼ·υηί
579 2148 922 2207 Sautandrea
954 2154 1070 2224 (4);
1108 2157 1200 2227 qui
1235 2157 1631 2229 Lipomaniano
1664 2181 1849 2220 exem-

269 2236 412 2306 plari
446 2243 741 2308 praterito,
775 2243 1219 2303 Mombritianum
1265 2251 1575 2309 describere
1622 2259 1841 2312 maluit:

271 2330 406 2396 quin
451 2339 505 2384 et
546 2330 881 2406 Snussayum
927 2339 1252 2410 plerumque
1287 2352 1613 2413 assectatus,
1674 2367 1692 2398 ‹
1728 2348 1847 2418 Epi-

265 2421 425 2475 stolae
454 2423 822 2482 sinceritatem
863 2431 1200 2499 gravissimis
1227 2436 1559 2494 testimoniis
1592 2455 1846 2511 compro~

271 2513 420 2567 bavit
444 2515 577 2585 (5).:
1545 2517 1549 2521 ⁷

341 2631 594 2705 Quinque
639 2648 818 2694 autem
859 2643 1125 2702 hactenus
1181 2651 1467 2706 recensitis
1509 2653 1841 2713 editionibus

267 2722 464 2778 Latine
507 2736 716 2783 tantum
746 2732 1033 2803 evulgatis,
1076 2747 1227 2792 sexta
1258 2739 1478 2795 demum
1515 2745 1747 2800 accessit
1769 2745 1834 2801 G.

264 2811 356 2880 ιη
384 2831 506 2884 qna:
540 2834 684 2875 anno
738 2822 876 2879 1749
921 2827 1102 2882 Caroli
1153 2829 1450 2886 Christiani
1479 2832 1659 2906 Woog
1699 2853 1836 2892 cura

264 2910 322 2956 et
369 2907 550 2961 studio
577 2907 774 2980 Lipsiae
820 2915 993 2986 lucem
1041 2920 1274 2987 aspexit.
1323 2919 1552 2979 Textum
1583 2923 1833 2982 Graecum

263 2993 553 3086 descripsit
581 3002 650 3056 cl.
682 3003 860 3059 editor
888 3022 918 3060 e
947 3009 1136 3065 codice
1169 3010 1652 3086 Huntingdoniano
1690 3021 1824 3084 457,

1973 495 2106 550 toris
2148 504 2306 549 notas
2359 503 2564 549 textum
2618 495 2671 548 in
2719 491 2912 563 primis
2956 495 3306 563 respicientes
3343 499 3542 569 selegi-

1969 571 2117 653 mus,
2170 587 2604 657 prolixioresque
2643 586 3065 652 contraximus;
3119 585 3321 656 quibus
3375 592 3540 647 etiam

1967 679 2259 734 nonnullas
2285 678 2693 734 observationes
2721 677 3076 743 attexuimus,
3101 676 3284 746 plures
3309 677 3556 744 fortasse,

1968 770 2111 825 haud
2147 770 2579 825 contemnendas
2617 768 2874 832 addituri,
2907 768 2954 822 si
2984 768 3346 838 opportunius
3389 773 3539 826 codi-

1965 876 2082 915 cem
2115 876 2216 916 ms.
2263 859 2420 915 nobis
2461 859 2714 934 evolvere
2750 859 3022 924 licuisset,
3061 873 3222 927 quem
3256 873 3380 912 sero
3417 868 3539 914 tan-

1963 953 2086 1022 dem
2120 953 2451 1008 deterrimus.
2483 951 2580 1006 Est
2610 959 2792 1006 autem
2837 949 3010 1005 codex
3037 949 3264 1006 Griecus
3301 950 3538 1020 Bomby~

1963 1045 2122 1099 cinus
2150 1059 2303 1098 num.
2351 1039 2546 1106 cuxv,
2572 1043 2626 1105 4,
2661 1042 2862 1096 sazculo
2894 1057 2984 1095 κεν
3023 1050 3303 1108 exaratos,
3331 1043 3537 1099 inscri-

1964 1144 2242 1206 ptusque:
2287 1134 2651 1204 ﬂeortologiu,
2693 1151 2784 1188 seu
2823 1133 3099 1188 Sermones
3125 1143 3176 1188 et
3199 1135 3434 1190 humilia:
3478 1136 3534 1195 in

1960 1243 2139 1279 annua
2189 1227 2372 1291 festa;
2425 1241 2587 1294 quem
2647 1225 2807 1279 nobis
2861 1225 3230 1293 suppeditavit
3291 1227 3533 1297 locuples

1960 1317 2219 1372 Bernardi
2250 1317 2387 1372 Nani
2431 1317 2700 1373 senatoris
2752 1317 3030 1386 quondam
3073 1319 3400 1388 amplissimi
3448 1320 3533 1375 bi-

1957 1411 2226 1465 bliotheca
2245 1415 2284 1464 °.
2943 1413 2946 1416 ’

2027 1523 2113 1578 Ill.
2153 1524 2272 1579 Jam
2306 1540 2436 1580 vero
2473 1532 2534 1579 ut
2567 1524 2633 1579 de
2669 1523 2895 1593 antiqua
2924 1523 3088 1594 hujus
3120 1523 3374 1595 Epistula;
3407 1542 3529 1582 ver-

1955 1617 2108 1672 sione
2153 1618 2321 1671 verba
2387 1615 2694 1683 faciamus,
2751 1619 2935 1673 nullus
2990 1614 3234 1686 profecto
3291 1617 3530 1686 suppetit

1954 1711 2238 1764 character
2277 1709 2412 1766 satis
2444 1711 2655 1776 firmus,
2685 1726 2795 1780 quo
2827 1711 2931 1764 rite
2958 1710 3186 1764 delinire
3225 1709 3525 1779 possimus,

1955 1817 2120 1870 quam
2153 1800 2356 1854 dudum
2392 1801 2559 1856 fuerit
2602 1803 2691 1855 illa
2721 1801 2989 1857 confecta.
3033 1801 3102 1855 At
3135 1816 3253 1855 eam
3287 1817 3408 1856 esse
3436 1817 3528 1857 ve-

1954 1893 2240 1947 tustiorum
2282 1909 2446 1963 quam
2497 1904 2556 1948 ut
2596 1895 2758 1966 vulgo
2807 1903 3117 1961 censeatur,
3163 1895 3399 1965 quisque
3436 1912 3525 1951 ar-

1951 2001 2117 2055 guere
2148 1986 2290 2040 valet
2315 2002 2380 2040 ex
2421 1977 2782 2056 scriptoribus
2824 1988 3242 2052 ecclesiasticis,
3289 2005 3522 2058 quorum

1951 2079 2261 2134 testimonia
2288 2078 2541 2149 Epistula:
2590 2081 2689 2150 ipsi
2720 2081 3107 2150 praemisimus.
3151 2081 3256 2134 Alii
3284 2084 3428 2136 enim
3456 2099 3523 2140 ex

1949 2185 2012 2224 ea
2036 2172 2119 2224 vel
2170 2172 2349 2226 locum
2405 2171 2680 2240 passionis
2728 2172 2814 2226 vel
2859 2188 3036 2242 genus
3069 2173 3261 2228 mortis
3309 2175 3523 2229 eruisse

1949 2263 2092 2317 haud
2132 2263 2369 2317 obscure
2411 2263 2683 2317 videntur.
2739 2263 2847 2316 Alii
2891 2279 3022 2318 vero
3058 2264 3235 2329 locum
3283 2265 3518 2335 aliquem

1947 2357 2275 2410 verbotenus
2308 2354 2648 2421 describunt,
2688 2355 2803 2410 sive
2841 2355 3016 2426 ipsam
3040 2356 3303 2412 Actorum
3337 2358 3517 2414 histo-

1947 2448 2082 2500 riam
2118 2448 2444 2510 excitantes,
2477 2446 2593 2501 sive
2632 2446 2796 2500 etiam
2824 2448 3156 2517 quandoque
3201 2449 3368 2503 tacito
3397 2449 3520 2514 ejus

1945 2541 2167 2594 nomine
2211 2540 2278 2594 ad
2330 2540 2478 2593 illam
2529 2540 2917 2609 respicientes;
2969 2541 3112 2608 quod
3155 2540 3363 2596 scilicet
3404 2552 3522 2596 tan-

1942 2649 2105 2704 quam
2137 2644 2346 2690 certum
2380 2643 2434 2689 et
2463 2635 2806 2705 exploratum
2855 2644 3275 2688 monumentum
3309 2636 3513 2704 passim

1941 2727 2257 2792 haberetur,
2303 2736 2362 2781 ut
2409 2738 2556 2783 recte
2589 2727 2898 2798 Saussayus
2936 2727 3034 2797 (6).
3098 2725 3283 2797 Neque
3331 2739 3512 2781 tamen

1937 2818 2172 2874 inliciari
2219 2820 2415 2886 velim,
2477 2819 2775 2874 nonnullos
2820 2832 2887 2872 ex
2931 2819 3111 2872 allatis
3155 2818 3515 2888 scriptoribus

1941 2910 2191 2967 Graecum
2233 2913 2415 2983 potius
2462 2921 2669 2967 textum
2704 2927 2868 2982 quam
2907 2919 3142 2964 veterem
3183 2912 3303 2982 ejus
3343 2911 3513 2966 inter-

1939 3014 2142 3072 pretem
2171 3005 2456 3060 consulere
2479 3007 2739 3076 potuisse.
2775 3003 2902 3072 Sed,
2950 3013 3070 3058 utut
3095 3012 3198 3071 est,
3216 3020 3408 3058 eorum
3439 3013 3512 3058 tc-

268 3083 615 3172 ίξίωῖοιιιροεε
671 3091 1019 3164 Bodleialtat;
1085 3116 1210 3155 cum
1261 3083 1403 3172 quo'
1434 3106 1560 3160 item
1599 3107 1834 3165 Grabius
1861 3100 1902 3158 C
1936 3096 2194 3150 stimonia
2231 3096 2346 3165 jam
2391 3095 2516 3150 inde
2560 3113 2588 3150 a
2626 3099 2826 3152 sarculo
2863 3113 2915 3152 Iv
2947 3114 3119 3167 usque
3147 3096 3214 3150 ad
3257 3111 3346 3160 xv,
3379 3112 3511 3149 con-

265 3175 586 3248 Martyrium
613 3181 670 3237 S.
705 3183 907 3240 Thecla:
943 3191 1267 3258 contulerat,
1300 3195 1529 3265 ejusque
1558 3213 1660 3266 ope
1687 3203 1835 3257 curis

256 3273 518 3326 secundis
560 3276 954 3344 perpoliverat,
1003 3290 1062 3334 ut
1099 3298 1165 3336 ex
1204 3291 1462 3357 anonymi
1514 3290 1834 3358 praefatione

261 3361 330 3414 ad
365 3378 564 3417 novam
613 3365 890 3438 Spieilegit'
941 3369 1041 3427 SS.
1071 3372 1297 3429 Patrum
1323 3376 1686 3440 Oxouiensem
1718 3387 1833 3439 edi-

255 3453 466 3508 tionem
502 3459 807 3514 erudimur.
846 3460 902 3515 ln
935 3463 1038 3519 huc
1063 3481 1228 3534 porro
1252 3471 1469 3541 egregio
1495 3489 1665 3530 sacra:
1690 3478 1832 3531 anti-

254 3544 486 3613 quitatis
533 3562 886 3607 monumento
917 3555 1128 3612 edendo
1169 3568 1331 3629 atque
1373 3565 1713 3637 adornando,
1744 3586 1830 3626 se-

257 3637 442 3691 dulam
473 3656 695 3709 operam
729 3645 832 3699 sibi
877 3648 1174 3704 adhibitam
1213 3657 1498 3722 prolitetur
1526 3661 1608 3714 vir
1647 3664 1831 3718 erudi-

252 3737 369 3784 tus.
410 3728 700 3800 Nimirum,
744 3754 811 3790 ne
852 3740 1042 3797 littera:
1073 3747 1290 3815 quidem
1333 3749 1542 3818 apicem
1578 3757 1827 3820 mutavit,

253 3821 364 3906 nisi
397 3823 487 3877 ubi
527 3826 883 3884 dicendorum
936 3850 1128 3902 nexus,
1179 3836 1385 3892 librarii
1436 3843 1749 3912 oscitantia,
1776 3855 1830 3902 et

257 3920 404 3966 recta
431 3920 782 3973 construendi
827 3923 1211 3996 scribendique
1257 3933 1396 3986 ratio
1443 3933 1496 3988 id
1524 3938 1831 4005 expostula-

254 4005 359 4069 rit;
406 4007 496 4060 ubi
534 4024 665 4064 vero
700 4014 1023 4070 vocabulum
1065 4019 1284 4089 aliquod
1326 4023 1488 4080 unius
1537 4027 1829 4086 alteriusve

249 4094 450 4151 litterze
492 4102 824 4172 mutatione,
863 4107 1166 4178 adjectione
1215 4114 1298 4167 vel
1335 4115 1670 4174 detractione
1707 4138 1827 4176 cor-

256 4199 475 4259 ruptutn
516 4192 740 4263 invenit,
771 4215 900 4254 suas
938 4204 1350 4262 emendatiunes
1388 4209 1441 4263 in
1491 4220 1697 4266 textum
1743 4214 1827 4267 in-

251 4280 402 4348 tulit,
433 4299 623 4341 omnes
653 4297 833 4344 tamen
864 4309 966 4347 ms.
998 4295 1202 4350 codicis
1244 4299 1505 4356 lectiones
1532 4305 1826 4361 mendosus

253 4373 574 4444 subjiciens.
607 4377 802 4436 Τειιυί
843 4383 1032 4441 (ἑταῖρο
1078 4404 1274 4443 novam
1314 4392 1618 4448 versionem
1659 4413 1826 4467 appu-

250 4467 382 4531 suit,
415 4468 703 4542 ipsumque
733 4476 876 4531 notis
917 4479 1264 4536 uberioribus
1307 4483 1626 4541 illustravit.
1685 4487 1826 4544 Reli-

242 4575 359 4626 qua
396 4563 701 4621 omittimus
738 4584 1044 4638 recensere,
1071 4589 1193 4644 quae
1223 4573 1286 4628 V.
1313 4574 1374 4630 C.
1403 4577 1517 4632 sive
1552 4578 1606 4632 in
1637 4583 1821 4651 uperis

249 4652 459 4719 limine,
509 4657 624 4712 sive
677 4658 731 4712 in
780 4663 928 4717 calce
983 4667 1263 4734 reposuit;
1315 4683 1378 4722 ea
1430 4669 1698 4738 siquidem
1751 4674 1820 4728 ad

250 4753 501 4807 nostrum
561 4738 867 4807 institbtum
921 4755 1065 4810 haud
1124 4766 1391 4824 spectant.
1453 4759 1606 4817 Hanc
1636 4764 1820 4834 itaque

247 4835 588 4906 Lipsiensem
635 4843 926 4900 editionem
979 4848 1322 4917 potissimum
1377 4856 1549 4908 secuti
1603 4872 1816 4912 sumus.

243 4927 398 5011 Novo
427 4931 704 5001 interpreti
733 4946 965 4992 veterem
998 4941 1318 5010 adjecimus,
1347 4960 1455 4998 non
1483 4945 1819 5002 Mombritia-

244 5037 378 5076 num
427 5022 680 5093 quidem,
738 5029 832 5083 sed
893 5030 1371 5101 Lipomanianum,
1425 5039 1518 5106 qui
1569 5041 1814 5108 profecto

313 5136 392 5206 (2)
434 5136 561 5220 S_ur.
591 5139 697 5220 Vit.
721 5142 846 5220 S_S.,
867 5155 998 5220 tom.
1022 5147 1108 5210 Vl,
1141 5165 1262 5220 pag.
1281 5151 1406 5214 655,
1437 5152 1627 5208 Colon.
1652 5155 1811 5210 l6-l8.

243 5204 379 5287 nec
402 5218 487 5262 est
525 5213 680 5291 tertia
710 5204 876 5292 editio
897 5204 1260 5292 Coloniensi;
1290 5204 1803 5292 animosities?

241 5285 419 5354 prima
439 5285 593 5354 enim
633 5285 834 5354 prodiit
863 5302 989 5341 ann.
1030 5290 1184 5354 l569,
1218 5285 1314 5345 fui.

313 5348 391 5427 (ᾇ)
435 5348 714 5434 Sillim—3:,-
734 5353 804 5408 De
831 5355 1000 5424 gloria
1072 5359 1130 5416 S.
1157 5348 1348 5427 Anan,
1380 5370 1503 5432 post
1531 5378 1651 5434 pag.
1679 5365 1803 5432 676,

237 5415 415 5487 Paris.
450 5420 611 5487 1656,
643 5415 738 5478 fol.

313 5486 390 5557 (4)
428 5486 670 5546 Andruz.
707 5493 908 5552 Stater.
941 5501 1117 5565 verit.,
1142 5517 1264 5573 pag.
1290 5503 1406 5557 l70.
1434 5511 1438 5516 “

1938 3189 2092 3241 tinuo
2123 3188 2383 3257 temporis
2416 3189 2606 3244 ordine
2635 3200 2847 3244 servato
2873 3191 3126 3250 deducta,
3155 3189 3268 3244 sive
3297 3189 3366 3243 ad
3398 3204 3512 3242 vet-

1937 3279 2109 3334 sionis
2135 3279 2518 3348 antiquitatem
2560 3279 2675 3334 sive
2697 3281 2765 3335 ad
2797 3281 2969 3350 ipsius
2992 3280 3247 3351 Epistulae
3275 3279 3507 3336 sinceri-

1939 3379 2102 3424 tatem
2153 3371 2530 3436 astruendam,
2577 3371 2724 3425 haud
2761 3388 2955 3440 parum
3003 3371 3268 3427 conferre
3317 3373 3507 3427 existi-

1937 3473 2175 3517 mantur.

2004 3556 2093 3610 ιγ.
2139 3556 2212 3610 De
2244 3558 2567 3612 auctoritate
2597 3567 2777 3613 autem
2811 3558 2976 3627 hujus
3004 3557 3278 3629 Epistulae,
3326 3560 3506 3614 varias

1931 3665 2055 3703 esse
2087 3650 2326 3703 virorum
2378 3651 2718 3704 eruditorum
2761 3650 3064 3706 sententias
3112 3666 3275 3706 nemo
3306 3652 3500 3707 nescit.

1931 3741 2035 3794 Alii
2084 3757 2321 3810 namque
2362 3741 2509 3796 velut
2553 3741 2953 3812 supposititiam
3003 3751 3166 3812 atque
3213 3743 3503 3800 conﬁctam

1930 3850 2156 3903 prorsus
2206 3834 2486 3904 rejiciunt;
2536 3834 2627 3888 alii
2675 3850 2806 3889 vero
2854 3835 2973 3905 ejus
3011 3836 3390 3890 auctoritatem
3446 3835 3500 3888 in

1930 3925 2156 3982 dubium
2189 3936 2442 3981 revocant
2475 3943 2490 3980 :
2526 3925 2617 3980 alii
2654 3926 2889 3996 denique
2931 3937 3186 3997 tanquam
3225 3927 3500 3981 sincerum

1931 4034 2100 4074 sacrae
2161 4019 2507 4088 antiquitatis
2555 4019 2724 4072 fetum
2775 4029 3096 4089 agnoscunt.
3156 4019 3319 4074 Plura
3373 4033 3502 4078 sunt

1928 4114 2229 4178 enimvero,
2263 4101 2439 4182 neque
2482 4112 2642 4176 levia,
2675 4128 2795 4182 quae
2831 4113 2898 4166 ad
2949 4112 3348 4182 infringendam
3379 4114 3500 4184 ejus

1927 4204 2257 4276 γνησιότητα.
2309 4203 2473 4273 objici
2531 4204 2728 4258 solent.
2787 4203 3006 4258 Potiora
3063 4216 3243 4259 tamen
3295 4206 3401 4260 huc
3431 4206 3498 4260 ad

1927 4312 2156 4350 exatnen
2198 4311 2457 4350 revocare
2508 4297 2726 4350 animus
2769 4305 2886 4362 est;
2926 4312 3099 4365 eaque
3153 4297 3496 4365 potissimum

1928 4404 2051 4457 qua:
2091 4388 2158 4442 ab
2200 4389 2326 4443 aliis
2376 4389 2464 4442 vel
2505 4389 2733 4442 omnino
2775 4389 3175 4457 prmtermissa.
3224 4389 3307 4442 vel
3345 4388 3496 4442 molli

1927 4480 2152 4535 brachio
2189 4480 2436 4535 discussa
2471 4489 2792 4536 noscuntur.

1996 4571 2238 4626 Primum
2287 4574 2488 4643 itaque,
2526 4589 2594 4627 an
2635 4589 2694 4628 re
2731 4589 2854 4628 vera
2898 4573 2952 4626 in
2978 4573 3186 4627 Achaia
3217 4581 3272 4627 et
3309 4573 3364 4627 in
3399 4573 3496 4629 Pa-

1925 4674 2134 4719 trarum
2181 4665 2316 4720 urbe
2355 4666 2674 4736 martyrium
2714 4681 2908 4735 passus
2951 4665 3117 4719 fuerit
3159 4663 3216 4719 S.
3247 4665 3494 4725 Andreas

1927 4758 2245 4829 apostolus,
2310 4757 2705 4814 dubitationem
2757 4759 2927 4812 movit
2973 4758 3344 4814 Florentinius
3377 4759 3490 4831 (7);

1923 4851 2150 4906 Joannis
2177 4850 2552 4922 Chrysostomi
2603 4850 2861 4906 nimirum
2904 4852 3228 4906 auctoritate
3269 4868 3490 4922 permo-

1923 4959 2030 5008 tus,
2059 4952 2199 5016 apud
2231 4961 2392 5014 quem
2425 4945 2506 4999 sic
2534 4945 2764 5014 legimus
2795 4943 2906 5015 (8):
2945 4962 2964 4995 ι
2990 4942 3135 4999 Petri
3168 4945 3410 5014 quidem,
3437 4955 3491 5000 et

1922 5037 2100 5100 Pauli,
2115 5036 2428 5100 etloannis,
2444 5045 2498 5090 et
2516 5035 2741 5090 Thema:
2766 5035 3052 5091 manifesta
3071 5047 3200 5092 sunt
3214 5037 3484 5106 sepulcra;

1992 5157 2070 5225 (5)
2110 5155 2186 5208 ld.
2220 5153 2372 5225 ibim,
2407 5151 2653 5225 pag.‘19l_)
2699 5167 2852 5225 seqq.
2997 5192 3005 5225 _.

1987 5220 2062 5296 (‘6)
2107 5225 2297 5280 Sauss.
2336 5220 2568 5294 De’glor.
2613 5221 2671 5276 S.
2697 5223 2892 5286 Andr.,
2928 5221 3029 5275 sub
3054 5221 3147 5277 tiu.
3182 5220 3237 5276 in
3267 5221 3482 5278 Vindic.

1915 5297 2342 5436 pagifglorent.
2398 5363 2511 5418 Vet.
2545 5363 2735 5436 occid.
2758 5361 2902 5416 Eccl.
2923 5372 3175 5436 _m_art_yr.,
3207 5377 3328 5436 pag.
3358 5363 3482 5436 ω.

1985 5431 2063 5505 (8)
2102 5436 2261 5490 Joan.
2293 5436 2488 5505 Chrys.
2541 5436 2594 5488 in
2639 5434 2808 5503 Epist.
2863 5433 2930 5485 ad
2964 5431 3154 5499 Hebr.,
3207 5431 3355 5488 huin.
3389 5435 3479 5501 26,

1918 5508 1944 5577 ξ
1975 5507 2032 5573 2,
2063 5523 2188 5575 opp.
2223 5515 2357 5561 tom.
2386 5505 2502 5570 Xll,
2535 5522 2586 5574 p.
2612 5505 2738 5558 257.

307 5597 504 5681 Ῐεάξιξρ
529 5611 693 5681 ηρειξε
716 5621 888 5681 "(tum
913 5617 967 5681 et
985 5617 1255 5681 auctiorem
1277 5622 1445 5681 textus
1468 5620 1702 5669 Actorum
1731 5621 1783 5670 S.
1806 5619 2018 5669 Andreae
2043 5621 2389 5668 recensionem
2423 5620 2632 5669 exhibet
2667 5632 2812 5681 quam
2851 5618 3025 5679 Lipsiae
3065 5629 3226 5680 nuper
3252 5630 3313 5681 ex
3352 5618 3484 5666 codi-

238 5657 382 5741 gtgof
401 5676 526 5741 mss.
540 5669 793 5741 evolgavit
816 5657 890 5720 vir
911 5657 971 5721 ei.
983 5657 1360 5741 ςᾶόιῇἱξιῖιῖίιῖῆἕ
1369 5657 1702 5731 τιτίὲἑὶιέτῖἁόἑῖ
1714 5657 2389 5740 ;ἒὲᾶ’ῖεῖιὶτῖ’ῐ;ἑεὲἱῖε’“ιὲἱιῖίὶιῖίι“
2409 5657 2656 5734 ιῖεὲἔᾙὲῐε
2669 5657 3218 5741 ἒῖιῖἒιὶιιίῖῖῐὲῖείῦιῖἕιῖἕ
3254 5657 3480 5733 Ειίῐέιῇ

236 5733 385 5770 novae
418 5729 694 5782 recensioni
717 5734 1172 5787 accommodandam
1196 5742 1484 5792 curavimus.
1514 5729 1663 5792 Eutr—.7
1681 5729 1829 5793 Ρλτιι.

3639 775 3665 794 Ι
