3958 6132
526 268 668 330 1205

1341 267 1955 329 PRESBYTERORUM
1983 269 2074 326 ET
2095 220 2559 335 IDlACONORUM
2593 267 2869 327 ACHAUE
3597 277 3696 336 120$

529 385 762 442 aliorum
799 387 983 438 autem
1010 396 1137 438 cum
1167 381 1278 436 sint
1306 389 1416 436 tam
1459 382 1637 448 multi,
1666 399 1937 454 nusquam
1969 392 2098 440 sunt
2124 388 2171 446 Α
2199 400 2317 439 rum
2349 383 2633 453 Splendida
2656 395 2784 440 sunt
2815 384 2981 440 etiam
3022 385 3298 455 sepulcra,
3331 397 3390 444 ut
3418 405 3530 461 qua:
3552 395 3700 452 urbem

526 485 680 530 nota.
711 493 730 526 ι
771 472 910 528 Hinc
935 488 1064 528 vero
1090 472 1216 543 quis
1253 473 1604 542 coniectaret,
1643 473 1820 544 inquit
1848 475 1932 529 vir
1971 490 2098 530 eru-

526 567 715 630 ditus,
760 563 961 620 festum
995 564 1234 624 TAndreae
1281 563 1424 634 apud
1467 563 1661 620 Patras
1707 565 1877 622 fuisse
1916 561 2098 636 potius

527 651 650 722 ejus
687 651 1093 723 praedicationis
1122 653 1466 718 memoriam,
1498 667 1591 707 seu
1623 653 1970 724 episcopatus
2015 656 2098 711 iu—

529 744 865 800 stitutionem
916 751 1012 799 aut
1063 744 1276 810 natale,
1331 761 1496 814 quam
1557 746 1805 816 ejusdem
1851 749 2096 820 martyrii

527 835 895 890 celebritatem
929 835 983 891 in
1005 832 1194 889 eadem
1227 834 1362 889 urbe
1391 838 1791 904 consummati;
1827 837 2095 907 siquidem

529 926 757 981 Andreae
782 925 1114 995 sepulcrum,
1135 926 1282 997 quod
1303 926 1441 982 adeo
1467 929 1841 999 pervulgatum
1868 937 2014 985 esset
2042 930 2097 986 in

529 1017 755 1082 Achaia,
793 1016 883 1073 vix
931 1017 1183 1088 ignorare
1219 1018 1486 1087 potuisset
1523 1018 1971 1090 Chrysostomus,
2001 1021 2097 1092 qui

527 1127 638 1168 non
663 1109 879 1182 longius
917 1126 949 1165 a
978 1109 1186 1166 Graecia
1221 1113 1453 1180 positus,
1489 1112 1601 1167 imo
1637 1111 1954 1168 Graecorum
1986 1114 2099 1171 fue-

527 1203 604 1258 rit
644 1202 978 1273 patriarcha.
1033 1201 1160 1257 Haec
1204 1201 1596 1270 Florentinius,
1649 1204 1810 1273 cujus
1853 1205 2098 1275 profecto

528 1295 798 1352 dubitatio
842 1296 887 1352 si
939 1295 1047 1354 vim
1093 1295 1333 1366 aliquam
1382 1295 1600 1362 habeat,
1630 1307 1852 1352 corruat
1879 1298 2097 1367 penitus

528 1387 786 1461 Epistulae
814 1398 1019 1444 nostrae
1047 1390 1349 1444 auctoritas
1379 1404 1603 1444 necesse
1639 1399 1743 1444 est.

599 1482 753 1542 Hanc
781 1492 961 1542 autem
991 1483 1358 1546 diﬂicultatem
1392 1499 1554 1554 quam
1587 1482 1994 1541 Tillemontium
2041 1485 2097 1540 in

528 1572 720 1646 primis
749 1588 813 1633 ac
840 1571 1110 1644 Woogum
1150 1575 1476 1646 praeteriisse
1519 1575 1707 1636 mirari
1752 1577 1917 1641 subit,
1951 1577 2094 1636 facili

529 1664 744 1735 negotio
768 1664 881 1743 tolli
909 1665 1239 1725 existimavit
1280 1664 1611 1736 Lequienius
1634 1668 1731 1738 (9),
1757 1669 1802 1723 si
1825 1670 2092 1735 dicamus,

529 1755 756 1811 Andreae
789 1757 947 1829 cujus
975 1771 1172 1825 corpus
1207 1772 1239 1811 a
1273 1755 1592 1814 Constantio
1631 1760 1954 1830 imperatore
1988 1759 2097 1815 iue-

529 1859 615 1904 rat
662 1849 1190 1922 Constantimpolim
1231 1852 1576 1918 translatum,
1611 1863 1894 1924 propterea
1943 1869 2095 1908 men-

530 1944 734 2003 tionem
784 1941 926 1999 haud
966 1942 1163 1998 fecisse
1204 1942 1680 2014 Chrysostomum,
1713 1947 1855 2015 quod
1908 1948 2095 2017 utique

530 2051 640 2093 non
670 2034 726 2092 in
757 2035 889 2090 urbe
915 2036 1081 2104 regia,
1121 2037 1210 2089 sed
1242 2036 1543 2089 Antiochiae
1573 2037 1819 2092 habuerit
1841 2037 2094 2094 homilias

529 2127 584 2184 in
619 2125 914 2196 Epistolam
958 2127 1027 2180 ad
1074 2124 1348 2202 Hebraeos.
1397 2125 1597 2180 Verum
1632 2129 1814 2183 minus
1853 2131 2097 2198 apposite

529 2217 584 2274 id
613 2217 917 2288 conjecisse
951 2218 1034 2271 vir
1065 2219 1256 2274 doctus
1281 2218 1515 2284 videtur,
1545 2219 1788 2290 adeoque
1831 2222 1974 2290 viget
2001 2221 2095 2275 ad-

529 2309 639 2369 huc
680 2307 932 2378 objectio.
989 2307 1099 2369 Has
1133 2310 1278 2364 enim
1320 2309 1572 2367 homilias
1620 2310 2095 2381 Constantinopoli

529 2402 791 2466 habuisse
818 2401 1291 2474 Chrysostomum,
1319 2419 1442 2456 cum
1467 2403 1581 2473 jam
1607 2411 1752 2458 esset
1783 2404 2094 2476 episcopus,

528 2501 654 2570 post
678 2490 1084 2555 Tillemontium
1123 2492 1234 2563 (10)
1266 2492 1702 2550 Montfauconius
1733 2495 1930 2549 evincit
1962 2495 2094 2563 (11).

531 2584 928 2648 Existimamus
973 2585 1156 2655 itaque
1199 2585 1380 2652 potius
1410 2585 1494 2639 vel
1537 2584 1714 2640 locum
1757 2600 1878 2640 esse
1908 2600 2100 2641 corru-

530 2684 707 2745 ptum,
738 2675 823 2730 vel
863 2674 1122 2732 memoria
1168 2674 1378 2742 lapsum
1412 2683 1658 2735 sanctum
1698 2673 1996 2730 doctorem.
2033 2675 2098 2729 Et

530 2767 683 2845 prior
708 2765 928 2839 quidem
960 2766 1273 2841 conjectura
1319 2766 1372 2820 in
1397 2782 1462 2821 eo
1492 2767 1766 2830 innititur,
1804 2768 1948 2842 quod
1993 2783 2101 2822 eae-

531 2857 654 2918 dem
706 2855 964 2921 homilias,
999 2855 1107 2910 ἀπὸ
1149 2856 1410 2932 σημείων,
1445 2872 1510 2916 ea;
1546 2857 1683 2917 notis
1713 2857 1939 2926 eductae,
1975 2867 2098 2927 post

534 2950 742 3011 obitum
763 2949 980 3004 demum
1003 2948 1380 3020 Chrysostomi
1425 2946 1628 3010 fuerint
1667 2949 1929 3024 evulgatae
1955 2969 1967 3014 ;
1990 2949 2097 3003 ἀπὸ

2199 476 2698 547 praestantissimam
2725 492 2790 532 ac
2815 476 3021 548 regiam
3053 480 3369 548 occuparint
3389 500 3403 548 ;
3426 492 3477 537 et
3497 483 3598 540 dies
3616 489 3700 544 noti

2200 574 2364 634 atque
2385 565 2540 630 clari,
2571 565 2666 636 qui
2707 564 2832 621 festi
2863 582 2894 620 a
2921 576 3037 625 toto
3065 569 3200 624 orbe
3228 571 3607 632 celebrentur...
3630 577 3703 632 At-

2199 671 2305 725 que
2333 656 2386 710 id
2416 671 2524 711 non
2554 655 2742 712 Romae
2765 658 2943 713 solum
2981 658 3097 714 fieri
3124 661 3391 731 quispiam
3422 665 3609 732 viderit,
3630 669 3701 723 sed

2197 749 2359 803 etiam
2384 749 2877 818 Constantinopoli.
2903 749 3039 806 Nam
3068 761 3125 807 et
3143 753 3232 808 hic
3257 770 3468 826 quoque
3485 757 3702 814 Constan-

2199 841 2371 896 tinum
2401 838 2654 910 Magnum
2689 841 2834 896 lilius
2879 841 3311 916 (Constantius)
3339 845 3411 901 ita
3430 848 3621 904 demum
3642 852 3704 906 in-

2199 930 2343 1000 genti
2381 930 2590 985 honore
2627 945 2687 986 se
2717 927 3041 992 allectut‘um
3067 934 3423 1003 existimavit,
3445 938 3500 994 si
3527 955 3632 994 eum
3662 941 3702 996 in

2198 1021 2487 1090 piscatoris
2512 1021 2786 1092 (Andreae)
2825 1023 3098 1088 vestibulo
3138 1027 3420 1093 conderet;
3455 1047 3474 1082 ι
3503 1029 3551 1085 in
3578 1032 3704 1086 vesti-

2197 1114 2326 1170 bulo
2351 1115 2560 1170 scilicet
2603 1116 2848 1174 ecclesiae
2879 1115 3289 1186 Apostolorum,
3330 1120 3417 1175 ubi
3445 1131 3701 1178 sanctorum

2198 1206 2449 1273 Andreae,
2485 1205 2649 1262 Lucae
2681 1223 2746 1262 ac
2771 1208 3042 1264 Timothei
3081 1226 3312 1280 corpora
3342 1215 3594 1269 recondita
3612 1232 3703 1286 per-

2198 1299 2472 1356 hibentur.
2505 1298 2624 1364 Quo
2660 1315 2791 1355 sane
2818 1302 3119 1369 respiciens
3156 1312 3399 1360 vetustus
3443 1316 3607 1362 auctor
3629 1310 3702 1362 ho-

2197 1390 2361 1445 milias
2391 1390 2443 1443 in
2471 1390 2622 1455 illud,
2654 1389 2720 1445 In
2751 1393 3010 1462 principio
3038 1402 3154 1448 erat
3191 1393 3428 1462 Verbum,
3457 1397 3582 1452 inter
3605 1415 3701 1468 ope-

2198 1496 2259 1538 ra
2293 1480 2461 1551 ipsius
2491 1480 2864 1552 Chrysostomi
2894 1484 3030 1554 (15),
3060 1483 3260 1540 habitae
3290 1495 3348 1541 ut
3379 1489 3570 1543 videtur
3591 1505 3701 1543 anno

2199 1573 2323 1642 581,
2352 1574 2467 1628 haec
2499 1574 2662 1628 habet
2689 1589 2705 1627 :
2745 1594 2764 1628 ι
2804 1574 3046 1631 Trinitas
3071 1578 3438 1647 apostolorum
3471 1581 3698 1651 (Andreae,

2200 1665 2359 1720 Lucae
2401 1681 2464 1720 ac
2505 1665 2796 1737 Timothei)
2843 1668 2998 1725 testis
3023 1679 3107 1724 est
3135 1669 3371 1726 caelestis
3397 1669 3695 1728 Trinitatis.»

2198 1753 2398 1813 Eodem
2430 1756 2587 1824 plane
2621 1773 2786 1813 sensu
2831 1769 2996 1828 atque
3038 1759 3094 1815 in
3127 1761 3372 1818 eamdem
3416 1764 3698 1829 sententiam,

2199 1848 2495 1919 Gregorius
2527 1867 2745 1920 quoque
2772 1850 3149 1910 Nazianzenus
3178 1855 3294 1923 (16)
3318 1871 3352 1908 :~

2267 1942 2507 1996 Μοῦνον
2525 1941 2576 1994 δ’
2596 1942 2780 2013 ἄλγος
2792 1944 3023 2012 ἔμεινεν
3035 1943 3185 2014 ἐμοὶ,
3201 1941 3482 2015 καὶτῆρας
3494 1943 3699 2018 ἀνιῃοόν.

2271 2033 2340 2085 Ὠ
2364 2048 2466 2102 μοι
2495 2029 2642 2100 ἐμῆς
2671 2031 2923 2099 τριάδος.

2272 2124 2346 2176 Ac
2396 2124 2528 2177 mihi
2601 2123 2860 2178 duntaxat
2907 2126 3102 2178 mansit
3148 2125 3303 2178 dolor
3330 2137 3475 2196 atque
3517 2141 3702 2180 senectus

2340 2217 2578 2270 molesta.

2275 2309 2389 2364 Hea
2418 2327 2532 2365 mea
2570 2312 2728 2365 trias.

2199 2403 2302 2469 Qui
2334 2411 2388 2457 et
2419 2403 2548 2457 alibi
2581 2403 2719 2474 (l7),
2765 2402 2830 2457 ad
2859 2401 3176 2457 eorumdem
3221 2411 3521 2458 sant-torum
3552 2414 3701 2470 corpo-

2198 2510 2319 2548 rum
2367 2494 2778 2549 translationem
2832 2495 3061 2564 digitum
3118 2492 3439 2558 intendens,
3483 2494 3701 2564 eleganter

2199 2583 2372 2638 dixit:
2405 2602 2424 2633 σ
2453 2582 2659 2652 Valete,
2687 2585 2938 2654 apostoli,
2977 2589 3236 2656 praeclara
3262 2586 3464 2643 colonia
3501 2582 3702 2638 certami-

2200 2675 2285 2728 nis
2316 2675 2419 2729 mei
2456 2675 2722 2744 magistri.
2763 2695 2781 2726 ι
2814 2675 2945 2742 Quae
2986 2693 3109 2733 cum
3161 2679 3237 2734 ita
3285 2679 3429 2743 sint,
3470 2675 3577 2741 quis
3604 2686 3702 2743 ergo

2199 2767 2301 2821 rite
2325 2765 2522 2826 dixerit
2554 2768 2835 2838 ignorasse
2875 2769 3349 2845 Chrysostomum,
3391 2769 3523 2840 quod
3543 2767 3702 2836 Grego-

2201 2859 2314 2914 rius
2336 2857 2730 2924 Nazianzenus,
2748 2861 2892 2930 quod
2917 2860 3357 2932 Paulinus,quod
3377 2859 3700 2931 HieronymtIS.

2199 2951 2344 3020 quod
2386 2952 2580 3022 reliqui
2617 2952 2827 3022 antiqui
2873 2954 3168 3023 scriptores
3190 2951 3548 3017 ecclesiastici,
3579 2949 3632 3003 de
3655 2945 3700 3000 S.

537 3039 796 3114 σημείων,
831 3039 1075 3110 inquam,
1104 3054 1200 3093 seu
1231 3055 1297 3094 ex
1323 3039 1576 3095 ductibus
1607 3040 1801 3094 calami
1835 3041 2100 3096 breviori-
2127 3052 2167 3109 ο
2201 3043 2428 3098 Andreae
2459 3043 2691 3114 apostoli
2727 3059 2977 3114 corpore,
2998 3045 3178 3102 Patris
3222 3045 3438 3101 Achaiae
3469 3044 3518 3097 in
3553 3041 3700 3095 urbem

532 3132 658 3194 bus,
682 3127 883 3202 quibus
914 3145 1084 3198 (voces
1125 3141 1176 3188 et
1229 3132 1389 3192 verba
1437 3131 1772 3204 tachigraphi
1819 3134 2097 3196 describe,

533 3222 684 3286 bant,
715 3229 773 3276 ut
796 3230 996 3283 norunt
1016 3221 1247 3288 eruditi;
1273 3238 1338 3280 ex
1373 3223 1570 3300 quibus
1599 3239 1730 3300 ergo
1763 3224 1908 3279 notis
1937 3224 2099 3294 plano

535 3323 590 3375 et
608 3312 820 3392 vulgari
850 3312 1012 3368 modo
1062 3313 1259 3368 litteris
1313 3314 1570 3375 traditum
1613 3331 1769 3392 opus,
1822 3316 1874 3372 in
1923 3318 2097 3379 lucem

531 3406 731 3470 exinde
769 3405 873 3461 fuit
894 3407 1184 3476 prolatum.
1226 3406 1322 3462 llis
1353 3408 1582 3473 accedit,
1616 3410 1763 3464 varia
1794 3410 1965 3467 fuisse
1997 3414 2099 3469 ha~

535 3514 658 3557 rum
697 3498 1044 3553 homiliarum
1068 3501 1417 3568 exemplaria,
1455 3502 1507 3556 in
1553 3502 1752 3571 quibus
1783 3504 2100 3574 colligendis

538 3592 1018 3668 describendisque
1053 3592 1143 3654 alii
1169 3601 1298 3648 tunc
1323 3595 1581 3668 temporis
1614 3593 1910 3649 feliciorem
1935 3612 2097 3666 quam

538 3684 931 3752 Constantinus
984 3700 1202 3763 operam
1257 3685 1505 3754 posuisse
1556 3685 1834 3753 feruntur;
1882 3703 1987 3756 qua
2035 3688 2102 3744 de

542 3794 600 3834 re
640 3778 795 3849 plura
845 3779 1195 3834 doctissimus
1259 3779 1634 3850 Chrysoslomi
1704 3796 1929 3849 operum
1987 3783 2102 3836 edi-

544 3884 628 3928 tor
659 3872 772 3944 (12)
809 3890 822 3926 :
866 3882 925 3926 ut
962 3873 1188 3942 proinde
1217 3873 1362 3928 haud
1393 3874 1599 3927 absona
1633 3873 1876 3929 videatur
1923 3875 2104 3946 suspi-

541 3968 650 4031 cio,
683 3975 886 4021 textum
937 3966 1158 4024 allatum
1210 3965 1556 4022 librariorum
1597 3966 1754 4038 culpa
1796 3967 1850 4021 in
1908 3968 2105 4022 mendo

543 4059 778 4125 cubare;
817 4073 882 4114 eo
927 4059 981 4113 in
1025 4059 1217 4137 primis
1258 4059 1497 4123 nomine,
1533 4059 1678 4131 quod
1704 4059 1770 4113 de
1802 4058 1945 4114 Petri
1979 4057 2102 4130 qui-

543 4153 665 4215 dem
696 4159 750 4206 et
767 4150 918 4206 Pauli
957 4161 1010 4206 et
1044 4151 1271 4212 Joannis
1296 4152 1559 4221 sepulcris
1583 4153 1792 4208 dubitet
1817 4167 2005 4218 nemo;
2041 4155 2107 4209 de

542 4243 769 4309 Thomae
799 4257 977 4306 autem
1009 4245 1255 4314 sepulcro
1289 4260 1398 4297 non
1443 4245 1514 4299 ita
1551 4253 1780 4308 certum,
1803 4254 1862 4298 ut
1889 4245 1954 4299 ad
1982 4261 2105 4309 eum

544 4338 722 4400 locum
756 4344 902 4396 recte
922 4336 1143 4398 adnotat
1168 4335 1625 4401 Montfauconius.

2203 3135 2404 3203 regiam
2431 3134 2716 3199 translato,
2750 3134 2945 3190 litteris
2976 3135 3356 3192 tradiderunt?
3382 3134 3609 3204 Superest
3624 3128 3702 3200 igi-

2201 3237 2310 3292 tur,
2335 3227 2477 3305 quod
2503 3227 2666 3282 modo
2690 3227 3027 3292 dicebamus,
3060 3239 3119 3282 ut
3141 3229 3478 3298 suspicemur
3499 3225 3571 3280 vel
3586 3237 3702 3277 men-

2201 3323 2395 3377 (losum
2427 3335 2548 3376 esse
2588 3321 2766 3379 locum
2813 3320 2969 3378 nobis
3019 3321 3331 3391 objectum;
3374 3321 3452 3374 vel
3480 3318 3520 3373 si
3552 3313 3702 3377 mavis,

2202 3413 2462 3467 memoria
2496 3413 2705 3480 lapsum
2732 3421 2981 3469 sanctum
3021 3413 3325 3478 doctorem,
3355 3410 3477 3464 dum
3503 3423 3556 3463 ea
3581 3403 3704 3459 verba

2199 3517 2230 3557 e
2260 3511 2513 3572 suggestu
2540 3500 2827 3574 proferret.

2274 3593 2340 3648 Υ.
2380 3594 2524 3649 Inter
2551 3594 2888 3664 objectiones
2917 3608 3047 3648 vero
3088 3593 3356 3664 gravioris
3394 3586 3620 3645 momenti
3657 3597 3703 3637 et

2202 3687 2384 3758 potior
2403 3687 2766 3752 existimatur,
2798 3701 2921 3756 quae
2947 3701 3014 3742 ex
3055 3703 3181 3741 voce
3225 3685 3438 3758 τριάδος
3462 3677 3706 3737 desumitur

2202 3781 2305 3835 sub
2333 3778 2585 3850 Epistolas
2629 3779 2838 3833 initium
2889 3787 3244 3845 occurrente;
3296 3793 3475 3848 quam,
3503 3770 3707 3840 inquiunt

2204 3891 2478 3939 censores,
2517 3875 2570 3928 in
2613 3873 2997 3929 vetustissimis
3027 3871 3414 3928 ecclesiasticis
3439 3876 3706 3923 monumen—

2207 3967 2275 4022 tis
2312 3967 2399 4019 vix
2442 3982 2506 4020 ac
2539 3981 2606 4020 ne
2633 3965 2722 4019 vix
2757 3964 2974 4034 quidem
3008 3963 3244 4018 fortasse
3276 3960 3541 4021 invenias;
3567 3951 3707 4025 perin-

2205 4059 2272 4112 de
2303 4073 2366 4112 ac
2399 4058 2445 4112 si
2475 4057 2661 4111 omnia
2689 4057 2891 4125 scripta
2920 4056 3074 4110 nobis
3097 4059 3460 4124 superessent,
3481 4063 3584 4118 quae
3602 4039 3709 4098 scri-

2207 4159 2390 4220 ptores
2427 4149 2708 4219 apostolici
2750 4157 2844 4203 aut
2871 4162 2986 4202 aevo
3029 4147 3330 4216 apostolico
3378 4139 3603 4213 proximi,
3629 4133 3708 4186 Pa-

2206 4241 2345 4312 pias,
2372 4240 2701 4307 Quadratus,
2730 4240 3018 4305 Aristides,
3047 4237 3286 4309 Agrippa
3316 4237 3500 4292 Castor
3522 4272 3536 4298 ,
3569 4227 3711 4281 Aristo

2207 4333 2435 4388 Pellaeus
2477 4333 2678 4404 aliique
2717 4332 2910 4386 litteris
2952 4330 3240 4385 tradidere.
3288 4327 3443 4395 Atqui
3486 4316 3712 4388 antiquius

614 4429 767 4496 Quod
817 4429 863 4484 si
920 4430 1008 4484 cui
1059 4431 1326 4485 sententia
1370 4431 1560 4484 isthwc
1616 4430 1797 4486 minus
1845 4431 2101 4496 arrident,
2134 4412 2182 4471 Ῐ)
2207 4435 2291 4480 est
2331 4440 2525 4504 nomen
2565 4423 2814 4495 τριάδος,
2847 4436 3010 4491 quam
3051 4430 3111 4475 ut
3148 4419 3355 4488 passim
3389 4413 3710 4504 existimetur;

544 4522 809 4587 memoria
846 4522 935 4585 hic
969 4522 1181 4592 lapsum
1220 4521 1278 4576 S.
1321 4521 1536 4574 Patrem
1571 4521 1784 4596 opinari
1823 4520 1904 4574 fas
1945 4523 2050 4575 erit
2090 4541 2102 4575 :

543 4618 704 4688 cujus
733 4615 808 4672 rei
845 4616 1092 4685 exempla
1123 4615 1174 4667 in
1217 4615 1338 4676 aliis
1372 4613 1491 4685 ejus
1521 4613 1775 4682 operibus
1809 4614 1948 4666 haud
1982 4630 2107 4675 raro

544 4708 916 4781 deprehendas
959 4697 1092 4777 (13).
1131 4705 1260 4774 Quae
1297 4704 1519 4774 quidem
1564 4703 1889 4779 conjectatio
1934 4705 2107 4774 magis

547 4804 743 4877 placet.
776 4799 1061 4867 Quomodo
1086 4798 1226 4852 enim
1274 4797 1502 4850 Andreae
1531 4797 1762 4865 apostoli
1797 4797 2108 4866 sepulcrum

547 4895 723 4966 potuit
739 4895 1022 4965 ignorasse
1045 4891 1470 4960 Chrysostomus
1489 4907 1504 4954 ;
1522 4905 1683 4960 quem
1701 4889 1959 4943 nimirum
1987 4905 2108 4944 cor-

549 4985 695 5054 poris
723 4982 842 5054 ejus
869 4981 1280 5047 translationem
1312 4997 1376 5034 ex
1409 4978 1611 5034 Achaia
1645 4978 2109 5047 Constantinopo-

550 5081 641 5134 lim
669 5095 699 5133 a
721 5057 1040 5133 Constantio
1065 5091 1211 5131 anno
1247 5076 1350 5129 357
1377 5083 1672 5145 peractam,
1709 5075 1848 5127 haud
1887 5073 2112 5126 latuisse

549 5173 767 5227 demum
796 5170 1010 5240 liquet?
1045 5169 1135 5230 Sic
1157 5169 1301 5224 enim
1335 5169 1422 5223 ille
1449 5168 1599 5242 (1.1):
1639 5187 1657 5217 ε
1686 5167 1888 5224 Christi
1923 5181 2111 5223 servo—

623 5283 700 5352 (9)
733 5281 1019 5352 Lequien.,
1056 5282 1150 5337 Or.
1177 5279 1397 5347 CIm'st.,
1429 5278 1657 5352 tom._Al_l,
1687 5279 1896 5352 p.354.

623 5349 734 5426 (ω)
764 5349 976 5426 Tillem.
1012 5352 1172 5426 Ajém.
1205 5352 1364 5426 εει-Α,
1386 5363 1518 5408 tom.
1552 5349 1643 5426 δι’,
1671 5366 1720 5417 p.
1742 5349 1864 5401 378.
1991 5419 2027 5426 __

622 5416 983 5564 (ἐϋὲὓέοιιιῐη
1020 5422 1243 5491 Prwfat.
1298 5423 1364 5474 ad
1398 5438 1517 5490 opp.
1566 5416 1778 5485 Clarus,
1826 5429 1957 5472 tom.
1991 5416 2102 5485 ΧΠ,

560 5512 925 5634 ν’(ῗὲθηῗῖάη

625 5631 739 5704 (13)
765 5631 983 5704 Manili,
1017 5633 1286 5704 Prmﬂad
1317 5643 1441 5685 tom.
1470 5631 1540 5692 Χ,
1675 5644 1727 5686 (‘t
1754 5633 1899 5704 alibi.

624 5693 738 5779 (HI)
771 5693 989 5774 Chi‘ysa,
1021 5693 1165 5757 Itoni.
1191 5703 1279 5768 26,
1320 5705 1372 5755 in
1401 5693 1652 5770 epist.“
1689 5704 1755 5756 ad
1787 5703 1930 5764 Con,
1972 5718 2025 5756 η.
2060 5702 2112 5767 5,

961 5564 989 5635 §
1021 5566 1054 5635 Ej
1078 5579 1227 5635 seqq.

2207 4517 2369 4572 tertio
2393 4503 2561 4580 enim,
2589 4515 2720 4584 quin
2747 4523 2801 4568 et
2827 4511 3069 4568 secundo
3101 4509 3358 4568 Ecclesiae
3382 4503 3564 4561 saeculo
3583 4509 3712 4595 ustu-

2208 4618 2392 4677 patum
2425 4607 2800 4676 comperitur;
2851 4606 2993 4675 quod
3034 4619 3177 4669 sane
3199 4602 3370 4655 miror
3411 4596 3593 4667 fugisse
3623 4588 3712 4642 Sti-

2209 4717 2392 4756 cerum
2440 4700 2602 4770 (18).
2647 4699 2942 4770 Dionysius
2983 4695 3386 4751 Alexandrinus
3428 4691 3530 4761 (19)
3559 4681 3712 4740 ςοῦτω

2213 4794 2308 4865 μὲν
2339 4795 2496 4863 ἡμεῖς
2523 4791 2604 4856 εἷς
2632 4809 2690 4844 τε
2719 4790 2816 4866 τὴν
2841 4789 3044 4862 Τριὰδα
3070 4787 3168 4858 τὴν
3202 4786 3403 4858 μονάδα.
3431 4775 3712 4866 πλατύνομξν

2210 4863 2528 4957 ἆδιαίρετοψ
2561 4884 2655 4937 καὶ
2692 4863 2791 4952 τῇ
2823 4882 3029 4953 Τριάδα
3055 4881 3215 4934 πάλιν
3261 4878 3517 4950 ἀμείωτον
3546 4871 3618 4964 εἰς

2216 4980 2414 5050 μονάδα
2451 4974 3012 5046 συγκεφαλαιούμεθα.
3049 4973 3138 5026 Sic
3162 4973 3369 5042 quidem
3409 4985 3494 5022 nos
3523 4957 3712 5057 inditis?

2215 5071 2372 5123 bilem
2405 5069 2662 5121 unitatem
2694 5068 2747 5120 in
2772 5065 3087 5118 Trinitatem
3119 5063 3435 5124 dilatamus;
3457 5067 3501 5111 ει
3529 5053 3714 5107 Trinita-

2216 5176 2317 5219 tem
2345 5165 2535 5218 iterum
2567 5179 2684 5232 qua:
2729 5160 2974 5214 imminui
3005 5160 3211 5228 nequit,
3253 5159 3307 5210 iu
3350 5154 3583 5207 unitatem
3617 5151 3713 5192 rol-

2217 5289 2347 5346 tom.
2370 5277 2440 5339 Χ,
2468 5293 2520 5346 p.
2553 5277 2678 5331 625.

2284 5343 2398 5422 (15)
2429 5341 2780 5422 Chrys._opp.
2811 5354 2946 5407 tom.
2981 5341 3096 5422 ξιι,
3131 5358 3184 5411 p.
3440 5405 3468 5422 ῃ

2289 5404 2398 5488 (lii)
2435 5404 2594 5487 (ἐι-(εξ.
2615 5404 2777 5488 Νειὶῖ,
2808 5404 2978 5468 carm.
3000 5417 3055 5488 _9,
3083 5404 3325 5488 ὶόῃιῙ-ΙΙ,
3357 5425 3407 5478 p.
3440 5404 3519 5459 79.

2291 5483 2400 5556 (17)
2431 5489 2504 5541 ld.
2543 5483 2681 5547 orat.
2721 5487 2809 5550 52,
2836 5495 2975 5556 tom.
3000 5483 3038 5548 l,
3070 5500 3120 5552 p.

2320 5541 2402 5625 is)
2429 5541 2657 5620 Svicer.,
2687 5541 2850 5609 Thes.
2872 5541 3182 5625 erclq't'om.
3225 5554 3292 5607 ιι.
3318 5541 3542 5625 p.1288.

3056 5597 3531 5688 6iohys.,
3546 5622 3650 5666 totu-
3675 5597 3708 5664 ¹ο

2221 5718 2271 5770 p.
2297 5699 2423 5754 255.

3861 291 3879 382 Ῑ
