3958 6132
510 264 647 320 1907

1303 262 1904 320 pnsssv'rsnosuu
1948 263 2036 318 ET
2072 264 2522 322 DIACONOBUM
2556 265 2835 321 Αοιιιιικις
3604 231 3727 332 ηας

581 383 724 449 Quid
745 382 986 454 quaeris?
1013 381 1202 438 Lectio
1241 381 1431 436 isthaac
1476 395 1695 435 sensum
1734 395 1928 433 sanum
1961 396 2080 434 om-
2107 390 2150 442 Α
2177 382 2373 452 jungat
2409 381 2668 452 Spiritum
2698 399 2728 436 a
2769 372 2906 436 Filio
2927 397 3208 452 nunquam
3238 381 3714 449 recederemtcono

509 477 648 530 nino
677 483 732 531 et
756 476 1088 531 catholicum
1125 476 1325 541 habet;
1353 474 1553 544 quippe
1573 489 1694 544 qua:
1726 475 1940 529 tametsi
1976 472 2083 528 La-

509 569 686 621 tinum
713 568 780 624 de
816 567 988 622 sancti
1024 567 1262 637 Spiritus
1289 566 1639 636 processione
1668 582 1698 618 a
1722 564 1882 620 Patre
1909 575 1964 620 ct
1994 565 2084 619 Fi-

508 657 585 711 lio
603 658 798 729 dogma
827 675 933 712 non
957 658 1258 727 exprimat;
1284 667 1522 712 attamen
1561 671 1737 726 neque
1767 656 2081 712 Graecorum

509 762 755 802 errorem
788 748 855 802 de
891 747 1095 818 Spiritu
1126 757 1318 802 saneto
1339 762 1370 801 a
1409 747 1530 802 solo
1572 745 1730 801 Patre
1760 748 2084 816 procedente

512 839 623 894 allo
655 848 813 910 pacto
833 839 1095 894 insinuat.
1114 837 1482 905 Quamobrem
1508 837 1700 894 Patres
1729 838 1900 895 Graeci
1932 855 2084 895 com-

450 917 457 927 ’
509 931 691 998 plures
719 931 961 1001 ejusdem
988 930 1132 985 modi
1160 939 1252 984 aut
1285 929 1428 984 atlini
1465 929 1722 999 loquendi
1765 932 1976 986 ratione
1998 931 2084 987 usi

507 1022 840 1092 quandoque
858 1022 1286 1092 comperinntur,
1308 1036 1542 1091 quorum
1564 1022 1877 1077 testimonia
1909 1024 2086 1092 plera-

506 1132 618 1187 que
659 1117 934 1188 congessit
977 1117 1032 1170 in
1071 1117 1186 1171 suis
1235 1115 1553 1185 Epigraphis
1600 1114 1840 1171 Joannes
1874 1114 2085 1172 Veecus

509 1208 644 1275 (52).
667 1206 852 1277 Neque
895 1207 1052 1261 aliter
1089 1208 1260 1262 Graeci
1301 1208 1596 1263 orthodoxi
1633 1208 1990 1271 recentiores,
2026 1216 2085 1262 ut

505 1316 573 1354 ex
602 1298 950 1354 Constantini
984 1298 1330 1355 Meliteniota:
1361 1299 1708 1355 Orationibus
1737 1301 1818 1356 vel
1850 1300 2086 1355 maxime

502 1390 560 1445 in
587 1399 841 1461 promptu
869 1400 953 1447 est
982 1391 1238 1462 colligere
1267 1393 1400 1462 (55).
1427 1393 1570 1458 Quin
1610 1402 1664 1448 et
1709 1377 1956 1447 nonnulli
1985 1392 2087 1448 Pa-

501 1489 617 1538 tres
639 1481 818 1537 Latini
857 1483 1186 1538 locutionem
1215 1483 1462 1539 eamdem
1505 1500 1804 1554 usurpasse
1843 1501 2086 1540 noscun»

505 1586 632 1641 tur;
663 1583 721 1628 ut
743 1575 886 1629 inter
912 1584 1140 1630 ceteros
1168 1576 1464 1647 Gregorius
1483 1575 1732 1648 Magnus,
1764 1577 1862 1648 qui
1898 1577 2088 1631 Dialo-

504 1679 690 1732 gorum
718 1664 814 1719 lib.
861 1681 924 1730 ιι,
948 1681 1069 1736 cap.
1104 1665 1195 1728 58,
1218 1667 1375 1735 juxta
1404 1666 1649 1722 Graecam
1689 1666 1969 1723 Zacharia:
1990 1685 2087 1739 pa-

2187 483 2446 530 sentanea
2489 475 2561 530 sit
2586 475 2781 540 illatio,
2823 474 3037 530 videtur
3070 475 3297 530 omnino
3317 475 3527 532 dixisse
3575 477 3716 550 Spiri-

2188 575 2304 621 tum
2349 581 2570 621 manere
2615 567 2670 620 in
2699 565 2870 633 Filio;
2911 566 3062 622 velut
3099 567 3360 622 nimirum
3403 569 3498 624 lib.
3539 585 3595 626 ιιι
3633 572 3718 628 lo-

2186 653 2317 718 rat.,
2344 671 2402 708 ιι.
2440 653 2531 716 92,
2571 654 2661 708 ubi
2693 654 2938 724 loquitur
2957 655 3026 711 de
3048 656 3209 711 modo
3236 672 3347 726 quo
3369 656 3603 727 Spiritus
3621 677 3718 716 san-

2186 756 2308 801 ctus
2335 745 2388 802 in
2409 745 2577 816 justis
2603 745 2834 812 habitat,
2869 748 3246 803 concludendo
3270 749 3346 804 ait
3376 767 3390 803 :
3416 749 3719 808 Dissimiliter

2185 852 2306 907 ergo
2329 837 2387 890 in
2421 836 2516 890 illo
2545 836 2726 906 (Filio)
2755 847 2951 903 manet,
2984 855 3016 891 a
3045 855 3148 908 quo
3169 854 3260 907 per
3279 849 3527 892 naturam
3547 856 3639 894 non
3657 858 3720 896 re-

2186 929 2347 983 cedit.
2367 927 2636 995 Quocirca
2655 929 2887 984 dicendo
2914 929 2968 984 in
2998 929 3264 1000 Dialogis,
3288 929 3547 1000 Spiritum
3568 947 3626 988 ex
3640 931 3720 988 Pa-

2187 1029 2269 1076 tre
2301 1021 2596 1090 procedere
2623 1021 2756 1076 etin
2785 1021 2925 1077 Filio
2946 1037 3190 1084 manere.
3209 1023 3518 1081 nullatenus
3543 1026 3718 1081 dissen-

2187 1113 2320 1169 serit
2349 1128 2381 1166 a
2401 1111 2600 1183 Vigilio
2630 1113 2920 1184 Tapsensi,
2945 1115 3041 1184 qui
3073 1114 3170 1169 lib.
3193 1123 3258 1169 xt‘
3286 1115 3360 1168 De
3403 1114 3608 1180 Triuit.,
3631 1118 3719 1172 haec

2186 1205 2372 1259 omnia
2393 1207 2713 1276 complexus
2743 1206 2922 1262 fuerat
2948 1225 2961 1261 :
3000 1205 3111 1278 Ego
3141 1207 3295 1260 credo
3320 1206 3524 1262 Filium
3551 1211 3606 1262 in
3637 1210 3720 1263 Ps-

2191 1303 2288 1360 tre,
2314 1294 2512 1364 inquit,
2534 1307 2585 1350 et
2608 1295 2829 1350 Patrem
2851 1297 2908 1350 in
2931 1294 3076 1350 Filio
3092 1313 3112 1358 ;
3131 1294 3395 1366 Spiritum
3423 1313 3720 1367 quoquemu-

2187 1399 2328 1442 ctum
2356 1387 2700 1443 Paracletum
2724 1389 2818 1460 qui
2846 1388 3082 1457 procedit
3120 1405 3154 1442 α
3177 1387 3369 1451 Patre.
3409 1399 3457 1442 et
3493 1387 3612 1442 Filii
3633 1406 3718 1444 esse

2187 1488 2237 1534 et
2273 1477 2479 1538 Patris.
2527 1480 2654 1548 quia
2693 1487 2744 1531 et
2772 1475 2971 1531 aFilio
3001 1479 3259 1547 procedit.
3297 1477 3367 1532 Et
3397 1479 3554 1548 paulo
3579 1487 3714 1547 post:

2189 1569 2343 1636 Quod
2381 1572 2520 1624 idem
2551 1569 2786 1640 Spiritus
2829 1568 2963 1623 Filii
2990 1572 3084 1633 sit,
3131 1569 3316 1624 multis
3365 1568 3716 1638 Scriptursms

2189 1663 2501 1717 testimoniis
2528 1662 2884 1732 probavimus,
2913 1661 3124 1732 etquod
3155 1671 3296 1716 totus
3337 1677 3543 1717 moueat
3571 1662 3620 1715 in
3644 1661 3718 1715 Fi-

503 1729 586 1825 pze
609 1729 917 1812 versionem
937 1729 1120 1814 sic-ait
1153 1776 1166 1811 :
1192 1729 1425 1831 (ίανερὺν
1457 1757 1549 1816 οὖν
1577 1762 1833 1834 ὑπάρχει,
1860 1763 1941 1816 ὅτι
1973 1729 2082 1818 ἡα-

2186 1755 2290 1820 ιιυ;
2327 1763 2378 1809 et
2407 1729 2545 1809 sicut
2573 1757 2811 1825 procedit
2839 1773 2874 1810 a
2896 1729 3007 1810 Deo
3031 1756 3215 1823 Patre,
3243 1757 3325 1809 ita
3349 1757 3574 1825 procedit
3592 1773 3619 1808 a
3646 1753 3717 1808 Fi-

507 1849 774 1922 ράκλητον
804 1851 1030 1922 Πνεῦμα
1060 1856 1124 1905 ἐκ
1152 1852 1245 1906 τοῦ
1278 1854 1492 1925 Πατρδς
1523 1855 1874 1927 προέρχεται,
1900 1856 1993 1910 καὶ
2025 1858 2084 1909 ὲν

499 1942 581 2013 τῷ
611 1943 726 2013 Υἱῷ
745 1943 1006 2014 διαμένει.
1044 1943 1100 1998 Id
1135 1956 1239 2010 est,
1273 1945 1316 1999 si
1340 1946 1564 2000 verbum
1590 1947 1756 2002 verbo
1782 1948 2040 2002 reddatur
2066 1967 2080 2002 :
2107 1933 2112 1938 ’

503 2033 850 2104 Manifestum
899 2047 978 2090 est
1017 2037 1182 2106 igitur
1231 2037 1370 2107 quod
1419 2036 1730 2091 Paracletus
1775 2038 2010 2108 Spiritus
2051 2056 2084 2094 ιι

503 2125 670 2181 Patre
697 2128 955 2197 procedit,
978 2137 1029 2182 et
1057 2129 1111 2182 in
1144 2127 1289 2182 Filio
1314 2140 1605 2198 permanet.
1649 2129 1781 2197 Qua:
1815 2141 1898 2186 est
1921 2133 2084 2202 ipsis-

500 2219 639 2274 sima
668 2218 924 2290 Epistolas
955 2220 1208 2276 Achaicae
1243 2223 1536 2286 sententia,
1565 2222 1632 2277 de
1670 2239 1776 2293 qua
1807 2226 2022 2296 agimus
2065 2241 2078 2277 :

499 2317 643 2382 quod
671 2313 890 2384 quidem
921 2315 1122 2369 nemini
1155 2315 1416 2372 hactenus
1444 2316 1908 2371 animadversum.

571 2403 760 2476 Neque
799 2421 933 2461 vero
972 2407 1084 2462 ullo
1129 2409 1295 2462 modo
1333 2407 1640 2464 audiendus
1681 2409 1770 2463 hic
1798 2418 1883 2464 est
1909 2411 1990 2480 (ut
2028 2411 2083 2465 id

497 2497 680 2552 obiter
700 2502 973 2570 moneam)
1008 2497 1247 2555 Iacobus
1281 2499 1609 2570 Basnagius,
1640 2502 1734 2570 qui
1757 2499 2082 2556 Zachariam

499 2593 813 2660 pontiﬁcem
838 2591 1029 2646 Latina
1061 2591 1308 2663 Gregorii
1350 2591 1368 2644 l
1408 2592 1595 2648 Graece
1627 2595 1966 2658 reddentem,
1996 2596 2084 2650 de-

501 2687 737 2740 cessoris
772 2685 856 2739 sui
889 2685 1214 2740 sententiam
1244 2687 1466 2755 penitus
1492 2686 1818 2741 immutasse
1850 2696 2082 2741 conten-

500 2775 620 2840 dit;
655 2777 880 2845 quique,
910 2775 1057 2846 quod
1083 2777 1304 2846 gravius
1338 2777 1518 2831 adhuc
1541 2787 1645 2840 est,
1678 2777 1862 2846 ipsum
1893 2767 2079 2842 etiam,

499 2866 548 2921 si
577 2867 682 2921 diis
711 2867 907 2936 placet,
940 2867 1253 2922 Graecorum
1285 2869 1676 2922 contribulium
1703 2885 1926 2925 suorum
1966 2871 2083 2939 epi-

499 2959 723 3012 nionem
757 2959 824 3013 dc
847 2958 1028 3014 sancti
1060 2957 1297 3029 Spiritus
1319 2975 1349 3013 a
1372 2959 1489 3014 solo
1516 2958 1678 3014 Patre
1701 2960 2079 3030 processione,

2184 1847 2280 1909 lio,
2326 1857 2380 1900 ut
2412 1856 2526 1901 tota
2565 1846 2804 1902 Trinitas
2835 1865 2972 1903 unus
3005 1849 3260 1903 credatur
3292 1847 3458 1902 Deus.
3491 1846 3718 1902 Hactenus

2185 1941 2268 1994 vir
2291 1939 2671 1996 doctissimus.
3581 1952 3589 1970 τ

2260 2032 2368 2087 Vll.
2398 2033 2508 2103 Age
2527 2049 2696 2101 nunc,
2721 2033 2788 2089 ad
2814 2048 2979 2088 unam
3022 2035 3202 2090 adhuc
3234 2035 3596 2106 digrediamur
3637 2029 3719 2086 dii-

2184 2126 2477 2182 ticultatem
2501 2127 2866 2194 enodandam,
2889 2141 3055 2196 super
3082 2125 3264 2200 (Egesta
3279 2127 3458 2182 oilicio
3483 2141 3541 2180 ac
3569 2124 3716 2195 digni-

2183 2228 2296 2273 tate
2325 2218 2633 2274 institutam
2668 2233 2818 2287 :qua
2855 2219 3076 2272 demum
3113 2233 3373 2281 excussa,
3417 2218 3482 2273 de
3527 2215 3714 2284 reliquis

2184 2310 2481 2365 levioribus
2514 2310 2691 2365 lector
2715 2309 2967 2365 eruditus
3011 2309 3282 2379 judicium
3334 2309 3492 2364 ferat.
3549 2306 3715 2362 Scribit

2187 2399 2528 2469 Sophronius
2553 2400 2692 2470 (57),
2713 2407 2772 2453 ιιι
2799 2398 2994 2463 fertur,
3023 2398 3082 2452 S.
3113 2398 3390 2454 Andream
3418 2399 3560 2453 cruci
3580 2396 3716 2450 fuisse

2185 2490 2436 2546 suliixum
2465 2491 2570 2544 ὑπὸ
2589 2490 2682 2544 τοῦ
2709 2490 2877 2559 Αἰγέα
2899 2491 2994 2544 τοῦ
3018 2490 3282 2561 βασιλέως
3320 2488 3646 2559 Ἐδεσσηνῶν,
3664 2484 3712 2540 ab

2185 2583 2358 2654 Αἴθρα
2409 2583 2660 2654 prazfecto
2711 2582 3118 2644 Edessenorum,
3170 2584 3469 2653 interprete
3503 2580 3712 2634 Erasmo.

2188 2677 2454 2748 Scaliger,
2487 2685 2728 2748 quantus
2767 2676 2884 2731 vir!
2923 2676 3157 2730 miratur
3185 2675 3329 2745 (58),
3373 2674 3582 2746 Egcam
3613 2687 3714 2743 pro-

2184 2768 2470 2825 consulem
2499 2765 2902 2823 Edessenorum
2951 2782 3135 2839 regem
3179 2766 3494 2837 Sophronia
3521 2766 3712 2830 dictum,

2186 2861 2468 2930 magisque
2498 2858 2731 2913 miratur
2749 2858 2972 2930 βασιλέα
2989 2857 3306 2929 praefectum
3337 2859 3485 2914 reddi
3512 2859 3572 2911 ab
3606 2852 3715 2907 Era-

2187 2951 2673 3007 smo.Blondellus
2723 2953 2854 3006 item
2917 2952 2970 3006 in
3029 2952 3367 3008 omnimodae
3417 2949 3712 3020 antiquitatis

499 3049 767 3122 Gregorio
791 3050 985 3122 Magno
1007 3062 1198 3107 contra
1224 3051 1344 3122 ejus
1375 3061 1610 3107 mentem
1627 3053 1972 3124 adiudicasse
1994 3069 2084 3108 as-
2109 3066 2152 3123 ρ
2184 3041 2533 3110 indagatione
2554 3041 2785 3096 rimatur
2811 3040 3136 3106 acerrimus,
3169 3039 3307 3095 satis
3347 3040 3565 3096 ﬁdenter
3609 3051 3711 3104 sug-

503 3153 720 3198 sevcrat
741 3143 880 3214 (54).
915 3145 983 3198 At
1008 3144 1134 3214 quis
1155 3145 1374 3199 demum
1405 3143 1473 3198 de
1516 3145 1868 3199 sanctissimo
1900 3145 2083 3215 ponti-

499 3237 604 3293 ﬁce
633 3245 797 3307 atque
828 3237 1176 3308 gravissimo,
1203 3238 1306 3292 sibi
1331 3239 1434 3293 hoc
1461 3237 1518 3292 in
1547 3238 1791 3292 animum
1817 3237 2084 3293 inducat?

503 3327 641 3386 Illud
678 3331 862 3400 potius
901 3331 1192 3386 dicendum
1227 3330 1401 3394 foret,
1430 3332 1476 3386 si
1503 3346 1563 3385 re
1584 3346 1713 3386 vera
1751 3329 1936 3386 Graeca
1961 3331 2084 3401 ejus

505 3423 686 3478 versio
717 3438 748 3478 a
779 3421 973 3477 Latino
1001 3422 1246 3492 Gregorii
1286 3433 1432 3478 textu
1467 3423 1854 3494 diserepasset,
1889 3439 2009 3479 eam
2049 3441 2081 3479 a

502 3513 818 3571 Graecorum
841 3516 1023 3585 aliquo
1052 3513 1224 3571 fuisse
1249 3516 1376 3570 olim
1407 3523 1752 3585 corruptam;
1779 3518 2080 3586 praesertim

502 3624 630 3664 cum
663 3624 730 3663 eo
757 3608 979 3664 nomine
1015 3606 1254 3663 Joannes
1276 3609 1541 3664 diaconus
1561 3609 1672 3677 jam
1703 3609 1910 3663 dudum
1947 3625 2083 3665 con-

501 3710 730 3772 questus
771 3715 892 3755 esse
915 3709 1172 3754 noscatur
1198 3701 1335 3770 (55).
1362 3701 1434 3755 At
1463 3701 1814 3757 verisimilior
1839 3701 1974 3756 mihi
1999 3703 2082 3757 vi-

505 3796 666 3850 detur
690 3795 792 3850 hac
817 3794 883 3849 de
906 3809 965 3848 re
993 3793 1063 3848 cl.
1091 3793 1369 3860 chuienii
1393 3795 1681 3863 sententia,
1711 3794 1870 3865 cujus
1897 3795 2082 3865 proin-

504 3885 575 3940 de
587 3885 748 3939 verba
771 3885 878 3940 huc
890 3883 1080 3939 afferre
1092 3899 1270 3954 operai
1293 3883 1524 3954 pretium
1539 3884 1681 3939 duco
1699 3884 1812 3956 (56)
1836 3901 1849 3936 :
1876 3903 1894 3935 ι
1922 3882 2080 3950 Quod

507 3986 735 4046 speetat,
780 3977 978 4047 inquit,
1023 3977 1094 4032 ad
1144 3976 1390 4047 Gregorii
1442 3977 1646 4042 locum,
1701 3978 1796 4047 qui
1851 3977 2081 4032 habetur

505 4070 603 4125 lib.
628 4087 665 4124 ιι
684 4069 892 4140 Dialog.
909 4085 1027 4140 cap.
1051 4069 1140 4136 58,
1163 4068 1410 4124 sincerus
1426 4069 1627 4133 dicam,
1647 4070 1818 4139 magis
1839 4069 2080 4125 arridere

505 4160 795 4215 lectionem
829 4173 990 4229 quam
1019 4159 1237 4230 praafert
1265 4157 1452 4214 Graeca
1495 4159 1804 4213 translatio.
1851 4157 2080 4215 Latinus

508 4248 798 4308 contextus
832 4252 1030 4307 habet:
1057 4250 1191 4307 Cum
1223 4253 1362 4305 enim
1408 4261 1628 4316 constet,
1662 4253 1788 4322 quia
1829 4249 2082 4306 Paracle-

2185 3135 2336 3204 gillat
2360 3145 2662 3201 auctorem,
2697 3149 2860 3204 quem
2893 3134 3058 3188 etiam
3095 3133 3244 3187 aliud
3267 3148 3437 3204 agens
3467 3139 3711 3202 putatesse

2183 3226 2790 3294 Pseudo—Dorotheum,
2814 3227 2944 3281 dum
2977 3225 3170 3280 scribit
3190 3225 3308 3297 ('59)
3344 3227 3518 3295 ipsum
3535 3219 3708 3290 nugari.

2183 3319 2454 3373 Andream
2485 3317 2666 3372 Patris
2698 3318 2767 3371 ab
2791 3316 2961 3387 IEgea
3001 3315 3408 3372 Edessenorum
3435 3329 3549 3385 rege
3569 3307 3708 3383 (quasi

2183 3427 2248 3466 ex
2287 3412 2478 3468 ultimo
2510 3413 2720 3467 oriente
2750 3412 2804 3466 in
2840 3411 3103 3466 Achaiam
3143 3420 3425 3466 momento
3453 3402 3710 3463 transvola-

2183 3505 2342 3574 verit)
2370 3504 2718 3560 cruciﬁxum.
2749 3503 3026 3576 Scaligero
3050 3505 3285 3558 adhaesit
3324 3503 3482 3558 etiam
3525 3508 3709 3553 accurs-

2184 3597 2430 3651 tissimus
2447 3597 2830 3652 Tillemontius
2859 3596 2972 3667 (40)
3009 3615 3024 3651 :
3053 3611 3228 3664 eoque
3257 3596 3479 3649 nomine
3515 3588 3710 3655 Woogns

2183 3689 2407 3760 insuper
2435 3691 2686 3744 eumdem
2707 3689 3078 3758 Sophronium
3113 3688 3253 3742 ridet
3279 3686 3416 3756 (41).
3446 3684 3654 3739 Caeteros
3674 3675 3708 3730 si

2183 3781 2276 3852 qui
2305 3790 2454 3846 sunt,
2486 3779 2627 3835 idem
2659 3780 2977 3845 sentientes,
3005 3778 3374 3848 praeterimus.

2254 3889 2409 3945 Dolet
2459 3891 2740 3946 enimvero
2791 3890 2940 3945 viros
2983 3888 3390 3944 eruditissimos
3433 3887 3533 3941 alia
3564 3880 3708 3937 multa

2182 3999 2307 4038 cum
2348 3984 2534 4037 animo
2557 3983 2850 4053 agitantes,
2879 3982 3010 4036 illud
3035 3982 3254 4035 demum
3281 3997 3392 4051 quo
3419 3980 3484 4034 de
3510 3977 3706 4046 agimus.

2185 4075 2324 4129 adeo
2362 4073 2734 4143 perfunctorie
2771 4072 3116 4147 expendisse.
3150 4069 3444 4133 Nimirum,
3489 4082 3585 4122 una
3611 4073 3707 4118 tan-

2183 4173 2298 4218 tum
2352 4162 2552 4219 Edessa
2609 4163 3012 4233 Mesopotamia:
3070 4164 3220 4229 urbs,
3279 4162 3423 4218 haud
3482 4161 3620 4228 longe
3654 4152 3707 4207 ab

2186 4255 2458 4321 Euphrate
2495 4257 2619 4320 sita,
2654 4255 2788 4325 ipsis
2811 4256 3244 4322 obversabatur;
3295 4267 3354 4310 ut
3387 4254 3595 4325 proinde
3621 4248 3704 4302 So-

509 4354 593 4396 tus
626 4342 859 4412 Spiritus
890 4360 921 4396 a
966 4342 1130 4396 Patre
1167 4359 1368 4412 semper
1397 4343 1646 4412 procedat
1683 4352 1734 4397 et
1765 4342 1944 4405 Filio;
1988 4360 2083 4396 cur
2116 4407 2149 4416 __
2184 4347 2478 4416 phronium
2557 4347 2624 4400 de
2675 4347 2766 4400 illa
2822 4345 2992 4402 fuisse
3047 4347 3292 4402 locutum
3343 4342 3702 4402 existimarint;

507 4456 564 4494 se
589 4439 764 4493 Filius
795 4454 1122 4494 recessurum
1145 4438 1296 4503 dicit,
1328 4448 1386 4490 ut
1411 4437 1501 4492 ille
1525 4439 1698 4492 veniat
1731 4439 1820 4508 qui
1862 4455 1894 4491 a
1936 4437 2081 4491 Filio
2115 4437 2158 4461 "
2185 4455 2359 4509 neque
2378 4439 2604 4493 altenus
2625 4437 2839 4493 Edessa
2861 4439 3179 4504 meminere,
3208 4438 3532 4494 Macedonis
3551 4446 3705 4504 regum

506 4546 778 4600 nunquam
816 4530 1054 4584 recedit?
1104 4527 1288 4583 Graeca
1323 4543 1452 4583 vero
1495 4529 1817 4582 translatio:
1850 4528 2085 4599 Φανερὸν

503 4617 600 4675 οὖν
622 4622 876 4693 ὑπάρχει,
910 4621 991 4674 ὅτι
1022 4619 1083 4671 τὸ
1117 4616 1472 4689 Παράκλητον
1505 4616 1726 4686 Πνεῦμα
1755 4618 1819 4691 ἐκ
1849 4616 1942 4668 τοῦ
1975 4617 2085 4669 Πα-

504 4717 633 4788 τρδς
667 4716 1021 4787 προέρχεται,
1058 4713 1151 4766 καὶ
1195 4715 1252 4764 ἐν
1283 4711 1360 4782 τῷ
1394 4710 1506 4780 Υἰῷ
1544 4710 1800 4780 διαμένει.
1862 4709 2082 4764 Constat

507 4812 674 4881 igitur
725 4808 861 4878 quod
913 4806 1147 4876 Spiritus
1188 4803 1501 4857 Paracletus
1531 4818 1595 4855 ea:
1631 4803 1794 4856 Patre
1823 4803 2080 4872 procedit,

508 4913 556 4956 ct
581 4904 636 4956 in
657 4899 800 4954 Filio
825 4898 1161 4953 manet.Cum
1188 4895 1484 4966 Gregorius
1497 4909 1625 4948 mox
1649 4892 1930 4948 inferendo
1953 4892 2092 4946 sub-'

583 5035 696 5105 ('52)
727 5035 888 5090 Vece.
917 5034 1058 5102 apud
1081 5033 1249 5090 Allat.
1286 5033 1458 5088 Grece.
1497 5030 1661 5093 orth.,
1693 5039 1825 5084 tom.
1859 5031 1926 5090 ll,
1958 5044 2076 5099 pag.

510 5108 618 5163 550
661 5116 714 5160 et
739 5122 893 5174 seqq.

605 5176 696 5244 55)
732 5176 992 5239 Meliten.,
1013 5174 1166 5238 ibid.,
1193 5191 1245 5243 p.
1276 5174 1378 5227 786
1429 5188 1581 5241 seqq.

605 5181 696 5244 55)
732 5181 992 5239 Meliten.,
1013 5181 1166 5238 ibid.,
1193 5191 1245 5243 p.
1276 5181 1378 5227 78η
1429 5188 1581 5241 seqq.
1961 5181 1966 5184 '

581 5181 694 5317 £34)
724 5246 979 5315 Basnag.,
1007 5246 1058 5298 in
1087 5245 1302 5299 Observ.
1332 5247 1400 5298 ad
1427 5243 1630 5298 Canisii
1655 5243 1830 5308 Thcs.,
1855 5251 1985 5295 tom.
2008 5242 2074 5304 ll,

509 5317 974 5392 part._l,_p.88:g_
1134 5384 1195 5392 ___
1280 5384 1311 5392 _
1377 5383 1408 5392 ﬂ
1560 5383 1642 5392 ___
1722 5383 1754 5392 η

508 5383 697 5516 ξῖὃῶὅ)
727 5383 888 5443 Joan.
916 5387 1089 5452 Diac.,
1134 5384 1236 5438 Vit.
1274 5384 1330 5439 S.
1369 5383 1523 5454 Creg.
1552 5383 1692 5451 Pl’.,
1722 5383 1816 5440 lib.
1845 5398 1918 5447 tv,
1953 5396 2071 5449 cap.

581 5529 696 5598 (56)
727 5529 1015 5598 chuien.,
1043 5527 1287 5598 Dissert.
1309 5525 1559 5598 Damasc.
1585 5528 1630 5590 l,
1667 5523 1800 5597 §25,
1832 5539 1884 5592 p.
1919 5522 2000 5598 ll.

579 5592 692 5666 (57)
733 5592 932 5666 Sophr.
960 5600 1100 5666 apud
1132 5595 1346 5649 Fabric.
1376 5595 1515 5649 Bibl.
1544 5592 1750 5666 ert-lis,
1785 5611 1905 5664 pag.
1945 5592 2069 5645 2‘25.

581 5669 696 5733 (58)
737 5665 935 5737 Scalig.
983 5668 1230 5737 Animad.
1275 5667 1327 5718 in
1360 5667 1555 5721 Chron.
1585 5665 1777 5720 Euseb.
1830 5666 1894 5719 ad
1940 5679 2066 5717 ann.

510 5755 866 5804 uucccuxw,
895 5736 1016 5808 pag.
1047 5736 1173 5792 ‘236.

2184 4532 2451 4600 sepulcris
2467 4532 2646 4598 clam,
2674 4531 3068 4601 celebraueque
3091 4533 3144 4585 in
3168 4532 3359 4601 primis
3388 4530 3571 4585 Joannl
3589 4525 3704 4578 Can-

2182 4631 2447 4677 tacuzeno
2475 4624 2611 4693 (Η).
2644 4621 2716 4676 De
2751 4632 2982 4692 utraque
3007 4624 3160 4692 plura
3190 4639 3303 4692 pra!
3332 4621 3532 4678 caeteris
3559 4617 3702 4686 Span-

2183 4714 2398 4768 hemius
2445 4703 2586 4784 (45):
2638 4712 2970 4784 Lequicnius
3028 4714 3141 4784 (44)
3193 4723 3250 4767 et
3297 4714 3528 4784 Bayerus
3591 4706 3700 4775 (45)·

2185 4803 2463 4858 Vctustior
2492 4815 2576 4859 est
2601 4818 2818 4869 autem,
2847 4806 3037 4859 saltem
3073 4806 3296 4860 nomine
3347 4815 3516 4865 tenus,
3557 4797 3700 4852 Macc-

2180 4895 2376 4950 donica
2399 4895 2603 4952 Edessa
2632 4912 2648 4948 :
2680 4912 2747 4952 ex
2778 4897 2879 4951 hac
2903 4899 3049 4951 enim
3085 4906 3399 4967 nuncupata
3428 4894 3524 4949 fuit
3561 4891 3698 4944 altera

2251 5032 2363 5101 (59)
2403 5029 2590 5085 Blond.
2618 5029 2734 5084 Lib.
2768 5031 2831 5084 de
2859 5030 3018 5100 cpisc.
3049 5041 3098 5084 et
3123 5028 3294 5099 prcsb.
3314 5026 3453 5098 apud
3483 5017 3698 5078 FaerJt

2179 5105 2273 5157 vit.
2298 5113 2350 5164 et,
2379 5113 2538 5156 mort.
2575 5101 2794 5170 Moysis,
2817 5117 2939 5170 pag.
2969 5101 3095 5154 496.

2249 5161 2362 5240 (ιο)
2403 5171 2618 5229 Tillem.
2658 5157 2993 5231 tamen"
3028 5179 3159 5223 tom.
3189 5169 3228 5235 l,
3254 5185 3374 5240 pag.
3393 5164 3512 5230 εει),
3542 5157 3690 5215 ιιοι.1.

2401 5241 2598 5320 Woog.
2624 5241 2848 5320 eicrcit.
2879 5257 2946 5320 ιι,-
2973 5257 3092 5311 pag.
3121 5241 3244 5294 lOl.
3265 5311 3323 5320 Μ
3385 5308 3417 5320 η

2249 5309 2362 5394 (42)
2403 5309 2630 5394 Gantac.
2677 5311 2822 5365 Ilist.
2893 5309 2986 5364 lib.
3020 5309 3062 5370 ι,
3099 5326 3218 5381 cap.
3262 5311 3352 5374 54,
3385 5309 3469 5362 lib.
3507 5310 3690 5367 meap-

2178 5384 2609 5578 ::§é)alsl:;nh.
2644 5452 2722 5507 De
2735 5462 2917 5522 Pra’st.
2947 5451 3368 5507 numism..tom.
3391 5449 3432 5511 l,
3458 5460 3564 5515 cap.
3589 5434 3687 5499 127.

2403 5595 2662 5664 Leqnien.
2689 5593 2785 5675 .Or.
2821 5594 2970 5652 (lim.
3009 5603 3140 5648 tom.
3179 5592 3242 5658 11,
3286 5606 3434 5715 gagg.
3468 5585 3544 5647 79,
3583 5575 3684 5633 955}

2270 5667 2360 5720 45)
2399 5665 2587 5720 Bavcr.
2627 5664 2769 5718 Hist.
2800 5663 3078 5728 Osr'toen.,
3110 5679 3232 5730 pag.
3261 5663 3283 5716 1
3350 5674 3461 5728 seq.

2270 5663 2360 5720 451
2399 5663 2587 5720 Bavcr.
2627 5664 2769 5718 llist.
2800 5663 3078 5728 Osr'toen.,
3110 5679 3232 5734 pag.
3261 5663 3322 5716 15
3350 5674 3461 5728 seq.

3867 263 3878 304 t
