  <div class='ocr_page' id='page_1' title='image "/cluster/home/n/w/nwhite01/storage/ocr_20150623/2/mdp.39015005182426/614.png"; bbox 0 0 3958 6132; ppageno 0'>
   <div class='ocr_carea' id='block_1_1' title="bbox 305 235 442 290">
    <p class='ocr_par' dir='ltr' id='par_1_1' title="bbox 305 235 442 290">
     <span class='ocr_line' id='line_1_1' title="bbox 305 235 442 290; baseline 0 0"><span class='ocrx_word' id='word_1_1' title='bbox 305 239 325 290; x_wconf 81' lang='lat' dir='ltr'><strong>l</strong></span> <span class='ocrx_word' id='word_1_2' title='bbox 335 235 442 290; x_wconf 72' lang='lat'><strong>209</strong></span> 
     </span>
    </p>
   </div>
   <div class='ocr_carea' id='block_1_2' title="bbox 975 228 1871 292">
    <p class='ocr_par' dir='ltr' id='par_1_2' title="bbox 975 228 1844 292">
     <span class='ocr_line' id='line_1_2' title="bbox 975 228 1844 292; baseline -0.002 -5"><span class='ocrx_word' id='word_1_3' title='bbox 975 229 1311 287; x_wconf 71' lang='lat' dir='ltr'><strong>EPISTOLA</strong></span> <span class='ocrx_word' id='word_1_4' title='bbox 1351 229 1437 286; x_wconf 86' lang='lat' dir='ltr'><strong>DE</strong></span> <span class='ocrx_word' id='word_1_5' title='bbox 1480 228 1844 292; x_wconf 74' lang='lat' dir='ltr'><strong>MARTYRIO</strong></span> 
     </span>
    </p>
   </div>
   <div class='ocr_carea' id='block_1_3' title="bbox 1977 228 2768 292">
    <p class='ocr_par' dir='ltr' id='par_1_3' title="bbox 1977 229 2768 285">
     <span class='ocr_line' id='line_1_3' title="bbox 1977 229 2768 285; baseline -0.004 0"><span class='ocrx_word' id='word_1_6' title='bbox 1977 229 2298 285; x_wconf 64' lang='lat' dir='ltr'><strong>ANDREE.</strong></span> <span class='ocrx_word' id='word_1_7' title='bbox 2313 260 2382 270; x_wconf 89' lang='lat'>—</span> <span class='ocrx_word' id='word_1_8' title='bbox 2407 229 2768 285; x_wconf 58' lang='lat' dir='ltr'><strong>PROCI&#39;IMIA.</strong></span> 
     </span>
    </p>
   </div>
   <div class='ocr_carea' id='block_1_4' title="bbox 3402 191 3538 282">
    <p class='ocr_par' dir='ltr' id='par_1_4' title="bbox 3402 191 3538 282">
     <span class='ocr_line' id='line_1_4' title="bbox 3402 191 3538 282; baseline -0.007 0"><span class='ocrx_word' id='word_1_9' title='bbox 3402 191 3538 282; x_wconf 73' lang='lat' dir='ltr'><strong>mo</strong></span> 
     </span>
    </p>
   </div>
   <div class='ocr_carea' id='block_1_5' title="bbox 302 345 3540 434">
    <p class='ocr_par' dir='ltr' id='par_1_5' title="bbox 302 345 3540 434">
     <span class='ocr_line' id='line_1_5' title="bbox 302 345 3540 434; baseline -0.002 -28"><span class='ocrx_word' id='word_1_10' title='bbox 302 355 357 406; x_wconf 90' lang='lat' dir='ltr'><strong>in</strong></span> <span class='ocrx_word' id='word_1_11' title='bbox 381 351 604 422; x_wconf 77' lang='lat' dir='ltr'><strong>regione</strong></span> <span class='ocrx_word' id='word_1_12' title='bbox 632 348 970 406; x_wconf 86' lang='lat' dir='ltr'><strong>Osrhoenica</strong></span> <span class='ocrx_word' id='word_1_13' title='bbox 995 350 1166 420; x_wconf 89' lang='lat' dir='ltr'><strong>posita</strong></span> <span class='ocrx_word' id='word_1_14' title='bbox 1191 365 1332 420; x_wconf 78' lang='lat' dir='ltr'><strong>quae,</strong></span> <span class='ocrx_word' id='word_1_15' title='bbox 1364 358 1502 404; x_wconf 89' lang='lat' dir='ltr'><strong>teste</strong></span> <span class='ocrx_word' id='word_1_16' title='bbox 1518 347 1700 404; x_wconf 87' lang='lat' dir='ltr'><strong>Plinio</strong></span> <span class='ocrx_word' id='word_1_17' title='bbox 1732 350 1867 421; x_wconf 80' lang='grc'><strong>(46),</strong></span> <span class='ocrx_word' id='word_1_18' title='bbox 1896 377 1943 434; x_wconf 65' lang='grc' dir='ltr'><strong>Δ</strong></span> <span class='ocrx_word' id='word_1_19' title='bbox 1976 347 2208 402; x_wconf 84' lang='lat' dir='ltr'><strong>vocavit.</strong></span> <span class='ocrx_word' id='word_1_20' title='bbox 2248 366 2267 398; x_wconf 72' lang='grc' dir='ltr'><strong><em>ι</em></strong></span> <span class='ocrx_word' id='word_1_21' title='bbox 2313 346 2533 403; x_wconf 84' lang='lat' dir='ltr'><strong>Justino</strong></span> <span class='ocrx_word' id='word_1_22' title='bbox 2587 347 2830 402; x_wconf 76' lang='lat' dir='ltr'><strong>concinit</strong></span> <span class='ocrx_word' id='word_1_23' title='bbox 2888 345 3128 412; x_wconf 88' lang='lat' dir='ltr'><strong>Plinius,</strong></span> <span class='ocrx_word' id='word_1_24' title='bbox 3179 345 3323 415; x_wconf 85' lang='lat' dir='ltr'><strong>apud</strong></span> <span class='ocrx_word' id='word_1_25' title='bbox 3376 362 3540 417; x_wconf 92' lang='lat' dir='ltr'><strong>quem</strong></span> 
     </span>
    </p>
   </div>
   <div class='ocr_carea' id='block_1_6' title="bbox 306 439 1867 514">
    <p class='ocr_par' dir='ltr' id='par_1_6' title="bbox 306 439 1867 514">
     <span class='ocr_line' id='line_1_6' title="bbox 306 439 1867 514; baseline -0.003 -16"><span class='ocrx_word' id='word_1_26' title='bbox 306 443 590 514; x_wconf 90' lang='lat' dir='ltr'><strong>quondam</strong></span> <span class='ocrx_word' id='word_1_27' title='bbox 622 441 910 497; x_wconf 83' lang='lat' dir='ltr'><strong>Antiochia</strong></span> <span class='ocrx_word' id='word_1_28' title='bbox 959 441 1264 507; x_wconf 73' lang='lat' dir='ltr'><strong>dicebatur,</strong></span> <span class='ocrx_word' id='word_1_29' title='bbox 1299 449 1462 510; x_wconf 88' lang='lat' dir='ltr'><strong>atque</strong></span> <span class='ocrx_word' id='word_1_30' title='bbox 1491 456 1521 494; x_wconf 90' lang='lat' dir='ltr'><strong>a</strong></span> <span class='ocrx_word' id='word_1_31' title='bbox 1558 439 1708 495; x_wconf 76' lang='lat' dir='ltr'><strong>fonte</strong></span> <span class='ocrx_word' id='word_1_32' title='bbox 1740 456 1867 510; x_wconf 55' lang='lat' dir='ltr'><strong>pero</strong></span> 
     </span>
    </p>
   </div>
   <div class='ocr_carea' id='block_1_7' title="bbox 303 532 1870 600">
    <p class='ocr_par' dir='ltr' id='par_1_7' title="bbox 303 532 1870 600">
     <span class='ocr_line' id='line_1_7' title="bbox 303 532 1870 600; baseline -0.004 -7"><span class='ocrx_word' id='word_1_33' title='bbox 303 536 502 593; x_wconf 86' lang='lat' dir='ltr'><strong>lucidis</strong></span> <span class='ocrx_word' id='word_1_34' title='bbox 538 537 700 591; x_wconf 88' lang='lat' dir='ltr'><strong>undis</strong></span> <span class='ocrx_word' id='word_1_35' title='bbox 749 535 860 589; x_wconf 89' lang='lat' dir='ltr'><strong>illic</strong></span> <span class='ocrx_word' id='word_1_36' title='bbox 901 534 1120 599; x_wconf 86' lang='lat' dir='ltr'><strong>fluente,</strong></span> <span class='ocrx_word' id='word_1_37' title='bbox 1160 532 1506 589; x_wconf 88' lang='lat' dir='ltr'><strong>Callirrhoe:</strong></span> <span class='ocrx_word' id='word_1_38' title='bbox 1560 546 1870 600; x_wconf 82' lang='lat' dir='ltr'><strong>nomenque</strong></span> 
     </span>
    </p>
   </div>
   <div class='ocr_carea' id='block_1_8' title="bbox 299 623 1870 696">
    <p class='ocr_par' dir='ltr' id='par_1_8' title="bbox 299 623 1870 696">
     <span class='ocr_line' id='line_1_8' title="bbox 299 623 1870 696; baseline -0.004 -12"><span class='ocrx_word' id='word_1_39' title='bbox 299 627 524 684; x_wconf 62' lang='lat' dir='ltr'><strong>Edessa:</strong></span> <span class='ocrx_word' id='word_1_40' title='bbox 545 625 776 682; x_wconf 89' lang='lat' dir='ltr'><strong>inditum</strong></span> <span class='ocrx_word' id='word_1_41' title='bbox 794 626 968 682; x_wconf 91' lang='lat' dir='ltr'><strong>eidem</strong></span> <span class='ocrx_word' id='word_1_42' title='bbox 986 625 1153 682; x_wconf 86' lang='lat' dir='ltr'><strong>fuisse</strong></span> <span class='ocrx_word' id='word_1_43' title='bbox 1174 627 1493 696; x_wconf 83' lang='lat' dir='ltr'><strong>perhibetur</strong></span> <span class='ocrx_word' id='word_1_44' title='bbox 1509 640 1539 678; x_wconf 90' lang='lat' dir='ltr'><strong>a</strong></span> <span class='ocrx_word' id='word_1_45' title='bbox 1557 623 1605 677; x_wconf 85' lang='grc' dir='ltr'><strong>Μ</strong></span> <span class='ocrx_word' id='word_1_46' title='bbox 1612 624 1870 679; x_wconf 89' lang='lat' dir='ltr'><strong>acedoni-</strong></span> 
     </span>
    </p>
   </div>
   <div class='ocr_carea' id='block_1_9' title="bbox 297 703 1872 790">
    <p class='ocr_par' dir='ltr' id='par_1_9' title="bbox 297 703 1872 790">
     <span class='ocr_line' id='line_1_9' title="bbox 297 703 1872 790; baseline -0.004 -15"><span class='ocrx_word' id='word_1_47' title='bbox 297 719 407 775; x_wconf 73' lang='lat' dir='ltr'><strong>bus</strong></span> <span class='ocrx_word' id='word_1_48' title='bbox 417 729 706 790; x_wconf 83' lang='lat' dir='ltr'><strong>postquam</strong></span> <span class='ocrx_word' id='word_1_49' title='bbox 719 718 1087 774; x_wconf 82' lang='lat' dir='ltr'><strong>abAlexandri</strong></span> <span class='ocrx_word' id='word_1_50' title='bbox 1103 717 1174 772; x_wconf 84' lang='grc' dir='ltr'><strong>Μ.</strong></span> <span class='ocrx_word' id='word_1_51' title='bbox 1191 717 1526 787; x_wconf 80' lang='lat' dir='ltr'><strong>temporibus</strong></span> <span class='ocrx_word' id='word_1_52' title='bbox 1540 703 1666 772; x_wconf 84' lang='lat' dir='ltr'><strong>sunt</strong></span> <span class='ocrx_word' id='word_1_53' title='bbox 1678 717 1764 770; x_wconf 91' lang='lat' dir='ltr'><strong>illa</strong></span> <span class='ocrx_word' id='word_1_54' title='bbox 1783 731 1872 786; x_wconf 88' lang='lat' dir='ltr'><strong>po-</strong></span> 
     </span>
    </p>
   </div>
   <div class='ocr_carea' id='block_1_10' title="bbox 297 808 1874 883">
    <p class='ocr_par' dir='ltr' id='par_1_10' title="bbox 297 808 1874 883">
     <span class='ocr_line' id='line_1_10' title="bbox 297 808 1874 883; baseline -0.003 -16"><span class='ocrx_word' id='word_1_55' title='bbox 297 811 410 867; x_wconf 77' lang='lat' dir='ltr'><strong>titi.</strong></span> <span class='ocrx_word' id='word_1_56' title='bbox 427 810 544 866; x_wconf 85' lang='lat' dir='ltr'><strong>Non</strong></span> <span class='ocrx_word' id='word_1_57' title='bbox 560 812 819 883; x_wconf 76' lang='lat' dir='ltr'><strong>estigitur</strong></span> <span class='ocrx_word' id='word_1_58' title='bbox 835 827 931 866; x_wconf 92' lang='lat' dir='ltr'><strong>cur</strong></span> <span class='ocrx_word' id='word_1_59' title='bbox 949 810 1003 865; x_wconf 91' lang='lat' dir='ltr'><strong>in</strong></span> <span class='ocrx_word' id='word_1_60' title='bbox 1022 811 1274 865; x_wconf 92' lang='lat' dir='ltr'><strong>ultimum</strong></span> <span class='ocrx_word' id='word_1_61' title='bbox 1293 811 1556 865; x_wconf 83' lang='lat' dir='ltr'><strong>orientem</strong></span> <span class='ocrx_word' id='word_1_62' title='bbox 1575 825 1698 865; x_wconf 90' lang='lat' dir='ltr'><strong>cum</strong></span> <span class='ocrx_word' id='word_1_63' title='bbox 1716 808 1874 862; x_wconf 85' lang='lat' dir='ltr'><strong>Blon-</strong></span> 
     </span>
    </p>
   </div>
   <div class='ocr_carea' id='block_1_11' title="bbox 295 899 1868 973">
    <p class='ocr_par' dir='ltr' id='par_1_11' title="bbox 295 899 1868 973">
     <span class='ocr_line' id='line_1_11' title="bbox 295 899 1868 973; baseline -0.004 -15"><span class='ocrx_word' id='word_1_64' title='bbox 295 903 449 958; x_wconf 82' lang='lat' dir='ltr'><strong>dello</strong></span> <span class='ocrx_word' id='word_1_65' title='bbox 473 902 860 972; x_wconf 81' lang='lat' dir='ltr'><strong>transmigrare</strong></span> <span class='ocrx_word' id='word_1_66' title='bbox 881 917 1176 973; x_wconf 86' lang='lat' dir='ltr'><strong>cogamur,</strong></span> <span class='ocrx_word' id='word_1_67' title='bbox 1214 914 1273 956; x_wconf 89' lang='lat' dir='ltr'><strong>ut</strong></span> <span class='ocrx_word' id='word_1_68' title='bbox 1319 901 1611 971; x_wconf 86' lang='lat' dir='ltr'><strong>Sophronii</strong></span> <span class='ocrx_word' id='word_1_69' title='bbox 1643 899 1868 970; x_wconf 70' lang='lat' dir='ltr'><strong>Egeam</strong></span> 
     </span>
    </p>
   </div>
   <div class='ocr_carea' id='block_1_12' title="bbox 302 990 1870 1062">
    <p class='ocr_par' dir='ltr' id='par_1_12' title="bbox 302 990 1870 1062">
     <span class='ocr_line' id='line_1_12' title="bbox 302 990 1870 1062; baseline -0.001 -17"><span class='ocrx_word' id='word_1_70' title='bbox 302 991 709 1047; x_wconf 65' lang='lat' dir='ltr'><strong>&#39;Edessenorum</strong></span> <span class='ocrx_word' id='word_1_71' title='bbox 741 1008 920 1062; x_wconf 86' lang='lat' dir='ltr'><strong>regem</strong></span> <span class='ocrx_word' id='word_1_72' title='bbox 963 991 1287 1046; x_wconf 87' lang='lat' dir='ltr'><strong>invisamus.</strong></span> <span class='ocrx_word' id='word_1_73' title='bbox 1323 990 1595 1052; x_wconf 86' lang='lat' dir='ltr'><strong>Discimus</strong></span> <span class='ocrx_word' id='word_1_74' title='bbox 1627 992 1771 1046; x_wconf 87' lang='lat' dir='ltr'><strong>enim</strong></span> <span class='ocrx_word' id='word_1_75' title='bbox 1802 1006 1870 1045; x_wconf 76' lang='lat' dir='ltr'><strong>ex</strong></span> 
     </span>
    </p>
   </div>
   <div class='ocr_carea' id='block_1_13' title="bbox 301 1082 1872 1154">
    <p class='ocr_par' dir='ltr' id='par_1_13' title="bbox 301 1082 1872 1154">
     <span class='ocr_line' id='line_1_13' title="bbox 301 1082 1872 1154; baseline -0.001 -16"><span class='ocrx_word' id='word_1_76' title='bbox 301 1083 495 1139; x_wconf 83' lang='lat' dir='ltr'><strong>Tacito</strong></span> <span class='ocrx_word' id='word_1_77' title='bbox 521 1085 635 1152; x_wconf 84' lang='grc'><strong>(47)</strong></span> <span class='ocrx_word' id='word_1_78' title='bbox 695 1085 958 1140; x_wconf 81' lang='lat' dir='ltr'><strong>Achaiam</strong></span> <span class='ocrx_word' id='word_1_79' title='bbox 991 1093 1046 1138; x_wconf 92' lang='lat' dir='ltr'><strong>et</strong></span> <span class='ocrx_word' id='word_1_80' title='bbox 1075 1082 1448 1138; x_wconf 81' lang='lat' dir='ltr'><strong>Macedoniam</strong></span> <span class='ocrx_word' id='word_1_81' title='bbox 1477 1083 1710 1154; x_wconf 85' lang='lat' dir='ltr'><strong>imperio</strong></span> <span class='ocrx_word' id='word_1_82' title='bbox 1744 1098 1872 1154; x_wconf 93' lang='lat' dir='ltr'><strong>pro-</strong></span> 
     </span>
    </p>
   </div>
   <div class='ocr_carea' id='block_1_14' title="bbox 295 1174 1871 1246">
    <p class='ocr_par' dir='ltr' id='par_1_14' title="bbox 295 1174 1871 1246">
     <span class='ocr_line' id='line_1_14' title="bbox 295 1174 1871 1246; baseline -0.003 -13"><span class='ocrx_word' id='word_1_83' title='bbox 295 1177 579 1233; x_wconf 83' lang='lat' dir='ltr'><strong>consulari</strong></span> <span class='ocrx_word' id='word_1_84' title='bbox 604 1177 774 1232; x_wconf 87' lang='lat' dir='ltr'><strong>fuisse</strong></span> <span class='ocrx_word' id='word_1_85' title='bbox 806 1176 1099 1246; x_wconf 87' lang='lat' dir='ltr'><strong>subjectas.</strong></span> <span class='ocrx_word' id='word_1_86' title='bbox 1137 1174 1274 1232; x_wconf 90' lang='lat' dir='ltr'><strong>Hinc</strong></span> <span class='ocrx_word' id='word_1_87' title='bbox 1297 1177 1481 1245; x_wconf 88' lang='lat' dir='ltr'><strong>itaque</strong></span> <span class='ocrx_word' id='word_1_88' title='bbox 1508 1175 1698 1229; x_wconf 90' lang='lat' dir='ltr'><strong>mirari</strong></span> <span class='ocrx_word' id='word_1_89' title='bbox 1725 1175 1871 1229; x_wconf 85' lang='lat' dir='ltr'><strong>haud</strong></span> 
     </span>
    </p>
   </div>
   <div class='ocr_carea' id='block_1_15' title="bbox 303 1267 1870 1338">
    <p class='ocr_par' dir='ltr' id='par_1_15' title="bbox 303 1267 1870 1338">
     <span class='ocr_line' id='line_1_15' title="bbox 303 1267 1870 1338; baseline -0.002 -15"><span class='ocrx_word' id='word_1_90' title='bbox 303 1267 711 1338; x_wconf 64' lang='lat' dir='ltr'><strong>subitzﬁgeam,</strong></span> <span class='ocrx_word' id='word_1_91' title='bbox 743 1267 837 1338; x_wconf 83' lang='lat' dir='ltr'><strong>qui</strong></span> <span class='ocrx_word' id='word_1_92' title='bbox 867 1267 1041 1322; x_wconf 82' lang='lat' dir='ltr'><strong>fertur</strong></span> <span class='ocrx_word' id='word_1_93' title='bbox 1069 1267 1366 1338; x_wconf 81' lang='lat' dir='ltr'><strong>proconsul</strong></span> <span class='ocrx_word' id='word_1_94' title='bbox 1390 1267 1630 1330; x_wconf 70' lang='lat' dir='ltr'><strong>Achaiae,</strong></span> <span class='ocrx_word' id='word_1_95' title='bbox 1658 1267 1870 1321; x_wconf 86' lang='lat' dir='ltr'><strong>censeri</strong></span> 
     </span>
    </p>
   </div>
   <div class='ocr_carea' id='block_1_16' title="bbox 293 1357 1872 1428">
    <p class='ocr_par' dir='ltr' id='par_1_16' title="bbox 293 1357 1872 1428">
     <span class='ocr_line' id='line_1_16' title="bbox 293 1357 1872 1428; baseline -0.003 -14"><span class='ocrx_word' id='word_1_96' title='bbox 293 1369 355 1414; x_wconf 82' lang='lat' dir='ltr'><strong>et</strong></span> <span class='ocrx_word' id='word_1_97' title='bbox 385 1357 600 1414; x_wconf 79' lang='lat' dir='ltr'><strong>Edessa:</strong></span> <span class='ocrx_word' id='word_1_98' title='bbox 631 1357 992 1413; x_wconf 76' lang='lat' dir='ltr'><strong>Macedonica:</strong></span> <span class='ocrx_word' id='word_1_99' title='bbox 1020 1373 1230 1428; x_wconf 83' lang='lat' dir='ltr'><strong>regem;</strong></span> <span class='ocrx_word' id='word_1_100' title='bbox 1251 1358 1495 1427; x_wconf 83' lang='lat' dir='ltr'><strong>adeoque</strong></span> <span class='ocrx_word' id='word_1_101' title='bbox 1515 1357 1584 1411; x_wconf 86' lang='lat' dir='ltr'><strong>ab</strong></span> <span class='ocrx_word' id='word_1_102' title='bbox 1610 1357 1715 1412; x_wconf 85' lang='lat' dir='ltr'><strong>hac</strong></span> <span class='ocrx_word' id='word_1_103' title='bbox 1739 1357 1872 1410; x_wconf 89' lang='lat' dir='ltr'><strong>urbe</strong></span> 
     </span>
    </p>
   </div>
   <div class='ocr_carea' id='block_1_17' title="bbox 302 1449 1874 1522">
    <p class='ocr_par' dir='ltr' id='par_1_17' title="bbox 302 1449 1874 1522">
     <span class='ocr_line' id='line_1_17' title="bbox 302 1449 1874 1522; baseline -0.003 -17"><span class='ocrx_word' id='word_1_104' title='bbox 302 1452 630 1522; x_wconf 84' lang='lat' dir='ltr'><strong>digressum,</strong></span> <span class='ocrx_word' id='word_1_105' title='bbox 657 1450 849 1506; x_wconf 89' lang='lat' dir='ltr'><strong>Patras</strong></span> <span class='ocrx_word' id='word_1_106' title='bbox 889 1451 1115 1505; x_wconf 68' lang='lat' dir='ltr'><strong>Achaeas</strong></span> <span class='ocrx_word' id='word_1_107' title='bbox 1147 1451 1475 1520; x_wconf 81' lang='lat' dir='ltr'><strong>perrexisse,</strong></span> <span class='ocrx_word' id='word_1_108' title='bbox 1517 1459 1579 1504; x_wconf 80' lang='lat' dir='ltr'><strong>ut</strong></span> <span class='ocrx_word' id='word_1_109' title='bbox 1623 1449 1874 1520; x_wconf 86' lang='lat' dir='ltr'><strong>perhibet</strong></span> 
     </span>
    </p>
   </div>
   <div class='ocr_carea' id='block_1_18' title="bbox 297 1540 1872 1614">
    <p class='ocr_par' dir='ltr' id='par_1_18' title="bbox 297 1540 1872 1614">
     <span class='ocr_line' id='line_1_18' title="bbox 297 1540 1872 1614; baseline -0.001 -16"><span class='ocrx_word' id='word_1_110' title='bbox 297 1544 543 1614; x_wconf 83' lang='lat' dir='ltr'><strong>Epistola</strong></span> <span class='ocrx_word' id='word_1_111' title='bbox 573 1554 780 1599; x_wconf 88' lang='lat' dir='ltr'><strong>nostra.</strong></span> <span class='ocrx_word' id='word_1_112' title='bbox 814 1543 1162 1599; x_wconf 82' lang='lat' dir='ltr'><strong>Proconsulis</strong></span> <span class='ocrx_word' id='word_1_113' title='bbox 1197 1559 1434 1613; x_wconf 85' lang='lat' dir='ltr'><strong>namque</strong></span> <span class='ocrx_word' id='word_1_114' title='bbox 1461 1543 1619 1599; x_wconf 86' lang='lat' dir='ltr'><strong>sedes</strong></span> <span class='ocrx_word' id='word_1_115' title='bbox 1667 1540 1872 1598; x_wconf 87' lang='lat' dir='ltr'><strong>Edessa</strong></span> 
     </span>
    </p>
   </div>
   <div class='ocr_carea' id='block_1_19' title="bbox 290 1633 1868 1707">
    <p class='ocr_par' dir='ltr' id='par_1_19' title="bbox 290 1633 1868 1707">
     <span class='ocr_line' id='line_1_19' title="bbox 290 1633 1868 1707; baseline -0.002 -15"><span class='ocrx_word' id='word_1_116' title='bbox 290 1638 534 1692; x_wconf 67' lang='lat' dir='ltr'><strong>fortasse</strong></span> <span class='ocrx_word' id='word_1_117' title='bbox 595 1637 760 1691; x_wconf 91' lang='lat' dir='ltr'><strong>fuerit</strong></span> <span class='ocrx_word' id='word_1_118' title='bbox 826 1652 1057 1707; x_wconf 82' lang='lat' dir='ltr'><strong>eamque</strong></span> <span class='ocrx_word' id='word_1_119' title='bbox 1119 1637 1422 1705; x_wconf 82' lang='lat' dir='ltr'><strong>respexerit</strong></span> <span class='ocrx_word' id='word_1_120' title='bbox 1481 1633 1868 1705; x_wconf 86' lang='lat' dir='ltr'><strong>Sophronius;</strong></span> 
     </span>
    </p>
   </div>
   <div class='ocr_carea' id='block_1_20' title="bbox 1971 435 3542 508">
    <p class='ocr_par' dir='ltr' id='par_1_20' title="bbox 1971 435 3542 508">
     <span class='ocr_line' id='line_1_20' title="bbox 1971 435 3542 508; baseline -0.001 -16"><span class='ocrx_word' id='word_1_121' title='bbox 1971 438 2210 493; x_wconf 89' lang='lat' dir='ltr'><strong>occurrit</strong></span> <span class='ocrx_word' id='word_1_122' title='bbox 2232 438 2348 507; x_wconf 82' lang='grc'><strong>(51)</strong></span> <span class='ocrx_word' id='word_1_123' title='bbox 2375 453 2387 490; x_wconf 90' lang='lat'><strong>:</strong></span> <span class='ocrx_word' id='word_1_124' title='bbox 2428 457 2447 491; x_wconf 71' lang='grc' dir='ltr'><strong><em>ι</em></strong></span> <span class='ocrx_word' id='word_1_125' title='bbox 2482 438 2738 508; x_wconf 89' lang='lat' dir='ltr'><strong>oppidum</strong></span> <span class='ocrx_word' id='word_1_126' title='bbox 2764 435 2922 507; x_wconf 64' lang='lat' dir='ltr'><strong>Ege,</strong></span> <span class='ocrx_word' id='word_1_127' title='bbox 2957 436 3012 490; x_wconf 91' lang='lat' dir='ltr'><strong>in</strong></span> <span class='ocrx_word' id='word_1_128' title='bbox 3042 452 3152 507; x_wconf 91' lang='lat' dir='ltr'><strong>quo</strong></span> <span class='ocrx_word' id='word_1_129' title='bbox 3181 451 3299 492; x_wconf 89' lang='lat' dir='ltr'><strong>mos</strong></span> <span class='ocrx_word' id='word_1_130' title='bbox 3325 436 3542 508; x_wconf 90' lang='lat' dir='ltr'><strong>sepeliri</strong></span> 
     </span>
    </p>
   </div>
   <div class='ocr_carea' id='block_1_21' title="bbox 1969 527 3541 600">
    <p class='ocr_par' dir='ltr' id='par_1_21' title="bbox 1969 527 3541 600">
     <span class='ocr_line' id='line_1_21' title="bbox 1969 527 3541 600; baseline 0 -18"><span class='ocrx_word' id='word_1_131' title='bbox 1969 545 2124 600; x_wconf 88' lang='lat' dir='ltr'><strong>rcges</strong></span> <span class='ocrx_word' id='word_1_132' title='bbox 2158 548 2176 582; x_wconf 76' lang='grc' dir='ltr'><strong><em>ι</em></strong></span> <span class='ocrx_word' id='word_1_133' title='bbox 2214 527 2592 585; x_wconf 85' lang='lat' dir='ltr'><strong>Macedonum.</strong></span> <span class='ocrx_word' id='word_1_134' title='bbox 2645 528 2906 584; x_wconf 88' lang='lat' dir='ltr'><strong>Edessam</strong></span> <span class='ocrx_word' id='word_1_135' title='bbox 2954 528 3139 600; x_wconf 85' lang='lat' dir='ltr'><strong>itaque</strong></span> <span class='ocrx_word' id='word_1_136' title='bbox 3188 528 3454 584; x_wconf 85' lang='lat' dir='ltr'><strong>habemus</strong></span> <span class='ocrx_word' id='word_1_137' title='bbox 3485 529 3541 582; x_wconf 83' lang='lat' dir='ltr'><strong>in</strong></span> 
     </span>
    </p>
   </div>
   <div class='ocr_carea' id='block_1_22' title="bbox 1969 619 3539 691">
    <p class='ocr_par' dir='ltr' id='par_1_22' title="bbox 1969 619 3539 691">
     <span class='ocr_line' id='line_1_22' title="bbox 1969 619 3539 691; baseline 0.002 -18"><span class='ocrx_word' id='word_1_138' title='bbox 1969 619 2284 676; x_wconf 85' lang='lat' dir='ltr'><strong>Macedonia</strong></span> <span class='ocrx_word' id='word_1_139' title='bbox 2331 623 2515 688; x_wconf 83' lang='lat' dir='ltr'><strong>sitam,</strong></span> <span class='ocrx_word' id='word_1_140' title='bbox 2573 621 2940 691; x_wconf 86' lang='lat' dir='ltr'><strong>primitusque</strong></span> <span class='ocrx_word' id='word_1_141' title='bbox 2989 629 3238 676; x_wconf 82' lang='lat' dir='ltr'><strong>vocatam</strong></span> <span class='ocrx_word' id='word_1_142' title='bbox 3288 619 3539 689; x_wconf 61' lang='lat' dir='ltr'><strong>Egeam.</strong></span> 
     </span>
    </p>
   </div>
   <div class='ocr_carea' id='block_1_23' title="bbox 1970 699 3539 783">
    <p class='ocr_par' dir='ltr' id='par_1_23' title="bbox 1970 699 3539 783">
     <span class='ocr_line' id='line_1_23' title="bbox 1970 699 3539 783; baseline 0 -17"><span class='ocrx_word' id='word_1_143' title='bbox 1970 710 2104 778; x_wconf 82' lang='lat' dir='ltr'><strong>Quae</strong></span> <span class='ocrx_word' id='word_1_144' title='bbox 2133 713 2351 783; x_wconf 90' lang='lat' dir='ltr'><strong>quidem</strong></span> <span class='ocrx_word' id='word_1_145' title='bbox 2382 713 2536 777; x_wconf 92' lang='lat' dir='ltr'><strong>urbs,</strong></span> <span class='ocrx_word' id='word_1_146' title='bbox 2572 699 2770 769; x_wconf 74' lang='lat' dir='ltr'><strong>vossio</strong></span> <span class='ocrx_word' id='word_1_147' title='bbox 2793 723 3046 767; x_wconf 91' lang='lat' dir='ltr'><strong>monente</strong></span> <span class='ocrx_word' id='word_1_148' title='bbox 3068 712 3205 783; x_wconf 77' lang='lat'><strong>(52),</strong></span> <span class='ocrx_word' id='word_1_149' title='bbox 3254 713 3539 783; x_wconf 87' lang='lat' dir='ltr'><strong>scriptori-</strong></span> 
     </span>
    </p>
   </div>
   <div class='ocr_carea' id='block_1_24' title="bbox 1970 799 3546 872">
    <p class='ocr_par' dir='ltr' id='par_1_24' title="bbox 1970 799 3546 872">
     <span class='ocr_line' id='line_1_24' title="bbox 1970 799 3546 872; baseline 0.003 -18"><span class='ocrx_word' id='word_1_150' title='bbox 1970 799 2073 856; x_wconf 82' lang='lat' dir='ltr'><strong>bus</strong></span> <span class='ocrx_word' id='word_1_151' title='bbox 2102 799 2304 856; x_wconf 68' lang='lat' dir='ltr'><strong>Graecis</strong></span> <span class='ocrx_word' id='word_1_152' title='bbox 2333 801 2537 856; x_wconf 89' lang='lat' dir='ltr'><strong>dicitur</strong></span> <span class='ocrx_word' id='word_1_153' title='bbox 2583 802 2771 871; x_wconf 74' lang='grc' dir='ltr'><strong>Αἰγαὶ,</strong></span> <span class='ocrx_word' id='word_1_154' title='bbox 2815 801 3015 872; x_wconf 75' lang='grc' dir='ltr'>Αἰγαία</span> <span class='ocrx_word' id='word_1_155' title='bbox 3045 811 3099 858; x_wconf 87' lang='lat' dir='ltr'><strong>et</strong></span> <span class='ocrx_word' id='word_1_156' title='bbox 3123 802 3319 872; x_wconf 76' lang='grc' dir='ltr'>Αἴγεια</span> <span class='ocrx_word' id='word_1_157' title='bbox 3353 821 3367 857; x_wconf 90' lang='lat'><strong>:</strong></span> <span class='ocrx_word' id='word_1_158' title='bbox 3401 803 3546 858; x_wconf 85' lang='lat' dir='ltr'><strong>unde</strong></span> 
     </span>
    </p>
   </div>
   <div class='ocr_carea' id='block_1_25' title="bbox 1971 892 3549 966">
    <p class='ocr_par' dir='ltr' id='par_1_25' title="bbox 1971 892 3549 966">
     <span class='ocr_line' id='line_1_25' title="bbox 1971 892 3549 966; baseline 0.003 -21"><span class='ocrx_word' id='word_1_159' title='bbox 1971 892 2181 947; x_wconf 76' lang='grc' dir='ltr'>ὲθνικόν</span> <span class='ocrx_word' id='word_1_160' title='bbox 2207 902 2291 949; x_wconf 89' lang='lat' dir='ltr'><strong>est</strong></span> <span class='ocrx_word' id='word_1_161' title='bbox 2313 894 2632 966; x_wconf 77' lang='grc' dir='ltr'><strong>Αἰγαιάτης,</strong></span> <span class='ocrx_word' id='word_1_162' title='bbox 2663 895 2747 950; x_wconf 90' lang='lat' dir='ltr'><strong>vel</strong></span> <span class='ocrx_word' id='word_1_163' title='bbox 2770 896 3082 966; x_wconf 74' lang='grc' dir='ltr'><strong>Αἰγειάτης.</strong></span> <span class='ocrx_word' id='word_1_164' title='bbox 3116 895 3240 951; x_wconf 64' lang='lat' dir='ltr'><strong>Hac</strong></span> <span class='ocrx_word' id='word_1_165' title='bbox 3263 912 3393 952; x_wconf 89' lang='lat' dir='ltr'><strong>vero</strong></span> <span class='ocrx_word' id='word_1_166' title='bbox 3415 897 3549 952; x_wconf 88' lang='lat' dir='ltr'><strong>dum</strong></span> 
     </span>
    </p>
   </div>
   <div class='ocr_carea' id='block_1_26' title="bbox 1971 985 3545 1058">
    <p class='ocr_par' dir='ltr' id='par_1_26' title="bbox 1971 985 3545 1058">
     <span class='ocr_line' id='line_1_26' title="bbox 1971 985 3545 1058; baseline 0.001 -18"><span class='ocrx_word' id='word_1_167' title='bbox 1971 986 2176 1051; x_wconf 89' lang='lat' dir='ltr'><strong>recolo,</strong></span> <span class='ocrx_word' id='word_1_168' title='bbox 2205 986 2371 1041; x_wconf 64' lang='lat' dir='ltr'><strong>varia:</strong></span> <span class='ocrx_word' id='word_1_169' title='bbox 2401 986 2534 1040; x_wconf 92' lang='lat' dir='ltr'><strong>mihi</strong></span> <span class='ocrx_word' id='word_1_170' title='bbox 2565 987 2804 1042; x_wconf 69' lang='lat' dir='ltr'><strong>subortae</strong></span> <span class='ocrx_word' id='word_1_171' title='bbox 2837 989 3201 1058; x_wconf 88' lang='lat' dir='ltr'><strong>suspiciones.</strong></span> <span class='ocrx_word' id='word_1_172' title='bbox 3228 985 3366 1042; x_wconf 91' lang='lat' dir='ltr'><strong>Cum</strong></span> <span class='ocrx_word' id='word_1_173' title='bbox 3396 989 3545 1042; x_wconf 89' lang='lat' dir='ltr'><strong>enim</strong></span> 
     </span>
    </p>
   </div>
   <div class='ocr_carea' id='block_1_27' title="bbox 1971 1077 3546 1148">
    <p class='ocr_par' dir='ltr' id='par_1_27' title="bbox 1971 1077 3546 1148">
     <span class='ocr_line' id='line_1_27' title="bbox 1971 1077 3546 1148; baseline 0.001 -18"><span class='ocrx_word' id='word_1_174' title='bbox 1971 1077 2217 1130; x_wconf 86' lang='lat' dir='ltr'><strong>noverim</strong></span> <span class='ocrx_word' id='word_1_175' title='bbox 2241 1077 2518 1146; x_wconf 91' lang='lat' dir='ltr'><strong>proprium</strong></span> <span class='ocrx_word' id='word_1_176' title='bbox 2543 1078 2892 1146; x_wconf 85' lang='lat' dir='ltr'><strong>proconsulis</strong></span> <span class='ocrx_word' id='word_1_177' title='bbox 2913 1093 3112 1133; x_wconf 86' lang='lat' dir='ltr'><strong>nomen</strong></span> <span class='ocrx_word' id='word_1_178' title='bbox 3145 1078 3249 1132; x_wconf 89' lang='lat' dir='ltr'><strong>sub</strong></span> <span class='ocrx_word' id='word_1_179' title='bbox 3275 1092 3384 1148; x_wconf 92' lang='lat' dir='ltr'><strong>quo</strong></span> <span class='ocrx_word' id='word_1_180' title='bbox 3420 1094 3546 1147; x_wconf 88' lang='lat' dir='ltr'><strong>pas-</strong></span> 
     </span>
    </p>
   </div>
   <div class='ocr_carea' id='block_1_28' title="bbox 1972 1168 3547 1242">
    <p class='ocr_par' dir='ltr' id='par_1_28' title="bbox 1972 1168 3547 1242">
     <span class='ocr_line' id='line_1_28' title="bbox 1972 1168 3547 1242; baseline 0.002 -19"><span class='ocrx_word' id='word_1_181' title='bbox 1972 1184 2067 1223; x_wconf 91' lang='lat' dir='ltr'><strong>sus</strong></span> <span class='ocrx_word' id='word_1_182' title='bbox 2087 1168 2403 1238; x_wconf 87' lang='lat' dir='ltr'><strong>perhibetur</strong></span> <span class='ocrx_word' id='word_1_183' title='bbox 2423 1169 2481 1224; x_wconf 93' lang='lat' dir='ltr'><strong>S.</strong></span> <span class='ocrx_word' id='word_1_184' title='bbox 2509 1171 2777 1237; x_wconf 85' lang='lat' dir='ltr'><strong>Andreas,</strong></span> <span class='ocrx_word' id='word_1_185' title='bbox 2795 1171 3159 1226; x_wconf 87' lang='lat' dir='ltr'><strong>diversimode</strong></span> <span class='ocrx_word' id='word_1_186' title='bbox 3188 1171 3330 1242; x_wconf 92' lang='lat' dir='ltr'><strong>apud</strong></span> <span class='ocrx_word' id='word_1_187' title='bbox 3364 1170 3547 1226; x_wconf 84' lang='lat' dir='ltr'><strong>Eccle-</strong></span> 
     </span>
    </p>
   </div>
   <div class='ocr_carea' id='block_1_29' title="bbox 1973 1260 3546 1332">
    <p class='ocr_par' dir='ltr' id='par_1_29' title="bbox 1973 1260 3546 1332">
     <span class='ocr_line' id='line_1_29' title="bbox 1973 1260 3546 1332; baseline 0 -16"><span class='ocrx_word' id='word_1_188' title='bbox 1973 1261 2068 1316; x_wconf 71' lang='lat' dir='ltr'><strong>size</strong></span> <span class='ocrx_word' id='word_1_189' title='bbox 2136 1260 2433 1329; x_wconf 90' lang='lat' dir='ltr'><strong>scriptores</strong></span> <span class='ocrx_word' id='word_1_190' title='bbox 2497 1261 2722 1328; x_wconf 77' lang='lat' dir='ltr'><strong>efferri;</strong></span> <span class='ocrx_word' id='word_1_191' title='bbox 2803 1263 2927 1318; x_wconf 91' lang='lat' dir='ltr'><strong>aliis</strong></span> <span class='ocrx_word' id='word_1_192' title='bbox 3005 1278 3244 1332; x_wconf 90' lang='lat' dir='ltr'><strong>namque</strong></span> <span class='ocrx_word' id='word_1_193' title='bbox 3316 1273 3546 1318; x_wconf 76' lang='lat' dir='ltr'><strong>vocatur</strong></span> 
     </span>
    </p>
   </div>
   <div class='ocr_carea' id='block_1_30' title="bbox 1970 1351 3544 1426">
    <p class='ocr_par' dir='ltr' id='par_1_30' title="bbox 1970 1351 3544 1426">
     <span class='ocr_line' id='line_1_30' title="bbox 1970 1351 3544 1426; baseline 0.003 -21"><span class='ocrx_word' id='word_1_194' title='bbox 1970 1351 2172 1421; x_wconf 79' lang='grc' dir='ltr'><strong>Αἰγέας</strong></span> <span class='ocrx_word' id='word_1_195' title='bbox 2198 1353 2334 1423; x_wconf 80' lang='grc'><strong>(55),</strong></span> <span class='ocrx_word' id='word_1_196' title='bbox 2367 1353 2489 1408; x_wconf 86' lang='lat' dir='ltr'><strong>aliis</strong></span> <span class='ocrx_word' id='word_1_197' title='bbox 2519 1370 2647 1409; x_wconf 90' lang='lat' dir='ltr'><strong>vero</strong></span> <span class='ocrx_word' id='word_1_198' title='bbox 2674 1353 3294 1426; x_wconf 75' lang='grc' dir='ltr'><strong>Αἱγαιάτης,(54)ε‹ιυίίὶ</strong></span> <span class='ocrx_word' id='word_1_199' title='bbox 3324 1355 3544 1410; x_wconf 88' lang='lat' dir='ltr'><strong>demum</strong></span> 
     </span>
    </p>
   </div>
   <div class='ocr_carea' id='block_1_31' title="bbox 1970 1443 3549 1517">
    <p class='ocr_par' dir='ltr' id='par_1_31' title="bbox 1970 1443 3549 1517">
     <span class='ocr_line' id='line_1_31' title="bbox 1970 1443 3549 1517; baseline 0.003 -19"><span class='ocrx_word' id='word_1_200' title='bbox 1970 1458 2034 1498; x_wconf 89' lang='lat' dir='ltr'><strong>ea</strong></span> <span class='ocrx_word' id='word_1_201' title='bbox 2055 1443 2122 1498; x_wconf 89' lang='lat' dir='ltr'><strong>de</strong></span> <span class='ocrx_word' id='word_1_202' title='bbox 2148 1445 2409 1500; x_wconf 81' lang='lat' dir='ltr'><strong>varietate</strong></span> <span class='ocrx_word' id='word_1_203' title='bbox 2437 1447 2747 1517; x_wconf 90' lang='lat' dir='ltr'><strong>augurabar</strong></span> <span class='ocrx_word' id='word_1_204' title='bbox 2767 1447 2951 1502; x_wconf 89' lang='lat' dir='ltr'><strong>dicere</strong></span> <span class='ocrx_word' id='word_1_205' title='bbox 2979 1446 3146 1502; x_wconf 89' lang='lat' dir='ltr'><strong>lubet.</strong></span> <span class='ocrx_word' id='word_1_206' title='bbox 3177 1446 3549 1517; x_wconf 82' lang='lat' dir='ltr'><strong>Sephronium</strong></span> 
     </span>
    </p>
   </div>
   <div class='ocr_carea' id='block_1_32' title="bbox 1975 1535 3550 1611">
    <p class='ocr_par' dir='ltr' id='par_1_32' title="bbox 1975 1535 3550 1611">
     <span class='ocr_line' id='line_1_32' title="bbox 1975 1535 3550 1611; baseline 0.005 -23"><span class='ocrx_word' id='word_1_207' title='bbox 1975 1535 2260 1603; x_wconf 87' lang='lat' dir='ltr'><strong>nimirum,</strong></span> <span class='ocrx_word' id='word_1_208' title='bbox 2304 1538 2420 1593; x_wconf 89' lang='lat' dir='ltr'><strong>sive</strong></span> <span class='ocrx_word' id='word_1_209' title='bbox 2455 1539 2780 1608; x_wconf 86' lang='lat' dir='ltr'><strong>scriptorem</strong></span> <span class='ocrx_word' id='word_1_210' title='bbox 2817 1540 3169 1594; x_wconf 86' lang='lat' dir='ltr'><strong>vetustiorem</strong></span> <span class='ocrx_word' id='word_1_211' title='bbox 3201 1555 3365 1611; x_wconf 90' lang='lat' dir='ltr'><strong>quem</strong></span> <span class='ocrx_word' id='word_1_212' title='bbox 3403 1541 3550 1610; x_wconf 88' lang='lat' dir='ltr'><strong>ipse-</strong></span> 
     </span>
    </p>
   </div>
   <div class='ocr_carea' id='block_1_33' title="bbox 1973 1629 3550 1701">
    <p class='ocr_par' dir='ltr' id='par_1_33' title="bbox 1973 1629 3550 1701">
     <span class='ocr_line' id='line_1_33' title="bbox 1973 1629 3550 1701; baseline 0.005 -21"><span class='ocrx_word' id='word_1_213' title='bbox 1973 1637 2084 1682; x_wconf 89' lang='lat' dir='ltr'><strong>met</strong></span> <span class='ocrx_word' id='word_1_214' title='bbox 2139 1638 2360 1684; x_wconf 85' lang='lat' dir='ltr'><strong>secutus</strong></span> <span class='ocrx_word' id='word_1_215' title='bbox 2421 1629 2608 1695; x_wconf 84' lang='lat' dir='ltr'><strong>fuerit,</strong></span> <span class='ocrx_word' id='word_1_216' title='bbox 2659 1631 2885 1685; x_wconf 89' lang='lat' dir='ltr'><strong>nomine</strong></span> <span class='ocrx_word' id='word_1_217' title='bbox 2937 1633 3282 1701; x_wconf 88' lang='lat' dir='ltr'><strong>proconsulis</strong></span> <span class='ocrx_word' id='word_1_218' title='bbox 3326 1632 3550 1700; x_wconf 83' lang='lat' dir='ltr'><strong>proprio</strong></span> 
     </span>
    </p>
   </div>
   <div class='ocr_carea' id='block_1_34' title="bbox 298 1716 1871 1798">
    <p class='ocr_par' dir='ltr' id='par_1_34' title="bbox 298 1725 1871 1798">
     <span class='ocr_line' id='line_1_34' title="bbox 298 1725 1871 1798; baseline -0.003 -15"><span class='ocrx_word' id='word_1_219' title='bbox 298 1729 550 1784; x_wconf 75' lang='lat' dir='ltr'><strong>Ecclesia</strong></span> <span class='ocrx_word' id='word_1_220' title='bbox 583 1744 716 1783; x_wconf 89' lang='lat' dir='ltr'><strong>vero</strong></span> <span class='ocrx_word' id='word_1_221' title='bbox 753 1728 989 1783; x_wconf 78' lang='lat' dir='ltr'><strong>Achaica</strong></span> <span class='ocrx_word' id='word_1_222' title='bbox 1027 1729 1082 1782; x_wconf 91' lang='lat' dir='ltr'><strong>in</strong></span> <span class='ocrx_word' id='word_1_223' title='bbox 1115 1727 1378 1798; x_wconf 89' lang='lat' dir='ltr'><strong>Epistola,</strong></span> <span class='ocrx_word' id='word_1_224' title='bbox 1409 1744 1516 1782; x_wconf 93' lang='lat' dir='ltr'><strong>non</strong></span> <span class='ocrx_word' id='word_1_225' title='bbox 1549 1728 1696 1783; x_wconf 88' lang='lat' dir='ltr'><strong>sedis</strong></span> <span class='ocrx_word' id='word_1_226' title='bbox 1746 1725 1871 1796; x_wconf 88' lang='lat' dir='ltr'><strong>qui—</strong></span> 
     </span>
    </p>
   </div>
   <div class='ocr_carea' id='block_1_35' title="bbox 1977 1716 3551 1798">
    <p class='ocr_par' dir='ltr' id='par_1_35' title="bbox 1977 1716 3551 1794">
     <span class='ocr_line' id='line_1_35' title="bbox 1977 1716 3551 1794; baseline 0.004 -23"><span class='ocrx_word' id='word_1_227' title='bbox 1977 1720 2281 1787; x_wconf 70' lang='lat' dir='ltr'><strong>praeterito,</strong></span> <span class='ocrx_word' id='word_1_228' title='bbox 2341 1721 2658 1790; x_wconf 85' lang='lat' dir='ltr'><strong>hujusmodi</strong></span> <span class='ocrx_word' id='word_1_229' title='bbox 2712 1723 2915 1790; x_wconf 88' lang='lat' dir='ltr'><strong>verba,</strong></span> <span class='ocrx_word' id='word_1_230' title='bbox 2974 1716 3099 1777; x_wconf 53' lang='lat' dir='ltr'><strong>om“</strong></span> <span class='ocrx_word' id='word_1_231' title='bbox 3128 1722 3223 1777; x_wconf 77' lang='grc' dir='ltr'><strong>τοῦ</strong></span> <span class='ocrx_word' id='word_1_232' title='bbox 3288 1723 3551 1794; x_wconf 80' lang='grc' dir='ltr'><strong>βασιλέως</strong></span> 
     </span>
    </p>
   </div>
   <div class='ocr_carea' id='block_1_36' title="bbox 303 1817 1870 1890">
    <p class='ocr_par' dir='ltr' id='par_1_36' title="bbox 303 1817 1870 1890">
     <span class='ocr_line' id='line_1_36' title="bbox 303 1817 1870 1890; baseline -0.005 -12"><span class='ocrx_word' id='word_1_233' title='bbox 303 1824 425 1885; x_wconf 85' lang='lat' dir='ltr'><strong>dem</strong></span> <span class='ocrx_word' id='word_1_234' title='bbox 453 1823 658 1888; x_wconf 85' lang='lat' dir='ltr'><strong>locum,</strong></span> <span class='ocrx_word' id='word_1_235' title='bbox 688 1821 780 1877; x_wconf 85' lang='lat' dir='ltr'><strong>sed</strong></span> <span class='ocrx_word' id='word_1_236' title='bbox 811 1836 1011 1875; x_wconf 80' lang='lat' dir='ltr'><strong>munus</strong></span> <span class='ocrx_word' id='word_1_237' title='bbox 1039 1837 1150 1890; x_wconf 93' lang='lat' dir='ltr'><strong>quo</strong></span> <span class='ocrx_word' id='word_1_238' title='bbox 1185 1830 1239 1874; x_wconf 89' lang='lat' dir='ltr'><strong>et</strong></span> <span class='ocrx_word' id='word_1_239' title='bbox 1270 1821 1322 1874; x_wconf 92' lang='lat' dir='ltr'><strong>in</strong></span> <span class='ocrx_word' id='word_1_240' title='bbox 1351 1819 1570 1875; x_wconf 68' lang='lat' dir='ltr'><strong>Achaim</strong></span> <span class='ocrx_word' id='word_1_241' title='bbox 1591 1817 1870 1889; x_wconf 82' lang='lat' dir='ltr'><strong>provincia</strong></span> 
     </span>
    </p>
   </div>
   <div class='ocr_carea' id='block_1_37' title="bbox 301 1914 1317 1985">
    <p class='ocr_par' dir='ltr' id='par_1_37' title="bbox 301 1914 1317 1985">
     <span class='ocr_line' id='line_1_37' title="bbox 301 1914 1317 1985; baseline -0.001 -16"><span class='ocrx_word' id='word_1_242' title='bbox 301 1915 627 1985; x_wconf 86' lang='lat' dir='ltr'><strong>fungebatur</strong></span> <span class='ocrx_word' id='word_1_243' title='bbox 657 1915 975 1984; x_wconf 85' lang='lat' dir='ltr'><strong>proconsul,</strong></span> <span class='ocrx_word' id='word_1_244' title='bbox 1007 1914 1317 1969; x_wconf 85' lang='lat' dir='ltr'><strong>attenderit.</strong></span> 
     </span>
    </p>
   </div>
   <div class='ocr_carea' id='block_1_38' title="bbox 370 2002 1871 2075">
    <p class='ocr_par' dir='ltr' id='par_1_38' title="bbox 370 2002 1871 2075">
     <span class='ocr_line' id='line_1_38' title="bbox 370 2002 1871 2075; baseline -0.005 -16"><span class='ocrx_word' id='word_1_245' title='bbox 370 2003 555 2075; x_wconf 83' lang='lat' dir='ltr'><strong>Neque</strong></span> <span class='ocrx_word' id='word_1_246' title='bbox 589 2019 715 2059; x_wconf 88' lang='lat' dir='ltr'><strong>vero</strong></span> <span class='ocrx_word' id='word_1_247' title='bbox 738 2004 863 2073; x_wconf 90' lang='lat' dir='ltr'><strong>quis</strong></span> <span class='ocrx_word' id='word_1_248' title='bbox 889 2013 1038 2072; x_wconf 87' lang='lat' dir='ltr'><strong>putet</strong></span> <span class='ocrx_word' id='word_1_249' title='bbox 1079 2004 1244 2058; x_wconf 75' lang='lat' dir='ltr'><strong>anxio</strong></span> <span class='ocrx_word' id='word_1_250' title='bbox 1268 2002 1452 2057; x_wconf 87' lang='lat' dir='ltr'><strong>animo</strong></span> <span class='ocrx_word' id='word_1_251' title='bbox 1479 2017 1579 2056; x_wconf 87' lang='lat' dir='ltr'><strong>nos</strong></span> <span class='ocrx_word' id='word_1_252' title='bbox 1607 2015 1729 2055; x_wconf 90' lang='lat' dir='ltr'><strong>esse</strong></span> <span class='ocrx_word' id='word_1_253' title='bbox 1775 2005 1871 2053; x_wconf 75' lang='lat' dir='ltr'><strong>aut</strong></span> 
     </span>
    </p>
   </div>
   <div class='ocr_carea' id='block_1_39' title="bbox 302 2095 1866 2168">
    <p class='ocr_par' dir='ltr' id='par_1_39' title="bbox 302 2095 1866 2168">
     <span class='ocr_line' id='line_1_39' title="bbox 302 2095 1866 2168; baseline -0.006 -12"><span class='ocrx_word' id='word_1_254' title='bbox 302 2101 555 2164; x_wconf 87' lang='lat' dir='ltr'><strong>sollicito,</strong></span> <span class='ocrx_word' id='word_1_255' title='bbox 581 2097 725 2168; x_wconf 88' lang='lat' dir='ltr'><strong>quod</strong></span> <span class='ocrx_word' id='word_1_256' title='bbox 751 2097 976 2168; x_wconf 65' lang='lat' dir='ltr'><strong>Egeam</strong></span> <span class='ocrx_word' id='word_1_257' title='bbox 1007 2095 1227 2167; x_wconf 83' lang='grc' dir='ltr'><strong>βασιλέα</strong></span> <span class='ocrx_word' id='word_1_258' title='bbox 1251 2095 1592 2164; x_wconf 87' lang='lat' dir='ltr'><strong>Sophronins</strong></span> <span class='ocrx_word' id='word_1_259' title='bbox 1616 2095 1866 2162; x_wconf 85' lang='lat' dir='ltr'><strong>appellet.</strong></span> 
     </span>
    </p>
   </div>
   <div class='ocr_carea' id='block_1_40' title="bbox 297 2185 1870 2260">
    <p class='ocr_par' dir='ltr' id='par_1_40' title="bbox 297 2185 1870 2260">
     <span class='ocr_line' id='line_1_40' title="bbox 297 2185 1870 2260; baseline -0.005 -16"><span class='ocrx_word' id='word_1_260' title='bbox 297 2189 458 2244; x_wconf 70' lang='lat' dir='ltr'><strong>ilaud</strong></span> <span class='ocrx_word' id='word_1_261' title='bbox 494 2190 637 2244; x_wconf 89' lang='lat' dir='ltr'><strong>enim</strong></span> <span class='ocrx_word' id='word_1_262' title='bbox 670 2207 776 2244; x_wconf 89' lang='lat' dir='ltr'><strong>una</strong></span> <span class='ocrx_word' id='word_1_263' title='bbox 801 2206 923 2246; x_wconf 89' lang='lat' dir='ltr'><strong>esse</strong></span> <span class='ocrx_word' id='word_1_264' title='bbox 966 2191 1129 2260; x_wconf 78' lang='lat' dir='ltr'><strong>hujus</strong></span> <span class='ocrx_word' id='word_1_265' title='bbox 1161 2189 1311 2243; x_wconf 86' lang='lat' dir='ltr'><strong>vocis</strong></span> <span class='ocrx_word' id='word_1_266' title='bbox 1361 2185 1690 2256; x_wconf 73' lang='lat' dir='ltr'><strong>significatio</strong></span> <span class='ocrx_word' id='word_1_267' title='bbox 1719 2200 1870 2237; x_wconf 91' lang='lat' dir='ltr'><strong>com-</strong></span> 
     </span>
    </p>
   </div>
   <div class='ocr_carea' id='block_1_41' title="bbox 299 2276 1869 2352">
    <p class='ocr_par' dir='ltr' id='par_1_41' title="bbox 299 2276 1869 2352">
     <span class='ocr_line' id='line_1_41' title="bbox 299 2276 1869 2352; baseline -0.004 -16"><span class='ocrx_word' id='word_1_268' title='bbox 299 2283 548 2352; x_wconf 68' lang='lat' dir='ltr'><strong>peritur;</strong></span> <span class='ocrx_word' id='word_1_269' title='bbox 576 2297 748 2352; x_wconf 89' lang='lat' dir='ltr'><strong>neque</strong></span> <span class='ocrx_word' id='word_1_270' title='bbox 776 2283 867 2336; x_wconf 87' lang='lat' dir='ltr'><strong>illa</strong></span> <span class='ocrx_word' id='word_1_271' title='bbox 887 2282 1113 2351; x_wconf 85' lang='lat' dir='ltr'><strong>demum</strong></span> <span class='ocrx_word' id='word_1_272' title='bbox 1143 2282 1444 2335; x_wconf 88' lang='lat' dir='ltr'><strong>abutuntur</strong></span> <span class='ocrx_word' id='word_1_273' title='bbox 1475 2278 1677 2332; x_wconf 90' lang='lat' dir='ltr'><strong>vetusti</strong></span> <span class='ocrx_word' id='word_1_274' title='bbox 1727 2276 1869 2332; x_wconf 83' lang='lat' dir='ltr'><strong>seri-</strong></span> 
     </span>
    </p>
   </div>
   <div class='ocr_carea' id='block_1_42' title="bbox 307 2372 1868 2444">
    <p class='ocr_par' dir='ltr' id='par_1_42' title="bbox 307 2372 1868 2444">
     <span class='ocr_line' id='line_1_42' title="bbox 307 2372 1868 2444; baseline -0.001 -16"><span class='ocrx_word' id='word_1_275' title='bbox 307 2385 512 2444; x_wconf 88' lang='lat' dir='ltr'><strong>ptores,</strong></span> <span class='ocrx_word' id='word_1_276' title='bbox 577 2392 687 2444; x_wconf 93' lang='lat' dir='ltr'><strong>quo</strong></span> <span class='ocrx_word' id='word_1_277' title='bbox 721 2392 892 2444; x_wconf 84' lang='lat' dir='ltr'><strong>regem</strong></span> <span class='ocrx_word' id='word_1_278' title='bbox 948 2384 1267 2430; x_wconf 89' lang='lat' dir='ltr'><strong>constanter</strong></span> <span class='ocrx_word' id='word_1_279' title='bbox 1320 2374 1627 2443; x_wconf 80' lang='lat' dir='ltr'><strong>exprimere</strong></span> <span class='ocrx_word' id='word_1_280' title='bbox 1678 2372 1868 2433; x_wconf 86' lang='lat' dir='ltr'><strong>velint.</strong></span> 
     </span>
    </p>
   </div>
   <div class='ocr_carea' id='block_1_43' title="bbox 301 2463 1866 2539">
    <p class='ocr_par' dir='ltr' id='par_1_43' title="bbox 301 2463 1866 2539">
     <span class='ocr_line' id='line_1_43' title="bbox 301 2463 1866 2539; baseline -0.004 -20"><span class='ocrx_word' id='word_1_281' title='bbox 301 2475 363 2520; x_wconf 89' lang='lat' dir='ltr'><strong>ut</strong></span> <span class='ocrx_word' id='word_1_282' title='bbox 401 2482 467 2520; x_wconf 80' lang='lat' dir='ltr'><strong>ex</strong></span> <span class='ocrx_word' id='word_1_283' title='bbox 511 2467 752 2536; x_wconf 89' lang='lat' dir='ltr'><strong>antiquis</strong></span> <span class='ocrx_word' id='word_1_284' title='bbox 801 2466 1227 2538; x_wconf 83' lang='lat' dir='ltr'><strong>Lexicographis</strong></span> <span class='ocrx_word' id='word_1_285' title='bbox 1273 2466 1467 2535; x_wconf 89' lang='lat' dir='ltr'><strong>liquet.</strong></span> <span class='ocrx_word' id='word_1_286' title='bbox 1517 2463 1866 2539; x_wconf 83' lang='lat' dir='ltr'><strong>Hesychius:</strong></span> 
     </span>
    </p>
   </div>
   <div class='ocr_carea' id='block_1_44' title="bbox 297 2552 1872 2629">
    <p class='ocr_par' dir='ltr' id='par_1_44' title="bbox 297 2552 1872 2629">
     <span class='ocr_line' id='line_1_44' title="bbox 297 2552 1872 2629; baseline -0.003 -19"><span class='ocrx_word' id='word_1_287' title='bbox 297 2558 576 2620; x_wconf 80' lang='grc' dir='ltr'><strong>Βασιλεῖς,</strong></span> <span class='ocrx_word' id='word_1_288' title='bbox 604 2559 655 2610; x_wconf 80' lang='grc' dir='ltr'><strong>οἱ</strong></span> <span class='ocrx_word' id='word_1_289' title='bbox 688 2557 965 2611; x_wconf 74' lang='grc' dir='ltr'><strong>δικασταίο</strong></span> <span class='ocrx_word' id='word_1_290' title='bbox 1002 2558 1153 2629; x_wconf 77' lang='grc' dir='ltr'>παρὰ</span> <span class='ocrx_word' id='word_1_291' title='bbox 1185 2557 1479 2629; x_wconf 80' lang='grc' dir='ltr'><strong>Ἡροδότῳ,</strong></span> <span class='ocrx_word' id='word_1_292' title='bbox 1519 2558 1572 2610; x_wconf 79' lang='grc' dir='ltr'><strong>οἱ</strong></span> <span class='ocrx_word' id='word_1_293' title='bbox 1588 2552 1872 2619; x_wconf 79' lang='grc' dir='ltr'><strong>βασιλεῖς</strong></span> 
     </span>
    </p>
   </div>
   <div class='ocr_carea' id='block_1_45' title="bbox 297 2645 1873 2719">
    <p class='ocr_par' dir='ltr' id='par_1_45' title="bbox 297 2645 1873 2719">
     <span class='ocr_line' id='line_1_45' title="bbox 297 2645 1873 2719; baseline -0.003 -17"><span class='ocrx_word' id='word_1_294' title='bbox 297 2648 642 2719; x_wconf 74' lang='grc' dir='ltr'><strong>παράνομον</strong></span> <span class='ocrx_word' id='word_1_295' title='bbox 659 2649 1021 2719; x_wconf 56' lang='grc' dir='ltr'><strong>ἐργαζομένη)</strong></span> <span class='ocrx_word' id='word_1_296' title='bbox 1032 2650 1494 2718; x_wconf 72' lang='grc' dir='ltr'><strong>ἐναντιούμενοι.</strong></span> <span class='ocrx_word' id='word_1_297' title='bbox 1511 2647 1591 2701; x_wconf 84' lang='lat' dir='ltr'><strong>Ad</strong></span> <span class='ocrx_word' id='word_1_298' title='bbox 1608 2661 1770 2716; x_wconf 89' lang='lat' dir='ltr'><strong>quem</strong></span> <span class='ocrx_word' id='word_1_299' title='bbox 1792 2645 1873 2698; x_wconf 80' lang='lat' dir='ltr'><strong>lo-</strong></span> 
     </span>
    </p>
   </div>
   <div class='ocr_carea' id='block_1_46' title="bbox 303 2735 1872 2826">
    <p class='ocr_par' dir='ltr' id='par_1_46' title="bbox 303 2735 1872 2826">
     <span class='ocr_line' id='line_1_46' title="bbox 303 2735 1872 2826; baseline -0.003 -33"><span class='ocrx_word' id='word_1_300' title='bbox 303 2754 430 2793; x_wconf 89' lang='lat' dir='ltr'><strong>cum</strong></span> <span class='ocrx_word' id='word_1_301' title='bbox 464 2740 615 2808; x_wconf 89' lang='lat' dir='ltr'><strong>plura</strong></span> <span class='ocrx_word' id='word_1_302' title='bbox 652 2739 865 2794; x_wconf 90' lang='lat' dir='ltr'><strong>erudite</strong></span> <span class='ocrx_word' id='word_1_303' title='bbox 893 2738 1136 2794; x_wconf 80' lang='lat' dir='ltr'><strong>Joannes</strong></span> <span class='ocrx_word' id='word_1_304' title='bbox 1179 2740 1384 2794; x_wconf 86' lang='lat' dir='ltr'><strong>Alberti</strong></span> <span class='ocrx_word' id='word_1_305' title='bbox 1428 2739 1564 2812; x_wconf 82' lang='grc'><strong>(48).</strong></span> <span class='ocrx_word' id='word_1_306' title='bbox 1602 2735 1872 2826; x_wconf 68' lang='lat' dir='ltr'><strong>Phavori-</strong></span> 
     </span>
    </p>
   </div>
   <div class='ocr_carea' id='block_1_47' title="bbox 305 2829 1872 2903">
    <p class='ocr_par' dir='ltr' id='par_1_47' title="bbox 305 2829 1872 2903">
     <span class='ocr_line' id='line_1_47' title="bbox 305 2829 1872 2903; baseline -0.001 -19"><span class='ocrx_word' id='word_1_307' title='bbox 305 2847 410 2886; x_wconf 87' lang='lat' dir='ltr'><strong>nus</strong></span> <span class='ocrx_word' id='word_1_308' title='bbox 437 2833 563 2886; x_wconf 91' lang='lat' dir='ltr'><strong>item</strong></span> <span class='ocrx_word' id='word_1_309' title='bbox 600 2853 613 2887; x_wconf 88' lang='lat'>:</span> <span class='ocrx_word' id='word_1_310' title='bbox 649 2833 918 2903; x_wconf 62' lang='lat' dir='ltr'><strong>Bactlﬁag</strong></span> <span class='ocrx_word' id='word_1_311' title='bbox 958 2834 1105 2903; x_wconf 81' lang='grc' dir='ltr'>λέγει</span> <span class='ocrx_word' id='word_1_312' title='bbox 1163 2834 1404 2896; x_wconf 77' lang='grc' dir='ltr'><strong>Ἡσίοδος</strong></span> <span class='ocrx_word' id='word_1_313' title='bbox 1444 2834 1571 2895; x_wconf 82' lang='grc' dir='ltr'><strong>τοὺς</strong></span> <span class='ocrx_word' id='word_1_314' title='bbox 1613 2829 1872 2892; x_wconf 79' lang='grc' dir='ltr'><strong>δικαστὰς</strong></span> 
     </span>
    </p>
   </div>
   <div class='ocr_carea' id='block_1_48' title="bbox 301 2923 1874 2998">
    <p class='ocr_par' dir='ltr' id='par_1_48' title="bbox 301 2923 1874 2998">
     <span class='ocr_line' id='line_1_48' title="bbox 301 2923 1874 2998; baseline -0.001 -21"><span class='ocrx_word' id='word_1_315' title='bbox 301 2923 394 2977; x_wconf 78' lang='grc' dir='ltr'><strong>καὶ</strong></span> <span class='ocrx_word' id='word_1_316' title='bbox 417 2926 542 2988; x_wconf 82' lang='grc' dir='ltr'><strong>τοὺς</strong></span> <span class='ocrx_word' id='word_1_317' title='bbox 583 2926 864 2996; x_wconf 75' lang='grc' dir='ltr'><strong>ἄρχοντας.</strong></span> <span class='ocrx_word' id='word_1_318' title='bbox 895 2926 1049 2981; x_wconf 83' lang='grc' dir='ltr'><strong>Οὕτω</strong></span> <span class='ocrx_word' id='word_1_319' title='bbox 1073 2927 1182 2998; x_wconf 86' lang='grc' dir='ltr'><strong>γὰρ</strong></span> <span class='ocrx_word' id='word_1_320' title='bbox 1211 2929 1406 2990; x_wconf 74' lang='grc' dir='ltr'>αὐτοὺς</span> <span class='ocrx_word' id='word_1_321' title='bbox 1424 2925 1650 2980; x_wconf 71' lang='grc' dir='ltr'><strong>ἐκάλουν</strong></span> <span class='ocrx_word' id='word_1_322' title='bbox 1679 2926 1730 2977; x_wconf 83' lang='grc' dir='ltr'><strong>οἱ</strong></span> <span class='ocrx_word' id='word_1_323' title='bbox 1765 2940 1874 2976; x_wconf 80' lang='grc' dir='ltr'><strong>πα-</strong></span> 
     </span>
    </p>
   </div>
   <div class='ocr_carea' id='block_1_49' title="bbox 297 3013 1938 3114">
    <p class='ocr_par' dir='ltr' id='par_1_49' title="bbox 297 3013 1938 3114">
     <span class='ocr_line' id='line_1_49' title="bbox 297 3013 1938 3114; baseline -0.004 -43"><span class='ocrx_word' id='word_1_324' title='bbox 297 3018 461 3082; x_wconf 78' lang='grc' dir='ltr'>λαιοὶ,</span> <span class='ocrx_word' id='word_1_325' title='bbox 500 3019 576 3081; x_wconf 82' lang='grc' dir='ltr'><strong>ὡς</strong></span> <span class='ocrx_word' id='word_1_326' title='bbox 629 3018 892 3089; x_wconf 74' lang='grc' dir='ltr'><strong>Ὅμηρός·</strong></span> <span class='ocrx_word' id='word_1_327' title='bbox 938 3019 1090 3073; x_wconf 75' lang='grc' dir='ltr'>Ἀλλ’</span> <span class='ocrx_word' id='word_1_328' title='bbox 1115 3018 1246 3086; x_wconf 76' lang='grc' dir='ltr'><strong>ἤτοι</strong></span> <span class='ocrx_word' id='word_1_329' title='bbox 1277 3017 1581 3085; x_wconf 74' lang='grc' dir='ltr'><strong>,ϐασιλῆες</strong></span> <span class='ocrx_word' id='word_1_330' title='bbox 1631 3013 1872 3084; x_wconf 71' lang='grc' dir='ltr'><strong>Ἀχαιῶν</strong></span> <span class='ocrx_word' id='word_1_331' title='bbox 1897 3042 1938 3114; x_wconf 73' lang='lat' dir='ltr'>c</span> 
     </span>
    </p>
   </div>
   <div class='ocr_carea' id='block_1_50' title="bbox 297 3107 1866 3180">
    <p class='ocr_par' dir='ltr' id='par_1_50' title="bbox 297 3107 1866 3180">
     <span class='ocr_line' id='line_1_50' title="bbox 297 3107 1866 3180; baseline -0.002 -17"><span class='ocrx_word' id='word_1_332' title='bbox 297 3111 534 3164; x_wconf 76' lang='grc' dir='ltr'><strong>εὶσικιιὶ</strong></span> <span class='ocrx_word' id='word_1_333' title='bbox 580 3109 774 3164; x_wconf 71' lang='grc' dir='ltr'><strong>ἄλλοι.</strong></span> <span class='ocrx_word' id='word_1_334' title='bbox 827 3111 960 3176; x_wconf 59' lang='lat' dir='ltr'><strong>Quae</strong></span> <span class='ocrx_word' id='word_1_335' title='bbox 1004 3111 1222 3180; x_wconf 91' lang='lat' dir='ltr'><strong>quidem</strong></span> <span class='ocrx_word' id='word_1_336' title='bbox 1288 3109 1503 3164; x_wconf 84' lang='lat' dir='ltr'><strong>Homeri</strong></span> <span class='ocrx_word' id='word_1_337' title='bbox 1556 3110 1718 3163; x_wconf 88' lang='lat' dir='ltr'><strong>verba</strong></span> <span class='ocrx_word' id='word_1_338' title='bbox 1754 3107 1866 3176; x_wconf 84' lang='grc'><strong>(49)</strong></span> 
     </span>
    </p>
   </div>
   <div class='ocr_carea' id='block_1_51' title="bbox 301 3197 1871 3271">
    <p class='ocr_par' dir='ltr' id='par_1_51' title="bbox 301 3197 1871 3271">
     <span class='ocr_line' id='line_1_51' title="bbox 301 3197 1871 3271; baseline -0.003 -17"><span class='ocrx_word' id='word_1_339' title='bbox 301 3200 422 3256; x_wconf 91' lang='lat' dir='ltr'><strong>loco</strong></span> <span class='ocrx_word' id='word_1_340' title='bbox 446 3202 513 3256; x_wconf 92' lang='lat' dir='ltr'><strong>de</strong></span> <span class='ocrx_word' id='word_1_341' title='bbox 551 3216 661 3270; x_wconf 93' lang='lat' dir='ltr'><strong>quo</strong></span> <span class='ocrx_word' id='word_1_342' title='bbox 706 3201 953 3271; x_wconf 80' lang='lat' dir='ltr'><strong>agimus,</strong></span> <span class='ocrx_word' id='word_1_343' title='bbox 995 3203 1130 3256; x_wconf 91' lang='lat' dir='ltr'><strong>mire</strong></span> <span class='ocrx_word' id='word_1_344' title='bbox 1155 3201 1426 3270; x_wconf 84' lang='lat' dir='ltr'><strong>quadrare</strong></span> <span class='ocrx_word' id='word_1_345' title='bbox 1455 3214 1618 3253; x_wconf 90' lang='lat' dir='ltr'><strong>nemo</strong></span> <span class='ocrx_word' id='word_1_346' title='bbox 1650 3214 1756 3252; x_wconf 88' lang='lat' dir='ltr'><strong>non</strong></span> <span class='ocrx_word' id='word_1_347' title='bbox 1787 3197 1871 3251; x_wconf 85' lang='lat' dir='ltr'><strong>vi-</strong></span> 
     </span>
    </p>
   </div>
   <div class='ocr_carea' id='block_1_52' title="bbox 305 3290 1870 3358">
    <p class='ocr_par' dir='ltr' id='par_1_52' title="bbox 305 3290 1870 3358">
     <span class='ocr_line' id='line_1_52' title="bbox 305 3290 1870 3358; baseline -0.003 -10"><span class='ocrx_word' id='word_1_348' title='bbox 305 3293 417 3348; x_wconf 88' lang='lat' dir='ltr'><strong>det.</strong></span> <span class='ocrx_word' id='word_1_349' title='bbox 467 3292 725 3346; x_wconf 88' lang='lat' dir='ltr'><strong>Eamdem</strong></span> <span class='ocrx_word' id='word_1_350' title='bbox 757 3293 810 3346; x_wconf 91' lang='lat' dir='ltr'><strong>in</strong></span> <span class='ocrx_word' id='word_1_351' title='bbox 842 3293 1169 3347; x_wconf 90' lang='lat' dir='ltr'><strong>sententiam</strong></span> <span class='ocrx_word' id='word_1_352' title='bbox 1210 3291 1529 3345; x_wconf 80' lang='lat' dir='ltr'><strong>Maussacus</strong></span> <span class='ocrx_word' id='word_1_353' title='bbox 1551 3304 1771 3358; x_wconf 87' lang='lat' dir='ltr'><strong>quoque</strong></span> <span class='ocrx_word' id='word_1_354' title='bbox 1797 3290 1870 3344; x_wconf 81' lang='lat' dir='ltr'><strong>ad</strong></span> 
     </span>
    </p>
   </div>
   <div class='ocr_carea' id='block_1_53' title="bbox 298 3383 1870 3457">
    <p class='ocr_par' dir='ltr' id='par_1_53' title="bbox 298 3383 1870 3457">
     <span class='ocr_line' id='line_1_53' title="bbox 298 3383 1870 3457; baseline -0.001 -16"><span class='ocrx_word' id='word_1_355' title='bbox 298 3387 789 3457; x_wconf 71' lang='lat' dir='ltr'><strong>Harpocrationem</strong></span> <span class='ocrx_word' id='word_1_356' title='bbox 813 3401 868 3440; x_wconf 89' lang='lat' dir='ltr'><strong>v.</strong></span> <span class='ocrx_word' id='word_1_357' title='bbox 890 3383 1154 3456; x_wconf 83' lang='grc' dir='ltr'>Βασιλικὴ</span> <span class='ocrx_word' id='word_1_358' title='bbox 1189 3385 1471 3456; x_wconf 80' lang='grc' dir='ltr'><strong>διαδρομή,</strong></span> <span class='ocrx_word' id='word_1_359' title='bbox 1510 3400 1681 3438; x_wconf 86' lang='lat' dir='ltr'><strong>unum</strong></span> <span class='ocrx_word' id='word_1_360' title='bbox 1707 3401 1737 3440; x_wconf 92' lang='lat' dir='ltr'><strong>e</strong></span> <span class='ocrx_word' id='word_1_361' title='bbox 1769 3401 1870 3439; x_wconf 89' lang='lat' dir='ltr'><strong>no-</strong></span> 
     </span>
    </p>
   </div>
   <div class='ocr_carea' id='block_1_54' title="bbox 302 3475 1872 3547">
    <p class='ocr_par' dir='ltr' id='par_1_54' title="bbox 302 3475 1872 3547">
     <span class='ocr_line' id='line_1_54' title="bbox 302 3475 1872 3547; baseline -0.001 -15"><span class='ocrx_word' id='word_1_362' title='bbox 302 3494 423 3533; x_wconf 82' lang='lat' dir='ltr'><strong>vem</strong></span> <span class='ocrx_word' id='word_1_363' title='bbox 483 3477 891 3547; x_wconf 76' lang='lat' dir='ltr'><strong>magistratibus</strong></span> <span class='ocrx_word' id='word_1_364' title='bbox 947 3475 1370 3530; x_wconf 76' lang='lat' dir='ltr'><strong>Atheniensibus</strong></span> <span class='ocrx_word' id='word_1_365' title='bbox 1419 3475 1643 3545; x_wconf 79' lang='grc' dir='ltr'><strong>βασιλέα</strong></span> <span class='ocrx_word' id='word_1_366' title='bbox 1701 3475 1872 3531; x_wconf 82' lang='lat' dir='ltr'><strong>fuisse</strong></span> 
     </span>
    </p>
   </div>
   <div class='ocr_carea' id='block_1_55' title="bbox 305 3567 1870 3637">
    <p class='ocr_par' dir='ltr' id='par_1_55' title="bbox 305 3567 1870 3637">
     <span class='ocr_line' id='line_1_55' title="bbox 305 3567 1870 3637; baseline -0.001 -16"><span class='ocrx_word' id='word_1_367' title='bbox 305 3580 580 3633; x_wconf 80' lang='lat' dir='ltr'><strong>vocatum,</strong></span> <span class='ocrx_word' id='word_1_368' title='bbox 611 3570 849 3624; x_wconf 88' lang='lat' dir='ltr'><strong>selatins</strong></span> <span class='ocrx_word' id='word_1_369' title='bbox 875 3567 1173 3630; x_wconf 69' lang='lat' dir='ltr'><strong>ducturum</strong></span> <span class='ocrx_word' id='word_1_370' title='bbox 1204 3571 1526 3637; x_wconf 86' lang='lat' dir='ltr'><strong>promiserat</strong></span> <span class='ocrx_word' id='word_1_371' title='bbox 1556 3583 1640 3620; x_wconf 90' lang='lat' dir='ltr'><strong>vv.</strong></span> <span class='ocrx_word' id='word_1_372' title='bbox 1658 3567 1870 3637; x_wconf 81' lang='grc' dir='ltr'><strong>Θεσμο-</strong></span> 
     </span>
    </p>
   </div>
   <div class='ocr_carea' id='block_1_56' title="bbox 302 3657 1870 3733">
    <p class='ocr_par' dir='ltr' id='par_1_56' title="bbox 302 3657 1870 3733">
     <span class='ocr_line' id='line_1_56' title="bbox 302 3657 1870 3733; baseline -0.004 -15"><span class='ocrx_word' id='word_1_373' title='bbox 302 3665 456 3718; x_wconf 83' lang='grc' dir='ltr'>οέται</span> <span class='ocrx_word' id='word_1_374' title='bbox 483 3661 932 3733; x_wconf 75' lang='grc' dir='ltr'><strong>θιΠολὲμαρχος,</strong></span> <span class='ocrx_word' id='word_1_375' title='bbox 963 3660 1110 3730; x_wconf 89' lang='lat' dir='ltr'><strong>quod</strong></span> <span class='ocrx_word' id='word_1_376' title='bbox 1136 3669 1318 3713; x_wconf 87' lang='lat' dir='ltr'><strong>tamen</strong></span> <span class='ocrx_word' id='word_1_377' title='bbox 1351 3658 1436 3713; x_wconf 90' lang='lat' dir='ltr'><strong>sui</strong></span> <span class='ocrx_word' id='word_1_378' title='bbox 1475 3657 1700 3722; x_wconf 90' lang='lat' dir='ltr'><strong>oblitus,</strong></span> <span class='ocrx_word' id='word_1_379' title='bbox 1729 3657 1870 3711; x_wconf 87' lang='lat' dir='ltr'><strong>haud</strong></span> 
     </span>
    </p>
   </div>
   <div class='ocr_carea' id='block_1_57' title="bbox 299 3751 1871 3827">
    <p class='ocr_par' dir='ltr' id='par_1_57' title="bbox 299 3751 1871 3827">
     <span class='ocr_line' id='line_1_57' title="bbox 299 3751 1871 3827; baseline -0.004 -16"><span class='ocrx_word' id='word_1_380' title='bbox 299 3756 576 3827; x_wconf 59' lang='lat' dir='ltr'><strong>prastitit.</strong></span> <span class='ocrx_word' id='word_1_381' title='bbox 599 3753 735 3808; x_wconf 79' lang='lat' dir='ltr'><strong>Hinc</strong></span> <span class='ocrx_word' id='word_1_382' title='bbox 776 3769 905 3822; x_wconf 77' lang='lat' dir='ltr'><strong>ergo</strong></span> <span class='ocrx_word' id='word_1_383' title='bbox 931 3752 1137 3822; x_wconf 89' lang='lat' dir='ltr'><strong>liquido</strong></span> <span class='ocrx_word' id='word_1_384' title='bbox 1169 3761 1392 3821; x_wconf 87' lang='lat' dir='ltr'><strong>apparet</strong></span> <span class='ocrx_word' id='word_1_385' title='bbox 1418 3751 1690 3814; x_wconf 87' lang='lat' dir='ltr'><strong>immerito</strong></span> <span class='ocrx_word' id='word_1_386' title='bbox 1716 3751 1871 3822; x_wconf 83' lang='lat' dir='ltr'><strong>argui</strong></span> 
     </span>
    </p>
   </div>
   <div class='ocr_carea' id='block_1_58' title="bbox 308 3839 1873 3911">
    <p class='ocr_par' dir='ltr' id='par_1_58' title="bbox 308 3839 1873 3911">
     <span class='ocr_line' id='line_1_58' title="bbox 308 3839 1873 3911; baseline -0.002 -13"><span class='ocrx_word' id='word_1_387' title='bbox 308 3845 594 3900; x_wconf 90' lang='lat' dir='ltr'><strong>Erasmum</strong></span> <span class='ocrx_word' id='word_1_388' title='bbox 619 3859 683 3897; x_wconf 91' lang='lat' dir='ltr'><strong>eo</strong></span> <span class='ocrx_word' id='word_1_389' title='bbox 714 3843 957 3908; x_wconf 85' lang='lat' dir='ltr'><strong>nomine,</strong></span> <span class='ocrx_word' id='word_1_390' title='bbox 986 3843 1130 3911; x_wconf 88' lang='lat' dir='ltr'><strong>quod</strong></span> <span class='ocrx_word' id='word_1_391' title='bbox 1161 3840 1380 3911; x_wconf 81' lang='grc' dir='ltr'><strong>βασιλέα</strong></span> <span class='ocrx_word' id='word_1_392' title='bbox 1405 3839 1696 3910; x_wconf 90' lang='lat' dir='ltr'><strong>Sophronii</strong></span> <span class='ocrx_word' id='word_1_393' title='bbox 1735 3857 1873 3910; x_wconf 69' lang='lat' dir='ltr'><strong>prte-</strong></span> 
     </span>
    </p>
   </div>
   <div class='ocr_carea' id='block_1_59' title="bbox 303 3933 837 4008">
    <p class='ocr_par' dir='ltr' id='par_1_59' title="bbox 303 3933 837 4008">
     <span class='ocr_line' id='line_1_59' title="bbox 303 3933 837 4008; baseline -0.006 -17"><span class='ocrx_word' id='word_1_394' title='bbox 303 3937 497 4008; x_wconf 72' lang='lat' dir='ltr'><strong>{ectum</strong></span> <span class='ocrx_word' id='word_1_395' title='bbox 526 3933 837 3990; x_wconf 85' lang='lat' dir='ltr'><strong>reddiderit.</strong></span> 
     </span>
    </p>
   </div>
   <div class='ocr_carea' id='block_1_60' title="bbox 378 4024 1872 4096">
    <p class='ocr_par' dir='ltr' id='par_1_60' title="bbox 378 4024 1872 4096">
     <span class='ocr_line' id='line_1_60' title="bbox 378 4024 1872 4096; baseline -0.003 -12"><span class='ocrx_word' id='word_1_396' title='bbox 378 4027 578 4084; x_wconf 76' lang='lat' dir='ltr'><strong>Verum</strong></span> <span class='ocrx_word' id='word_1_397' title='bbox 611 4029 665 4081; x_wconf 87' lang='lat' dir='ltr'><strong>in</strong></span> <span class='ocrx_word' id='word_1_398' title='bbox 698 4028 803 4082; x_wconf 91' lang='lat' dir='ltr'><strong>isto</strong></span> <span class='ocrx_word' id='word_1_399' title='bbox 841 4025 1225 4096; x_wconf 88' lang='lat' dir='ltr'><strong>Sophroniano</strong></span> <span class='ocrx_word' id='word_1_400' title='bbox 1248 4025 1370 4079; x_wconf 85' lang='lat' dir='ltr'><strong>loco</strong></span> <span class='ocrx_word' id='word_1_401' title='bbox 1400 4024 1739 4081; x_wconf 87' lang='lat' dir='ltr'><strong>enucleando</strong></span> <span class='ocrx_word' id='word_1_402' title='bbox 1766 4026 1872 4080; x_wconf 87' lang='lat' dir='ltr'><strong>im-</strong></span> 
     </span>
    </p>
   </div>
   <div class='ocr_carea' id='block_1_61' title="bbox 308 4113 1878 4186">
    <p class='ocr_par' dir='ltr' id='par_1_61' title="bbox 308 4113 1878 4186">
     <span class='ocr_line' id='line_1_61' title="bbox 308 4113 1878 4186; baseline -0.002 -13"><span class='ocrx_word' id='word_1_403' title='bbox 308 4119 512 4174; x_wconf 85' lang='lat' dir='ltr'><strong>morari</strong></span> <span class='ocrx_word' id='word_1_404' title='bbox 535 4120 714 4173; x_wconf 85' lang='lat' dir='ltr'><strong>adhuc</strong></span> <span class='ocrx_word' id='word_1_405' title='bbox 745 4131 1036 4186; x_wconf 83' lang='lat' dir='ltr'><strong>parumper</strong></span> <span class='ocrx_word' id='word_1_406' title='bbox 1067 4116 1249 4170; x_wconf 85' lang='lat' dir='ltr'><strong>liceat.</strong></span> <span class='ocrx_word' id='word_1_407' title='bbox 1289 4113 1459 4170; x_wconf 89' lang='lat' dir='ltr'><strong>Nobis</strong></span> <span class='ocrx_word' id='word_1_408' title='bbox 1493 4115 1752 4170; x_wconf 90' lang='lat' dir='ltr'><strong>nimirum</strong></span> <span class='ocrx_word' id='word_1_409' title='bbox 1767 4115 1878 4170; x_wconf 90' lang='lat' dir='ltr'><strong>dis-</strong></span> 
     </span>
    </p>
   </div>
   <div class='ocr_carea' id='block_1_62' title="bbox 291 4207 1870 4279">
    <p class='ocr_par' dir='ltr' id='par_1_62' title="bbox 291 4207 1870 4279">
     <span class='ocr_line' id='line_1_62' title="bbox 291 4207 1870 4279; baseline -0.001 -14"><span class='ocrx_word' id='word_1_410' title='bbox 291 4211 635 4267; x_wconf 79' lang='lat' dir='ltr'><strong>cutientibus</strong></span> <span class='ocrx_word' id='word_1_411' title='bbox 711 4208 1006 4279; x_wconf 89' lang='lat' dir='ltr'><strong>Sophronii</strong></span> <span class='ocrx_word' id='word_1_412' title='bbox 1060 4209 1246 4273; x_wconf 87' lang='lat' dir='ltr'><strong>verba,</strong></span> <span class='ocrx_word' id='word_1_413' title='bbox 1302 4208 1476 4278; x_wconf 87' lang='lat' dir='ltr'><strong>deque</strong></span> <span class='ocrx_word' id='word_1_414' title='bbox 1523 4207 1870 4263; x_wconf 83' lang='lat' dir='ltr'><strong>Macedonica</strong></span> 
     </span>
    </p>
   </div>
   <div class='ocr_carea' id='block_1_63' title="bbox 305 4300 1869 4372">
    <p class='ocr_par' dir='ltr' id='par_1_63' title="bbox 305 4300 1869 4372">
     <span class='ocr_line' id='line_1_63' title="bbox 305 4300 1869 4372; baseline -0.001 -15"><span class='ocrx_word' id='word_1_415' title='bbox 305 4304 509 4359; x_wconf 77' lang='lat' dir='ltr'><strong>Edessa</strong></span> <span class='ocrx_word' id='word_1_416' title='bbox 549 4303 638 4357; x_wconf 93' lang='lat' dir='ltr'><strong>illa</strong></span> <span class='ocrx_word' id='word_1_417' title='bbox 680 4317 802 4357; x_wconf 90' lang='lat' dir='ltr'><strong>esse</strong></span> <span class='ocrx_word' id='word_1_418' title='bbox 849 4301 1163 4372; x_wconf 89' lang='lat' dir='ltr'><strong>accipienda</strong></span> <span class='ocrx_word' id='word_1_419' title='bbox 1209 4301 1377 4371; x_wconf 89' lang='lat' dir='ltr'><strong>probe</strong></span> <span class='ocrx_word' id='word_1_420' title='bbox 1422 4300 1869 4368; x_wconf 77' lang='lat' dir='ltr'><strong>intelligentihus,</strong></span> 
     </span>
    </p>
   </div>
   <div class='ocr_carea' id='block_1_64' title="bbox 1982 1811 3551 1886">
    <p class='ocr_par' dir='ltr' id='par_1_64' title="bbox 1982 1811 3551 1886">
     <span class='ocr_line' id='line_1_64' title="bbox 1982 1811 3551 1886; baseline 0.005 -24"><span class='ocrx_word' id='word_1_421' title='bbox 1982 1811 2316 1883; x_wconf 81' lang='grc' dir='ltr'><strong>Ἐδεσσηνῶν</strong></span> <span class='ocrx_word' id='word_1_422' title='bbox 2340 1855 2356 1880; x_wconf 87' lang='grc'><em>,</em></span> <span class='ocrx_word' id='word_1_423' title='bbox 2392 1815 2770 1869; x_wconf 87' lang='lat' dir='ltr'><strong>tantummodo</strong></span> <span class='ocrx_word' id='word_1_424' title='bbox 2810 1815 3005 1870; x_wconf 87' lang='lat' dir='ltr'><strong>litteris</strong></span> <span class='ocrx_word' id='word_1_425' title='bbox 3049 1816 3226 1886; x_wconf 87' lang='lat' dir='ltr'><strong>primo</strong></span> <span class='ocrx_word' id='word_1_426' title='bbox 3261 1816 3551 1870; x_wconf 87' lang='lat' dir='ltr'><strong>tradidisse</strong></span> 
     </span>
    </p>
   </div>
   <div class='ocr_carea' id='block_1_65' title="bbox 1969 1906 3551 1978">
    <p class='ocr_par' dir='ltr' id='par_1_65' title="bbox 1969 1906 3551 1978">
     <span class='ocr_line' id='line_1_65' title="bbox 1969 1906 3551 1978; baseline 0.003 -19"><span class='ocrx_word' id='word_1_427' title='bbox 1969 1906 2264 1975; x_wconf 84' lang='lat' dir='ltr'><strong>putabam;</strong></span> <span class='ocrx_word' id='word_1_428' title='bbox 2302 1922 2464 1976; x_wconf 90' lang='lat' dir='ltr'><strong>quem</strong></span> <span class='ocrx_word' id='word_1_429' title='bbox 2491 1907 2710 1977; x_wconf 90' lang='lat' dir='ltr'><strong>quidem</strong></span> <span class='ocrx_word' id='word_1_430' title='bbox 2735 1908 2917 1962; x_wconf 91' lang='lat' dir='ltr'><strong>locum</strong></span> <span class='ocrx_word' id='word_1_431' title='bbox 2944 1923 3011 1962; x_wconf 88' lang='lat' dir='ltr'><strong>ne</strong></span> <span class='ocrx_word' id='word_1_432' title='bbox 3032 1908 3156 1978; x_wconf 92' lang='lat' dir='ltr'><strong>quis</strong></span> <span class='ocrx_word' id='word_1_433' title='bbox 3186 1909 3457 1978; x_wconf 88' lang='lat' dir='ltr'><strong>acciperet</strong></span> <span class='ocrx_word' id='word_1_434' title='bbox 3483 1908 3551 1963; x_wconf 89' lang='lat' dir='ltr'><strong>de</strong></span> 
     </span>
    </p>
   </div>
   <div class='ocr_carea' id='block_1_66' title="bbox 1965 1996 3552 2070">
    <p class='ocr_par' dir='ltr' id='par_1_66' title="bbox 1965 1996 3552 2070">
     <span class='ocr_line' id='line_1_66' title="bbox 1965 1996 3552 2070; baseline 0.001 -18"><span class='ocrx_word' id='word_1_435' title='bbox 1965 1996 2306 2053; x_wconf 88' lang='lat' dir='ltr'><strong>Osrhoenica</strong></span> <span class='ocrx_word' id='word_1_436' title='bbox 2337 1997 2563 2064; x_wconf 79' lang='lat' dir='ltr'><strong>Edessa,</strong></span> <span class='ocrx_word' id='word_1_437' title='bbox 2589 2000 2672 2054; x_wconf 89' lang='lat' dir='ltr'><strong>vir</strong></span> <span class='ocrx_word' id='word_1_438' title='bbox 2703 2001 2904 2070; x_wconf 89' lang='lat' dir='ltr'><strong>aliquis</strong></span> <span class='ocrx_word' id='word_1_439' title='bbox 2935 2001 3186 2056; x_wconf 91' lang='lat' dir='ltr'><strong>eruditus</strong></span> <span class='ocrx_word' id='word_1_440' title='bbox 3212 2001 3419 2056; x_wconf 88' lang='lat' dir='ltr'><strong>codicis</strong></span> <span class='ocrx_word' id='word_1_441' title='bbox 3448 2000 3552 2068; x_wconf 77' lang='lat' dir='ltr'><strong>So-</strong></span> 
     </span>
    </p>
   </div>
   <div class='ocr_carea' id='block_1_67' title="bbox 1975 2089 3548 2160">
    <p class='ocr_par' dir='ltr' id='par_1_67' title="bbox 1975 2089 3548 2160">
     <span class='ocr_line' id='line_1_67' title="bbox 1975 2089 3548 2160; baseline 0.003 -20"><span class='ocrx_word' id='word_1_442' title='bbox 1975 2089 2264 2156; x_wconf 83' lang='lat' dir='ltr'><strong>phroniani</strong></span> <span class='ocrx_word' id='word_1_443' title='bbox 2293 2104 2403 2144; x_wconf 70' lang='lat' dir='ltr'><strong>orte</strong></span> <span class='ocrx_word' id='word_1_444' title='bbox 2457 2089 2704 2145; x_wconf 90' lang='lat' dir='ltr'><strong>alleverit</strong></span> <span class='ocrx_word' id='word_1_445' title='bbox 2727 2101 2880 2145; x_wconf 87' lang='lat' dir='ltr'><strong>vetus</strong></span> <span class='ocrx_word' id='word_1_446' title='bbox 2907 2091 3058 2145; x_wconf 86' lang='lat' dir='ltr'><strong>urbis</strong></span> <span class='ocrx_word' id='word_1_447' title='bbox 3085 2107 3278 2146; x_wconf 92' lang='lat' dir='ltr'><strong>nomen</strong></span> <span class='ocrx_word' id='word_1_448' title='bbox 3326 2090 3548 2160; x_wconf 76' lang='grc' dir='ltr'>Αἰγαια,</span> 
     </span>
    </p>
   </div>
   <div class='ocr_carea' id='block_1_68' title="bbox 1973 2179 3549 2254">
    <p class='ocr_par' dir='ltr' id='par_1_68' title="bbox 1973 2179 3549 2254">
     <span class='ocr_line' id='line_1_68' title="bbox 1973 2179 3549 2254; baseline 0.001 -22"><span class='ocrx_word' id='word_1_449' title='bbox 1973 2179 2208 2248; x_wconf 89' lang='lat' dir='ltr'><strong>indeque</strong></span> <span class='ocrx_word' id='word_1_450' title='bbox 2231 2179 2526 2234; x_wconf 84' lang='lat' dir='ltr'><strong>formatum</strong></span> <span class='ocrx_word' id='word_1_451' title='bbox 2555 2181 2756 2250; x_wconf 75' lang='lat' dir='ltr'><strong>gentile</strong></span> <span class='ocrx_word' id='word_1_452' title='bbox 2771 2181 3091 2254; x_wconf 73' lang='grc' dir='ltr'><strong>Λιγαιάτηςο</strong></span> <span class='ocrx_word' id='word_1_453' title='bbox 3109 2197 3344 2251; x_wconf 92' lang='lat' dir='ltr'><strong>quorum</strong></span> <span class='ocrx_word' id='word_1_454' title='bbox 3378 2198 3549 2235; x_wconf 89' lang='lat' dir='ltr'><strong>unum</strong></span> 
     </span>
    </p>
   </div>
   <div class='ocr_carea' id='block_1_69' title="bbox 1968 2270 3551 2342">
    <p class='ocr_par' dir='ltr' id='par_1_69' title="bbox 1968 2270 3551 2342">
     <span class='ocr_line' id='line_1_69' title="bbox 1968 2270 3551 2342; baseline 0 -18"><span class='ocrx_word' id='word_1_455' title='bbox 1968 2270 2274 2325; x_wconf 80' lang='lat' dir='ltr'><strong>alterumve</strong></span> <span class='ocrx_word' id='word_1_456' title='bbox 2321 2279 2508 2342; x_wconf 89' lang='lat' dir='ltr'><strong>postea</strong></span> <span class='ocrx_word' id='word_1_457' title='bbox 2555 2273 2814 2328; x_wconf 90' lang='lat' dir='ltr'><strong>librarius</strong></span> <span class='ocrx_word' id='word_1_458' title='bbox 2849 2274 3104 2328; x_wconf 88' lang='lat' dir='ltr'><strong>indoctus</strong></span> <span class='ocrx_word' id='word_1_459' title='bbox 3135 2289 3165 2328; x_wconf 88' lang='lat' dir='ltr'><strong>e</strong></span> <span class='ocrx_word' id='word_1_460' title='bbox 3206 2281 3357 2328; x_wconf 83' lang='lat' dir='ltr'><strong>textu</strong></span> <span class='ocrx_word' id='word_1_461' title='bbox 3401 2274 3551 2327; x_wconf 81' lang='lat' dir='ltr'><strong>exci—</strong></span> 
     </span>
    </p>
   </div>
   <div class='ocr_carea' id='block_1_70' title="bbox 1972 2352 3553 2436">
    <p class='ocr_par' dir='ltr' id='par_1_70' title="bbox 1972 2352 3553 2436">
     <span class='ocr_line' id='line_1_70' title="bbox 1972 2352 3553 2436; baseline 0.002 -20"><span class='ocrx_word' id='word_1_462' title='bbox 1972 2362 2120 2418; x_wconf 88' lang='lat' dir='ltr'><strong>disse</strong></span> <span class='ocrx_word' id='word_1_463' title='bbox 2148 2364 2470 2433; x_wconf 89' lang='lat' dir='ltr'><strong>conjiciens,</strong></span> <span class='ocrx_word' id='word_1_464' title='bbox 2511 2365 2759 2434; x_wconf 91' lang='lat' dir='ltr'><strong>adeoque</strong></span> <span class='ocrx_word' id='word_1_465' title='bbox 2809 2367 2913 2436; x_wconf 91' lang='lat' dir='ltr'><strong>ipsi</strong></span> <span class='ocrx_word' id='word_1_466' title='bbox 2967 2352 3318 2420; x_wconf 79' lang='lat' dir='ltr'><strong>intexendum</strong></span> <span class='ocrx_word' id='word_1_467' title='bbox 3363 2365 3553 2420; x_wconf 77' lang='lat' dir='ltr'><strong>existi-</strong></span> 
     </span>
    </p>
   </div>
   <div class='ocr_carea' id='block_1_71' title="bbox 1973 2455 3543 2527">
    <p class='ocr_par' dir='ltr' id='par_1_71' title="bbox 1973 2455 3543 2527">
     <span class='ocr_line' id='line_1_71' title="bbox 1973 2455 3543 2527; baseline 0.001 -21"><span class='ocrx_word' id='word_1_468' title='bbox 1973 2469 2154 2519; x_wconf 88' lang='lat' dir='ltr'><strong>mans,</strong></span> <span class='ocrx_word' id='word_1_469' title='bbox 2208 2455 2562 2526; x_wconf 83' lang='lat' dir='ltr'><strong>exscripserit</strong></span> <span class='ocrx_word' id='word_1_470' title='bbox 2607 2471 2818 2526; x_wconf 92' lang='lat' dir='ltr'><strong>suoque</strong></span> <span class='ocrx_word' id='word_1_471' title='bbox 2852 2457 3150 2527; x_wconf 76' lang='lat' dir='ltr'><strong>exemplari</strong></span> <span class='ocrx_word' id='word_1_472' title='bbox 3199 2457 3543 2511; x_wconf 88' lang='lat' dir='ltr'><strong>inseruerit:</strong></span> 
     </span>
    </p>
   </div>
   <div class='ocr_carea' id='block_1_72' title="bbox 1975 2545 3550 2618">
    <p class='ocr_par' dir='ltr' id='par_1_72' title="bbox 1975 2545 3550 2618">
     <span class='ocr_line' id='line_1_72' title="bbox 1975 2545 3550 2618; baseline 0.001 -20"><span class='ocrx_word' id='word_1_473' title='bbox 1975 2554 2137 2614; x_wconf 88' lang='lat' dir='ltr'><strong>atque</strong></span> <span class='ocrx_word' id='word_1_474' title='bbox 2179 2545 2250 2600; x_wconf 90' lang='lat' dir='ltr'><strong>ita</strong></span> <span class='ocrx_word' id='word_1_475' title='bbox 2285 2546 2546 2616; x_wconf 85' lang='lat' dir='ltr'><strong>deinceps</strong></span> <span class='ocrx_word' id='word_1_476' title='bbox 2596 2547 2745 2602; x_wconf 91' lang='lat' dir='ltr'><strong>velut</strong></span> <span class='ocrx_word' id='word_1_477' title='bbox 2785 2548 3065 2618; x_wconf 88' lang='lat' dir='ltr'><strong>proprium</strong></span> <span class='ocrx_word' id='word_1_478' title='bbox 3108 2547 3350 2618; x_wconf 62' lang='lat' dir='ltr'><strong>praefecti</strong></span> <span class='ocrx_word' id='word_1_479' title='bbox 3399 2545 3550 2600; x_wconf 87' lang='lat' dir='ltr'><strong>urbis</strong></span> 
     </span>
    </p>
   </div>
   <div class='ocr_carea' id='block_1_73' title="bbox 1976 2639 3549 2710">
    <p class='ocr_par' dir='ltr' id='par_1_73' title="bbox 1976 2639 3549 2710">
     <span class='ocr_line' id='line_1_73' title="bbox 1976 2639 3549 2710; baseline 0.002 -21"><span class='ocrx_word' id='word_1_480' title='bbox 1976 2653 2173 2691; x_wconf 89' lang='lat' dir='ltr'><strong>nomen</strong></span> <span class='ocrx_word' id='word_1_481' title='bbox 2228 2639 2500 2700; x_wconf 74' lang='lat' dir='ltr'><strong>habitum.</strong></span> <span class='ocrx_word' id='word_1_482' title='bbox 2553 2655 2584 2694; x_wconf 88' lang='lat' dir='ltr'><strong>a</strong></span> <span class='ocrx_word' id='word_1_483' title='bbox 2631 2641 2858 2709; x_wconf 89' lang='lat' dir='ltr'><strong>reliquis</strong></span> <span class='ocrx_word' id='word_1_484' title='bbox 2897 2640 3156 2710; x_wconf 89' lang='lat' dir='ltr'><strong>deinceps</strong></span> <span class='ocrx_word' id='word_1_485' title='bbox 3184 2639 3549 2708; x_wconf 84' lang='lat' dir='ltr'><strong>scriptoribus</strong></span> 
     </span>
    </p>
   </div>
   <div class='ocr_carea' id='block_1_74' title="bbox 1974 2734 3552 2806">
    <p class='ocr_par' dir='ltr' id='par_1_74' title="bbox 1974 2734 3552 2806">
     <span class='ocr_line' id='line_1_74' title="bbox 1974 2734 3552 2806; baseline 0.002 -17"><span class='ocrx_word' id='word_1_486' title='bbox 1974 2734 2146 2789; x_wconf 89' lang='lat' dir='ltr'><strong>fuerit</strong></span> <span class='ocrx_word' id='word_1_487' title='bbox 2169 2735 2401 2790; x_wconf 88' lang='lat' dir='ltr'><strong>subinde</strong></span> <span class='ocrx_word' id='word_1_488' title='bbox 2432 2747 2795 2806; x_wconf 89' lang='lat' dir='ltr'><strong>usurpatum;</strong></span> <span class='ocrx_word' id='word_1_489' title='bbox 2830 2738 2972 2792; x_wconf 86' lang='lat' dir='ltr'><strong>unde</strong></span> <span class='ocrx_word' id='word_1_490' title='bbox 2994 2738 3213 2792; x_wconf 86' lang='lat' dir='ltr'><strong>tandem</strong></span> <span class='ocrx_word' id='word_1_491' title='bbox 3253 2738 3306 2792; x_wconf 95' lang='lat' dir='ltr'><strong>in</strong></span> <span class='ocrx_word' id='word_1_492' title='bbox 3349 2745 3552 2792; x_wconf 63' lang='lat' dir='ltr'><strong>nostra;</strong></span> 
     </span>
    </p>
   </div>
   <div class='ocr_carea' id='block_1_75' title="bbox 1973 2827 3472 2899">
    <p class='ocr_par' dir='ltr' id='par_1_75' title="bbox 1973 2827 3472 2899">
     <span class='ocr_line' id='line_1_75' title="bbox 1973 2827 3472 2899; baseline 0.001 -17"><span class='ocrx_word' id='word_1_493' title='bbox 1973 2843 2191 2898; x_wconf 85' lang='lat' dir='ltr'><strong>quoque</strong></span> <span class='ocrx_word' id='word_1_494' title='bbox 2229 2827 2482 2897; x_wconf 73' lang='lat' dir='ltr'><strong>Epistolze</strong></span> <span class='ocrx_word' id='word_1_495' title='bbox 2510 2829 2761 2884; x_wconf 66' lang='lat' dir='ltr'><strong>Achaica:</strong></span> <span class='ocrx_word' id='word_1_496' title='bbox 2795 2829 3126 2899; x_wconf 82' lang='lat' dir='ltr'><strong>exemplaria</strong></span> <span class='ocrx_word' id='word_1_497' title='bbox 3155 2829 3472 2884; x_wconf 88' lang='lat' dir='ltr'><strong>dimanarit.</strong></span> 
     </span>
    </p>
   </div>
   <div class='ocr_carea' id='block_1_76' title="bbox 2042 2920 3554 2994">
    <p class='ocr_par' dir='ltr' id='par_1_76' title="bbox 2042 2920 3554 2994">
     <span class='ocr_line' id='line_1_76' title="bbox 2042 2920 3554 2994; baseline 0.005 -22"><span class='ocrx_word' id='word_1_498' title='bbox 2042 2921 2111 2974; x_wconf 76' lang='lat' dir='ltr'><strong>At</strong></span> <span class='ocrx_word' id='word_1_499' title='bbox 2136 2920 2238 2974; x_wconf 93' lang='lat' dir='ltr'><strong>hoc</strong></span> <span class='ocrx_word' id='word_1_500' title='bbox 2268 2921 2487 2974; x_wconf 87' lang='lat' dir='ltr'><strong>demum</strong></span> <span class='ocrx_word' id='word_1_501' title='bbox 2517 2931 2600 2976; x_wconf 91' lang='lat' dir='ltr'><strong>est</strong></span> <span class='ocrx_word' id='word_1_502' title='bbox 2621 2922 2908 2982; x_wconf 84' lang='lat' dir='ltr'><strong>hariolari.</strong></span> <span class='ocrx_word' id='word_1_503' title='bbox 2933 2921 3067 2976; x_wconf 90' lang='lat' dir='ltr'><strong>Illud</strong></span> <span class='ocrx_word' id='word_1_504' title='bbox 3101 2926 3285 2994; x_wconf 89' lang='lat' dir='ltr'><strong>potius</strong></span> <span class='ocrx_word' id='word_1_505' title='bbox 3318 2921 3554 2978; x_wconf 80' lang='lat' dir='ltr'><strong>fortasse</strong></span> 
     </span>
    </p>
   </div>
   <div class='ocr_carea' id='block_1_77' title="bbox 1973 3011 3552 3086">
    <p class='ocr_par' dir='ltr' id='par_1_77' title="bbox 1973 3011 3552 3086">
     <span class='ocr_line' id='line_1_77' title="bbox 1973 3011 3552 3086; baseline 0.003 -21"><span class='ocrx_word' id='word_1_506' title='bbox 1973 3011 2292 3080; x_wconf 84' lang='lat' dir='ltr'><strong>dicendum,</strong></span> <span class='ocrx_word' id='word_1_507' title='bbox 2341 3013 2568 3083; x_wconf 64' lang='lat' dir='ltr'><strong>Egeam</strong></span> <span class='ocrx_word' id='word_1_508' title='bbox 2623 3015 2842 3084; x_wconf 88' lang='lat' dir='ltr'><strong>quidem</strong></span> <span class='ocrx_word' id='word_1_509' title='bbox 2906 3014 3079 3070; x_wconf 89' lang='lat' dir='ltr'><strong>fuisse</strong></span> <span class='ocrx_word' id='word_1_510' title='bbox 3152 3025 3407 3071; x_wconf 90' lang='lat' dir='ltr'><strong>vocatum</strong></span> <span class='ocrx_word' id='word_1_511' title='bbox 3455 3016 3552 3086; x_wconf 90' lang='lat' dir='ltr'><strong>qui</strong></span> 
     </span>
    </p>
   </div>
   <div class='ocr_carea' id='block_1_78' title="bbox 1975 3103 3553 3176">
    <p class='ocr_par' dir='ltr' id='par_1_78' title="bbox 1975 3103 3553 3176">
     <span class='ocr_line' id='line_1_78' title="bbox 1975 3103 3553 3176; baseline 0.004 -19"><span class='ocrx_word' id='word_1_512' title='bbox 1975 3103 2190 3160; x_wconf 54' lang='lat' dir='ltr'><strong>Edessa</strong></span> <span class='ocrx_word' id='word_1_513' title='bbox 2222 3121 2287 3160; x_wconf 87' lang='lat' dir='ltr'><strong>ac</strong></span> <span class='ocrx_word' id='word_1_514' title='bbox 2311 3106 2489 3161; x_wconf 87' lang='lat' dir='ltr'><strong>Patris</strong></span> <span class='ocrx_word' id='word_1_515' title='bbox 2510 3108 2831 3176; x_wconf 65' lang='lat' dir='ltr'><strong>praefuerit;</strong></span> <span class='ocrx_word' id='word_1_516' title='bbox 2861 3118 3236 3163; x_wconf 88' lang='lat' dir='ltr'><strong>verumtamen</strong></span> <span class='ocrx_word' id='word_1_517' title='bbox 3275 3125 3383 3162; x_wconf 90' lang='lat' dir='ltr'><strong>non</strong></span> <span class='ocrx_word' id='word_1_518' title='bbox 3431 3109 3553 3164; x_wconf 89' lang='lat' dir='ltr'><strong>ideo</strong></span> 
     </span>
    </p>
   </div>
   <div class='ocr_carea' id='block_1_79' title="bbox 1973 3199 3549 3271">
    <p class='ocr_par' dir='ltr' id='par_1_79' title="bbox 1973 3199 3549 3271">
     <span class='ocr_line' id='line_1_79' title="bbox 1973 3199 3549 3271; baseline 0.001 -18"><span class='ocrx_word' id='word_1_519' title='bbox 1973 3200 2157 3254; x_wconf 88' lang='lat' dir='ltr'><strong>statim</strong></span> <span class='ocrx_word' id='word_1_520' title='bbox 2189 3199 2414 3268; x_wconf 84' lang='lat' dir='ltr'><strong>colligas</strong></span> <span class='ocrx_word' id='word_1_521' title='bbox 2453 3199 2609 3252; x_wconf 89' lang='lat' dir='ltr'><strong>velim</strong></span> <span class='ocrx_word' id='word_1_522' title='bbox 2651 3201 2830 3270; x_wconf 90' lang='lat' dir='ltr'><strong>ipsum</strong></span> <span class='ocrx_word' id='word_1_523' title='bbox 2862 3210 3022 3271; x_wconf 87' lang='lat' dir='ltr'><strong>gente</strong></span> <span class='ocrx_word' id='word_1_524' title='bbox 3078 3200 3246 3255; x_wconf 88' lang='lat' dir='ltr'><strong>fuisse</strong></span> <span class='ocrx_word' id='word_1_525' title='bbox 3275 3199 3549 3269; x_wconf 66' lang='lat' dir='ltr'><strong>Graecum,</strong></span> 
     </span>
    </p>
   </div>
   <div class='ocr_carea' id='block_1_80' title="bbox 1973 3288 3553 3362">
    <p class='ocr_par' dir='ltr' id='par_1_80' title="bbox 1973 3288 3553 3362">
     <span class='ocr_line' id='line_1_80' title="bbox 1973 3288 3553 3362; baseline 0.003 -20"><span class='ocrx_word' id='word_1_526' title='bbox 1973 3305 2084 3343; x_wconf 92' lang='lat' dir='ltr'><strong>non</strong></span> <span class='ocrx_word' id='word_1_527' title='bbox 2119 3288 2465 3355; x_wconf 82' lang='lat' dir='ltr'><strong>Romanum;</strong></span> <span class='ocrx_word' id='word_1_528' title='bbox 2503 3290 2748 3360; x_wconf 86' lang='lat' dir='ltr'><strong>adeoque</strong></span> <span class='ocrx_word' id='word_1_529' title='bbox 2788 3290 3134 3362; x_wconf 89' lang='lat' dir='ltr'><strong>proconsulis</strong></span> <span class='ocrx_word' id='word_1_530' title='bbox 3166 3301 3263 3345; x_wconf 90' lang='lat' dir='ltr'><strong>aut</strong></span> <span class='ocrx_word' id='word_1_531' title='bbox 3305 3293 3553 3348; x_wconf 87' lang='lat' dir='ltr'><strong>consulis</strong></span> 
     </span>
    </p>
   </div>
   <div class='ocr_carea' id='block_1_81' title="bbox 1974 3370 3551 3454">
    <p class='ocr_par' dir='ltr' id='par_1_81' title="bbox 1974 3370 3551 3454">
     <span class='ocr_line' id='line_1_81' title="bbox 1974 3370 3551 3454; baseline 0.003 -20"><span class='ocrx_word' id='word_1_532' title='bbox 1974 3396 2174 3435; x_wconf 89' lang='lat' dir='ltr'><strong>munus</strong></span> <span class='ocrx_word' id='word_1_533' title='bbox 2205 3381 2380 3436; x_wconf 92' lang='lat' dir='ltr'><strong>eidem</strong></span> <span class='ocrx_word' id='word_1_534' title='bbox 2410 3382 2512 3436; x_wconf 85' lang='lat' dir='ltr'><strong>rite</strong></span> <span class='ocrx_word' id='word_1_535' title='bbox 2541 3382 2778 3438; x_wconf 88' lang='lat' dir='ltr'><strong>conferri</strong></span> <span class='ocrx_word' id='word_1_536' title='bbox 2805 3370 2947 3438; x_wconf 84' lang='lat' dir='ltr'><strong>haud</strong></span> <span class='ocrx_word' id='word_1_537' title='bbox 2979 3385 3243 3454; x_wconf 90' lang='lat' dir='ltr'><strong>potuisse.</strong></span> <span class='ocrx_word' id='word_1_538' title='bbox 3272 3383 3551 3439; x_wconf 79' lang='lat' dir='ltr'><strong>Romanos</strong></span> 
     </span>
    </p>
   </div>
   <div class='ocr_carea' id='block_1_82' title="bbox 1972 3472 3555 3545">
    <p class='ocr_par' dir='ltr' id='par_1_82' title="bbox 1972 3472 3555 3545">
     <span class='ocr_line' id='line_1_82' title="bbox 1972 3472 3555 3545; baseline 0.004 -19"><span class='ocrx_word' id='word_1_539' title='bbox 1972 3472 2118 3526; x_wconf 91' lang='lat' dir='ltr'><strong>enim</strong></span> <span class='ocrx_word' id='word_1_540' title='bbox 2145 3473 2472 3543; x_wconf 89' lang='lat' dir='ltr'><strong>quandoque</strong></span> <span class='ocrx_word' id='word_1_541' title='bbox 2486 3475 2555 3528; x_wconf 89' lang='lat' dir='ltr'><strong>ab</strong></span> <span class='ocrx_word' id='word_1_542' title='bbox 2581 3474 2808 3529; x_wconf 89' lang='lat' dir='ltr'><strong>urbibus</strong></span> <span class='ocrx_word' id='word_1_543' title='bbox 2839 3483 2893 3530; x_wconf 84' lang='lat' dir='ltr'><strong>et</strong></span> <span class='ocrx_word' id='word_1_544' title='bbox 2917 3476 3128 3545; x_wconf 85' lang='lat' dir='ltr'><strong>populis</strong></span> <span class='ocrx_word' id='word_1_545' title='bbox 3152 3477 3374 3530; x_wconf 89' lang='lat' dir='ltr'><strong>nomina</strong></span> <span class='ocrx_word' id='word_1_546' title='bbox 3399 3494 3555 3532; x_wconf 91' lang='lat' dir='ltr'><strong>usur-</strong></span> 
     </span>
    </p>
   </div>
   <div class='ocr_carea' id='block_1_83' title="bbox 1973 3567 3552 3637">
    <p class='ocr_par' dir='ltr' id='par_1_83' title="bbox 1973 3567 3552 3637">
     <span class='ocr_line' id='line_1_83' title="bbox 1973 3567 3552 3637; baseline 0.003 -16"><span class='ocrx_word' id='word_1_547' title='bbox 1973 3580 2165 3634; x_wconf 83' lang='lat' dir='ltr'><strong>passe,</strong></span> <span class='ocrx_word' id='word_1_548' title='bbox 2194 3581 2396 3636; x_wconf 79' lang='lat' dir='ltr'><strong>neque</strong></span> <span class='ocrx_word' id='word_1_549' title='bbox 2447 3568 2612 3622; x_wconf 87' lang='lat' dir='ltr'><strong>etiam</strong></span> <span class='ocrx_word' id='word_1_550' title='bbox 2667 3584 2698 3622; x_wconf 90' lang='lat' dir='ltr'><strong>a</strong></span> <span class='ocrx_word' id='word_1_551' title='bbox 2739 3568 3160 3637; x_wconf 76' lang='lat' dir='ltr'><strong>cognominibus</strong></span> <span class='ocrx_word' id='word_1_552' title='bbox 3211 3567 3415 3625; x_wconf 68' lang='lat' dir='ltr'><strong>Graecis</strong></span> <span class='ocrx_word' id='word_1_553' title='bbox 3447 3571 3552 3626; x_wconf 83' lang='lat' dir='ltr'><strong>sibi</strong></span> 
     </span>
    </p>
   </div>
   <div class='ocr_carea' id='block_1_84' title="bbox 1969 3659 3547 3734">
    <p class='ocr_par' dir='ltr' id='par_1_84' title="bbox 1969 3659 3547 3734">
     <span class='ocr_line' id='line_1_84' title="bbox 1969 3659 3547 3734; baseline 0.004 -21"><span class='ocrx_word' id='word_1_554' title='bbox 1969 3659 2304 3734; x_wconf 84' lang='lat' dir='ltr'><strong>asciscendis</strong></span> <span class='ocrx_word' id='word_1_555' title='bbox 2315 3660 2686 3728; x_wconf 87' lang='lat' dir='ltr'><strong>abhorruisse,</strong></span> <span class='ocrx_word' id='word_1_556' title='bbox 2703 3661 2805 3715; x_wconf 86' lang='lat' dir='ltr'><strong>viri</strong></span> <span class='ocrx_word' id='word_1_557' title='bbox 2821 3662 3126 3717; x_wconf 90' lang='lat' dir='ltr'><strong>doctissimi</strong></span> <span class='ocrx_word' id='word_1_558' title='bbox 3160 3659 3393 3718; x_wconf 87' lang='lat' dir='ltr'><strong>Ursinus</strong></span> <span class='ocrx_word' id='word_1_559' title='bbox 3409 3664 3547 3733; x_wconf 86' lang='grc'><strong>(55),</strong></span> 
     </span>
    </p>
   </div>
   <div class='ocr_carea' id='block_1_85' title="bbox 1973 3747 3553 3822">
    <p class='ocr_par' dir='ltr' id='par_1_85' title="bbox 1973 3747 3553 3822">
     <span class='ocr_line' id='line_1_85' title="bbox 1973 3747 3553 3822; baseline 0.004 -21"><span class='ocrx_word' id='word_1_560' title='bbox 1973 3747 2280 3804; x_wconf 86' lang='lat' dir='ltr'><strong>Panvinius</strong></span> <span class='ocrx_word' id='word_1_561' title='bbox 2308 3750 2420 3821; x_wconf 88' lang='grc'><strong>(56)</strong></span> <span class='ocrx_word' id='word_1_562' title='bbox 2452 3760 2506 3805; x_wconf 91' lang='lat' dir='ltr'><strong>et</strong></span> <span class='ocrx_word' id='word_1_563' title='bbox 2535 3749 2791 3821; x_wconf 83' lang='lat' dir='ltr'><strong>Sigonius</strong></span> <span class='ocrx_word' id='word_1_564' title='bbox 2823 3750 3180 3820; x_wconf 88' lang='lat' dir='ltr'><strong>prodiderunt</strong></span> <span class='ocrx_word' id='word_1_565' title='bbox 3206 3771 3219 3807; x_wconf 92' lang='lat'>:</span> <span class='ocrx_word' id='word_1_566' title='bbox 3248 3754 3553 3822; x_wconf 83' lang='lat' dir='ltr'><strong>utproiude</strong></span> 
     </span>
    </p>
   </div>
   <div class='ocr_carea' id='block_1_86' title="bbox 1971 3840 3554 3914">
    <p class='ocr_par' dir='ltr' id='par_1_86' title="bbox 1971 3840 3554 3914">
     <span class='ocr_line' id='line_1_86' title="bbox 1971 3840 3554 3914; baseline 0.004 -19"><span class='ocrx_word' id='word_1_567' title='bbox 1971 3843 2042 3896; x_wconf 88' lang='lat' dir='ltr'><strong>ab</strong></span> <span class='ocrx_word' id='word_1_568' title='bbox 2070 3840 2242 3911; x_wconf 58' lang='lat' dir='ltr'><strong>.Egea</strong></span> <span class='ocrx_word' id='word_1_569' title='bbox 2273 3844 2387 3898; x_wconf 89' lang='lat' dir='ltr'><strong>sive</strong></span> <span class='ocrx_word' id='word_1_570' title='bbox 2417 3844 2486 3898; x_wconf 86' lang='lat' dir='ltr'><strong>ab</strong></span> <span class='ocrx_word' id='word_1_571' title='bbox 2512 3843 2782 3914; x_wconf 62' lang='lat' dir='ltr'><strong>zEgeatis,</strong></span> <span class='ocrx_word' id='word_1_572' title='bbox 2814 3843 3292 3900; x_wconf 86' lang='lat' dir='ltr'><strong>Macedonicorum</strong></span> <span class='ocrx_word' id='word_1_573' title='bbox 3319 3844 3554 3902; x_wconf 88' lang='lat' dir='ltr'><strong>Edesse-</strong></span> 
     </span>
    </p>
   </div>
   <div class='ocr_carea' id='block_1_87' title="bbox 1973 3936 3550 4010">
    <p class='ocr_par' dir='ltr' id='par_1_87' title="bbox 1973 3936 3550 4010">
     <span class='ocr_line' id='line_1_87' title="bbox 1973 3936 3550 4010; baseline 0.004 -22"><span class='ocrx_word' id='word_1_574' title='bbox 1973 3950 2171 3989; x_wconf 86' lang='lat' dir='ltr'><strong>norum</strong></span> <span class='ocrx_word' id='word_1_575' title='bbox 2199 3936 2333 3992; x_wconf 86' lang='lat' dir='ltr'><strong>urbe</strong></span> <span class='ocrx_word' id='word_1_576' title='bbox 2356 3952 2420 3991; x_wconf 85' lang='lat' dir='ltr'><strong>ac</strong></span> <span class='ocrx_word' id='word_1_577' title='bbox 2443 3938 2669 4008; x_wconf 93' lang='lat' dir='ltr'><strong>populo,</strong></span> <span class='ocrx_word' id='word_1_578' title='bbox 2697 3936 2900 4010; x_wconf 63' lang='lat' dir='ltr'><strong>A‘Igcas</strong></span> <span class='ocrx_word' id='word_1_579' title='bbox 2919 3938 3044 3993; x_wconf 89' lang='lat' dir='ltr'><strong>item</strong></span> <span class='ocrx_word' id='word_1_580' title='bbox 3074 3947 3260 3994; x_wconf 90' lang='lat' dir='ltr'><strong>noster</strong></span> <span class='ocrx_word' id='word_1_581' title='bbox 3286 3939 3550 4010; x_wconf 81' lang='lat' dir='ltr'><strong>appellari</strong></span> 
     </span>
    </p>
   </div>
   <div class='ocr_carea' id='block_1_88' title="bbox 1971 4027 3549 4101">
    <p class='ocr_par' dir='ltr' id='par_1_88' title="bbox 1971 4027 3549 4101">
     <span class='ocr_line' id='line_1_88' title="bbox 1971 4027 3549 4101; baseline 0.004 -22"><span class='ocrx_word' id='word_1_582' title='bbox 1971 4027 2232 4094; x_wconf 85' lang='lat' dir='ltr'><strong>potuerit.</strong></span> <span class='ocrx_word' id='word_1_583' title='bbox 2264 4027 2321 4082; x_wconf 90' lang='lat' dir='ltr'><strong>Si</strong></span> <span class='ocrx_word' id='word_1_584' title='bbox 2357 4028 2481 4098; x_wconf 86' lang='lat' dir='ltr'><strong>quis</strong></span> <span class='ocrx_word' id='word_1_585' title='bbox 2511 4045 2641 4085; x_wconf 89' lang='lat' dir='ltr'><strong>vero</strong></span> <span class='ocrx_word' id='word_1_586' title='bbox 2667 4046 2792 4084; x_wconf 89' lang='lat' dir='ltr'><strong>eum</strong></span> <span class='ocrx_word' id='word_1_587' title='bbox 2847 4030 3017 4086; x_wconf 88' lang='lat' dir='ltr'><strong>fuisse</strong></span> <span class='ocrx_word' id='word_1_588' title='bbox 3047 4032 3260 4101; x_wconf 89' lang='lat' dir='ltr'><strong>origine</strong></span> <span class='ocrx_word' id='word_1_589' title='bbox 3298 4030 3549 4086; x_wconf 72' lang='lat' dir='ltr'><strong>Graecum</strong></span> 
     </span>
    </p>
   </div>
   <div class='ocr_carea' id='block_1_89' title="bbox 1971 4119 3551 4194">
    <p class='ocr_par' dir='ltr' id='par_1_89' title="bbox 1971 4119 3551 4194">
     <span class='ocr_line' id='line_1_89' title="bbox 1971 4119 3551 4194; baseline 0.002 -18"><span class='ocrx_word' id='word_1_590' title='bbox 1971 4120 2304 4186; x_wconf 88' lang='lat' dir='ltr'><strong>contendat;</strong></span> <span class='ocrx_word' id='word_1_591' title='bbox 2334 4121 2479 4191; x_wconf 90' lang='lat' dir='ltr'><strong>quod</strong></span> <span class='ocrx_word' id='word_1_592' title='bbox 2509 4138 2642 4177; x_wconf 89' lang='lat' dir='ltr'><strong>sane</strong></span> <span class='ocrx_word' id='word_1_593' title='bbox 2669 4123 2856 4178; x_wconf 82' lang='lat' dir='ltr'><strong>fratris</strong></span> <span class='ocrx_word' id='word_1_594' title='bbox 2879 4123 3000 4193; x_wconf 88' lang='lat' dir='ltr'><strong>ejus</strong></span> <span class='ocrx_word' id='word_1_595' title='bbox 3032 4138 3232 4178; x_wconf 89' lang='lat' dir='ltr'><strong>nomen</strong></span> <span class='ocrx_word' id='word_1_596' title='bbox 3265 4123 3362 4194; x_wconf 90' lang='lat' dir='ltr'><strong>qui</strong></span> <span class='ocrx_word' id='word_1_597' title='bbox 3397 4119 3551 4179; x_wconf 69' lang='lat' dir='ltr'><strong>Sira-</strong></span> 
     </span>
    </p>
   </div>
   <div class='ocr_carea' id='block_1_90' title="bbox 1973 4213 3551 4286">
    <p class='ocr_par' dir='ltr' id='par_1_90' title="bbox 1973 4213 3551 4286">
     <span class='ocr_line' id='line_1_90' title="bbox 1973 4213 3551 4286; baseline 0.003 -21"><span class='ocrx_word' id='word_1_598' title='bbox 1973 4213 2144 4266; x_wconf 88' lang='lat' dir='ltr'><strong>tocles</strong></span> <span class='ocrx_word' id='word_1_599' title='bbox 2175 4213 2348 4278; x_wconf 89' lang='lat' dir='ltr'><strong>audit,</strong></span> <span class='ocrx_word' id='word_1_600' title='bbox 2380 4215 2611 4270; x_wconf 87' lang='lat' dir='ltr'><strong>suadere</strong></span> <span class='ocrx_word' id='word_1_601' title='bbox 2651 4214 2902 4281; x_wconf 90' lang='lat' dir='ltr'><strong>videtur;</strong></span> <span class='ocrx_word' id='word_1_602' title='bbox 2936 4215 3082 4269; x_wconf 90' lang='lat' dir='ltr'><strong>haud</strong></span> <span class='ocrx_word' id='word_1_603' title='bbox 3101 4215 3356 4286; x_wconf 85' lang='lat' dir='ltr'><strong>equidem</strong></span> <span class='ocrx_word' id='word_1_604' title='bbox 3384 4230 3551 4285; x_wconf 85' lang='lat' dir='ltr'><strong>repu-</strong></span> 
     </span>
    </p>
   </div>
   <div class='ocr_carea' id='block_1_91' title="bbox 1974 4302 3549 4375">
    <p class='ocr_par' dir='ltr' id='par_1_91' title="bbox 1974 4302 3549 4375">
     <span class='ocr_line' id='line_1_91' title="bbox 1974 4302 3549 4375; baseline 0.003 -18"><span class='ocrx_word' id='word_1_605' title='bbox 1974 4304 2276 4375; x_wconf 81' lang='lat' dir='ltr'><strong>gnaverint.</strong></span> <span class='ocrx_word' id='word_1_606' title='bbox 2328 4302 2515 4375; x_wconf 83' lang='lat' dir='ltr'><strong>Neque</strong></span> <span class='ocrx_word' id='word_1_607' title='bbox 2569 4307 2716 4361; x_wconf 88' lang='lat' dir='ltr'><strong>enim</strong></span> <span class='ocrx_word' id='word_1_608' title='bbox 2769 4307 2990 4362; x_wconf 90' lang='lat' dir='ltr'><strong>demum</strong></span> <span class='ocrx_word' id='word_1_609' title='bbox 3038 4308 3282 4363; x_wconf 88' lang='lat' dir='ltr'><strong>insolens</strong></span> <span class='ocrx_word' id='word_1_610' title='bbox 3332 4307 3549 4362; x_wconf 82' lang='lat' dir='ltr'><strong>urbium</strong></span> 
     </span>
    </p>
   </div>
   <div class='ocr_carea' id='block_1_92' title="bbox 309 4389 3549 4466">
    <p class='ocr_par' dir='ltr' id='par_1_92' title="bbox 309 4389 3549 4466">
     <span class='ocr_line' id='line_1_92' title="bbox 309 4389 3549 4466; baseline 0.002 -17"><span class='ocrx_word' id='word_1_611' title='bbox 309 4394 446 4449; x_wconf 91' lang='lat' dir='ltr'><strong>illud</strong></span> <span class='ocrx_word' id='word_1_612' title='bbox 477 4395 643 4448; x_wconf 87' lang='lat' dir='ltr'><strong>etiam</strong></span> <span class='ocrx_word' id='word_1_613' title='bbox 674 4391 836 4463; x_wconf 82' lang='lat' dir='ltr'><strong>Trogi</strong></span> <span class='ocrx_word' id='word_1_614' title='bbox 858 4391 1104 4462; x_wconf 87' lang='lat' dir='ltr'><strong>Pompeii</strong></span> <span class='ocrx_word' id='word_1_615' title='bbox 1133 4392 1276 4462; x_wconf 92' lang='lat' dir='ltr'><strong>apud</strong></span> <span class='ocrx_word' id='word_1_616' title='bbox 1323 4389 1600 4447; x_wconf 87' lang='lat' dir='ltr'><strong>Justinum</strong></span> <span class='ocrx_word' id='word_1_617' title='bbox 1626 4390 1739 4463; x_wconf 82' lang='lat'><strong>(50)</strong></span> <span class='ocrx_word' id='word_1_618' title='bbox 1770 4407 1870 4462; x_wconf 89' lang='lat' dir='ltr'><strong>op-</strong></span> <span class='ocrx_word' id='word_1_619' title='bbox 1906 4405 1949 4459; x_wconf 82' lang='grc' dir='ltr'><strong>ι)</strong></span> <span class='ocrx_word' id='word_1_620' title='bbox 1980 4398 2220 4466; x_wconf 84' lang='lat' dir='ltr'><strong>regimen</strong></span> <span class='ocrx_word' id='word_1_621' title='bbox 2245 4407 2299 4452; x_wconf 91' lang='lat' dir='ltr'><strong>et</strong></span> <span class='ocrx_word' id='word_1_622' title='bbox 2322 4397 2526 4454; x_wconf 72' lang='lat' dir='ltr'><strong>Graecis</strong></span> <span class='ocrx_word' id='word_1_623' title='bbox 2549 4398 2840 4454; x_wconf 87' lang='lat' dir='ltr'><strong>tradidisse</strong></span> <span class='ocrx_word' id='word_1_624' title='bbox 2857 4399 3235 4466; x_wconf 81' lang='lat' dir='ltr'><strong>Romanos,ut</strong></span> <span class='ocrx_word' id='word_1_625' title='bbox 3261 4400 3549 4456; x_wconf 84' lang='lat' dir='ltr'><strong>enummis</strong></span> 
     </span>
    </p>
   </div>
   <div class='ocr_carea' id='block_1_93' title="bbox 305 4484 1874 4559">
    <p class='ocr_par' dir='ltr' id='par_1_93' title="bbox 305 4484 1874 4559">
     <span class='ocr_line' id='line_1_93' title="bbox 305 4484 1874 4559; baseline -0.002 -16"><span class='ocrx_word' id='word_1_626' title='bbox 305 4499 540 4559; x_wconf 88' lang='lat' dir='ltr'><strong>portune</strong></span> <span class='ocrx_word' id='word_1_627' title='bbox 571 4486 844 4542; x_wconf 80' lang='lat' dir='ltr'><strong>succurrit</strong></span> <span class='ocrx_word' id='word_1_628' title='bbox 876 4501 891 4538; x_wconf 87' lang='lat'><strong>:</strong></span> <span class='ocrx_word' id='word_1_629' title='bbox 930 4505 948 4538; x_wconf 74' lang='grc' dir='ltr'>ι</span> <span class='ocrx_word' id='word_1_630' title='bbox 981 4487 1247 4551; x_wconf 82' lang='lat' dir='ltr'><strong>Caranus,</strong></span> <span class='ocrx_word' id='word_1_631' title='bbox 1278 4484 1474 4554; x_wconf 89' lang='lat' dir='ltr'><strong>inquit,</strong></span> <span class='ocrx_word' id='word_1_632' title='bbox 1501 4499 1625 4538; x_wconf 90' lang='lat' dir='ltr'><strong>cum</strong></span> <span class='ocrx_word' id='word_1_633' title='bbox 1678 4500 1874 4555; x_wconf 85' lang='lat' dir='ltr'><strong>magna</strong></span> 
     </span>
    </p>
   </div>
   <div class='ocr_carea' id='block_1_94' title="bbox 311 4575 1874 4647">
    <p class='ocr_par' dir='ltr' id='par_1_94' title="bbox 311 4575 1874 4647">
     <span class='ocr_line' id='line_1_94' title="bbox 311 4575 1874 4647; baseline -0.004 -11"><span class='ocrx_word' id='word_1_634' title='bbox 311 4581 652 4636; x_wconf 90' lang='lat' dir='ltr'><strong>multitudine</strong></span> <span class='ocrx_word' id='word_1_635' title='bbox 666 4578 1000 4643; x_wconf 64' lang='lat' dir='ltr'><strong>Graecorum,</strong></span> <span class='ocrx_word' id='word_1_636' title='bbox 1021 4579 1174 4633; x_wconf 87' lang='lat' dir='ltr'><strong>sedes</strong></span> <span class='ocrx_word' id='word_1_637' title='bbox 1194 4578 1248 4631; x_wconf 90' lang='lat' dir='ltr'><strong>in</strong></span> <span class='ocrx_word' id='word_1_638' title='bbox 1274 4575 1586 4632; x_wconf 85' lang='lat' dir='ltr'><strong>Macedonia</strong></span> <span class='ocrx_word' id='word_1_639' title='bbox 1610 4591 1874 4647; x_wconf 86' lang='lat' dir='ltr'><strong>responso</strong></span> 
     </span>
    </p>
   </div>
   <div class='ocr_carea' id='block_1_95' title="bbox 302 4668 1870 4742">
    <p class='ocr_par' dir='ltr' id='par_1_95' title="bbox 302 4668 1870 4742">
     <span class='ocr_line' id='line_1_95' title="bbox 302 4668 1870 4742; baseline -0.004 -15"><span class='ocrx_word' id='word_1_640' title='bbox 302 4673 515 4728; x_wconf 89' lang='lat' dir='ltr'><strong>oraculi</strong></span> <span class='ocrx_word' id='word_1_641' title='bbox 530 4672 718 4742; x_wconf 87' lang='lat' dir='ltr'><strong>jussus</strong></span> <span class='ocrx_word' id='word_1_642' title='bbox 745 4685 1009 4740; x_wconf 64' lang='lat' dir='ltr'><strong>quarere,</strong></span> <span class='ocrx_word' id='word_1_643' title='bbox 1038 4685 1162 4723; x_wconf 89' lang='lat' dir='ltr'><strong>cum</strong></span> <span class='ocrx_word' id='word_1_644' title='bbox 1194 4670 1250 4722; x_wconf 86' lang='lat' dir='ltr'><strong>in</strong></span> <span class='ocrx_word' id='word_1_645' title='bbox 1276 4668 1578 4723; x_wconf 87' lang='lat' dir='ltr'><strong>Emathiam</strong></span> <span class='ocrx_word' id='word_1_646' title='bbox 1611 4669 1870 4735; x_wconf 88' lang='lat' dir='ltr'><strong>venisset,</strong></span> 
     </span>
    </p>
   </div>
   <div class='ocr_carea' id='block_1_96' title="bbox 309 4759 1872 4832">
    <p class='ocr_par' dir='ltr' id='par_1_96' title="bbox 309 4759 1872 4832">
     <span class='ocr_line' id='line_1_96' title="bbox 309 4759 1872 4832; baseline -0.003 -13"><span class='ocrx_word' id='word_1_647' title='bbox 309 4766 496 4820; x_wconf 88' lang='lat' dir='ltr'><strong>urbem</strong></span> <span class='ocrx_word' id='word_1_648' title='bbox 526 4763 784 4819; x_wconf 85' lang='lat' dir='ltr'><strong>Edessam</strong></span> <span class='ocrx_word' id='word_1_649' title='bbox 813 4763 1118 4832; x_wconf 85' lang='lat' dir='ltr'><strong>occupavit.</strong></span> <span class='ocrx_word' id='word_1_650' title='bbox 1163 4760 1312 4815; x_wconf 77' lang='lat' dir='ltr'><strong>lianc</strong></span> <span class='ocrx_word' id='word_1_651' title='bbox 1353 4772 1533 4817; x_wconf 90' lang='lat' dir='ltr'><strong>autem</strong></span> <span class='ocrx_word' id='word_1_652' title='bbox 1583 4762 1772 4815; x_wconf 88' lang='lat' dir='ltr'><strong>urbem</strong></span> <span class='ocrx_word' id='word_1_653' title='bbox 1802 4759 1872 4814; x_wconf 92' lang='lat' dir='ltr'><strong>ob</strong></span> 
     </span>
    </p>
   </div>
   <div class='ocr_carea' id='block_1_97' title="bbox 309 4853 1871 4930">
    <p class='ocr_par' dir='ltr' id='par_1_97' title="bbox 309 4853 1871 4930">
     <span class='ocr_line' id='line_1_97' title="bbox 309 4853 1871 4930; baseline -0.002 -19"><span class='ocrx_word' id='word_1_654' title='bbox 309 4853 626 4911; x_wconf 83' lang='lat' dir='ltr'><strong>memoriam</strong></span> <span class='ocrx_word' id='word_1_655' title='bbox 682 4856 957 4919; x_wconf 87' lang='lat' dir='ltr'><strong>muneris,</strong></span> <span class='ocrx_word' id='word_1_656' title='bbox 994 4853 1228 4923; x_wconf 63' lang='lat' dir='ltr'><strong>Egcas;</strong></span> <span class='ocrx_word' id='word_1_657' title='bbox 1279 4856 1559 4930; x_wconf 76' lang='lat' dir='ltr'><strong>p0pulum,</strong></span> <span class='ocrx_word' id='word_1_658' title='bbox 1611 4853 1871 4924; x_wconf 60' lang='lat' dir='ltr'><strong>IEgeatas</strong></span> 
     </span>
    </p>
   </div>
   <div class='ocr_carea' id='block_1_98' title="bbox 380 5095 1386 5166">
    <p class='ocr_par' dir='ltr' id='par_1_98' title="bbox 380 5095 1386 5166">
     <span class='ocr_line' id='line_1_98' title="bbox 380 5095 1386 5166; baseline 0.001 -16"><span class='ocrx_word' id='word_1_659' title='bbox 380 5097 493 5161; x_wconf 81' lang='grc'><strong>(46)</strong></span> <span class='ocrx_word' id='word_1_660' title='bbox 535 5095 673 5150; x_wconf 91' lang='lat' dir='ltr'><strong>Plin.</strong></span> <span class='ocrx_word' id='word_1_661' title='bbox 707 5095 875 5159; x_wconf 82' lang='lat' dir='ltr'><strong>Hist.,</strong></span> <span class='ocrx_word' id='word_1_662' title='bbox 902 5097 1000 5151; x_wconf 85' lang='lat' dir='ltr'><strong>lib.</strong></span> <span class='ocrx_word' id='word_1_663' title='bbox 1037 5112 1110 5162; x_wconf 83' lang='lat' dir='ltr'><strong>tv,</strong></span> <span class='ocrx_word' id='word_1_664' title='bbox 1140 5112 1260 5166; x_wconf 91' lang='lat' dir='ltr'><strong>cap.</strong></span> <span class='ocrx_word' id='word_1_665' title='bbox 1295 5097 1386 5152; x_wconf 75' lang='grc'><strong>24.</strong></span> 
     </span>
    </p>
   </div>
   <div class='ocr_carea' id='block_1_99' title="bbox 380 5165 1570 5237">
    <p class='ocr_par' dir='ltr' id='par_1_99' title="bbox 380 5165 1570 5237">
     <span class='ocr_line' id='line_1_99' title="bbox 380 5165 1570 5237; baseline 0.003 -17"><span class='ocrx_word' id='word_1_666' title='bbox 380 5167 492 5236; x_wconf 88' lang='grc'><strong>(47)</strong></span> <span class='ocrx_word' id='word_1_667' title='bbox 532 5166 704 5222; x_wconf 90' lang='lat' dir='ltr'><strong>Tacit.</strong></span> <span class='ocrx_word' id='word_1_668' title='bbox 745 5169 1062 5237; x_wconf 68' lang='lat' dir='ltr'><strong>Annal.,lib.</strong></span> <span class='ocrx_word' id='word_1_669' title='bbox 1099 5186 1138 5237; x_wconf 81' lang='grc' dir='ltr'><strong>ι,</strong></span> <span class='ocrx_word' id='word_1_670' title='bbox 1176 5165 1332 5237; x_wconf 82' lang='lat' dir='ltr'><strong>capp.</strong></span> <span class='ocrx_word' id='word_1_671' title='bbox 1364 5168 1450 5231; x_wconf 86' lang='lat'><strong>76,</strong></span> <span class='ocrx_word' id='word_1_672' title='bbox 1480 5165 1570 5223; x_wconf 84' lang='lat'><strong>80.</strong></span> 
     </span>
    </p>
   </div>
   <div class='ocr_carea' id='block_1_100' title="bbox 381 5235 1580 5308">
    <p class='ocr_par' dir='ltr' id='par_1_100' title="bbox 381 5235 1580 5308">
     <span class='ocr_line' id='line_1_100' title="bbox 381 5235 1580 5308; baseline -0.002 -14"><span class='ocrx_word' id='word_1_673' title='bbox 381 5235 492 5308; x_wconf 80' lang='grc'><strong>(48)</strong></span> <span class='ocrx_word' id='word_1_674' title='bbox 531 5239 652 5308; x_wconf 40' lang='lat' dir='ltr'><strong>alb.</strong></span> <span class='ocrx_word' id='word_1_675' title='bbox 701 5237 770 5308; x_wconf 64' lang='lat' dir='ltr'><strong>ad</strong></span> <span class='ocrx_word' id='word_1_676' title='bbox 802 5235 1051 5306; x_wconf 62' lang='lat' dir='ltr'><strong>Home/1.,</strong></span> <span class='ocrx_word' id='word_1_677' title='bbox 1079 5235 1213 5292; x_wconf 84' lang='lat' dir='ltr'><strong>tom.</strong></span> <span class='ocrx_word' id='word_1_678' title='bbox 1245 5235 1292 5305; x_wconf 24' lang='lat' dir='ltr'><strong>l,‘</strong></span> <span class='ocrx_word' id='word_1_679' title='bbox 1309 5253 1431 5308; x_wconf 82' lang='lat' dir='ltr'><strong>pag.</strong></span> <span class='ocrx_word' id='word_1_680' title='bbox 1456 5239 1580 5294; x_wconf 83' lang='lat'><strong>699.</strong></span> 
     </span>
    </p>
   </div>
   <div class='ocr_carea' id='block_1_101' title="bbox 403 5305 1192 5377">
    <p class='ocr_par' dir='ltr' id='par_1_101' title="bbox 403 5305 1192 5377">
     <span class='ocr_line' id='line_1_101' title="bbox 403 5305 1192 5377; baseline 0.003 -17"><span class='ocrx_word' id='word_1_681' title='bbox 403 5305 495 5377; x_wconf 80' lang='grc'><strong>49)</strong></span> <span class='ocrx_word' id='word_1_682' title='bbox 533 5305 690 5377; x_wconf 52' lang='lat' dir='ltr'><strong>Rom.</strong></span> <span class='ocrx_word' id='word_1_683' title='bbox 726 5305 941 5377; x_wconf 43' lang='lat' dir='ltr'><strong>Odyss,</strong></span> <span class='ocrx_word' id='word_1_684' title='bbox 974 5308 1042 5375; x_wconf 75' lang='grc' dir='ltr'><strong>Α,</strong></span> <span class='ocrx_word' id='word_1_685' title='bbox 1068 5310 1192 5364; x_wconf 85' lang='grc'><strong>594.</strong></span> 
     </span>
    </p>
   </div>
   <div class='ocr_carea' id='block_1_102' title="bbox 403 5375 1412 5448">
    <p class='ocr_par' dir='ltr' id='par_1_102' title="bbox 403 5375 1412 5448">
     <span class='ocr_line' id='line_1_102' title="bbox 403 5375 1412 5448; baseline 0.002 -16"><span class='ocrx_word' id='word_1_686' title='bbox 403 5375 494 5443; x_wconf 87' lang='grc'><strong>50)</strong></span> <span class='ocrx_word' id='word_1_687' title='bbox 531 5375 930 5448; x_wconf 40' lang='grc' dir='ltr'><strong>ξιιειίιιτ-Ηίιςιη</strong></span> <span class='ocrx_word' id='word_1_688' title='bbox 954 5379 1043 5432; x_wconf 93' lang='lat' dir='ltr'><strong>lib.</strong></span> <span class='ocrx_word' id='word_1_689' title='bbox 1080 5395 1177 5433; x_wconf 84' lang='lat' dir='ltr'><strong>vn.</strong></span> <span class='ocrx_word' id='word_1_690' title='bbox 1209 5394 1329 5448; x_wconf 87' lang='lat' dir='ltr'><strong>cap.</strong></span> <span class='ocrx_word' id='word_1_691' title='bbox 1361 5380 1412 5434; x_wconf 77' lang='grc'><strong>1.</strong></span> 
     </span>
    </p>
   </div>
   <div class='ocr_carea' id='block_1_103' title="bbox 403 5445 1340 5519">
    <p class='ocr_par' dir='ltr' id='par_1_103' title="bbox 403 5445 1340 5519">
     <span class='ocr_line' id='line_1_103' title="bbox 403 5445 1340 5519; baseline 0.003 -18"><span class='ocrx_word' id='word_1_692' title='bbox 403 5448 493 5517; x_wconf 80' lang='grc'><strong>51)</strong></span> <span class='ocrx_word' id='word_1_693' title='bbox 532 5446 674 5519; x_wconf 77' lang='lat' dir='ltr'><strong>Plin.</strong></span> <span class='ocrx_word' id='word_1_694' title='bbox 704 5445 878 5519; x_wconf 18' lang='lat' dir='ltr'><strong>Hist”;</strong></span> <span class='ocrx_word' id='word_1_695' title='bbox 903 5448 993 5503; x_wconf 90' lang='lat' dir='ltr'><strong>lib.</strong></span> <span class='ocrx_word' id='word_1_696' title='bbox 1030 5465 1254 5519; x_wconf 71' lang='lat' dir='ltr'><strong>meap.</strong></span> <span class='ocrx_word' id='word_1_697' title='bbox 1279 5445 1340 5504; x_wconf 74' lang='grc'><strong>’9.</strong></span> 
     </span>
    </p>
   </div>
   <div class='ocr_carea' id='block_1_104' title="bbox 309 5516 1861 5643">
    <p class='ocr_par' dir='ltr' id='par_1_104' title="bbox 309 5516 1861 5643">
     <span class='ocr_line' id='line_1_104' title="bbox 379 5516 1861 5594; baseline 0.003 -20"><span class='ocrx_word' id='word_1_698' title='bbox 379 5516 496 5588; x_wconf 72' lang='grc'><strong>(52)</strong></span> <span class='ocrx_word' id='word_1_699' title='bbox 541 5517 696 5571; x_wconf 84' lang='lat' dir='ltr'><strong>Voss.</strong></span> <span class='ocrx_word' id='word_1_700' title='bbox 741 5518 811 5570; x_wconf 79' lang='lat' dir='ltr'><strong>ad</strong></span> <span class='ocrx_word' id='word_1_701' title='bbox 847 5516 1031 5586; x_wconf 86' lang='lat' dir='ltr'><strong>Pomp.</strong></span> <span class='ocrx_word' id='word_1_702' title='bbox 1071 5516 1221 5585; x_wconf 57' lang='lat' dir='ltr'><strong>Melf,</strong></span> <span class='ocrx_word' id='word_1_703' title='bbox 1262 5521 1357 5575; x_wconf 90' lang='lat' dir='ltr'><strong>lib.</strong></span> <span class='ocrx_word' id='word_1_704' title='bbox 1398 5539 1456 5586; x_wconf 88' lang='lat' dir='ltr'><strong>ll,</strong></span> <span class='ocrx_word' id='word_1_705' title='bbox 1483 5538 1604 5593; x_wconf 84' lang='lat' dir='ltr'><strong>cap.</strong></span> <span class='ocrx_word' id='word_1_706' title='bbox 1639 5522 1694 5585; x_wconf 84' lang='grc'><strong>’5.</strong></span> <span class='ocrx_word' id='word_1_707' title='bbox 1736 5539 1861 5594; x_wconf 81' lang='lat' dir='ltr'><strong>pag.</strong></span> 
     </span>
     <span class='ocr_line' id='line_1_105' title="bbox 309 5588 671 5643; baseline -0.003 -1"><span class='ocrx_word' id='word_1_708' title='bbox 309 5588 434 5643; x_wconf 80' lang='grc'><strong>140.</strong></span> <span class='ocrx_word' id='word_1_709' title='bbox 465 5589 592 5643; x_wconf 90' lang='lat' dir='ltr'><strong>edit.</strong></span> <span class='ocrx_word' id='word_1_710' title='bbox 621 5588 671 5642; x_wconf 82' lang='lat' dir='ltr'><strong>i.</strong></span> 
     </span>
    </p>
   </div>
   <div class='ocr_carea' id='block_1_105' title="bbox 420 5601 671 5654">
    <p class='ocr_par' dir='ltr' id='par_1_105' title="bbox 420 5601 671 5654">
     <span class='ocr_line' id='line_1_106' title="bbox 420 5601 671 5654; baseline -0.004 -12"><span class='ocrx_word' id='word_1_711' title='bbox 420 5631 434 5654; x_wconf 90' lang='lat'><strong>,</strong></span> <span class='ocrx_word' id='word_1_712' title='bbox 465 5601 592 5643; x_wconf 84' lang='lat' dir='ltr'><strong>eun.</strong></span> <span class='ocrx_word' id='word_1_713' title='bbox 621 5601 671 5642; x_wconf 80' lang='grc' dir='ltr'><strong>ι.</strong></span> 
     </span>
    </p>
   </div>
   <div class='ocr_carea' id='block_1_106' title="bbox 378 5657 1862 5736">
    <p class='ocr_par' dir='ltr' id='par_1_106' title="bbox 378 5657 1862 5736">
     <span class='ocr_line' id='line_1_107' title="bbox 378 5657 1862 5736; baseline 0.002 -21"><span class='ocrx_word' id='word_1_714' title='bbox 378 5657 496 5727; x_wconf 74' lang='grc'><strong>(55)</strong></span> <span class='ocrx_word' id='word_1_715' title='bbox 530 5658 836 5730; x_wconf 85' lang='lat' dir='ltr'><strong>Sophron.,</strong></span> <span class='ocrx_word' id='word_1_716' title='bbox 872 5659 1013 5728; x_wconf 85' lang='lat' dir='ltr'><strong>apud</strong></span> <span class='ocrx_word' id='word_1_717' title='bbox 1052 5659 1264 5716; x_wconf 82' lang='lat' dir='ltr'><strong>Fabric.</strong></span> <span class='ocrx_word' id='word_1_718' title='bbox 1304 5663 1443 5722; x_wconf 79' lang='lat' dir='ltr'><strong>Bibl.</strong></span> <span class='ocrx_word' id='word_1_719' title='bbox 1487 5665 1694 5733; x_wconf 78' lang='lat' dir='ltr'><strong>cccles.,</strong></span> <span class='ocrx_word' id='word_1_720' title='bbox 1739 5681 1862 5736; x_wconf 90' lang='lat' dir='ltr'><strong>pag.</strong></span> 
     </span>
    </p>
   </div>
   <div class='ocr_carea' id='block_1_107' title="bbox 1977 4490 3550 4562">
    <p class='ocr_par' dir='ltr' id='par_1_107' title="bbox 1977 4490 3550 4562">
     <span class='ocr_line' id='line_1_108' title="bbox 1977 4490 3550 4562; baseline 0.002 -20"><span class='ocrx_word' id='word_1_721' title='bbox 1977 4491 2219 4559; x_wconf 89' lang='lat' dir='ltr'><strong>antiquis</strong></span> <span class='ocrx_word' id='word_1_722' title='bbox 2258 4491 2427 4561; x_wconf 88' lang='lat' dir='ltr'><strong>liquet</strong></span> <span class='ocrx_word' id='word_1_723' title='bbox 2458 4506 2472 4544; x_wconf 88' lang='lat'><strong>:</strong></span> <span class='ocrx_word' id='word_1_724' title='bbox 2503 4508 2533 4546; x_wconf 90' lang='lat' dir='ltr'><strong>e</strong></span> <span class='ocrx_word' id='word_1_725' title='bbox 2575 4491 2777 4562; x_wconf 90' lang='lat' dir='ltr'><strong>quibus</strong></span> <span class='ocrx_word' id='word_1_726' title='bbox 2817 4492 3080 4548; x_wconf 85' lang='lat' dir='ltr'><strong>discimus</strong></span> <span class='ocrx_word' id='word_1_727' title='bbox 3122 4490 3237 4561; x_wconf 87' lang='lat'><strong>(57)</strong></span> <span class='ocrx_word' id='word_1_728' title='bbox 3308 4491 3550 4547; x_wconf 84' lang='lat' dir='ltr'><strong>Aristar-</strong></span> 
     </span>
    </p>
   </div>
   <div class='ocr_carea' id='block_1_108' title="bbox 1976 4576 3548 4646">
    <p class='ocr_par' dir='ltr' id='par_1_108' title="bbox 1976 4576 3548 4646">
     <span class='ocr_line' id='line_1_109' title="bbox 1976 4576 3548 4646; baseline 0 -13"><span class='ocrx_word' id='word_1_729' title='bbox 1976 4580 2138 4633; x_wconf 88' lang='lat' dir='ltr'><strong>clmm</strong></span> <span class='ocrx_word' id='word_1_730' title='bbox 2167 4579 2446 4646; x_wconf 86' lang='lat' dir='ltr'><strong>Damonis,</strong></span> <span class='ocrx_word' id='word_1_731' title='bbox 2475 4580 2844 4636; x_wconf 78' lang='lat' dir='ltr'><strong>Metrodorum</strong></span> <span class='ocrx_word' id='word_1_732' title='bbox 2876 4579 3156 4644; x_wconf 86' lang='lat' dir='ltr'><strong>Meneclis,</strong></span> <span class='ocrx_word' id='word_1_733' title='bbox 3179 4576 3548 4634; x_wconf 85' lang='lat' dir='ltr'><strong>Nicostratum</strong></span> 
     </span>
    </p>
   </div>
   <div class='ocr_carea' id='block_1_109' title="bbox 1975 4666 3548 4740">
    <p class='ocr_par' dir='ltr' id='par_1_109' title="bbox 1975 4666 3548 4740">
     <span class='ocr_line' id='line_1_110' title="bbox 1975 4666 3548 4740; baseline -0.002 -15"><span class='ocrx_word' id='word_1_734' title='bbox 1975 4669 2273 4725; x_wconf 82' lang='lat' dir='ltr'><strong>Callistrati</strong></span> <span class='ocrx_word' id='word_1_735' title='bbox 2305 4681 2358 4724; x_wconf 90' lang='lat' dir='ltr'><strong>et</strong></span> <span class='ocrx_word' id='word_1_736' title='bbox 2381 4668 2765 4726; x_wconf 63' lang='lat' dir='ltr'><strong>:Eschrioncm</strong></span> <span class='ocrx_word' id='word_1_737' title='bbox 2793 4668 2966 4740; x_wconf 69' lang='lat' dir='ltr'><strong>Lysiae</strong></span> <span class='ocrx_word' id='word_1_738' title='bbox 3006 4668 3169 4734; x_wconf 83' lang='lat' dir='ltr'><strong>filios,</strong></span> <span class='ocrx_word' id='word_1_739' title='bbox 3200 4666 3548 4722; x_wconf 85' lang='lat' dir='ltr'><strong>Patrensium</strong></span> 
     </span>
    </p>
   </div>
   <div class='ocr_carea' id='block_1_110' title="bbox 1974 4761 3548 4835">
    <p class='ocr_par' dir='ltr' id='par_1_110' title="bbox 1974 4761 3548 4835">
     <span class='ocr_line' id='line_1_111' title="bbox 1974 4761 3548 4835; baseline -0.001 -20"><span class='ocrx_word' id='word_1_740' title='bbox 1974 4771 2234 4832; x_wconf 69' lang='lat' dir='ltr'><strong>praetores</strong></span> <span class='ocrx_word' id='word_1_741' title='bbox 2279 4761 2470 4819; x_wconf 84' lang='lat' dir='ltr'><strong>fuisse.</strong></span> <span class='ocrx_word' id='word_1_742' title='bbox 2521 4764 2626 4830; x_wconf 87' lang='lat' dir='ltr'><strong>Qui</strong></span> <span class='ocrx_word' id='word_1_743' title='bbox 2671 4779 2800 4835; x_wconf 86' lang='lat' dir='ltr'><strong>ergo</strong></span> <span class='ocrx_word' id='word_1_744' title='bbox 2838 4772 3064 4832; x_wconf 67' lang='lat' dir='ltr'><strong>praeerat</strong></span> <span class='ocrx_word' id='word_1_745' title='bbox 3109 4761 3326 4815; x_wconf 58' lang='lat' dir='ltr'><strong>Edessa;</strong></span> <span class='ocrx_word' id='word_1_746' title='bbox 3362 4768 3548 4814; x_wconf 87' lang='lat' dir='ltr'><strong>noster</strong></span> 
     </span>
    </p>
   </div>
   <div class='ocr_carea' id='block_1_111' title="bbox 1973 4852 3544 4928">
    <p class='ocr_par' dir='ltr' id='par_1_111' title="bbox 1973 4852 3544 4928">
     <span class='ocr_line' id='line_1_112' title="bbox 1973 4852 3544 4928; baseline -0.001 -18"><span class='ocrx_word' id='word_1_747' title='bbox 1973 4855 2195 4925; x_wconf 62' lang='lat' dir='ltr'><strong>IEgeas,</strong></span> <span class='ocrx_word' id='word_1_748' title='bbox 2249 4852 2538 4910; x_wconf 88' lang='lat' dir='ltr'><strong>Patrarum</strong></span> <span class='ocrx_word' id='word_1_749' title='bbox 2573 4871 2792 4928; x_wconf 91' lang='lat' dir='ltr'><strong>quoque</strong></span> <span class='ocrx_word' id='word_1_750' title='bbox 2843 4856 3133 4926; x_wconf 80' lang='lat' dir='ltr'><strong>praefectus</strong></span> <span class='ocrx_word' id='word_1_751' title='bbox 3188 4855 3372 4919; x_wconf 84' lang='lat' dir='ltr'><strong>fuerit,</strong></span> <span class='ocrx_word' id='word_1_752' title='bbox 3435 4870 3544 4910; x_wconf 82' lang='lat' dir='ltr'><strong>non</strong></span> 
     </span>
    </p>
   </div>
   <div class='ocr_carea' id='block_1_112' title="bbox 1967 5102 2238 5165">
    <p class='ocr_par' dir='ltr' id='par_1_112' title="bbox 1967 5102 2238 5165">
     <span class='ocr_line' id='line_1_113' title="bbox 1967 5102 2238 5165; baseline 0.011 -10"><span class='ocrx_word' id='word_1_753' title='bbox 1967 5102 2097 5165; x_wconf 70' lang='grc'><strong>225,</strong></span> <span class='ocrx_word' id='word_1_754' title='bbox 2126 5103 2238 5158; x_wconf 92' lang='lat' dir='ltr'><strong>alii.</strong></span> 
     </span>
    </p>
   </div>
   <div class='ocr_carea' id='block_1_113' title="bbox 2044 5173 3540 5244">
    <p class='ocr_par' dir='ltr' id='par_1_113' title="bbox 2044 5173 3540 5244">
     <span class='ocr_line' id='line_1_114' title="bbox 2044 5173 3540 5244; baseline -0.001 -16"><span class='ocrx_word' id='word_1_755' title='bbox 2044 5174 2158 5240; x_wconf 77' lang='grc'><strong>(54)</strong></span> <span class='ocrx_word' id='word_1_756' title='bbox 2203 5173 2397 5244; x_wconf 68' lang='grc' dir='ltr'><strong>Μειιοι.</strong></span> <span class='ocrx_word' id='word_1_757' title='bbox 2463 5173 2630 5228; x_wconf 79' lang='lat' dir='ltr'><strong>Cra&#39;c.</strong></span> <span class='ocrx_word' id='word_1_758' title='bbox 2688 5173 2887 5239; x_wconf 81' lang='lat' dir='ltr'><strong>Basil.,</strong></span> <span class='ocrx_word' id='word_1_759' title='bbox 2945 5183 3086 5240; x_wconf 87' lang='lat' dir='ltr'><strong>part.</strong></span> <span class='ocrx_word' id='word_1_760' title='bbox 3142 5189 3199 5244; x_wconf 15' lang='lat'><strong>1,7</strong></span> <span class='ocrx_word' id='word_1_761' title='bbox 3241 5189 3361 5244; x_wconf 77' lang='lat' dir='ltr'><strong>pag.</strong></span> <span class='ocrx_word' id='word_1_762' title='bbox 3400 5173 3540 5237; x_wconf 72' lang='lat'><strong>221;</strong></span> 
     </span>
    </p>
   </div>
   <div class='ocr_carea' id='block_1_114' title="bbox 1971 5241 3539 5316">
    <p class='ocr_par' dir='ltr' id='par_1_114' title="bbox 1971 5241 3539 5316">
     <span class='ocr_line' id='line_1_115' title="bbox 1971 5241 3539 5316; baseline 0.001 -19"><span class='ocrx_word' id='word_1_763' title='bbox 1971 5241 2461 5316; x_wconf 45' lang='lat' dir='ltr'><strong>Pseudo-Dorotln</strong></span> <span class='ocrx_word' id='word_1_764' title='bbox 2507 5245 2664 5316; x_wconf 88' lang='lat' dir='ltr'><strong>apud</strong></span> <span class='ocrx_word' id='word_1_765' title='bbox 2694 5244 2888 5316; x_wconf 88' lang='lat' dir='ltr'><strong>Cang.,</strong></span> <span class='ocrx_word' id='word_1_766' title='bbox 2928 5244 3124 5300; x_wconf 79' lang='lat' dir='ltr'><strong>Chron.</strong></span> <span class='ocrx_word' id='word_1_767' title='bbox 3176 5241 3392 5310; x_wconf 75' lang='lat' dir='ltr'><strong>Pdsch.,</strong></span> <span class='ocrx_word' id='word_1_768' title='bbox 3416 5260 3539 5315; x_wconf 86' lang='lat' dir='ltr'><strong>pag.</strong></span> 
     </span>
    </p>
   </div>
   <div class='ocr_carea' id='block_1_115' title="bbox 1970 5313 3198 5385">
    <p class='ocr_par' dir='ltr' id='par_1_115' title="bbox 1970 5313 3198 5385">
     <span class='ocr_line' id='line_1_116' title="bbox 1970 5313 3198 5385; baseline 0.002 -18"><span class='ocrx_word' id='word_1_769' title='bbox 1970 5313 2356 5385; x_wconf 0' lang='lat' dir='ltr'><strong>455;)Niceph.</strong></span> <span class='ocrx_word' id='word_1_770' title='bbox 2394 5313 2709 5379; x_wconf 57' lang='grc' dir='ltr'><strong>Πὶειζεεει..</strong></span> <span class='ocrx_word' id='word_1_771' title='bbox 2737 5313 2835 5370; x_wconf 71' lang='grc' dir='ltr'><strong>Ιὶιιζ</strong></span> <span class='ocrx_word' id='word_1_772' title='bbox 2873 5332 2933 5380; x_wconf 89' lang='lat' dir='ltr'><strong>ll,</strong></span> <span class='ocrx_word' id='word_1_773' title='bbox 2965 5331 3090 5385; x_wconf 69' lang='lat' dir='ltr'><strong>cap.</strong></span> <span class='ocrx_word' id='word_1_774' title='bbox 3111 5316 3198 5371; x_wconf 84' lang='grc'><strong>59.</strong></span> 
     </span>
    </p>
   </div>
   <div class='ocr_carea' id='block_1_116' title="bbox 2040 5382 3538 5457">
    <p class='ocr_par' dir='ltr' id='par_1_116' title="bbox 2040 5382 3538 5457">
     <span class='ocr_line' id='line_1_117' title="bbox 2040 5382 3538 5457; baseline 0.001 -19"><span class='ocrx_word' id='word_1_775' title='bbox 2040 5382 2468 5457; x_wconf 67' lang='lat' dir='ltr'><strong>(55)__[j‘.].itsin.</strong></span> <span class='ocrx_word' id='word_1_776' title='bbox 2495 5385 2566 5438; x_wconf 87' lang='lat' dir='ltr'><strong>De</strong></span> <span class='ocrx_word' id='word_1_777' title='bbox 2583 5385 2759 5457; x_wconf 66' lang='lat' dir='ltr'><strong>fami].</strong></span> <span class='ocrx_word' id='word_1_778' title='bbox 2786 5386 2963 5452; x_wconf 87' lang='lat' dir='ltr'><strong>Rom.,</strong></span> <span class='ocrx_word' id='word_1_779' title='bbox 2989 5382 3046 5439; x_wconf 69' lang='grc' dir='ltr'><strong>νζ</strong></span> <span class='ocrx_word' id='word_1_780' title='bbox 3066 5384 3342 5457; x_wconf 66' lang='lat' dir='ltr'><strong>Pinarium</strong></span> <span class='ocrx_word' id='word_1_781' title='bbox 3373 5395 3538 5457; x_wconf 51' lang='lat' dir='ltr'><strong>gent”</strong></span> 
     </span>
    </p>
   </div>
   <div class='ocr_carea' id='block_1_117' title="bbox 1971 5453 3214 5526">
    <p class='ocr_par' dir='ltr' id='par_1_117' title="bbox 1971 5453 3214 5526">
     <span class='ocr_line' id='line_1_118' title="bbox 1971 5453 3214 5526; baseline 0.006 -21"><span class='ocrx_word' id='word_1_782' title='bbox 1971 5460 2101 5526; x_wconf 83' lang='lat' dir='ltr'><strong>tom.</strong></span> <span class='ocrx_word' id='word_1_783' title='bbox 2138 5453 2225 5526; x_wconf 75' lang='grc' dir='ltr'><strong>νυ</strong></span> <span class='ocrx_word' id='word_1_784' title='bbox 2262 5455 2410 5509; x_wconf 81' lang='lat' dir='ltr'><strong>Thes.</strong></span> <span class='ocrx_word' id='word_1_785' title='bbox 2445 5453 2656 5526; x_wconf 78' lang='lat' dir='ltr'><strong>Antiqq.</strong></span> <span class='ocrx_word' id='word_1_786' title='bbox 2695 5456 2867 5520; x_wconf 80' lang='lat' dir='ltr'><strong>Rom.,</strong></span> <span class='ocrx_word' id='word_1_787' title='bbox 2897 5472 3020 5526; x_wconf 85' lang='lat' dir='ltr'><strong>pag.</strong></span> <span class='ocrx_word' id='word_1_788' title='bbox 3056 5455 3214 5512; x_wconf 72' lang='lat'><strong>1297.</strong></span> 
     </span>
    </p>
   </div>
   <div class='ocr_carea' id='block_1_118' title="bbox 2044 5524 3537 5597">
    <p class='ocr_par' dir='ltr' id='par_1_118' title="bbox 2044 5524 3537 5597">
     <span class='ocr_line' id='line_1_119' title="bbox 2044 5524 3537 5597; baseline 0.005 -19"><span class='ocrx_word' id='word_1_789' title='bbox 2044 5524 2156 5592; x_wconf 84' lang='grc'><strong>(56)</strong></span> <span class='ocrx_word' id='word_1_790' title='bbox 2195 5525 2363 5579; x_wconf 88' lang='lat' dir='ltr'><strong>Panv.</strong></span> <span class='ocrx_word' id='word_1_791' title='bbox 2401 5536 2456 5597; x_wconf 83' lang='lat' dir='ltr'><strong>et</strong></span> <span class='ocrx_word' id='word_1_792' title='bbox 2501 5524 2690 5597; x_wconf 80' lang='lat' dir='ltr'><strong>Sigon.</strong></span> <span class='ocrx_word' id='word_1_793' title='bbox 2740 5527 2814 5580; x_wconf 87' lang='lat' dir='ltr'><strong>De</strong></span> <span class='ocrx_word' id='word_1_794' title='bbox 2859 5524 2999 5580; x_wconf 44' lang='lat' dir='ltr'><strong>nbmi</strong></span> <span class='ocrx_word' id='word_1_795' title='bbox 3046 5525 3223 5597; x_wconf 85' lang='lat' dir='ltr'><strong>Rom.,</strong></span> <span class='ocrx_word' id='word_1_796' title='bbox 3277 5537 3409 5584; x_wconf 85' lang='lat' dir='ltr'><strong>tom.</strong></span> <span class='ocrx_word' id='word_1_797' title='bbox 3460 5524 3537 5596; x_wconf 84' lang='lat' dir='ltr'><strong>ll,</strong></span> 
     </span>
    </p>
   </div>
   <div class='ocr_carea' id='block_1_119' title="bbox 1975 5593 3100 5667">
    <p class='ocr_par' dir='ltr' id='par_1_119' title="bbox 1975 5593 3100 5667">
     <span class='ocr_line' id='line_1_120' title="bbox 1975 5593 3100 5667; baseline 0.004 -19"><span class='ocrx_word' id='word_1_798' title='bbox 1975 5593 2134 5667; x_wconf 67' lang='lat' dir='ltr'><strong>Thes.</strong></span> <span class='ocrx_word' id='word_1_799' title='bbox 2152 5596 2361 5667; x_wconf 66' lang='lat' dir='ltr'><strong>Antiqq.</strong></span> <span class='ocrx_word' id='word_1_800' title='bbox 2393 5593 2588 5667; x_wconf 48' lang='lat'><strong>&quot;01&quot;.:</strong></span> <span class='ocrx_word' id='word_1_801' title='bbox 2600 5613 2754 5667; x_wconf 73' lang='lat' dir='ltr'><strong>pagg.</strong></span> <span class='ocrx_word' id='word_1_802' title='bbox 2775 5597 2899 5660; x_wconf 87' lang='lat'><strong>976,</strong></span> <span class='ocrx_word' id='word_1_803' title='bbox 2943 5597 3100 5652; x_wconf 77' lang='grc'><strong>1915.</strong></span> 
     </span>
    </p>
   </div>
   <div class='ocr_carea' id='block_1_120' title="bbox 2045 5665 3082 5740">
    <p class='ocr_par' dir='ltr' id='par_1_120' title="bbox 2045 5665 3082 5740">
     <span class='ocr_line' id='line_1_121' title="bbox 2045 5665 3082 5740; baseline 0.004 -21"><span class='ocrx_word' id='word_1_804' title='bbox 2045 5665 2159 5736; x_wconf 77' lang='grc'><strong>(57)</strong></span> <span class='ocrx_word' id='word_1_805' title='bbox 2203 5665 2366 5722; x_wconf 87' lang='lat' dir='ltr'><strong>Hard.</strong></span> <span class='ocrx_word' id='word_1_806' title='bbox 2401 5666 2534 5737; x_wconf 82' lang='lat' dir='ltr'><strong>Opp.</strong></span> <span class='ocrx_word' id='word_1_807' title='bbox 2577 5665 2906 5740; x_wconf 62' lang='grc' dir='ltr'><strong>δὲίεὶιηικις</strong></span> <span class='ocrx_word' id='word_1_808' title='bbox 2959 5668 3082 5723; x_wconf 70' lang='grc'><strong>152.</strong></span> 
     </span>
    </p>
   </div>
  </div>
