  <div class='ocr_page' id='page_1' title='image "/cluster/home/n/w/nwhite01/storage/ocr_20150623/2/mdp.39015005182426/615.png"; bbox 0 0 3958 6132; ppageno 0'>
   <div class='ocr_carea' id='block_1_1' title="bbox 481 171 619 229">
    <p class='ocr_par' dir='ltr' id='par_1_1' title="bbox 481 171 619 229">
     <span class='ocr_line' id='line_1_1' title="bbox 481 171 619 229; baseline -0.014 0"><span class='ocrx_word' id='word_1_1' title='bbox 481 171 619 229; x_wconf 68' lang='grc'><strong>1211</strong></span> 
     </span>
    </p>
   </div>
   <div class='ocr_carea' id='block_1_2' title="bbox 1331 178 2866 241">
    <p class='ocr_par' dir='ltr' id='par_1_2' title="bbox 1331 178 2866 241">
     <span class='ocr_line' id='line_1_2' title="bbox 1331 178 2866 241; baseline 0.004 -8"><span class='ocrx_word' id='word_1_2' title='bbox 1331 178 1945 238; x_wconf 69' lang='lat' dir='ltr'><strong>PRESBYTERORUM</strong></span> <span class='ocrx_word' id='word_1_3' title='bbox 1970 179 2061 236; x_wconf 86' lang='lat' dir='ltr'><strong>ET</strong></span> <span class='ocrx_word' id='word_1_4' title='bbox 2093 178 2545 239; x_wconf 71' lang='lat' dir='ltr'><strong>DIACONORUM</strong></span> <span class='ocrx_word' id='word_1_5' title='bbox 2588 182 2866 241; x_wconf 78' lang='lat' dir='ltr'><strong>ACHAle</strong></span> 
     </span>
    </p>
   </div>
   <div class='ocr_carea' id='block_1_3' title="bbox 3613 189 3730 246">
    <p class='ocr_par' dir='ltr' id='par_1_3' title="bbox 3613 189 3730 246">
     <span class='ocr_line' id='line_1_3' title="bbox 3613 189 3730 246; baseline 0.017 -2"><span class='ocrx_word' id='word_1_6' title='bbox 3613 189 3730 246; x_wconf 70' lang='grc'><strong>1212</strong></span> 
     </span>
    </p>
   </div>
   <div class='ocr_carea' id='block_1_4' title="bbox 486 284 3727 372">
    <p class='ocr_par' dir='ltr' id='par_1_4' title="bbox 486 284 3727 372">
     <span class='ocr_line' id='line_1_4' title="bbox 486 284 3727 372; baseline 0.006 -32"><span class='ocrx_word' id='word_1_7' title='bbox 486 284 753 357; x_wconf 75' lang='lat' dir='ltr'><strong>dignitate</strong></span> <span class='ocrx_word' id='word_1_8' title='bbox 773 292 1183 361; x_wconf 84' lang='lat' dir='ltr'><strong>proconsulari,</strong></span> <span class='ocrx_word' id='word_1_9' title='bbox 1221 294 1313 351; x_wconf 89' lang='lat' dir='ltr'><strong>scd</strong></span> <span class='ocrx_word' id='word_1_10' title='bbox 1367 301 1614 356; x_wconf 89' lang='lat' dir='ltr'><strong>consulis</strong></span> <span class='ocrx_word' id='word_1_11' title='bbox 1636 301 1803 356; x_wconf 89' lang='lat' dir='ltr'><strong>.titulo</strong></span> <span class='ocrx_word' id='word_1_12' title='bbox 1832 301 2066 370; x_wconf 81' lang='lat' dir='ltr'><strong>insigni-</strong></span> <span class='ocrx_word' id='word_1_13' title='bbox 2100 306 2143 362; x_wconf 77' lang='grc' dir='ltr'><strong>Α</strong></span> <span class='ocrx_word' id='word_1_14' title='bbox 2171 308 2365 370; x_wconf 78' lang='lat' dir='ltr'><strong>agente</strong></span> <span class='ocrx_word' id='word_1_15' title='bbox 2394 298 2802 369; x_wconf 82' lang='lat' dir='ltr'><strong>dispensatione</strong></span> <span class='ocrx_word' id='word_1_16' title='bbox 2825 299 2879 355; x_wconf 87' lang='lat' dir='ltr'><strong>id</strong></span> <span class='ocrx_word' id='word_1_17' title='bbox 2908 300 3176 357; x_wconf 81' lang='lat' dir='ltr'><strong>accidisse</strong></span> <span class='ocrx_word' id='word_1_18' title='bbox 3204 300 3491 372; x_wconf 86' lang='lat' dir='ltr'><strong>potuerit;</strong></span> <span class='ocrx_word' id='word_1_19' title='bbox 3517 311 3577 357; x_wconf 89' lang='lat' dir='ltr'><strong>ut</strong></span> <span class='ocrx_word' id='word_1_20' title='bbox 3600 305 3727 360; x_wconf 86' lang='lat' dir='ltr'><strong>scili-</strong></span> 
     </span>
    </p>
   </div>
   <div class='ocr_carea' id='block_1_5' title="bbox 488 384 2067 458">
    <p class='ocr_par' dir='ltr' id='par_1_5' title="bbox 488 384 2067 458">
     <span class='ocr_line' id='line_1_5' title="bbox 488 384 2067 458; baseline 0.009 -25"><span class='ocrx_word' id='word_1_21' title='bbox 488 387 598 446; x_wconf 86' lang='lat' dir='ltr'><strong>tns,</strong></span> <span class='ocrx_word' id='word_1_22' title='bbox 633 390 692 435; x_wconf 92' lang='lat' dir='ltr'><strong>ut</strong></span> <span class='ocrx_word' id='word_1_23' title='bbox 719 396 785 436; x_wconf 80' lang='lat' dir='ltr'><strong>ex</strong></span> <span class='ocrx_word' id='word_1_24' title='bbox 818 393 1011 439; x_wconf 81' lang='lat' dir='ltr'><strong>nostra</strong></span> <span class='ocrx_word' id='word_1_25' title='bbox 1045 384 1287 457; x_wconf 85' lang='lat' dir='ltr'><strong>Epistola</strong></span> <span class='ocrx_word' id='word_1_26' title='bbox 1330 400 1586 458; x_wconf 86' lang='lat' dir='ltr'><strong>constat;</strong></span> <span class='ocrx_word' id='word_1_27' title='bbox 1622 394 1714 447; x_wconf 89' lang='lat' dir='ltr'><strong>ubi</strong></span> <span class='ocrx_word' id='word_1_28' title='bbox 1746 410 1857 449; x_wconf 81' lang='lat' dir='ltr'><strong>non</strong></span> <span class='ocrx_word' id='word_1_29' title='bbox 1904 393 2067 448; x_wconf 79' lang='grc' dir='ltr'>ἀνθύ-</span> 
     </span>
    </p>
   </div>
   <div class='ocr_carea' id='block_1_6' title="bbox 486 473 2065 555">
    <p class='ocr_par' dir='ltr' id='par_1_6' title="bbox 486 473 2065 555">
     <span class='ocr_line' id='line_1_6' title="bbox 486 473 2065 555; baseline 0.011 -32"><span class='ocrx_word' id='word_1_30' title='bbox 486 487 690 540; x_wconf 81' lang='grc' dir='ltr'><strong>πατος,</strong></span> <span class='ocrx_word' id='word_1_31' title='bbox 733 473 827 528; x_wconf 85' lang='lat' dir='ltr'><strong>sed</strong></span> <span class='ocrx_word' id='word_1_32' title='bbox 872 473 1076 540; x_wconf 78' lang='grc' dir='ltr'><strong>ὕπατος</strong></span> <span class='ocrx_word' id='word_1_33' title='bbox 1115 486 1330 535; x_wconf 84' lang='lat' dir='ltr'><strong>tantum</strong></span> <span class='ocrx_word' id='word_1_34' title='bbox 1370 492 1599 537; x_wconf 82' lang='lat' dir='ltr'><strong>vocatur</strong></span> <span class='ocrx_word' id='word_1_35' title='bbox 1642 502 1654 538; x_wconf 92' lang='lat'>:</span> <span class='ocrx_word' id='word_1_36' title='bbox 1695 500 1806 555; x_wconf 84' lang='lat' dir='ltr'><strong>quo</strong></span> <span class='ocrx_word' id='word_1_37' title='bbox 1844 484 2065 554; x_wconf 85' lang='lat' dir='ltr'><strong>quidem</strong></span> 
     </span>
    </p>
   </div>
   <div class='ocr_carea' id='block_1_7' title="bbox 486 560 2066 644">
    <p class='ocr_par' dir='ltr' id='par_1_7' title="bbox 486 560 2066 644">
     <span class='ocr_line' id='line_1_7' title="bbox 486 560 2066 644; baseline 0.011 -31"><span class='ocrx_word' id='word_1_38' title='bbox 486 560 706 616; x_wconf 86' lang='lat' dir='ltr'><strong>nomine</strong></span> <span class='ocrx_word' id='word_1_39' title='bbox 734 562 836 616; x_wconf 92' lang='lat' dir='ltr'><strong>viri</strong></span> <span class='ocrx_word' id='word_1_40' title='bbox 866 565 1111 633; x_wconf 79' lang='lat' dir='ltr'><strong>primat-ii</strong></span> <span class='ocrx_word' id='word_1_41' title='bbox 1155 577 1210 623; x_wconf 90' lang='lat' dir='ltr'><strong>et</strong></span> <span class='ocrx_word' id='word_1_42' title='bbox 1234 584 1493 640; x_wconf 84' lang='lat' dir='ltr'><strong>proceres</strong></span> <span class='ocrx_word' id='word_1_43' title='bbox 1538 575 1873 644; x_wconf 84' lang='lat' dir='ltr'><strong>quandoque</strong></span> <span class='ocrx_word' id='word_1_44' title='bbox 1915 574 2066 629; x_wconf 88' lang='lat' dir='ltr'><strong>desi-</strong></span> 
     </span>
    </p>
   </div>
   <div class='ocr_carea' id='block_1_8' title="bbox 485 656 2064 731">
    <p class='ocr_par' dir='ltr' id='par_1_8' title="bbox 485 656 2064 731">
     <span class='ocr_line' id='line_1_8' title="bbox 485 656 2064 731; baseline 0.01 -26"><span class='ocrx_word' id='word_1_45' title='bbox 485 662 722 722; x_wconf 82' lang='lat' dir='ltr'><strong>gnantur</strong></span> <span class='ocrx_word' id='word_1_46' title='bbox 749 674 773 711; x_wconf 89' lang='lat'><strong>.:</strong></span> <span class='ocrx_word' id='word_1_47' title='bbox 824 656 1021 728; x_wconf 87' lang='lat' dir='ltr'><strong>hisque</strong></span> <span class='ocrx_word' id='word_1_48' title='bbox 1053 662 1282 731; x_wconf 87' lang='lat' dir='ltr'><strong>passim,</strong></span> <span class='ocrx_word' id='word_1_49' title='bbox 1319 664 1557 719; x_wconf 60' lang='lat' dir='ltr'><strong>maxime</strong></span> <span class='ocrx_word' id='word_1_50' title='bbox 1601 665 1819 720; x_wconf 90' lang='lat' dir='ltr'><strong>urbium</strong></span> <span class='ocrx_word' id='word_1_51' title='bbox 1846 677 1899 721; x_wconf 88' lang='lat' dir='ltr'><strong>et</strong></span> <span class='ocrx_word' id='word_1_52' title='bbox 1927 666 2064 721; x_wconf 83' lang='lat' dir='ltr'><strong>civi-</strong></span> 
     </span>
    </p>
   </div>
   <div class='ocr_carea' id='block_1_9' title="bbox 485 742 2064 828">
    <p class='ocr_par' dir='ltr' id='par_1_9' title="bbox 485 742 2064 828">
     <span class='ocr_line' id='line_1_9' title="bbox 485 742 2064 828; baseline 0.01 -30"><span class='ocrx_word' id='word_1_53' title='bbox 485 742 659 800; x_wconf 87' lang='lat' dir='ltr'><strong>latum</strong></span> <span class='ocrx_word' id='word_1_54' title='bbox 691 748 985 818; x_wconf 64' lang='lat' dir='ltr'><strong>praefectis,</strong></span> <span class='ocrx_word' id='word_1_55' title='bbox 1016 753 1328 811; x_wconf 85' lang='lat' dir='ltr'><strong>consularis</strong></span> <span class='ocrx_word' id='word_1_56' title='bbox 1358 756 1597 828; x_wconf 80' lang='lat' dir='ltr'><strong>dignitas</strong></span> <span class='ocrx_word' id='word_1_57' title='bbox 1616 758 1695 812; x_wconf 86' lang='lat' dir='ltr'><strong>ab</strong></span> <span class='ocrx_word' id='word_1_58' title='bbox 1715 758 2064 828; x_wconf 86' lang='lat' dir='ltr'><strong>imperatori-</strong></span> 
     </span>
    </p>
   </div>
   <div class='ocr_carea' id='block_1_10' title="bbox 484 833 2063 921">
    <p class='ocr_par' dir='ltr' id='par_1_10' title="bbox 484 833 2063 921">
     <span class='ocr_line' id='line_1_10' title="bbox 484 833 2063 921; baseline 0.013 -35"><span class='ocrx_word' id='word_1_59' title='bbox 484 833 586 891; x_wconf 87' lang='lat' dir='ltr'><strong>bus</strong></span> <span class='ocrx_word' id='word_1_60' title='bbox 617 852 878 896; x_wconf 83' lang='lat' dir='ltr'><strong>concessa</strong></span> <span class='ocrx_word' id='word_1_61' title='bbox 906 841 1133 914; x_wconf 79' lang='lat' dir='ltr'><strong>legitur,</strong></span> <span class='ocrx_word' id='word_1_62' title='bbox 1175 856 1235 901; x_wconf 90' lang='lat' dir='ltr'><strong>ut</strong></span> <span class='ocrx_word' id='word_1_63' title='bbox 1271 846 1459 903; x_wconf 86' lang='lat' dir='ltr'><strong>videre</strong></span> <span class='ocrx_word' id='word_1_64' title='bbox 1492 859 1575 905; x_wconf 84' lang='lat' dir='ltr'><strong>est</strong></span> <span class='ocrx_word' id='word_1_65' title='bbox 1611 851 1754 920; x_wconf 86' lang='lat' dir='ltr'><strong>apud</strong></span> <span class='ocrx_word' id='word_1_66' title='bbox 1795 849 2063 921; x_wconf 78' lang='lat' dir='ltr'><strong>Cangium</strong></span> 
     </span>
    </p>
   </div>
   <div class='ocr_carea' id='block_1_11' title="bbox 487 926 2064 1007">
    <p class='ocr_par' dir='ltr' id='par_1_11' title="bbox 487 926 2064 1007">
     <span class='ocr_line' id='line_1_11' title="bbox 487 926 2064 1007; baseline 0.01 -26"><span class='ocrx_word' id='word_1_67' title='bbox 487 926 541 982; x_wconf 92' lang='lat' dir='ltr'><strong>in</strong></span> <span class='ocrx_word' id='word_1_68' title='bbox 574 937 808 1001; x_wconf 88' lang='lat' dir='ltr'><strong>utroque</strong></span> <span class='ocrx_word' id='word_1_69' title='bbox 834 930 1119 991; x_wconf 87' lang='lat' dir='ltr'><strong>Glossario</strong></span> <span class='ocrx_word' id='word_1_70' title='bbox 1151 937 1289 1007; x_wconf 83' lang='lat'><strong>(&#39;58).</strong></span> <span class='ocrx_word' id='word_1_71' title='bbox 1322 942 1390 993; x_wconf 86' lang='lat' dir='ltr'><strong>At</strong></span> <span class='ocrx_word' id='word_1_72' title='bbox 1418 939 1484 995; x_wconf 85' lang='lat' dir='ltr'><strong>de</strong></span> <span class='ocrx_word' id='word_1_73' title='bbox 1509 939 1597 996; x_wconf 88' lang='lat' dir='ltr'><strong>bis</strong></span> <span class='ocrx_word' id='word_1_74' title='bbox 1620 941 1906 996; x_wconf 87' lang='lat' dir='ltr'><strong>hactenus.</strong></span> <span class='ocrx_word' id='word_1_75' title='bbox 1943 940 2064 996; x_wconf 75' lang='lat' dir='ltr'><strong>Ca:-</strong></span> 
     </span>
    </p>
   </div>
   <div class='ocr_carea' id='block_1_12' title="bbox 485 1021 2061 1103">
    <p class='ocr_par' dir='ltr' id='par_1_12' title="bbox 485 1021 2061 1103">
     <span class='ocr_line' id='line_1_12' title="bbox 485 1021 2061 1103; baseline 0.01 -29"><span class='ocrx_word' id='word_1_76' title='bbox 485 1030 599 1075; x_wconf 83' lang='lat' dir='ltr'><strong>tera</strong></span> <span class='ocrx_word' id='word_1_77' title='bbox 622 1021 768 1077; x_wconf 88' lang='lat' dir='ltr'><strong>enim</strong></span> <span class='ocrx_word' id='word_1_78' title='bbox 784 1022 998 1081; x_wconf 79' lang='lat' dir='ltr'><strong>leviora</strong></span> <span class='ocrx_word' id='word_1_79' title='bbox 1031 1044 1154 1098; x_wconf 72' lang='lat' dir='ltr'><strong>qua:</strong></span> <span class='ocrx_word' id='word_1_80' title='bbox 1181 1030 1297 1085; x_wconf 85' lang='lat' dir='ltr'><strong>sive</strong></span> <span class='ocrx_word' id='word_1_81' title='bbox 1320 1031 1387 1086; x_wconf 91' lang='lat' dir='ltr'><strong>ad</strong></span> <span class='ocrx_word' id='word_1_82' title='bbox 1422 1031 1774 1088; x_wconf 88' lang='lat' dir='ltr'><strong>minuendam</strong></span> <span class='ocrx_word' id='word_1_83' title='bbox 1805 1032 2061 1103; x_wconf 67' lang='lat' dir='ltr'><strong>Epistola:</strong></span> 
     </span>
    </p>
   </div>
   <div class='ocr_carea' id='block_1_13' title="bbox 484 1116 2065 1195">
    <p class='ocr_par' dir='ltr' id='par_1_13' title="bbox 484 1116 2065 1195">
     <span class='ocr_line' id='line_1_13' title="bbox 484 1116 2065 1195; baseline 0.011 -32"><span class='ocrx_word' id='word_1_84' title='bbox 484 1119 687 1168; x_wconf 60' lang='lat' dir='ltr'><strong>nostra;</strong></span> <span class='ocrx_word' id='word_1_85' title='bbox 712 1116 1122 1183; x_wconf 87' lang='lat' dir='ltr'><strong>auctoritatem,</strong></span> <span class='ocrx_word' id='word_1_86' title='bbox 1148 1119 1263 1176; x_wconf 85' lang='lat' dir='ltr'><strong>sive</strong></span> <span class='ocrx_word' id='word_1_87' title='bbox 1291 1122 1355 1175; x_wconf 88' lang='lat' dir='ltr'><strong>ad</strong></span> <span class='ocrx_word' id='word_1_88' title='bbox 1374 1123 1494 1193; x_wconf 87' lang='lat' dir='ltr'><strong>ejus</strong></span> <span class='ocrx_word' id='word_1_89' title='bbox 1529 1123 1894 1195; x_wconf 80' lang='lat' dir='ltr'><strong>integritatem</strong></span> <span class='ocrx_word' id='word_1_90' title='bbox 1916 1140 2065 1180; x_wconf 89' lang='lat' dir='ltr'><strong>ever-</strong></span> 
     </span>
    </p>
   </div>
   <div class='ocr_carea' id='block_1_14' title="bbox 483 1202 2064 1285">
    <p class='ocr_par' dir='ltr' id='par_1_14' title="bbox 483 1202 2064 1285">
     <span class='ocr_line' id='line_1_14' title="bbox 483 1202 2064 1285; baseline 0.011 -30"><span class='ocrx_word' id='word_1_91' title='bbox 483 1202 704 1257; x_wconf 88' lang='lat' dir='ltr'><strong>tendam</strong></span> <span class='ocrx_word' id='word_1_92' title='bbox 733 1204 899 1275; x_wconf 71' lang='lat' dir='ltr'><strong>ob’jici</strong></span> <span class='ocrx_word' id='word_1_93' title='bbox 929 1208 1129 1276; x_wconf 80' lang='lat' dir='ltr'><strong>solent,</strong></span> <span class='ocrx_word' id='word_1_94' title='bbox 1159 1213 1415 1267; x_wconf 85' lang='lat' dir='ltr'><strong>consulto</strong></span> <span class='ocrx_word' id='word_1_95' title='bbox 1448 1215 1825 1285; x_wconf 60' lang='lat' dir='ltr'><strong>prseterimus;</strong></span> <span class='ocrx_word' id='word_1_96' title='bbox 1858 1231 1926 1272; x_wconf 91' lang='lat' dir='ltr'><strong>ne</strong></span> <span class='ocrx_word' id='word_1_97' title='bbox 1954 1219 2064 1272; x_wconf 76' lang='lat' dir='ltr'><strong>sci-</strong></span> 
     </span>
    </p>
   </div>
   <div class='ocr_carea' id='block_1_15' title="bbox 399 1294 2064 1375">
    <p class='ocr_par' dir='ltr' id='par_1_15' title="bbox 399 1294 2064 1375">
     <span class='ocr_line' id='line_1_15' title="bbox 399 1294 2064 1375; baseline 0.011 -29"><span class='ocrx_word' id='word_1_98' title='bbox 399 1360 410 1371; x_wconf 38' lang='lat'><strong><em>.</em></strong></span> <span class='ocrx_word' id='word_1_99' title='bbox 484 1294 611 1350; x_wconf 86' lang='lat' dir='ltr'><strong>licet</strong></span> <span class='ocrx_word' id='word_1_100' title='bbox 639 1296 939 1355; x_wconf 89' lang='lat' dir='ltr'><strong>minutiora</strong></span> <span class='ocrx_word' id='word_1_101' title='bbox 984 1303 1270 1375; x_wconf 74' lang='lat' dir='ltr'><strong>persequi,</strong></span> <span class='ocrx_word' id='word_1_102' title='bbox 1302 1321 1439 1361; x_wconf 85' lang='lat' dir='ltr'><strong>neve</strong></span> <span class='ocrx_word' id='word_1_103' title='bbox 1477 1306 1616 1361; x_wconf 90' lang='lat' dir='ltr'><strong>nihil</strong></span> <span class='ocrx_word' id='word_1_104' title='bbox 1641 1307 1897 1364; x_wconf 91' lang='lat' dir='ltr'><strong>omittere</strong></span> <span class='ocrx_word' id='word_1_105' title='bbox 1925 1310 2064 1366; x_wconf 82' lang='lat' dir='ltr'><strong>velle</strong></span> 
     </span>
    </p>
   </div>
   <div class='ocr_carea' id='block_1_16' title="bbox 481 1386 2061 1470">
    <p class='ocr_par' dir='ltr' id='par_1_16' title="bbox 481 1386 2061 1470">
     <span class='ocr_line' id='line_1_16' title="bbox 481 1386 2061 1470; baseline 0.011 -32"><span class='ocrx_word' id='word_1_106' title='bbox 481 1386 767 1444; x_wconf 84' lang='lat' dir='ltr'><strong>videamur</strong></span> <span class='ocrx_word' id='word_1_107' title='bbox 800 1391 893 1446; x_wconf 87' lang='lat' dir='ltr'><strong>:si</strong></span> <span class='ocrx_word' id='word_1_108' title='bbox 926 1393 1052 1463; x_wconf 85' lang='lat' dir='ltr'><strong>quis</strong></span> <span class='ocrx_word' id='word_1_109' title='bbox 1083 1405 1266 1451; x_wconf 85' lang='lat' dir='ltr'><strong>autem</strong></span> <span class='ocrx_word' id='word_1_110' title='bbox 1299 1411 1363 1451; x_wconf 89' lang='lat' dir='ltr'><strong>ea</strong></span> <span class='ocrx_word' id='word_1_111' title='bbox 1399 1412 1561 1453; x_wconf 88' lang='lat' dir='ltr'><strong>nosse</strong></span> <span class='ocrx_word' id='word_1_112' title='bbox 1589 1399 1758 1469; x_wconf 91' lang='lat' dir='ltr'><strong>cupit,</strong></span> <span class='ocrx_word' id='word_1_113' title='bbox 1794 1416 2061 1470; x_wconf 88' lang='lat' dir='ltr'><strong>nuperum</strong></span> 
     </span>
    </p>
   </div>
   <div class='ocr_carea' id='block_1_17' title="bbox 479 1479 1322 1553">
    <p class='ocr_par' dir='ltr' id='par_1_17' title="bbox 479 1479 1322 1553">
     <span class='ocr_line' id='line_1_17' title="bbox 479 1479 1322 1553; baseline 0.013 -21"><span class='ocrx_word' id='word_1_114' title='bbox 479 1479 742 1535; x_wconf 86' lang='lat' dir='ltr'><strong>editorem</strong></span> <span class='ocrx_word' id='word_1_115' title='bbox 768 1480 1110 1553; x_wconf 63' lang='lat' dir='ltr'><strong>&#39;Lips’iensem</strong></span> <span class='ocrx_word' id='word_1_116' title='bbox 1143 1487 1322 1543; x_wconf 88' lang='lat' dir='ltr'><strong>adeat.</strong></span> 
     </span>
    </p>
   </div>
   <div class='ocr_carea' id='block_1_18' title="bbox 554 1569 2063 1657">
    <p class='ocr_par' dir='ltr' id='par_1_18' title="bbox 554 1569 2063 1657">
     <span class='ocr_line' id='line_1_18' title="bbox 554 1569 2063 1657; baseline 0.011 -32"><span class='ocrx_word' id='word_1_117' title='bbox 554 1569 689 1629; x_wconf 82' lang='lat' dir='ltr'><strong>Vill.</strong></span> <span class='ocrx_word' id='word_1_118' title='bbox 720 1575 877 1642; x_wconf 75' lang='lat' dir='ltr'><strong>Quod</strong></span> <span class='ocrx_word' id='word_1_119' title='bbox 914 1588 1189 1649; x_wconf 83' lang='lat' dir='ltr'><strong>superest,</strong></span> <span class='ocrx_word' id='word_1_120' title='bbox 1225 1581 1282 1635; x_wconf 90' lang='lat' dir='ltr'><strong>in</strong></span> <span class='ocrx_word' id='word_1_121' title='bbox 1320 1590 1539 1652; x_wconf 81' lang='lat' dir='ltr'><strong>tempus</strong></span> <span class='ocrx_word' id='word_1_122' title='bbox 1564 1582 1913 1654; x_wconf 89' lang='lat' dir='ltr'><strong>inquisituris</strong></span> <span class='ocrx_word' id='word_1_123' title='bbox 1950 1600 2063 1657; x_wconf 92' lang='lat' dir='ltr'><strong>quo</strong></span> 
     </span>
    </p>
   </div>
   <div class='ocr_carea' id='block_1_19' title="bbox 2168 389 3728 463">
    <p class='ocr_par' dir='ltr' id='par_1_19' title="bbox 2168 389 3728 463">
     <span class='ocr_line' id='line_1_19' title="bbox 2168 389 3728 463; baseline 0.004 -16"><span class='ocrx_word' id='word_1_124' title='bbox 2168 400 2254 447; x_wconf 92' lang='lat' dir='ltr'><strong>cet</strong></span> <span class='ocrx_word' id='word_1_125' title='bbox 2280 389 2554 463; x_wconf 74' lang='lat' dir='ltr'><strong>Evangelii</strong></span> <span class='ocrx_word' id='word_1_126' title='bbox 2585 392 3087 463; x_wconf 81' lang='lat' dir='ltr'><strong>praedicatiolatius</strong></span> <span class='ocrx_word' id='word_1_127' title='bbox 3114 402 3327 463; x_wconf 76' lang='lat' dir='ltr'><strong>pateret</strong></span> <span class='ocrx_word' id='word_1_128' title='bbox 3352 394 3410 448; x_wconf 91' lang='lat' dir='ltr'><strong>in</strong></span> <span class='ocrx_word' id='word_1_129' title='bbox 3438 394 3578 461; x_wconf 80' lang='lat' dir='ltr'><strong>dies,</strong></span> <span class='ocrx_word' id='word_1_130' title='bbox 3593 394 3728 453; x_wconf 59' lang='lat' dir='ltr'><strong>Chrio</strong></span> 
     </span>
    </p>
   </div>
   <div class='ocr_carea' id='block_1_20' title="bbox 2168 482 3729 559">
    <p class='ocr_par' dir='ltr' id='par_1_20' title="bbox 2168 482 3729 559">
     <span class='ocr_line' id='line_1_20' title="bbox 2168 482 3729 559; baseline 0.004 -22"><span class='ocrx_word' id='word_1_131' title='bbox 2168 482 2460 554; x_wconf 89' lang='lat' dir='ltr'><strong>stiauaque</strong></span> <span class='ocrx_word' id='word_1_132' title='bbox 2492 484 2622 539; x_wconf 89' lang='lat' dir='ltr'><strong>lides</strong></span> <span class='ocrx_word' id='word_1_133' title='bbox 2644 484 2698 538; x_wconf 93' lang='lat' dir='ltr'><strong>in</strong></span> <span class='ocrx_word' id='word_1_134' title='bbox 2725 482 2927 539; x_wconf 90' lang='lat' dir='ltr'><strong>animis</strong></span> <span class='ocrx_word' id='word_1_135' title='bbox 2946 484 3283 540; x_wconf 85' lang='lat' dir='ltr'><strong>credentium</strong></span> <span class='ocrx_word' id='word_1_136' title='bbox 3315 484 3550 541; x_wconf 76' lang='lat' dir='ltr'><strong>altiores</strong></span> <span class='ocrx_word' id='word_1_137' title='bbox 3574 497 3729 559; x_wconf 79' lang='lat' dir='ltr'><strong>ageret</strong></span> 
     </span>
    </p>
   </div>
   <div class='ocr_carea' id='block_1_21' title="bbox 2169 574 3729 646">
    <p class='ocr_par' dir='ltr' id='par_1_21' title="bbox 2169 574 3729 646">
     <span class='ocr_line' id='line_1_21' title="bbox 2169 574 3729 646; baseline 0.005 -19"><span class='ocrx_word' id='word_1_138' title='bbox 2169 574 2403 641; x_wconf 85' lang='lat' dir='ltr'><strong>radices,</strong></span> <span class='ocrx_word' id='word_1_139' title='bbox 2436 586 2601 646; x_wconf 89' lang='lat' dir='ltr'><strong>atque</strong></span> <span class='ocrx_word' id='word_1_140' title='bbox 2628 576 2703 631; x_wconf 90' lang='lat' dir='ltr'><strong>ita</strong></span> <span class='ocrx_word' id='word_1_141' title='bbox 2727 575 2948 630; x_wconf 87' lang='lat' dir='ltr'><strong>demum</strong></span> <span class='ocrx_word' id='word_1_142' title='bbox 2986 576 3234 632; x_wconf 84' lang='lat' dir='ltr'><strong>nascenti</strong></span> <span class='ocrx_word' id='word_1_143' title='bbox 3256 574 3473 631; x_wconf 79' lang='lat' dir='ltr'><strong>Christi</strong></span> <span class='ocrx_word' id='word_1_144' title='bbox 3502 575 3729 635; x_wconf 72' lang='lat' dir='ltr'><strong>Ecclesia</strong></span> 
     </span>
    </p>
   </div>
   <div class='ocr_carea' id='block_1_22' title="bbox 2167 666 2832 724">
    <p class='ocr_par' dir='ltr' id='par_1_22' title="bbox 2167 666 2832 724">
     <span class='ocr_line' id='line_1_22' title="bbox 2167 666 2832 724; baseline 0.002 -3"><span class='ocrx_word' id='word_1_145' title='bbox 2167 667 2302 721; x_wconf 88' lang='lat' dir='ltr'><strong>satis</strong></span> <span class='ocrx_word' id='word_1_146' title='bbox 2327 668 2643 724; x_wconf 89' lang='lat' dir='ltr'><strong>consultum</strong></span> <span class='ocrx_word' id='word_1_147' title='bbox 2671 666 2832 723; x_wconf 89' lang='lat' dir='ltr'><strong>foret.</strong></span> 
     </span>
    </p>
   </div>
   <div class='ocr_carea' id='block_1_23' title="bbox 2238 756 3728 833">
    <p class='ocr_par' dir='ltr' id='par_1_23' title="bbox 2238 756 3728 833">
     <span class='ocr_line' id='line_1_23' title="bbox 2238 756 3728 833; baseline 0.004 -20"><span class='ocrx_word' id='word_1_148' title='bbox 2238 756 2427 830; x_wconf 87' lang='lat' dir='ltr'><strong>Neque</strong></span> <span class='ocrx_word' id='word_1_149' title='bbox 2469 760 2644 831; x_wconf 88' lang='lat' dir='ltr'><strong>magis</strong></span> <span class='ocrx_word' id='word_1_150' title='bbox 2678 769 2834 830; x_wconf 79' lang='lat' dir='ltr'><strong>urget</strong></span> <span class='ocrx_word' id='word_1_151' title='bbox 2864 759 3036 814; x_wconf 88' lang='lat' dir='ltr'><strong>altera</strong></span> <span class='ocrx_word' id='word_1_152' title='bbox 3084 760 3355 831; x_wconf 84' lang='lat' dir='ltr'><strong>objectio,</strong></span> <span class='ocrx_word' id='word_1_153' title='bbox 3405 763 3480 817; x_wconf 89' lang='lat' dir='ltr'><strong>ab</strong></span> <span class='ocrx_word' id='word_1_154' title='bbox 3528 763 3728 833; x_wconf 84' lang='lat' dir='ltr'><strong>imperio</strong></span> 
     </span>
    </p>
   </div>
   <div class='ocr_carea' id='block_1_24' title="bbox 2170 850 3724 927">
    <p class='ocr_par' dir='ltr' id='par_1_24' title="bbox 2170 850 3724 927">
     <span class='ocr_line' id='line_1_24' title="bbox 2170 850 3724 927; baseline 0.005 -20"><span class='ocrx_word' id='word_1_155' title='bbox 2170 853 2493 921; x_wconf 74' lang='lat' dir='ltr'><strong>Vespasiani</strong></span> <span class='ocrx_word' id='word_1_156' title='bbox 2541 852 2751 907; x_wconf 90' lang='lat' dir='ltr'><strong>nomini</strong></span> <span class='ocrx_word' id='word_1_157' title='bbox 2786 850 3102 908; x_wconf 88' lang='lat' dir='ltr'><strong>Christiano</strong></span> <span class='ocrx_word' id='word_1_158' title='bbox 3138 853 3284 909; x_wconf 84' lang='lat' dir='ltr'><strong>haud</strong></span> <span class='ocrx_word' id='word_1_159' title='bbox 3326 853 3538 910; x_wconf 82' lang='lat' dir='ltr'><strong>infesto</strong></span> <span class='ocrx_word' id='word_1_160' title='bbox 3564 856 3724 927; x_wconf 82' lang='lat' dir='ltr'><strong>petita.</strong></span> 
     </span>
    </p>
   </div>
   <div class='ocr_carea' id='block_1_25' title="bbox 2167 942 3723 1014">
    <p class='ocr_par' dir='ltr' id='par_1_25' title="bbox 2167 942 3723 1014">
     <span class='ocr_line' id='line_1_25' title="bbox 2167 942 3723 1014; baseline 0.004 -16"><span class='ocrx_word' id='word_1_161' title='bbox 2167 942 2386 999; x_wconf 87' lang='lat' dir='ltr'><strong>Nullum</strong></span> <span class='ocrx_word' id='word_1_162' title='bbox 2416 944 2635 1014; x_wconf 88' lang='lat' dir='ltr'><strong>quidem</strong></span> <span class='ocrx_word' id='word_1_163' title='bbox 2669 944 2723 998; x_wconf 90' lang='lat' dir='ltr'><strong>in</strong></span> <span class='ocrx_word' id='word_1_164' title='bbox 2758 942 3058 1000; x_wconf 83' lang='lat' dir='ltr'><strong>Ecclesiam</strong></span> <span class='ocrx_word' id='word_1_165' title='bbox 3093 945 3164 1000; x_wconf 91' lang='lat' dir='ltr'><strong>ab</strong></span> <span class='ocrx_word' id='word_1_166' title='bbox 3203 962 3270 1001; x_wconf 90' lang='lat' dir='ltr'><strong>eo</strong></span> <span class='ocrx_word' id='word_1_167' title='bbox 3299 947 3481 1002; x_wconf 90' lang='lat' dir='ltr'><strong>latum</strong></span> <span class='ocrx_word' id='word_1_168' title='bbox 3515 949 3723 1005; x_wconf 82' lang='lat' dir='ltr'><strong>edictum</strong></span> 
     </span>
    </p>
   </div>
   <div class='ocr_carea' id='block_1_26' title="bbox 2169 1036 3724 1111">
    <p class='ocr_par' dir='ltr' id='par_1_26' title="bbox 2169 1036 3724 1111">
     <span class='ocr_line' id='line_1_26' title="bbox 2169 1036 3724 1111; baseline 0.005 -19"><span class='ocrx_word' id='word_1_169' title='bbox 2169 1036 2381 1108; x_wconf 87' lang='lat' dir='ltr'><strong>uspiam</strong></span> <span class='ocrx_word' id='word_1_170' title='bbox 2419 1038 2680 1104; x_wconf 88' lang='lat' dir='ltr'><strong>occurrit,</strong></span> <span class='ocrx_word' id='word_1_171' title='bbox 2709 1040 3005 1095; x_wconf 86' lang='lat' dir='ltr'><strong>accedente</strong></span> <span class='ocrx_word' id='word_1_172' title='bbox 3031 1039 3087 1093; x_wconf 87' lang='lat' dir='ltr'><strong>in</strong></span> <span class='ocrx_word' id='word_1_173' title='bbox 3117 1040 3313 1109; x_wconf 87' lang='lat' dir='ltr'><strong>primis</strong></span> <span class='ocrx_word' id='word_1_174' title='bbox 3343 1050 3485 1097; x_wconf 89' lang='lat' dir='ltr'><strong>teste</strong></span> <span class='ocrx_word' id='word_1_175' title='bbox 3511 1041 3724 1111; x_wconf 82' lang='lat' dir='ltr'><strong>locuple-</strong></span> 
     </span>
    </p>
   </div>
   <div class='ocr_carea' id='block_1_27' title="bbox 2168 1128 3724 1207">
    <p class='ocr_par' dir='ltr' id='par_1_27' title="bbox 2168 1128 3724 1207">
     <span class='ocr_line' id='line_1_27' title="bbox 2168 1128 3724 1207; baseline 0.006 -23"><span class='ocrx_word' id='word_1_176' title='bbox 2168 1129 2386 1185; x_wconf 88' lang='lat' dir='ltr'><strong>tissimo</strong></span> <span class='ocrx_word' id='word_1_177' title='bbox 2436 1128 2775 1188; x_wconf 85' lang='lat' dir='ltr'><strong>Tcrtulliano</strong></span> <span class='ocrx_word' id='word_1_178' title='bbox 2821 1132 2934 1203; x_wconf 77' lang='lat'><strong>(63)</strong></span> <span class='ocrx_word' id='word_1_179' title='bbox 2975 1148 2989 1185; x_wconf 92' lang='lat'>:</span> <span class='ocrx_word' id='word_1_180' title='bbox 3039 1153 3057 1184; x_wconf 71' lang='grc' dir='ltr'><em>α</em></span> <span class='ocrx_word' id='word_1_181' title='bbox 3097 1132 3324 1201; x_wconf 85' lang='lat' dir='ltr'><strong>Quales,</strong></span> <span class='ocrx_word' id='word_1_182' title='bbox 3364 1135 3566 1204; x_wconf 88' lang='lat' dir='ltr'><strong>inquit,</strong></span> <span class='ocrx_word' id='word_1_183' title='bbox 3604 1138 3724 1207; x_wconf 76' lang='lat' dir='ltr'><strong>leges</strong></span> 
     </span>
    </p>
   </div>
   <div class='ocr_carea' id='block_1_28' title="bbox 2167 1217 3718 1296">
    <p class='ocr_par' dir='ltr' id='par_1_28' title="bbox 2167 1217 3718 1296">
     <span class='ocr_line' id='line_1_28' title="bbox 2167 1217 3718 1296; baseline 0.005 -24"><span class='ocrx_word' id='word_1_184' title='bbox 2167 1217 2287 1273; x_wconf 73' lang='lat' dir='ltr'><strong>ista:</strong></span> <span class='ocrx_word' id='word_1_185' title='bbox 2317 1235 2455 1288; x_wconf 89' lang='lat' dir='ltr'><strong>quas</strong></span> <span class='ocrx_word' id='word_1_186' title='bbox 2480 1220 2743 1276; x_wconf 86' lang='lat' dir='ltr'><strong>adversus</strong></span> <span class='ocrx_word' id='word_1_187' title='bbox 2766 1237 2887 1285; x_wconf 88' lang='lat' dir='ltr'><strong>nos,</strong></span> <span class='ocrx_word' id='word_1_188' title='bbox 2920 1221 3024 1277; x_wconf 89' lang='lat' dir='ltr'><strong>soli</strong></span> <span class='ocrx_word' id='word_1_189' title='bbox 3053 1233 3440 1293; x_wconf 77' lang='lat' dir='ltr'><strong>exsequuntur</strong></span> <span class='ocrx_word' id='word_1_190' title='bbox 3474 1225 3718 1296; x_wconf 82' lang='lat' dir='ltr'><strong>impii?....</strong></span> 
     </span>
    </p>
   </div>
   <div class='ocr_carea' id='block_1_29' title="bbox 2166 1310 3719 1385">
    <p class='ocr_par' dir='ltr' id='par_1_29' title="bbox 2166 1310 3719 1385">
     <span class='ocr_line' id='line_1_29' title="bbox 2166 1310 3719 1385; baseline 0.005 -20"><span class='ocrx_word' id='word_1_191' title='bbox 2166 1326 2306 1380; x_wconf 85' lang='lat' dir='ltr'><strong>quas</strong></span> <span class='ocrx_word' id='word_1_192' title='bbox 2361 1312 2547 1367; x_wconf 90' lang='lat' dir='ltr'><strong>nullus</strong></span> <span class='ocrx_word' id='word_1_193' title='bbox 2610 1310 3001 1382; x_wconf 81' lang='lat' dir='ltr'><strong>Vespasianus,</strong></span> <span class='ocrx_word' id='word_1_194' title='bbox 3056 1330 3378 1385; x_wconf 87' lang='lat' dir='ltr'><strong>quanquam</strong></span> <span class='ocrx_word' id='word_1_195' title='bbox 3438 1314 3719 1374; x_wconf 70' lang='lat' dir='ltr'><strong>Judzeoratn</strong></span> 
     </span>
    </p>
   </div>
   <div class='ocr_carea' id='block_1_30' title="bbox 2165 1398 3717 1478">
    <p class='ocr_par' dir='ltr' id='par_1_30' title="bbox 2165 1398 3717 1478">
     <span class='ocr_line' id='line_1_30' title="bbox 2165 1398 3717 1478; baseline 0.005 -24"><span class='ocrx_word' id='word_1_196' title='bbox 2165 1398 2530 1455; x_wconf 86' lang='lat' dir='ltr'><strong>debellator...</strong></span> <span class='ocrx_word' id='word_1_197' title='bbox 2569 1401 2884 1471; x_wconf 81' lang='lat' dir='ltr'><strong>impressit?</strong></span> <span class='ocrx_word' id='word_1_198' title='bbox 2918 1422 2938 1455; x_wconf 76' lang='grc' dir='ltr'><strong><em>ι</em></strong></span> <span class='ocrx_word' id='word_1_199' title='bbox 2971 1419 3081 1474; x_wconf 91' lang='lat' dir='ltr'><strong>quo</strong></span> <span class='ocrx_word' id='word_1_200' title='bbox 3106 1419 3242 1469; x_wconf 84' lang='lat' dir='ltr'><strong>sane</strong></span> <span class='ocrx_word' id='word_1_201' title='bbox 3270 1421 3445 1461; x_wconf 90' lang='lat' dir='ltr'><strong>sensu</strong></span> <span class='ocrx_word' id='word_1_202' title='bbox 3481 1407 3717 1478; x_wconf 86' lang='lat' dir='ltr'><strong>accipien-</strong></span> 
     </span>
    </p>
   </div>
   <div class='ocr_carea' id='block_1_31' title="bbox 2165 1487 3714 1567">
    <p class='ocr_par' dir='ltr' id='par_1_31' title="bbox 2165 1487 3714 1567">
     <span class='ocr_line' id='line_1_31' title="bbox 2165 1487 3714 1567; baseline 0.005 -25"><span class='ocrx_word' id='word_1_203' title='bbox 2165 1487 2272 1545; x_wconf 88' lang='lat' dir='ltr'><strong>dus</strong></span> <span class='ocrx_word' id='word_1_204' title='bbox 2310 1490 2476 1544; x_wconf 84' lang='lat' dir='ltr'><strong>etiam</strong></span> <span class='ocrx_word' id='word_1_205' title='bbox 2514 1490 2732 1545; x_wconf 85' lang='lat' dir='ltr'><strong>videtur</strong></span> <span class='ocrx_word' id='word_1_206' title='bbox 2760 1488 3054 1557; x_wconf 85' lang='lat' dir='ltr'><strong>Eusebius,</strong></span> <span class='ocrx_word' id='word_1_207' title='bbox 3085 1492 3177 1547; x_wconf 89' lang='lat' dir='ltr'><strong>ubi</strong></span> <span class='ocrx_word' id='word_1_208' title='bbox 3210 1494 3411 1549; x_wconf 84' lang='lat' dir='ltr'><strong>scribit</strong></span> <span class='ocrx_word' id='word_1_209' title='bbox 3445 1494 3555 1567; x_wconf 64' lang='lat'><strong>(64)</strong></span> <span class='ocrx_word' id='word_1_210' title='bbox 3584 1513 3603 1548; x_wconf 86' lang='grc'><strong>‹</strong></span> <span class='ocrx_word' id='word_1_211' title='bbox 3638 1494 3714 1550; x_wconf 80' lang='lat' dir='ltr'><strong>Ve-</strong></span> 
     </span>
    </p>
   </div>
   <div class='ocr_carea' id='block_1_32' title="bbox 2164 1581 3708 1659">
    <p class='ocr_par' dir='ltr' id='par_1_32' title="bbox 2164 1581 3708 1659">
     <span class='ocr_line' id='line_1_32' title="bbox 2164 1581 3708 1659; baseline 0.005 -26"><span class='ocrx_word' id='word_1_212' title='bbox 2164 1581 2473 1650; x_wconf 87' lang='lat' dir='ltr'><strong>spasianum</strong></span> <span class='ocrx_word' id='word_1_213' title='bbox 2497 1581 2663 1653; x_wconf 77' lang='grc' dir='ltr'><strong>μηδὲν</strong></span> <span class='ocrx_word' id='word_1_214' title='bbox 2691 1581 2813 1636; x_wconf 76' lang='grc' dir='ltr'><strong>καθ’</strong></span> <span class='ocrx_word' id='word_1_215' title='bbox 2836 1582 2992 1655; x_wconf 80' lang='grc' dir='ltr'>ἡμῶν</span> <span class='ocrx_word' id='word_1_216' title='bbox 3023 1584 3224 1639; x_wconf 77' lang='grc' dir='ltr'>ἄτοπον</span> <span class='ocrx_word' id='word_1_217' title='bbox 3247 1587 3433 1641; x_wconf 86' lang='lat' dir='ltr'><strong>animo</strong></span> <span class='ocrx_word' id='word_1_218' title='bbox 3462 1589 3708 1659; x_wconf 64' lang='lat' dir='ltr'><strong>agitasse.»</strong></span> 
     </span>
    </p>
   </div>
   <div class='ocr_carea' id='block_1_33' title="bbox 480 1665 3707 1756">
    <p class='ocr_par' dir='ltr' id='par_1_33' title="bbox 480 1665 3707 1756">
     <span class='ocr_line' id='line_1_33' title="bbox 480 1665 3707 1756; baseline 0.007 -35"><span class='ocrx_word' id='word_1_219' title='bbox 480 1665 685 1739; x_wconf 85' lang='lat' dir='ltr'><strong>scripta</strong></span> <span class='ocrx_word' id='word_1_220' title='bbox 721 1667 829 1723; x_wconf 82' lang='lat' dir='ltr'><strong>fuit</strong></span> <span class='ocrx_word' id='word_1_221' title='bbox 876 1670 993 1726; x_wconf 66' lang='lat' dir='ltr'><strong>haec</strong></span> <span class='ocrx_word' id='word_1_222' title='bbox 1033 1670 1277 1742; x_wconf 73' lang='lat' dir='ltr'><strong>Epistula</strong></span> <span class='ocrx_word' id='word_1_223' title='bbox 1307 1671 1568 1730; x_wconf 78' lang='lat' dir='ltr'><strong>Ecclesiae</strong></span> <span class='ocrx_word' id='word_1_224' title='bbox 1599 1676 1878 1744; x_wconf 76' lang='lat' dir='ltr'><strong>Achaicae,</strong></span> <span class='ocrx_word' id='word_1_225' title='bbox 1902 1678 2061 1735; x_wconf 89' lang='lat' dir='ltr'><strong>nobis</strong></span> <span class='ocrx_word' id='word_1_226' title='bbox 2094 1680 2137 1735; x_wconf 86' lang='grc' dir='ltr'><strong>Β</strong></span> <span class='ocrx_word' id='word_1_227' title='bbox 2166 1670 2305 1726; x_wconf 81' lang='lat' dir='ltr'><strong>Hinc</strong></span> <span class='ocrx_word' id='word_1_228' title='bbox 2334 1682 2513 1728; x_wconf 81' lang='lat' dir='ltr'><strong>tamen</strong></span> <span class='ocrx_word' id='word_1_229' title='bbox 2557 1674 2702 1756; x_wconf 59' lang='lat' dir='ltr'><strong>haud</strong></span> <span class='ocrx_word' id='word_1_230' title='bbox 2743 1674 3110 1747; x_wconf 83' lang='lat' dir='ltr'><strong>colligendum</strong></span> <span class='ocrx_word' id='word_1_231' title='bbox 3169 1678 3418 1733; x_wconf 76' lang='lat' dir='ltr'><strong>arbitror</strong></span> <span class='ocrx_word' id='word_1_232' title='bbox 3468 1696 3707 1749; x_wconf 78' lang='lat' dir='ltr'><strong>nunquam</strong></span> 
     </span>
    </p>
   </div>
   <div class='ocr_carea' id='block_1_34' title="bbox 481 1756 2057 1834">
    <p class='ocr_par' dir='ltr' id='par_1_34' title="bbox 481 1756 2057 1834">
     <span class='ocr_line' id='line_1_34' title="bbox 481 1756 2057 1834; baseline 0.007 -22"><span class='ocrx_word' id='word_1_233' title='bbox 481 1756 715 1827; x_wconf 83' lang='lat' dir='ltr'><strong>primum</strong></span> <span class='ocrx_word' id='word_1_234' title='bbox 752 1770 903 1816; x_wconf 82' lang='lat' dir='ltr'><strong>esset</strong></span> <span class='ocrx_word' id='word_1_235' title='bbox 946 1762 1339 1829; x_wconf 88' lang='lat' dir='ltr'><strong>definiendum,</strong></span> <span class='ocrx_word' id='word_1_236' title='bbox 1386 1781 1497 1834; x_wconf 86' lang='lat' dir='ltr'><strong>quo</strong></span> <span class='ocrx_word' id='word_1_237' title='bbox 1544 1767 1765 1823; x_wconf 88' lang='lat' dir='ltr'><strong>demum</strong></span> <span class='ocrx_word' id='word_1_238' title='bbox 1815 1785 1962 1826; x_wconf 92' lang='lat' dir='ltr'><strong>anno</strong></span> <span class='ocrx_word' id='word_1_239' title='bbox 1997 1768 2057 1823; x_wconf 87' lang='grc' dir='ltr'><strong>Β.</strong></span> 
     </span>
    </p>
   </div>
   <div class='ocr_carea' id='block_1_35' title="bbox 479 1848 2065 1929">
    <p class='ocr_par' dir='ltr' id='par_1_35' title="bbox 479 1848 2065 1929">
     <span class='ocr_line' id='line_1_35' title="bbox 479 1848 2065 1929; baseline 0.01 -28"><span class='ocrx_word' id='word_1_240' title='bbox 479 1848 728 1906; x_wconf 78' lang='lat' dir='ltr'><strong>Andreas</strong></span> <span class='ocrx_word' id='word_1_241' title='bbox 749 1853 1043 1921; x_wconf 78' lang='lat' dir='ltr'><strong>apostolus</strong></span> <span class='ocrx_word' id='word_1_242' title='bbox 1060 1855 1379 1926; x_wconf 84' lang='lat' dir='ltr'><strong>martyrium</strong></span> <span class='ocrx_word' id='word_1_243' title='bbox 1396 1871 1595 1927; x_wconf 89' lang='lat' dir='ltr'><strong>passus</strong></span> <span class='ocrx_word' id='word_1_244' title='bbox 1611 1868 1935 1929; x_wconf 88' lang='lat' dir='ltr'><strong>censeatur;</strong></span> <span class='ocrx_word' id='word_1_245' title='bbox 1959 1861 2065 1917; x_wconf 90' lang='lat' dir='ltr'><strong>hoc</strong></span> 
     </span>
    </p>
   </div>
   <div class='ocr_carea' id='block_1_36' title="bbox 478 1942 2063 2023">
    <p class='ocr_par' dir='ltr' id='par_1_36' title="bbox 478 1942 2063 2023">
     <span class='ocr_line' id='line_1_36' title="bbox 478 1942 2063 2023; baseline 0.008 -28"><span class='ocrx_word' id='word_1_246' title='bbox 478 1942 629 1998; x_wconf 86' lang='lat' dir='ltr'><strong>enim</strong></span> <span class='ocrx_word' id='word_1_247' title='bbox 681 1945 853 2000; x_wconf 86' lang='lat' dir='ltr'><strong>semel</strong></span> <span class='ocrx_word' id='word_1_248' title='bbox 910 1945 1230 2016; x_wconf 70' lang='lat' dir='ltr'><strong>explorato,</strong></span> <span class='ocrx_word' id='word_1_249' title='bbox 1281 1948 1414 2004; x_wconf 91' lang='lat' dir='ltr'><strong>illud</strong></span> <span class='ocrx_word' id='word_1_250' title='bbox 1456 1950 1622 2006; x_wconf 90' lang='lat' dir='ltr'><strong>etiam</strong></span> <span class='ocrx_word' id='word_1_251' title='bbox 1675 1952 1781 2007; x_wconf 86' lang='lat' dir='ltr'><strong>levi</strong></span> <span class='ocrx_word' id='word_1_252' title='bbox 1840 1953 2063 2023; x_wconf 81' lang='lat' dir='ltr'><strong>negatio</strong></span> 
     </span>
    </p>
   </div>
   <div class='ocr_carea' id='block_1_37' title="bbox 479 2035 2061 2119">
    <p class='ocr_par' dir='ltr' id='par_1_37' title="bbox 479 2035 2061 2119">
     <span class='ocr_line' id='line_1_37' title="bbox 479 2035 2061 2119; baseline 0.009 -30"><span class='ocrx_word' id='word_1_253' title='bbox 479 2035 646 2090; x_wconf 86' lang='lat' dir='ltr'><strong>statui</strong></span> <span class='ocrx_word' id='word_1_254' title='bbox 666 2050 826 2106; x_wconf 89' lang='lat' dir='ltr'><strong>posse</strong></span> <span class='ocrx_word' id='word_1_255' title='bbox 845 2038 1483 2114; x_wconf 82' lang='lat' dir='ltr'><strong>intelligiturzsiquidem</strong></span> <span class='ocrx_word' id='word_1_256' title='bbox 1500 2061 1569 2101; x_wconf 77' lang='lat' dir='ltr'><strong>ex</strong></span> <span class='ocrx_word' id='word_1_257' title='bbox 1597 2048 1786 2102; x_wconf 85' lang='lat' dir='ltr'><strong>eadem</strong></span> <span class='ocrx_word' id='word_1_258' title='bbox 1817 2048 2061 2119; x_wconf 87' lang='lat' dir='ltr'><strong>Epistola</strong></span> 
     </span>
    </p>
   </div>
   <div class='ocr_carea' id='block_1_38' title="bbox 480 2130 2060 2208">
    <p class='ocr_par' dir='ltr' id='par_1_38' title="bbox 480 2130 2060 2208">
     <span class='ocr_line' id='line_1_38' title="bbox 480 2130 2060 2208; baseline 0.01 -26"><span class='ocrx_word' id='word_1_259' title='bbox 480 2138 698 2185; x_wconf 82' lang='lat' dir='ltr'><strong>constat</strong></span> <span class='ocrx_word' id='word_1_260' title='bbox 739 2130 809 2185; x_wconf 88' lang='lat' dir='ltr'><strong>ab</strong></span> <span class='ocrx_word' id='word_1_261' title='bbox 858 2133 1080 2189; x_wconf 78' lang='lat' dir='ltr'><strong>Achaia:</strong></span> <span class='ocrx_word' id='word_1_262' title='bbox 1122 2136 1456 2208; x_wconf 83' lang='lat' dir='ltr'><strong>presbyteris</strong></span> <span class='ocrx_word' id='word_1_263' title='bbox 1500 2148 1554 2193; x_wconf 90' lang='lat' dir='ltr'><strong>et</strong></span> <span class='ocrx_word' id='word_1_264' title='bbox 1613 2139 1864 2197; x_wconf 89' lang='lat' dir='ltr'><strong>diaconis</strong></span> <span class='ocrx_word' id='word_1_265' title='bbox 1913 2142 2060 2198; x_wconf 91' lang='lat' dir='ltr'><strong>illam</strong></span> 
     </span>
    </p>
   </div>
   <div class='ocr_carea' id='block_1_39' title="bbox 482 2218 2059 2301">
    <p class='ocr_par' dir='ltr' id='par_1_39' title="bbox 482 2218 2059 2301">
     <span class='ocr_line' id='line_1_39' title="bbox 482 2218 2059 2301; baseline 0.01 -28"><span class='ocrx_word' id='word_1_266' title='bbox 482 2218 652 2277; x_wconf 78' lang='lat' dir='ltr'><strong>fuisse</strong></span> <span class='ocrx_word' id='word_1_267' title='bbox 684 2224 1076 2293; x_wconf 77' lang='lat' dir='ltr'><strong>perscriptum,</strong></span> <span class='ocrx_word' id='word_1_268' title='bbox 1120 2228 1213 2297; x_wconf 90' lang='lat' dir='ltr'><strong>qui</strong></span> <span class='ocrx_word' id='word_1_269' title='bbox 1255 2231 1432 2285; x_wconf 88' lang='lat' dir='ltr'><strong>sancti</strong></span> <span class='ocrx_word' id='word_1_270' title='bbox 1482 2233 1718 2301; x_wconf 88' lang='lat' dir='ltr'><strong>apostoli</strong></span> <span class='ocrx_word' id='word_1_271' title='bbox 1768 2235 2059 2289; x_wconf 90' lang='lat' dir='ltr'><strong>certamini</strong></span> 
     </span>
    </p>
   </div>
   <div class='ocr_carea' id='block_1_40' title="bbox 476 2315 2063 2391">
    <p class='ocr_par' dir='ltr' id='par_1_40' title="bbox 476 2315 2063 2391">
     <span class='ocr_line' id='line_1_40' title="bbox 476 2315 2063 2391; baseline 0.011 -26"><span class='ocrx_word' id='word_1_272' title='bbox 476 2321 818 2390; x_wconf 62' lang='lat' dir='ltr'><strong>spectatores</strong></span> <span class='ocrx_word' id='word_1_273' title='bbox 870 2315 1192 2375; x_wconf 80' lang='lat' dir='ltr'><strong>interfuisse</strong></span> <span class='ocrx_word' id='word_1_274' title='bbox 1243 2323 1621 2391; x_wconf 89' lang='lat' dir='ltr'><strong>perhibentur.</strong></span> <span class='ocrx_word' id='word_1_275' title='bbox 1668 2323 1868 2381; x_wconf 86' lang='lat' dir='ltr'><strong>Verum</strong></span> <span class='ocrx_word' id='word_1_276' title='bbox 1928 2327 2063 2382; x_wconf 87' lang='lat' dir='ltr'><strong>deli-</strong></span> 
     </span>
    </p>
   </div>
   <div class='ocr_carea' id='block_1_41' title="bbox 468 2402 2062 2486">
    <p class='ocr_par' dir='ltr' id='par_1_41' title="bbox 468 2402 2062 2486">
     <span class='ocr_line' id='line_1_41' title="bbox 468 2402 2062 2486; baseline 0.013 -32"><span class='ocrx_word' id='word_1_277' title='bbox 468 2402 750 2460; x_wconf 76' lang='lat' dir='ltr'><strong>cientibus</strong></span> <span class='ocrx_word' id='word_1_278' title='bbox 782 2408 1000 2476; x_wconf 87' lang='lat' dir='ltr'><strong>penitus</strong></span> <span class='ocrx_word' id='word_1_279' title='bbox 1035 2411 1316 2470; x_wconf 86' lang='lat' dir='ltr'><strong>solidioris</strong></span> <span class='ocrx_word' id='word_1_280' title='bbox 1347 2415 1695 2486; x_wconf 87' lang='lat' dir='ltr'><strong>antiquitatis</strong></span> <span class='ocrx_word' id='word_1_281' title='bbox 1735 2433 2062 2474; x_wconf 86' lang='lat' dir='ltr'><strong>monumen-</strong></span> 
     </span>
    </p>
   </div>
   <div class='ocr_carea' id='block_1_42' title="bbox 472 2495 2058 2580">
    <p class='ocr_par' dir='ltr' id='par_1_42' title="bbox 472 2495 2058 2580">
     <span class='ocr_line' id='line_1_42' title="bbox 472 2495 2058 2580; baseline 0.012 -33"><span class='ocrx_word' id='word_1_282' title='bbox 472 2495 571 2561; x_wconf 73' lang='lat' dir='ltr'><strong>tis,</strong></span> <span class='ocrx_word' id='word_1_283' title='bbox 609 2497 943 2568; x_wconf 87' lang='lat' dir='ltr'><strong>conjecturis</strong></span> <span class='ocrx_word' id='word_1_284' title='bbox 988 2512 1198 2559; x_wconf 86' lang='lat' dir='ltr'><strong>tantum</strong></span> <span class='ocrx_word' id='word_1_285' title='bbox 1243 2523 1356 2562; x_wconf 90' lang='lat' dir='ltr'><strong>rem</strong></span> <span class='ocrx_word' id='word_1_286' title='bbox 1395 2509 1709 2580; x_wconf 81' lang='lat' dir='ltr'><strong>transigunt</strong></span> <span class='ocrx_word' id='word_1_287' title='bbox 1739 2511 2058 2566; x_wconf 88' lang='lat' dir='ltr'><strong>criticorum</strong></span> 
     </span>
    </p>
   </div>
   <div class='ocr_carea' id='block_1_43' title="bbox 477 2586 2057 2670">
    <p class='ocr_par' dir='ltr' id='par_1_43' title="bbox 477 2586 2057 2670">
     <span class='ocr_line' id='line_1_43' title="bbox 477 2586 2057 2670; baseline 0.011 -30"><span class='ocrx_word' id='word_1_288' title='bbox 477 2586 598 2642; x_wconf 85' lang='lat' dir='ltr'><strong>lilii.</strong></span> <span class='ocrx_word' id='word_1_289' title='bbox 631 2589 737 2645; x_wconf 88' lang='lat' dir='ltr'><strong>Alii</strong></span> <span class='ocrx_word' id='word_1_290' title='bbox 783 2593 1053 2663; x_wconf 83' lang='lat' dir='ltr'><strong>siquidem</strong></span> <span class='ocrx_word' id='word_1_291' title='bbox 1095 2596 1208 2669; x_wconf 80' lang='lat'><strong>(59)</strong></span> <span class='ocrx_word' id='word_1_292' title='bbox 1254 2615 1399 2654; x_wconf 89' lang='lat' dir='ltr'><strong>anno</strong></span> <span class='ocrx_word' id='word_1_293' title='bbox 1441 2617 1565 2655; x_wconf 73' lang='lat' dir='ltr'><strong>mra:</strong></span> <span class='ocrx_word' id='word_1_294' title='bbox 1594 2601 1923 2659; x_wconf 70' lang='lat' dir='ltr'><strong>Christiana:</strong></span> <span class='ocrx_word' id='word_1_295' title='bbox 1956 2602 2057 2670; x_wconf 84' lang='lat'><strong>66,</strong></span> 
     </span>
    </p>
   </div>
   <div class='ocr_carea' id='block_1_44' title="bbox 476 2682 2059 2767">
    <p class='ocr_par' dir='ltr' id='par_1_44' title="bbox 476 2682 2059 2767">
     <span class='ocr_line' id='line_1_44' title="bbox 476 2682 2059 2767; baseline 0.011 -36"><span class='ocrx_word' id='word_1_296' title='bbox 476 2690 574 2735; x_wconf 84' lang='lat' dir='ltr'><strong>aut</strong></span> <span class='ocrx_word' id='word_1_297' title='bbox 597 2682 664 2737; x_wconf 87' lang='lat'><strong>70</strong></span> <span class='ocrx_word' id='word_1_298' title='bbox 681 2682 740 2738; x_wconf 81' lang='grc' dir='ltr'><strong>Β.</strong></span> <span class='ocrx_word' id='word_1_299' title='bbox 756 2687 1029 2741; x_wconf 88' lang='lat' dir='ltr'><strong>Andream</strong></span> <span class='ocrx_word' id='word_1_300' title='bbox 1057 2705 1277 2758; x_wconf 86' lang='lat' dir='ltr'><strong>passum</strong></span> <span class='ocrx_word' id='word_1_301' title='bbox 1308 2692 1647 2747; x_wconf 78' lang='lat' dir='ltr'><strong>existimant.</strong></span> <span class='ocrx_word' id='word_1_302' title='bbox 1665 2694 1770 2748; x_wconf 85' lang='lat' dir='ltr'><strong>Alii</strong></span> <span class='ocrx_word' id='word_1_303' title='bbox 1800 2710 1930 2750; x_wconf 88' lang='lat' dir='ltr'><strong>vero</strong></span> <span class='ocrx_word' id='word_1_304' title='bbox 1945 2695 2059 2767; x_wconf 82' lang='lat'><strong>(60)</strong></span> 
     </span>
    </p>
   </div>
   <div class='ocr_carea' id='block_1_45' title="bbox 2168 1764 3712 1839">
    <p class='ocr_par' dir='ltr' id='par_1_45' title="bbox 2168 1764 3712 1839">
     <span class='ocr_line' id='line_1_45' title="bbox 2168 1764 3712 1839; baseline 0.004 -20"><span class='ocrx_word' id='word_1_305' title='bbox 2168 1764 2386 1820; x_wconf 79' lang='lat' dir='ltr'><strong>infenso</strong></span> <span class='ocrx_word' id='word_1_306' title='bbox 2420 1774 2586 1836; x_wconf 87' lang='lat' dir='ltr'><strong>atque</strong></span> <span class='ocrx_word' id='word_1_307' title='bbox 2612 1766 2837 1839; x_wconf 88' lang='lat' dir='ltr'><strong>inimico</strong></span> <span class='ocrx_word' id='word_1_308' title='bbox 2882 1769 3071 1821; x_wconf 90' lang='lat' dir='ltr'><strong>animo</strong></span> <span class='ocrx_word' id='word_1_309' title='bbox 3113 1767 3167 1822; x_wconf 94' lang='lat' dir='ltr'><strong>in</strong></span> <span class='ocrx_word' id='word_1_310' title='bbox 3192 1768 3546 1826; x_wconf 87' lang='lat' dir='ltr'><strong>Christianos</strong></span> <span class='ocrx_word' id='word_1_311' title='bbox 3573 1769 3712 1825; x_wconf 81' lang='lat' dir='ltr'><strong>fuisse</strong></span> 
     </span>
    </p>
   </div>
   <div class='ocr_carea' id='block_1_46' title="bbox 2169 1851 3708 1926">
    <p class='ocr_par' dir='ltr' id='par_1_46' title="bbox 2169 1851 3708 1926">
     <span class='ocr_line' id='line_1_46' title="bbox 2169 1851 3708 1926; baseline 0.001 -18"><span class='ocrx_word' id='word_1_312' title='bbox 2169 1851 2592 1924; x_wconf 83' lang='lat' dir='ltr'><strong>Vespasianum,</strong></span> <span class='ocrx_word' id='word_1_313' title='bbox 2644 1870 2821 1924; x_wconf 89' lang='lat' dir='ltr'><strong>neque</strong></span> <span class='ocrx_word' id='word_1_314' title='bbox 2866 1855 2974 1910; x_wconf 91' lang='lat' dir='ltr'><strong>ulla</strong></span> <span class='ocrx_word' id='word_1_315' title='bbox 3022 1856 3251 1911; x_wconf 86' lang='lat' dir='ltr'><strong>omnino</strong></span> <span class='ocrx_word' id='word_1_316' title='bbox 3281 1855 3486 1926; x_wconf 84' lang='lat' dir='ltr'><strong>injuria</strong></span> <span class='ocrx_word' id='word_1_317' title='bbox 3513 1871 3603 1915; x_wconf 82' lang='lat' dir='ltr'><strong>eos</strong></span> <span class='ocrx_word' id='word_1_318' title='bbox 3628 1857 3708 1911; x_wconf 85' lang='lat' dir='ltr'><strong>ali-</strong></span> 
     </span>
    </p>
   </div>
   <div class='ocr_carea' id='block_1_47' title="bbox 2164 1943 3706 2017">
    <p class='ocr_par' dir='ltr' id='par_1_47' title="bbox 2164 1943 3706 2017">
     <span class='ocr_line' id='line_1_47' title="bbox 2164 1943 3706 2017; baseline -0.001 -18"><span class='ocrx_word' id='word_1_319' title='bbox 2164 1945 2386 2015; x_wconf 88' lang='lat' dir='ltr'><strong>quando</strong></span> <span class='ocrx_word' id='word_1_320' title='bbox 2417 1944 2689 2000; x_wconf 73' lang='lat' dir='ltr'><strong>olfecisse.</strong></span> <span class='ocrx_word' id='word_1_321' title='bbox 2727 1943 3076 2000; x_wconf 88' lang='lat' dir='ltr'><strong>Coutrarium</strong></span> <span class='ocrx_word' id='word_1_322' title='bbox 3110 1947 3273 2002; x_wconf 83' lang='lat' dir='ltr'><strong>docet</strong></span> <span class='ocrx_word' id='word_1_323' title='bbox 3317 1945 3555 2003; x_wconf 89' lang='lat' dir='ltr'><strong>Hilarius</strong></span> <span class='ocrx_word' id='word_1_324' title='bbox 3580 1946 3706 2017; x_wconf 80' lang='lat'><strong>(65):</strong></span> 
     </span>
    </p>
   </div>
   <div class='ocr_carea' id='block_1_48' title="bbox 2170 2032 3706 2109">
    <p class='ocr_par' dir='ltr' id='par_1_48' title="bbox 2170 2032 3706 2109">
     <span class='ocr_line' id='line_1_48' title="bbox 2170 2032 3706 2109; baseline 0.007 -25"><span class='ocrx_word' id='word_1_325' title='bbox 2170 2051 2189 2084; x_wconf 83' lang='grc'><strong>‹</strong></span> <span class='ocrx_word' id='word_1_326' title='bbox 2220 2033 2396 2096; x_wconf 86' lang='lat' dir='ltr'><strong>Anne,</strong></span> <span class='ocrx_word' id='word_1_327' title='bbox 2428 2035 2602 2095; x_wconf 87' lang='lat' dir='ltr'><strong>ait,...</strong></span> <span class='ocrx_word' id='word_1_328' title='bbox 2635 2032 2843 2091; x_wconf 82' lang='lat' dir='ltr'><strong>Paulus</strong></span> <span class='ocrx_word' id='word_1_329' title='bbox 2956 2035 3169 2091; x_wconf 85' lang='lat' dir='ltr'><strong>Nerone</strong></span> <span class='ocrx_word' id='word_1_330' title='bbox 3207 2053 3290 2105; x_wconf 89' lang='lat' dir='ltr'><strong>se,</strong></span> <span class='ocrx_word' id='word_1_331' title='bbox 3316 2038 3503 2103; x_wconf 90' lang='lat' dir='ltr'><strong>credo,</strong></span> <span class='ocrx_word' id='word_1_332' title='bbox 3536 2036 3706 2109; x_wconf 77' lang='lat' dir='ltr'><strong>Vespa-</strong></span> 
     </span>
    </p>
   </div>
   <div class='ocr_carea' id='block_1_49' title="bbox 2164 2124 3707 2199">
    <p class='ocr_par' dir='ltr' id='par_1_49' title="bbox 2164 2124 3707 2199">
     <span class='ocr_line' id='line_1_49' title="bbox 2164 2124 3707 2199; baseline 0.001 -21"><span class='ocrx_word' id='word_1_333' title='bbox 2164 2125 2322 2178; x_wconf 88' lang='lat' dir='ltr'><strong>siano</strong></span> <span class='ocrx_word' id='word_1_334' title='bbox 2354 2134 2448 2179; x_wconf 87' lang='lat' dir='ltr'><strong>aut</strong></span> <span class='ocrx_word' id='word_1_335' title='bbox 2494 2124 2654 2180; x_wconf 85' lang='lat' dir='ltr'><strong>Decio</strong></span> <span class='ocrx_word' id='word_1_336' title='bbox 2702 2127 3173 2196; x_wconf 88' lang='lat' dir='ltr'><strong>patrocinantibus</strong></span> <span class='ocrx_word' id='word_1_337' title='bbox 3202 2129 3484 2193; x_wconf 87' lang='lat' dir='ltr'><strong>tuebatur,</strong></span> <span class='ocrx_word' id='word_1_338' title='bbox 3508 2144 3707 2199; x_wconf 77' lang='lat' dir='ltr'><strong>quorum</strong></span> 
     </span>
    </p>
   </div>
   <div class='ocr_carea' id='block_1_50' title="bbox 2165 2217 3700 2291">
    <p class='ocr_par' dir='ltr' id='par_1_50' title="bbox 2165 2217 3700 2291">
     <span class='ocr_line' id='line_1_50' title="bbox 2165 2217 3700 2291; baseline 0.001 -21"><span class='ocrx_word' id='word_1_339' title='bbox 2165 2217 2217 2270; x_wconf 93' lang='lat' dir='ltr'><strong>in</strong></span> <span class='ocrx_word' id='word_1_340' title='bbox 2238 2231 2336 2271; x_wconf 89' lang='lat' dir='ltr'><strong>nos</strong></span> <span class='ocrx_word' id='word_1_341' title='bbox 2353 2217 2494 2271; x_wconf 91' lang='lat' dir='ltr'><strong>odiis</strong></span> <span class='ocrx_word' id='word_1_342' title='bbox 2519 2217 2794 2272; x_wconf 78' lang='lat' dir='ltr'><strong>confessio</strong></span> <span class='ocrx_word' id='word_1_343' title='bbox 2810 2219 3010 2275; x_wconf 67' lang='lat' dir='ltr'><strong>divina:</strong></span> <span class='ocrx_word' id='word_1_344' title='bbox 3026 2221 3436 2291; x_wconf 66' lang='lat' dir='ltr'><strong>praedicationis</strong></span> <span class='ocrx_word' id='word_1_345' title='bbox 3451 2220 3700 2277; x_wconf 62' lang='lat' dir='ltr'><strong>efﬂoruit?»</strong></span> 
     </span>
    </p>
   </div>
   <div class='ocr_carea' id='block_1_51' title="bbox 2165 2307 3706 2383">
    <p class='ocr_par' dir='ltr' id='par_1_51' title="bbox 2165 2307 3706 2383">
     <span class='ocr_line' id='line_1_51' title="bbox 2165 2307 3706 2383; baseline 0.003 -22"><span class='ocrx_word' id='word_1_346' title='bbox 2165 2307 2370 2363; x_wconf 88' lang='lat' dir='ltr'><strong>llilario</strong></span> <span class='ocrx_word' id='word_1_347' title='bbox 2391 2310 2717 2380; x_wconf 89' lang='lat' dir='ltr'><strong>astipulatur</strong></span> <span class='ocrx_word' id='word_1_348' title='bbox 2747 2310 3117 2367; x_wconf 90' lang='lat' dir='ltr'><strong>Theodoritus</strong></span> <span class='ocrx_word' id='word_1_349' title='bbox 3141 2313 3430 2383; x_wconf 74' lang='lat' dir='ltr'><strong>(66):T€-‘w</strong></span> <span class='ocrx_word' id='word_1_350' title='bbox 3461 2314 3517 2367; x_wconf 78' lang='grc' dir='ltr'><strong>δὲ</strong></span> <span class='ocrx_word' id='word_1_351' title='bbox 3545 2312 3706 2366; x_wconf 78' lang='grc' dir='ltr'><strong>ἁλιέων</strong></span> 
     </span>
    </p>
   </div>
   <div class='ocr_carea' id='block_1_52' title="bbox 2162 2402 3704 2477">
    <p class='ocr_par' dir='ltr' id='par_1_52' title="bbox 2162 2402 3704 2477">
     <span class='ocr_line' id='line_1_52' title="bbox 2162 2402 3704 2477; baseline -0.001 -20"><span class='ocrx_word' id='word_1_352' title='bbox 2162 2402 2255 2457; x_wconf 73' lang='grc' dir='ltr'>καὶ</span> <span class='ocrx_word' id='word_1_353' title='bbox 2273 2402 2523 2457; x_wconf 85' lang='grc' dir='ltr'><strong>τελωνῶν</strong></span> <span class='ocrx_word' id='word_1_354' title='bbox 2552 2404 2647 2457; x_wconf 76' lang='grc' dir='ltr'><strong>καὶ</strong></span> <span class='ocrx_word' id='word_1_355' title='bbox 2678 2403 3058 2477; x_wconf 79' lang='grc' dir='ltr'>σκηνοῤῥάφου</span> <span class='ocrx_word' id='word_1_356' title='bbox 3087 2405 3216 2468; x_wconf 82' lang='grc' dir='ltr'>τοὺς</span> <span class='ocrx_word' id='word_1_357' title='bbox 3243 2405 3463 2477; x_wconf 79' lang='grc' dir='ltr'><strong>νόμους,</strong></span> <span class='ocrx_word' id='word_1_358' title='bbox 3493 2406 3548 2458; x_wconf 81' lang='grc' dir='ltr'>οὐ</span> <span class='ocrx_word' id='word_1_359' title='bbox 3576 2403 3704 2465; x_wconf 78' lang='grc' dir='ltr'><strong>Γάϊος</strong></span> 
     </span>
    </p>
   </div>
   <div class='ocr_carea' id='block_1_53' title="bbox 2164 2495 3701 2572">
    <p class='ocr_par' dir='ltr' id='par_1_53' title="bbox 2164 2495 3701 2572">
     <span class='ocr_line' id='line_1_53' title="bbox 2164 2495 3701 2572; baseline -0.001 -23"><span class='ocrx_word' id='word_1_360' title='bbox 2164 2495 2401 2567; x_wconf 80' lang='grc' dir='ltr'><strong>ἴσχυσεν,</strong></span> <span class='ocrx_word' id='word_1_361' title='bbox 2449 2497 2511 2572; x_wconf 78' lang='grc' dir='ltr'><strong>οὐ</strong></span> <span class='ocrx_word' id='word_1_362' title='bbox 2554 2496 2820 2560; x_wconf 75' lang='grc' dir='ltr'>Κλαύδιος</span> <span class='ocrx_word' id='word_1_363' title='bbox 2856 2496 3181 2562; x_wconf 76' lang='grc' dir='ltr'><strong>καταλῦσαι,</strong></span> <span class='ocrx_word' id='word_1_364' title='bbox 3230 2499 3293 2551; x_wconf 80' lang='grc' dir='ltr'><strong>οὐ</strong></span> <span class='ocrx_word' id='word_1_365' title='bbox 3327 2499 3514 2570; x_wconf 78' lang='grc' dir='ltr'><strong>Νέρων</strong></span> <span class='ocrx_word' id='word_1_366' title='bbox 3548 2501 3573 2551; x_wconf 89' lang='grc' dir='ltr'>ὁ</span> <span class='ocrx_word' id='word_1_367' title='bbox 3610 2498 3701 2567; x_wconf 78' lang='grc' dir='ltr'><strong>μετ’</strong></span> 
     </span>
    </p>
   </div>
   <div class='ocr_carea' id='block_1_54' title="bbox 2161 2586 3700 2663">
    <p class='ocr_par' dir='ltr' id='par_1_54' title="bbox 2161 2586 3700 2663">
     <span class='ocr_line' id='line_1_54' title="bbox 2161 2586 3700 2663; baseline -0.001 -22"><span class='ocrx_word' id='word_1_368' title='bbox 2161 2589 2435 2654; x_wconf 82' lang='grc' dir='ltr'>ἐκείνους·</span> <span class='ocrx_word' id='word_1_369' title='bbox 2477 2590 2570 2643; x_wconf 73' lang='grc' dir='ltr'><strong>καὶ</strong></span> <span class='ocrx_word' id='word_1_370' title='bbox 2609 2591 2805 2657; x_wconf 69' lang='grc' dir='ltr'><strong>ταῦτα,</strong></span> <span class='ocrx_word' id='word_1_371' title='bbox 2848 2590 2942 2644; x_wconf 84' lang='grc' dir='ltr'>δύο</span> <span class='ocrx_word' id='word_1_372' title='bbox 2970 2592 3079 2645; x_wconf 84' lang='grc' dir='ltr'><strong>τῶν</strong></span> <span class='ocrx_word' id='word_1_373' title='bbox 3112 2592 3422 2663; x_wconf 81' lang='grc' dir='ltr'><strong>νομοθετῶν</strong></span> <span class='ocrx_word' id='word_1_374' title='bbox 3455 2591 3571 2652; x_wconf 76' lang='grc' dir='ltr'><strong>τοὺς</strong></span> <span class='ocrx_word' id='word_1_375' title='bbox 3602 2586 3700 2659; x_wconf 73' lang='lat' dir='ltr'><strong>dpl—</strong></span> 
     </span>
    </p>
   </div>
   <div class='ocr_carea' id='block_1_55' title="bbox 2163 2680 3701 2756">
    <p class='ocr_par' dir='ltr' id='par_1_55' title="bbox 2163 2680 3701 2756">
     <span class='ocr_line' id='line_1_55' title="bbox 2163 2680 3701 2756; baseline -0.002 -22"><span class='ocrx_word' id='word_1_376' title='bbox 2163 2698 2318 2745; x_wconf 86' lang='grc' dir='ltr'>στους</span> <span class='ocrx_word' id='word_1_377' title='bbox 2350 2682 2775 2746; x_wconf 69' lang='grc' dir='ltr'><strong>κατακοντίσας²</strong></span> <span class='ocrx_word' id='word_1_378' title='bbox 2809 2683 2903 2736; x_wconf 75' lang='grc' dir='ltr'>καὶ</span> <span class='ocrx_word' id='word_1_379' title='bbox 2922 2682 3031 2756; x_wconf 76' lang='grc' dir='ltr'>γὰρ</span> <span class='ocrx_word' id='word_1_380' title='bbox 3061 2682 3153 2736; x_wconf 85' lang='grc' dir='ltr'><strong>τὸν</strong></span> <span class='ocrx_word' id='word_1_381' title='bbox 3183 2683 3395 2754; x_wconf 78' lang='grc' dir='ltr'><strong>Πέτρον</strong></span> <span class='ocrx_word' id='word_1_382' title='bbox 3418 2684 3603 2744; x_wconf 77' lang='grc' dir='ltr'>ἐκεῖνος</span> <span class='ocrx_word' id='word_1_383' title='bbox 3627 2680 3701 2733; x_wconf 69' lang='grc' dir='ltr'><strong>καὶ</strong></span> 
     </span>
    </p>
   </div>
   <div class='ocr_carea' id='block_1_56' title="bbox 478 2772 2077 2859">
    <p class='ocr_par' dir='ltr' id='par_1_56' title="bbox 478 2775 2061 2859">
     <span class='ocr_line' id='line_1_56' title="bbox 478 2775 2061 2859; baseline 0.011 -33"><span class='ocrx_word' id='word_1_384' title='bbox 478 2790 626 2828; x_wconf 88' lang='lat' dir='ltr'><strong>anno</strong></span> <span class='ocrx_word' id='word_1_385' title='bbox 671 2775 884 2846; x_wconf 87' lang='lat' dir='ltr'><strong>imperii</strong></span> <span class='ocrx_word' id='word_1_386' title='bbox 933 2777 1257 2849; x_wconf 75' lang='lat' dir='ltr'><strong>Vespasiani</strong></span> <span class='ocrx_word' id='word_1_387' title='bbox 1301 2784 1511 2853; x_wconf 89' lang='lat' dir='ltr'><strong>primo,</strong></span> <span class='ocrx_word' id='word_1_388' title='bbox 1563 2787 1648 2841; x_wconf 86' lang='lat' dir='ltr'><strong>vel</strong></span> <span class='ocrx_word' id='word_1_389' title='bbox 1699 2787 1890 2842; x_wconf 83' lang='lat' dir='ltr'><strong>saltem</strong></span> <span class='ocrx_word' id='word_1_390' title='bbox 1941 2789 2061 2859; x_wconf 91' lang='lat' dir='ltr'><strong>ipso</strong></span> 
     </span>
    </p>
   </div>
   <div class='ocr_carea' id='block_1_57' title="bbox 2167 2772 3701 2859">
    <p class='ocr_par' dir='ltr' id='par_1_57' title="bbox 2167 2772 3701 2846">
     <span class='ocr_line' id='line_1_57' title="bbox 2167 2772 3701 2846; baseline -0.001 -21"><span class='ocrx_word' id='word_1_391' title='bbox 2167 2772 2251 2826; x_wconf 71' lang='grc' dir='ltr'><strong>τὸν</strong></span> <span class='ocrx_word' id='word_1_392' title='bbox 2279 2774 2487 2827; x_wconf 76' lang='grc' dir='ltr'>Παῦλον</span> <span class='ocrx_word' id='word_1_393' title='bbox 2510 2775 2735 2829; x_wconf 82' lang='grc' dir='ltr'><strong>ἀνεῖλεν·</strong></span> <span class='ocrx_word' id='word_1_394' title='bbox 2765 2775 2880 2829; x_wconf 81' lang='grc' dir='ltr'><strong>ἀλλ’</strong></span> <span class='ocrx_word' id='word_1_395' title='bbox 2899 2777 2961 2829; x_wconf 82' lang='grc' dir='ltr'><strong>οὐ</strong></span> <span class='ocrx_word' id='word_1_396' title='bbox 2996 2775 3265 2841; x_wconf 76' lang='grc' dir='ltr'><strong>ξυνανεῖλε</strong></span> <span class='ocrx_word' id='word_1_397' title='bbox 3297 2780 3414 2840; x_wconf 83' lang='grc' dir='ltr'>τοῖς</span> <span class='ocrx_word' id='word_1_398' title='bbox 3434 2773 3701 2846; x_wconf 76' lang='grc' dir='ltr'><strong>νομοθέταις</strong></span> 
     </span>
    </p>
   </div>
   <div class='ocr_carea' id='block_1_58' title="bbox 477 2866 2057 2948">
    <p class='ocr_par' dir='ltr' id='par_1_58' title="bbox 477 2866 2057 2948">
     <span class='ocr_line' id='line_1_58' title="bbox 477 2866 2057 2948; baseline 0.011 -30"><span class='ocrx_word' id='word_1_399' title='bbox 477 2866 659 2922; x_wconf 86' lang='lat' dir='ltr'><strong>adhuc</strong></span> <span class='ocrx_word' id='word_1_400' title='bbox 686 2867 1008 2937; x_wconf 87' lang='lat' dir='ltr'><strong>imperante.</strong></span> <span class='ocrx_word' id='word_1_401' title='bbox 1038 2873 1144 2927; x_wconf 85' lang='lat' dir='ltr'><strong>Alii</strong></span> <span class='ocrx_word' id='word_1_402' title='bbox 1178 2875 1398 2929; x_wconf 89' lang='lat' dir='ltr'><strong>demum</strong></span> <span class='ocrx_word' id='word_1_403' title='bbox 1435 2876 1549 2948; x_wconf 88' lang='lat'><strong>(6|)</strong></span> <span class='ocrx_word' id='word_1_404' title='bbox 1584 2879 1687 2933; x_wconf 90' lang='lat' dir='ltr'><strong>sub</strong></span> <span class='ocrx_word' id='word_1_405' title='bbox 1720 2879 2057 2936; x_wconf 85' lang='lat' dir='ltr'><strong>Domitiano.</strong></span> 
     </span>
    </p>
   </div>
   <div class='ocr_carea' id='block_1_59' title="bbox 477 2956 2060 3039">
    <p class='ocr_par' dir='ltr' id='par_1_59' title="bbox 477 2956 2060 3039">
     <span class='ocr_line' id='line_1_59' title="bbox 477 2956 2060 3039; baseline 0.009 -26"><span class='ocrx_word' id='word_1_406' title='bbox 477 2956 616 3013; x_wconf 89' lang='lat' dir='ltr'><strong>Cum</strong></span> <span class='ocrx_word' id='word_1_407' title='bbox 651 2967 832 3015; x_wconf 90' lang='lat' dir='ltr'><strong>autem</strong></span> <span class='ocrx_word' id='word_1_408' title='bbox 869 2963 1096 3019; x_wconf 90' lang='lat' dir='ltr'><strong>omnino</strong></span> <span class='ocrx_word' id='word_1_409' title='bbox 1141 2964 1478 3037; x_wconf 76' lang='lat' dir='ltr'><strong>inexplorata</strong></span> <span class='ocrx_word' id='word_1_410' title='bbox 1528 2984 1614 3025; x_wconf 88' lang='lat' dir='ltr'><strong>res</strong></span> <span class='ocrx_word' id='word_1_411' title='bbox 1653 2969 1942 3039; x_wconf 85' lang='lat' dir='ltr'><strong>habeatur,</strong></span> <span class='ocrx_word' id='word_1_412' title='bbox 1973 2988 2060 3028; x_wconf 89' lang='lat' dir='ltr'><strong>re-</strong></span> 
     </span>
    </p>
   </div>
   <div class='ocr_carea' id='block_1_60' title="bbox 2160 2865 3698 2938">
    <p class='ocr_par' dir='ltr' id='par_1_60' title="bbox 2160 2865 3698 2938">
     <span class='ocr_line' id='line_1_60' title="bbox 2160 2865 3698 2938; baseline -0.001 -20"><span class='ocrx_word' id='word_1_413' title='bbox 2160 2865 2287 2929; x_wconf 81' lang='grc' dir='ltr'>τοὺς</span> <span class='ocrx_word' id='word_1_414' title='bbox 2318 2866 2535 2938; x_wconf 81' lang='grc' dir='ltr'><strong>νόμους,</strong></span> <span class='ocrx_word' id='word_1_415' title='bbox 2567 2867 2666 2921; x_wconf 75' lang='grc' dir='ltr'><strong>οὐκ</strong></span> <span class='ocrx_word' id='word_1_416' title='bbox 2697 2869 3124 2934; x_wconf 76' lang='grc' dir='ltr'><strong>Οὐεσπασιανὸς,</strong></span> <span class='ocrx_word' id='word_1_417' title='bbox 3169 2868 3230 2920; x_wconf 81' lang='grc' dir='ltr'>οὐ</span> <span class='ocrx_word' id='word_1_418' title='bbox 3264 2869 3447 2932; x_wconf 82' lang='grc' dir='ltr'><strong>Τίτος,</strong></span> <span class='ocrx_word' id='word_1_419' title='bbox 3480 2867 3532 2920; x_wconf 79' lang='grc' dir='ltr'><strong>οὐ</strong></span> <span class='ocrx_word' id='word_1_420' title='bbox 3562 2869 3698 2935; x_wconf 70' lang='grc' dir='ltr'>Δομεο</span> 
     </span>
    </p>
   </div>
   <div class='ocr_carea' id='block_1_61' title="bbox 2162 2958 3696 3026">
    <p class='ocr_par' dir='ltr' id='par_1_61' title="bbox 2162 2958 3696 3026">
     <span class='ocr_line' id='line_1_61' title="bbox 2162 2958 3696 3026; baseline 0 -15"><span class='ocrx_word' id='word_1_421' title='bbox 2162 2958 2366 3023; x_wconf 78' lang='grc' dir='ltr'><strong>τιανδς,</strong></span> <span class='ocrx_word' id='word_1_422' title='bbox 2416 2960 2510 3013; x_wconf 78' lang='grc' dir='ltr'><strong>καὶ</strong></span> <span class='ocrx_word' id='word_1_423' title='bbox 2545 2959 2752 3026; x_wconf 74' lang='grc' dir='ltr'><strong>ταῦτα,</strong></span> <span class='ocrx_word' id='word_1_424' title='bbox 2788 2961 3005 3025; x_wconf 79' lang='grc' dir='ltr'>πολλοῖς</span> <span class='ocrx_word' id='word_1_425' title='bbox 3029 2963 3149 3015; x_wconf 74' lang='grc' dir='ltr'><strong>κατ’</strong></span> <span class='ocrx_word' id='word_1_426' title='bbox 3184 2962 3392 3026; x_wconf 80' lang='grc' dir='ltr'>αὐτῶν,</span> <span class='ocrx_word' id='word_1_427' title='bbox 3420 2960 3696 3015; x_wconf 57' lang='lat' dir='ltr'><strong>11¢).th</strong></span> 
     </span>
    </p>
   </div>
   <div class='ocr_carea' id='block_1_62' title="bbox 477 3017 2077 3126">
    <p class='ocr_par' dir='ltr' id='par_1_62' title="bbox 477 3017 2061 3125">
     <span class='ocr_line' id='line_1_62' title="bbox 1075 3017 2033 3039; baseline 0.009 -20"><span class='ocrx_word' id='word_1_428' title='bbox 1075 3017 1087 3019; x_wconf 77' lang='lat'>_</span> <span class='ocrx_word' id='word_1_429' title='bbox 1142 3017 1478 3037; x_wconf 40' lang='lat'><strong>,,---_,_--_-“</strong></span> <span class='ocrx_word' id='word_1_430' title='bbox 1528 3017 1613 3025; x_wconf 65' lang='grc' dir='ltr'><strong>η-</strong></span> <span class='ocrx_word' id='word_1_431' title='bbox 1653 3017 1942 3039; x_wconf 76' lang='lat'><strong>----_-_-_.,</strong></span> <span class='ocrx_word' id='word_1_432' title='bbox 1974 3017 2033 3028; x_wconf 68' lang='grc' dir='ltr'><strong><em>η</em></strong></span> 
     </span>
     <span class='ocr_line' id='line_1_63' title="bbox 477 3051 2061 3125; baseline 0.008 -19"><span class='ocrx_word' id='word_1_433' title='bbox 477 3051 859 3123; x_wconf 86' lang='lat' dir='ltr'><strong>centioresqne</strong></span> <span class='ocrx_word' id='word_1_434' title='bbox 885 3070 983 3125; x_wconf 90' lang='lat' dir='ltr'><strong>pro</strong></span> <span class='ocrx_word' id='word_1_435' title='bbox 1008 3058 1174 3113; x_wconf 90' lang='lat' dir='ltr'><strong>animi</strong></span> <span class='ocrx_word' id='word_1_436' title='bbox 1202 3059 1430 3115; x_wconf 87' lang='lat' dir='ltr'><strong>arbitrio</strong></span> <span class='ocrx_word' id='word_1_437' title='bbox 1462 3061 1590 3115; x_wconf 88' lang='lat' dir='ltr'><strong>huic</strong></span> <span class='ocrx_word' id='word_1_438' title='bbox 1620 3063 1704 3116; x_wconf 83' lang='lat' dir='ltr'><strong>vel</strong></span> <span class='ocrx_word' id='word_1_439' title='bbox 1733 3062 1810 3117; x_wconf 89' lang='lat' dir='ltr'><strong>illi</strong></span> <span class='ocrx_word' id='word_1_440' title='bbox 1841 3073 2061 3119; x_wconf 87' lang='lat' dir='ltr'><strong>senten-</strong></span> 
     </span>
    </p>
   </div>
   <div class='ocr_carea' id='block_1_63' title="bbox 2167 3017 3695 3126">
    <p class='ocr_par' dir='ltr' id='par_1_63' title="bbox 2167 3017 3695 3126">
     <span class='ocr_line' id='line_1_64' title="bbox 2167 3017 3695 3126; baseline -0.003 -22"><span class='ocrx_word' id='word_1_441' title='bbox 2167 3017 3134 3126; x_wconf 37' lang='grc' dir='ltr'><strong>Βαποῖξχρησάμενοςιμηχανήξιασι.</strong></span> <span class='ocrx_word' id='word_1_442' title='bbox 3168 3052 3222 3108; x_wconf 84' lang='lat' dir='ltr'><strong>Id</strong></span> <span class='ocrx_word' id='word_1_443' title='bbox 3248 3065 3334 3109; x_wconf 89' lang='lat' dir='ltr'><strong>est</strong></span> <span class='ocrx_word' id='word_1_444' title='bbox 3368 3017 3695 3108; x_wconf 28' lang='lat' dir='ltr'><strong>:yPiscatorust</strong></span> 
     </span>
    </p>
   </div>
   <div class='ocr_carea' id='block_1_64' title="bbox 479 3144 2059 3222">
    <p class='ocr_par' dir='ltr' id='par_1_64' title="bbox 479 3144 2059 3222">
     <span class='ocr_line' id='line_1_65' title="bbox 479 3144 2059 3222; baseline 0.007 -23"><span class='ocrx_word' id='word_1_445' title='bbox 479 3144 568 3199; x_wconf 66' lang='lat' dir='ltr'><strong>lia!</strong></span> <span class='ocrx_word' id='word_1_446' title='bbox 598 3144 955 3215; x_wconf 64' lang='lat' dir='ltr'><strong>adhaarcant;</strong></span> <span class='ocrx_word' id='word_1_447' title='bbox 996 3165 1099 3204; x_wconf 88' lang='lat' dir='ltr'><strong>nos</strong></span> <span class='ocrx_word' id='word_1_448' title='bbox 1147 3150 1351 3222; x_wconf 87' lang='lat' dir='ltr'><strong>itaque,</strong></span> <span class='ocrx_word' id='word_1_449' title='bbox 1382 3151 1557 3208; x_wconf 87' lang='lat' dir='ltr'><strong>donec</strong></span> <span class='ocrx_word' id='word_1_450' title='bbox 1586 3154 1639 3207; x_wconf 94' lang='lat' dir='ltr'><strong>in</strong></span> <span class='ocrx_word' id='word_1_451' title='bbox 1673 3154 1909 3210; x_wconf 89' lang='lat' dir='ltr'><strong>obscuro</strong></span> <span class='ocrx_word' id='word_1_452' title='bbox 1947 3165 2059 3210; x_wconf 90' lang='lat' dir='ltr'><strong>tra-</strong></span> 
     </span>
    </p>
   </div>
   <div class='ocr_carea' id='block_1_65' title="bbox 478 3234 2060 3312">
    <p class='ocr_par' dir='ltr' id='par_1_65' title="bbox 478 3234 2060 3312">
     <span class='ocr_line' id='line_1_66' title="bbox 478 3234 2060 3312; baseline 0.009 -24"><span class='ocrx_word' id='word_1_453' title='bbox 478 3234 612 3290; x_wconf 87' lang='lat' dir='ltr'><strong>mite</strong></span> <span class='ocrx_word' id='word_1_454' title='bbox 655 3236 764 3292; x_wconf 81' lang='lat' dir='ltr'><strong>dux</strong></span> <span class='ocrx_word' id='word_1_455' title='bbox 822 3239 991 3296; x_wconf 89' lang='lat' dir='ltr'><strong>tutior</strong></span> <span class='ocrx_word' id='word_1_456' title='bbox 1044 3249 1266 3312; x_wconf 83' lang='lat' dir='ltr'><strong>praecat,</strong></span> <span class='ocrx_word' id='word_1_457' title='bbox 1312 3243 1683 3298; x_wconf 90' lang='lat' dir='ltr'><strong>cunctabundi</strong></span> <span class='ocrx_word' id='word_1_458' title='bbox 1727 3245 1874 3312; x_wconf 88' lang='lat' dir='ltr'><strong>licet,</strong></span> <span class='ocrx_word' id='word_1_459' title='bbox 1915 3246 2060 3302; x_wconf 89' lang='lat' dir='ltr'><strong>circa</strong></span> 
     </span>
    </p>
   </div>
   <div class='ocr_carea' id='block_1_66' title="bbox 477 3325 2061 3408">
    <p class='ocr_par' dir='ltr' id='par_1_66' title="bbox 477 3325 2061 3408">
     <span class='ocr_line' id='line_1_67' title="bbox 477 3325 2061 3408; baseline 0.008 -28"><span class='ocrx_word' id='word_1_460' title='bbox 477 3325 680 3382; x_wconf 82' lang='lat' dir='ltr'><strong>Christi</strong></span> <span class='ocrx_word' id='word_1_461' title='bbox 712 3345 918 3386; x_wconf 88' lang='lat' dir='ltr'><strong>annum</strong></span> <span class='ocrx_word' id='word_1_462' title='bbox 942 3331 1012 3387; x_wconf 90' lang='lat'><strong>80</strong></span> <span class='ocrx_word' id='word_1_463' title='bbox 1034 3333 1189 3389; x_wconf 84' lang='lat' dir='ltr'><strong>cruci</strong></span> <span class='ocrx_word' id='word_1_464' title='bbox 1211 3333 1429 3390; x_wconf 77' lang='lat' dir='ltr'><strong>afﬁxam</strong></span> <span class='ocrx_word' id='word_1_465' title='bbox 1458 3336 1510 3389; x_wconf 73' lang='grc' dir='ltr'><strong>ὃ.</strong></span> <span class='ocrx_word' id='word_1_466' title='bbox 1539 3335 1812 3391; x_wconf 81' lang='lat' dir='ltr'><strong>Andream</strong></span> <span class='ocrx_word' id='word_1_467' title='bbox 1839 3347 2061 3408; x_wconf 87' lang='lat' dir='ltr'><strong>aposto-</strong></span> 
     </span>
    </p>
   </div>
   <div class='ocr_carea' id='block_1_67' title="bbox 478 3420 2061 3499">
    <p class='ocr_par' dir='ltr' id='par_1_67' title="bbox 478 3420 2061 3499">
     <span class='ocr_line' id='line_1_68' title="bbox 478 3420 2061 3499; baseline 0.009 -27"><span class='ocrx_word' id='word_1_468' title='bbox 478 3420 591 3476; x_wconf 88' lang='lat' dir='ltr'><strong>lum</strong></span> <span class='ocrx_word' id='word_1_469' title='bbox 629 3423 956 3494; x_wconf 88' lang='lat' dir='ltr'><strong>martyrium</strong></span> <span class='ocrx_word' id='word_1_470' title='bbox 984 3440 1425 3493; x_wconf 89' lang='lat' dir='ltr'><strong>consummasse,</strong></span> <span class='ocrx_word' id='word_1_471' title='bbox 1461 3428 1703 3499; x_wconf 89' lang='lat' dir='ltr'><strong>adeoque</strong></span> <span class='ocrx_word' id='word_1_472' title='bbox 1737 3445 1861 3484; x_wconf 73' lang='grc' dir='ltr'><strong>ιιιοκ</strong></span> <span class='ocrx_word' id='word_1_473' title='bbox 1889 3429 2061 3487; x_wconf 83' lang='lat' dir='ltr'><strong>fuisse</strong></span> 
     </span>
    </p>
   </div>
   <div class='ocr_carea' id='block_1_68' title="bbox 479 3500 2062 3591">
    <p class='ocr_par' dir='ltr' id='par_1_68' title="bbox 479 3500 2062 3591">
     <span class='ocr_line' id='line_1_69' title="bbox 479 3500 2062 3591; baseline 0.006 -24"><span class='ocrx_word' id='word_1_474' title='bbox 479 3500 834 3584; x_wconf 78' lang='lat' dir='ltr'><strong>perscriptum</strong></span> <span class='ocrx_word' id='word_1_475' title='bbox 853 3518 1346 3591; x_wconf 86' lang='lat' dir='ltr'><strong>circnmlatamque</strong></span> <span class='ocrx_word' id='word_1_476' title='bbox 1372 3518 1628 3576; x_wconf 68' lang='lat' dir='ltr'><strong>Ecclesiae</strong></span> <span class='ocrx_word' id='word_1_477' title='bbox 1654 3520 1908 3576; x_wconf 71' lang='lat' dir='ltr'><strong>Achaica:</strong></span> <span class='ocrx_word' id='word_1_478' title='bbox 1932 3519 2062 3591; x_wconf 90' lang='lat' dir='ltr'><strong>Epi-</strong></span> 
     </span>
    </p>
   </div>
   <div class='ocr_carea' id='block_1_69' title="bbox 478 3608 1101 3667">
    <p class='ocr_par' dir='ltr' id='par_1_69' title="bbox 478 3608 1101 3667">
     <span class='ocr_line' id='line_1_70' title="bbox 478 3608 1101 3667; baseline 0.003 -4"><span class='ocrx_word' id='word_1_479' title='bbox 478 3608 675 3663; x_wconf 89' lang='lat' dir='ltr'><strong>stolam</strong></span> <span class='ocrx_word' id='word_1_480' title='bbox 697 3609 1101 3667; x_wconf 82' lang='lat' dir='ltr'><strong>existimamus.</strong></span> 
     </span>
    </p>
   </div>
   <div class='ocr_carea' id='block_1_70' title="bbox 496 3698 2059 3778">
    <p class='ocr_par' dir='ltr' id='par_1_70' title="bbox 496 3698 2059 3778">
     <span class='ocr_line' id='line_1_71' title="bbox 496 3698 2059 3778; baseline 0.008 -26"><span class='ocrx_word' id='word_1_481' title='bbox 496 3698 499 3707; x_wconf 93' lang='lat'>&#39;</span> <span class='ocrx_word' id='word_1_482' title='bbox 551 3698 837 3754; x_wconf 82' lang='lat' dir='ltr'><strong>Mirabitur</strong></span> <span class='ocrx_word' id='word_1_483' title='bbox 855 3699 1090 3758; x_wconf 85' lang='lat' dir='ltr'><strong>fortasse</strong></span> <span class='ocrx_word' id='word_1_484' title='bbox 1119 3703 1392 3775; x_wconf 86' lang='lat' dir='ltr'><strong>quispiam</strong></span> <span class='ocrx_word' id='word_1_485' title='bbox 1426 3720 1527 3762; x_wconf 90' lang='lat' dir='ltr'><strong>nos</strong></span> <span class='ocrx_word' id='word_1_486' title='bbox 1549 3707 1632 3762; x_wconf 88' lang='lat' dir='ltr'><strong>vel</strong></span> <span class='ocrx_word' id='word_1_487' title='bbox 1656 3706 1874 3778; x_wconf 77' lang='lat' dir='ltr'><strong>longius</strong></span> <span class='ocrx_word' id='word_1_488' title='bbox 1891 3723 2059 3778; x_wconf 88' lang='lat' dir='ltr'><strong>quam</strong></span> 
     </span>
    </p>
   </div>
   <div class='ocr_carea' id='block_1_71' title="bbox 479 3788 2052 3869">
    <p class='ocr_par' dir='ltr' id='par_1_71' title="bbox 479 3788 2052 3869">
     <span class='ocr_line' id='line_1_72' title="bbox 479 3788 2052 3869; baseline 0.006 -25"><span class='ocrx_word' id='word_1_489' title='bbox 479 3803 580 3858; x_wconf 88' lang='lat' dir='ltr'><strong>par</strong></span> <span class='ocrx_word' id='word_1_490' title='bbox 628 3790 699 3845; x_wconf 90' lang='lat' dir='ltr'><strong>sit</strong></span> <span class='ocrx_word' id='word_1_491' title='bbox 752 3788 814 3845; x_wconf 84' lang='grc' dir='ltr'><strong>Β.</strong></span> <span class='ocrx_word' id='word_1_492' title='bbox 875 3793 1107 3862; x_wconf 87' lang='lat' dir='ltr'><strong>apostoli</strong></span> <span class='ocrx_word' id='word_1_493' title='bbox 1144 3794 1307 3849; x_wconf 82' lang='lat' dir='ltr'><strong>vitam</strong></span> <span class='ocrx_word' id='word_1_494' title='bbox 1338 3797 1685 3869; x_wconf 2' lang='lat' dir='ltr'><strong>(protrahere,</strong></span> <span class='ocrx_word' id='word_1_495' title='bbox 1728 3798 1813 3852; x_wconf 86' lang='lat' dir='ltr'><strong>vel</strong></span> <span class='ocrx_word' id='word_1_496' title='bbox 1866 3798 2052 3868; x_wconf 89' lang='lat' dir='ltr'><strong>potius</strong></span> 
     </span>
    </p>
   </div>
   <div class='ocr_carea' id='block_1_72' title="bbox 481 3884 2058 3962">
    <p class='ocr_par' dir='ltr' id='par_1_72' title="bbox 481 3884 2058 3962">
     <span class='ocr_line' id='line_1_73' title="bbox 481 3884 2058 3962; baseline 0.005 -23"><span class='ocrx_word' id='word_1_497' title='bbox 481 3884 661 3955; x_wconf 84' lang='lat' dir='ltr'><strong>ipsum</strong></span> <span class='ocrx_word' id='word_1_498' title='bbox 692 3884 924 3955; x_wconf 88' lang='lat' dir='ltr'><strong>imperio</strong></span> <span class='ocrx_word' id='word_1_499' title='bbox 946 3884 1270 3956; x_wconf 65' lang='lat' dir='ltr'><strong>Vespasiani</strong></span> <span class='ocrx_word' id='word_1_500' title='bbox 1298 3888 1605 3955; x_wconf 88' lang='lat' dir='ltr'><strong>desinente,</strong></span> <span class='ocrx_word' id='word_1_501' title='bbox 1638 3889 1902 3962; x_wconf 85' lang='lat' dir='ltr'><strong>martyrio</strong></span> <span class='ocrx_word' id='word_1_502' title='bbox 1922 3891 2058 3947; x_wconf 85' lang='lat' dir='ltr'><strong>sub-</strong></span> 
     </span>
    </p>
   </div>
   <div class='ocr_carea' id='block_1_73' title="bbox 480 3977 2060 4052">
    <p class='ocr_par' dir='ltr' id='par_1_73' title="bbox 480 3977 2060 4052">
     <span class='ocr_line' id='line_1_74' title="bbox 480 3977 2060 4052; baseline 0.004 -21"><span class='ocrx_word' id='word_1_503' title='bbox 480 3977 651 4031; x_wconf 87' lang='lat' dir='ltr'><strong>latum</strong></span> <span class='ocrx_word' id='word_1_504' title='bbox 684 3991 950 4044; x_wconf 87' lang='lat' dir='ltr'><strong>asserere,</strong></span> <span class='ocrx_word' id='word_1_505' title='bbox 988 3994 1151 4049; x_wconf 88' lang='lat' dir='ltr'><strong>quem</strong></span> <span class='ocrx_word' id='word_1_506' title='bbox 1203 3988 1384 4034; x_wconf 88' lang='lat' dir='ltr'><strong>tamen</strong></span> <span class='ocrx_word' id='word_1_507' title='bbox 1444 3980 1889 4037; x_wconf 87' lang='lat' dir='ltr'><strong>Christianorum</strong></span> <span class='ocrx_word' id='word_1_508' title='bbox 1935 3997 2060 4052; x_wconf 90' lang='lat' dir='ltr'><strong>per-</strong></span> 
     </span>
    </p>
   </div>
   <div class='ocr_carea' id='block_1_74' title="bbox 480 4069 2059 4143">
    <p class='ocr_par' dir='ltr' id='par_1_74' title="bbox 480 4069 2059 4143">
     <span class='ocr_line' id='line_1_75' title="bbox 480 4069 2059 4143; baseline 0.003 -17"><span class='ocrx_word' id='word_1_509' title='bbox 480 4079 789 4129; x_wconf 81' lang='lat' dir='ltr'><strong>secutorem</strong></span> <span class='ocrx_word' id='word_1_510' title='bbox 831 4069 1003 4127; x_wconf 89' lang='lat' dir='ltr'><strong>fuisse</strong></span> <span class='ocrx_word' id='word_1_511' title='bbox 1046 4086 1209 4126; x_wconf 87' lang='lat' dir='ltr'><strong>nemo</strong></span> <span class='ocrx_word' id='word_1_512' title='bbox 1264 4071 1480 4127; x_wconf 79' lang='lat' dir='ltr'><strong>dixerit.</strong></span> <span class='ocrx_word' id='word_1_513' title='bbox 1522 4070 1604 4127; x_wconf 90' lang='lat' dir='ltr'><strong>Ad</strong></span> <span class='ocrx_word' id='word_1_514' title='bbox 1639 4073 1880 4143; x_wconf 89' lang='lat' dir='ltr'><strong>primum</strong></span> <span class='ocrx_word' id='word_1_515' title='bbox 1930 4088 2059 4131; x_wconf 89' lang='lat' dir='ltr'><strong>vero</strong></span> 
     </span>
    </p>
   </div>
   <div class='ocr_carea' id='block_1_75' title="bbox 478 4161 2059 4236">
    <p class='ocr_par' dir='ltr' id='par_1_75' title="bbox 478 4161 2059 4236">
     <span class='ocr_line' id='line_1_76' title="bbox 478 4161 2059 4236; baseline 0.003 -21"><span class='ocrx_word' id='word_1_516' title='bbox 478 4162 625 4233; x_wconf 85' lang='lat' dir='ltr'><strong>quod</strong></span> <span class='ocrx_word' id='word_1_517' title='bbox 646 4161 858 4227; x_wconf 87' lang='lat' dir='ltr'><strong>attinet,</strong></span> <span class='ocrx_word' id='word_1_518' title='bbox 890 4162 1188 4233; x_wconf 83' lang='lat' dir='ltr'><strong>objectioni</strong></span> <span class='ocrx_word' id='word_1_519' title='bbox 1219 4163 1568 4220; x_wconf 84' lang='lat' dir='ltr'><strong>occurrimus</strong></span> <span class='ocrx_word' id='word_1_520' title='bbox 1596 4180 1858 4236; x_wconf 88' lang='lat' dir='ltr'><strong>magnum</strong></span> <span class='ocrx_word' id='word_1_521' title='bbox 1886 4164 2059 4221; x_wconf 89' lang='lat' dir='ltr'><strong>Baro-</strong></span> 
     </span>
    </p>
   </div>
   <div class='ocr_carea' id='block_1_76' title="bbox 480 4252 2054 4328">
    <p class='ocr_par' dir='ltr' id='par_1_76' title="bbox 480 4252 2054 4328">
     <span class='ocr_line' id='line_1_77' title="bbox 480 4252 2054 4328; baseline 0.003 -20"><span class='ocrx_word' id='word_1_522' title='bbox 480 4254 632 4309; x_wconf 88' lang='lat' dir='ltr'><strong>nium</strong></span> <span class='ocrx_word' id='word_1_523' title='bbox 664 4252 920 4310; x_wconf 88' lang='lat' dir='ltr'><strong>assectati</strong></span> <span class='ocrx_word' id='word_1_524' title='bbox 940 4271 955 4321; x_wconf 91' lang='lat'><strong>;</strong></span> <span class='ocrx_word' id='word_1_525' title='bbox 979 4253 1074 4325; x_wconf 90' lang='lat' dir='ltr'><strong>qui</strong></span> <span class='ocrx_word' id='word_1_526' title='bbox 1104 4253 1171 4309; x_wconf 90' lang='lat' dir='ltr'><strong>de</strong></span> <span class='ocrx_word' id='word_1_527' title='bbox 1198 4255 1503 4311; x_wconf 89' lang='lat' dir='ltr'><strong>novissimo</strong></span> <span class='ocrx_word' id='word_1_528' title='bbox 1525 4256 1722 4322; x_wconf 88' lang='lat' dir='ltr'><strong>lustro,</strong></span> <span class='ocrx_word' id='word_1_529' title='bbox 1752 4265 1807 4312; x_wconf 89' lang='lat' dir='ltr'><strong>et</strong></span> <span class='ocrx_word' id='word_1_530' title='bbox 1836 4258 2054 4328; x_wconf 89' lang='lat' dir='ltr'><strong>quidem</strong></span> 
     </span>
    </p>
   </div>
   <div class='ocr_carea' id='block_1_77' title="bbox 2162 3139 3693 3216">
    <p class='ocr_par' dir='ltr' id='par_1_77' title="bbox 2162 3139 3693 3216">
     <span class='ocr_line' id='line_1_78' title="bbox 2162 3139 3693 3216; baseline -0.004 -20"><span class='ocrx_word' id='word_1_531' title='bbox 2162 3153 2338 3197; x_wconf 88' lang='lat' dir='ltr'><strong>autem</strong></span> <span class='ocrx_word' id='word_1_532' title='bbox 2413 3157 2462 3199; x_wconf 89' lang='lat' dir='ltr'><strong>et</strong></span> <span class='ocrx_word' id='word_1_533' title='bbox 2536 3143 2938 3214; x_wconf 80' lang='lat' dir='ltr'><strong>publicanorum</strong></span> <span class='ocrx_word' id='word_1_534' title='bbox 3016 3146 3468 3216; x_wconf 66' lang='lat' dir='ltr'><strong>tentoriorum/(ue</strong></span> <span class='ocrx_word' id='word_1_535' title='bbox 3535 3139 3693 3195; x_wconf 78' lang='lat' dir='ltr'><strong>sutoris</strong></span> 
     </span>
    </p>
   </div>
   <div class='ocr_carea' id='block_1_78' title="bbox 2162 3234 3691 3308">
    <p class='ocr_par' dir='ltr' id='par_1_78' title="bbox 2162 3234 3691 3308">
     <span class='ocr_line' id='line_1_79' title="bbox 2162 3234 3691 3308; baseline -0.005 -18"><span class='ocrx_word' id='word_1_536' title='bbox 2162 3237 2318 3308; x_wconf 80' lang='lat' dir='ltr'><strong>leges,</strong></span> <span class='ocrx_word' id='word_1_537' title='bbox 2356 3253 2459 3290; x_wconf 87' lang='lat' dir='ltr'><strong>non</strong></span> <span class='ocrx_word' id='word_1_538' title='bbox 2494 3236 2680 3302; x_wconf 80' lang='lat' dir='ltr'><strong>Caius,</strong></span> <span class='ocrx_word' id='word_1_539' title='bbox 2715 3253 2820 3290; x_wconf 84' lang='lat' dir='ltr'><strong>non</strong></span> <span class='ocrx_word' id='word_1_540' title='bbox 2849 3234 3107 3291; x_wconf 74' lang='lat' dir='ltr'><strong>Claudius</strong></span> <span class='ocrx_word' id='word_1_541' title='bbox 3126 3237 3413 3292; x_wconf 77' lang='lat' dir='ltr'><strong>dissolvere</strong></span> <span class='ocrx_word' id='word_1_542' title='bbox 3436 3242 3691 3306; x_wconf 82' lang='lat' dir='ltr'><strong>potuerunt,</strong></span> 
     </span>
    </p>
   </div>
   <div class='ocr_carea' id='block_1_79' title="bbox 2163 3325 3693 3401">
    <p class='ocr_par' dir='ltr' id='par_1_79' title="bbox 2163 3325 3693 3401">
     <span class='ocr_line' id='line_1_80' title="bbox 2163 3325 3693 3401; baseline -0.002 -19"><span class='ocrx_word' id='word_1_543' title='bbox 2163 3346 2326 3401; x_wconf 85' lang='lat' dir='ltr'><strong>neque</strong></span> <span class='ocrx_word' id='word_1_544' title='bbox 2378 3330 2594 3384; x_wconf 86' lang='lat' dir='ltr'><strong>illorum</strong></span> <span class='ocrx_word' id='word_1_545' title='bbox 2642 3347 2914 3385; x_wconf 77' lang='lat' dir='ltr'><strong>successor</strong></span> <span class='ocrx_word' id='word_1_546' title='bbox 2950 3330 3095 3386; x_wconf 83' lang='lat' dir='ltr'><strong>Nero</strong></span> <span class='ocrx_word' id='word_1_547' title='bbox 3131 3349 3150 3387; x_wconf 90' lang='lat'><strong><em>:</em></strong></span> <span class='ocrx_word' id='word_1_548' title='bbox 3201 3332 3286 3385; x_wconf 70' lang='lat' dir='ltr'><strong>llic</strong></span> <span class='ocrx_word' id='word_1_549' title='bbox 3332 3332 3472 3387; x_wconf 84' lang='lat' dir='ltr'><strong>enim</strong></span> <span class='ocrx_word' id='word_1_550' title='bbox 3523 3325 3693 3383; x_wconf 77' lang='lat' dir='ltr'><strong>tametsi</strong></span> 
     </span>
    </p>
   </div>
   <div class='ocr_carea' id='block_1_80' title="bbox 2163 3420 3694 3492">
    <p class='ocr_par' dir='ltr' id='par_1_80' title="bbox 2163 3420 3694 3492">
     <span class='ocr_line' id='line_1_81' title="bbox 2163 3420 3694 3492; baseline -0.002 -18"><span class='ocrx_word' id='word_1_551' title='bbox 2163 3423 2295 3475; x_wconf 87' lang='lat' dir='ltr'><strong>duos</strong></span> <span class='ocrx_word' id='word_1_552' title='bbox 2323 3422 2550 3491; x_wconf 86' lang='lat' dir='ltr'><strong>optimos</strong></span> <span class='ocrx_word' id='word_1_553' title='bbox 2576 3420 2911 3492; x_wconf 68' lang='lat' dir='ltr'><strong>legislatores</strong></span> <span class='ocrx_word' id='word_1_554' title='bbox 2933 3422 3244 3487; x_wconf 84' lang='lat' dir='ltr'><strong>sustulerit;</strong></span> <span class='ocrx_word' id='word_1_555' title='bbox 3271 3421 3488 3477; x_wconf 76' lang='lat' dir='ltr'><strong>Petrum</strong></span> <span class='ocrx_word' id='word_1_556' title='bbox 3510 3430 3694 3486; x_wconf 72' lang='lat' dir='ltr'><strong>namque</strong></span> 
     </span>
    </p>
   </div>
   <div class='ocr_carea' id='block_1_81' title="bbox 2160 3504 3725 3585">
    <p class='ocr_par' dir='ltr' id='par_1_81' title="bbox 2160 3504 3725 3585">
     <span class='ocr_line' id='line_1_82' title="bbox 2160 3504 3725 3585; baseline -0.003 -18"><span class='ocrx_word' id='word_1_557' title='bbox 2160 3529 2226 3567; x_wconf 85' lang='lat' dir='ltr'><strong>ac</strong></span> <span class='ocrx_word' id='word_1_558' title='bbox 2252 3512 2485 3566; x_wconf 88' lang='lat' dir='ltr'><strong>Paulum</strong></span> <span class='ocrx_word' id='word_1_559' title='bbox 2516 3513 2748 3582; x_wconf 81' lang='lat' dir='ltr'><strong>interﬁci</strong></span> <span class='ocrx_word' id='word_1_560' title='bbox 2759 3513 2960 3582; x_wconf 86' lang='lat' dir='ltr'><strong>jussit;</strong></span> <span class='ocrx_word' id='word_1_561' title='bbox 2986 3524 3040 3568; x_wconf 91' lang='lat' dir='ltr'><strong>at</strong></span> <span class='ocrx_word' id='word_1_562' title='bbox 3060 3524 3199 3569; x_wconf 85' lang='lat' dir='ltr'><strong>certe</strong></span> <span class='ocrx_word' id='word_1_563' title='bbox 3222 3513 3362 3585; x_wconf 80' lang='lat' dir='ltr'><strong>leges</strong></span> <span class='ocrx_word' id='word_1_564' title='bbox 3392 3504 3725 3577; x_wconf 58' lang='lat' dir='ltr'><strong>cuntlegislw.</strong></span> 
     </span>
    </p>
   </div>
   <div class='ocr_carea' id='block_1_82' title="bbox 2162 3598 3692 3677">
    <p class='ocr_par' dir='ltr' id='par_1_82' title="bbox 2162 3598 3692 3677">
     <span class='ocr_line' id='line_1_83' title="bbox 2162 3598 3692 3677; baseline 0 -16"><span class='ocrx_word' id='word_1_565' title='bbox 2162 3606 2365 3662; x_wconf 83' lang='lat' dir='ltr'><strong>toribus</strong></span> <span class='ocrx_word' id='word_1_566' title='bbox 2398 3609 2540 3662; x_wconf 80' lang='lat' dir='ltr'><strong>haud</strong></span> <span class='ocrx_word' id='word_1_567' title='bbox 2575 3607 2816 3662; x_wconf 80' lang='lat' dir='ltr'><strong>sustulit.</strong></span> <span class='ocrx_word' id='word_1_568' title='bbox 2850 3605 2974 3661; x_wconf 86' lang='lat' dir='ltr'><strong>Non</strong></span> <span class='ocrx_word' id='word_1_569' title='bbox 3021 3605 3397 3677; x_wconf 85' lang='lat' dir='ltr'><strong>Vespasianus,</strong></span> <span class='ocrx_word' id='word_1_570' title='bbox 3436 3621 3527 3659; x_wconf 84' lang='lat' dir='ltr'><strong>non</strong></span> <span class='ocrx_word' id='word_1_571' title='bbox 3557 3598 3692 3661; x_wconf 65' lang='lat' dir='ltr'><strong>Tim.</strong></span> 
     </span>
    </p>
   </div>
   <div class='ocr_carea' id='block_1_83' title="bbox 2162 3696 3696 3775">
    <p class='ocr_par' dir='ltr' id='par_1_83' title="bbox 2162 3696 3696 3775">
     <span class='ocr_line' id='line_1_84' title="bbox 2162 3696 3696 3775; baseline -0.007 -21"><span class='ocrx_word' id='word_1_572' title='bbox 2162 3717 2265 3755; x_wconf 83' lang='lat' dir='ltr'><strong>non</strong></span> <span class='ocrx_word' id='word_1_573' title='bbox 2296 3701 2665 3767; x_wconf 85' lang='lat' dir='ltr'><strong>Domitianus;</strong></span> <span class='ocrx_word' id='word_1_574' title='bbox 2695 3720 3003 3775; x_wconf 83' lang='lat' dir='ltr'><strong>quanquam</strong></span> <span class='ocrx_word' id='word_1_575' title='bbox 3028 3702 3209 3756; x_wconf 82' lang='lat' dir='ltr'><strong>ntultis</strong></span> <span class='ocrx_word' id='word_1_576' title='bbox 3239 3719 3302 3756; x_wconf 86' lang='lat' dir='ltr'><strong>ac</strong></span> <span class='ocrx_word' id='word_1_577' title='bbox 3325 3696 3597 3769; x_wconf 81' lang='lat' dir='ltr'><strong>omnigenis</strong></span> <span class='ocrx_word' id='word_1_578' title='bbox 3611 3708 3696 3746; x_wconf 81' lang='lat' dir='ltr'><strong>uta-</strong></span> 
     </span>
    </p>
   </div>
   <div class='ocr_carea' id='block_1_84' title="bbox 2162 3794 3384 3867">
    <p class='ocr_par' dir='ltr' id='par_1_84' title="bbox 2162 3794 3384 3867">
     <span class='ocr_line' id='line_1_85' title="bbox 2162 3794 3384 3867; baseline 0.002 -21"><span class='ocrx_word' id='word_1_579' title='bbox 2162 3794 2555 3849; x_wconf 80' lang='lat' dir='ltr'><strong>chinationitms</strong></span> <span class='ocrx_word' id='word_1_580' title='bbox 2577 3813 2666 3850; x_wconf 79' lang='lat' dir='ltr'><strong>eas</strong></span> <span class='ocrx_word' id='word_1_581' title='bbox 2695 3812 2999 3867; x_wconf 83' lang='lat' dir='ltr'><strong>oppugnare</strong></span> <span class='ocrx_word' id='word_1_582' title='bbox 3033 3794 3384 3849; x_wconf 73' lang='lat' dir='ltr'><strong>contenderit.</strong></span> 
     </span>
    </p>
   </div>
   <div class='ocr_carea' id='block_1_85' title="bbox 2208 3875 3695 3958">
    <p class='ocr_par' dir='ltr' id='par_1_85' title="bbox 2208 3875 3695 3958">
     <span class='ocr_line' id='line_1_86' title="bbox 2208 3875 3695 3958; baseline -0.005 -19"><span class='ocrx_word' id='word_1_583' title='bbox 2208 3884 2394 3956; x_wconf 88' lang='lat' dir='ltr'><strong>Neque</strong></span> <span class='ocrx_word' id='word_1_584' title='bbox 2404 3887 2622 3942; x_wconf 87' lang='lat' dir='ltr'><strong>demum</strong></span> <span class='ocrx_word' id='word_1_585' title='bbox 2641 3896 2799 3958; x_wconf 91' lang='lat' dir='ltr'><strong>putes</strong></span> <span class='ocrx_word' id='word_1_586' title='bbox 2817 3887 3065 3942; x_wconf 86' lang='lat' dir='ltr'><strong>laudatos</strong></span> <span class='ocrx_word' id='word_1_587' title='bbox 3078 3885 3271 3942; x_wconf 84' lang='lat' dir='ltr'><strong>Patres</strong></span> <span class='ocrx_word' id='word_1_588' title='bbox 3285 3885 3390 3941; x_wconf 85' lang='lat' dir='ltr'><strong>sibi</strong></span> <span class='ocrx_word' id='word_1_589' title='bbox 3405 3883 3611 3939; x_wconf 84' lang='lat' dir='ltr'><strong>invicem</strong></span> <span class='ocrx_word' id='word_1_590' title='bbox 3624 3875 3695 3931; x_wconf 81' lang='lat' dir='ltr'><strong>ad-</strong></span> 
     </span>
    </p>
   </div>
   <div class='ocr_carea' id='block_1_86' title="bbox 2159 3968 3688 4047">
    <p class='ocr_par' dir='ltr' id='par_1_86' title="bbox 2159 3968 3688 4047">
     <span class='ocr_line' id='line_1_87' title="bbox 2159 3968 3688 4047; baseline 0 -16"><span class='ocrx_word' id='word_1_591' title='bbox 2159 3977 2387 4044; x_wconf 86' lang='lat' dir='ltr'><strong>versari;</strong></span> <span class='ocrx_word' id='word_1_592' title='bbox 2406 3980 2728 4034; x_wconf 89' lang='lat' dir='ltr'><strong>convenient</strong></span> <span class='ocrx_word' id='word_1_593' title='bbox 2742 3980 2908 4042; x_wconf 89' lang='lat' dir='ltr'><strong>enim.</strong></span> <span class='ocrx_word' id='word_1_594' title='bbox 2927 3991 2986 4035; x_wconf 88' lang='lat' dir='ltr'><strong>ut</strong></span> <span class='ocrx_word' id='word_1_595' title='bbox 3012 3988 3155 4035; x_wconf 91' lang='lat' dir='ltr'><strong>recte</strong></span> <span class='ocrx_word' id='word_1_596' title='bbox 3172 3977 3563 4047; x_wconf 86' lang='lat' dir='ltr'><strong>Havercampus</strong></span> <span class='ocrx_word' id='word_1_597' title='bbox 3581 3968 3688 4041; x_wconf 69' lang='grc'><strong>(67),</strong></span> 
     </span>
    </p>
   </div>
   <div class='ocr_carea' id='block_1_87' title="bbox 2161 4059 3691 4141">
    <p class='ocr_par' dir='ltr' id='par_1_87' title="bbox 2161 4059 3691 4141">
     <span class='ocr_line' id='line_1_88' title="bbox 2161 4059 3691 4141; baseline -0.005 -16"><span class='ocrx_word' id='word_1_598' title='bbox 2161 4070 2207 4125; x_wconf 91' lang='lat' dir='ltr'><strong>si</strong></span> <span class='ocrx_word' id='word_1_599' title='bbox 2255 4070 2461 4126; x_wconf 80' lang='lat' dir='ltr'><strong>dixeris</strong></span> <span class='ocrx_word' id='word_1_600' title='bbox 2484 4070 2536 4126; x_wconf 93' lang='lat' dir='ltr'><strong>id</strong></span> <span class='ocrx_word' id='word_1_601' title='bbox 2584 4072 2728 4140; x_wconf 92' lang='lat' dir='ltr'><strong>quod</strong></span> <span class='ocrx_word' id='word_1_602' title='bbox 2750 4087 2837 4127; x_wconf 89' lang='lat' dir='ltr'><strong>res</strong></span> <span class='ocrx_word' id='word_1_603' title='bbox 2859 4082 2962 4137; x_wconf 89' lang='lat' dir='ltr'><strong>est,</strong></span> <span class='ocrx_word' id='word_1_604' title='bbox 2984 4070 3238 4127; x_wconf 67' lang='lat' dir='ltr'><strong>Ecclesiae</strong></span> <span class='ocrx_word' id='word_1_605' title='bbox 3266 4076 3618 4141; x_wconf 85' lang='lat' dir='ltr'><strong>persecutores</strong></span> <span class='ocrx_word' id='word_1_606' title='bbox 3637 4059 3691 4114; x_wconf 75' lang='lat' dir='ltr'><strong>ab</strong></span> 
     </span>
    </p>
   </div>
   <div class='ocr_carea' id='block_1_88' title="bbox 2161 4150 3686 4227">
    <p class='ocr_par' dir='ltr' id='par_1_88' title="bbox 2161 4150 3686 4227">
     <span class='ocr_line' id='line_1_89' title="bbox 2161 4150 3686 4227; baseline -0.002 -11"><span class='ocrx_word' id='word_1_607' title='bbox 2161 4160 2369 4217; x_wconf 82' lang='lat' dir='ltr'><strong>Hilario</strong></span> <span class='ocrx_word' id='word_1_608' title='bbox 2413 4177 2479 4218; x_wconf 88' lang='lat' dir='ltr'><strong>ac</strong></span> <span class='ocrx_word' id='word_1_609' title='bbox 2537 4161 2872 4227; x_wconf 87' lang='lat' dir='ltr'><strong>Theodorito</strong></span> <span class='ocrx_word' id='word_1_610' title='bbox 2922 4170 3292 4227; x_wconf 89' lang='lat' dir='ltr'><strong>memoratos,</strong></span> <span class='ocrx_word' id='word_1_611' title='bbox 3339 4169 3475 4215; x_wconf 85' lang='lat' dir='ltr'><strong>tecte</strong></span> <span class='ocrx_word' id='word_1_612' title='bbox 3505 4150 3686 4226; x_wconf 70' lang='lat' dir='ltr'><strong>quidem</strong></span> 
     </span>
    </p>
   </div>
   <div class='ocr_carea' id='block_1_89' title="bbox 2160 4248 3687 4324">
    <p class='ocr_par' dir='ltr' id='par_1_89' title="bbox 2160 4248 3687 4324">
     <span class='ocr_line' id='line_1_90' title="bbox 2160 4248 3687 4324; baseline -0.009 -15"><span class='ocrx_word' id='word_1_613' title='bbox 2160 4269 2375 4317; x_wconf 86' lang='lat' dir='ltr'><strong>omnes,</strong></span> <span class='ocrx_word' id='word_1_614' title='bbox 2407 4270 2516 4310; x_wconf 91' lang='lat' dir='ltr'><strong>non</strong></span> <span class='ocrx_word' id='word_1_615' title='bbox 2541 4271 2670 4311; x_wconf 90' lang='lat' dir='ltr'><strong>vero</strong></span> <span class='ocrx_word' id='word_1_616' title='bbox 2691 4264 2877 4324; x_wconf 86' lang='lat' dir='ltr'><strong>aperta</strong></span> <span class='ocrx_word' id='word_1_617' title='bbox 2909 4254 2984 4318; x_wconf 91' lang='lat' dir='ltr'><strong>vi,</strong></span> <span class='ocrx_word' id='word_1_618' title='bbox 3012 4261 3073 4308; x_wconf 92' lang='lat' dir='ltr'><strong>ut</strong></span> <span class='ocrx_word' id='word_1_619' title='bbox 3095 4250 3258 4320; x_wconf 83' lang='lat' dir='ltr'><strong>Nero,</strong></span> <span class='ocrx_word' id='word_1_620' title='bbox 3287 4264 3348 4308; x_wconf 92' lang='lat' dir='ltr'><strong>ut</strong></span> <span class='ocrx_word' id='word_1_621' title='bbox 3376 4248 3687 4305; x_wconf 83' lang='lat' dir='ltr'><strong>Domitianus.</strong></span> 
     </span>
    </p>
   </div>
   <div class='ocr_carea' id='block_1_90' title="bbox 481 4332 3688 4421">
    <p class='ocr_par' dir='ltr' id='par_1_90' title="bbox 481 4332 3688 4421">
     <span class='ocr_line' id='line_1_91' title="bbox 481 4332 3688 4421; baseline -0.005 -19"><span class='ocrx_word' id='word_1_622' title='bbox 481 4347 585 4402; x_wconf 87' lang='lat' dir='ltr'><strong>sub</strong></span> <span class='ocrx_word' id='word_1_623' title='bbox 611 4345 949 4418; x_wconf 83' lang='lat' dir='ltr'><strong>Vespasiano</strong></span> <span class='ocrx_word' id='word_1_624' title='bbox 972 4357 1197 4418; x_wconf 87' lang='lat' dir='ltr'><strong>peracto</strong></span> <span class='ocrx_word' id='word_1_625' title='bbox 1230 4349 1396 4404; x_wconf 88' lang='lat' dir='ltr'><strong>verba</strong></span> <span class='ocrx_word' id='word_1_626' title='bbox 1445 4349 1652 4407; x_wconf 86' lang='lat' dir='ltr'><strong>faciens</strong></span> <span class='ocrx_word' id='word_1_627' title='bbox 1696 4349 1837 4421; x_wconf 72' lang='lat'><strong>(62),</strong></span> <span class='ocrx_word' id='word_1_628' title='bbox 1874 4350 2056 4407; x_wconf 88' lang='lat' dir='ltr'><strong>locum</strong></span> <span class='ocrx_word' id='word_1_629' title='bbox 2091 4354 2137 4411; x_wconf 82' lang='grc' dir='ltr'><strong>ι)</strong></span> <span class='ocrx_word' id='word_1_630' title='bbox 2167 4342 2338 4402; x_wconf 88' lang='lat' dir='ltr'><strong>fuisse</strong></span> <span class='ocrx_word' id='word_1_631' title='bbox 2361 4354 2665 4417; x_wconf 74' lang='lat' dir='ltr'><strong>grassatos.</strong></span> <span class='ocrx_word' id='word_1_632' title='bbox 2700 4345 2782 4401; x_wconf 92' lang='lat' dir='ltr'><strong>Ad</strong></span> <span class='ocrx_word' id='word_1_633' title='bbox 2843 4343 3236 4416; x_wconf 76' lang='lat' dir='ltr'><strong>Vespasianum</strong></span> <span class='ocrx_word' id='word_1_634' title='bbox 3284 4360 3417 4400; x_wconf 87' lang='lat' dir='ltr'><strong>sane</strong></span> <span class='ocrx_word' id='word_1_635' title='bbox 3440 4337 3569 4412; x_wconf 88' lang='lat' dir='ltr'><strong>quod</strong></span> <span class='ocrx_word' id='word_1_636' title='bbox 3588 4332 3688 4388; x_wconf 63' lang='lat' dir='ltr'><strong>auio</strong></span> 
     </span>
    </p>
   </div>
   <div class='ocr_carea' id='block_1_91' title="bbox 479 4436 2062 4513">
    <p class='ocr_par' dir='ltr' id='par_1_91' title="bbox 479 4436 2062 4513">
     <span class='ocr_line' id='line_1_92' title="bbox 479 4436 2062 4513; baseline 0.004 -20"><span class='ocrx_word' id='word_1_637' title='bbox 479 4453 549 4493; x_wconf 75' lang='lat' dir='ltr'><strong>ex</strong></span> <span class='ocrx_word' id='word_1_638' title='bbox 579 4436 757 4493; x_wconf 87' lang='lat' dir='ltr'><strong>Plinio</strong></span> <span class='ocrx_word' id='word_1_639' title='bbox 777 4437 971 4494; x_wconf 89' lang='lat' dir='ltr'><strong>recitat</strong></span> <span class='ocrx_word' id='word_1_640' title='bbox 990 4454 1055 4493; x_wconf 82' lang='lat' dir='ltr'><strong>ex</strong></span> <span class='ocrx_word' id='word_1_641' title='bbox 1083 4454 1195 4508; x_wconf 89' lang='lat' dir='ltr'><strong>quo</strong></span> <span class='ocrx_word' id='word_1_642' title='bbox 1219 4439 1377 4509; x_wconf 89' lang='lat' dir='ltr'><strong>plane</strong></span> <span class='ocrx_word' id='word_1_643' title='bbox 1399 4441 1789 4511; x_wconf 85' lang='lat' dir='ltr'><strong>comperimus,</strong></span> <span class='ocrx_word' id='word_1_644' title='bbox 1816 4441 1902 4497; x_wconf 90' lang='lat' dir='ltr'><strong>his</strong></span> <span class='ocrx_word' id='word_1_645' title='bbox 1928 4442 2062 4513; x_wconf 86' lang='lat' dir='ltr'><strong>ipsis</strong></span> 
     </span>
    </p>
   </div>
   <div class='ocr_carea' id='block_1_92' title="bbox 484 4530 2062 4601">
    <p class='ocr_par' dir='ltr' id='par_1_92' title="bbox 484 4530 2062 4601">
     <span class='ocr_line' id='line_1_93' title="bbox 484 4530 2062 4601; baseline 0.003 -16"><span class='ocrx_word' id='word_1_646' title='bbox 484 4530 826 4601; x_wconf 82' lang='lat' dir='ltr'><strong>temporibus</strong></span> <span class='ocrx_word' id='word_1_647' title='bbox 877 4531 1192 4601; x_wconf 87' lang='lat' dir='ltr'><strong>complures</strong></span> <span class='ocrx_word' id='word_1_648' title='bbox 1242 4533 1384 4587; x_wconf 87' lang='lat' dir='ltr'><strong>ultra</strong></span> <span class='ocrx_word' id='word_1_649' title='bbox 1439 4533 1801 4588; x_wconf 85' lang='lat' dir='ltr'><strong>centesimum</strong></span> <span class='ocrx_word' id='word_1_650' title='bbox 1853 4550 2062 4589; x_wconf 84' lang='lat' dir='ltr'><strong>annum</strong></span> 
     </span>
    </p>
   </div>
   <div class='ocr_carea' id='block_1_93' title="bbox 484 4621 2064 4694">
    <p class='ocr_par' dir='ltr' id='par_1_93' title="bbox 484 4621 2064 4694">
     <span class='ocr_line' id='line_1_94' title="bbox 484 4621 2064 4694; baseline 0.003 -19"><span class='ocrx_word' id='word_1_651' title='bbox 484 4621 650 4676; x_wconf 88' lang='lat' dir='ltr'><strong>vitam</strong></span> <span class='ocrx_word' id='word_1_652' title='bbox 685 4622 942 4690; x_wconf 80' lang='lat' dir='ltr'><strong>duxisse;</strong></span> <span class='ocrx_word' id='word_1_653' title='bbox 976 4631 1035 4677; x_wconf 90' lang='lat' dir='ltr'><strong>ut</strong></span> <span class='ocrx_word' id='word_1_654' title='bbox 1061 4623 1290 4693; x_wconf 90' lang='lat' dir='ltr'><strong>proinde</strong></span> <span class='ocrx_word' id='word_1_655' title='bbox 1325 4639 1425 4694; x_wconf 90' lang='lat' dir='ltr'><strong>pro</strong></span> <span class='ocrx_word' id='word_1_656' title='bbox 1450 4633 1700 4679; x_wconf 91' lang='lat' dir='ltr'><strong>monstro</strong></span> <span class='ocrx_word' id='word_1_657' title='bbox 1732 4624 1923 4681; x_wconf 87' lang='lat' dir='ltr'><strong>haberi</strong></span> <span class='ocrx_word' id='word_1_658' title='bbox 1966 4640 2064 4680; x_wconf 86' lang='lat' dir='ltr'><strong>ne-</strong></span> 
     </span>
    </p>
   </div>
   <div class='ocr_carea' id='block_1_94' title="bbox 482 4711 2064 4785">
    <p class='ocr_par' dir='ltr' id='par_1_94' title="bbox 482 4711 2064 4785">
     <span class='ocr_line' id='line_1_95' title="bbox 482 4711 2064 4785; baseline 0.001 -20"><span class='ocrx_word' id='word_1_659' title='bbox 482 4720 669 4783; x_wconf 86' lang='lat' dir='ltr'><strong>queat,</strong></span> <span class='ocrx_word' id='word_1_660' title='bbox 725 4711 772 4767; x_wconf 86' lang='lat' dir='ltr'><strong>si</strong></span> <span class='ocrx_word' id='word_1_661' title='bbox 805 4728 867 4766; x_wconf 85' lang='lat' dir='ltr'><strong>ea</strong></span> <span class='ocrx_word' id='word_1_662' title='bbox 903 4722 1225 4782; x_wconf 87' lang='lat' dir='ltr'><strong>tempestate</strong></span> <span class='ocrx_word' id='word_1_663' title='bbox 1283 4714 1535 4768; x_wconf 87' lang='lat' dir='ltr'><strong>nonnulli</strong></span> <span class='ocrx_word' id='word_1_664' title='bbox 1566 4731 1633 4769; x_wconf 82' lang='lat' dir='ltr'><strong>ex</strong></span> <span class='ocrx_word' id='word_1_665' title='bbox 1672 4715 1966 4785; x_wconf 87' lang='lat' dir='ltr'><strong>apostolis,</strong></span> <span class='ocrx_word' id='word_1_666' title='bbox 2006 4724 2064 4768; x_wconf 92' lang='lat' dir='ltr'><strong>ut</strong></span> 
     </span>
    </p>
   </div>
   <div class='ocr_carea' id='block_1_95' title="bbox 482 4802 2060 4877">
    <p class='ocr_par' dir='ltr' id='par_1_95' title="bbox 482 4802 2060 4877">
     <span class='ocr_line' id='line_1_96' title="bbox 482 4802 2060 4877; baseline 0.001 -20"><span class='ocrx_word' id='word_1_667' title='bbox 482 4804 551 4859; x_wconf 92' lang='lat' dir='ltr'><strong>de</strong></span> <span class='ocrx_word' id='word_1_668' title='bbox 587 4802 797 4859; x_wconf 83' lang='lat' dir='ltr'><strong>Joanne</strong></span> <span class='ocrx_word' id='word_1_669' title='bbox 831 4806 1166 4876; x_wconf 72' lang='lat' dir='ltr'><strong>evangelista</strong></span> <span class='ocrx_word' id='word_1_670' title='bbox 1208 4807 1383 4877; x_wconf 86' lang='lat' dir='ltr'><strong>deque</strong></span> <span class='ocrx_word' id='word_1_671' title='bbox 1430 4807 1642 4877; x_wconf 88' lang='lat' dir='ltr'><strong>aliquot</strong></span> <span class='ocrx_word' id='word_1_672' title='bbox 1684 4808 2060 4877; x_wconf 78' lang='lat' dir='ltr'><strong>apostolorum</strong></span> 
     </span>
    </p>
   </div>
   <div class='ocr_carea' id='block_1_96' title="bbox 483 4896 2063 4970">
    <p class='ocr_par' dir='ltr' id='par_1_96' title="bbox 483 4896 2063 4970">
     <span class='ocr_line' id='line_1_97' title="bbox 483 4896 2063 4970; baseline 0.002 -19"><span class='ocrx_word' id='word_1_673' title='bbox 483 4896 769 4967; x_wconf 90' lang='lat' dir='ltr'><strong>discipulis</strong></span> <span class='ocrx_word' id='word_1_674' title='bbox 809 4898 1003 4953; x_wconf 87' lang='lat' dir='ltr'><strong>saltem</strong></span> <span class='ocrx_word' id='word_1_675' title='bbox 1041 4899 1232 4967; x_wconf 88' lang='lat' dir='ltr'><strong>liquet,</strong></span> <span class='ocrx_word' id='word_1_676' title='bbox 1281 4900 1525 4970; x_wconf 74' lang='lat' dir='ltr'><strong>longzeva</strong></span> <span class='ocrx_word' id='word_1_677' title='bbox 1562 4910 1723 4955; x_wconf 69' lang='lat' dir='ltr'><strong>aetate</strong></span> <span class='ocrx_word' id='word_1_678' title='bbox 1760 4899 2063 4955; x_wconf 90' lang='lat' dir='ltr'><strong>decessisse</strong></span> 
     </span>
    </p>
   </div>
   <div class='ocr_carea' id='block_1_97' title="bbox 483 4987 2059 5062">
    <p class='ocr_par' dir='ltr' id='par_1_97' title="bbox 483 4987 2059 5062">
     <span class='ocr_line' id='line_1_98' title="bbox 483 4987 2059 5062; baseline 0.002 -21"><span class='ocrx_word' id='word_1_679' title='bbox 483 4987 742 5043; x_wconf 89' lang='lat' dir='ltr'><strong>dicantur</strong></span> <span class='ocrx_word' id='word_1_680' title='bbox 776 5002 880 5043; x_wconf 85' lang='lat' dir='ltr'><strong>:eo</strong></span> <span class='ocrx_word' id='word_1_681' title='bbox 911 4989 964 5042; x_wconf 90' lang='lat' dir='ltr'><strong>in</strong></span> <span class='ocrx_word' id='word_1_682' title='bbox 989 4990 1182 5058; x_wconf 87' lang='lat' dir='ltr'><strong>primis</strong></span> <span class='ocrx_word' id='word_1_683' title='bbox 1220 4992 1463 5055; x_wconf 88' lang='lat' dir='ltr'><strong>nomine,</strong></span> <span class='ocrx_word' id='word_1_684' title='bbox 1496 4993 1642 5062; x_wconf 88' lang='lat' dir='ltr'><strong>quod</strong></span> <span class='ocrx_word' id='word_1_685' title='bbox 1684 4993 1870 5047; x_wconf 87' lang='lat' dir='ltr'><strong>divina</strong></span> <span class='ocrx_word' id='word_1_686' title='bbox 1894 4992 2059 5047; x_wconf 89' lang='lat' dir='ltr'><strong>etiam</strong></span> 
     </span>
    </p>
   </div>
   <div class='ocr_carea' id='block_1_98' title="bbox 556 5119 2057 5196">
    <p class='ocr_par' dir='ltr' id='par_1_98' title="bbox 556 5119 2057 5196">
     <span class='ocr_line' id='line_1_99' title="bbox 556 5119 2057 5196; baseline 0.005 -20"><span class='ocrx_word' id='word_1_687' title='bbox 556 5120 671 5194; x_wconf 82' lang='lat'><strong>(58)</strong></span> <span class='ocrx_word' id='word_1_688' title='bbox 710 5119 882 5194; x_wconf 80' lang='lat' dir='ltr'><strong>Cang.</strong></span> <span class='ocrx_word' id='word_1_689' title='bbox 912 5121 1059 5179; x_wconf 82' lang='lat' dir='ltr'><strong>Glos.</strong></span> <span class='ocrx_word' id='word_1_690' title='bbox 1087 5122 1282 5194; x_wconf 65' lang='grc' dir='ltr'><em>Ονωεη</em></span> <span class='ocrx_word' id='word_1_691' title='bbox 1309 5144 1363 5181; x_wconf 85' lang='grc' dir='ltr'><strong>ν.</strong></span> <span class='ocrx_word' id='word_1_692' title='bbox 1402 5127 1664 5196; x_wconf 82' lang='grc' dir='ltr'>Ὗπατοι,</span> <span class='ocrx_word' id='word_1_693' title='bbox 1694 5139 1749 5185; x_wconf 89' lang='lat' dir='ltr'><strong>et</strong></span> <span class='ocrx_word' id='word_1_694' title='bbox 1779 5127 1960 5184; x_wconf 83' lang='lat' dir='ltr'><strong>Latin.</strong></span> <span class='ocrx_word' id='word_1_695' title='bbox 2005 5147 2057 5184; x_wconf 79' lang='grc' dir='ltr'><strong>ν.</strong></span> 
     </span>
    </p>
   </div>
   <div class='ocr_carea' id='block_1_99' title="bbox 646 5267 662 5329">
    <p class='ocr_par' dir='ltr' id='par_1_99' title="bbox 646 5267 662 5329">
     <span class='ocr_line' id='line_1_100' title="bbox 646 5267 662 5329; baseline 0 0"><span class='ocrx_word' id='word_1_696' title='bbox 646 5267 662 5329; x_wconf 80' lang='grc'><strong><em>)</em></strong></span> 
     </span>
    </p>
   </div>
   <div class='ocr_carea' id='block_1_100' title="bbox 491 5190 752 5262">
    <p class='ocr_par' dir='ltr' id='par_1_100' title="bbox 491 5190 752 5262">
     <span class='ocr_line' id='line_1_101' title="bbox 491 5190 752 5262; baseline -0.004 -17"><span class='ocrx_word' id='word_1_697' title='bbox 491 5190 752 5262; x_wconf 48' lang='lat' dir='ltr'><strong>Hypanis.</strong></span> 
     </span>
    </p>
   </div>
   <div class='ocr_carea' id='block_1_101' title="bbox 548 5208 1831 5334">
    <p class='ocr_par' dir='ltr' id='par_1_101' title="bbox 548 5208 1831 5334">
     <span class='ocr_line' id='line_1_102' title="bbox 548 5208 1831 5334; baseline 0.003 -19"><span class='ocrx_word' id='word_1_698' title='bbox 548 5208 1099 5334; x_wconf 54' lang='lat' dir='ltr'><strong>lgglu&#39;f‘illem.__lfem.</strong></span> <span class='ocrx_word' id='word_1_699' title='bbox 1137 5263 1289 5326; x_wconf 65' lang='grc' dir='ltr'><strong>εει-ι..</strong></span> <span class='ocrx_word' id='word_1_700' title='bbox 1320 5273 1456 5320; x_wconf 91' lang='lat' dir='ltr'><strong>tom.</strong></span> <span class='ocrx_word' id='word_1_701' title='bbox 1482 5263 1526 5329; x_wconf 85' lang='grc'><strong>1,</strong></span> <span class='ocrx_word' id='word_1_702' title='bbox 1558 5280 1679 5334; x_wconf 85' lang='lat' dir='ltr'><strong>pag.</strong></span> <span class='ocrx_word' id='word_1_703' title='bbox 1708 5263 1831 5319; x_wconf 75' lang='grc'><strong>595.</strong></span> 
     </span>
    </p>
   </div>
   <div class='ocr_carea' id='block_1_102' title="bbox 552 5331 2055 5416">
    <p class='ocr_par' dir='ltr' id='par_1_102' title="bbox 552 5331 2055 5416">
     <span class='ocr_line' id='line_1_103' title="bbox 552 5331 2055 5416; baseline 0.003 -30"><span class='ocrx_word' id='word_1_704' title='bbox 552 5332 668 5404; x_wconf 79' lang='grc'><strong>(611)</strong></span> <span class='ocrx_word' id='word_1_705' title='bbox 701 5333 857 5391; x_wconf 78' lang='lat' dir='ltr'><strong>Balli.</strong></span> <span class='ocrx_word' id='word_1_706' title='bbox 901 5331 1024 5416; x_wconf 47' lang='lat' dir='ltr'><strong>fies</strong></span> <span class='ocrx_word' id='word_1_707' title='bbox 1070 5335 1161 5389; x_wconf 84' lang='lat' dir='ltr'><strong>des</strong></span> <span class='ocrx_word' id='word_1_708' title='bbox 1206 5335 1412 5416; x_wconf 57' lang='lat' dir='ltr'><strong>scin“,</strong></span> <span class='ocrx_word' id='word_1_709' title='bbox 1448 5331 1580 5391; x_wconf 61' lang='lat' dir='ltr'><strong>tom.</strong></span> <span class='ocrx_word' id='word_1_710' title='bbox 1618 5331 1714 5400; x_wconf 84' lang='lat' dir='ltr'><strong>Ill,</strong></span> <span class='ocrx_word' id='word_1_711' title='bbox 1760 5351 1885 5407; x_wconf 79' lang='lat' dir='ltr'><strong>pag.</strong></span> <span class='ocrx_word' id='word_1_712' title='bbox 1917 5334 2055 5404; x_wconf 68' lang='lat' dir='ltr'><strong>Mil;</strong></span> 
     </span>
    </p>
   </div>
   <div class='ocr_carea' id='block_1_103' title="bbox 480 5400 2053 5575">
    <p class='ocr_par' dir='ltr' id='par_1_103' title="bbox 480 5400 2053 5575">
     <span class='ocr_line' id='line_1_104' title="bbox 480 5400 2050 5529; baseline 0.006 -74"><span class='ocrx_word' id='word_1_713' title='bbox 480 5400 701 5475; x_wconf 52' lang='lat' dir='ltr'><strong>Wbogl,</strong></span> <span class='ocrx_word' id='word_1_714' title='bbox 737 5405 961 5458; x_wconf 80' lang='lat' dir='ltr'><strong>exercit.</strong></span> <span class='ocrx_word' id='word_1_715' title='bbox 990 5419 1199 5529; x_wconf 24' lang='lat' dir='ltr'><strong>&quot;apag.</strong></span> <span class='ocrx_word' id='word_1_716' title='bbox 1235 5406 1360 5461; x_wconf 81' lang='grc'><strong>109.</strong></span> <span class='ocrx_word' id='word_1_717' title='bbox 1760 5400 1775 5405; x_wconf 66' lang='grc'><strong><em>“</em></strong></span> <span class='ocrx_word' id='word_1_718' title='bbox 1833 5400 1860 5407; x_wconf 61' lang='grc'>⁷</span> <span class='ocrx_word' id='word_1_719' title='bbox 2041 5400 2050 5404; x_wconf 53' lang='grc'><strong>⁷</strong></span> 
     </span>
     <span class='ocr_line' id='line_1_105' title="bbox 484 5472 2053 5575; baseline 0.003 -49"><span class='ocrx_word' id='word_1_720' title='bbox 484 5475 662 5575; x_wconf 59' lang='lat' dir='ltr'><strong>u(pi)</strong></span> <span class='ocrx_word' id='word_1_721' title='bbox 705 5472 1001 5530; x_wconf 80' lang='lat' dir='ltr'><strong>Florentio.</strong></span> <span class='ocrx_word' id='word_1_722' title='bbox 1099 5486 1169 5529; x_wconf 86' lang='lat' dir='ltr'><strong>et.</strong></span> <span class='ocrx_word' id='word_1_723' title='bbox 1225 5482 1394 5532; x_wconf 86' lang='lat' dir='ltr'><strong>occid.</strong></span> <span class='ocrx_word' id='word_1_724' title='bbox 1450 5479 1578 5532; x_wconf 84' lang='lat' dir='ltr'><strong>cccl.</strong></span> <span class='ocrx_word' id='word_1_725' title='bbox 1639 5476 1889 5551; x_wconf 76' lang='lat' dir='ltr'><strong>Marlyr.,</strong></span> <span class='ocrx_word' id='word_1_726' title='bbox 1932 5493 2053 5550; x_wconf 83' lang='lat' dir='ltr'><strong>pag.</strong></span> 
     </span>
    </p>
   </div>
   <div class='ocr_carea' id='block_1_104' title="bbox 484 5541 1433 5690">
    <p class='ocr_par' dir='ltr' id='par_1_104' title="bbox 484 5541 1433 5690">
     <span class='ocr_line' id='line_1_106' title="bbox 548 5541 651 5575; baseline -0.039 -29"><span class='ocrx_word' id='word_1_727' title='bbox 548 5541 568 5575; x_wconf 42' lang='grc' dir='ltr'><strong>ι.</strong></span> <span class='ocrx_word' id='word_1_728' title='bbox 647 5541 651 5542; x_wconf 64' lang='lat'><strong><em>,</em></strong></span> 
     </span>
     <span class='ocr_line' id='line_1_107' title="bbox 484 5541 1433 5690; baseline -0.009 -20"><span class='ocrx_word' id='word_1_729' title='bbox 484 5541 664 5682; x_wconf 50' lang='lat'><strong>“(’62)</strong></span> <span class='ocrx_word' id='word_1_730' title='bbox 703 5613 897 5669; x_wconf 77' lang='lat' dir='ltr'><strong>Ilaron.</strong></span> <span class='ocrx_word' id='word_1_731' title='bbox 933 5615 997 5669; x_wconf 89' lang='lat' dir='ltr'><strong>ad</strong></span> <span class='ocrx_word' id='word_1_732' title='bbox 1034 5634 1163 5671; x_wconf 88' lang='lat' dir='ltr'><strong>ann.</strong></span> <span class='ocrx_word' id='word_1_733' title='bbox 1198 5617 1285 5680; x_wconf 75' lang='lat'><strong>76,</strong></span> <span class='ocrx_word' id='word_1_734' title='bbox 1316 5616 1343 5690; x_wconf 64' lang='grc' dir='ltr'><strong>ς</strong></span> <span class='ocrx_word' id='word_1_735' title='bbox 1380 5618 1433 5673; x_wconf 69' lang='lat'><strong>2,</strong></span> 
     </span>
    </p>
   </div>
   <div class='ocr_carea' id='block_1_105' title="bbox 2165 4435 3687 4509">
    <p class='ocr_par' dir='ltr' id='par_1_105' title="bbox 2165 4435 3687 4509">
     <span class='ocr_line' id='line_1_108' title="bbox 2165 4435 3687 4509; baseline -0.007 -17"><span class='ocrx_word' id='word_1_736' title='bbox 2165 4446 2288 4505; x_wconf 90' lang='lat' dir='ltr'><strong>net,</strong></span> <span class='ocrx_word' id='word_1_737' title='bbox 2336 4438 2509 4509; x_wconf 74' lang='lat' dir='ltr'><strong>magis</strong></span> <span class='ocrx_word' id='word_1_738' title='bbox 2550 4439 2731 4494; x_wconf 87' lang='lat' dir='ltr'><strong>adhuc</strong></span> <span class='ocrx_word' id='word_1_739' title='bbox 2783 4438 2837 4492; x_wconf 92' lang='lat' dir='ltr'><strong>in</strong></span> <span class='ocrx_word' id='word_1_740' title='bbox 2878 4453 2943 4493; x_wconf 88' lang='lat' dir='ltr'><strong>ea</strong></span> <span class='ocrx_word' id='word_1_741' title='bbox 2998 4437 3268 4493; x_wconf 89' lang='lat' dir='ltr'><strong>sententia</strong></span> <span class='ocrx_word' id='word_1_742' title='bbox 3323 4435 3594 4491; x_wconf 85' lang='lat' dir='ltr'><strong>confirmor</strong></span> <span class='ocrx_word' id='word_1_743' title='bbox 3635 4437 3687 4478; x_wconf 78' lang='lat' dir='ltr'><strong>et</strong></span> 
     </span>
    </p>
   </div>
   <div class='ocr_carea' id='block_1_106' title="bbox 2164 4523 3687 4601">
    <p class='ocr_par' dir='ltr' id='par_1_106' title="bbox 2164 4523 3687 4601">
     <span class='ocr_line' id='line_1_109' title="bbox 2164 4523 3687 4601; baseline -0.014 -10"><span class='ocrx_word' id='word_1_744' title='bbox 2164 4527 2501 4600; x_wconf 79' lang='lat' dir='ltr'><strong>Hegesippo;</strong></span> <span class='ocrx_word' id='word_1_745' title='bbox 2544 4531 2637 4600; x_wconf 90' lang='lat' dir='ltr'><strong>qui</strong></span> <span class='ocrx_word' id='word_1_746' title='bbox 2666 4530 2809 4601; x_wconf 91' lang='lat' dir='ltr'><strong>apud</strong></span> <span class='ocrx_word' id='word_1_747' title='bbox 2840 4528 3136 4585; x_wconf 86' lang='lat' dir='ltr'><strong>Eusebium</strong></span> <span class='ocrx_word' id='word_1_748' title='bbox 3162 4536 3394 4584; x_wconf 87' lang='lat' dir='ltr'><strong>testatur</strong></span> <span class='ocrx_word' id='word_1_749' title='bbox 3421 4523 3539 4596; x_wconf 88' lang='lat'><strong>(68),</strong></span> <span class='ocrx_word' id='word_1_750' title='bbox 3563 4530 3687 4573; x_wconf 85' lang='lat' dir='ltr'><strong>emu-</strong></span> 
     </span>
    </p>
   </div>
   <div class='ocr_carea' id='block_1_107' title="bbox 2164 4614 3685 4693">
    <p class='ocr_par' dir='ltr' id='par_1_107' title="bbox 2164 4614 3685 4693">
     <span class='ocr_line' id='line_1_110' title="bbox 2164 4614 3685 4693; baseline -0.003 -17"><span class='ocrx_word' id='word_1_751' title='bbox 2164 4622 2287 4676; x_wconf 89' lang='lat' dir='ltr'><strong>dem</strong></span> <span class='ocrx_word' id='word_1_752' title='bbox 2321 4623 2706 4692; x_wconf 88' lang='lat' dir='ltr'><strong>imperatorem</strong></span> <span class='ocrx_word' id='word_1_753' title='bbox 2734 4641 2752 4674; x_wconf 74' lang='grc' dir='ltr'>ι</span> <span class='ocrx_word' id='word_1_754' title='bbox 2792 4632 2916 4693; x_wconf 89' lang='lat' dir='ltr'><strong>post</strong></span> <span class='ocrx_word' id='word_1_755' title='bbox 2935 4633 3299 4692; x_wconf 83' lang='lat' dir='ltr'><strong>expugnatam</strong></span> <span class='ocrx_word' id='word_1_756' title='bbox 3332 4614 3685 4682; x_wconf 70' lang='lat' dir='ltr'><strong>Hierosolym‘</strong></span> 
     </span>
    </p>
   </div>
   <div class='ocr_carea' id='block_1_108' title="bbox 2166 4703 3683 4799">
    <p class='ocr_par' dir='ltr' id='par_1_108' title="bbox 2166 4703 3683 4799">
     <span class='ocr_line' id='line_1_111' title="bbox 2166 4703 3683 4799; baseline -0.003 -34"><span class='ocrx_word' id='word_1_757' title='bbox 2166 4728 2287 4766; x_wconf 92' lang='lat' dir='ltr'><strong>rum</strong></span> <span class='ocrx_word' id='word_1_758' title='bbox 2334 4713 2633 4774; x_wconf 84' lang='lat' dir='ltr'><strong>civitatem,</strong></span> <span class='ocrx_word' id='word_1_759' title='bbox 2676 4729 2772 4770; x_wconf 86' lang='lat' dir='ltr'><strong>eos</strong></span> <span class='ocrx_word' id='word_1_760' title='bbox 2810 4714 2904 4784; x_wconf 92' lang='lat' dir='ltr'><strong>qui</strong></span> <span class='ocrx_word' id='word_1_761' title='bbox 2954 4730 2985 4768; x_wconf 92' lang='lat' dir='ltr'><strong>a</strong></span> <span class='ocrx_word' id='word_1_762' title='bbox 3027 4713 3234 4768; x_wconf 89' lang='lat' dir='ltr'><strong>Davide</strong></span> <span class='ocrx_word' id='word_1_763' title='bbox 3280 4727 3448 4783; x_wconf 83' lang='lat' dir='ltr'><strong>genus</strong></span> <span class='ocrx_word' id='word_1_764' title='bbox 3469 4703 3683 4799; x_wconf 62' lang='lat' dir='ltr'><strong>duceret“</strong></span> 
     </span>
    </p>
   </div>
   <div class='ocr_carea' id='block_1_109' title="bbox 2164 4802 3679 4875">
    <p class='ocr_par' dir='ltr' id='par_1_109' title="bbox 2164 4802 3679 4875">
     <span class='ocr_line' id='line_1_112' title="bbox 2164 4802 3679 4875; baseline 0.003 -17"><span class='ocrx_word' id='word_1_765' title='bbox 2164 4804 2406 4874; x_wconf 89' lang='lat' dir='ltr'><strong>perquiri</strong></span> <span class='ocrx_word' id='word_1_766' title='bbox 2421 4804 2679 4874; x_wconf 87' lang='lat' dir='ltr'><strong>jussisse,</strong></span> <span class='ocrx_word' id='word_1_767' title='bbox 2697 4821 2765 4861; x_wconf 90' lang='lat' dir='ltr'><strong>ne</strong></span> <span class='ocrx_word' id='word_1_768' title='bbox 2784 4804 3077 4875; x_wconf 85' lang='lat' dir='ltr'><strong>quisquam</strong></span> <span class='ocrx_word' id='word_1_769' title='bbox 3096 4804 3237 4874; x_wconf 90' lang='lat' dir='ltr'><strong>apud</strong></span> <span class='ocrx_word' id='word_1_770' title='bbox 3259 4802 3471 4860; x_wconf 69' lang='lat' dir='ltr'><strong>Judaeos</strong></span> <span class='ocrx_word' id='word_1_771' title='bbox 3490 4813 3547 4854; x_wconf 79' lang='lat' dir='ltr'><strong>ex</strong></span> <span class='ocrx_word' id='word_1_772' title='bbox 3567 4806 3679 4862; x_wconf 64' lang='lat' dir='ltr'><strong>N38&quot;</strong></span> 
     </span>
    </p>
   </div>
   <div class='ocr_carea' id='block_1_110' title="bbox 2165 4890 3679 4967">
    <p class='ocr_par' dir='ltr' id='par_1_110' title="bbox 2165 4890 3679 4967">
     <span class='ocr_line' id='line_1_113' title="bbox 2165 4890 3679 4967; baseline -0.009 -16"><span class='ocrx_word' id='word_1_773' title='bbox 2165 4897 2333 4967; x_wconf 89' lang='lat' dir='ltr'><strong>stirpe</strong></span> <span class='ocrx_word' id='word_1_774' title='bbox 2386 4907 2726 4966; x_wconf 89' lang='lat' dir='ltr'><strong>superesset,</strong></span> <span class='ocrx_word' id='word_1_775' title='bbox 2795 4912 2968 4966; x_wconf 88' lang='lat' dir='ltr'><strong>eaque</strong></span> <span class='ocrx_word' id='word_1_776' title='bbox 3016 4912 3082 4950; x_wconf 86' lang='lat' dir='ltr'><strong>ex</strong></span> <span class='ocrx_word' id='word_1_777' title='bbox 3130 4911 3300 4952; x_wconf 87' lang='lat' dir='ltr'><strong>causa</strong></span> <span class='ocrx_word' id='word_1_778' title='bbox 3357 4890 3679 4966; x_wconf 75' lang='lat' dir='ltr'><strong>gravissimam</strong></span> 
     </span>
    </p>
   </div>
   <div class='ocr_carea' id='block_1_111' title="bbox 2166 4968 3678 5059">
    <p class='ocr_par' dir='ltr' id='par_1_111' title="bbox 2166 4968 3678 5059">
     <span class='ocr_line' id='line_1_114' title="bbox 2166 4968 3678 5059; baseline -0.001 -14"><span class='ocrx_word' id='word_1_779' title='bbox 2166 5006 2357 5045; x_wconf 90' lang='lat' dir='ltr'><strong>rursus</strong></span> <span class='ocrx_word' id='word_1_780' title='bbox 2387 4989 2821 5059; x_wconf 87' lang='lat' dir='ltr'><strong>persecutionem</strong></span> <span class='ocrx_word' id='word_1_781' title='bbox 2849 4988 3053 5045; x_wconf 60' lang='lat' dir='ltr'><strong>ludatis</strong></span> <span class='ocrx_word' id='word_1_782' title='bbox 3080 4990 3283 5044; x_wconf 82' lang='lat' dir='ltr'><strong>illatam</strong></span> <span class='ocrx_word' id='word_1_783' title='bbox 3307 4987 3486 5043; x_wconf 81' lang='lat' dir='ltr'><strong>fuisse.</strong></span> <span class='ocrx_word' id='word_1_784' title='bbox 3509 5001 3527 5033; x_wconf 69' lang='grc' dir='ltr'><strong><em>ι</em></strong></span> <span class='ocrx_word' id='word_1_785' title='bbox 3556 4968 3678 5044; x_wconf 65' lang='lat' dir='ltr'><strong>Quod</strong></span> 
     </span>
    </p>
   </div>
   <div class='ocr_carea' id='block_1_112' title="bbox 2237 5126 3435 5208">
    <p class='ocr_par' dir='ltr' id='par_1_112' title="bbox 2237 5126 3435 5208">
     <span class='ocr_line' id='line_1_115' title="bbox 2237 5126 3435 5208; baseline -0.002 -26"><span class='ocrx_word' id='word_1_786' title='bbox 2394 5126 2622 5208; x_wconf 64' lang='lat' dir='ltr'><strong>Iertuli.</strong></span> <span class='ocrx_word' id='word_1_787' title='bbox 2635 5127 2904 5208; x_wconf 42' lang='lat' dir='ltr'><strong>_A_polog.,.</strong></span> <span class='ocrx_word' id='word_1_788' title='bbox 2926 5142 3047 5208; x_wconf 70' lang='lat' dir='ltr'><strong>cap.</strong></span> <span class='ocrx_word' id='word_1_789' title='bbox 3079 5126 3131 5181; x_wconf 83' lang='lat'><strong>5.</strong></span> <span class='ocrx_word' id='word_1_790' title='bbox 3383 5201 3392 5208; x_wconf 83' lang='lat'>_</span> <span class='ocrx_word' id='word_1_791' title='bbox 3410 5195 3435 5208; x_wconf 87' lang='lat'><em>_</em></span> 
     </span>
    </p>
   </div>
   <div class='ocr_carea' id='block_1_113' title="bbox 2237 5192 3453 5283">
    <p class='ocr_par' dir='ltr' id='par_1_113' title="bbox 2237 5192 3453 5283">
     <span class='ocr_line' id='line_1_116' title="bbox 2237 5192 3453 5283; baseline -0.003 -29"><span class='ocrx_word' id='word_1_792' title='bbox 2394 5192 2769 5283; x_wconf 49' lang='lat' dir='ltr'><strong>Euseb.._liist.</strong></span> <span class='ocrx_word' id='word_1_793' title='bbox 2796 5192 3074 5283; x_wconf 53' lang='lat' dir='ltr'><strong>e&#39;ccl.,_lib.</strong></span> <span class='ocrx_word' id='word_1_794' title='bbox 3114 5213 3342 5283; x_wconf 52' lang='grc' dir='ltr'><strong>υκαι-ρ.</strong></span> <span class='ocrx_word' id='word_1_795' title='bbox 3383 5195 3453 5250; x_wconf 78' lang='lat' dir='ltr'><strong>i7.</strong></span> 
     </span>
    </p>
   </div>
   <div class='ocr_carea' id='block_1_114' title="bbox 2258 5268 3327 5339">
    <p class='ocr_par' dir='ltr' id='par_1_114' title="bbox 2258 5268 3327 5339">
     <span class='ocr_line' id='line_1_117' title="bbox 2258 5268 3327 5339; baseline 0 -18"><span class='ocrx_word' id='word_1_796' title='bbox 2258 5268 2349 5339; x_wconf 76' lang='lat'><strong>6.5)</strong></span> <span class='ocrx_word' id='word_1_797' title='bbox 2390 5268 2562 5339; x_wconf 71' lang='lat' dir='ltr'><strong>ijiiar.</strong></span> <span class='ocrx_word' id='word_1_798' title='bbox 2591 5270 2908 5339; x_wconf 80' lang='lat' dir='ltr'><strong>lib.__contr.</strong></span> <span class='ocrx_word' id='word_1_799' title='bbox 2935 5268 3151 5330; x_wconf 69' lang='lat' dir='ltr'><strong>Arium,</strong></span> <span class='ocrx_word' id='word_1_800' title='bbox 3189 5285 3243 5321; x_wconf 92' lang='lat' dir='ltr'><strong>n.</strong></span> <span class='ocrx_word' id='word_1_801' title='bbox 3274 5268 3327 5323; x_wconf 84' lang='grc'><strong>5.</strong></span> 
     </span>
    </p>
   </div>
   <div class='ocr_carea' id='block_1_115' title="bbox 2234 5273 3665 5427">
    <p class='ocr_par' dir='ltr' id='par_1_115' title="bbox 2234 5273 3665 5427">
     <span class='ocr_line' id='line_1_118' title="bbox 2258 5273 3327 5339; baseline -0.01 -10"><span class='ocrx_word' id='word_1_802' title='bbox 2258 5273 2349 5339; x_wconf 71' lang='grc'><strong>65)</strong></span> <span class='ocrx_word' id='word_1_803' title='bbox 2393 5273 2562 5324; x_wconf 80' lang='lat' dir='ltr'><strong>llilar.</strong></span> <span class='ocrx_word' id='word_1_804' title='bbox 2591 5273 2689 5325; x_wconf 86' lang='lat' dir='ltr'><strong>lib.</strong></span> <span class='ocrx_word' id='word_1_805' title='bbox 2736 5280 2908 5323; x_wconf 89' lang='lat' dir='ltr'><strong>contr.</strong></span> <span class='ocrx_word' id='word_1_806' title='bbox 2935 5273 3151 5330; x_wconf 69' lang='lat' dir='ltr'><strong>Arium,</strong></span> <span class='ocrx_word' id='word_1_807' title='bbox 3189 5285 3243 5321; x_wconf 92' lang='lat' dir='ltr'><strong>n.</strong></span> <span class='ocrx_word' id='word_1_808' title='bbox 3274 5273 3327 5323; x_wconf 81' lang='grc'><strong>5.</strong></span> 
     </span>
     <span class='ocr_line' id='line_1_119' title="bbox 2234 5273 3665 5427; baseline -0.023 -16"><span class='ocrx_word' id='word_1_809' title='bbox 2234 5273 2348 5410; x_wconf 51' lang='lat' dir='ltr'><strong>lim)</strong></span> <span class='ocrx_word' id='word_1_810' title='bbox 2367 5337 2662 5427; x_wconf 37' lang='lat' dir='ltr'><strong>“Theodor.</strong></span> <span class='ocrx_word' id='word_1_811' title='bbox 2686 5337 2857 5394; x_wconf 73' lang='lat' dir='ltr'><strong>erc.</strong></span> <span class='ocrx_word' id='word_1_812' title='bbox 2891 5339 3066 5408; x_wconf 67' lang='lat' dir='ltr'><strong>affect.</strong></span> <span class='ocrx_word' id='word_1_813' title='bbox 3105 5349 3303 5405; x_wconf 88' lang='lat' dir='ltr'><strong>curat.,</strong></span> <span class='ocrx_word' id='word_1_814' title='bbox 3334 5335 3454 5392; x_wconf 83' lang='lat' dir='ltr'><strong>dial.</strong></span> <span class='ocrx_word' id='word_1_815' title='bbox 3480 5333 3665 5394; x_wconf 63' lang='lat'><strong>11,10!&quot;-</strong></span> 
     </span>
    </p>
   </div>
   <div class='ocr_carea' id='block_1_116' title="bbox 2166 5407 3664 5570">
    <p class='ocr_par' dir='ltr' id='par_1_116' title="bbox 2166 5407 3664 5570">
     <span class='ocr_line' id='line_1_120' title="bbox 2166 5407 3664 5570; baseline -0.025 -26"><span class='ocrx_word' id='word_1_816' title='bbox 2166 5407 2623 5570; x_wconf 45' lang='lat' dir='ltr'><strong>6liliverc.</strong></span> <span class='ocrx_word' id='word_1_817' title='bbox 2656 5478 2736 5534; x_wconf 80' lang='lat' dir='ltr'><strong>Ad</strong></span> <span class='ocrx_word' id='word_1_818' title='bbox 2788 5477 3013 5536; x_wconf 77' lang='lat' dir='ltr'><strong>Tertull.</strong></span> <span class='ocrx_word' id='word_1_819' title='bbox 3050 5480 3300 5552; x_wconf 75' lang='lat' dir='ltr'><strong>Apolog.,</strong></span> <span class='ocrx_word' id='word_1_820' title='bbox 3328 5493 3444 5549; x_wconf 64' lang='lat' dir='ltr'><strong>pag.</strong></span> <span class='ocrx_word' id='word_1_821' title='bbox 3475 5469 3551 5535; x_wconf 68' lang='grc' dir='ltr'><strong>ω,</strong></span> <span class='ocrx_word' id='word_1_822' title='bbox 3575 5465 3664 5524; x_wconf 62' lang='lat' dir='ltr'><strong>got.</strong></span> 
     </span>
    </p>
   </div>
   <div class='ocr_carea' id='block_1_117' title="bbox 2167 5552 3439 5694">
    <p class='ocr_par' dir='ltr' id='par_1_117' title="bbox 2167 5552 3439 5694">
     <span class='ocr_line' id='line_1_121' title="bbox 2167 5552 3439 5694; baseline -0.013 -2"><span class='ocrx_word' id='word_1_823' title='bbox 2167 5552 2351 5692; x_wconf 55' lang='grc'><strong>00168)</strong></span> <span class='ocrx_word' id='word_1_824' title='bbox 2394 5621 2590 5681; x_wconf 68' lang='lat' dir='ltr'><strong>Euseb.</strong></span> <span class='ocrx_word' id='word_1_825' title='bbox 2632 5620 2776 5683; x_wconf 73' lang='lat' dir='ltr'><strong>Hist.</strong></span> <span class='ocrx_word' id='word_1_826' title='bbox 2811 5624 2964 5689; x_wconf 61' lang='lat' dir='ltr'><strong>cert,</strong></span> <span class='ocrx_word' id='word_1_827' title='bbox 2996 5622 3090 5679; x_wconf 90' lang='lat' dir='ltr'><strong>lib.</strong></span> <span class='ocrx_word' id='word_1_828' title='bbox 3123 5637 3182 5688; x_wconf 86' lang='lat' dir='ltr'><strong>tl,</strong></span> <span class='ocrx_word' id='word_1_829' title='bbox 3219 5639 3343 5694; x_wconf 76' lang='lat' dir='ltr'><strong>cap.</strong></span> <span class='ocrx_word' id='word_1_830' title='bbox 3361 5619 3439 5681; x_wconf 74' lang='grc'><strong>19..</strong></span> 
     </span>
    </p>
   </div>
  </div>
