3958 6132
496 215 636 273 Ιξ15

1314 208 1917 268 PRESBYTERORUM
1966 206 2054 264 ΕΤ
2086 206 2536 266 DIACONORUM
2574 207 2855 266 ACHAIE

3599 211 3715 267 1216

491 331 740 398 omisso,
776 329 1178 401 Vespasianum
1220 326 1544 397 simpliciter
1585 324 1757 380 fuisse
1791 334 2063 380 vocatum.

2170 342 2376 394 χοντες,
2407 341 2507 380 sua
2542 327 2743 382 veritas
2785 334 3030 393 constet;
3072 324 3206 380 nihil
3237 338 3347 382 nos
3374 325 3544 396 cogit,
3575 336 3628 380 ut
3661 327 3712 381 ad

495 425 712 480 Interim
751 439 878 478 vero
898 422 1072 478 donec
1102 421 1154 478 id
1187 431 1420 490 priestet,
1446 418 1834 488 Vespasianum
1861 429 2063 488 patrem

492 519 672 573 allatis
711 517 764 571 in
797 516 934 572 locis
957 516 1202 586 accipere
1231 514 1391 568 nobis
1427 528 1522 582 per
1549 513 1726 583 ipsum
1756 513 1934 567 liceat.

569 609 665 662 Vix
717 609 847 663 dum
895 610 1008 664 haec
1039 608 1398 673 scripseram,
1441 621 1567 660 eum
1601 605 1899 675 elegantem
1924 602 2067 658 Lau-

488 700 652 754 reutii
696 698 928 769 Pataroli
977 698 1262 768 epistolam
1311 698 1488 768 legere
1526 697 1751 767 contigit
1793 697 1930 768 (78),
1957 713 2065 767 qua

493 791 578 846 vir
609 793 859 848 eruditus
903 791 1181 862 singulare
1229 791 1503 845 numisma
1548 789 1829 846 illustrans
1874 790 2067 860 hujus-

488 885 641 938 vnodi
725 883 1082 952 inscriptione
1157 882 1428 952 signatum
1461 922 1477 948 ,
1549 882 2066 936 ΟΥΕΣΠΛΣΙΑΝΟΣ

488 974 884 1036 ΝΕΩἹῈΡΟΣ,
930 972 1051 1028 Τὶιο
1093 972 1409 1044 Vespasiani
1461 973 1572 1028 lilio
1625 975 1801 1043 ipsum
1845 976 2060 1031 asserit.

487 1067 667 1120 Aliter
691 1077 870 1121 tamen
899 1074 1168 1121 statuerat
1207 1066 1564 1121 doctissimus
1605 1064 1940 1134 llarduinus,
1969 1070 2063 1140 qui

493 1158 705 1225 primus
751 1158 891 1212 idem
921 1159 1197 1213 numisma
1226 1158 1468 1228 vulgavit
1491 1158 1641 1228 (79);
1688 1161 1905 1216 cautius
1936 1177 2064 1217 vero

486 1248 842 1312 Frmliehius,
872 1251 952 1302 vir
981 1249 1032 1302 in
1061 1265 1118 1303 re
1141 1251 1449 1304 nummaria
1475 1249 1631 1306 facile
1657 1251 1911 1321 princeps
1931 1253 2063 1322 (80).

494 1339 693 1394 Verum
746 1349 1024 1408 utcunque
1065 1339 1284 1394 demum
1319 1355 1408 1394 res
1451 1355 1511 1394 se
1561 1340 1790 1404 habeat,
1840 1341 2065 1410 hujusce

489 1429 841 1484 numismatis
883 1429 1209 1482 auctoritate
1241 1442 1418 1497 neque
1461 1428 1786 1482 sententiam
1819 1439 2062 1483 nostram

489 1522 556 1577 de
600 1520 1042 1576 Christianorum
1085 1531 1437 1590 persecutore
1489 1517 1823 1588 Vespasiano
1871 1521 2060 1586 everti,

489 1627 667 1681 neque
719 1612 1025 1681 oppositam
1089 1610 1377 1666 Mamachii
1447 1611 1816 1680 conjecturam
1881 1611 2059 1668 fulciri

489 1719 650 1758 neuio
699 1720 806 1758 non
844 1704 1034 1757 videt:
1083 1703 1353 1772 siquidem
1403 1703 1456 1756 in
1519 1703 1891 1758 monumentis
1941 1720 2062 1774 qua:

481 1795 810 1861 attulimus,
873 1796 1054 1850 nullus
1114 1796 1402 1849 character
1452 1796 1710 1866 nullaque
1772 1795 2061 1864 peculiaris

488 1898 616 1942 nota
661 1887 1018 1958 perhibetur,
1080 1899 1137 1942 ut
1195 1889 1284 1941 hic
1345 1903 1475 1942 sane
1521 1903 1627 1942 vox
1668 1886 2060 1956 ΝΕΩΤΕΡΟΣ,

481 1981 646 2049 cujus
689 1980 741 2034 vi
782 1981 947 2033 alium
977 1996 1008 2033 a
1041 1978 1391 2048 Vespasiano
1421 1988 1574 2049 patre
1609 1994 1906 2051 agnoscere
1936 1981 2061 2049 jure

485 2086 770 2139 cOgamur.

557 2163 659 2218 Sed
691 2179 819 2218 ceee
849 2163 945 2218 tibi
975 2164 1142 2218 alium
1178 2165 1387 2219 obicem
1412 2205 1427 2227 ,
1468 2166 1614 2219 hunc
1664 2163 1841 2233 ipsum
1877 2165 2058 2219 locum

478 2255 840 2326 attingentem
871 2255 939 2309 de
968 2272 1077 2325 quo
1121 2257 1356 2324 aginms,
1405 2255 1549 2310 haud
1585 2271 1717 2311 sane
1746 2265 2063 2326 praetergre-

483 2348 760 2407 dienduns
777 2347 1047 2402 Observat
1065 2349 1320 2402 nimirum
1349 2346 1716 2402 Florentinius
1739 2348 1873 2418 (8|),
1895 2365 2058 2418 quem

480 2437 677 2492 deinde
718 2448 941 2493 secutus
969 2448 1054 2493 est
1095 2438 1478 2494 'l’illemontius
1503 2439 1638 2509 (82),
1677 2438 1901 2508 )Egeam
1933 2456 2060 2509 pro-

481 2529 767 2583 consulem
828 2529 900 2582 ita
951 2542 1201 2584 sanctum
1252 2531 1576 2600 apostolum,
1627 2529 1798 2584 fuisse
1849 2531 2058 2586 allocu-

482 2625 596 2670 tum
622 2617 777 2688 (85):
817 2636 836 2669 ι
869 2617 948 2672 Tu
988 2636 1047 2674 es
1077 2621 1325 2676 Andreas
1351 2664 1365 2685 ,
1413 2620 1600 2691 qui....
1640 2621 1839 2675 suades
1881 2622 2059 2675 homi-

482 2709 642 2762 nibus
681 2711 1122 2778 superstitiosam
1151 2711 1298 2764 illam
1335 2722 1542 2766 sectam
1571 2728 1734 2782 quam
1767 2728 1939 2782 nuper
1963 2713 2058 2767 de-

482 2807 679 2852 ICCL"I!l
715 2797 947 2852 Romani
985 2800 1261 2869 principes
1301 2801 1654 2855 exterminari
1688 2801 2051 2870 jusserunt?»

483 2888 638 2942 linde
677 2891 796 2943 viro
843 2891 1058 2944 erudito
1095 2893 1258 2945 verba
1312 2891 1400 2944 illa
1444 2892 1497 2945 in
1544 2907 1774 2947 numero
1811 2894 2056 2948 multitu-

2171 417 2461 474 Domitiani
2510 435 2684 490 usque
2734 431 2945 490 tempus
2990 434 3355 474 exeurramus
3404 461 3418 473 .
3462 419 3572 474 imo
3611 434 3717 474 vero

2168 511 2304 565 nihil
2349 527 2450 566 nos
2493 512 2745 581 prohibet
2783 512 2917 582 quin
2944 512 3133 566 eadem
3170 511 3339 565 verba
3375 510 3494 566 sive
3521 510 3589 566 de
3629 508 3716 566 νβ

2167 604 2424 672 spasiano
2462 603 2692 674 ejusque
2733 604 2860 658 ﬁliis
2892 601 3016 657 Tito
3053 613 3107 658 et
3141 601 3466 656 Domitiano
3507 601 3717 670 accipia-

2166 712 2326 761 mus;
2363 712 2596 766 qunrum
2628 697 2716 751 hic
2747 711 2921 766 usque.
2947 696 3019 750 ab
3059 709 3204 750 anno
3237 695 3318 762 .69
3361 693 3594 764 imperio
3623 693 3718 749 Cx-

2165 773 2323 842 sareo
2352 799 2670 855 exornatus,
2705 790 2794 847 ille
2832 805 2961 846 vero
2995 806 3139 858 ann.,
3165 789 3223 843 71
3279 785 3506 857 imperii
3536 785 3715 854 collega

2168 877 2343 933 fuerat
2365 883 2739 948 renuntiatus;
2771 897 3019 952 quosque
3048 887 3315 951 praetcrea
3343 875 3576 947 iunctim
3600 875 3716 930 inter

2166 981 2544 1042 persecutores
2565 989 2597 1028 a
2625 971 2957 1028 Theodorito
2981 972 3279 1028 recensitos
3308 968 3569 1040 superius
3586 967 3716 1035 ridi-

2165 1077 2289 1117 mus
2316 1081 2328 1116 :
2364 1064 2477 1118 sive
2507 1063 2617 1129 illa,
2643 1064 2788 1134 quod
2826 1064 3061 1119 fortasse
3085 1063 3258 1134 magis
3281 1062 3486 1133 placet,
3515 1060 3579 1115 de
3597 1072 3714 1129 pra-

2164 1153 2324 1209 feclis
2365 1154 2417 1208 in
2465 1156 2600 1210 urbe
2651 1155 3054 1224 intelligamus,
3095 1168 3333 1224 quorum
3373 1166 3586 1207 summa
3617 1157 3716 1204 erat

2165 1246 2478 1301 auctoritas.
2499 1245 2614 1312 Qua
2639 1247 2705 1301 de
2731 1263 2789 1301 re
2815 1248 2971 1302 locus
2993 1254 3173 1300 exstat
3205 1243 3449 1313 insignis
3467 1239 3603 1310 apud
3621 1239 3713 1295 Cle-

2164 1348 2398 1393 mentem
2426 1337 2731 1393 liomanum
2759 1338 2896 1409 (84).
2931 1339 3025 1408 qui
3046 1336 3279 1391 Paulum
3315 1335 3617 1404 apostolum
3636 1333 3710 1385 ἐπὶ

2162 1431 2272 1485 τῶν
2312 1431 2625 1503 ἡγουμένων
2673 1433 2936 1504 martyrio
2988 1431 3263 1487 sublatum
3309 1427 3585 1483 memoria:
3620 1433 3708 1480 tra-

2163 1515 2497 1578 didit:'licet
2536 1540 2602 1579 ex
2634 1525 2863 1579 vetustis
2919 1521 3294 1577 monumentis
3318 1536 3448 1574 cum
3490 1517 3585 1572 sub
3621 1514 3702 1570 Ne-

2163 1627 2297 1667 rone
2345 1630 2566 1684 passum
2618 1624 2766 1670 certo
2815 1623 3050 1670 constet.
3107 1613 3297 1684 Neque
3348 1612 3511 1666 aliter
3547 1607 3705 1678 S.Cy-

2163 1707 2387 1778 prianus
2411 1708 2522 1778 (85)
2552 1727 2564 1762 :
2603 1727 2622 1760 ε
2653 1706 2813 1771 Huic,
2844 1707 3042 1776 inquit,
3088 1703 3468 1775 persecutioni
3501 1699 3704 1770 quotidie

2163 1801 2424 1855 insilstunt
2477 1801 2715 1870 prchecti
2766 1800 2821 1855 in
2886 1801 3042 1863 urbe,
3077 1807 3137 1852 ut
3174 1797 3220 1851 si
3273 1797 3373 1866 qui
3425 1794 3526 1849 sibi
3566 1791 3703 1846 oblati

2163 1891 2382 1958 fuerint,
2419 1894 2940 1956 animadvertantur,
2974 1900 3028 1946 et
3069 1890 3215 1944 bona
3247 1904 3447 1944 eorum
3479 1887 3602 1942 fisco
3629 1887 3702 1939 ad-

2158 1983 2483 2053 judicentur.
2518 2004 2536 2035 ι
2596 1983 2804 2050 Quibus
2852 1984 3074 2052 insuper
3119 1981 3329 2036 addere
3382 1981 3512 2035 libet
3547 1977 3703 2031 Dionis

2161 2073 2358 2132 verba.
2407 2075 2568 2143 digna
2625 2075 2783 2143 plane
2829 2089 2950 2142 qua:
3007 2072 3058 2124 in
3110 2068 3363 2125 eamdem
3415 2055 3698 2124 sententiam

2161 2164 2519 2234 pensitentur.
2552 2163 2642 2219 Sic
2670 2173 2850 2218 autem
2881 2162 2970 2216 ille
2996 2161 3110 2230 (86)
3147 2179 3160 2216 :
3194 2159 3358 2213 Οὕτω
3390 2159 3486 2229 μὲν
3516 2157 3574 2226 δὴ
3602 2155 3698 2207 τότε

2161 2257 2194 2326 ἡ
2224 2254 2331 2308 τῶν
2363 2255 2644 2326 Ῥωμαίων
2674 2253 2815 2326 ἀρχὴ
2855 2254 2947 2308 δύο
2985 2253 3416 2324 αὐτοκράτορσιν
3444 2251 3553 2320 ἅμα
3579 2246 3696 2300 ὲδοὺο

2159 2347 2317 2414 λωσε,
2340 2348 2549 2420 Νέρωνι
2579 2348 2674 2401 καὶ
2709 2347 2892 2417 Ἡλίῳ.
2919 2346 3106 2401 Viden’
3139 2344 3362 2400 Helium
3385 2344 3497 2398 sive
3519 2352 3695 2396 summa

2160 2449 2445 2510 potestate,
2480 2435 2595 2495 sive
2623 2439 2863 2493 nominis
2899 2438 3166 2508 dignitate
3203 2435 3413 2490 Neroni
3446 2443 3694 2500 compara-

2159 2531 2311 2586 tum?
2357 2530 2628 2598 Quorsum
2676 2547 2806 2584 vero
2837 2531 2986 2598 haec,
3021 2528 3279 2597 inquies?
3333 2524 3610 2583 Nimirum,
3652 2529 3696 2571 ut

2158 2625 2510 2691 evincamus,
2553 2638 2616 2677 ex
2682 2621 2938 2692 Epistolaa
2989 2630 3189 2674 nostra:
3234 2618 3458 2682 verbis,
3505 2611 3694 2668 ﬂamini

2155 2718 2414 2786 principes
2432 2717 2726 2785 jusserunt,
2762 2714 2942 2768 minus
2975 2720 3120 2767 recte
3165 2710 3352 2781 colligi
3384 2707 3628 2763 Neronem
3651 2711 3694 2755 et

2156 2808 2524 2862 Domitianum
2546 2808 2614 2863 iis
2637 2806 2945 2862 necessario
2965 2805 3253 2870 indicatos,
3273 2818 3404 2859 cum
3430 2810 3480 2856 et
3493 2793 3690 2869 praefecti

2157 2901 2311 2955 urbis
2343 2901 2398 2954 in
2432 2899 2625 2970 primis
2654 2896 2952 2969 signiﬁcari
2985 2910 3148 2966 posse
3177 2893 3500 2957 videantur;
3523 2889 3604 2960 qui
3623 2887 3688 2938 vel

477 2979 624 3036 diuis
658 2979 880 3033 Romani
917 2983 1200 3051 principes,
1236 2981 1604 3037 Domitianum
1637 2986 1908 3056 respicere
1935 3001 2054 3041 om-
2080 3005 2125 3064 (ς
2155 2994 2222 3048 ab
2264 3007 2372 3048 uno
2424 2992 2751 3062 imperatore
2802 2989 2870 3044 de
2917 2987 3190 3043 vexandis
3223 2985 3548 3040 ChriStianis
3577 2980 3686 3033 latas

481 3075 611 3129 nino
639 3074 922 3139 videntur,
949 3077 1042 3142 qui
1081 3077 1390 3130 secundam
1416 3085 1539 3146 post
1571 3074 1838 3132 Neronem
1867 3094 2052 3148 perse-

473 3165 754 3221 cutionem
796 3167 1000 3222 movit:
1035 3183 1271 3237 cumque
1316 3168 1461 3222 haud
1499 3170 1796 3225 verisimile
1829 3181 2051 3227 censeat

479 3258 546 3312 ad
578 3267 685 3312 tam
724 3259 1024 3330 longaevam
1053 3271 1268 3315 aetatem
1301 3265 1613 3331 pervenisse
1646 3275 1894 3319 sanctum
1920 3280 2052 3335 apo-

479 3351 712 3416 stolum,
741 3360 801 3406 ut
853 3352 1102 3406 szeculor
1149 3362 1408 3418 exeunte,
1461 3355 1565 3409 sub
1609 3369 1674 3409 eo
1722 3355 2051 3426 imperatore

477 3459 672 3514 passus
708 3444 1081 3500 existimetur:
1109 3445 1235 3500 hinc
1255 3445 1506 3516 Epistolze
1522 3446 1777 3504 Ecclesiae
1802 3451 2052 3506 Achaicae

477 3536 849 3590 sinceritatem
922 3537 976 3590 in
1050 3536 1277 3591 dubium
1339 3540 1631 3593 revocandi
1704 3543 2049 3596 occasionem

478 3637 678 3698 captat.
713 3627 783 3681 At
812 3627 1001 3683 isthmc
1030 3629 1249 3683 demum
1277 3629 1514 3700 ohjectio
1549 3633 1680 3686 tanti
1709 3647 1815 3687 non
1852 3643 1956 3698 est,
1994 3645 2052 3688 ut

478 3718 756 3788 negotium
790 3717 946 3772 nobis
989 3716 1262 3774 facessere
1291 3722 1559 3777 videatur.
1593 3722 1714 3789 Quo
1747 3724 1892 3778 enim
1924 3741 2050 3779 vcr-

475 3809 562 3866 his
591 3811 696 3864 illis
728 3830 745 3862 ι
773 3807 1003 3865 Romani
1032 3811 1327 3882 principes,
1357 3833 1375 3865 ›
1403 3816 1518 3870 sive
1541 3828 1600 3871 ut
1630 3817 1683 3870 in
1715 3827 1862 3872 textu
1879 3819 1930 3871 οἱ
1952 3818 2052 3890 ἄρ-

2155 3083 2303 3155 legcs
2352 3082 2544 3138 edictis
2613 3082 2726 3137 suis
2783 3078 3120 3135 exsecutioni
3173 3076 3529 3134 mandandas,
3570 3069 3685 3124 indi-

2155 3182 2363 3237 cerent,
2386 3173 2469 3227 vel
2497 3187 2666 3225 novas
2693 3171 2854 3225 etiam
2897 3169 3101 3224 ferendi
3129 3177 3455 3238 potestatem
3498 3161 3588 3219 sibi
3609 3174 3684 3214 su-

2155 3273 2384 3326 merent,
2406 3272 2465 3317 ut
2485 3264 2550 3317 de
2576 3262 2730 3318 Helio
2757 3270 3120 3331 compertum.
3150 3260 3360 3315 (latera
3388 3255 3684 3328 praeterimus

2155 3371 2280 3426 quae
2323 3356 2457 3409 alias
2491 3365 2687 3425 przesto
2735 3366 2920 3410 essent
2967 3355 3034 3409 ad
3089 3352 3421 3410 sententiam
3477 3359 3683 3404 nostram

2157 3447 2329 3517 magis
2375 3448 2656 3518 magisque
2686 3445 3069 3512 astruendatn;
3114 3462 3180 3500 ne
3227 3445 3480 3500 videlicet
3512 3439 3683 3494 Tullia-

2154 3555 2284 3592 num
2327 3540 2456 3594 illud
2499 3540 2656 3595 nobis
2699 3540 2822 3610 jure
2873 3540 3110 3594 fortasse
3153 3541 3277 3609 quis
3309 3537 3529 3608 objiciat
3555 3531 3681 3603 (87):

2159 3652 2177 3684 ι
2209 3630 2390 3686 Utitur
2421 3633 2472 3685 in
2503 3648 2562 3687 re
2596 3647 2702 3685 non
2731 3632 2894 3686 dubia
2919 3631 3149 3686 testibus
3177 3647 3285 3686 non
3318 3625 3634 3685 necessariis.
3661 3639 3676 3670 ι

2153 3725 2219 3780 Et
2249 3726 2361 3780 haec
2392 3725 2610 3796 quidem
2647 3723 2715 3778 de
2748 3722 3008 3779 Ecclesiae
3034 3723 3285 3780 Achaicae
3315 3719 3549 3794 Epismla
3571 3713 3683 3772 satis

2159 3829 2344 3874 SUDlO.

1172 3963 3649 3994 ________________________________________.

1731 4093 2461 4185 EXCERPTUM

1072 4281 1161 4341 Ex
1199 4278 1582 4342 Prwfatione
1619 4275 1960 4339 clarissimi
2003 4275 2124 4337 viri
2154 4274 2560 4339 Constantini
2605 4278 3085 4340 Tiscneunoar.

1411 4446 1549 4502 (Acta
1571 4445 1902 4509 apostatarum
1923 4443 2220 4510 apocrypha,
2247 4444 2426 4508 Lipsiae
2451 4443 2559 4493 185l
2575 4482 2586 4504 ,
2613 4444 2764 4508 iri-8.)

1158 4663 1247 4722 De
1272 4680 1432 4721 nova
1481 4663 1836 4721 recensione
1869 4672 2083 4722 textus
2136 4661 2435 4721 Actorum
2465 4658 2668 4717 sancti
2702 4657 2979 4718 Andreaz.

552 4843 734 4898 Fluxit
761 4841 922 4896 editio
951 4853 1128 4896 nostra
1151 4857 1214 4895 ea:
1241 4841 1444 4894 duobus
1471 4839 1806 4911 potissimum
1833 4837 2099 4911 codicibus
2133 4836 2329 4911 Grtecfs
2363 4831 2775 4911 Pu‘risicn‘sibus.
2809 4832 2956 4911 Alter
2982 4832 3093 4902 (qui
3123 4831 3290 4911 nobis
3308 4841 3385 4911 est

462 4924 584 4978 est,
641 4929 775 4966 nime
831 4914 1148 4976 miliamilia,
1203 4927 1350 4966 num.
1385 4903 1478 4964 88i
1507 4950 1524 4975 ,
1571 4909 1755 4963 swculi
1789 4909 2050 4962 undecimi

2160 4909 2231 4963 δίο
2259 4906 2530 4964 282-29Η
2563 4903 2698 4955 alter
2754 4905 2928 4970 (apud
2971 4900 3062 4955 nos
3109 4913 3186 4956 est
3224 4903 3297 4973 Β)
3345 4900 3657 4956 (Zoisliniamu

467 5001 618 5038 mnu.
655 4985 776 5045 121,
805 4999 942 5036 cinno
975 4985 1114 5037 1545
1139 4985 1389 5052 scriptus,
1422 4981 1515 5052 fol.
1551 4980 1740 5052 577“.

551 5055 666 5107 llttc
691 5037 888 5107 itt'ccdit
922 5055 1106 5107 tertius
1133 5037 1311 5122 (nobis
1343 5037 1519 5120 est'C)
1548 5051 1712 5103 codem
1771 5047 2134 5122 Barocciantts
2176 5065 2318 5102 num.
2353 5047 2489 5109 180,
2521 5062 2669 5122 quem
2691 5059 2777 5122 _ex
2805 5044 3182 5122 _Woo_gio_,_-qui
3205 5061 3269 5122 eo
3297 5044 3405 5096 solo
3449 5037 3655 5122 mnarg;

469 5126 767 5177 hausimus.
785 5122 996 5187 Quanto
1023 5112 1310 5192 rero‘opere
1338 5112 1576 5175 cadit-itm
1596 5130 1896 5172 nostrorum
1926 5116 2307 5174 Parisieusium
2329 5129 2500 5172 textus
2528 5112 2816 5172 Oxouiensi
2845 5112 3011 5169 codici
3030 5115 3237 5184 Woogii
3260 5122 3476 5182 pra-sm.
3499 5112 3654 5160 aenum

2219 5294 2332 5366 (82)
2373 5292 2610 5366 Tillem.,
2650 5293 2808 5348 Mém.
2835 5293 2986 5357 eccl.,
3012 5305 3142 5366 tom.
3183 5291 3224 5358 l,
3254 5309 3378 5364 pag.
3410 5286 3520 5345 591.

2217 5365 2329 5435 (85)
2372 5365 2543 5433 Epist.
2575 5366 2744 5435 prosit.
2778 5366 2934 5435 Ach_.,
2959 5380 3076 5433 cap.
3107 5365 3160 5416 2.

2215 5433 2326 5508 (84)
2367 5437 2538 5508 Qlem.
2567 5433 2630 5489 11.
2663 5434 2834 5508 Epist.
2870 5433 2898 5487 Ι
2923 5436 2991 5489 ad
3025 5435 3174 5508 t.‘_o_r.,
3205 5449 3322 5508 cap.
3342 5435 3407 5508 ΔΞ).

2215 5485 2326 5576 (ἑὲ)
2366 5485 2538 5577 CM.
2557 5485 2729 5575 ἑίέίεῖἷ
2747 5485 2835 5568 so;
2865 5485 2989 5577 .353;
3015 5485 3145 5567 65—8.
3161 5485 3320 5559 ’ρόἷιῗ
3335 5485 3492 5559 diu...
3521 5485 3642 5548 Issa.

2215 5575 2326 5647 (86)
2368 5575 2465 5637 Dio
2493 5578 2584 5630 lib.
2619 5593 2772 5637 wn,
2810 5593 2928 5647 pag.
2962 5575 3083 5628 7‘20.

2205 5649 2322 5718 (87)
2363 5647 2475 5704 Cic.
2509 5647 2580 5701 Dc
2608 5648 2762 5716 allia,
2800 5649 2894 5702 lib.
2924 5663 2981 5712 ιι,
3009 5663 3126 5719 cap.
3154 5647 3207 5700 9..

481 5280 483 5282 ’
546 5303 659 5372 (rs)
702 5301 849 5356 Diar.
889 5289 1041 5355 erud.
1087 5298 1240 5366 Ital.,
1285 5308 1416 5354 tom.
1465 5295 1717 5363 xxvm,
1754 5312 1875 5370 pag.
1911 5295 2016 5350 διο

475 5389 626 5444 seqq.

547 5437 658 5513 (79)
681 5441 893 5504 -llard.,
923 5440 1063 5495 "ist.
1089 5440 1226 5508 Aug.
1253 5440 1538 5513 intc_r_opp.
1573 5439 1693 5513 sel.,_
1722 5437 1998 5513 pag._753,

546 5508 658 5583 (80)
699 5513 862 5568 ι’τωι.
897 5516 1056 5577 Qum.
1091 5522 1308 5583 tentant.
1346 5508 1629 5563 Dissertat.
1660 5508 1730 5563 dc
1760 5508 1924 5563 utilit.
1961 5509 2036 5562 rei

473 5600 671 5635 numm.
705 5595 830 5647 vet.,
859 5597 979 5650 cap.
1005 5583 1060 5645 '5,
1095 5597 1214 5650 pag.
1244 5582 1329 5635 15.

548 5649 1114 5713 (8|)FlorenLVetust.
1137 5649 1299 5703 occid.
1326 5649 1470 5703 Eccl.
1497 5649 1889 5721 .i!arlyr.,pag.
1913 5650 2029 5705 119.
