3992 6148
333 270 465 325 12M

1312 268 1643 327 EPISTOLA
1681 269 1768 325 DE
1808 267 2165 326 MARTYRIO
2205 269 2262 325 S.
2306 270 2628 326 ANDREE.

3442 274 3576 332 12ίὲ

324 382 497 454 ἄνδρα
546 381 729 437 ἔνθεον
780 385 847 438 τ’.
897 385 1179 454 Τέσσαρας
1224 383 1437 457 ἡμέρας
1463 385 1508 417 ⁸ο
1560 385 1892 456 κρεμάμενος

2009 386 2299 442 comedens
2322 402 2421 442 nos
2442 388 2726 443 saturavit.
2751 387 2903 445 Tolle
2927 388 2995 445 de
3020 404 3185 445 cruce
3204 388 3380 443 virum
3404 389 3570 455 hunc,

324 475 415 547 ζῇ·
477 475 640 546 μηδὲν
687 478 869 545 φαγὼν
914 476 1118 540 πάντας
1158 479 1304 548 ἡμᾶς
1350 477 1661 548 ἐχόρτασενο
1705 476 1898 531 κάθελε

321 566 417 620 τὸν
436 567 604 637 ἀνδρα
630 569 737 622 ἀπὸ
768 569 860 623 τοῦ
896 569 1148 642 σταυροῦ,
1172 571 1265 623 καὶ
1294 570 1493 632 πάντες
1525 569 1899 640 φιλοσοφήσω-

326 674 449 730 μενο
477 660 638 714 λῦσον
676 661 766 714 τὸν
798 663 965 733 ἄνδρα
984 663 1053 728 ⁸¹,
1087 663 1181 715 καὶ
1221 663 1480 732 πᾶσαὴ⁸²
1529 662 1717 731 Ἀχαΐα
1749 661 1900 733 ἐλεη-

323 751 566 822 θήσεταισ
608 752 670 805 ού
713 751 832 805 δέον
878 754 1026 806 ἐστὶν
1075 754 1237 806 αὑτὸν
1285 752 1443 806 τοῦτο
1484 752 1677 806 παθεῖν
1718 754 1784 817 ⁸³,
1818 754 1899 807 ὅτι

320 844 666 915 κρεμάμενος
683 844 728 876 ³⁸
756 846 856 916 τὴν
894 844 1150 916 ἀλήθειαν
1182 844 1470 917 κηρύττειν
1501 846 1562 899 ού
1588 844 1839 899 παύεται.

389 935 436 966 ⁸⁵
479 935 564 998 Ὦς
587 935 642 988 δὲ
675 937 1028 1006 παρήκουσεν
1056 939 1085 989 6
1116 935 1444 1001 ἀνθύπατος,
1477 936 1545 991 τά
1576 938 1675 1008 μὲν
1705 937 1901 1008 πρῶτα

318 1026 388 1095 τῇ
423 1025 560 1096 χειρὶ
592 1024 670 1096 τῷ
709 1025 849 1096 ὄχλῳ
886 1025 1146 1081 διανεύων
1196 1027 1291 1081 τοῦ
1338 1029 1637 1101 ἀναχωρεῖν
1679 1030 1897 1094 αὐτοὺς,

320 1117 561 1188 ἐτόλμων
595 1135 649 1171 τι
688 1120 768 1182 είς
800 1119 982 1185 αὑτὸν,
1033 1120 1185 1185 ὄντες
1214 1120 1305 1175 τὸν
1342 1121 1576 1193 ἀριθμὸν
1603 1122 1679 1185 ὡς
1709 1122 1904 1193 δισμύ-

318 1224 445 1279 ριοι.
482 1208 590 1272 Οὓς
624 1208 958 1280 θεασάμενος
986 1212 1014 1263 6
1045 1210 1350 1276 ἀνθύπατος
1375 1212 1560 1283 τρόπῳ
1586 1213 1691 1265 τινὶ
1717 1214 1898 1283 ἐμμα-

314 1298 427 1359 νεῖς
446 1298 864 1368 γεγενημένους,
888 1296 1141 1362 δεδοικὼς
1165 1300 1237 1371 μή
1277 1317 1329 1353 τι
1349 1299 1523 1353 δεινὸν
1557 1300 1743 1363 πάθοι,
1766 1301 1899 1352 ἀνα-

314 1386 451 1450 στὰς
494 1387 601 1440 ἀπὸ
640 1387 734 1441 τοῦ
781 1387 1023 1461 βήματος
1066 1390 1315 1444 συναπίει
1365 1391 1462 1444 σὺν
1512 1390 1715 1456 αὐτοῖς,
1765 1391 1899 1444 ὑπο-

313 1479 580 1549 σχόμενος
625 1480 903 1535 ἀπολύειν
932 1480 1025 1534 τὸν
1077 1483 1347 1554 μακάριον
1400 1482 1670 1554 Ἀνδρέαν.
1704 1482 1901 1553 Ἐφθα-

310 1589 414 1626 σαν
458 1568 551 1626 οὖν
588 1591 732 1638 τινες
779 1574 858 1646 τῷ
896 1576 1177 1648 ἀποστόλῳ
1208 1577 1511 1648 δηλοῦντες,
1554 1579 1649 1632 καὶ
1693 1579 1792 1651 τὴν
1825 1581 1905 1633 αἱ·

306 1663 435 1717 τίαν
456 1664 524 1717 δι’
556 1665 622 1735 ἢν
648 1664 740 1717 ἐπὶ
759 1665 850 1718 τὸν
875 1666 1039 1720 τόπον
1063 1668 1451 1738 παραγίνονται
1484 1668 1551 1724 ⁸⁸.

1999 488 2053 534 ct
2081 495 2273 535 omnes
2313 481 2638 549 sapientiam
2660 484 3087 553 amplectimur;
3139 483 3292 537 solve
3321 482 3494 547 illum,
3519 498 3575 538 et

2002 571 2256 626 universa
2285 572 2489 627 Achaia
2551 574 2982 630 misericordiam
3028 583 3416 644 consequetur.
3453 573 3571 629 Non

1999 663 2158 718 debet
2185 664 2311 718 talia
2342 666 2451 735 pati
2500 665 2586 720 vir
2616 666 2709 735 qui
2754 666 2808 721 in
2836 682 3000 723 cruce
3042 682 3344 738 suspensus
3371 670 3571 722 verita-

2001 764 2108 811 tem
2138 757 2438 827 przedicare
2471 774 2576 812 non
2612 768 2807 816 cessat.

2083 934 2414 992 Procon3ule
2476 950 2656 992 autem
2718 940 2847 994 talia
2925 939 3249 1012 negligente,
3300 957 3573 1012 manuque

2000 1027 2173 1081 turba:
2221 1027 2482 1082 innuente
2512 1038 2570 1083 ut
2599 1029 2924 1096 discederet,
2955 1032 3306 1101 grassabatur
3354 1034 3407 1086 in
3445 1048 3572 1087 eum

1998 1118 2228 1172 audacia
2277 1118 2670 1187 multitudinis;
2705 1130 2862 1176 erant
2888 1123 3032 1177 enim
3059 1123 3250 1194 viginti
3277 1124 3444 1177 millia
3474 1124 3572 1178 ho-

2000 1209 2233 1264 minum.
2277 1209 2426 1276 Quos
2470 1212 2914 1269 animadvertetis
2963 1215 3260 1284 proconsul
3291 1216 3449 1285 quasi
3484 1215 3574 1269 tua

1999 1316 2125 1356 rore
2173 1300 2532 1366 insanientes,
2588 1304 2771 1358 timuit
2830 1320 2898 1359 ne
2924 1306 3053 1375 quid
3091 1307 3220 1361 mali
3274 1317 3571 1376 pateretur,

2003 1405 2343 1460 surgensque
2390 1406 2421 1447 e
2462 1391 2723 1447 tribunali
2774 1394 2944 1447 exivit
2995 1410 3231 1465 sequens
3281 1395 3405 1452 illos
3454 1412 3575 1465 pro-

2001 1482 2331 1552 mittensque
2346 1497 2406 1537 se
2421 1481 2637 1537 beatum
2654 1482 2926 1539 Andream
2945 1485 3320 1540 liberaturum.
3342 1484 3571 1551 Quidam

1999 1571 2170 1643 igitur
2202 1582 2595 1643 praecurrentes
2643 1574 2708 1628 ad
2749 1575 3060 1643 apostolum
3104 1585 3393 1643 venerunt,
3442 1591 3573 1630 cau-

2001 1681 2117 1722 sam
2148 1668 2412 1721 adventus
2440 1666 2524 1721 sui
2554 1667 2945 1738 signiﬁcantes.
3357 1672 3366 1684 '

381 1756 589 1819 Παντὸς
621 1752 716 1811 οὖν
752 1756 847 1811 τοῦ
876 1758 1034 1829 δχλου
1067 1759 1475 1831 ἀγαλλιωμένου
1496 1760 1578 1814 ὅτι
1609 1759 1841 1833 ἤμελλεν
1868 1763 1892 1815 ό

2067 1757 2432 1813 Exsultabaut
2478 1759 2646 1831 igitur
2695 1760 2868 1814 turba:
2913 1760 2980 1815 de
3019 1760 3201 1814 futura
3253 1759 3574 1815 liberatione

310 1848 581 1919 μακάριος
620 1849 873 1921 Ἀνδρέας
901 1851 1261 1916 ἀπολύεσθαι,
1289 1852 1771 1925 ιιαραγεναμένου⁹
1797 1854 1892 1907 τοῦ

308 1940 620 1995 ἀνθυπάτου
659 1943 752 1997 xui.
787 1944 1006 1997 πάντων
1032 1944 1143 1998 τῶν
1178 1945 1421 2014 ἀδελφῶν
1453 1945 1751 2018 χαιρόντων
1777 1946 1892 2017 ἄμα

307 2037 373 2105 τῇ
407 2033 739 2106 Μαξιμίλλη,
781 2037 809 2089 6
842 2037 1110 2109 μακάριος
1148 2036 1405 2109 Ἀνδρέας
1435 2037 1611 2090 ταῦτα
1653 2038 1894 2101 ἀκούσας

307 2122 465 2180 εἶπεν
497 2131 611 2190 τοῖς
640 2127 981 2199 παρεστῶσιν
1020 2129 1285 2198 ἀδελφοῖς·
1320 2130 1386 2182 ’Δ
1415 2129 1497 2181 δεῖ
1530 2146 1597 2200 με
1631 2128 1768 2201 πρὸς
1795 2130 1892 2183 αύ-

304 2219 397 2273 τὺν
423 2221 627 2285 είπείν,
659 2220 983 2284 ἀναλύοντός
1025 2239 1126 2291 μου
1159 2223 1296 2295 πρὸς
1323 2221 1559 2295 Κύριον,
1592 2222 1765 2275 ταῦτα
1798 2223 1892 2275 καὶ

305 2311 441 2382 ἐρῶ.
472 2312 628 2375 Τίνος
664 2313 823 2384 χάριν
860 2313 1022 2367 πάλιν
1061 2310 1195 2386 ἦκες
1235 2315 1374 2387 πρὸς
1417 2315 1583 2385 ἡμᾶς,
1619 2314 1888 2383 Δίγεάτα;

303 2405 448 2468 τίνος
494 2404 682 2458 ἕνεκεν
742 2404 1019 2477 ἀλλότριος
1069 2406 1226 2477 ἡμῶν
1285 2405 1578 2477 προσέρχει
1633 2407 1802 2476 ἡμῖνς
1837 2406 1891 2458 τί

304 2498 574 2569 τολμῆσαι
614 2499 776 2553 πάλιν
815 2499 1002 2564 θέλων,
1032 2500 1085 2552 τί
1116 2498 1511 2570 τεχνάσασθαι;
1542 2499 1683 2552 είπέ.
1716 2497 1888 2551 Λῢσαι

303 2591 453 2660 ἡμᾶς
494 2586 658 2661 ἦλθες
701 2590 778 2656 ὼς
816 2590 1215 2662 μετεγνωκώς;
1256 2591 1366 2645 οὐδ’
1399 2590 1463 2646 ἄν
1504 2608 1586 2644 σοι
1629 2589 1889 2662 συνθήσο-

308 2700 428 2753 μαι,
465 2683 540 2747 ὠς
566 2682 783 2754 ἀληθῶς
819 2701 912 2737 σου
950 2685 1371 2754 μετεγνωκότος.
1413 2682 1534 2738 Οὐδ’
1583 2683 1648 2739 ἀν
1682 2700 1765 2737 σοι
1800 2699 1891 2735 πι-

306 2775 535 2843 στεύσω,
572 2775 701 2830 ῐδιόν
725 2794 826 2848 μου
862 2779 1053 2832 σαυτὸν
1075 2777 1303 2845 λέγοντά
1324 2794 1403 2830 σε.
1431 2776 1593 2841 Λύεις
1620 2776 1699 2844 δὲ,
1727 2774 1891 2830 ἀνθύ-

304 2880 465 2928 πατε,
504 2865 594 2917 τὸν
625 2865 874 2931 δεθέντας
912 2866 1192 2938 οὐδαμῶς·
1222 2866 1472 2939 ἔχωγάρ
1513 2859 1558 2935 ᾧ
1596 2865 1890 2937 συνέσομαι

304 2959 385 3021 εἰς
432 2958 493 3011 τὸ
525 2959 790 3031 διηνεκὲς,
822 2959 930 3031 ἔχω
971 2954 1014 3029 ᾧ
1048 2960 1547 3032 συμπολιτεύσομαι
1584 2962 1665 3022 είς
1703 2960 1890 3032 ἀναρι-

1995 1849 2137 1906 beati
2184 1850 2416 1907 Andrea:
2453 1869 2469 1919 ;
2531 1852 2857 1908 adveniente
2902 1862 3083 1907 autem
3133 1852 3462 1923 proconsule
3519 1860 3607 1907 et.

1992 1943 2249 2000 omnibus
2302 1943 2567 2002 fratribus
2630 1961 2757 2001 cum
2817 1946 3122 2001 Maximilla
3190 1946 3572 2015 gaudentibus,

1991 2050 2117 2091 cum
2142 2035 2257 2090 haec
2277 2038 2520 2094 audisset
2536 2039 2725 2094 beatus
2748 2038 3018 2104 Andreas,
3050 2038 3311 2093 fratribus
3339 2037 3574 2092 astanti-

1992 2130 2095 2185 bus
2123 2129 2474 2195 dixit.Quod
2522 2140 2736 2199 oportet
2784 2145 2871 2185 me
2916 2130 2992 2183 illi
3037 2129 3240 2194 dicere,
3278 2129 3572 2184 abeuntem

1991 2221 2057 2275 ad
2084 2218 2396 2286 Dominum,
2424 2221 2528 2276 hoc
2550 2222 2753 2278 dicam.
2788 2221 3156 2287 Quamobrem
3188 2222 3385 2275 iterum
3418 2223 3574 2275 venis

1991 2313 2059 2368 ad
2094 2330 2218 2379 nos,
2247 2313 2542 2384 Egeates?
2569 2313 2649 2369 Ad
2683 2313 2837 2384 quid,
2890 2323 2945 2368 tu
2982 2330 3012 2367 a
3046 2313 3205 2368 nobis
3236 2313 3472 2378 alienus,
3504 2313 3573 2367 ad

1991 2422 2092 2461 nos
2122 2407 2380 2462 accedis?
2411 2407 2544 2477 quid
2572 2408 2701 2461 novi
2743 2422 3004 2472 ausurus,
3033 2406 3165 2475 quid
3224 2405 3573 2459 machinatu-

1992 2499 2122 2553 rus?
2156 2497 2271 2554 Dic.
2305 2497 2542 2553 Venisne
2586 2498 2799 2553 solvere
2850 2514 2951 2553 nos
2997 2498 3153 2567 quasi
3205 2498 3574 2568 resipiscens?

1992 2604 2169 2658 neque
2200 2588 2282 2644 sic
2321 2588 2418 2643 tibi
2453 2590 2823 2654 conciliabor,
2867 2606 2965 2645 ceu
3005 2590 3217 2645 sincere
3258 2590 3570 2660 pwnitenti;

1991 2695 2100 2735 non
2148 2680 2245 2735 tibi
2297 2680 2598 2749 crederem,
2641 2681 2855 2737 etiamsi
2898 2691 2952 2735 te
2988 2681 3122 2736 mihi
3171 2680 3569 2735 amicissimum

1990 2772 2222 2829 diceres.
2252 2771 2394 2828 Num
2423 2789 2511 2829 me
2533 2774 2776 2829 vinctum
2809 2773 2998 2839 solvis,
3033 2787 3066 2827 ο
3091 2773 3429 2845 proconsul?
3467 2773 3572 2828 mi-

1990 2865 2156 2921 nime.
2188 2864 2372 2923 Habeo
2398 2867 2544 2921 enim
2575 2883 2702 2923 eum
2742 2882 2854 2937 quo
2880 2882 2975 2923 ero
3019 2867 3073 2921 in
3100 2876 3445 2937 perpetuum,
3474 2868 3573 2920 ha-

1992 2960 2095 3016 beo
2121 2976 2247 3017 cum
2272 2975 2383 3032 quo
2416 2960 2788 3016 conversabor
2827 2976 2925 3030 per
2967 2960 3180 3013 inlinita
3220 2960 3442 3015 smcula.
3487 2959 3569 3013 Ad

305 3047 544 3119 θμήτους
580 3050 785 3114 αἰῶνας
805 3069 819 3083 ο
854 3053 990 3123 πρὸς
1022 3053 1228 3105 ἐκεῖνον
1264 3052 1482 3121 ἄπειμι,
1516 3052 1652 3122 πρὸς
1684 3053 1890 3109 ἐκεῖνον

1994 3051 2147 3106 illum
2177 3052 2340 3117 vado,
2388 3051 2454 3106 ad
2499 3052 2651 3106 illum
2682 3066 2937 3121 propero,
2969 3052 3063 3121 qui
3106 3062 3157 3105 te
3201 3051 3334 3104 mihi
3379 3059 3570 3104 notum

258 3168 261 3171 ν
302 3138 614 3209 ἐπείγομαι,
652 3140 744 3193 τὸν
773 3140 869 3195 καὶ
899 3142 958 3194 σέ
996 3158 1084 3210 μοι
1118 3141 1483 3212 γνωρίσαντα,
1512 3141 1603 3195 τὸν
1631 3143 1892 3212 εἰρηκότα

1998 3144 2144 3208 fecit,
2184 3143 2279 3212 qui
2325 3143 2458 3196 mihi
2494 3142 2633 3197 dixit
2662 3155 2677 3192 :
2710 3139 2857 3194 Nihil
2904 3150 2955 3197 te
2996 3150 3269 3196 exterreat
3300 3140 3451 3195 ferus
3485 3142 3574 3196 ille

305 3246 416 3301 μοι’
446 3233 536 3303 Μή
564 3250 624 3286 σε
657 3232 957 3301 ὲκφοὸείτω
985 3235 1014 3287 6
1038 3233 1208 3296 δεινὸς
1219 3234 1455 3303 ιὲκεῖνοςο
1482 3233 1555 3304 μή
1582 3250 1640 3285 σε
1670 3236 1892 3305 κρατεῖν

1997 3236 2195 3300 homo;
2234 3248 2343 3288 non
2370 3234 2556 3289 credat
2582 3243 2635 3288 te
2660 3233 2754 3302 qui
2790 3248 2945 3287 meus
2974 3247 3056 3299 es,
3090 3247 3119 3285 a
3138 3247 3199 3286 se
3219 3232 3571 3299 vincendum;

301 3324 568 3394 νομιζέτω
605 3324 736 3395 ἐμὸν
760 3325 886 3377 ὄντα
905 3341 918 3354 ·
946 3325 1139 3396 ἐχθρός
1168 3341 1258 3377 σου
1280 3324 1389 3397 γάρ
1411 3326 1578 3378 ἐστιν.
1597 3324 1895 3395 Τοιγαροῦν

300 3417 556 3486 ἐπιγνούς
587 3435 645 3470 σε
674 3417 762 3470 διὰ
791 3416 885 3469 τοῦ
927 3416 1317 3488 ἐπιτρέψαντός
1346 3434 1435 3488 μοι
1474 3416 1893 3485 ἀπαλλάσσομαι

303 3523 416 3561 σου.
442 3510 503 3561 Εἰ
523 3507 580 3561 δὲ
608 3508 701 3562 καὶ
734 3507 911 3579 βούλει
930 3506 1219 3560 πιστεύσαι
1247 3508 1325 3578 τῷ
1343 3506 1582 3578 Χριστῷ,
1614 3507 1892 3578 ἀνεῳχθή-

302 3600 460 3655 σεταί
490 3616 593 3663 σοι,
629 3598 811 3663 καθὼς
836 3599 1155 3670 ὑπεσχόμην
1176 3616 1278 3663 σοι,
1314 3598 1433 3662 ὁδὸς
1470 3600 1889 3670 συγχωρήσεωςο

301 3692 425 3747 εἰδὲ
446 3694 583 3766 πρὸς
602 3694 663 3746 τὸ
681 3692 840 3746 λῦσαί
866 3711 933 3763 με
954 3692 1115 3764 μόνον
1132 3691 1415 3764 ἐλήλυθας,
1448 3690 1559 3761 ἐγὼ
1582 3691 1677 3745 τοῦ
1704 3692 1891 3746 λοιποῦ

301 3786 366 3839 ὲκ
378 3785 469 3839 τοῦ
500 3784 732 3857 σταυροῦ
756 3784 945 3838 τούτου
968 3783 1074 3849 ζῶν
1090 3786 1147 3837 ἐν
1166 3784 1244 3854 τῷ
1264 3782 1473 3856 σώματι
1504 3784 1891 3855 κατενεχθῆναι

300 3878 362 3930 ού
385 3877 703 3948 δυνήσομαι.
744 3874 883 3945 Ἐγὼ
915 3874 1025 3946 γὰρ
1049 3875 1142 3927 καὶ
1165 3876 1212 3928 οἱ
1248 3877 1531 3944 συγγενεῖς
1567 3891 1667 3947 μου
1700 3873 1793 3925 ἐπὶ
1823 3873 1892 3927 τὰ

301 3968 546 4039 ἡμέτερα
593 3966 973 4038 ἐπειγόμεθα,
1009 3964 1207 4029 ὲῶντες
1254 3965 1313 4018 σὲ
1347 3961 1485 4018 εἶναι
1534 3964 1672 4035 ὅπερ
1719 3958 1770 4017 εἷ
1797 3964 1891 4018 καὶ

300 4056 329 4107 ὃ
360 4056 434 4127 μὴ
479 4056 769 4110 ἐπίστασαι
802 4056 965 4119 αὐτὸς
997 4055 1127 4127 περὶ
1171 4053 1423 4108 σεαυτοῦ.
1462 4054 1605 4125 Ἤδη
1640 4053 1749 4126 γὰρ
1798 4055 1891 4109 τὸν

304 4147 526 4217 βασιλέα
563 4166 663 4218 μου
698 4148 831 4221 ὁρῶ,
882 4148 981 4219 ἥδη
1022 4146 1330 4223 προσκιυνῶ,
1366 4147 1467 4217 ἤδη
1513 4145 1741 4201 ἐνώπιον
1792 4147 1891 4200 αύ-

301 4238 394 4292 τοῦ
440 4241 816 4311 παρίσταμαι,
864 4239 993 4293 ἔνθα
1030 4238 1169 4292 είσὶν
1202 4240 1259 4292 αἱ
1299 4237 1412 4291 τῶν
1469 4238 1716 4307 ἀγγέλων
1758 4238 1890 4309 ὁμό-

300 4350 462 4396 νοιαι,
526 4332 654 4386 ἔνθα
704 4332 867 4395 αὐτὸς
915 4334 943 4385 6
984 4332 1145 4402 μόνος
1192 4331 1548 4403 αὐτοκράτωρ
1584 4329 1886 4400 βασιλεύει,

1996 3326 2092 3381 tibi
2120 3327 2266 3382 enim
2316 3327 2654 3380 inimicatur.
2713 3323 2789 3380 Te
2844 3325 3008 3394 igitur
3038 3340 3133 3393 per
3162 3324 3315 3377 illum
3365 3340 3570 3395 cogno-

1995 3432 2175 3483 scens,
2217 3426 2366 3472 tuam
2418 3424 2741 3487 potestatem
2788 3414 3007 3484 eﬂ‘ugio.
3043 3414 3101 3468 Si
3144 3423 3321 3468 tamen
3352 3414 3575 3471 Christo

1992 3511 2215 3565 credere
2242 3510 2396 3576 velis,
2426 3517 2574 3580 patet
2616 3508 2734 3573 tibi,
2764 3508 2907 3563 sicut
2947 3507 3059 3576 jam
3103 3507 3379 3577 pollicitus
3422 3524 3570 3577 sum,

1994 3600 2384 3658 misericordia:
2428 3602 2537 3655 via.
2585 3597 2644 3653 Si
2691 3608 2873 3653 autem
2922 3599 3045 3653 ideo
3083 3599 3257 3653 solum
3283 3599 3477 3653 venisti
3513 3609 3573 3653 ut

1993 3712 2082 3749 me
2107 3695 2369 3760 solveres,
2401 3702 2452 3748 te
2482 3693 2623 3749 seire
2651 3693 2810 3747 velim
2842 3708 2928 3747 me
2962 3708 3028 3746 ex
3059 3692 3159 3745 hac
3187 3706 3351 3745 cruce
3381 3690 3567 3744 viven-

1994 3796 2103 3842 tem
2150 3787 2204 3841 in
2236 3801 2469 3855 corpore
2500 3786 2613 3839 tolli
2650 3800 2760 3840 non
2796 3801 2977 3855 posse.
3012 3783 3126 3854 Ego
3169 3784 3316 3839 enim
3354 3794 3408 3838 et
3439 3798 3571 3853 pro-

1993 3877 2128 3931 ximi
2162 3877 2268 3931 mei
2309 3878 2375 3932 ad
2407 3877 2644 3947 patriam
2691 3886 2936 3932 nostram
2987 3877 3333 3938 festinamus,
3366 3886 3419 3930 te
3449 3891 3571 3930 esse

1993 3969 2235 4025 sinentes
2273 3962 2417 4040 quod
2451 3987 2533 4036 cs,
2602 3970 2747 4026 circa
2795 3970 3030 4038 teipsum
3078 3968 3393 4023 caecutiens.
3445 3966 3567 4021 Jam

1992 4061 2139 4117 enim
2180 4078 2361 4133 regem
2393 4078 2577 4117 meum
2622 4064 2800 4127 video,
2827 4063 2941 4132 jam
2973 4061 3166 4126 adoro,
3207 4060 3321 4130 jam
3355 4060 3407 4113 in
3433 4076 3536 4113 con
3564 4092 3571 4098 -

1993 4162 2182 4224 spectu
2213 4153 2334 4223 ejus
2374 4154 2591 4219 adsum,
2626 4154 2719 4209 ubi
2759 4156 3033 4209 exsistunt
3062 4152 3377 4222 angelorum
3417 4150 3571 4204 chori

1996 4244 2309 4308 unanimes,
2340 4244 2430 4297 ubi
2467 4242 2582 4314 ipse
2627 4244 2778 4298 solus
2819 4257 3108 4313 supremus
3134 4241 3455 4295 Dominator
3485 4256 3573 4293 rc-

1992 4342 2144 4404 gnat,
2188 4333 2280 4388 ubi
2325 4333 2418 4388 lux
2461 4334 2691 4389 estsine
2733 4344 2913 4400 nocte,
2953 4334 3042 4388 ubi
3086 4332 3250 4387 llores
3287 4346 3568 4400 nunquam

299 4422 427 4476 lvOa
452 4424 512 4476 τὸ
547 4423 661 4493 φῶς
694 4425 821 4477 ἀνευ
854 4424 1048 4487 νυκτὸς
1077 4425 1333 4497 ὑπάρχει,
1368 4423 1498 4476 ἔνθα
1525 4422 1594 4475 τὰ
1626 4422 1759 4493 ἄνθη
1786 4424 1881 4476 ού-

1994 4434 2363 4491 marccscunt,
2411 4426 2501 4479 ubi
2545 4425 2703 4479 dolor
2758 4441 2973 4494 semper
3026 4425 3331 4495 ignoratur,
3391 4438 3571 4492 neque

297 4515 487 4571 δέποτε
526 4515 913 4587 μαραίνονται,
958 4515 1086 4569 ἔνθα
1130 4516 1292 4589 ὀδύνη
1334 4516 1591 4570 οὐδέποτε
1624 4514 1887 4584 γινώσκε-

1993 4518 2173 4588 ipsum
2220 4519 2471 4575 mmroris
2502 4519 2724 4574 auditur
2755 4534 2977 4585 nomen,
3008 4518 3101 4573 ubi
3146 4518 3335 4571 lzrtitia
3375 4525 3429 4571 et
3466 4532 3568 4572 ex-

1605 4674 1837 4745 VARIng
1873 4672 2281 4729 LECTIONES.

418 4791 464 4822 7’
500 4788 714 4860 ἔνθεονι
758 4788 799 4840 Β
849 4788 970 4843 add.
1040 4788 1113 4860 μὴ

1171 4788 1380 4853 ἀνελείς
1425 4788 1599 4859 ἄνδρα
1655 4788 1874 4859 εὐσεβῆ.

302 4875 477 4930 usque
508 4859 698 4930 ἀνδρα.
770 4860 816 4890 ⁸³
849 4860 998 4911 πᾶσα
1028 4862 1061 4928 ἡ
1102 4858 1113 4912 Ξ
1150 4858 1194 4911 A
1226 4876 1337 4930 om.
1373 4862 1428 4930 ἡ.

1953 4789 1998 4820 ⁸ο
2028 4787 2070 4840 Β
2095 4788 2387 4860 τέσσαρσιν
2420 4788 2690 4860 -ἠμέραιᾳ
2772 4789 2815 4824 ⁸¹
2851 4788 2892 4841 Β
2924 4804 3033 4860 om.
3068 4787 3177 4860 ἀπὸ
3202 4786 3298 4840 τοῦ
3333 4786 3571 4859 σταυροῦ

390 4875 477 4928 tne
509 4859 698 4929 ἄνδρα.
770 4860 816 4890 ⁸³
849 4860 998 4911 πᾶσα
1028 4862 1061 4928 ἡ
1102 4857 1113 4912 Ξ
1150 4858 1194 4911 A
1226 4876 1337 4911 om.
1373 4862 1428 4930 ἡ.
1504 4857 1551 4890 ⁸³
1585 4858 1627 4910 Β
1662 4857 1813 4928 αὐτῷ
1845 4857 2004 4911 τοῦτο
2058 4857 2280 4911 παθεῖν(
2342 4858 2388 4889 ⁸⁸
2417 4858 2457 4910 Β
2480 4857 2889 4980 κίρεμάμμενος.
2925 4858 2999 4913 Ita
3034 4859 3353 4927 plerumque
3384 4857 3565 4913 habet.

392 4930 478 4980 Ὠς
498 4929 554 4980 δέ
582 4944 753 4980 usnue
775 4930 962 4980 ultima
985 4930 1115 4980 ὅταν
1145 4931 1206 4980 οὐ
1226 4929 1455 4980 δύνασαι
1483 4944 1546 4980 ex
1563 4928 1673 4980 AB.
1752 4930 1803 4960 "
1827 4927 1883 4980 In
1908 4926 1999 4980 CD
2020 4944 2145 4980 cum
2177 4928 2452 4980 prioribus
2485 4929 2495 4944 '
2544 4947 2571 4980 ε
2602 4931 2658 4980 δὲ
2693 4967 2707 4980 .
2730 4969 2743 4980 .
2766 4967 2780 4980 .
2818 4930 3209 4980 παραγίνονται
3236 4928 3424 4980 confer
3447 4945 3565 4980 uua!

298 4929 345 4961 ⁸³
392 4926 478 4990 Ὧς
498 4929 554 4980 δέ
582 4926 753 4998 usque
775 4930 962 4982 ultima
985 4926 1115 4981 ὅταν
1145 4931 1206 4982 οὐ
1226 4926 1455 4981 δύνασαι
1483 4944 1546 4981 ex
1563 4928 1673 4983 AB.
1752 4926 1803 4960 "
1827 4927 1883 4980 In
1908 4926 1999 4982 CD
2020 4944 2145 4981 cum
2177 4928 2452 4997 prioribus
2485 4926 2571 4991 Ὠς

2602 4928 2743 5002 δὲ..
2766 4967 2796 5002 ,Α
2818 4930 3209 5002 παραγίνονται
3236 4928 3424 4983 confer
3447 4945 3571 4998 qua:

303 5000 432 5051 illa:
479 4999 768 5070 κηρύττων
800 5000 860 5051 οὔ
894 4999 1147 5062 παύεται,
1171 4999 1469 5070 exeipiunt.
1498 4998 1835 5070 Suntautem
1876 4998 2027 5070 lucc:
2058 4998 2424 5070 T6tsAiyéaq
2457 5000 2714 5070 φοϐηθεὶς
2752 5000 2845 5052 τὸν
2878 4998 3003 5053 λαὸν
3042 5000 3308 5069 ὑπέσχετο
3343 5015 3569 5070 κατενε-

300 5070 453 5142 γκεῖν
485 5068 645 5121 αὐτὸν
677 5069 771 5121 τοῦ
818 5070 1054 5142 σταυροῦ
1082 5072 1282 5142 (codex
1322 5069 1400 5140 τῷ
1436 5068 1707 5142 σταυρῷ),
1745 5069 1860 5139 ἅμα
1886 5068 1964 5142 δὲ-
1986 5069 2081 5121 τοῦ
2116 5069 2390 5142 ἄρξασθαι
2414 5068 2934 5142 αύτὺνπορεύεσθαι
2964 5070 3102 5141 (sic;
3140 5068 3374 5142 vitiose).
3423 5069 3573 5122 Tunc

299 5138 550 5206 ﬁgentes
586 5155 873 5209 pavescens
928 5138 1181 5209 populum
1214 5150 1262 5192 et
1306 5138 1635 5209 promittens
1658 5138 1716 5192 se
1772 5138 1887 5192 eum
1930 5138 2184 5209 deponere
2229 5140 2391 5193 simul
2432 5141 2583 5207 erepit
2613 5138 2707 5193 ire.
2745 5142 2902 5209 Apud
2932 5138 3162 5195 Abdiam
3200 5141 3229 5193 Ι.
3266 5140 3573 5203 l.,ineunte

299 5209 542 5281 sectione
585 5208 753 5281 XLII,
787 5208 978 5265 confer
996 5208 1123 5266 ihazc
1151 5227 1164 5262 :
1194 5208 1613 5281 His'commotus
1657 5208 1969 5279 proconsul,
2005 5225 2123 5261 cum
2148 5218 2199 5263 et
2229 5211 2399 5263 minas
2439 5208 2817 5281 acptumultum
2846 5212 3024 5281 populi
3058 5221 3326 5275 metueret,
3352 5226 3571 5281 surgens

299 5278 365 5333 de
400 5278 659 5351 tribunali
699 5282 967 5333 Andream
996 5282 1197 5335 solvere
1233 5280 1535 5351 cogitabat:
1578 5278 1945 5350 prefectusque
1974 5281 2042 5332 ad
2076 5280 2249 5332 locum
2273 5282 2467 5345 crucis,
2500 5279 2622 5333 (ceto
2649 5278 3008 5351 populoquod
3036 5281 3271 5350 famulus
3308 5280 3417 5351 Dei
3438 5278 3573 5333 libe-

300 5357 519 5421 raretur
538 5357 595 5421 et
634 5350 896 5419 frequenti
923 5353 1229 5416 comitante,
1250 5349 1421 5405 tristis
1449 5360 1500 5421 et
1540 5349 1685 5421 facta
1718 5353 1971 5421 pmniteus
2006 5351 2231 5421 Andrcte
2259 5366 2509 5421 suspenso
2536 5349 3015 5420 appropinquabat.
3038 5349 3140 5413 Ὧς
3170 5351 3258 5403 δὲ.
3284 5390 3332 5405 ..
3365 5349 3435 5421 τὰ
3471 5350 3572 5420 μὲν

298 5420 492 5491 πρῶτα
524 5420 677 5520 (ιι-τ.
719 5438 777 5490 μ.
818 5438 913 5491 πρ.
951 5432 1072 5501 post
1115 5424 1202 5506 ’ῼς
1233 5420 1469 5503 δέὶβοιι.)
1499 5460 1512 5473 .
1537 5420 1551 5474 .
1576 5461 1588 5473 .
1619 5420 1699 5491 τῷ

296 5490 391 5563 τὸν
421 5489 602 5563 ὄχλον)
648 5501 701 5544 et
732 5492 855 5545 add.
893 5492 1065 5563 θύμου
1099 5510 1208 5563 γαρ
1252 5492 1633 5563 πλησθέντες).
1657 5530 1670 5544 .
1693 5530 1708 5544 .

301 5560 365 5635 (_A
408 5562 792 5635 γενομένους).
812 5601 825 5613 .
847 5601 860 5615 .
902 5560 1085 5635 δεινὸν
1114 5560 1293 5635 ίπᾶθοι
1328 5560 1391 5627 (Β
1423 5561 1933 5635 δεινότεροννπάθῃ)

303 5631 644 5705 ἐπορεύετο),
686 5634 878 5705 ὑποσχ.
924 5632 989 5705 (A
1026 5634 1150 5705 add.
1194 5634 1441 5705 καθελεῖν
1479 5631 1667 5705 ἤγουν)
1727 5631 1907 5687 ἁπολῖ
1931 5633 1997 5705 (Α
2054 5631 2420 5705 σαψ-αὑτοῖς)
2454 5632 2545 5684 τὸν
2571 5672 2620 5688 ..
2644 5672 2657 5687 .

424 5636 644 5701 ›εύετο),
686 5636 878 5702 ὑποσχ.
950 5636 989 5684 A
1026 5636 1150 5687 add.
1194 5636 1441 5687 καθελεῖν
1479 5636 1667 5705 ἤγουν)
1727 5636 1885 5687 ἁπολ.
1931 5636 1997 5699 (A
2054 5636 2178 5684 add.
2218 5636 2420 5701 αὐτοῖς)
2454 5636 2535 5684 τοι

424 5702 452 5773 ξ)
494 5704 590 5775 τῷ)
612 5744 624 5759 .
648 5744 695 5759 ..
730 5703 796 5758 δι’
827 5705 891 5775 ἣν
924 5636 987 5775 ll
1026 5703 1149 5759 add.
1187 5707 1215 5759 6
1264 5703 1623 5775 ἀνθύπατος).
1651 5744 1662 5759 .
1687 5744 1699 5759 .
1745 5703 2139 5775 παραγίνονται
2168 5700 2235 5773 (Α
2254 5701 2535 5775 -γίνεται).

305 5700 452 5773 αὺτῴ
494 5704 590 5775 τῷ)
612 5744 624 5759 .
648 5744 695 5759 ..
730 5703 796 5758 δι’
925 5700 987 5775 (ι
1026 5703 1149 5759 add.
1187 5707 1215 5759 6
1264 5700 1699 5776 ἀνθύπατος)...

719 5438 791 5493 μ.)
818 5438 913 5493 πρ.
951 5432 1072 5493 post
1115 5424 1202 5485 Ὠς
1233 5422 1289 5475 δέ
1315 5420 1469 5493 pon.)
1499 5460 1512 5473 .
1537 5419 1551 5474 .
1576 5461 1588 5473 .
1619 5420 1699 5491 τῷ
1719 5420 1958 5493 δχλῳ(Α
1986 5436 2172 5493 om_.__1:.
2208 5420 2280 5493 δ.)
2312 5420 2451 5493 διαν.
2486 5437 2536 5493 τ.
2585 5422 2741 5493 ἀναχ.
2770 5419 2901 5493 abs.
2926 5423 2992 5493 (A
3042 5422 3181 5475 διαν.
3222 5419 3572 5493 ἀνεχώρησεν

1039 5491 1065 5543 ὖ
1099 5494 1208 5563 γὰρ
1252 5492 1633 5563 πλησθέντες).
1747 5490 2125 5563 είςλαύτόν-(Β
2158 5491 2283 5563 add.
2315 5492 2540 5559 πρᾶξαι)
2563 5530 2576 5543 .
2600 5528 2614 5544 .
2638 5530 2650 5543 .
2782 5491 2845 5561 (Β
2875 5490 3062 5563 ὡσεὶ).
3086 5529 3101 5544 .

1958 5602 1972 5625 ,
2027 5561 2115 5632 ἀν.
2147 5562 2280 5632 ,ἀπὸ
2311 5562 2374 5629 (A
2396 5564 2532 5631 om.)
2580 5579 2631 5615 τ.
2666 5562 2716 5632 β.
2752 5580 2948 5632 συναπ.
2984 5561 3079 5616 σῦν
3110 5562 3231 5614 αὐτ.
3261 5562 3330 5632 (A_
3359 5561 3409 5615 σ.
3442 5563 3567 5615 αὐτ.

3156 5508 3368 5577 ,γεγεινη
3378 5492 3571 5577 μένους

2717 5630 2808 5689 οὖν
2838 5651 2982 5699 τινες
3041 5632 3119 5706 τῷ
3170 5633 3234 5706 (A
3273 5630 3367 5689 οὖν
3412 5632 3572 5687 τοῦτο
