3992 6148
537 294 673 350 I279

1972 295 2197 351 ADDEN
2207 296 2318 353 DA.

3653 306 3788 363 £280

531 410 746 474 αὐτούς.
765 407 1138 476 Ἐξεταζέσθω
1181 409 1249 463 δὲ
1292 409 1547 479 ἀκριϐῶς
1591 412 1626 465 ό
1642 438 1645 440 ·
1671 413 1890 480 τρόπος
1937 414 2032 467 καὶ
2075 415 2104 466 ὁ
2130 432 2178 488 Α
2205 415 2376 470 Παῦλ.
2412 414 2790 485 διατάσσομεν
2817 416 3154 489 ἐργάζεσθαι
3203 419 3346 487 τοὺς
3392 419 3588 488 λαοὺς
3630 421 3786 475 πέντε

531 503 668 574 βίος,
699 504 794 557 καὶ
825 503 875 555 εί
903 501 1079 555 δοῦλοί
1109 503 1248 555 είσιν
1279 501 1312 572 ἢ
1351 501 1641 574 ἐλεύθεροι.
1715 502 1769 555 2.
1811 504 1920 557 Καὶ
1944 505 2037 558 ἐὰν

529 613 620 661 τις
649 593 851 657 δοῦλος,
887 593 1182 667 ὲρωτάσθω
1219 596 1252 647 ό
1283 592 1587 661 δεσπότης
1618 593 1782 649 αὐτοῦ
1815 598 1864 648 εί
1899 613 2106 666 μαρτυ-

531 689 618 759 ρεῖ
673 685 852 757 αὐτῷ’
900 688 950 740 εί
996 686 1053 739 δὲ
1108 684 1203 756 μὴ,
1251 686 1652 752 ἀποϐαλέσθω,
1682 686 1788 750 ἓως
1833 687 1899 741 ἂν
1932 687 2106 752 ἀξιον

524 777 750 832 ἑαυτὸν
781 775 1021 849 ἐπιδείξῃ
1048 774 1127 846 τῷ
1158 775 1425 849 δεσπότῃο
1463 778 1514 829 εί
1553 775 1610 829 δὲ
1636 779 1903 847 μαρτυρεῖ
1932 776 2100 848 αὐτῷ,

529 869 926 944 προσδεχέσθω.
957 868 1222 922 Ἐθνικοῦ
1269 868 1507 936 οἰκέτης
1552 867 1884 924 διδασκέσθω
1922 869 2104 943 εὐαρε-

528 966 676 1017 στεῖν
705 963 782 1033 τῷ
809 961 1064 1035 δεσπότῃ,
1092 961 1178 1014 ἵνα
1210 961 1284 1033 μὴ
1313 960 1712 1032 βλασφημεῖται
1743 963 1771 1016 ὁ
1795 953 1971 1030 λόγος.
2045 961 2098 1016 3.

527 1056 592 1108 Εἰ
629 1055 726 1126 μὲν
757 1049 850 1108 οὖν
878 1054 991 1124 ἔχει
1022 1055 1256 1122 γυναῖκα
1289 1053 1324 1124 ἢ
1365 1054 1400 1124 ή
1441 1053 1576 1124 γυνὴ
1623 1052 1811 1124 ἄνδρα,
1857 1052 2102 1108 διδασκέο
2205 1101 2220 1116 ,
2257 1100 2272 1114 ,

527 1150 743 1203 σθωσαν
794 1145 1077 1220 ἀρκεῖσθαι
1121 1144 1360 1208 ἑαυτοῖς·
1397 1145 1446 1197 εί
1486 1143 1543 1197 δὲ
1573 1143 1777 1216 ἄγαμοί
1809 1145 1938 1208 είσι,
1975 1161 2102 1213 μανι

527 1237 834 1290 θανέτωσαν
869 1235 943 1307 μὴ
971 1232 1274 1306 πορνεύειν,
1296 1231 1429 1286 ἀλλὰ
1448 1237 1646 1303 γαμεῖν
1674 1236 1731 1287 ὲν
1763 1233 1931 1306 νόμῳ.
1960 1235 2024 1287 EI
2045 1234 2101 1287 δὲ

524 1331 555 1383 ὁ
587 1329 852 1398 δεσπότης
879 1322 1045 1380 αὐτοῦ
1085 1327 1272 1387 πιστὸς
1298 1322 1373 1377 ὣν
1405 1325 1499 1380 καὶ
1530 1323 1685 1388 εἰδὼς
1711 1325 1791 1378 ὅτι
1825 1325 2097 1398 πορνεύει,

524 1421 586 1473 οὐ
611 1419 824 1472 δίδωσιν
863 1416 1012 1489 αὐτῷ
1051 1416 1346 1488 γυναῖκαῆ
1379 1419 1446 1488 τῇ
1479 1418 1700 1484 γυναικὶ
1739 1417 1927 1489 ἄνδρα,
1966 1419 2100 1486 ἀφο-

523 1512 900 1584 ριζέσθωσαν.
976 1510 1030 1563 4.
1082 1509 1206 1563 Ἐάν
1253 1508 1414 1579 (Cot.
1456 1508 1585 1565 add.
1615 1509 1713 1581 δέ)
1759 1527 1844 1573 τις
1870 1509 2099 1580 δαίμονα

524 1604 644 1675 ἔχῃ,
675 1601 1006 1655 διδασκέσθω
1042 1600 1140 1672 μὲν
1175 1601 1273 1671 τὴν
1297 1600 1596 1666 εὐσέϐειαν,
1625 1600 1700 1672 μὴ
1725 1600 2100 1673 προσδεχέσθω

520 1695 578 1750 δὲ
619 1696 699 1758 είς
731 1694 1014 1750 κοινωνίαν
1057 1693 1188 1765 πρὶν
1222 1692 1288 1746 ἂν
1320 1692 1654 1765 καθαρισθῇο
1695 1695 1744 1746 εί
1779 1693 1836 1746 δὲ
1873 1692 2098 1757 θάνατος

522 1786 860 1854 κατεπείγει,
901 1782 1300 1855 προώεχέσθω.
1377 1784 1430 1838 5.
1470 1782 1538 1836 Εἴ
1583 1801 1668 1848 τις
1712 1783 2094 1853 πορνοϐοσκὸς,
2129 1817 2173 1877 Β

521 1880 556 1950 ἢ
594 1877 888 1932 παυσάσθω
915 1876 1070 1948 (Cot.
1099 1877 1223 1931 add.
1252 1874 1367 1947 τοῦ)
1397 1875 1795 1948 μαστροπεύειν
1823 1875 1857 1947 ἦ
1883 1876 2098 1930 ἀποϐα-

523 1972 722 2027 λέσθω
754 1974 1099 2040 (sequuntur
1121 1969 1276 2040 plura
1308 1968 1450 2039 apud
1474 1968 1650 2040 Cot.).
1688 1968 1808 2022 Τῶν
1840 1969 1933 2022 ἐπὶ
1967 1986 2102 2040 σκη-

521 2064 620 2134 νῆς
652 2062 747 2115 ἐάν
779 2079 862 2126 τις
895 2060 1121 2132 προσείη
1154 2061 1314 2130 (sic)
1343 2060 1478 2133 ἀνὴρ
1512 2061 1545 2132 ἢ
1594 2061 1730 2132 γυνὴ
1761 2061 1795 2132 ἢ
1824 2060 2036 2132 ἡνίοχος

523 2153 831 2226 μονομάχος
878 2153 912 2224 ἢ
969 2152 1345 2224 σταδιοδρόμος
1375 2152 1408 2224 ἢ
1439 2151 1834 2224 λουδεμπιστὴς
1889 2151 2095 2224 (codex

519 2245 711 2317 -στῆς)
744 2245 778 2316 ἢ
807 2244 1104 2312 ὀλυμπικδς
1141 2243 1173 2315 ἦ
1204 2243 1472 2316 χοραύλης
1513 2243 1546 2313 ἢ
1595 2240 1912 2315 κιθαριστὴς
1941 2242 2095 2313 (seq.

522 2339 629 2393 alia
662 2336 804 2407 apud
833 2336 992 2406 Cot.)
1023 2335 1056 2407 ἢ
1088 2337 1356 2405 αὔλησιν
1391 2334 1850 2405 ἐπιδεικνύμενος,
1885 2333 1919 2404 ἢ
1960 2351 2099 2387 παυ-

522 2428 808 2484 σάσθωσαν
848 2429 880 2499 ἢ
927 2427 1425 2482 ἀποϐαλέσθωσαν.
1469 2428 1520 2482 6.
1561 2425 1901 2499 Στρατιώτης
1931 2443 2098 2497 προσ-

519 2522 618 2576 ιὼν
647 2519 979 2576 διδασκέσθω
1008 2519 1082 2591 μὴ
1119 2520 1351 2586 ἀδικεῖν,
1404 2521 1477 2591 μὴ
1513 2522 1882 2589 συκοφαντεῖν,
1907 2521 2096 2590 ἀρκεῖ-

519 2613 646 2666 σθαι
673 2612 729 2666 δὲ
749 2615 861 2676 τοῖς
887 2611 1184 2682 διδομένοις
1203 2611 1454 2681 ὀψωνίοις
1471 2628 1487 2643 ο
1519 2600 1838 2682 πειθόμενος
1866 2610 2094 2682 προσδε-

521 2699 721 2771 χέσθω,
754 2697 1049 2767 ἀντιλέγων
1075 2698 1133 2751 δὲ
1161 2700 1556 2753 ὰποὸαλέσθω.
1574 2699 1979 2772 Ἀρῤητοποιὸς,
2009 2699 2096 2754 κί-

518 2790 716 2853 ναιδος,
753 2789 906 2859 βλὰξ,
944 2790 1134 2859 μάγος,
1157 2789 1517 2861 όχλαγωγὸς,
1543 2791 1839 2857 ἐπαοιδός,
1871 2791 2092 2858 λῶταξ,

518 2881 881 2952 περιάμματα
913 2878 1100 2943 ποιῶν,
1128 2880 1430 2949 οἰωνιστής,
1464 2879 1934 2952 συμϐολοδείκτης,
1961 2880 2098 2935 παλ-

523 2970 640 3042 μῶν
674 2969 1395 3042 έρμηνεὺς,,φυλαττόμενος
1449 2971 1505 3022 ὲν
1558 2970 1874 3042 συναντήσει
1917 2970 2095 3037 λωὸὰς

521 3061 645 3134 (sic)
677 3061 850 3132 ὄψεων
881 3061 916 3132 ἦ
952 3060 1184 3132 ποδῶνῆ
1213 3061 1437 3132 ὀρνίθων
1468 3061 1500 3132 ἢ
1536 3061 1716 3130 γαλῶν
1753 3061 1785 3134 ἦ
1821 3065 2092 3136 ἐπιφωνή-

522 3170 660 3207 σεων
689 3151 724 3224 ἢ
753 3151 1233 3224 παρακροαμάτων
1263 3150 1623 3223 συμϐολικῶν,
1657 3153 1834 3224 χρόνῳ
1863 3153 2089 3225 δοκιμα-
2116 3166 2160 3224 ο

521 3230 832 3310 ζέσθωσανο
887 3243 1238 3307 δυσέκνιπτος
1287 3281 1302 3297 .
1339 3283 1353 3296 .
1387 3283 1401 3298 .
1455 3243 1956 3299 άποϐαλέσθωσαν.
2032 3245 2087 3308 7_.

518 3337 776 3410 Παλλακὴ
812 3377 827 3390 .
853 3376 867 3391 .
897 3375 911 3392 .
944 3335 1321 3391 ἀποϐαλέσθω
1356 3325 1374 3389 .’
1398 3375 1412 3390 .
1441 3376 1454 3390 .
1491 3338 1541 3391 εί
1571 3338 1669 3408 μὲν
1699 3337 1890 3407 δούλη
1918 3338 2092 3393 ἐστίν

522 3470 538 3485 .
577 3469 592 3484 .
632 3470 646 3484 .
678 3431 727 3483 εί
755 3429 812 3484 δὲ
843 3427 1130 3498 ἐλευθέρα,
1154 3428 1397 3498 γαμείτω
1424 3467 1437 3482 .
1475 3467 1490 3482 .
1529 3467 1544 3482 .
1578 3431 1606 3484 ὁ
1640 3430 1770 3501 (pro
1795 3429 1874 3500 εἰ)
1899 3429 1955 3484 δὲ
1991 3429 2087 3502 μὴ,

517 3522 918 3576 άποϐᾱνίἐσθω.
989 3519 1042 3576 8.
1096 3519 1426 3591 Ἑλληνικοῖς
1478 3560 1492 3574 .
1527 3560 1541 3576 .
1581 3560 1595 3575 .
1652 3521 2086 3596 μετατιθέσθωῆ

517 3613 897 3668 ἀπϐαλέσθω
931 3651 945 3666 .
976 3651 990 3666 .
1021 3650 1034 3666 .
1078 3612 1499 3684 ίπποδρομικοῖς
1528 3614 1757 3685 ἀγῶσιν
1801 3654 1815 3669 .
1847 3652 1860 3668 .
1889 3654 1903 3669 .
1952 3615 2088 3668 άπο-

517 3704 808 3758 ϐαλέσθω.
885 3703 937 3758 9.
980 3703 1037 3758 Ὀ
1069 3704 1275 3774 μέλλων
1309 3741 1325 3758 .
1347 3743 1363 3758 .
1384 3744 1398 3756 .
1427 3704 1636 3760 εὐνοιαν
1667 3705 1856 3778 (codex
1878 3706 2084 3778 ἄνοιαν)

516 3797 616 3867 ἔχῃ
649 3796 789 3865 (Cot.
817 3795 942 3850 add.
977 3794 1105 3866 περὶ
1128 3793 1188 3847 τὺ
1213 3795 1465 3867 πρᾶγμα)
1499 3833 1512 3848 .
1548 3834 1562 3849 .
1600 3835 1617 3851 .
1694 3796 1779 3851 I0.
1823 3833 1838 3849 .
1871 3835 1888 3851 .
1923 3834 1939 3850 .
1967 3794 2084 3850 λαῖ-

515 3888 612 3952 κὺς
637 3887 742 3958 εἴη.
820 3887 907 3942 II.
947 3887 1064 3951 Πᾶς
1095 3886 1283 3951 πιστὸς
1316 3928 1330 3941 .
1356 3925 1372 3940 .
1398 3927 1410 3940 .
1437 3888 1544 3960 πρὸ
1573 3888 1666 3942 τοῦ
1692 3889 1754 3942 τὸ
1781 3887 1939 3960 ἔργον
1964 3889 2087 3959 χεῖ·-

509 3993 625 4045 ρον
674 3976 978 4030 ἐπιτελέσαι
1031 4015 1047 4030 .
1084 4015 1100 4031 .
1137 4016 1153 4032 .
1203 3978 1252 4032 εί
1296 3977 1353 4032 δέ
1384 3995 1466 4042 τις
1497 3979 1678 4048 λόγος
1712 3978 2087 4051 κατηχήσεως

516 4069 760 4139 γίνεται,
794 4069 1284 4142 προτιμησάτωσαν
1317 4109 1330 4124 .
1369 4111 1382 4124 .
1423 4109 1438 4125 .
1483 4072 1780 4138 εὐσεϐείας.
1859 4073 1948 4128 12.
1985 4077 2088 4130 Πι-

515 4159 663 4227 στός
695 4161 728 4233 ἢ
761 4161 926 4234 πιστὴ
949 4202 964 4218 .
1001 4200 1017 4215 .
1057 4204 1070 4218 .
1103 4164 1407 4228 ἐπιστολαῖς
1433 4162 1804 4235 διετάξαμεν.

2203 505 2437 576 ἡμέρας,
2475 507 2632 560 σάϐϐ.
2661 507 2716 560 δὲ
2755 525 2810 563 κ.
2845 525 2971 580 κυρ.
3009 505 3419 579 σχολαζέτωσαν
3463 511 3625 582 (Cot.
3664 512 3784 568 add.

2205 599 2303 672 ἐν)
2349 602 2414 671 τῇ
2460 599 2725 672 ἐκκλησίᾳ
2761 641 2774 654 .
2806 643 2822 657 .
2853 641 2868 655 .
2917 603 3204 674 δημιουργ.
3238 605 3465 672 τρόπον
3493 605 3641 677 ἔχειν
3679 647 3693 662 .
3727 647 3741 660 .
3769 648 3783 661 .

2201 691 2256 745 2.
2297 693 2409 764 Τὴν
2440 731 2455 746 .
2489 731 2506 745 .
2545 732 2559 745 .
2590 695 2619 746 ὁ
2653 692 3012 766 συγχωρήσας
3059 694 3222 765 (Cot.
3251 695 3378 751 add.
3536 698 3636 751 καὶ
3665 699 3788 752 άνα-

2205 784 2410 855 στήσας
2447 825 2461 838 .
2497 824 2513 838 .
2546 826 2560 839 .
2596 785 2904 858 πνεύματος
2941 785 3039 858 τὴν
3063 786 3346 842 δοθεῖσαν
3399 826 3415 842 .
3453 827 3468 842 .
3507 828 3522 842 .
3567 792 3627 843 ὲν
3652 790 3784 862 αὐτῇ

2203 877 2348 947 (Cot.
2378 879 2503 934 add.
2532 879 2650 952 τὴν)
2686 880 3090 953 ἀπροσδόκητον
3114 881 3275 953 χάριν
3301 881 3428 948 τοῖς
3455 882 3786 950 ἀνθρώποις

2200 968 2481 1025 δεδόσθαι
2516 1012 2530 1026 .
2561 1010 2578 1026 .
2606 1011 2618 1024 .
2655 971 2811 1041 λόγον
2843 971 2985 1043 (Col.
3025 972 3151 1029 add.
3199 971 3406 1044 Ἰησοῦν
3434 973 3694 1044 Χριστὸν)
3726 976 3786 1027 ἐκ

2312 1100 2327 1114 .
2367 1061 2467 1132 τὴν
2520 1061 2629 1116 τῶν
2683 1063 2867 1132 ἁγίων
2913 1064 3247 1132 θεοφανίων
3295 1064 3489 1137 ἑορτὴν
3540 1105 3554 1118 .
3594 1104 3608 1119 .
3638 1103 3655 1121 .
3731 1067 3783 1122 ’5.

2201 1153 2316 1218 Τάς
2348 1153 2567 1226 ἡμέρας
2599 1193 2614 1208 .
2648 1194 2664 1211 .
2704 1193 2718 1208 .
2757 1151 2998 1225 ἠξίωσαν
3025 1155 3220 1226 ἁγίου.

2267 1285 2509 1354 XXXIV,
2538 1290 2565 1344 I
2599 1289 2731 1362 (68).
2771 1289 2952 1362 Εὐχὰς
2983 1292 3128 1346 ὲπιτ.
3162 1291 3382 1360 ὅρθρως
3411 1288 3613 1361 πρώτῃ
3641 1289 3782 1362 ὥρᾳ,

2198 1378 2358 1453 τρίτῃ
2398 1397 2460 1433 τε
2491 1381 2584 1434 καὶ
2615 1382 2748 1456 ἕκτῃ
2793 1401 2848 1436 κ.
2893 1386 3002 1438 ἐννδ
3045 1383 3139 1437 καὶ
3171 1383 3418 1452 ἑσπέρας
3448 1383 3540 1437 καὶ
3570 1384 3785 1438 ἀλεκτο-

2199 1474 2755 1548 ροφωνίας.’ορθρου
2805 1477 2904 1548 μὲν
2955 1475 3120 1548 (Cot.
3158 1473 3285 1533 add.
3313 1473 3781 1548 εὐχαριστοῦντες)

2197 1561 2280 1614 ὃτι
2307 1563 2397 1631 ἐφ.
2424 1564 2571 1634 ἡμᾶς
2602 1565 2763 1635 (Cet.
2796 1567 2945 1638 ὑμῖν,
2975 1581 3087 1622 non
3110 1565 3236 1637 Ue.)
3268 1607 3284 1624 .
3322 1605 3337 1620 .
3376 1603 3390 1620 .
3423 1565 3643 1620 νύκταν
3671 1606 3685 1619 .
3719 1607 3732 1618 .
3763 1607 3778 1620 .

2197 1647 2279 1705 ὅτι
2310 1655 2369 1707 ὲν
2398 1655 2555 1725 αὐτῇ
2582 1657 2892 1726 ἀπόφασιν
2912 1657 3032 1714 ἀπὸ
3063 1642 3292 1712 Πιλάτου
3317 1657 3510 1712 ἔλαϐεν
3538 1657 3780 1729 ὁΚύριος

2202 1783 2216 1798 .
2249 1782 2265 1798 .
2303 1784 2316 1797 .
2365 1747 2682 1819 ἐσταυρώθη
2716 1752 2750 1804 ό
2777 1751 3063 1818 Χριστός·
3103 1749 3300 1823 ἐννάτῃ
3333 1748 3496 1820 (Cot.
3532 1749 3662 1804 add.
3690 1749 3780 1819 δέ)

2199 1833 2281 1888 ὅτι
2313 1835 2491 1894 πάντα
2519 1838 2812 1910 ἐκεκίνητο
2859 1879 2874 1893 .
2910 1878 2926 1894 .
2962 1878 2980 1896 .
3021 1841 3108 1911 ἐφ’
3141 1841 3404 1910 ἑσπέρας
3447 1841 3507 1897 δὲ
3553 1843 3674 1913 εὐχ.
3705 1844 3781 1896 ὅτι

2199 1924 2332 1996 ἡμῖν
2365 1924 2508 1996 (Cot.
2540 1926 2689 1998 ὑμῖν,
2718 1926 2818 1985 Ue.
2847 1928 2982 2000 om.)
3003 1928 3226 1983 ἔδωκεν
3255 1929 3609 1984 ἀνάπαυσιν
3636 1928 3778 2000 (Cot.

2199 2015 2325 2070 add.
2355 2016 2504 2088 τῶν)
2537 2017 2921 2092 καθημερινῶν
2975 2061 2990 2075 .
3018 2059 3036 2076 .
3063 2063 3080 2078 .
3129 2020 3240 2091 τῆς
3283 2021 3611 2092 παρουσίας
3663 2061 3678 2076 .
3715 2059 3732 2074 .
3763 2059 3779 2074 .

2195 2107 2252 2162 2.
2292 2110 2356 2162 EI
2391 2109 2468 2185 μὴ
2499 2151 2517 2166 .
2556 2151 2570 2167 .
2601 2152 2616 2164 .
2651 2112 2952 2181 προσιέναι
2998 2151 3014 2168 .
3045 2151 3062 2167 .
3095 2151 3112 2168 .
3158 2113 3433 2184 φευκτέος
3463 2151 3480 2166 .
3514 2151 3529 2166 .
3560 2151 3577 2166 .
3611 2113 3782 2177 οὕτως

2197 2200 2298 2255 καί
2326 2203 2376 2253 οἱ
2407 2205 2623 2271 ἐναγεῖς
2664 2202 2986 2275 μιαίνουσιν.
3061 2205 3113 2262 3.
3166 2207 3230 2259 Et
3274 2206 3345 2258 δὲ
3385 2208 3522 2278 μήτε
3551 2207 3614 2258 ἐν
3644 2206 3782 2277 οἴκῳ

2197 2291 2317 2362 ἅμα
2352 2294 2488 2365 μήτε
2519 2295 2577 2348 ὲν
2604 2295 2756 2350 ὲκκλ.
2790 2294 2935 2368 (Cot.
2967 2297 3092 2352 add.
3126 2296 3601 2369 συναθροισθῆναι)
3630 2299 3782 2353 δυνα-

2194 2384 2306 2450 τὸν,
2347 2385 2579 2450 ἕκαστος
2619 2386 2783 2456 (Cot.
2820 2385 2947 2444 add.
2981 2386 3134 2460 mp‘)
3170 2386 3348 2460 ἑαυτῷ
3375 2389 3632 2459 ψαλλέτω
3660 2430 3676 2444 .
3716 2431 3730 2444 .
3765 2431 3779 2446 .

2197 2475 2292 2531 ἐὰν
2323 2471 2424 2532 ὦσι
2459 2478 2556 2550 (ita
2581 2489 2727 2536 recte
2757 2482 2921 2537 etiam
2956 2482 3053 2539 Ue.
3084 2491 3273 2538 contra
3307 2481 3424 2538 Cot.
3453 2483 3584 2556 είσί)
3617 2485 3779 2556 φησὶν

2196 2569 2226 2621 ὁ
2253 2569 2457 2648 Κύριος
2497 2570 2669 2643 (item
2697 2572 2821 2639 Ue.,
2845 2573 2968 2631 Cot.
3003 2575 3140 2646 om.)
3190 2613 3204 2629 .
3238 2618 3253 2632 .
3282 2615 3298 2630 .
3373 2572 3426 2630 4.
3487 2618 3501 2632 .
3531 2613 3548 2630 .
3587 2614 3604 2629 .
3658 2576 3778 2630 κατ’

2194 2656 2302 2716 οῑκ.
2338 2665 2722 2736 προσευχέσθω
2747 2665 2837 2739 (ab
2866 2667 2970 2722 hoc
2995 2685 3255 2740 προσευχ.
3286 2667 3469 2727 scriba
3497 2670 3780 2725 transiluit

2196 2754 2264 2808 ad
2319 2756 2592 2825 alterum)
2631 2793 2648 2811 .
2685 2799 2699 2814 .
2737 2796 2754 2813 .
2841 2759 2893 2814 5.
2934 2796 2950 2813 .
2981 2799 2996 2814 .
3033 2801 3048 2815 .
3075 2760 3283 2825 δούλοις
3315 2762 3425 2832 (ita
3463 2770 3616 2818 recte
3649 2761 3774 2828 Ue.,

2195 2841 2316 2897 Cot.
2351 2842 2546 2917 δοῦλοι)
2579 2884 2595 2902 .
2623 2885 2638 2900 .
2673 2885 2689 2902 .
2719 2848 3224 2907 άποϐαλέσθωσαν.
3255 2847 3374 2906 Jam
3405 2853 3657 2924 sequitur
3682 2868 3775 2909 ca-

2194 2940 2293 3005 put
2314 2951 2448 3002 mi,
2478 2937 2628 2991 nullo
2645 2939 2805 2994 titulo
2833 2949 2930 2996 aut
2955 2951 3084 2998 nota
3116 2943 3458 3014 interposita.
3477 2947 3774 3000 Ἐπιτελεί-

2196 3024 2308 3080 σθω
2330 3027 2470 3098 (Cot.
2497 3028 2625 3085 add.
2655 3030 2730 3103 δὲ)
2757 3032 2915 3103 τρίτα
2949 3072 2964 3088 .
2982 3073 2997 3088 .
3017 3073 3034 3090 .
3063 3037 3122 3090 ὲν
3152 3035 3489 3108 ψαλμ.((.ἶοι.
3520 3039 3648 3097 add.
3678 3041 3773 3095 καὶ

2193 3116 2551 3191 ἀναγνώσεσι)
2582 3121 2674 3174 καὶ
2700 3125 3028 3195 προσευχαῖς
3057 3163 3073 3179 .
3098 3163 3113 3179 .
3143 3163 3158 3179 .
3181 3126 3274 3180 κα).
3297 3130 3629 3196 τριακοστὰ
3659 3171 3675 3187 .
3706 3171 3720 3184 .
3749 3172 3765 3187 .

2192 3208 2286 3263 ὐπ.
2323 3209 2514 3280 μνείας
2545 3210 2744 3267 αὐτῶν
2777 3214 3002 3272 διδόσθω
3022 3217 3089 3272 ὲκ
3111 3235 3160 3272 τ.
3196 3215 3290 3273 ὐπ.
3325 3219 3531 3290 αὐτοῖς
3560 3224 3642 3288 είς
3675 3227 3766 3282 ἀν.

2190 3299 2409 3355 αὐτῶν.

2271 3435 2452 3503 XLIII,
2480 3434 2667 3507 XLIV,
2699 3442 2752 3498 1.
2811 3442 2901 3498 Ἔν
2951 3441 3008 3499 δὲ
3046 3447 3166 3511 ταῖς
3195 3445 3462 3519 μνήμαις
3496 3491 3513 3508 .
3541 3487 3562 3506 .
3592 3492 3608 3507 .
3645 3467 3765 3523 πρε-

2190 3529 2443 3617 σδύτεροι
2464 3533 2575 3602 γὰρ
2604 3571 2620 3587 .
2647 3571 2664 3590 .
2701 3576 2714 3592 .
2746 3534 2893 3606 λέγει
2912 3537 3024 3610 γὰρ
3045 3577 3060 3595 .
3089 3578 3106 3594 .
3128 3548 3154 3594 “.
3186 3536 3332 3595 οἶνον
3358 3542 3506 3614 (Cot.
3537 3545 3667 3600 add.
3691 3547 3766 3617 δὲ)

2195 3615 2270 3688 μὴ
2299 3654 2316 3670 .
2349 3655 2364 3670 .
2398 3657 2413 3672 .
2451 3619 2511 3674 οὐ
2547 3618 2700 3691 (Cot.
2733 3623 2858 3679 add.
2896 3626 3007 3700 μὴ)
3049 3627 3354 3685 δύνωνται.
3387 3672 3402 3687 .
3439 3672 3455 3688 .
3493 3634 3635 3704 μετά
3664 3615 3767 3691 τὸν

2190 3709 2322 3765 Θεὸν
2375 3753 2396 3803 ,ν
2430 3751 2444 3766 .
2481 3752 2496 3767 .
2551 3715 2650 3787 οὐχ
2699 3717 2785 3772 ἵνα
2833 3718 2910 3792 μὴ
2953 3721 3174 3778 πίωσιν
3195 3743 3208 3755 ’
3239 3724 3376 3790 ὅλως
3403 3727 3514 3801 γὰρ
3537 3731 3641 3784 οὐκ
3671 3733 3764 3803 (ila

2189 3803 2352 3859 etiam
2387 3802 2514 3871 Ue.,
2541 3805 2664 3865 Cot.
2695 3809 2826 3884 καί)
2857 3851 2872 3867 .
2903 3852 2920 3866 .
2947 3855 2962 3870 .
2994 3815 3068 3887 μὴ
3100 3817 3301 3873 πίνειν
3329 3815 3472 3875 οἶνον
3503 3824 3590 3888 είς
3643 3864 3660 3880 .
3683 3802 3707 3879 ί.
3747 3865 3762 3880 .

2188 3894 2297 3949 τοῦ
2330 3895 2582 3967 μεθύσου.
2656 3900 2713 3955 2.
2753 3943 2766 3957 .
2802 3944 2816 3959 .
2854 3944 2868 3959 .
2910 3905 2972 3959 τὸ
3011 3907 3181 3980 ὄνομα
3213 3911 3418 3984 Κυρίου
3463 3915 3570 3970 τοῦ
3617 3917 3762 3972 Θεοῦ

2190 3983 2347 4078 ἡμῶν
2386 3988 2517 4059 Ἰησ.
2547 3991 2651 4062 Χρ.
2710 4033 2772 4051 ..
2804 4035 2819 4048 .
2863 3997 3050 4070 ειρηκε
3081 4000 3198 4055 Τίνι
3239 4042 3254 4056 .
3388 4005 3450 4058 οὐ
3488 4006 3600 4060 τῶν
3632 4026 3762 4078 χρο-

2187 4074 2296 4138 νιζῖ
2326 4079 2387 4132 ἐν
2412 4080 2542 4151 οτνῳ
2567 4083 2662 4136 καὶ
2691 4091 3214 4147 κατασκοπούντων
3241 4111 3301 4149 π.
3331 4113 3392 4150 π.
3425 4097 3536 4167 γίν.

2235 4210 2248 4225 .
2282 4212 2297 4226 .
2350 4175 2682 4242 προσίενται
2727 4217 2742 4232 .
2775 4219 2788 4232 .
2819 4219 2833 4236 .
2891 4182 2976 4252 ἐφ’
3020 4184 3230 4251 ἑαυτοῖς
3283 4228 3297 4243 .
3328 4229 3344 4244 .
3377 4230 3391 4244 .
3475 4189 3664 4259 XLVI,
3711 4196 3756 4248 I.

519 4254 537 4354 "
587 4251 926 4356 Insc'riptuin'
963 4261 1047 4356 est
1102 4256 1308 4356 Πέτρου
1366 4257 1461 4311 καὶ
1511 4257 1723 4312 Παύλου
1765 4259 1873 4313 τῶν
1911 4259 2081 4330 ἁγίων
2192 4261 2372 4317 Τοῦτο
2399 4264 2456 4317 δὲ
2485 4270 2634 4339 κοινῇ
2668 4268 2817 4324 πᾶσι
2853 4312 2867 4325 .
2895 4251 2946 4326 ..
2976 4277 3042 4346 τῇ
3071 4277 3219 4349 αὐτῷ
3245 4278 3462 4356 δοθείσῃ
3487 4251 3686 4349 τάξει..
3706 4327 3720 4340 .
3742 4326 3757 4340 .

513 4340 824 4395 ἀποστόλων
847 4340 1086 4407 διάταξις
1109 4342 1240 4412 (67).

2183 4351 2213 4404 ὁ
2249 4353 2459 4409 ἀκούων
2487 4359 2596 4430 γὰρ
2637 4360 2811 4430 ὑμῶν,
2846 4365 3010 4435 φησὶν
3033 4369 3062 4421 ὁ
3087 4369 3310 4442 Κύριος,
3345 4351 3482 4445 ὲμόύ
3518 4415 3533 4430 .
3567 4418 3582 4431 .
3619 4418 3633 4431 .
3665 4377 3754 4431 καί

587 4434 823 4503 XXXIII,
854 4436 906 4492 1.
958 4435 1100 4506 Ἐγὼ
1159 4435 1364 4508 Πέτρος
1418 4437 1514 4492 καὶ
1561 4439 1721 4512 (σοι.
1769 4440 1894 4497 add.
1943 4441 2076 4512 ἐγὼ)

2198 4446 2209 4497 i
2233 4445 2334 4518 ἐμὲ
2361 4446 2591 4518 ἀθετῶν,
2619 4459 2725 4510 etc.

2078 4691 2215 4780 II.

1168 4828 1378 4891 Varie)
1413 4829 1750 4895 Lectiones
1778 4831 1858 4895 ad
1889 4833 2236 4899 Clementis
2264 4838 2579 4905 Homilies
2623 4850 2686 4907 et
2717 4845 3081 4926 Epitomen.

547 5058 1167 5169 sffieinljmfffffs
1198 5068 2872 5169 θῧῗὲξδὶρᾳῗῗὲἒξὲἶ.βοὶηξίὲἱξιῑξεθαίβῖὲξηίυτ.Ηρπιίιίθῑυιη
2919 5087 3616 5169 «ἔπιολεηιψη-ζνεουεαυε
3661 5118 3750 5156 c0-

506 5128 658 5185 diccs
712 5130 963 5188 inventos
1012 5149 1154 5190 esse.
1207 5136 1360 5199 Alter
1401 5148 1485 5194 est
1531 5128 3625 5244 parisinus,Miiﬁﬁmﬁﬁﬁéf'dééfriéh'é"a;'§e}'i§?$351338"???

506 5200 666 5244 ὁπᾶτε
715 5200 807 5244 (cf,
847 5202 933 5244 ad-
965 5201 1175 5244 nrpccal
1235 5223 1336 5244 nua
1388 5209 1513 5244 ποτε·
1568 5212 1657 5244 1οὶ
1707 5214 1782 5244 [⁸η
1819 5217 1935 5244 ..Λιη
1977 5221 2255 5244 --ε...ι.-.--..
2302 5224 2457 5244 -..2.2,
2507 5225 2654 5244 ηγμ.
2725 5229 2757 5240 ι.
2833 5237 2845 5244 _
2978 5232 2988 5242 .
3038 5241 3046 5244 _
3096 5242 3103 5244 λ
3283 5236 3294 5244 .
3425 5238 3437 5244 ,
3533 5212 3546 5235 ν

505 5200 666 5285 ὁπότε
847 5202 934 5257 ed.
965 5201 1208 5285 Dressel._
1234 5223 1355 5285 pug.
1387 5209 1679 5285 585‘,__12).
1705 5214 1784 5268 Εο
1819 5200 1937 5270 solo
1977 5200 2852 5285 51131355?'éEiIio'EJié'l'éiii"és

2898 5232 2990 5300 qui
3033 5241 3204 5310 totum
3245 5236 3366 5304 ejus
3406 5238 3475 5292 de
3506 5232 3750 5310 puti-ibus;

507 5271 1359 5371 ὀθςξξόξίίιιῖε
1381 5271 1840 5371 repeti'iltt'iierirei,
1873 5287 2002 5371 item
2029 5305 2234 5360 nupera
2269 5271 3366 5371 Schwegieri

506 5339 597 5405 sit,
625 5338 1022 5400 Ottoboniimus
1052 5343 1369 5416 Vaticanus,
1400 5338 1469 5406 al}
1497 5351 1722 5408 Alberto
1751 5338 2378 5430 Drésséi'ixi'é‘iﬁhéféi'
3054 5338 3748 5438 ιὲδιίιῗιξιῖὲῖό

568 5494 1004 5588 (θῖλιίςοτίῐηξιε
1034 5501 1309 5588 titullts'in
1344 5505 1526 5588 tab‘uia
1563 5508 1770 5588 (πίναξ)
1798 5518 1920 5568 est:
1945 5513 2077 5588 περὶ

503 5566 594 5616 τοῦ
619 5566 904 5634 φυλάττειν
927 5569 1152 5627 ἕκαστον
1182 5573 1333 5641 τάξιν
1361 5576 1454 5630 καὶ
1479 5566 1838 5650 λειτουργίαν.

2250 5519 2365 5592 (68)
2387 5519 2546 5577 Nulla
2569 5477 2744 5580 textui
2768 5525 3056 5599 inscriptio
3081 5533 3373 5602 praeposita
3409 5544 3518 5594 est.

567 5717 583 5736 '
604 5717 694 5769 Ha
715 5724 830 5772 sunt
847 5724 975 5785 apud
999 5739 1086 5777 nos
1108 5729 1391 5780 numen-ales
1413 5735 1544 5783 nota
1569 5736 1697 5798 typis
1715 5739 2058 5801 grandioribus
2079 5754 2332 5806 expressa
2354 5759 2466 5809 quae
2490 5751 2651 5800 textui
2677 5751 3098 5805 Intermiscentur.
3141 5755 3279 5808 Enn.
3308 5757 3458 5807 Pun.

2146 5874 2225 5888 -—-'

2233 5862 2345 5878 κ“⁴’⁴
