3958 6132
216 265 244 317 1
257 263 385 322 295

1700 261 2045 317 ADDENM.

3362 269 3499 338 1394

217 378 479 448 μεγάλου
509 379 711 451 ταύρου
735 374 886 434 εἶπεν
905 380 1060 450 λόγον
1088 381 1167 443 είς
1192 378 1252 432 τὸ
1275 377 1434 432 ῶτίον
1461 376 1816 447 αὑτοῦ,(Ι706
1846 387 1891 444 Α
1988 377 2097 430 Καὶ
2122 378 2150 429 6
2177 377 2358 448 Σίμων
2403 377 2596 449 φησίν·
2629 379 2692 432 Εἰ
2722 379 3028 451 πρόγνωσιν
3061 372 3205 450 εἶχεν
3245 380 3355 452 (70)
3384 419 3402 438 .
3433 420 3449 437 .
3480 421 3498 438 .

214 474 345 543 μιᾷ
395 467 492 525 οὖν
544 471 653 526 τῶν
707 474 930 544 ἡμερῶν
978 469 1380 544 προστάξαντος
1427 467 1520 522 τοῦ
1577 469 1820 540 Σίμωνος

209 563 470 635 ἀχθῆναι
523 563 672 634 αὑτῷ
716 563 916 634 ταῦρον
963 562 1320 633 παμμεγέθη,
1349 560 1608 631 ἐλάλησεν
1649 560 1728 622 είς
1758 558 1821 612 τὸ

209 649 328 718 ὥς
361 653 571 726 αὑτοῦ),
602 657 697 710 καὶ
728 655 1070 727 παραχρῆμα
1100 653 1261 725 (1706
1293 652 1592 724 παρευθὺς)
1626 651 1818 722 τέθνη-

215 763 335 799 κεν
356 749 388 801 6
421 747 640 819 ταῦρος.
659 748 715 800 '0
743 747 802 801 δὲ
830 747 1036 818 Πέτρος
1065 745 1359 816 εὐξάμενος
1387 743 1480 797 καὶ
1512 744 1822 814 ἀναστήσας

214 839 422 906 αὑτὸν,
455 839 654 903 πάντες
690 839 890 908 μᾶλλον
912 836 1242 908 ἐθαύμαζον,
1264 837 1514 907 λέγοντες
1534 851 1547 864 ·
1584 834 1657 888 Τὸ
1687 833 1822 898 ζωο-

214 931 466 1000 γονῆσαι
496 931 636 1002 ὑπὲρ
668 931 763 984 τοῦ
794 927 1104 984 θανατῶσαι
1133 929 1316 1000 μεῖζόν
1347 929 1464 981 ἐστι
1495 927 1656 998 (1706
1689 926 1817 982 add.

215 1023 324 1095 τὸ)
345 1023 548 1095 θαῦμα.
574 1025 686 1078 Καὶ
721 1023 903 1095 μέντοι
933 1022 1027 1075 καὶ
1059 1021 1198 1076 ἄλλα
1224 1025 1428 1094 σημεῖα
1447 1020 1616 1074 πολλὰ
1645 1019 1823 1092 ἐποίη-

221 1133 362 1177 σαν,
397 1117 492 1172 καὶ
518 1117 708 1183 λόγους
750 1115 1108 1184 δογματικοὺς
1138 1114 1406 1185 ἐλάλησαν
1435 1114 1699 1168 ἀπέναντι
1729 1113 1823 1166 ἀλ-

217 1208 434 1280 λήλωνν
461 1210 522 1262 οὐ
556 1210 714 1280 μόνον
741 1209 800 1261 ἐν
825 1207 1032 1282 Ῥώμῃ,
1057 1208 1191 1263 ἀλλά
1220 1208 1314 1262 καὶ
1340 1209 1401 1261 ἐν
1431 1206 1601 1279 Συρίᾳ
1626 1204 1822 1278 πρόιτε-

223 1319 354 1372 ρον,
385 1300 546 1356 ἅτινα
570 1298 818 1370 Κλήμης
843 1303 876 1354 ό
912 1300 1192 1370 Ῥωμαῖος
1225 1301 1320 1354 καὶ
1349 1300 1620 1369 πάνσοφός
1647 1316 1705 1352 τε
1729 1299 1822 1352 καὶ

223 1393 494 1464 μαθητὴς
527 1391 735 1463 Πέτρου
767 1390 944 1464 (1706
971 1393 1065 1446 καὶ
1089 1392 1254 1446 πάνσ.
1293 1391 1422 1463 μαθ.
1451 1391 1696 1462 Πέτρου)
1730 1391 1824 1442 καὶ

221 1485 579 1554 συνέκδημος
611 1484 1206 1556 ἐπεξεργαστικώτερον
1236 1484 1411 1556 (1706
1440 1481 1820 1555 ἐπεργαστικ.)

217 1578 640 1649 διηγησάμενος
671 1577 830 1648 (1706
857 1578 1230 1650 διηγούμενος)
1261 1577 1431 1642 οῦτως
1456 1577 1582 1648 ἐφη.

1920 471 2030 523 Καὶ
2060 471 2088 521 6
2111 469 2315 541 Πέτρος
2347 469 2519 541 (1706
2549 470 2674 525 add.
2693 467 2886 543 εἶπεν)
2922 512 2934 524 .
2973 513 2986 524 .
3017 512 3030 525 .
3082 472 3217 544 φησὶ
3248 474 3383 545 πρὸς
3411 474 3502 528 τὸν

1923 563 2082 632 (1706
2111 564 2246 635 φησὶ
2274 559 2564 635 τῴ)’Λ6ρ.·
2594 564 2880 617 Γινώσκων
2908 564 3144 633 γίνωσκε
3179 605 3192 618 .
3216 605 3229 618 .
3259 605 3272 619 .
3306 565 3505 620 δουλώ-

1923 673 2103 708 σουσιν
2132 653 2279 724 αὑτῷ
2308 653 2418 724 (ita
2449 653 2613 707 etiam
2643 652 2815 723 1706)
2845 652 2940 724 ἐτη
2973 659 3018 722 γ’
3049 652 3212 723 (1706
3237 654 3344 724 τγ’)
3376 694 3391 708 .
3433 696 3447 708 .
3485 695 3500 710 .

1922 749 2431 819 ἀποστραφήσονται
2458 738 2560 799 ὧδε
2593 744 2727 816 (7-1).
2761 743 2927 798 Οῦπω
2952 744 3060 817 γὰρ
3083 746 3505 819 ἀναπεπλήρων-

1921 858 2010 893 ται
2048 841 2104 892 αἱ
2147 839 2409 910 ἁμαρτίαι
2435 838 2545 890 τῶν
2582 836 2923 908 Ἀμορραίων
2945 837 3050 901 ’έως
3080 837 3176 891 τοῦ
3203 836 3318 891 νῦν.
3349 837 3505 892 υῦτω

1921 931 1986 1002 δὴ
2016 930 2270 1003 καὶπρὸς
2303 929 2542 984 Μωῦσέα
2582 928 2764 999 φησίν·
2814 928 2944 982 ’1δοὺ
2963 929 3027 982 σὺ
3063 930 3324 999 κοιμᾶσαι
3368 929 3506 1001 μετά

1921 1023 2031 1076 τῶν
2075 1021 2326 1093 πατέρων
2372 1037 2486 1085 σου,
2522 1020 2616 1075 καὶ
2644 1017 2881 1082 ἀναστὰς
2908 1021 2936 1072 6
2966 1019 3093 1084 λαὸς
3119 1013 3274 1085 οὗτος
3304 1021 3506 1092 ἐκπορ-

1921 1115 2100 1169 νεὺσει
2129 1114 2303 1168 ὀπίσω
2335 1112 2472 1166 θεῶν
2498 1111 2794 1183 ἀλλοτρίων
2821 1111 2920 1183 τῆς
2951 1111 3054 1183 γῆς
3083 1113 3163 1176 είς
3202 1113 3271 1184 ἢν
3320 1115 3505 1165 είσπο-

1925 1209 2140 1282 ρεύεται
2156 1210 2289 1271 ἐκεῖ,
2308 1207 2401 1260 καὶ
2426 1205 2877 1276 ἐγκαταλείψουσί
2897 1223 2988 1276 με,
3019 1206 3113 1259 καὶ
3123 1205 3505 1259 διασκεδάσου-

1926 1317 2007 1354 σιν
2031 1299 2130 1371 τὴν
2161 1299 2424 1370 διαθήκην
2463 1315 2563 1368 μου
2598 1297 2665 1368 ἢν
2697 1296 2952 1367 διεθέμην
2979 1287 3178 1360 αὑτοῖς.
3216 1297 3325 1350 Καὶ
3353 1295 3504 1366 ὀργι-

1925 1391 2192 1464 σθήσομαι
2221 1390 2376 1462 θυμῷ
2406 1389 2500 1443 καὶ
2533 1387 2844 1457 καταλείψω
2870 1386 3068 1450 αὑτοὺς
3099 1387 3194 1440 καὶ
3237 1386 3505 1458 ἀποστρέ-

1921 1483 2008 1553 ψω
2032 1480 2410 1556 τὸ¹πρόσωπόν
2438 1499 2538 1552 μου
2560 1481 2656 1534 ἀπ’
2678 1478 2876 1542 αὑτῶν,
2910 1479 3002 1532 καὶ
3035 1477 3186 1532 ἔσται
3217 1478 3504 1551 κατάϐρω-

1926 1594 2024 1648 μα,
2059 1577 2154 1629 καὶ
2179 1576 2504 1647 εὑρήσουσιν
2543 1571 2705 1628 αὑτὸν
2728 1570 2876 1626 κακά
2907 1570 3096 1624 πολλά.
3123 1565 3254 1624 Οἶδα
3276 1571 3386 1642 γὰρ
3405 1570 3505 1641 τὴν

307 1670 418 1723 Τοῦ
464 1670 572 1741 γάρ
615 1670 822 1742 Πέτρου
854 1670 968 1738 (67)
1001 1670 1132 1723 ποτέ
1164 1669 1505 1732 διδάσκοντος
1551 1667 1644 1722 ἐπὶ
1687 1664 1820 1721 λαοῦ
1854 1727 1892 1742 η
1924 1667 2186 1739 πονηρίαν
2217 1665 2418 1729 αὑτῶν,
2455 1665 2554 1718 ὅσα
2584 1662 2826 1717 ποιοῦσιν
2857 1655 2960 1716 ὦδε
2992 1663 3231 1733 σήμερον
3269 1660 3376 1732 πρὸ
3407 1660 3502 1714 τοῦ

223 1763 371 1835 περὶ
412 1760 507 1815 τοῦ
557 1761 718 1832 μόνου
759 1760 916 1826 Θεοῦ,
947 1764 975 1815 6
1006 1762 1188 1832 Σίμων
1221 1761 1380 1831 (1706
1410 1761 1516 1815 Τοῦ
1553 1761 1820 1832 μακαρίου
1854 1753 1892 1780 ⁸³
1922 1761 2232 1827 εἰσαγαγεῖν
2263 1775 2329 1830 με
2356 1758 2552 1820 αὑτοὺς
2581 1758 2660 1819 είς
2681 1755 2779 1828 τὴν
2800 1755 2901 1825 γῆν
2924 1753 3020 1825 τὴν
3043 1753 3250 1825 ἀγαθὴν
3276 1753 3344 1824 ἦν
3367 1753 3506 1824 ῶμο-

223 1855 337 1909 111.
372 1853 466 1907 τοῦ
493 1854 788 1908 ἀποστόλου
809 1854 1153 1918 διδάσκοντος
1175 1854 1266 1908 τὸν
1289 1854 1417 1907 λαὸν
1448 1852 1700 1907 σέϐεσθαι
1729 1853 1823 1906 καὶ

228 1949 566 2017 προσκυνεῖν
615 1945 707 1999 τὸν
749 1947 841 2000 ἐπὶ
878 1945 1092 1999 πάντων
1128 1946 1286 2015 μόνον
1318 1945 1570 2017 ἀληθινὸν
1603 1945 1757 2007 Θεὸν,
1791 1944 1821 1996 6

224 2039 391 2110 Σίμ.)
422 2039 525 2104 ἐξω
543 2040 636 2093 τοῦ
666 2039 822 2109 ὄχλου
853 2039 947 2110 βοῇ
975 2039 1185 2111 μεγάλῃ
1208 2039 1549 2112 χρησάμενος
1569 2037 1705 2110 πρὸς
1731 2038 1821 2091 τὸν

226 2129 445 2201 Πέτρον
465 2127 635 2184 εἶπενο
656 2130 819 2199 (1706
848 2130 952 2196 ἐξω
977 2147 1029 2183 τ.
1058 2129 1360 2200 δχλ.ἐστὼς
1393 2129 1606 2201 ἐϐόησε·
1634 2127 1721 2199 Τί)
1754 2128 1820 2180 Τί

223 2223 564 2294 ψευδόμενος
593 2224 808 2277 ἀπατᾶν
834 2222 1006 2287 θέλεις
1024 2224 1116 2276 τὸν
1139 2222 1467 2294 παρεστῶτά
1492 2238 1574 2274 σοι
1605 2219 1820 2292 ίδιώτην

225 2316 415 2387 ὄχλον,
445 2317 647 2370 πείθων
673 2316 837 2371 αὑτὸν
868 2315 1022 2380 θεοὺς
1053 2318 1188 2387 μήτε
1221 2315 1460 2386 νομίζειν
1492 2315 1630 2386 μήτε
1657 2309 1816 2374 εἶναι,

227 2408 442 2481 καίπερ
475 2408 583 2461 τῶν
617 2411 744 2478 παρ’
783 2407 1051 2479 Ἑϐραίοις
1075 2406 1269 2476 βίϐλων
1295 2405 1564 2475 λεγουσῶν
1593 2404 1820 2466 πολλοὺς
1924 2431 1938 2444 ·
1973 2431 1986 2443 ο
2023 2431 2036 2444 ο

227 2499 395 2562 θεοὺς
433 2497 605 2563 εἷναι;
637 2499 782 2570 Πλὴν
813 2492 909 2552 οὖν
943 2499 1070 2569 περὶ
1096 2492 1156 2551 οὑ
1178 2497 1312 2568 ἔφης
1339 2495 1688 2560 Θεοῦ,δείξας
1710 2492 1820 2562 ἐγὼ

234 2593 319 2664 μὴ
353 2586 683 2645 αὑτὸνεῖναι
707 2592 798 2644 τὸν
824 2589 1096 2644 ἀνώτατον
1118 2591 1213 2646 καὶ
1239 2588 1639 2658 παποδὺναμον
1662 2587 1816 2650 Θεὸν,

232 2684 378 2738 καθὸ
427 2683 806 2756 ἀπρόγνωστός
854 2685 972 2737 ἐστι
1015 2681 1108 2735 καὶ
1151 2680 1346 2751 ἀτελὴς
1381 2680 1474 2732 καὶ
1507 2678 1691 2750 ἐνδεής
1724 2678 1819 2732 καὶ

231 2777 340 2829 οὑκ
362 2776 583 2843 ἀγαθὸς.
614 2777 705 2828 καὶ
726 2773 936 2837 πολλοῖς
954 2771 1306 2842 ὑποκείμενος
1335 2770 1532 2824 πάθεσι
1557 2768 1694 2822 κατά
1721 2769 1818 2840 τὴν

234 2869 510 2939 ὑμετέραν
541 2868 780 2938 γραφὴν,
820 2865 1003 2937 ἐτερος
1038 2865 1252 2925 πάντως
1284 2861 1656 2934 περιλείπεται
1686 2879 1817 2932 προ-

234 2959 556 3027 γνωστικὸς,
605 2957 828 3023 τέλειος,
881 2954 1151 3026 ἀνενδεὴς,
1199 2954 1421 3024 ἀγαθὸς,
1473 2953 1568 3008 καὶ
1618 2955 1818 3018 παντὸς

1923 1863 1994 1901 σα
2018 1849 2130 1910 τοῖς
2161 1845 2432 1918 πατράσιν
2473 1845 2652 1900 αὑτῶν
2696 1844 2899 1909 δοῦναι,
2945 1843 3051 1914 γῆν
3103 1843 3330 1915 ῥέουσαν
3360 1843 3504 1913 γάλα

1922 1940 2016 1993 καὶ
2051 1940 2190 2010 μέλι.
2219 1939 2331 1992 Καὶ
2361 1938 2623 2007 φαγόντες
2649 1938 2742 1992 καὶ
2771 1936 3174 2007 ἐμπλησθέντες
3191 1935 3505 2006 ἐγκαταλεί-

1919 2031 2079 2100 ψουσί
2111 2048 2199 2104 με.
2232 2031 2297 2084 Τί
2328 2031 2416 2095 δέ;
2455 2030 2577 2101 οὑχ).
2608 2028 2701 2083 κα)⁷
2733 2027 2973 2100 Μωῦσῆς
3001 2026 3161 2098 (1706
3190 2026 3374 2097 Μωσ.)
3408 2067 3422 2081 .
3444 2067 3460 2082 .
3485 2067 3503 2084 .

1919 2122 2000 2182 είς
2031 2119 2100 2172 τὰ
2134 2120 2260 2190 ἔθνη
2294 2119 2470 2173 πάντα
2506 2117 2804 2190 διασπορὰν
2843 2158 2857 2172 .
2893 2158 2905 2170 .
2944 2157 2957 2170 .
2990 2119 3019 2169 6
3053 2117 3109 2169 δὲ
3136 2117 3378 2188 Μωῦσῆς
3409 2118 3507 2172 καὶ

1919 2210 1970 2262 οί
2002 2208 2022 2279 (
2041 2207 2177 2262 1706
2205 2208 2351 2278 om.)
2385 2207 2576 2268 ἄλλοι..
2612 2247 2626 2260 .
2667 2247 2680 2262 .
2714 2205 3042 2279 προῄδεισαν
3077 2205 3248 2276 (1706
3277 2208 3502 2278 προεγί-

1921 2300 2186 2370 νωσκον)’
2224 2300 2339 2364 πῶς
2373 2339 2388 2353 .
2427 2340 2439 2353 .
2476 2341 2488 2353 .
2523 2299 2592 2353 τὰ
2632 2299 2865 2370 ἐσόμενα
2900 2299 3076 2370 (1706
3101 2297 3170 2354 τὰ
3201 2300 3504 2371 μέλλοντα)

2080 2392 2176 2444 καὶ
2210 2391 2309 2460 μέν
2343 2388 2520 2460 (1706
2550 2389 2749 2460 μέντοι)
2789 2407 2852 2458 γε
2887 2389 2980 2443 καὶ
3008 2389 3088 2442 τό·
3134 2389 3420 2462 Ἐπείραζε
3448 2409 3500 2445 τ.

1934 2482 2083 2551 Ἀϐρ.
2118 2483 2210 2535 καὶ
2235 2481 2314 2533 τό·
2365 2479 2672 2552 Ὀσφράνθη
2710 2482 2849 2549 ("et
2885 2479 3021 2534 1706
3052 2479 3251 2551 ὠσφρ.)
3285 2483 3379 2535 καὶ
3401 2483 3505 2536 ὅσα

1918 2573 2160 2636 τοιαῦτα,
2189 2570 2672 2641 συγκαταδατικῶς
2699 2570 2859 2644 (1706
2884 2571 3231 2644 σωματικῶς)
3261 2572 3347 2626 διὰ
3385 2614 3398 2627 .
3435 2613 3450 2626 .
3484 2614 3501 2628 .

1919 2668 2012 2739 Μὴ
2045 2667 2288 2736 φάγομαι
2320 2705 2333 2718 .
2369 2707 2382 2718 .
2421 2705 2436 2718 .
2471 2666 2696 2736 πίομαι;
2733 2665 2894 2719 Ὅθεν
2927 2668 2956 2720 6
2983 2663 3043 2731 ἐξ
3064 2665 3227 2719 αὑτοῦ
3254 2666 3414 2738 (1706
3443 2667 3506 2733 ἐξ

1921 2763 2043 2814 αὑτ.
2072 2759 2122 2830 ὁ)
2157 2759 2263 2829 πρὸ
2299 2757 2408 2812 τῶν
2441 2798 2454 2811 .
2495 2798 2508 2810 .
2544 2797 2557 2810 .
2593 2757 2621 2810 6
2652 2756 2840 2830 Πατὴρ
2868 2759 3022 2830 ὑμῶν
3062 2759 3092 2811 ὁ
3131 2759 3251 2831 οὑρ.
3287 2761 3370 2814 ὅτι
3409 2779 3498 2832 χρ.

1917 2851 2066 2904 τοῦτ.
2102 2851 2318 2904 πάντων
2352 2849 2530 2920 (1706
2561 2849 2802 2918 άπάντ.)
2839 2851 2967 2922 πρὶν
3012 2848 3173 2904 αὑτὸν
3203 2852 3502 2922 αί-τήσησθε

1921 2942 2079 3014 (1706
2109 2941 2374 3012 -σασθαι).
2405 2943 2514 2995 Καὶ
2541 2944 2651 3006 τοῖς
2685 2941 2862 3012 (1706
2890 2940 3014 2996 add.
3051 2941 3160 3014 μὴ)
3194 2942 3504 3015 νομίζουσιν

235 3021 444 3114 πάθους
471 3021 1014 3121 ἀπηλλαγμένος.“Ὂν
1051 3021 1108 3100 δέ
1139 3048 1202 3100 σὺ
1238 3021 1343 3116 φὴς
1366 3045 1692 3118 δημιουργὸν
1722 3047 1816 3099 καὶ
1845 3071 1887 3129 C
1920 3037 2002 3089 ὅτι
2136 3036 2155 3104 (
2179 3021 2498 3129 Ποϐζοῐῐι.)
2528 3033 2802 3129 πάντα-ζ.
2822 3075 2848 3129 Α.
2883 3033 3151 3129 ἀποδώσει
3182 3035 3344 3129 (1706
3358 3036 3500 3129 fdd.

239 3144 526 3214 ὑπέρθεον,
561 3146 671 3206 τοῖς
705 3141 966 3206 ἐναντίοις
998 3140 1372 3211 ἀντικείμενος
1403 3139 1656 3208 ὑπάρχει.

311 3235 521 3289 Αὐτίκα
551 3235 683 3303 γοῦν
714 3237 743 3288 6
775 3233 896 3288 καθ’
925 3233 1185 3304 ὁμοίωσιν
1215 3231 1326 3302 (68)
1356 3271 1369 3284 .
1400 3271 1414 3284 .
1443 3268 1457 3284 .
1488 3230 1704 3302 θανάτῳ
1726 3247 1822 3283 κα-

233 3327 586 3389 ταδικάζεται
641 3365 654 3379 .
689 3365 702 3379 .
741 3364 755 3379 .
802 3325 924 3378 ἐπεὶ
978 3323 1054 3395 μὴ
1097 3322 1370 3392 πανταχοῦ
1408 3321 1593 3391 βλέπει
1634 3322 1728 3374 ἐπὶ
1753 3323 1818 3391 τῇ

232 3422 349 3474 τῶν
378 3419 624 3489 Σοδόμων
655 3419 1022 3489 καταστροφῇ,
1055 3416 1223 3485 λέγει’
1257 3415 1513 3478 Καταϐἀς
1541 3414 1740 3485 ὄψομαι
1772 3415 1821 3466 εί

235 3511 384 3566 κατά
415 3552 430 3565 .
465 3552 478 3563 .
515 3550 528 3563 .
570 3510 751 3564 καὶτὸ
780 3511 953 3563 εἰπεῖν
982 3508 1110 3578 περὶ
1136 3506 1231 3560 τοῦ
1278 3506 1446 3577 Ἀδὰμ
1479 3545 1492 3559 .
1528 3544 1542 3560 .
1577 3546 1591 3559 .
1625 3507 1821 3577 μήπως

239 3643 257 3657 .
295 3640 310 3656 .
345 3639 361 3653 .
399 3601 492 3654 καὶ
519 3603 705 3668 φαγὼν
734 3600 958 3670 ζήσεσαι
999 3600 1077 3660 είς
1111 3615 1162 3650 τ.
1190 3595 1382 3659 αἰῶνα,
1418 3595 1735 3665 ἀγνοοῦντος
1761 3612 1815 3648 κ.

235 3693 336 3762 φθ.
369 3693 486 3746 ἐστι
519 3690 1022 3762 σύμϐολον.Ὠσπερ
1073 3690 1166 3743 καὶ
1215 3689 1275 3742 τὸ
1319 3687 1652 3759 Ἐνεθυμήθη
1705 3727 1720 3741 .
1753 3725 1768 3739 .
1801 3726 1815 3741 .

237 3785 336 3838 καὶ
380 3785 444 3842 τὸ
486 3781 792 3855 Ὀσφράνθη
831 3822 844 3836 .
880 3821 894 3835 .
923 3822 937 3835 .
985 3782 1080 3835 καὶ
1128 3780 1189 3833 τὸ
1220 3779 1370 3844 τέλος
1411 3778 1509 3849 τῆς
1536 3779 1704 3849 ὑπομ.
1743 3778 1817 3848 μὴ

237 3877 574 3947 προειδότος.

326 3970 383 4021 ὐ
406 3969 464 4022 δὲ
493 3967 698 4038 Πέτρος
725 3965 828 4036 ἔφη
857 3965 992 4037 πρὸς
1026 3963 1186 4018 αὑτόν
1214 3961 1374 4032 (1706
1400 3977 1493 4032 πρ.
1521 3957 1611 4013 τὸν
1641 3958 1816 4028 Σίμω-

236 4062 346 4131 να)·
366 4062 430 4114 Εί
456 4058 651 4127 τυφλὸς
676 4097 690 4110 .
717 4097 730 4110 .
758 4097 772 4110 .
807 4057 924 4120 πῶς
951 4056 1322 4125 ἐντελλόμενος
1343 4056 1371 4106 6
1394 4052 1524 4116 Θεὸς
1548 4051 1816 4106 ἐδείκνυεν

237 4153 390 4224 αὑτῴ
419 4153 614 4220 λέγων·
631 4149 761 4203 Ἀπὸ
789 4149 846 4202 δὲ
873 4149 966 4203 τοῦ
998 4147 1135 4220 [69])
1171 4188 1184 4200 .
1207 4188 1220 4200 .
1244 4188 1256 4199 .
1275 4147 1368 4199 καὶ
1391 4147 1420 4198 ὁ
1443 4141 1661 4216 Πέτρος·
1691 4143 1815 4207 Πῶς

1069 4277 1083 4290 .
1135 4237 1292 4307 δῆλον
1343 4233 1616 4288 ἐντεῦθενο
1675 4232 1814 4287 εἶδεν

1104 4326 1196 4380 καὶ
1227 4329 1245 4393 (
1270 4324 1406 4380 1706
1428 4322 1563 4392 om.)
1611 4321 1812 4392 ὡραῖόν

245 4287 258 4299 .
299 4285 313 4298 .
347 4284 360 4298 .
411 4239 556 4313 εἶχον
607 4241 914 4309 ἀνεωγότας
971 4281 984 4293 .
1019 4279 1032 4292 .

241 4334 418 4406 (1706
449 4333 636 4404 δῆλονι
679 4329 901 4398 ίδοῦσα)
951 4369 964 4380 .
1001 4368 1060 4381 ..

240 4403 356 4480 ἐστι
380 4425 472 4478 τοῦ
507 4422 880 4478 κατανοεῖσθαι
922 4421 1080 4490 (1706
1105 4421 1345 4492 υνοῆσαι)
1377 4457 1392 4473 .
1427 4458 1441 4472 .
1475 4457 1488 4471 .
1519 4417 1614 4470 καὶ
1643 4416 1810 4470 ἔδωκε
1846 4415 1888 4467 D
1921 4423 2051 4477 μαγ.
2083 4424 2138 4460 κ.
2174 4405 2294 4476 μεθ.
2325 4404 2437 4475 ὼς)
2479 4445 2494 4458 .
2525 4445 2537 4457 .
2568 4445 2580 4458 .
2631 4403 2816 4475 σχεδὸν
2859 4405 2952 4457 ἐπὶ
2989 4405 3110 4466 ταῖς
3147 4443 3160 4456 .
3195 4443 3210 4456 .
3245 4443 3258 4457 .

242 4520 260 4587 (
291 4517 423 4570 1706
452 4515 579 4570 add.
613 4513 745 4583 καὶ)
775 4512 852 4584 τῷ
880 4511 1032 4583 ἀνδρὶ
1073 4512 1241 4582 αὑτῆς
1281 4508 1398 4583 μετ’
1431 4509 1600 4579 αὑτῆς
1635 4508 1653 4577 (
1681 4507 1812 4562 1706

241 4624 349 4663 ὸῐῐΙ.
399 4607 514 4678 μετ’
543 4607 708 4674 αὑτ.).
746 4605 809 4658 El
843 4601 938 4657 οὖν
977 4643 994 4658 .
1027 4643 1040 4658 .
1074 4643 1088 4656 .
1121 4602 1321 4672 γνῶσιν
1359 4595 1502 4671 εἶχον
1545 4597 1709 4653 καλοῦ
1755 4616 1812 4651 τε

239 4702 334 4754 καὶ
368 4698 558 4763 κακοῦ⁹
588 4698 708 4767 δψιν
739 4696 798 4750 δέ
834 4695 994 4767 (1706
1019 4695 1112 4749 καὶ
1129 4694 1211 4748 ὅτι
1236 4693 1378 4764 ὄψιν)
1400 4693 1624 4746 ἕκαστον
1653 4690 1812 4761 (1706

238 4792 393 4862 -στα)
429 4833 442 4844 .
480 4832 493 4844 .
532 4831 544 4843 .
578 4789 779 4859 γνῶσιν
808 4787 1132 4858 ἀδιάφθορον
1162 4788 1434 4860 παρέσχεν
1474 4826 1486 4837 .
1521 4826 1533 4838 .
1569 4825 1582 4837 .
1611 4783 1812 4853 τυφλοῦ

237 4881 394 4952 δίκην
423 4881 585 4953 (1706
615 4881 721 4934 δίκ.
756 4878 940 4949 τυφλ.)
973 4917 988 4931 .
1027 4917 1042 4932 .
1075 4917 1088 4931 .
1119 4877 1298 4932 καὶτὸ
1330 4877 1490 4948 (1706
1516 4875 1638 4944 τὸν)
1669 4875 1810 4930 πάνυ

238 4973 510 5045 γνώριμον
544 5014 557 5026 .
591 5013 603 5026 .
643 5013 656 5025 .
684 4971 856 5034 οὕτως
891 4968 984 5026 οὖν
1011 4971 1106 5024 καὶ
1131 4972 1160 5022 ὁ
1186 4968 1356 5040 Ἀδὰμ
1384 5010 1397 5024 .
1435 5011 1446 5022 .
1483 5011 1496 5022 .
1529 4969 1810 5040 διεγέρθη-

240 5083 340 5118 σαν
373 5065 532 5135 (1706
561 5066 747 5136 διηγ.)·
779 5065 840 5117 τὸ
869 5064 998 5135 γάρ·
1030 5060 1298 5133 Διηνοίχθ.
1327 5062 1502 5114 αὑτῶν
1534 5063 1582 5114 οἱ
1611 5061 1808 5130 ὀφθαλ-
1919 5085 1932 5098 ο
1964 5085 1978 5098 ·
2016 5086 2028 5098 ο

242 5159 332 5228 9.0).
367 5198 380 5210 .
415 5198 430 5211 .
473 5198 486 5211 .
523 5158 884 5230 ἐγγενομένην
911 5156 1072 5228 (1706
1101 5157 1370 5227 ἐγγινομ.)
1407 5197 1418 5209 .
1447 5195 1459 5210 .
1488 5197 1501 5209 .

238 5249 347 5320 γάρ
378 5287 392 5302 .
428 5287 444 5303 .
485 5290 499 5303 .
533 5249 840 5320 πλήττεται.

333 5362 424 5428 67)
457 5361 543 5416 Cf.
567 5361 633 5415 ad
665 5362 779 5416 haec
801 5358 1001 5417 Homil.
1028 5361 1116 5424 111,
1138 5359 1226 5417 58.

334 5433 423 5502 68)
452 5432 651 5502 Incipit
681 5433 737 5486 h.
768 5433 805 5486 l.
830 5431 1030 5488 Homil.
1058 5432 1146 5497 Ill,
1181 5432 1266 5487 '59.
1307 5430 1576 5488 Convenit
1624 5442 1803 5490 autem

240 5504 353 5558 hare
375 5511 557 5558 textus
586 5517 713 5571 pars
735 5510 1012 5572 tantopere
1046 5518 1169 5558 cum
1214 5502 1445 5561 Cedreni
1480 5504 1618 5557 libro
1643 5514 1701 5558 ιιι
1743 5521 1805 5559 ρει

240 5582 449 5628 tantum
496 5573 811 5643 exscribere,
845 5579 1062 5643 pragslet
1109 5590 1227 5642 qum
1276 5574 1459 5643 aliquo
1496 5574 1658 5628 modo
1701 5576 1805 5629 dif-

243 5645 413 5716 ferant
445 5645 525 5698 vel
556 5643 622 5696 ad
672 5641 1053 5716 corrigendum
1089 5641 1444 5700 Humilianim
1470 5651 1676 5703 textum
1716 5664 1807 5703 va-

243 5715 350 5768 lere
371 5716 672 5772 vidcantur.

1537 5156 1806 5229 παρευθυς

1923 3127 2070 3198 ὑμῖν)
2100 3128 2156 3181 ἐν
2192 3169 2204 3181 .
2228 3167 2272 3182 ..
2325 3125 2640 3198 διηγόρευεν
2683 3121 3091 3197 (1706-ρευσεν)
3114 3127 3142 3179 6
3179 3124 3311 3189 Θεὸς
3354 3119 3504 3190 ἔλεος

1923 3219 2096 3288 (1706
2126 3219 2244 3290 -ον)
2273 3218 2415 3272 θέλει
2451 3217 2609 3288 (1706
2643 3216 2831 3287 θέλων)
2865 3216 2958 3272 καὶ
2986 3216 3047 3270 οὐ
3081 3214 3291 3282 θυσίας.
3324 3217 3499 3290 (1706

1929 3312 2035 3365 -ίαν
2063 3318 2122 3364 ιιι
2147 3309 2382 3381 videtur)
2416 3350 2430 3363 .
2471 3349 2484 3363 .
2520 3349 2533 3363 .
2583 3310 2925 3381 οἰκτίρμονες
2959 3309 3034 3374 ὡς
3066 3312 3095 3363 6
3126 3311 3316 3383 Πατὴρ
3346 3311 3500 3382 ὑμῶν

1921 3403 2044 3472 (nec
2077 3401 2210 3456 I706
2242 3400 2366 3455 add.
2397 3400 2444 3471 6)
2472 3399 2739 3472 οὐράνιος.
2770 3399 2870 3453 Διά
2892 3399 2950 3455 δὲ
2981 3400 3109 3464 τοὺς
3133 3401 3303 3455 ἀπατ.
3340 3401 3502 3474 (1706

1920 3491 2046 3546 add.
2084 3492 2178 3545 καὶ
2210 3488 2729 3562 ὑπολαμϐάνοντας)
2766 3488 2994 3554 πολλοὺς
3045 3529 3060 3543 .
3091 3529 3103 3544 .
3134 3531 3148 3545 .
3199 3492 3284 3544 ἵνα
3335 3493 3500 3560 γινώ-

1921 3601 2090 3637 σκωσι
2118 3583 2277 3654 (1706
2305 3581 2547 3653 -σκουσι)
2575 3581 2634 3635 σέ
2666 3621 2680 3635 .
2700 3621 2713 3634 .
2741 3621 2756 3634 .
2790 3582 2928 3653 πρὸς
2951 3579 3042 3636 τὸν
3075 3583 3510 3655 ἐπερωτήσαντα

1921 3675 2080 3745 (I706
2103 3674 2286 3747 ἐρωτ.)
2320 3675 2456 3728 Ποία
2487 3673 2602 3726 ἐστὶ
2628 3673 2732 3746 πρὸ
2753 3672 2986 3743 (corrige
3006 3673 3256 3746 11906111?)
3282 3655 3500 3730 πάντων

1921 3768 2080 3840 (1706
2105 3770 2219 3821 ἐστ.
2253 3767 2465 3839 πρώτη,
2502 3767 2709 3821 omisso
2740 3764 2992 3833 πάντων)
3026 3765 3234 3839 ἐντολὴ,
3267 3769 3499 3840 ἀπεκρί-

1919 3859 1986 3929 θη
2017 3860 2034 3928 (
2062 3856 2197 3912 1706
2223 3856 2366 3928 ἔφη)
2410 3854 2608 3928 Πρώτη
2638 3854 2853 3911 πάντων
2887 3854 3073 3927 ἐντολή
3103 3857 3268 3911 ἐστιν’
3302 3858 3500 3912 Ἄκουε

1932 3946 2166 4018 Ἰσραὴλ,
2196 3947 2399 4018 Κύριος
2437 3985 2450 3998 .
2475 3985 2488 3999 .
2513 3987 2526 4000 .
2563 3983 2579 3998 .

2001 4039 2057 4092 '0
2089 4039 2146 4093 δέ
2174 4037 2298 4109 Σίμ.
2333 4055 2448 4092 συν.
2484 4039 2566 4092 ὅτι
2607 4038 2813 4107 Πέτρος
2854 4036 3018 4090 αὑτὸν
3064 4035 3240 4108 (1706
3267 4037 3501 4110 ἐαυτὸν)

1920 4129 2140 4197 συνάγει
2175 4127 2345 4198 (1706
2369 4127 2495 4182 add.
2521 4127 2614 4198 ἐν)
2640 4129 2761 4190 ταῖς
2793 4128 3030 4197 γραφαῖς
3060 4127 3142 4190 είς
3179 4167 3192 4180 .
3226 4167 3242 4181 .
3278 4166 3293 4180 .
3326 4127 3500 4192 οὕτως

1915 4219 1981 4293 ἦν
2006 4220 2374 4292 ἐξησκημένος
2406 4221 2464 4272 ἐν
2497 4222 2614 4282 ταῖς
2652 4218 2904 4290 μαγείαις
2935 4218 3029 4270 καὶ
3066 4216 3367 4288 μεθοδείαις
3399 4219 3496 4273 τοῦ

1915 4317 2146 4379 Σατανᾶ,
2178 4313 2253 4377 ὼς
2283 4312 2442 4384 (1706
2469 4313 2527 4365 ἐν
2560 4314 2680 4376 ταῖς
2707 4311 3039 4375 διαϐολικαῖς
3065 4310 3368 4384 ἐνεργείαις
3403 4313 3498 4366 καὶ

1917 4500 2010 4553 καὶ
2053 4502 2118 4552 ἐκ
2169 4540 2180 4552 .
2210 4539 2223 4551 .
2260 4538 2275 4552 .
2308 4497 2524 4568 δράκων
2551 4497 2760 4566 ἐγίνετο
2785 4497 2876 4551 καὶ
2901 4497 2983 4559 είς
3005 4495 3165 4567 ἕτερα
3189 4493 3302 4559 ζῶα
3331 4514 3494 4567 μετε-

1919 4591 2216 4663 μορφοῦτο·
2274 4589 2618 4662 διπρόσωπος
2670 4590 2877 4659 ἐγίνετο
2927 4588 3020 4642 καὶ
3053 4589 3132 4650 είς
3174 4585 3353 4660 (1706
3380 4605 3492 4644 om.

1914 4684 2078 4754 ἕτερα
2111 4682 2226 4747 ζῶα
2252 4697 2426 4752 usque
2451 4699 2504 4735 κ.
2533 4682 2632 4752 εἰς)
2669 4699 2758 4751 χρ.
2793 4677 3174 4751 μετεϐάλλετοο
3199 4677 3368 4751 θύρας
3401 4720 3414 4734 .
3440 4720 3453 4734 .
3472 4719 3490 4736 .

1915 4775 2096 4845 ήνοιγε
2129 4774 2223 4828 καὶ
2253 4775 2449 4846 σιδηρᾶ
2481 4772 2642 4843 (1706
2672 4770 2925 4840 σιδήρων)
2960 4769 3137 4841 δεσμά
3167 4809 3180 4822 .
3209 4810 3222 4824 .
3259 4811 3272 4823 .
3307 4771 3495 4824 είδεῶν

1914 4864 2076 4934 (1706
2101 4863 2276 4936 ίδεῶν)
2305 4863 2583 4936 παριστῶν
2611 4861 2768 4933 (1706
2791 4860 3048 4934 παρίστα)
3087 4901 3100 4914 .
3128 4901 3141 4914 .
3169 4901 3182 4914 .
3219 4861 3494 4932 φερόμενα

1914 4955 2074 5024 (1706
2095 4955 2372 5027 φέρεσθαι)
2408 4971 2503 5026 πρ.
2535 4954 2630 5006 ὑπ.
2659 4950 2830 5005 ἐποίει
2853 4949 3142 5020 βλέπεσθαι
3170 4949 3330 5021 (1706
3357 4953 3494 5020 om.)

2062 5045 2168 5098 τῶν
2200 5044 2538 5116 τεθνηκότων
2563 5083 2581 5097 .
2609 5080 2624 5096 .
2651 5080 2667 5094 .
2699 5040 2928 5104 πολλοὺς
2949 5040 3006 5094 δὲ
3039 5041 3212 5112 γόητα
3241 5081 3253 5092 .
3283 5081 3297 5093 .
3327 5081 3340 5093 .
3373 5056 3492 5094 πει-

1917 5136 2195 5208 ρωμένους
2221 5133 2507 5200 διαλλάξας
2533 5172 2549 5187 .
2577 5172 2592 5186 .
2619 5172 2633 5186 .
2665 5130 2941 5204 διαφόροις
2967 5133 3060 5185 καὶ
3090 5131 3359 5197 δυσιάτοις
3388 5171 3403 5184 .
3432 5173 3444 5184 .

1913 5229 2134 5282 πλείστα
2193 5227 2352 5299 (1706
2402 5227 2529 5282 add.
2566 5226 2889 5297 εἰργάσατο)
2925 5224 3287 5298 Δκαθυπουργ.
3341 5223 3488 5294 αὑτῷ

1981 5364 2096 5434 (69)
2119 5362 2204 5419 Cf.
2235 5362 2303 5417 ad
2344 5361 2818 5434 ιιωεᾘυηιηᾷιη,
2852 5363 2938 5417 42.

1981 5432 2092 5504 (70)
2122 5434 2206 5489 Cf.
2235 5434 2300 5488 ad
2323 5435 2435 5488 hare
2467 5432 2623 5488 Hom.
2648 5432 2736 5495 lll,
2769 5434 2856 5486 42.

1981 5501 2096 5576 (71)
2133 5504 2425 5574 Sequentia
2451 5519 2623 5574 usque
2654 5505 2783 5558 dum
2819 5511 2903 5576 est
2932 5504 2997 5556 Τί
3033 5503 3122 5576 δές
3153 5503 3206 5576 i_n
3232 5501 3482 5576 CedEeno

1911 5573 2020 5647 [non
2077 5573 2364 5647 leguntur;
2417 5573 2614 5647 degunt;
2659 5575 2821 5628 etiam
2867 5574 2929 5647 _i_n
2980 5573 3119 5647 c900.
3155 5573 3287 5647 Imp.
3316 5574 3476 5629 1706.

1911 5645 2091 5699 Prima
2127 5642 2151 5698 ε’
2190 5644 2505 5699 οὑπω...τοῦ
2558 5645 2651 5697 νῦν
2699 5661 2820 5698 cum
2866 5642 3063 5696 l‘lomil.
3109 5645 3142 5699 Ι.
3190 5642 3478 5702 L'conve-

1912 5717 2090 5772 nium.
2118 5715 2327 5772 Caetera
2349 5715 2419 5771 cf.
2465 5732 2588 5772 cum
2622 5714 2836 5774 Demer.
2866 5715 2957 5782 31,
2993 5714 3054 5770 16
3081 5746 3107 5756 -
3131 5715 3220 5783 ει.

3300 4403 3496 4458 ἵπτατο
3583 4413 3592 4423 '
