3958 6132
445 272 581 325 1295

1889 259 2117 321 ADDEN
2127 265 2234 321 DA.

3575 260 3704 316 1296

440 389 602 456 (I706
630 388 830 462 αὐτῶν)
860 389 967 443 τῶν
1000 390 1152 462 δαιμ.
1185 389 1470 462 εἰργάζετο
1502 389 1674 459 (1706
1699 387 1855 460 om.)'
1886 389 2015 442 κάν-
2049 396 2094 450 Α
2122 387 2231 440 τῶν
2275 386 2610 440 διδασκάλων
2643 384 3057 455 ἀγωνιζομένων
3097 384 3130 454 ἢ
3169 381 3516 453 θλιϐομένων,
3547 380 3625 444 ὡς
3651 384 3707 434 ἐν

437 484 626 538 τεῦθεν
678 485 739 537 ού
794 485 952 555 μόνον
985 485 1174 550 ἐαυτὸν
1211 487 1292 552 εἰς
1333 485 1524 557 ἐτέρας
1565 483 1778 557 μορφὰς
1811 484 2022 552 ἀνθρώ-

439 594 558 629 πων
584 591 644 629 τε
678 577 772 630 καὶ
804 578 1034 648 ἀλόγων,
1065 578 1140 643 ὡς
1182 577 1337 649 ἔφην,
1377 578 1860 650 μετεσχημάτιζεν,
1888 577 2023 630 ἀλλὰ

438 672 532 722 καὶ
561 668 654 735 οὓς
677 671 868 742 ἢθελεν
901 671 1072 735 οὕτως
1106 671 1299 726 ἐποίει.
1320 672 1429 725 Καὶ
1457 670 1590 739 γοῦν
1621 709 1634 723 .
1674 711 1688 723 .
1727 711 1739 722 .
1777 668 2022 741 περιθεὶς

435 760 517 832 τῷ
573 762 786 833 μαθητῇ
836 764 1044 834 Πέτρου
1093 762 1320 832 Φαύστῳ
1347 761 1518 832 (1706
1545 761 1746 814 Φαύστ.
1782 759 1859 831 τῷ
1891 761 2018 831 μαθ.

440 854 562 925 Πέ.)
597 897 610 908 .
647 896 661 909 .
694 896 707 909 .
745 857 880 927 πρὸς
908 857 1112 928 Πέτρον
1141 855 1372 910 ἐνώπιον
1397 854 1553 926 ἡμῶν
1591 854 1730 925 ἔχων
1761 853 1860 924 τὴν
1893 871 2024 924 μορ-

440 945 545 1018 φὴν
575 947 836 1018 Σίμωνος,
865 949 957 1001 καὶ
985 949 1004 1019 (
1029 948 1162 1002 1706
1191 964 1287 1018 pro
1320 947 1548 1000 ἐνώπιον
1582 961 1755 1016 usque
1786 945 1878 998 καί
1921 945 2020 999 ha-

438 1038 528 1094 bet
561 1039 845 1108 ἐδιώκετο)
880 1039 985 1092 ὑπὸ
1023 1039 1239 1092 πάντων
1273 1039 1659 1109 ἀποσειόμενος
1709 1038 1802 1090 καὶ
1837 1035 2023 1107 μισού-

440 1149 599 1201 μενος
629 1131 788 1202 (1706
822 1147 931 1186 om.
973 1132 1133 1185 ἀποσ.
1167 1149 1219 1184 κ.
1258 1130 1396 1202 μισ.)
1431 1129 1518 1183 διά
1541 1147 1592 1182 τ.
1621 1131 1705 1183 ἀν.
1734 1129 1906 1182 εἰδέαν
1926 1127 2020 1180 τοῦ

438 1223 682 1292 Σίμωνος
705 1221 723 1292 (
749 1223 880 1277 1706
908 1223 1050 1277 ἰδέαν
1077 1224 1144 1293 ἢν
1180 1222 1514 1294 περιέκειτο)
1544 1221 1821 1292 ἐμϐλέψας
1851 1219 2021 1289 (1706

436 1313 562 1369 add.
596 1314 672 1385 δὲ)
702 1315 730 1368 6
765 1315 861 1369 Πέ.
910 1357 924 1370 .
951 1353 970 1372 .
991 1357 1004 1370 .
1059 1315 1180 1369 ίδὼν
1216 1315 1376 1386 (1706
1403 1314 1528 1369 add.
1565 1313 1784 1384 τοῦτον)
1819 1310 2019 1364 λυπού-

439 1424 600 1476 μενον
637 1407 728 1462 καὶ
761 1407 988 1479 δάκρυσι
1022 1408 1375 1479 συνεχόμενον
1405 1407 1508 1478 ἐφη
1547 1447 1559 1460 .
1597 1448 1609 1460 .
1641 1448 1653 1460 .
1697 1403 2020 1477 παραλλαγὴ

437 1498 455 1564 (
476 1497 611 1552 1706
647 1497 969 1570 ὑπαλλαγὴ)
1005 1541 1016 1552 .
1048 1540 1060 1552 .
1094 1541 1105 1552 .
1137 1499 1324 1568 γέγονε
1364 1498 1452 1552 διὰ
1490 1496 1901 1568 κακομηχανίας
1927 1494 2021 1547 καὶ

437 1590 732 1660 σατανικῆς
761 1591 1004 1654 ἐπινοίας
1033 1589 1128 1644 τοῦ
1161 1591 1354 1662 γόητος
1381 1589 1555 1660 (1706
1583 1603 1691 1642 om.
1724 1585 1813 1640 διά
1846 1599 2020 1654 usque

432 1679 705 1751 γόητος)·
762 1683 866 1736 ὑπὸ
907 1681 1015 1753 γὰρ
1064 1683 1341 1754 Καίσαρος
1393 1681 1722 1752 ζητούμενος
1771 1719 1786 1731 .

433 1764 751 1836 (1706ἐιι1ι1.
779 1772 896 1844 τοῦ)
929 1791 1083 1843 συσχ.
1119 1791 1172 1827 κ.
1205 1775 1384 1845 ἀναιρ.
1423 1790 1515 1825 σου
1544 1771 1719 1842 (1706
1747 1769 1893 1840 om.)
1921 1769 2016 1822 λύ-

434 1881 542 1936 πην
573 1904 586 1916 .
625 1903 637 1916 .
671 1904 684 1918 .
720 1863 1022 1918 λαοπλάνου
1052 1865 1210 1934 (1706
1240 1865 1364 1919 add.
1402 1865 1494 1917 καὶ
1534 1862 1728 1936 ἐχθροῦ
1755 1863 1854 1933 τῆς
1885 1860 2016 1930 ἀλη-

433 1954 617 2023 θείας)
645 1956 887 2025 Σίμωνος
937 1997 947 2007 .
983 1997 994 2009 .
1030 1997 1042 2009 .
1094 1955 1227 2008 ἰδίαν
1262 1973 1355 2008 σου
1405 1955 1578 2026 (1706
1608 1953 1756 2023 0m.)
1790 1953 2016 2023 παρέξει

432 2043 594 2108 (1706
623 2043 747 2098 add.
784 2045 898 2116 σοι)
927 2045 1142 2116 τάχιον·
1174 2047 1309 2118 ὅπερ
1341 2045 1402 2117 δὴ
1429 2049 1522 2099 καὶ
1557 2044 1729 2116 (1706
1756 2043 1882 2099 add.
1920 2046 2015 2098 σὺν

429 2133 508 2206 τῷ
532 2134 693 2208 λόγῳ)
727 2137 948 2206 γέγονεν
977 2137 1134 2207 (1706
1165 2138 1290 2195 add.
1327 2138 1540 2192 πάντων
1563 2137 1718 2208 ήμῶν
1749 2136 2013 2207 θεωρούν-

429 2224 592 2295 των).
621 2225 730 2279 Καὶ
761 2225 931 2282 ταῦτα
963 2227 1145 2299 μέντοι
1193 2271 1204 2282 .
1244 2271 1256 2282 .
1299 2271 1310 2281 .
1344 2227 1715 2300 γεγράφηκεν,
1747 2228 1823 2290 ὡς
1855 2227 2011 2297 ἔφην,

430 2316 660 2388 Κλήμης
703 2318 762 2371 ἐν
795 2318 967 2390 Συρία
995 2319 1014 2391 (
1034 2319 1168 2374 1706
1192 2335 1300 2375 om.
1339 2323 1385 2374 ἐ.
1422 2320 1592 2391 Συρ.)
1637 2319 1892 2391 λεχθῆναι
1921 2321 2014 2372 καὶ

427 2408 827 2481 διαπραχθῆναι
852 2410 1012 2480 (1706
1039 2411 1165 2466 add.
1193 2413 1250 2466 ἐν
1281 2412 1456 2484 Συρ.).

509 2501 600 2556 ἐν
632 2501 691 2556 δέ
715 2505 781 2576 τῇ
823 2503 1011 2576 Ῥώμῃ
1043 2504 1180 2575 μετὰ
1203 2505 1265 2556 τὸ
1297 2545 1309 2558 .
1347 2545 1361 2558 .
1393 2546 1405 2558 .
1442 2505 1518 2569 ώς
1549 2506 1764 2578 εἴρηται
1797 2546 1810 2558 .
1850 2546 1863 2558 .
1897 2546 1909 2558 .
1937 2505 2010 2558 Σὺ

395 2595 564 2668 -ἐφης
596 2637 609 2649 .
648 2635 663 2649 .
702 2635 716 2649 .
750 2597 846 2650 καὶ
871 2595 991 2650 ἰδὼν
1025 2597 1189 2650 αὐτὸν
1215 2596 1419 2670 Πέτρος
1451 2637 1465 2649 .
1502 2637 1515 2650 .
1548 2638 1560 2650 .
1597 2597 2010 2651 ἀπέθανεν.Τοῦ

427 2685 482 2738 δέ
515 2687 710 2758 μιαροῦ
741 2687 904 2741 αὐτοῦ
942 2687 1189 2758 σώματος
1213 2687 1460 2753 τεθέντος
1492 2688 1622 2743 ἔνθα
1659 2689 1754 2743 καὶ
1792 2689 2011 2742 πέπτω-

429 2793 542 2850 κεν,
580 2775 784 2846 ἐκλήθη
812 2778 842 2830 6
867 2777 1031 2840 τόπος
1060 2777 1244 2830 ἐκτοτε
1277 2776 1542 2848 Σιμώνιον
1575 2777 1749 2847 (1706
1779 2779 1808 2830 6
1838 2777 1894 2830 δέ
1926 2777 2010 2829 τό-

428 2883 526 2930 πος
560 2865 744 2920 ἔκτοτε
778 2869 806 2919 6
835 2868 1126 2940 δεξάμενος
1159 2869 1322 2922 αὑτοῦ
1371 2868 1433 2921 τὸ
1478 2867 1704 2940 βέϐηλον
1743 2870 1835 2922 καὶ
1861 2887 2009 2939 παμ-

430 2959 623 3030 μίαρον
657 2958 815 3032 σῶμα
839 2959 1041 3032 ἐκλήθη
1071 2959 1391 3032 Σιμώνιον).
1419 2961 1554 3032 Περὶ
1582 2952 1642 3012 οῦ
1672 2961 1766 3014 καὶ
1798 2962 1856 3014 ἐν
1891 2964 2009 3026 ταῖς

425 3049 810 3115 άποστολικαῖς
849 3050 1152 3115 διατάξεσιν
1179 3051 1288 3125 (72)
1324 3053 1351 3106 6
1379 3052 1541 3116 αὐτὸς
1573 3050 1744 3122 (1706
1773 3054 1802 3106 6
1837 3051 2009 3124 μέγας
2035 3067 2083 3129 c

425 3141 740 3214 ἀπόστολος)
770 3143 974 3214 Πέτρος
1006 3187 1018 3198 .
1056 3187 1069 3198 .
1099 3187 1111 3198 .
1145 3143 1437 3198 ἐσκύλευσε
1471 3185 1484 3198 .
1513 3186 1524 3198 .
1555 3186 1567 3198 .
1596 3145 1889 3216 ἐμπειρίας
1918 3145 2010 3198 καὶ

426 3233 706 3305 ἐνεργείας
749 3274 763 3287 .
799 3275 812 3288 .
846 3275 859 3287 .
900 3234 1243 3306 διαστρέφειν
1277 3236 1366 3289 τὸν
1395 3236 1552 3306 λόγον
1587 3236 1747 3307 (1706
1777 3236 1930 3309 λαὸν)
1956 3255 2006 3290 τ.

427 3324 508 3401 θε.
547 3343 792 3399 συμπαρ.
828 3327 988 3398 (1706
1023 3327 1148 3382 add.
1180 3328 1289 3398 μοι)
1329 3371 1339 3381 .
1369 3371 1381 3381 .
1412 3370 1424 3382 .
1457 3330 1725 3400 Ζαχκαίου
1758 3327 1852 3382 τοῦ
1882 3330 2012 3382 ποτέ

423 3417 655 3472 τελώνου
684 3438 739 3475 κ.
762 3421 926 3492 Βαρν.
957 3419 1116 3492 (1706
1138 3421 1262 3476 add.
1290 3421 1384 3475 καὶ
1415 3421 1650 3492 Νικὴτα)
1681 3419 2007 3483 καὶἈκύλα,

405 3507 671 3588 (ἀδελφῶν
700 3512 1040 3584 Κλήμεντος,
1065 3531 1118 3567 τ.
1148 3513 1318 3584 Ῥωμ.
1351 3515 1368 3584 (
1386 3494 1522 3568 1706
1550 3513 1676 3568 add.
1710 3515 2010 3567 ἐπισκόπου

414 3595 483 3657 ’τε
509 3605 608 3680 καὶ
645 3605 891 3676 πολίτου)
946 3647 959 3660 .
995 3648 1009 3661 .
1042 3649 1056 3662 .
1108 3607 1406 3678 διαλεχθεὶς
1451 3607 1602 3678 αύτῷ
1647 3609 1725 3671 εἰς
1755 3609 1847 3661 τὸν
1881 3610 2009 3680 περὶ

425 3696 517 3749 τοῦ
547 3685 877 3768 Εύαγγελίου
908 3698 1064 3766 λόγον
1094 3699 1190 3752 καὶ
1225 3698 1330 3752 τῶν
1357 3716 1524 3770 προφ.
1552 3701 1646 3754 καὶ
1693 3741 1706 3752 .
1746 3741 1760 3754 .
1792 3741 1804 3753 .
1845 3701 2010 3770 ἡττή-

427 3805 526 3852 σας
560 3788 720 3858 (1706
746 3789 986 3860 ἥττησα)
1015 3791 1136 3843 αύτ.
1170 3791 1282 3844 δυν.
1313 3791 1406 3844 τοῦ
1439 3791 1644 3862 Κυρίου
1679 3791 1851 3859 (1706
1880 3790 2002 3845 add.

424 3878 582 3951 ἡμῶν
626 3881 758 3951 Ἰησ.
788 3871 1047 3960 Χρ.),κα“ι
1091 3883 1172 3946 είς
1206 3883 1301 3951 ἀφ.
1336 3881 1657 3953 καταϐαλὼν
1688 3900 1816 3952 φυγ.
1851 3884 2010 3938 κατέ-

429 3988 622 4043 στησα,
649 3973 728 4036 είς
765 3972 862 4045 τὴν
912 3962 1140 4042 Ἰταλίαν
1175 4017 1187 4028 .
1220 4016 1232 4029 .
1267 4017 1281 4031 .
1311 3973 1537 4040 πολλοὺς
1562 3977 1881 4048 ἀνατρέπων
1909 4018 1920 4028 .
1952 4018 1964 4029 .
1992 4018 2004 4029 .

427 4061 494 4114 τά
520 4079 578 4115 τε
611 4061 738 4132 ἔθνη
766 4064 1042 4118 ἐκστάνων
1075 4047 1580 4137 (Ποῦ-ἐξιστάνων)
1614 4109 1628 4120 .
1666 4108 1678 4120 .
1706 4047 1728 4120 ί.
1761 4067 2008 4137 ἐνεργείᾳ

428 4153 588 4221 (1706
619 4144 866 4227 -γείαιςγ
903 4157 978 4222 ὡς
1013 4133 1177 4228 (1706
1199 4133 1331 4228 orni)
1355 4160 1448 4214 καί
1481 4133 1610 4211 ποτε
1651 4200 1665 4212 .
1699 4199 1712 4211 .
1745 4199 1756 4210 .
1793 4133 2007 4211 πάντων

424 4241 480 4296 δὲ
512 4242 898 4314 θαυμαζόντων
927 4286 942 4299 .
982 4287 996 4299 .
1033 4287 1046 4300 .
1084 4249 1188 4301 ὑπὸ
1215 4247 1484 4316 δαιμόνων
1515 4247 1688 4314 (1706
1714 4246 1888 4314 -νίων)
1930 4247 2008 4308 εἰς

423 4335 551 4399 τοὺς
584 4335 743 4405 (1706
773 4337 908 4406 om.)
937 4337 1200 4407 οὐρανοὺς
1232 4379 1244 4390 .
1284 4379 1294 4390 .
1326 4378 1339 4391 .
1374 4339 1796 4409 ἐπιχορηγήσειν
1833 4335 2006 4407 (1706

422 4431 566 4497 -γεῖν
588 4430 628 4498 )’
670 4428 777 4482 τῶν
809 4429 864 4481 δέ
895 4429 1083 4501 δήμων
1111 4431 1304 4498 ἐπευφ.
1331 4430 1492 4483 αὑτὸν
1521 4431 1537 4497 (
1563 4428 1700 4483 1706
1733 4428 1866 4498 om.)
1898 4468 1911 4481 .
1941 4468 1954 4481 .
1987 4469 2000 4481 .

427 4521 667 4573 ἱκέτευον
705 4520 864 4589 (1706
889 4521 1104 4591 -τευσα)
1139 4562 1152 4574 .
1191 4561 1205 4574 .
1241 4561 1254 4573 .
1290 4521 1625 4594 καταρῤάξαι
1653 4520 1814 4592 (1706
1841 4537 2004 4573 κατα-

427 4611 574 4683 ράξ.)
601 4611 689 4665 τὸν
709 4612 989 4683 λυμαιῶνα
1015 4613 1174 4684 (1706
1193 4613 1463 4684 λυμεῶνα)
1490 4614 1584 4667 καὶ
1606 4614 1704 4684 τὴν
1726 4613 1878 4683 ἰσχὺν
1898 4612 2003 4665 τῶν

423 4703 692 4776 δαιμόνων
727 4706 1039 4777 περικόψαι.
1071 4709 1179 4761 Καὶ
1209 4707 1375 4777 (1706
1401 4708 1536 4772 om.)
1570 4707 1820 4769 ἀτενίσας
1845 4706 2004 4776 (1706

425 4795 550 4849 add.
582 4792 696 4868 οῦν)
723 4796 800 4868 τῷ
828 4798 954 4868 Σίμ.
990 4795 1163 4852 εἵπονο
1197 4799 1260 4852 Εἰ
1291 4841 1304 4853 .
1339 4841 1350 4852 .
1389 4839 1402 4852 .
1434 4798 1570 4868 μετά
1599 4798 1732 4869 ἡχου
1767 4838 1778 4850 .
1815 4838 1828 4851 .
1864 4839 1876 4852 .
1911 4799 2005 4852 καὶ

426 4888 586 4957 (1706
630 4888 765 4956 om.)
793 4888 885 4942 τοῦ
911 4889 1068 4960 ὄχλου
1113 4933 1124 4943 .
1160 4931 1172 4944 .
1215 4931 1228 4944 .
1268 4891 1328 4944 ὃν
1363 4889 1521 4961 (1706
1548 4889 1671 4943 add.
1709 4892 1736 4944 6
1763 4891 2002 4960 Πέτρος)

427 5022 441 5035 .
480 5021 492 5034 .
533 5021 547 5035 .
583 4979 795 5052 ἀπέσϐη
828 4981 990 5052 (1706
1025 4980 1357 5054 ἀπεσϐέσθη)
1399 5024 1411 5036 .
1449 5025 1461 5036 .
1502 5025 1514 5036 .
1549 4982 1761 5054 ἡμέραν
1790 4983 2005 5052 ἐκείνην

422 5073 516 5126 τοῦ
550 5113 563 5126 .
592 5113 606 5126 .
637 5113 651 5127 .
681 5073 730 5126 οἱ
771 5073 1052 5143 Ῥωμαῖοι.

494 5165 628 5232 Quae
662 5165 774 5234 jam
807 5177 1112 5236 sequuntur
1145 5167 1197 5220 in
1230 5166 1491 5221 Chronico
1522 5165 1739 5236 Georgii
1773 5163 2003 5217 "amar-

426 5258 546 5320 toli,
587 5271 650 5313 ea
695 5257 836 5328 apud
878 5257 1191 5312 Cedrennm
1251 5274 1361 5312 non
1413 5258 1686 5328 leguntur.
1728 5257 2003 5312 Σάϐϐα-εον

425 5350 534 5421 γὰρ
563 5345 630 5420 ἦν
659 5351 718 5402 ἐν
744 5343 788 5418 ᾧ
819 5351 913 5403 καὶ
946 5350 1222 5422 προσευχὴ
1253 5351 1346 5404 καὶ
1373 5350 1594 5422 νηστεία
1622 5353 1733 5413 τοῖς
1772 5352 1999 5414 πιστοῖς.

431 5443 586 5505 Ἔθος
616 5443 724 5514 γάρ
755 5439 822 5514 ἦν
870 5443 928 5497 τὸ
971 5443 1362 5514 προσεύχεσθαι
1399 5442 1494 5514 τὴν
1542 5443 1833 5514 ἐκκλησίαν
1863 5445 2002 5515 ύπέρ

499 5613 614 5687 (7‘2)
771 5617 996 5674 Constit.
1024 5629 1192 5687 apasl.
1220 5619 1310 5685 Vl,
1338 5622 1387 5684 7,
1423 5624 1475 5686 8,
1507 5624 1558 5677 9.

498 5683 608 5756 (73)
642 5684 911 5744 Nonnulla
960 5683 1080 5761 quia
1113 5692 1216 5748 huc
1264 5683 1512 5762 spernant
1555 5692 1674 5751 Vide
1715 5695 1854 5767 apud
1901 5697 2003 5752 So-

2125 480 2246 540 ταῖς
2262 477 2499 549 Πράξεσι
2526 476 2635 530 τῶν
2663 476 2975 529 ἀποστόλων
2995 473 3302 545 γέγραπται
3324 475 3406 526 ὅτι
3431 473 3707 544 προσευχὴ

2123 564 2192 639 ἦν
2216 568 2437 639 ἐκτενὴς
2456 567 2721 638 γενομένη
2749 564 2910 635 (1706
2931 563 3134 634 γινομ.)
3157 562 3263 615 ὑπὸ
3287 561 3386 631 τῆς
3409 559 3707 630 ἐκκλησίας

2125 661 2264 732 ὑπὲρ
2286 662 2377 714 τοῦ
2408 661 2636 731 Πέτρου.
2655 661 2744 723 Ὡς
2766 655 2858 712 οῦν
2887 660 2945 711 ἐν
2969 655 3127 726 (-1706
3141 654 3467 726 οιη.)ἐκείνῃ
3484 656 3552 724 τῇ
3579 651 3708 724 ἡμέ-

2128 770 2196 824 ρα
2236 752 2331 806 τοῦ
2386 753 2655 807 σαϐϐάτου
2691 751 2988 822 γενομένης
3030 749 3130 820 τῆς
3162 746 3400 820 Χριστοῦ
3430 747 3585 815 νίκης
3613 746 3706 799 καὶ

2123 847 2220 916 τῆς
2275 844 2536 908 πτώσεως
2585 845 2680 899 τοῦ
2731 843 3076 916 ἀντιχρίστου
3107 840 3316 912 (codex
3345 839 3517 894 Coisl.
3554 839 3707 892 ἀντι-

2124 938 2405 1010 χρήστου)
2458 938 2720 1008 Σίμωνος,
2767 933 3111 1006 ἐπιφανερῶς
3166 931 3284 998 (ita
3317 930 3490 995 1706;
3536 929 3704 988 Coisl.

2123 1030 2286 1101 -ροῖς)
2323 1028 2554 1083 σάϐϐασι
2589 1027 2650 1082 τὺ
2682 1027 3024 1100 μνημόσυνον
3057 1023 3402 1087 ἐκτελοῦντες
3446 1023 3707 1093 Ῥωμαῖοι

2122 1120 2438 1192 νηστεύουσι
2484 1121 2578 1175 καὶ
2617 1119 2864 1187 συνάξεις
2896 1119 3128 1190 φαιδρὰς
3153 1116 3386 1182 ποιοῦσι,
3421 1115 3578 1188 μέχρι
3607 1115 3709 1171 νῦν

2123 1213 2224 1282 τὴν
2255 1213 2552 1284 παράδοσιν
2579 1211 2793 1282 ἐκείνην
2821 1211 3197 1281 φυλάττοντες.
3233 1209 3346 1263 Καὶ
3375 1208 3483 1281 γὰρ
3501 1208 3590 1262 καὶ
3612 1208 3707 1262 άλ-

2121 1302 2209 1357 λαι
2223 1305 2366 1368 τινές
2376 1303 2663 1375 ἐκκλησίαι
2685 1304 2918 1376 διάφορα
2939 1301 3450 1374 παραφυλάττουσιν
3472 1300 3582 1371 ἔθη,
3602 1317 3704 1356 κα-

2122 1395 2231 1460 θὼς
2273 1398 2322 1450 οἱ
2367 1396 2464 1461 τὰς
2507 1394 2963 1468 ἐκκλησιαστικὰς
2993 1393 3230 1466 ἱστορίας
3262 1389 3701 1465 [γραψάμενοιη

2122 1488 2516 1559 ἀνεγράψαντο.
2550 1486 2706 1560 Παρὰ
2735 1486 2970 1549 Σκύθαις
3004 1485 3102 1557 μὲν
3137 1483 3270 1557 γάρ,
3302 1484 3490 1556 φησὶν,
3518 1485 3575 1537 αἱ
3606 1484 3704 1536 τώ-

2105 1580 2232 1644 λεις
2278 1581 2449 1634 πᾶσαι
2480 1579 2776 1633 ἐπίσκοπον
2804 1577 3018 1648 ἔχουσιν
3062 1577 3160 1632 ἐνα
3207 1575 3302 1629 καὶ
3334 1576 3511 1646 μόνον.
3544 1573 3702 1646 Παρὰ

1823 1720 1836 1731 .
1872 1719 1886 1731 .
1933 1677 2018 1730 ἵνα
2053 1735 2088 1743 __
2118 1671 2176 1724 δέ
2203 1672 2473 1743 Κυπρίοις
2499 1671 2594 1726 καὶ
2626 1671 2862 1743 Ἄραψιν
2909 1670 3003 1724 καὶ
3048 1671 3108 1722 ἐν
3159 1671 3281 1732 ταῖς
3317 1667 3529 1740 κώμαις
3565 1668 3704 1722 εἰσὶν

2121 1764 2650 1835 ἐπίσκοποι.Ὥσπερ
2673 1760 2767 1817 οὖν
2791 1761 2885 1816 καὶ
2907 1760 3060 1834 παρά
3079 1764 3192 1826 τοῖς
3217 1762 3276 1814 ἐν
3295 1760 3504 1831 Φρυγίᾳ
3526 1761 3705 1814 Ναυα-

2121 1857 2318 1917 τιανοίς
2349 1855 2441 1907 καὶ
2470 1855 2864 1916 Μοντανισταῖς
2887 1853 2981 1906 καὶ
3010 1852 3164 1923 παρά
3189 1852 3288 1924 μὲν
3314 1855 3381 1923 τῇ
3407 1850 3706 1922 Ἐκκλησία

2131 1945 2348 2016 Ῥώμης
2374 1945 2513 1998 ἐπτά
2549 1946 2706 2016 μόνον
2733 1945 2969 2001 διάκονοι
2992 1947 3263 2015 γίνονται·
3295 1945 3448 2018 παρά
3483 1946 3539 1998 δέ
3568 1947 3705 1998 πᾶσι

2118 2042 2228 2102 τοῖς
2265 2039 2442 2101 ἄλλοις
2477 2039 2764 2110 ἀδιάφορος
2792 2042 2821 2093 6
2844 2040 3048 2094 τούτων
3076 2039 3304 2112 ἀριθμός
3333 2040 3469 2092 ἐστι.
3501 2037 3610 2090 Καὶ
3643 2039 3705 2089 ἐν

2129 2129 2315 2204 Ῥώμῃ
2362 2131 2522 2186 πάλιν
2555 2129 2701 2197 ἅπαξ
2735 2134 2832 2204 μὲν
2861 2133 3022 2196 (1706
3047 2131 3180 2202 om.)
3209 2131 3302 2185 τοῦ
3333 2129 3586 2184 ἐνιαυτοῦ
3609 2129 3702 2182 λέ-

2115 2241 2270 2291 γεται
2313 2225 2372 2278 τὸ
2403 2225 2713 2296 ἀλληλούϊα,
2743 2229 2801 2280 ἐν
2827 2229 2894 2298 τῇ
2928 2225 3118 2299 πρώτῃ
3143 2224 3239 2278 τοῦ
3279 2224 3465 2294 πάσχα
3495 2223 3701 2294 ἡμέρᾳ,

2118 2316 2210 2368 καὶ
2247 2316 2420 2380 οὐδεὶς
2450 2319 2535 2370 ἐπ’
2567 2319 2863 2389 ἐκκλησίας
2890 2318 3128 2372 διδάσκει
3163 2318 3318 2382 ποτὲ,
3352 2317 3462 2370 οὐδ’
3485 2314 3648 2378 αῦτὺς
3669 2316 3704 2368 6

2114 2408 2430 2473 ἐπίσκοπος.
2450 2409 2536 2463 Ἐν
2588 2410 2645 2465 δὲ
2687 2410 3061 2482 Ἀλεξανδρεία
3103 2410 3341 2465 διδάσκει
3387 2410 3485 2480 μὲν
3516 2409 3546 2462 6
3574 2407 3700 2462 ἐπί-

2116 2516 2316 2561 σκοπος
2342 2499 2429 2553 ἐπ’
2459 2500 2770 2571 ἐκκλησίας,
2811 2501 2918 2555 τῶν
2964 2501 3021 2555 δέ
3050 2500 3397 2570 Εὑαγγελίων
3426 2500 3701 2568 ἀναγινω-

2115 2588 2392 2659 σκομένων
2416 2591 2516 2644 οὐκ
2547 2590 2827 2646 ἀνίσταται
2855 2590 2952 2646 τοῦ
2980 2591 3192 2662 θρόνου.
3226 2592 3335 2646 Καὶ
3365 2591 3465 2662 τὴν
3502 2607 3702 2645 τεσσαρ-

2117 2682 2384 2755 ρακοστὴν
2411 2683 2518 2738 τῶν
2549 2685 2811 2756 νηστειῶν
2837 2688 2886 2740 οί
2921 2688 3018 2758 μὲν
3052 2686 3352 2756 ἑϐδομάδας
3387 2685 3442 2751 ς’
3468 2683 3700 2757 νηστεύ-

2112 2789 2279 2837 ουσιν,
2307 2774 2383 2838 ὡς
2410 2777 2458 2828 οἱ
2489 2775 2657 2846 (1706
2687 2777 2824 2849 om.)
2856 2779 2914 2830 ἐν
2939 2778 3016 2850 τῷ
3059 2777 3337 2850 Ἰλλυρικῷ
3381 2778 3473 2831 καὶ
3514 2775 3696 2848 Λιϐύῃ

2112 2865 2205 2917 καὶ
2231 2864 2492 2936 Αἰγύπτῳ
2519 2867 2614 2920 καὶ
2641 2869 2793 2941 πάσῃ
2832 2872 2898 2941 τῇ
2926 2870 3074 2924 δύσει
3106 2873 3201 2925 καὶ
3228 2868 3587 2940 Παλαιστίνῃ·
3632 2870 3694 2921 ἐν

2109 2954 2166 3008 δέ
2201 2954 2361 3025 (1706
2391 2956 2518 3011 add.
2541 2960 2629 3028 τῇ)
2661 2961 3226 3032 Κωνσταντινουπόλει
3256 2961 3350 3015 καὶ
3378 2959 3538 3032 πέριξ
3563 2959 3693 3031 ἄχρι

2111 3044 2364 3116 Φοινίκης
2395 3046 2694 3119 ἑϐδομάδας
2739 3049 2783 3114 ζ’
2826 3052 3204 3123 νηστεύουσινο
3249 3052 3396 3108 ἄλλοι
3446 3053 3503 3106 δέ
3544 3053 3697 3123 τρεῖς

2119 3136 2283 3205 μόνας
2313 3137 2529 3210 ἡμέρας
2563 3141 2620 3194 ἐν
2646 3142 2766 3204 ταῖς
2791 3141 2851 3208 ἐξ
2876 3143 2909 3213 ἢ
2943 3143 3086 3197 ἐπτά
3111 3144 3386 3216 σποράδην
3412 3143 3698 3214 νηστεύου-

2117 3242 2220 3290 σιν,
2253 3226 2429 3300 ἐτεροι
2455 3228 2512 3282 δέ
2540 3233 2690 3302 τρεῖς
2717 3232 3016 3305 ἑϐδομάδας
3044 3236 3241 3306 ἐφεξῆς
3264 3237 3371 3309 πρὸ
3389 3235 3483 3290 τοῦ
3510 3236 3697 3306 πάσχα

2117 3317 2509 3373 συνάπτουσιν·
2556 3322 2736 3392 (1706
2784 3324 2938 3379 addit
2972 3327 3120 3382 ἄλλοι
3166 3329 3222 3383 δέ
3270 3329 3486 3392 δύο,ώς
3536 3331 3584 3381 οἱ
3626 3328 3695 3383 τὰ

2113 3409 2393 3464 Μοντανοῦ
2411 3412 2754 3486 φρονοῦντες)
2781 3416 2839 3470 ἐν
2868 3435 2978 3472 τισι
3003 3419 3059 3472 δέ
3076 3421 3264 3474 πόλεσι
3291 3421 3390 3491 τῆς
3414 3421 3692 3489 Αἰγύπτου

2114 3501 2250 3571 πρὸς
2299 3503 2538 3576 ἑσπέραν
2587 3507 2946 3580 ἠριστηκότες
3004 3511 3112 3564 τῶν
3162 3512 3475 3584 μυστηρίων
3529 3529 3695 3583 μετα-

2113 3592 2466 3663 λαμϐάνουσι.
2496 3597 2605 3649 Καὶ
2649 3599 2820 3653 ταῦτα
2860 3603 2958 3672 μὲν
2999 3606 3030 3657 6
3077 3603 3374 3675 Σωκράτης
3408 3605 3523 3675 (75)
3551 3605 3696 3659 ἱστό-

2117 3703 2279 3756 ρησεν
2327 3686 2402 3752 ὡς
2455 3690 2601 3754 εἰκὸς
2649 3691 2770 3746 τότε
2824 3695 3198 3767 φυλαττόμενα
3245 3697 3452 3752 πάνταο
3502 3697 3598 3750 νῦν
3632 3681 3695 3752 ’δὲ

2113 3775 2336 3850 πλείστη
2383 3781 2476 3833 καὶ
2517 3781 2656 3836 κατὰ
2693 3785 2860 3855 μέρος
2891 3786 3157 3859 ἐναλλαγὴ
3180 3789 3407 3858 γέγονεν
3439 3791 3496 3842 ἐν
3527 3790 3694 3860 (1706

2112 3869 2246 3938 om.)
2275 3874 2384 3934 τοῖς
2414 3874 2532 3944 είρη
2542 3874 2724 3945 μένοις
2753 3877 2912 3946 (1706
2940 3880 3075 3951 om.)
3103 3880 3299 3934 ἔθεσιν.
3594 3864 3619 3872 ⁷

2182 3958 2285 4016 Ista
2307 3965 2587 4034 excipiunt
2610 3981 2672 4021 ea
2700 3983 2821 4037 qua:
2854 3970 2996 4040 apud
3019 3971 3330 4041 Cedrenum
3356 3974 3540 4029 statim
3567 3984 3695 4044 post

2109 4054 2379 4126 ἐπίσημον
2437 4057 2632 4127 ἄγουσι
2669 4063 2926 4133 Ῥωμαῖοι
2965 4067 3139 4135 posita
3204 4077 3354 4134 sunt,
3383 4070 3448 4123 ad
3516 4071 3694 4124 histo-

2111 4145 2246 4198 riam
2308 4147 2376 4203 de
2442 4149 2665 4208 Simone
2721 4153 2876 4225 Mago
2923 4166 2977 4211 et
3026 4157 3189 4214 Petro
3244 4161 3591 4231 pertinentia.
3631 4163 3695 4214 ὐ

2113 4235 2292 4304 μέντοι
2346 4240 2538 4310 Νέρων
2597 4242 2836 4307 ἀκούσας
2890 4247 2973 4299 ὃτι
3023 4250 3349 4318 πεφόνευται
3372 4251 3550 4321 Σίμων
3583 4253 3695 4306 ὑπὸ

2111 4327 2338 4399 Πέτρου,
2367 4332 2459 4384 καὶ
2485 4333 2889 4404 ἀγανακτήσας,
2940 4339 3225 4394 ἐκέλευσεν
3249 4343 3411 4397 αὑτὸν
3445 4361 3695 4415 σταυρω-

2039 4405 2082 4459 Ῑ)
2111 4416 2288 4488 θῆναι.
2335 4423 2393 4474 '0
2453 4424 2510 4477 δέ
2573 4427 2799 4498 Πέτρος,
2861 4431 3247 4500 παρακαλέσας
3298 4435 3389 4487 τὸν
3449 4405 3694 4508 ἔπαρχον

2111 4510 2198 4564 ἵνα
2237 4513 2310 4584 μὴ
2351 4514 2530 4586 ὄρθιος
2563 4520 2848 4594 σταυρωθῇ
2879 4523 2956 4586 ὼς
3003 4525 3032 4576 ὁ
3083 4525 3304 4597 Κύριος,
3334 4527 3476 4582 κατὰ
3514 4547 3694 4598 κεφα-

2111 4601 2210 4674 λῆς
2239 4607 2572 4680 ἐσταυρώθη,
2603 4612 2784 4677 καθὼς
2815 4614 3045 4683 ἠξίωσεν
3098 4617 3164 4670 ἐκ
3227 4617 3426 4690 πολλῆς
3470 4637 3694 4692 μετριο-

2113 4697 2401 4768 φροσύνης.
2433 4701 2588 4755 Μετὰ
2631 4703 2690 4756 δέ
2729 4721 2792 4773 γε
2825 4704 2922 4777 τὴν
2955 4707 3160 4780 Πέτρου
3200 4711 3452 4784 τελευτὴν
3503 4714 3562 4765 ἐν
3606 4714 3693 4784 τῷ

2110 4789 2344 4862 δευτέρῳ
2377 4792 2485 4846 έτει
2516 4794 2676 4865 (1706
2706 4812 2816 4852 om.
2847 4803 2904 4855 ἐν
2929 4820 2980 4856 τ.
3004 4803 3052 4856 6.
3085 4803 3154 4875 ἔ.)
3183 4803 3365 4868 καθώς
3391 4823 3552 4876 φησιν
3581 4807 3692 4861 Εὑ-

2113 4883 2307 4948 σέϐιος,
2352 4886 2558 4953 Παῦλος
2602 4891 2630 4944 6
2661 4891 2956 4958 ἀπόστολος
2988 4896 3130 4949 κατὰ
3175 4897 3275 4967 μὲν
3320 4899 3420 4969 τὴν
3461 4899 3691 4972 πρώτην

2111 4977 2406 5047 ἀπολογίαν
2431 4981 2600 5036 ἐλθὼν
2627 4985 2734 5038 ἀπὸ
2759 4986 2858 5057 τῆς
2899 4987 3152 5053 Ἰουδαίας
3175 4989 3396 5061 δέσμιος
3428 4993 3522 5047 καὶ
3547 4995 3688 5049 ἀπο-

2110 5069 2478 5142 λογησάμενος
2502 5074 2714 5148 Νέρωνι
2744 5079 2836 5131 ἐπὶ
2867 5079 2967 5150 τὴν
2997 5080 3272 5136 διακονίαν
3286 5082 3380 5136 τοῦ
3399 5085 3690 5160 κηρύγμα-

2109 5180 2199 5226 τος
2240 5164 2440 5236 ἐστάλη
2484 5166 2660 5234 (1706
2693 5169 3028 5244 ἀπεστάλη).
3066 5173 3374 5228 Κάντεῦθεν
3401 5175 3478 5239 ὡς
3510 5176 3690 5231 ἔοικεν

2109 5255 2207 5319 τὰς
2237 5255 2344 5308 τῶν
2379 5258 2690 5313 ἀτωστόλων
2718 5261 2953 5334 Πράξεις
3005 5265 3089 5317 ἐπ’
3116 5267 3321 5318 ἐκεῖνον
3364 5266 3454 5320 τὸν
3497 5269 3688 5339 χρόνον

2111 5349 2320 5411 Λουκᾶς
2351 5349 2706 5420 περιέγραψε,
2743 5353 2933 5424 μέχρις
2974 5355 3060 5408 ὅτε
3111 5357 3288 5425 (1706
3313 5358 3470 5428 ὅτου)
3520 5358 3687 5427 συνῆν

2110 5442 2184 5512 τῷ
2216 5439 2438 5511 Παύλῳ·
2473 5443 2591 5496 καθ’
2617 5443 2675 5497 ὃν
2705 5445 2759 5498 δὲ
2797 5446 2985 5519 καιρὸν
3015 5449 3414 5522 ἐμαρτύρησεν,
3441 5453 3502 5504 οὺ
3546 5468 3686 5520 συμ-

2110 5632 2243 5678 crat.
2273 5623 2413 5677 Hist.
2444 5626 2566 5679 εισι.
2593 5643 2645 5686 v.
2682 5625 2768 5679 22.
2801 5623 2907 5679 Sed
2943 5642 3050 5679 non
3079 5642 3142 5680 ex
3168 5644 3276 5684 uno
3308 5635 3457 5683 certo
3494 5626 3688 5683 Socra-

2109 5697 2180 5750 tis
2211 5695 2332 5751 loco
2360 5695 2474 5750 haec
2504 5696 2686 5751 omnia
2710 5697 2982 5767 exscripta
3008 5707 3154 5751 sunt.
