3992 6148
335 246 484 314 1297

1795 248 2111 303 ADDENDA
2125 291 2137 304 .

3449 258 3591 314 i293

328 361 513 432 παρῆν
559 359 727 432 αὑτῷ,
761 360 853 414 τοῦ
883 359 1181 414 ἀποστόλου
1228 360 1414 431 σαφῶς
1444 363 1538 418 καὶ
1568 361 1723 416 τοῦτο
1753 361 1902 434 (1706

2015 366 2144 420 λαοῦ
2199 367 2292 421 καὶ
2341 368 2780 440 δικαιοσύνη.”ος
2813 369 2928 438 (ab
2974 368 3079 424 hac
3126 370 3254 426 inite
3303 386 3433 428 vove
3463 375 3589 428 cod.

329 467 386 504 κ.
418 468 469 504 τ.
505 451 661 522 σαφ.)
691 450 936 519 λέγοντος
965 452 1046 504 ὄτι
1075 449 1248 514 οὐδείς
1283 467 1371 522 μοι
1402 451 1462 504 ἐν
1487 455 1554 524 τῇ
1583 449 1775 526 πρώτῃ
1804 470 1908 522 μου

329 541 594 614 ἀπολογίᾳ
645 541 1106 613 συμπαρεγένετο,
1140 540 1277 595 άλλά
1321 541 1521 606 πάντες
1567 561 1633 614 με
1681 543 1909 612 ἐγκατέ-

329 635 515 689 λειπον
547 634 705 705 (1706
730 633 912 686 -λιπον
931 632 948 701 )
969 649 982 661 ·
1016 630 1090 702 μὴ
1117 631 1298 695 αὑτοῖς
1325 631 1734 703 λογισθείη.Ἤν
1763 631 1909 701 (cor-

331 724 617 794 rigendum
635 723 868 791 videtur,
885 732 942 777 ut
957 722 1100 794 apud
1115 721 1421 776 Cedrenum
1442 721 1649 777 editum
1665 729 1772 786 est,
1790 725 1908 793 τήν,

330 824 427 868 aut
459 816 564 871 ιτιίο
604 814 765 869 modo
814 815 968 869 locus
1013 812 1292 870 sanandus
1319 812 1443 886 est)
1482 812 1546 885 δὴ
1578 813 1715 886 πρὸς
1747 813 1913 884 Τιμό-

330 905 452 960 θεον
489 906 745 979 δευτέραν
776 906 1062 978 ἐπιστολὴν
1098 905 1317 979 δεσμοῖς
1355 905 1715 976 κατεχόμενος
1743 904 1910 976 ἔγρα-

329 999 450 1069 ψεν,
485 1000 618 1072 ὁμοῦ
652 998 931 1070 σημαίνων
958 999 1059 1070 τήν
1096 1015 1157 1052 τε
1198 997 1468 1070 προτέραν
1503 997 1651 1069 αὑτῷ
1683 995 1912 1067 γενομέ-

328 1106 428 1159 νην
480 1087 778 1157 ἀπολογίαν
823 1087 962 1160 πρὸς
992 1087 1241 1160 Νέρωνα,
1275 1087 1334 1141 ὃν
1381 1088 1473 1141 καὶ
1522 1086 1708 1140 λέοντα
1737 1086 1826 1140 διά
1849 1085 1913 1141 τὸ

328 1178 694 1250 ἀπάνθρωπον
719 1178 814 1232 καὶ
837 1177 1102 1250 θηριῶδες
1132 1176 1226 1230 τοῦ
1253 1175 1458 1248 τρόπου
1489 1176 1668 1242 καλῶς
1695 1176 1912 1250 ὠνόμα-

328 1286 391 1323 σε
411 1287 424 1302 ’
477 1270 572 1322 καὶ
616 1267 714 1339 τὴν
750 1267 902 1340 παρά
937 1267 1104 1332 πόδας
1133 1267 1406 1322 τελείωσιν
1439 1267 1635 1336 ἐπάγει
1664 1266 1908 1337 φάσκων·

341 1359 646 1433 Ἐῤῥύσθην
700 1361 764 1412 ἐκ
804 1358 1068 1428 στόματος
1099 1357 1332 1422 λέοντος.
1352 1356 1510 1412 Ἀλλά
1561 1356 1655 1410 καὶ
1689 1356 1911 1430 ῥύσεταί

331 1467 402 1522 με
437 1449 640 1522 Κύριος
668 1450 775 1502 ἀπὸ
813 1449 1013 1512 παντὸς
1039 1447 1200 1520 ἔργου
1233 1444 1492 1519 πονηροῦ,
1527 1445 1622 1500 κα).
1635 1445 1798 1501 σώσει
1830 1449 1912 1514 εἰς

325 1540 428 1611 τὴν
456 1530 730 1610 βασίλείαν
763 1537 925 1592 αὑτοῦ
958 1539 1058 1609 τὴν
1087 1539 1429 1610 ἐπουράνιον,
1465 1537 1823 1609 ὑπεμφαίνων
1850 1537 1910 1593 τὸ

329 1630 643 1700 παραυτίκα
687 1630 1004 1703 μαρτύριον,
1037 1629 1066 1683 ὀ
1104 1630 1197 1683 καὶ
1226 1628 1555 1700 σαφέστερον
1586 1630 1643 1682 ἐν
1671 1631 1736 1700 τῇ
1768 1629 1905 1702 αὐτῇ

2012 457 2148 512 1706
2175 459 2357 512 omnia
2387 460 2588 514 omittit
2629 477 2804 530 usque
2834 461 2998 517 verba
3046 461 3170 515 ἐπεὶ
3197 459 3289 518 οὖν
3315 464 3595 536 αἰδέσιμος

2012 550 2105 603 καὶ
2143 551 2456 623 σεϐάσμιος)
2475 569 2536 620 γε
2565 553 2814 624 μεγάλων
2843 554 2935 609 καὶ
2960 554 3119 608 θείων
3147 555 3390 628 όράσεων
3413 557 3596 624 ἀξιούοο

2013 660 2168 714 μενος
2200 642 2442 714 ἑώρακέν
2467 661 2597 696 ποτε
2630 646 2920 716 προφανῶς
2952 647 3042 700 τὸν
3073 646 3315 702 διάϐολον
3343 649 3444 720 τὴν
3471 653 3592 705 κατ’

2009 732 2173 786 αὑτοῦ
2199 732 2566 806 γενησομένην
2598 733 2794 805 μανίαν
2835 737 2930 790 καὶ
2966 737 3279 806 μιαιφονίαν
3309 737 3419 792 τῶν
3465 740 3593 794 Ἰου-

2009 825 2173 881 δαίων
2199 825 2522 880 ἀπειλοῦντα
2554 825 2698 898 (cod.
2729 826 2886 900 -λῶν)
2914 829 2970 880 ἐν
3000 828 3219 900 ἐξαισίῳ
3248 830 3342 884 καὶ
3369 831 3593 904 φοϐερο-

2010 919 2155 988 τάτῳ
2198 917 2456 989 σχήματι,
2489 920 2619 991 περὶ
2649 913 2710 973 οῦ
2733 936 2898 991 φησιν
2942 919 3080 992 πρὸς
3128 921 3219 976 τὸν
3259 921 3379 976 Ἰὼϐ
3411 923 3526 995 (74)
3560 926 3593 979 ό

2009 1009 2160 1074 Θεός·
2201 1027 2220 1061 ι
2245 1009 2373 1064 ’1δοὺ
2393 1009 2459 1082 δὴ
2488 1013 2522 1083 ἠ
2567 1012 2718 1083 ίσχὺς
2738 1010 2908 1066 αὑτοῦ
2938 1011 3026 1065 ἐπ’
3057 1011 3218 1082 ὀσφύϊ
3237 1031 3252 1045 ⁸
3283 1015 3316 1086 ὴ
3352 1015 3409 1069 δὲ
3433 1015 3592 1070 δύνα-

2012 1114 2106 1169 μις
2130 1096 2296 1154 αὑτοῦ
2340 1099 2430 1152 ἐπ’
2460 1098 2703 1169 ὀμφαλοῦ
2744 1101 3276 1176 γαστρός.Ἔστησεν
3305 1104 3471 1178 οὑράν
3513 1106 3591 1171 ὡς

2010 1185 2368 1262 κυπάρισσον,
2400 1189 2470 1245 τά
2495 1190 2552 1244 δὲ
2589 1190 2756 1262 νεῦρα
2788 1192 3200 1262 συμπέπλεκται
3223 1212 3237 1225 ·
3275 1197 3331 1248 αί
3360 1195 3591 1268 πλευραὶ

2009 1279 2174 1338 αὑτοῦ
2200 1281 2470 1353 χάλκειαι,
2501 1283 2536 1354 ἠ
2566 1282 2624 1336 δὲ
2657 1281 2817 1354 ραχὶς
2847 1282 3014 1337 αὐτοῦ
3047 1286 3592 1359 σιδηρόχυτος.Τοῦτό

2010 1373 2158 1426 ἐστιν
2182 1373 2326 1447 ἀρχὴ
2360 1374 2678 1446 πλάσματος
2701 1374 2930 1446 Κυρίου,
2963 1378 3327 1449 πεποιημένον
3358 1379 3592 1449 ἐγκατα-

2011 1463 2301 1529 παίζεσθαι
2334 1465 2439 1520 ὑπὸ
2462 1464 2570 1520 τῶν
2592 1465 2843 1536 ἀγγέλων
2876 1468 3063 1523 αὑτοῦ.
3090 1468 3358 1523 Πέποιθεν
3405 1471 3464 1525 δὲ
3508 1471 3591 1525 ότι

2010 1555 2371 1629 προσκρούσει
2402 1557 2675 1630 Ἰορδάνης
2703 1559 2783 1624 είς
2811 1558 2872 1614 τὸ
2899 1559 3072 1632 στόμα
3105 1560 3293 1626 αὑτοῦ,
3338 1559 3396 1616 ἐν
3425 1561 3481 1616 δὲ
3511 1561 3592 1633 τῷ

2010 1646 2272 1719 ὀφθαλμῷ
2300 1649 2467 1704 αὑτοῦ
2501 1649 2708 1716 δέξεται
2739 1651 2923 1707 αὑτόν.
2953 1652 3070 1706 Πᾶν
3115 1653 3172 1707 δὲ
3219 1653 3429 1708 πλωτὸν
3461 1671 3588 1708 συν-

332 1720 728 1815 προσᾳγορεᾲει
748 1718 1322 1815 γραφῇςλέγῳνῆεγευ
1342 1719 1450 1815 γὰρ
1467 1720 1568 1815 ἥβη
1592 1719 1908 1815 σπένδομαι,
1942 1731 1984 1787 B
2011 1735 2163 1790 ελθὸν
2192 1718 2253 1792 οὐ
2280 1739 2356 1811 μὴ
2381 1741 2645 1810 ἐνέγκωσι
2679 1741 2886 1815 βύρσαν
2923 1742 3050 1814 μίαν
3081 1743 3250 1815 οὐρᾶς
3288 1743 3474 1809 αὑτοῦ,
3498 1745 3590 1799 και

328 1812 425 1864 καὶ
472 1812 500 1864 ὀ
532 1813 720 1884 καιρὸς
750 1812 848 1883 τῆς
893 1812 1032 1883 ἐμῆς
1077 1811 1384 1875 ἀναλύσεως
1416 1810 1911 1884 ἐφέστηκενρἈπο-

327 1903 698 1976 λογησάμενος
721 1903 901 1958 τοίνυν
923 1903 1020 1976 τὴν
1043 1903 1262 1976 πρώτην
1288 1903 1606 1974 ἀπολογίαν,
1637 1905 1732 1958 κα).
1752 1900 1908 1971 αὖθις

324 1997 422 2050 ἐπὶ
452 1998 552 2069 τὴν
577 1997 671 2052 τοῦ
705 1993 1055 2070 κηρύγμᾶτος
1090 1997 1362 2051 διακονίαν
1398 1997 1761 2068 στειλάμενος,
1787 1991 1906 2051 εἶτα

326 2089 488 2142 πάλιν
537 2089 598 2143 τὸ
647 2089 898 2161 δεύτερον
947 2087 1141 2152 ἐπιϐὰς
1194 2090 1260 2159 τῇ
1301 2087 1488 2161 Ῥώμη
1529 2088 1768 2160 δέσμιος,
1811 2087 1908 2142 καὶ

316 2179 580 2243 ὡσαύτως
599 2179 809 2250 Νέρωνι
838 2178 1181 2250 παραδοθεὶς,
1197 2177 1289 2232 τὸν
1309 2178 1395 2232 διά
1419 2177 1602 2247 ξίφους
1634 2178 1729 2233 τοῦ
1762 2198 1904 2252 μαρ-

318 2272 507 2342 τυρίου
539 2270 801 2339 στέφανον
826 2269 1141 2340 ἀνεδήσατο,
1181 2269 1310 2340 μηνὶ
1332 2269 1532 2340 Ἰουνίῳ
1555 2269 1656 2324 κθ’.
1671 2271 1808 2325 Καθ’
1838 2271 1905 2344 ἢν

322 2360 537 2434 ἡμέραν
563 2360 654 2412 καὶ
681 2359 888 2432 Πέτρος
913 2357 1252 2432 ἐσταυρώθη,
1281 2358 1532 2432 καθάπερ
1565 2360 1657 2414 καὶ
1677 2361 1904 2432 Μάρκος

326 2454 420 2506 καὶ
451 2454 660 2516 Λουκᾶς
684 2454 734 2505 οἱ
763 2451 1170 2521 εύαγγελισταὶ,
1199 2452 1295 2507 καὶ
1311 2452 1566 2517 Ἰάκωϐος
1609 2455 1639 2508 ό
1679 2453 1904 2523 ἀδελφό-

321 2545 462 2608 Οεος.
481 2545 538 2598 Ὀ
569 2542 662 2600 οὖν
693 2545 905 2609 Λουκᾶς
937 2543 1030 2597 ἐπὶ
1061 2542 1247 2609 ἐλαίας
1278 2545 1628 2618 καρποφόρου
1653 2533 1902 2616 σταυρω⁴¹

321 2636 459 2701 θεὶς,
493 2635 567 2707 μὴ
589 2635 975 2708 εὑρισκομένου
1013 2633 1167 2700 ξύλου
1200 2633 1364 2707 ξηροῦ
1398 2635 1538 2709 πρὸς
1564 2634 1630 2691 τὸ
1651 2635 1902 2706 γενέσθαι

323 2729 556 2799 σταυρὸν
587 2729 644 2784 ὲν
674 2727 752 2800 τῷ
781 2727 950 2799 τόπῳ,
985 2723 1162 2781 λαϐών
1189 2736 1272 2792 τις
1293 2727 1355 2782 τὸ
1386 2727 1545 2800 σῶμα
1578 2728 1671 2783 καὶ
1698 2729 1900 2800 μεταξὺ

322 2821 532 2874 πολλῶν
567 2838 672 2894 μνη
681 2821 848 2893 μείων
881 2818 1058 2890 θάψας
1089 2818 1281 2890 ἄδηλον
1313 2821 1534 2894 ἐποίησε
1575 2820 1667 2876 τὸν
1709 2823 1898 2893 τάφον.

320 2913 442 2968 Τῶν
491 2913 549 2968 δὲ
604 2911 860 2986 μαθητῶν
907 2909 1317 2982 ἀναζητούντων
1364 2912 1661 2985 μετέπειτα
1693 2914 1789 2969 κα)¹
1824 2913 1898 2988 μὴ

318 3002 680 3074 εὑρισκόντων
707 3000 875 3056 αὑτοῦ
899 2999 991 3054 τὸν
1017 2998 1186 3068 τάφον
1209 2998 1298 3054 διὰ
1317 3001 1380 3055 τὸ
1409 3001 1611 3072 πλῆθος
1632 3001 1741 3056 τῶν
1767 3020 1901 3074 μνη-

323 3072 529 3163 μάτων,
564 3093 660 3146 καὶ
691 3089 1144 3163 προσευξαμένων
1167 3089 1344 3144 αὐτῶν
1377 3090 1567 3162 (Coisl.
1597 3072 1899 3165 προσευξά-
1923 3072 1966 3130 c

324 3181 495 3253 μενοι)
525 3184 591 3252 τῇ
624 3181 778 3234 νυκτὶ
805 3179 966 3249 (1706
999 3178 1125 3234 add.
1162 3178 1382 3252 ἐκείνῃ)
1416 3179 1705 3252 κουλούρια
1737 3181 1897 3252 (1706

319 3273 624 3345 κουλλούρ.)
671 3273 865 3346 βρέξας
911 3271 1089 3344 (1706
1121 3269 1382 3343 ἔϐρεξεν)
1423 3273 1453 3325 ὀ
1499 3271 1631 3335 Θεὸς
1679 3271 1898 3344 ίατρικά

318 3366 504 3419 ἐπάνω
530 3364 623 3420 τοῦ
647 3366 839 3435 τάφου,
868 3363 1109 3436 σύμϐολα
1131 3363 1231 3436 τῆς
1262 3364 1570 3436 ἐπιστήμης
1592 3363 1778 3427 αὑτοῦ,
1805 3365 1899 3436 δῆ-

316 3457 409 3509 λον
441 3455 662 3529 ἐποίησε
687 3457 776 3510 τὸν
805 3457 974 3528 τάφον
1008 3454 1167 3528 (1706
1195 3471 1296 3526 pro
1324 3454 1500 3526 δῆλον,
1539 3463 1673 3522 etc.,
1707 3456 1800 3510 καὶ
1833 3459 1898 3512 ἐκ

316 3546 508 3600 τούτου
555 3547 650 3602 τοῦ
700 3547 928 3620 σημείου
972 3540 1180 3618 γέγονε
1201 3547 1476 3620 γνώριμος
1517 3549 1547 3601 ὀ
1587 3549 1800 3619 τάφος)·
1833 3541 1895 3603 οῦ

314 3639 378 3693 τὸ
404 3639 653 3710 λείψανον
688 3640 1065 3706 Κωνστάντιος
1091 3640 1206 3706 υίὸς
1249 3640 1656 3696 Κωνσταντίνου
1701 3642 1898 3696 ἀνακο-

320 3732 486 3803 μίσας
538 3733 596 3785 ἐν
641 3733 1206 3788 Κωνσταντινουπόλει
1251 3733 1550 3805 κατέθηκεν
1583 3735 1640 3788 ἐν
1671 3733 1751 3806 τῷ
1781 3733 1895 3807 ναῷ

315 3825 424 3877 τῶν
455 3825 786 3890 ἀποστόλων,
820 3825 988 3898 ὅνπερ
1018 3824 1366 3898 ᾠκοδόμησεν
1410 3827 1440 3880 ὀ
1489 3825 1672 3898 πατὴρ
1728 3827 1890 3880 αὑτοῦ

320 3916 492 3988 μέγας
525 3915 934 3981 Κωνσταντίνος
966 3921 981 3976 (
1006 3916 1109 3971 hoc
1137 3915 1430 3987 accentu).
1475 3913 1728 3971 Incidunt
1775 3917 1892 3973 haec

313 4016 557 4062 curema
596 4007 650 4062 in
681 4007 768 4063 ed.
800 4007 1033 4063 Ccdreni
1076 4006 1252 4064 Paris.
1283 4023 1406 4079 pag.
1434 4007 1571 4073 212;
1607 4007 1661 4062 in
1695 4009 1893 4064 editio-

316 4101 403 4157 nis
429 4100 732 4156 Bonnensis
769 4117 891 4171 pag.
925 4100 1048 4157 575.
1075 4100 1206 4168 Quae
1236 4117 1365 4157 vero
1397 4103 1452 4156 in
1485 4102 1673 4156 codice
1700 4101 1764 4157 de
1791 4101 1892 4157 Ja-

313 4191 442 4246 cobo
477 4192 626 4262 justo
657 4201 981 4264 sequuntur,
1014 4209 1077 4249 ea
1105 4195 1388 4251 Cedrenus
1425 4195 1588 4264 paulo
1621 4203 1746 4250 ante
1782 4193 1804 4265 (
1813 4195 1887 4251 cf.

314 4281 402 4351 ed.
440 4281 614 4339 Paris.
653 4300 706 4354 p.
742 4284 850 4338 205
895 4284 974 4352 C;
1021 4284 1109 4341 ed.
1149 4285 1324 4340 Bonn.
1360 4301 1481 4357 pag.
1515 4287 1656 4357 560)
1690 4287 1743 4342 in
1773 4302 1888 4342 rem

2010 1829 2082 1899 ἐμ
2117 1828 2236 1900 (sic
2263 1829 2474 1903 codex)
2505 1831 2710 1898 πλοίοις
2751 1832 2947 1887 ἀλιέων
2991 1833 3234 1906 κεφαλὴν
3274 1833 3462 1888 αὑτοῦ.
3492 1835 3589 1897 Τίς

2005 1921 2344 1992 ἀποκαλύψει
2379 1925 2666 1995 πρόσωπον
2687 1925 2951 1990 ἐνδύσεως
2974 1926 3178 1993 αύτοῦ;
3212 1929 3292 1992 είς
3314 1927 3371 1981 δέ
3396 1926 3588 1993 πτύξιν

2006 2010 2252 2085 θώρακος
2279 2013 2446 2068 αὑτοῦ
2477 2016 2562 2080 τίς
2584 2014 2650 2070 ἂν
2689 2017 2960 2088 είσέλθοι;
3001 2017 3178 2084 πύλας
3209 2019 3266 2073 δὲ
3295 2019 3589 2092 προσώπου

2003 2105 2170 2159 αὑτοῦ
2216 2105 2300 2170 τίς
2329 2106 2570 2174 ἀνοίξει;
2599 2107 2786 2180 κύκλῳ
2817 2109 3046 2164 ὀδόντων
3078 2110 3243 2166 αὑτοῦ
3291 2112 3474 2181 φόϐος.
3503 2112 3587 2166 Τά

2001 2195 2061 2250 δὲ
2083 2195 2287 2264 ἔγκατα
2317 2197 2483 2252 αὑτοῦ
2524 2198 2752 2263 ἀσπίδες
2781 2200 3019 2272 χαλκαῖ·
3055 2201 3116 2256 ἐν
3151 2201 3388 2274 πταρμῷ
3419 2199 3586 2256 αὐτοῦ

2003 2286 2401 2356 ἐπιφαύσκεται
2452 2288 2761 2362 (descripsi
2813 2292 3120 2364 ἐπιφάσκ.)
3165 2293 3400 2364 φέγγος*
3433 2295 3482 2347 οί
3526 2293 3591 2347 δέ

2003 2377 2270 2449 ὀφθαλμοὶ
2300 2379 2464 2434 αὑτοῦ
2505 2376 2643 2444 εΜ
2689 2383 2990 2455 ἑωσφόρον,
3026 2385 3091 2437 ἐκ
3125 2383 3390 2455 στόματος
3419 2384 3584 2439 αὑτοῦ

2003 2470 2391 2542 ἐκπορεύονται
2435 2473 2716 2544 λαμπάδες
2748 2474 3055 2546 καιόμεναι,
3103 2476 3200 2530 καὶ
3242 2474 3586 2548 διαριπτοῦν-

2001 2579 2090 2616 ται
2121 2563 2351 2636 ἐσχάραι
2377 2565 2569 2636 πυρός.
2587 2566 2682 2620 Ἐκ
2717 2568 3009 2640 μυκτήρων
3034 2567 3200 2623 αὑτοῦ
3227 2567 3586 2641 ἐκπορεύεται

2001 2657 2209 2722 καπνὸς
2261 2658 2492 2730 καμίνου
2539 2660 2856 2734 καιομένης,
2890 2662 2986 2716 καὶ
3038 2662 3173 2734 πυρὶ
3220 2653 3506 2736 ἀνθράκων
3548 2665 3584 2736 ἡ

1999 2747 2144 2821 ψυχὴ
2174 2749 2324 2814 (00d.
2351 2749 2458 2822 -χὶ)
2491 2750 2656 2806 αὑτοῦ
2688 2751 2824 2822 (75)⁶
2858 2752 2990 2823 φλὸξ
3019 2752 3078 2807 δὲ
3107 2755 3172 2808 ἐκ
3203 2753 3585 2826 στόματοςαὺ·

1999 2837 2094 2892 τοῦ
2120 2838 2421 2912 ἐξέρχεται.
2438 2841 2527 2895 Ἑν
2545 2841 2602 2896 δὲ
2633 2840 2712 2912 τῷ
2747 2842 3006 2915 τραχήλῳ
3032 2843 3308 2910 αὐλίζεται
3334 2844 3581 2916 δύναμιςο

2001 2929 2308 3002 ἔμπροσθεν
2349 2931 2515 2986 αὑτοῦ
2546 2933 2728 3006 τρέχει
2766 2933 3279 3007 ἀταῢλεια.Ἕστηκε
3308 2935 3368 2990 δὲ
3395 2935 3586 3008 ῶσπερ

1999 3020 2192 3090 ἄκμων
2239 3020 2524 3092 ἀνήλατος.
2558 3024 2684 3077 Ἐάν
2727 3028 3131 3099 συναντήσωσιν
3173 3027 3324 3099 αύτῷ
3368 3028 3583 3100 λόγχαι,

1998 3111 2154 3165 οὐθὲν
2201 3110 2264 3164 ού
2316 3112 2392 3183 μὴ
2436 3115 2768 3186 ποιήσωσινο
2804 3117 3007 3187 ἥγηται
3059 3117 3160 3188 μὲν
3203 3117 3314 3188 γάρ
3368 3118 3586 3192 σίδηρον

1999 3203 2221 3276 ἄχυρον,
2257 3204 2457 3275 χαλκὸν
2498 3205 2556 3260 δὲ
2588 3205 2777 3279 ὥσπερ
2821 3207 2980 3274 ξύλον
3013 3209 3233 3280 σαθρόν.
3261 3209 3371 3264 Καὶ
3403 3210 3464 3264 οὑ
3506 3211 3583 3281 μὴ

2000 3295 2200 3367 τρώσει
2232 3295 2395 3350 αὑτὸν
2435 3295 2589 3364 τόξον
2620 3297 2870 3368 χάλκειον
2889 3316 2902 3329 ·
2935 3299 3137 3370 ἥγηται
3175 3299 3276 3370 μὲν
3319 3301 3580 3372 πετροϐό-

1999 3387 2090 3441 λον
2117 3387 2326 3458 χόρτον.
2345 3388 2432 3452 Ὠς
2475 3389 2696 3460 καλάμη
2723 3387 2781 3441 δὲ
2808 3388 3188 3462 λογισθείησαν
3217 3391 3419 3462 σφυραί
3437 3406 3455 3424 ο
3483 3408 3584 3444 κα-

1999 3478 2203 3550 ταγελᾷ
2236 3478 2335 3550 μὲν
2361 3477 2586 3551 σεισμοῦ
2617 3480 2922 3553 πυρφόρον.
2941 3481 3004 3534 Ἡ
3029 3481 3086 3534 δὲ
3115 3467 3372 3554 στρωμνὴ
3413 3481 3584 3539 αὐτοῦ

1999 3570 2264 3626 ὀϐελίσκοι
2310 3572 2470 3638 ὀξεῖς.
2492 3573 2732 3646 Ἦγηται
2782 3573 2883 3645 μὲν
2929 3574 3030 3646 τὴν
3077 3573 3349 3628 θάλασσαν
3393 3575 3584 3646 ῶσπερ

2000 3662 2368 3736 ἐξάλειπτρον,
2404 3663 2496 3718 τὸν
2536 3663 2594 3718 δὲ
2639 3663 2908 3737 τάρταρον
2960 3665 3058 3737 τῆς
3108 3665 3344 3720 ἀϐύσσου
3393 3665 3586 3738 ῶσπερ

1999 3755 2363 3826 αἰχμάλωτον.
2397 3755 2513 3832 Οὐκ
2543 3755 2690 3810 ἐστιν
2719 3755 2814 3808 ἐπὶ
2842 3755 2944 3826 τῆς
2972 3755 3077 3826 γῆς
3105 3757 3294 3828 ὅμοιον
3324 3756 3493 3829 αὐτῷ.
3515 3759 3580 3811 Οί

1998 3846 2109 3919 γὰρ
2151 3845 2326 3900 δοῦλοι
2353 3844 2447 3900 τοῦ
2481 3845 2616 3900 Θεοῦ
2655 3845 2876 3916 ἄγγελοι
2922 3845 3182 3909 πολλάκις
3225 3845 3581 3918 ὀνομάζονται

1999 3939 2104 3992 ὑπὸ
2132 3939 2232 4008 τῆς
2271 3937 2420 4002 θείας
2445 3937 2667 4010 Γραφῆς
2697 3936 2786 3992 διὰ
2825 3936 2886 3990 τὸ
2911 3936 3132 3992 ἀκούειν
3163 3937 3361 4002 αὑτοὺς
3388 3937 3580 4007 λόγους

1998 4031 2150 4103 παρά
2181 4029 2316 4084 Θεοῦ
2348 4030 2442 4084 καὶ
2481 4029 2831 4102 ἀναγγέλλειν
2862 4031 2976 4092 τοῖς
3004 4029 3217 4094 λοιποῖς.
3247 4029 3577 4103 ἀνθρώποις.

1995 4121 2135 4193 Φησὶ
2178 4121 2288 4193 γάρ
2322 4121 2576 4193 Ἔσδρας·
2622 4107 2964 4174 Ἀπέστειλεν
3001 4121 3032 4173 ὀ
3064 4120 3196 4185 Θεδς
3216 4121 3351 4193 πρὸς
3381 4122 3578 4184 αὐτοὺς

1996 4215 2121 4277 τοὺς
2143 4212 2360 4276 δούλους
2389 4195 2556 4267 αὑτοῦ
2583 4213 2707 4277 τοὺς
2738 4212 3024 4285 προφήτας
3042 4229 3056 4243 °
3091 4213 3244 4268 αὐτοὶ
3289 4213 3348 4267 δὲ
3377 4213 3576 4286 ἐξεμυ-

1996 4306 2252 4378 κτήριζον
2295 4307 2423 4371 τοὺς
2467 4304 2734 4375 ἀγγέλους
2783 4305 2971 4361 αὑτοῦ.
2989 4306 3261 4370 Ὡσαύτως
3304 4307 3399 4360 καὶ
3446 4309 3578 4380 περὶ

291 4391 472 4429 suam
495 4375 784 4440 convertit,
809 4377 1080 4447 scriptura
1107 4393 1251 4448 szepe
1275 4386 1503 4443 mutata,
1526 4379 1891 4449 omnibusque

2003 4375 2095 4452 τοῦ
2105 4375 2424 4469 ’προδρόμου
2459 4396 2606 4466 λέγει
2627 4398 2849 4470 Κύριος·
2869 4391 3037 4461 Οὗτός
3061 4399 3206 4451 ἐστιν
3231 4397 3360 4470 περὶ
3391 4391 3453 4452 οῦ
3481 4375 3575 4469 γέ-

316 4469 537 4524 omissis
566 4485 686 4540 qua:
711 4485 775 4526 ex
803 4467 926 4526 Jobi
956 4472 1094 4527 libro
1121 4474 1351 4544 aliisque
1382 4472 1703 4528 aﬂeruntur.
1740 4470 1891 4528 Scri-

317 4573 412 4637 pta
447 4581 577 4619 vero
606 4572 734 4621 sunt
766 4565 819 4619 in
853 4564 1115 4621 chronico
1141 4565 1289 4621 hunc
1318 4567 1371 4620 in
1405 4564 1626 4620 modum
1657 4583 1670 4620 :

401 4659 457 4711 '0
487 4657 544 4711 δέ
575 4675 639 4726 γε
675 4656 853 4726 (1706
887 4657 1098 4731 μέγας)
1143 4657 1396 4721 Ἰάκωϐος
1439 4657 1600 4726 ἁγνὸς
1633 4656 1894 4728 ὑπάρχων

315 4751 381 4804 ἐκ
424 4750 632 4814 κοιλίας
667 4749 871 4822 μητρὸς
910 4748 1097 4814 αὑτοῦ,
1143 4745 1284 4803 οἶνον
1319 4750 1416 4820 μὲν
1448 4750 1544 4803 καὶ
1577 4747 1770 4820 σίκερα
1794 4747 1894 4802 οὑκ

316 4843 467 4895 ἔπιεν
496 4843 617 4897 οὑδὲ
649 4841 888 4914 ἔμψυχον
913 4841 1137 4912 ἔφαγεν,
1158 4841 1278 4894 οὑδὲ
1314 4841 1577 4912 βαλανείῳ
1603 4841 1891 4912 ἐχρήσατοι

316 4936 384 4987 τά
418 4935 476 4987 δὲ
501 4935 704 5002 γόνατα
734 4932 899 4988 αὑτοῦ
928 4932 1317 5004 ἀπεσκληκότα
1342 4932 1497 5003 δίκην
1529 4930 1772 5003 καμήλου
1805 4947 1895 5000 γε·

317 5024 535 5092 γόνασιν
568 5027 633 5078 ὲκ
669 5025 760 5078 τοῦ
801 5025 889 5080 ἀεὶ
930 5026 1200 5097 κάμπτειν
1246 5024 1337 5078 ἐπὶ
1379 5024 1507 5092 γόνυ
1539 5023 1634 5076 καὶ
1669 5021 1746 5094 τῷ
1776 5021 1894 5094 Θεῷ

317 5115 828 5186 προσκυνεῖν.”Οθεν
854 5118 944 5172 διὰ
971 5117 1069 5189 τὴν
1097 5114 1398 5189 ὑπρϐολὴν
1426 5115 1524 5186 τῆς
1546 5113 1893 5184 δικαιοσύνης

318 5207 481 5260 αὑτοῦ
509 5210 603 5262 καὶ
628 5208 942 5282 θαυμαστῆς
975 5209 1246 5272 πολιτείας
1279 5206 1524 5263 ἐκαλεῖτο
1560 5206 1766 5271 δίκαιος
1798 5207 1893 5260 καὶ

315 5298 501 5363 ὀϐλίας
550 5298 668 5370 (ita
712 5301 904 5367 Coisl.,
933 5301 1049 5355 ὀϐλ.
1081 5301 1276 5372 1706),
1322 5301 1351 5354 ὃ
1392 5301 1506 5352 ἐστι
1538 5298 1766 5369 περιοχὴ
1799 5296 1891 5352 τοῦ

394 5479 505 5549 (74)
536 5476 622 5533 Cf.
673 5477 794 5533 Job.
849 5493 967 5549 cap.
1009 5495 1074 5534 xl.
1122 5489 1177 5535 et
1229 5495 1340 5533 xu.
1387 5476 1592 5534 Tcxtus
1677 5478 1888 5533 aronici

321 5553 491 5624 plura
506 5549 670 5624 habet
694 5549 856 5624 digna
884 5552 1161 5624 notatione
1183 5551 1392 5624 critica.

391 5621 608 5692 (75)nlta
634 5617 803 5674 codc'x
839 5621 1020 5681 habet,
1045 5621 1160 5678 sed.
1177 5621 1456 5692 utclarum
1474 5617 1810 5692 c_st._vitiosc.
1830 5617 1886 5672 In

323 5688 469 5747 textu
494 5691 757 5746 Viticano
789 5691 1017 5762 legitur:
1054 5691 1344 5763 καιομένης
1392 5690 1522 5762 πυρὶ
1577 5688 1884 5761 ἀνθράκων,

1996 4503 2255 4560 γραπται·
2303 4487 2434 4540 Ἰδοὺ
2485 4486 2598 4556 ἐγὼ
2623 4487 2938 4543 ἀποστέλλω
2955 4487 3044 4541 τὸν
3068 4486 3298 4557 ἄγγελόν
3332 4506 3434 4560 μου
3471 4491 3578 4562 πρὸ

1995 4575 2284 4650 προσώπου
2313 4595 2428 4632 σου.
2464 4579 2576 4632 Καὶ
2601 4578 2662 4631 ού
2695 4579 2856 4651 μόνον
2885 4577 3108 4647 ἄγγελοι
3141 4579 3393 4648 λέγονται
3421 4583 3470 4635 οῖ
3499 4581 3576 4635 δί-

1994 4687 2160 4732 καιοι,
2194 4667 2330 4722 ἀλλά
2380 4668 2475 4723 καὶ
2522 4668 2656 4733 θεοὶ,
2687 4669 2827 4724 κατά
2848 4669 2938 4724 τὸν
2959 4669 3217 4739 λέγονταο
3257 4671 3398 4740 Ἐγὼ
3422 4669 3569 4727 εἶπα·

1993 4759 2116 4813 Θεοί
2147 4761 2269 4814 ἐστε
2297 4761 2391 4815 καὶ
2420 4761 2525 4814 υἱοὶ
2544 4761 2798 4830 Ὑψίστου
2825 4762 3043 4826 πάντες.
3062 4763 3212 4817 Ἐπεὶ
3235 4759 3328 4817 οὖν
3353 4764 3462 4837 (76)
3486 4768 3572 4820 ai-

1995 4846 2217 4921 δέσιμος
2245 4851 2338 4904 καὶ
2367 4851 2661 4922 σεϐάσμιος
2705 4854 2797 4906 καὶ
2825 4853 3027 4925 σφόδρα
3059 4854 3379 4926 περιϐόητος
3408 4857 3574 4928 ὑπῆν

1993 4957 2087 5009 χεν
2133 4944 2162 4995 ὁ
2209 4941 2490 5010 ίσάγγελος
2544 4942 2817 5007 Ἰάκωϐος,
2875 4943 3070 5014 ἐορτῆς
3120 4945 3421 5016 γενομένης
3476 4945 3572 5000 τοῦ

1994 5033 2186 5104 Πάσχα
2208 5035 2304 5088 καὶ
2334 5033 2543 5088 πολλῶν
2573 5035 2848 5106 μυριάδων
2878 5035 3241 5090 συνελθόντων
3271 5037 3331 5088 ἐν
3353 5036 3432 5108 τῷ
3458 5039 3570 5108 ναῷ

1993 5125 2100 5179 τῶν
2151 5126 2440 5188 Ἰουδαίων,
2475 5128 2569 5180 καὶ
2617 5126 2806 5180 τοῦτον
2856 5128 3252 5198 ἀνενέγκαντες
3306 5131 3355 5183 ot
3407 5130 3574 5201 ἱερεῖς

1995 5217 2072 5287 (in
2109 5217 2351 5286 margine
2374 5217 2744 5287 γραμματεῖς)
2776 5217 2868 5272 ἐπὶ
2892 5217 2953 5272 τὸ
2980 5217 3273 5289 πτερύγιον
3301 5218 3398 5272 τοῦ
3419 5221 3570 5292 ἱεροῦ

1991 5309 2340 5364 διασκεδάσαι
2379 5309 2691 5381 βουλόμενοι
2733 5309 2793 5362 τὸ
2839 5311 3099 5382 κήρυγμα
3124 5311 3382 5383 Χριστοῦ,
3415 5307 3572 5370 εἷπον

1992 5480 2024 5550 ἡ
2053 5478 2197 5553 ψυχὴ
2209 5479 2388 5553 ,αὑτοῦ
2413 5482 2696 5553 ἄνθρακες.

2063 5551 2177 5618 (76)
2217 5551 2296 5604 Ab
2331 5551 2417 5607 his
2449 5551 2574 5607 inde
2621 5568 2814 5607 rursus
2869 5567 2993 5606 cum
3039 5553 3268 5609 Coislin.
3301 5555 3408 5612 305
3458 5556 3564 5612 lm-

2011 5637 2108 5676 ξεν.
2145 5621 2282 5675 1706
2339 5622 2498 5688 facit;
2535 5623 2660 5676 item
2693 5624 2973 5678 (Zedrenus
3002 5632 3184 5679 textus
3216 5641 3409 5684 rursus
3433 5644 3565 5682 ccu-

2011 5637 2108 5676 ..er.
2145 5636 2163 5671 ι
2190 5636 2282 5675 mo
2339 5636 2498 5688 lacu;
2535 5636 2660 5676 item
2693 5636 2973 5678 Laurentis
3002 5636 3184 5679 textus
3216 5648 3218 5678 ι

1995 5636 2248 5747 ferendus
2270 5699 2373 5758 cst,
2410 5693 2480 5747 ci.
2514 5693 2598 5749 ed.
2635 5692 2808 5751 Paris.
2842 5710 2963 5770 pag.
2993 5694 3120 5749 “205.
3159 5694 3218 5750 υ.
