3992 6148
387 225 527 281 1-299
1840 220 2185 276 ADDENDA.
2270 243 2274 247 ί
3501 219 3646 287 mo

386 346 598 420 μεγάλῃ
627 347 694 417 τῇ
726 347 897 416 φωνῇ·
916 343 1198 414 Ἀξιοῦμέν
1225 359 1303 408 σε,
1327 343 1522 406 δίκαιε,
1544 342 1716 397 εἰπεῖν
1745 341 1824 412 τῷ
1848 341 1963 413 λαῷ
1997 368 2040 421 Α
2066 341 2251 397 τοῦτον
2280 341 2517 408 ἐδέξατο,
2546 340 2801 395 ἐκέλευσε
2831 340 2885 394 δὲ
2914 339 3117 412 μηδένα
3142 338 3369 410 ἔμποδον
3394 338 3646 407 γίνεσθαι

383 438 470 490 ἶνα
504 436 578 509 μὴ
603 437 910 491 πλανῶνται
937 437 1112 490 ὀπίσω
1130 436 1226 490 τοῦ
1254 435 1547 506 λεγομένου
1572 434 1806 505 Χριστοῦ
1829 452 1842 464 ·
1878 435 1962 488 σοὶ

380 528 489 602 γὰρ
522 529 722 593 πάντες
753 529 1073 601 πειθόμεθα,
1101 526 1458 598 γινώσκοντές
1505 542 1565 580 σε
1606 525 1811 580 δίκαιον
1836 525 1965 580 ὅντα

381 621 477 675 καὶ
518 620 1114 694 ἀπροσωπόληπτον.⁰υ
1149 619 1206 672 δὲ
1257 616 1573 689 ἀποκριθεὶς
1621 616 1757 688 ἔφη’
1794 617 1860 670 Τί
1896 633 1963 687 με

381 713 693 784 ὲπερωτάτε
718 712 847 783 περὶ
869 710 964 765 τοῦ
998 709 1256 784 Χριστοῦ,
1293 710 1386 763 καὶ
1413 708 1575 773 αὐτὸς
1598 708 1882 773 καθέζεται
1904 710 1963 762 ἐν

378 806 530 877 δεξιᾷ
549 804 642 859 τοῦ
675 803 811 857 Θεοῦ
841 805 897 857 ὲν
925 801 1004 872 τῷ
1033 801 1265 872 οὐρανῷ.
1285 802 1349 855 Οἱ
1366 801 1423 854 δὲ
1449 800 1757 872 παράνομοι
1780 800 1964 871 ἀρχιε-

380 898 494 968 ρεῖς
523 897 616 951 καὶ
646 897 929 967 Φαρισαῖοι
953 893 1206 965 ἔκραξανο
1230 889 1299 946 Ὦ
1325 886 1370 946 ὧ
1396 892 1415 963 (
1437 892 1538 947 hoc
1564 895 1836 955 accenlur
1866 892 1963 945 καὶ

379 986 408 1038 6
437 984 644 1050 δίκαιος
666 970 967 1055 ἐπλανήθη.
993 984 1103 1036 Kal
1122 978 1282 1036 εἶπαν
1308 982 1448 1054 πρὸς
1467 981 1966 1054 ἀλλήλους’Κακῶς

382 1076 716 1150 ἐποιήσαμεν
765 1074 1017 1145 τοιαύτην
1070 1072 1372 1146 μαρτυρίαν
1420 1071 1540 1126 καθ’
1573 1062 1781 1126 ἑαυτῶν
1822 1070 1964 1144 ὑπὲρ

380 1168 475 1222 τοῦ
537 1166 711 1240 Ἰησοῦ
746 1165 1157 1237 παρασχόντες.
1202 1163 1313 1217 Καὶ
1359 1162 1544 1217 πολλοὶ
1589 1165 1653 1217 ἐκ
1696 1162 1791 1216 τοῦ
1833 1161 1964 1216 λαοῦ

384 1258 713 1322 ἀκούσαντες
761 1258 1107 1312 ἐπίστευσαν.
1145 1253 1349 1324 Καὶδὴ
1386 1244 1645 1325 μανέντες
1686 1254 1737 1307 οἱ
1783 1252 1965 1322 ἐξάγι-

385 1362 500 1399 στοι
528 1345 621 1399 καὶ
654 1344 839 1398 τοῦτον
869 1344 1436 1416 κατακρημνίσαντες,
1466 1341 1653 1406 κλίνας
1672 1342 1742 1396 τὰ
1760 1338 1964 1411 γόνατα

385 1431 534 1511 ὑπὲρ
567 1437 746 1492 αὐτῶν
798 1438 1154 1508 προσηύχετο.
1205 1436 1315 1513 Καὶ
1351 1436 1718 1507 προσεγγίσας
1747 1453 1832 1500 τις
1855 1436 1964 1489 τῶν

386 1534 517 1587 υίῶν
558 1530 746 1602 Ῥιχάϐ
799 1532 895 1585 καὶ
946 1530 1186 1593 ἀκούσας
1233 1529 1400 1584 αὑτοῦ
1447 1527 1597 1598 λέγει
1652 1528 1861 1592 αὐτοῖς·
1897 1527 1963 1580 Τί

338 1666 345 1669 .
386 1612 616 1687 ποιεῖτεζ
654 1623 711 1676 Ὀ
742 1622 946 1685 δίκαιος
985 1620 1184 1691 μᾶλλον
1211 1619 1351 1691 ὑπὲρ
1380 1618 1533 1690 ὑμῶν
1568 1615 1746 1689 (1796
1768 1617 1961 1689 ἡμῶν)

2065 435 2158 491 τοῦ
2190 435 2428 506 Χριστοῦ
2459 434 2537 505 τῷ
2579 434 2916 505 κηρύγματι,
2948 434 3042 487 καὶ
3075 432 3174 504 μέν
3195 448 3258 500 γε
3287 432 3381 485 καὶ
3412 430 3647 484 θάνατον

2066 525 2473 600 προσηπείλησε
2490 528 2605 590 τοῖς
2614 527 2946 597 κατηγορεῖν
2967 523 3205 595 τολμῶσι
3234 522 3328 576 τοῦ
3354 523 3644 597 κηρύγμα-

2061 633 2175 683 τος.
2205 617 2360 672 υῦτω
2390 616 2522 686 γοῦν
2654 616 2775 687 θείᾳ
2817 614 3055 688 Χριστοῦ
3095 613 3322 683 δυνάμει
3362 611 3576 682 ἀθρόως
3606 613 3643 683 ἡ

2065 704 2327 779 σύμπασα
2365 708 2660 781 οἰκουμένη
2694 707 2794 778 τῆς
2827 708 2981 778 ἱερᾶς
3005 705 3130 776 (sic)
3167 704 3261 759 τοῦ
3285 704 3647 777 κηρύγματος

2062 799 2151 853 διὰ
2175 801 2276 872 τῆς
2306 801 2414 855 τῶν
2451 799 2763 856 ἀποστόλων
2785 784 3136 861 διδασκαλίας
3162 796 3537 869 πεπλήρωται.
3556 796 3648 861 Ἐξ

2064 885 2140 946 ὧν
2171 893 2434 947 Θαδδαίου
2466 896 2525 946 ἐν
2570 893 2795 963 Ἑδέσσῃ
2835 894 2902 963 τῇ
2950 890 3101 944 πόλει
3143 888 3512 960 κηρύσσοντος
3552 887 3645 941 τὸν

2062 982 2218 1052 λόγον
2239 983 2372 1056 (78),
2397 984 2493 1038 καὶ
2512 986 2541 1038 6
2565 985 2745 1039 ἐκεῖσε
2773 979 3361 1053 τοπάρχης,”Αϐγαρος
3383 978 3638 1050 τοῦνομα,
3726 1000 3731 1003 ι

2062 1075 2221 1147 δεινῷ
2268 1074 2430 1130 πάθει
2463 1074 2824 1151 κατεχόμενος
2857 1075 2952 1129 καὶ
2990 1073 3366 1146 φθειρόμενος,
3401 1073 3643 1135 ἀκούσας

2063 1166 2126 1220 τὸ
2163 1166 2336 1238 ὄνομα
2374 1165 2612 1240 Χριστοῦ
2656 1166 2752 1221 καὶ
2778 1164 2878 1230 τάς
2899 1164 3158 1237 δυνάμεις
3200 1162 3504 1235 συμφώνως
3532 1160 3640 1216 ὑπὸ

2065 1259 2282 1313 πάντων
2326 1258 2795 1332 μαρτυρουμένας,
2830 1257 3013 1329 ίκέτης
3046 1256 3282 1328 Χριστοῦ
3326 1256 3417 1311 διὰ
3456 1273 3633 1328 γραμ-

2068 1351 2387 1422 ματηφόρου
2415 1350 2645 1418 γίνεται,
2670 1340 2837 1417 ἀξιῶν
2865 1350 2963 1421 τῆς
2994 1348 3151 1402 νόσου
3178 1351 3361 1418 τυχεῖν
3395 1347 3638 1403 ἀπαλλα-

2063 1439 2187 1510 γὴν.
2219 1439 2433 1511 γράψας
2478 1438 2568 1493 διὰ
2612 1456 2756 1503 τινος
2795 1438 3035 1493 Ἀνανίου
3064 1434 3402 1509 ταχυδρόμου
3430 1438 3511 1501 είς
3546 1438 3641 1511 Ίετ

2064 1516 2342 1603 ρουσα).ὴμ
2362 1531 2508 1586 τάδε·
2542 1550 2561 1582 ι
2591 1530 2866 1603 ’Δϐγαρος
2897 1530 3198 1601 τοπάρχης,
3232 1528 3405 1601 Ἰησοῦ
3439 1530 3640 1600 σωτῆρι

2063 1620 2254 1692 ἀγαθῷ
2272 1621 2596 1691 ἀναφανέντι
2616 1622 2675 1675 ἐν
2707 1619 3080 1693 Ἰερουσαλὴμ.
3105 1621 3642 1693 χαίρειν.Ἤκουσταί

384 1712 622 1783 εῦχεται.
658 1711 768 1764 Καὶ
815 1702 1037 1782 δραμὼν
1087 1728 1172 1774 τις
1223 1709 1463 1779 κναφεὺς
1493 1704 1693 1762 έδωκεν
1744 1709 1824 1770 είς
1864 1707 1963 1777 τὴν
1997 1703 2036 1757 Β
2067 1731 2156 1783 μοι
2194 1714 2326 1786 περὶ
2369 1714 2464 1768 σοῦ
2496 1714 2591 1769 καὶ
2622 1713 2733 1768 τῶν
2757 1714 2865 1769 σῶν
2896 1713 3139 1784 ἰαμάτων
3167 1714 3243 1776 ὡς
3270 1712 3399 1767 ἄνευ
3424 1712 3643 1784 φαρμά-

385 1804 625 1876 κεφαλὴν
674 1803 837 1858 αὑτοῦ
893 1803 1029 1874 μετά
1068 1803 1161 1856 τοῦ
1203 1802 1360 1867 ξύλου
1392 1806 1449 1857 ἐν
1479 1795 1523 1869 ᾧ
1553 1800 1621 1854 τά
1655 1800 1843 1870 ἱμάτια
1870 1802 1966 1852 ὲκ-

387 1898 563 1962 πιέζει
590 1894 750 1966 (1706
776 1894 919 1957 -ζειν
946 1894 1147 1963 εἴωθε),
1182 1895 1276 1948 καὶ
1304 1894 1647 1965 παραχρῆμα
1680 1880 1965 1964 ἐτελεύτηὲ

386 2005 477 2041 σεν
504 1989 533 2041 6
555 1987 777 2049 δίκαιος.
807 1983 1086 2055 Θάψαντες
1113 1986 1170 2040 δὲ
1202 1985 1366 2039 αὐτὸν
1406 1985 1557 2056 παρά
1588 1983 1666 2055 τῷ
1695 1984 1808 2055 ναῷ
1831 1984 1987 2055 ἀνήε

385 2096 575 2152 γειραν
624 2077 790 2132 αὑτοῦ
837 2076 934 2148 τὴν
982 2077 1217 2149 στήλην’
1267 2075 1408 2148 μετά
1437 2075 1494 2129 δὲ
1528 2075 1627 2147 τὴν
1661 2075 1969 2148 μαρτυρίαν

386 2171 549 2225 αὐτοῦ
595 2156 745 2242 παρά
796 2168 965 2232 πόδας
997 2166 1352 2239 Ἰερουσαλὴμ
1398 2166 1784 2239 πολιορκεῖται.
1830 2154 1969 2237 Φησῖ

386 2261 497 2332 γάρ
517 2258 838 2331 Ἰὡσηππος·
863 2258 1047 2312 Ταῦτα
1071 2258 1129 2312 δὲ
1158 2254 1503 2329 συμϐέϐηκεν
1543 2256 1814 2320 Ἰουδαίοις
1844 2253 1968 2308 κατ’

387 2349 664 2421 ἐκδίκησιν
710 2347 967 2403 Ἰακώϐου
1013 2349 1108 2402 τοῦ
1156 2349 1387 2414 δικαίου,
1414 2347 1473 2412 ὃς
1498 2342 1567 2419 ἦν
1598 2344 1826 2417 ἀδελφὸς
1866 2345 1969 2418 ’1η-

389 2442 484 2493 σοῦ
510 2439 605 2494 τοῦ
636 2440 929 2512 λεγομένου
964 2438 1233 2511 Χριστοῦ·
1269 2438 1454 2509 ἐπειδή
1488 2455 1595 2509 περ
1632 2428 1969 2491 δικαιότατον

387 2529 551 2584 αὐτὸν
582 2531 711 2583 δντα
749 2530 993 2583 Ἰουδαῖοι
1023 2531 1373 2584 ἀπέκτειναν.
1402 2530 1466 2582 Οῖ
1496 2528 1608 2600 (77)
1633 2527 1809 2583 τοίνυν
1835 2527 1968 2581 Ἰου-

386 2619 526 2673 δαῖοι
561 2620 698 2691 μετά
729 2620 829 2690 τὴν
855 2620 947 2674 τοῦ
978 2620 1185 2692 Κυρίου
1216 2619 1374 2692 ἡμῶν
1397 2618 1662 2690 ἀνάληψιν
1687 2615 1968 2688 ἀπολέμη-

386 2725 470 2762 τοι
520 2702 615 2781 ἔτη
666 2717 718 2781 μ’
747 2710 1040 2780 διέμειναν,
1068 2709 1163 2763 τοῦ
1212 2708 1451 2781 Χριστοῦ
1495 2704 1969 2780 μακροθυμοῦντος

390 2799 486 2853 ἐπὶ
510 2802 575 2871 τῇ
608 2801 923 2872 παρανομίᾳ
953 2800 1047 2853 καὶ
1073 2799 1338 2871 θεομαχίᾳ
1365 2799 1566 2863 αὐτῶν,
1598 2799 1747 2861 ὅπως
1772 2812 1969 2865 γνωσι-

394 2891 734 2963 μαχήσαντες
759 2891 851 2945 ἐπὶ
869 2893 943 2963 τῇ
959 2890 1177 2963 τοιαύτῃ
1197 2889 1544 2963 πλημμελείᾳ
1566 2887 1791 2961 ἰσχυρὰν
1815 2885 1970 2958 quod];

2066 1823 2179 1860 κων
2205 1806 2303 1860 καὶ
2336 1805 2574 1877 βοτάνων
2613 1806 2718 1861 ὑπὸ
2747 1805 2843 1861 σοῦ
2881 1805 3200 1877 γινομένων.
3217 1805 3304 1868 Ὠς
3328 1803 3439 1876 γὰρ
3464 1805 3643 1873 λόγος,

2064 1896 2299 1965 τυφλοὺς
2335 1896 2662 1950 ἀναϐλέπειν
2690 1898 2865 1959 ποιεῖς
2912 1895 3007 1949 καὶ
3042 1895 3247 1965 χωλοὺς
3299 1898 3639 1966 περιπατεῖν,

2064 1970 2160 2037 καὶ
2187 1984 2418 2057 λεπροὺς
2449 1985 2789 2057 καθαρίζεις,
2808 1986 2903 2043 καὶ
2919 1985 3203 2057 ἀκάθαρτα
3230 1984 3517 2056 πνεύματα
3547 1987 3643 2040 ἐκ-

2066 2071 2301 2141 ϐάλλεις,
2334 2076 2430 2128 καὶ
2454 2076 2581 2140 τοὺς
2617 2078 2675 2130 ἐν
2715 2078 3052 2148 μακρονοσίᾳ
3081 2075 3538 2148 βασανιζομένους
3561 2076 3623 2130 θε

2068 2165 2346 2238 ραπεύεις,
2365 2168 2459 2220 καὶ
2488 2166 2716 2239 νεκροὺς
2749 2166 3190 2239 ἐγείρεις.⁸Ἀπερ
3223 2166 3485 2231 ἀκούσας,
3507 2168 3648 2223 κατά

2067 2257 2193 2311 νοῦν
2232 2257 2436 2330 ξ*ἐθέμην
2475 2238 2597 2312 τῶν
2626 2258 2720 2312 δύο
2762 2257 2823 2311 τὸ
2861 2238 3048 2331 ἕτερον
3067 2273 3081 2288 ·
3113 2259 3147 2330 ῆ
3175 2259 3258 2312 ὅτι
3288 2260 3353 2314 σὺ
3385 2238 3438 2312 εί
3459 2262 3489 2313 6
3515 2258 3648 2322 Θεὸς

2066 2350 2162 2404 ἀπ’
2211 2350 2441 2422 ούρανοῦ
2489 2349 2752 2415 καταϐὰς,
2797 2348 2831 2420 ἢ
2878 2349 3007 2413 Υἱὸς
3061 2349 3325 2420 ὑπάρχεις
3368 2349 3463 2405 τοῦ
3510 2350 3645 2405 Θεοῦ

2068 2440 2237 2496 ποιῶν
2263 2439 2456 2495 ταῦτα.
2486 2440 2587 2496 Διά
2624 2438 2785 2496 τοῦτο
2825 2438 2917 2495 οὖν
2960 2440 3178 2512 γράψας
3216 2440 3354 2506 ἀξιῶ
3384 2441 3557 2497 ἐλθεῖν
3586 2459 3647 2496 σε

2068 2533 2205 2606 πρὸς
2235 2549 2305 2604 με
2337 2534 2356 2601 (
2372 2532 2448 2586 ita
2474 2532 2644 2588 codex
2669 2530 2689 2602 )
2718 2532 2813 2587 καὶ
2837 2531 2898 2587 τὸ
2932 2532 3154 2602 συνέχον
3189 2547 3257 2602 με
3284 2529 3454 2594 πάθος
3485 2531 3649 2603 θερα-

2068 2624 2289 2678 πεῦσαι.
2313 2626 2425 2680 Kal
2446 2625 2556 2696 γὰρ
2588 2626 2798 2695 ῆκουσα
2825 2624 2907 2677 ὅτι
2936 2621 3436 2692 καταγογγύζουσίν
3468 2621 3587 2695 [σου
3598 2622 3645 2695 ἲ]

2080 2716 2318 2777 Ἰουδαῖοι
2367 2717 2461 2771 καὶ
2495 2716 2773 2787 βούλονταί
2820 2733 2880 2769 σε
2924 2715 3171 2769 κακῶσαι
3190 2731 3204 2745 ·
3250 2715 3403 2780 πόλις
3449 2716 3509 2770 δέ
3553 2732 3647 2785 μοι

2072 2807 2373 2878 μικροτάτη
2401 2807 2568 2873 ἐστὶν,
2608 2807 2731 2877 ῆτις
2758 2805 3041 2878 ἐξαρκέσει
3061 2805 3414 2879 ἀμφοτέροις.
3442 2824 3461 2858 ι
3506 2806 3563 2860 ὐ
3587 2806 3647 2861 δὲ

2067 2896 2271 2971 Κύριος
2300 2898 2567 2966 ἀναγνοὺς
2587 2896 2760 2951 ταῦτα
2789 2897 3116 2968 ἀντιγράφει
3137 2896 3277 2968 πρὸς
3299 2897 3463 2951 αὑτὸν
3481 2896 3645 2951 οῦτω·

393 3000 593 3038 σωνται
637 2982 749 3055 τὴν.
783 2981 1259 3054 μετάνοιαν-Ὅθεν
1300 2981 1484 3057 αὐτοῖς
1516 2978 1734 3052 ’φοδερᾶ
1765 2981 1966 3051 σημεῖα
1995 3040 2034 3061 η
2076 2987 2093 3040 i
2117 2987 2402 3061 Μακάριος
2427 2991 2457 3042 6
2480 2988 2774 3053 πιστεύσας
2799 2989 2857 3042 ἐν
2879 2989 3022 3059 ἐμοὶ,
3048 2988 3151 3043 κᾶν
3174 2988 3249 3060 μὴ
3283 2987 3525 3061 ἑώρακέν
3553 3005 3643 3059 με.

392 3074 717 3131 ἐπεδείκνυε»
729 3074 827 3146 τὴν
856 3073 1152 3145 μέλλουσαν
1169 3071 1604 3144 καταλαμϐάνειν
1617 3071 1811 3135 αὐτοὺς
1828 3068 1974 3125 ἆλω-’
1993 3068 2036 3097 υ
2070 3080 2206 3153 Περὶ
2227 3080 2285 3134 δὲ
2313 3073 2373 3135 οὗ
2402 3080 2645 3152 ἔγραψας
2672 3079 2843 3145 ἐλθεῖν
2871 3097 2937 3152 με
2965 3080 3101 3153 πρὸς
3132 3077 3196 3133 σέ
3226 3079 3370 3153 (ita),
3391 3080 3508 3135 δέον
3531 3080 3649 3133 ἐστὶ

394 3182 482 3220 σιν
505 3164 904 3237 προμηνύοντα.
922 3166 1012 3219 Ἑν
1031 3163 1142 3237 γάρ
1167 3166 1233 3237 τῇ
1259 3165 1369 3218 τῶν
1399 3162 1624 3235 ἀζύμων
1649 3164 1810 3234 ἑορτῇ
1839 3158 1968 3233 περὶ

394 3256 546 3329 ὥραν
577 3256 774 3329 ἐνάτην
808 3258 911 3328 τῆς
940 3256 1134 3320 νυκτὸς
1161 3255 1414 3310 τοσοῦτον
1453 3258 1568 3327 φῶς
1592 3255 1685 3309 τὸν
1719 3253 1845 3307 ναὸν
1873 3252 1971 3307 καὶ

392 3349 485 3404 τὸν
522 3350 702 3421 βωμὸν
755 3349 1123 3423 περιέλαμψεν
1169 3349 1262 3403 ἐπὶ
1296 3349 1446 3421 ὥραν
1497 3349 1646 3420 μίαν,
1672 3348 1749 3411 ὡς
1793 3345 1971 3401 δοκεῖν

395 3442 612 3515 ἡμέραν
636 3443 908 3512 γενέσθαι.
942 3444 1098 3497 Μετὰ
1123 3443 1180 3497 δὲ
1205 3442 1363 3497 τοῦτο
1400 3443 1573 3515 ἐφάνη
1601 3442 1799 3516 ἄστρον
1828 3438 1968 3511 ὑπὲρ

395 3534 495 3606 τὴν
524 3537 677 3590 πόλιν
707 3536 950 3608 ῥομφαίᾳ
976 3536 1377 3607 παραπλήσιον.
1960 3530 1965 3535 ’

468 3622 602 3693 Qua:
628 3627 772 3697 apud
806 3635 1016 3684 veteres
1040 3629 1104 3683 de
1129 3627 1361 3697 epistolis
1383 3625 1602 3698 Abgari,
1625 3626 1772 3697 regis
1794 3623 1971 3681 Edes-

399 3720 539 3784 seni,
566 3726 623 3773 et
649 3717 849 3773 Christi
878 3718 1427 3782 circumferebantur,
1454 3732 1520 3773 ea
1549 3731 1580 3788 ε
1607 3717 1855 3774 Cedreno
1885 3732 1975 3774 re-

401 3809 510 3865 lata
556 3819 685 3864 sum
717 3794 946 3865 historia
991 3810 1195 3864 Christi
1234 3807 1504 3879 exposita,
1554 3808 1627 3863 cf.
1673 3807 1763 3865 ed.
1794 3806 1970 3862 Paris.

401 3915 526 3970 pag.
552 3897 690 3966 115;
716 3898 803 3956 ed.
835 3898 1009 3956 Bona.
1038 3914 1162 3975 pag.
1186 3898 1315 3955 308.
1355 3896 1403 3954 Α
1443 3897 1645 3969 quibus
1679 3912 1809 3955 cum
1836 3896 1974 3952 satis

401 3990 617 4047 diﬂ‘erat
645 3998 830 4047 textus
860 3989 1135 4056 chronici,
1168 3992 1337 4049 etiam
1376 3990 1523 4045 hunc
1550 3987 1831 4045 ascribere
1857 3988 1976 4060 pla-

400 4090 511 4146 cet,
554 4083 853 4153 pramissis
881 4078 959 4138 iis'
986 4098 1108 4154 quae
1142 4081 1643 4159 eademﬁgdrenus
1681 4080 1789 4137 alio
1832 4095 1976 4135 nexu

404 4171 516 4243 (cf.
549 4173 638 4227 ed.
668 4170 847 4228 Paris.
875 4188 1001 4244 pag.
1035 4172 1131 4227 191
1168 4171 1211 4226 D
1235 4189 1251 4240 ;
1278 4171 1368 4228 ed.
1405 4170 1580 4227 Bonn.
1602 4185 1728 4241 pag.
1761 4168 1897 4242 3'56)
1922 4174 1979 4224 et

405 4264 679 4335 scriplura
708 4265 914 4336 passim
944 4264 1231 4320 diﬂ‘erente
1266 4264 1336 4319 de
1363 4262 1568 4320 Tiberii
1599 4262 1745 4320 circa
1771 4261 1978 4319 Christi

2068 3173 2352 3247 πληρῶσαι
2389 3174 2566 3228 πάντα
2594 3172 2659 3227 δι’
2681 3172 2718 3228 ἃ
2749 3172 3061 3244 ἀπεστάλην
3103 3170 3367 3236 ἐνταῦθα,
3396 3175 3493 3227 καὶ
3521 3175 3650 3228 ἀνα-

2067 3270 2338 3344 ληφθῆναι
2363 3267 2499 3342 πρὸς
2531 3266 2621 3321 τὸν
2654 3266 3054 3322 ἀποστείλαντά
3078 3282 3167 3339 με.
3196 3266 3308 3321 Καὶ
3329 3265 3503 3331 οῦτως
3523 3266 3650 3319 ἀπο-

2072 3360 2241 3416 στελῶ
2282 3378 2364 3415 σοι
2398 3358 2517 3414 τινὰ
2545 3356 2670 3430 (sic)
2701 3357 2810 3411 τῶν
2850 3356 3108 3430 μαθητῶν
3151 3375 3274 3427 μου,
3309 3358 3405 3412 καῖ
3440 3359 3651 3413 ἰάσεταί

2034 3442 2047 3455 ’
2072 3469 2166 3506 σου
2199 3452 2259 3505 τὸ
2303 3451 2494 3515 πάθος,
2533 3449 2629 3504 καὶ⁵
2662 3446 2807 3522 ζωὴν
2856 3450 2939 3503 σοὶ
2975 3450 3071 3503 καὶ
3098 3452 3212 3513 τοῖς
3242 3449 3341 3503 σῦν
3370 3450 3455 3504 σοὶ
3483 3450 3653 3522 παρέ-

2073 3542 2174 3610 ξει.
2200 3562 2219 3596 ι
2255 3541 2493 3606 Ταύταις
2513 3539 2609 3596 οῦν
2631 3542 2751 3605 ταῖς
2774 3539 3085 3604 ἐπιστολαῖς
3113 3539 3194 3594 ἔτι
3215 3539 3310 3595 καὶ
3335 3540 3508 3595 ταῦτα
3537 3558 3654 3595 συν-

2066 3628 2213 3710 ῆπτο
2238 3639 2304 3709 τῇ
2335 3634 2446 3689 τῶν
2474 3634 2660 3707 Σύρων
2685 3635 2859 3705 φωνῇ,
2887 3632 3149 3686 Θαδδαίου
3178 3631 3483 3705 πράξαντος
3514 3634 3652 3705 μετά

2071 3728 2169 3800 τὴν
2212 3727 2477 3800 ἀνάληψιν
2496 3725 2611 3781 .τοῦ
2645 3725 2950 3798 Κυρίου.”0
2977 3725 3159 3778 τοίνυν
3189 3724 3462 3798 ’Δϐγαρος
3483 3726 3650 3779 ἀκού-

2078 3834 2176 3883 σας
2202 3816 2299 3891 τὴν
2340 3813 2632 3887 ἐπιστολὴν
2653 3814 2861 3885 Κυρίου
2903 3813 3103 3885 μᾶλλον
3133 3815 3215 3879 είς
3248 3813 3410 3868 πόθον
3437 3815 3531 3868 καὶ
3558 3814 3650 3869 πί-

2078 3926 2195 3965 στιν
2232 3907 2440 3980 ὲξὴφθη
2486 3906 2731 3979 μείζονα,
2764 3907 2860 3962 καὶ
2887 3905 2990 3961 κᾶν
3017 3907 3076 3960 ἐν
3100 3905 3269 3961 είκόνι
3302 3905 3394 3960 τὸν
3417 3907 3652 3979 Χριστὸν

2083 4002 2243 4073 μόνον
2284 3999 2579 4055 θεάσασθαι
2602 3998 2721 4053 λίαν
2753 3998 3058 4071 ἐφιέμενος,
3087 3997 3405 4053 ἀποστέλλει
3441 3999 3654 4071 ζωγρά-

2079 4109 2199 4163 φον,
2232 4089 2373 4145 ὥστε
2400 4089 2464 4144 τὸ
2499 4090 2641 4144 θεῖον
2666 4084 2803 4154 εἶδος
2829 4088 3040 4144 ἐκείνου
3079 4087 3478 4161 διαχαράξαντα
3517 4090 3654 4161 πρὸς

2079 4182 2243 4238 αὐτὸν
2295 4181 2542 4255 κομίζειν
2576 4182 2652 4248 ὡς
2690 4181 2945 4252 τάχιστα.
2990 4181 3098 4236 Τοῦ
3143 4181 3202 4235 δὲ
3247 4180 3654 4253 διαμαρτῶντος

2082 4272 2204 4345 (sic)
2228 4273 2324 4327 τοῦ
2354 4270 2561 4328 σκοποῦ
2587 4271 2674 4326 διὰ
2694 4271 2792 4343 τὴν
2823 4270 3268 4344 ὑπερϐάλλουσαν
3307 4273 3402 4327 τοῦ
3442 4272 3654 4344 προσώ-

407 4357 666 4413 honorem
696 4357 883 4413 studio
902 4363 1114 4412 narrat.
1142 4356 1233 4409 Διὸ
1257 4357 1351 4410 καὶ
1380 4356 1609 4419 Πιλᾶτος
1638 4354 1765 4427 (hoc
1784 4369 1972 4411 accen-

2084 4382 2187 4418 που
2219 4362 2377 4437 χάριν
2396 4381 2456 4417 τε
2482 4363 2580 4417 καὶ
2597 4361 2978 4435 λαμπρότητα,
3004 4364 3164 4428 αὐτὸς
3189 4363 3268 4435 τῷ
3286 4363 3470 4434 οἰκείῳ
3496 4379 3638 4435 προσ

406 4459 464 4505 ιιι
499 4450 614 4520 ipse
645 4448 837 4520 codex)
864 4447 1018 4514 είδὼς
1051 4447 1215 4503 αὑτοῦ
1245 4447 1306 4500 τὸ
1340 4446 1631 4518 φιλάληθες
1655 4447 1751 4500 καὶ
1774 4445 1975 4516 φιλοδί-

407 4558 561 4596 καιον
600 4539 669 4595 τὰ
714 4542 973 4612 τεράστια
1000 4537 1239 4612 Χριστοῦ
1277 4538 1455 4594 πάντα
1485 4538 1579 4593 καὶ
1602 4537 1671 4591 τὰ
1694 4537 1795 4609 τῆς
1820 4538 1977 4591 εὐσε-

407 4632 557 4697 ϐείας
586 4631 749 4687 αὐτοῦ
794 4632 1038 4704 δόγματα
1067 4632 1133 4685 δι’
1161 4631 1426 4702 ἐπιτομῆς
1458 4630 1851 4685 ἀνεκοινώσατο
1879 4630 1979 4684 αὺ-

407 4725 506 4797 τῷ,
553 4725 735 4791 καθὼς
784 4728 987 4798 ἱστορεί
1029 4723 1408 4797 Τερτυλιανὸς,
1447 4724 1476 4777 6
1513 4720 1622 4777 τῶν
1658 4722 1980 4795 Ῥωμαϊκῶν

409 4819 590 4891 νόμων
614 4818 952 4889 ἐπιστήμων,
992 4819 1049 4872 ἐν
1075 4819 1140 4889 τῇ
1175 4814 1316 4888 ὑπὲρ
1341 4814 1448 4870 τῶν
1477 4814 1816 4888 Χριστιανῶν
1849 4816 1982 4870 ἀπο-

410 4909 586 4983 λογία,
612 4908 822 4976 διεξιὼν
844 4910 939 4963 καὶ
956 4911 1039 4965 ὅτι
1069 4908 1203 4980 μετά
1226 4907 1452 4961 θάνατον
1473 4906 1734 4961 ἀνεϐίωσε
1761 4906 1853 4960 καὶ
1879 4907 1979 4978 ῆδη

411 5003 563 5077 παρὰ
593 5004 727 5057 πᾶσι
758 5002 892 5066 Θεὸς
937 4994 1077 5056 εἶναι
1119 4999 1455 5066 πιστεύεται,
1488 5000 1583 5055 καῖ
1622 5001 1705 5053 δτι
1736 4999 1983 5069 Τιϐέριος

413 5090 780 5164 καταπλαγεὶς
805 5093 1090 5166 ἀνήγγειλε
1130 5094 1307 5149 πάντα
1330 5093 1424 5148 ἐπὶ
1450 5090 1547 5164 τὴν
1579 5090 1900 5161 σύγκλητον.
1918 5090 1983 5142 Ἢ

411 5188 470 5242 δὲ
509 5188 570 5241 ού
606 5186 920 5259 προσήκατο
950 5185 1283 5258 πειθαρχεῖν,
1313 5186 1463 5257 νόμῳ
1506 5182 1718 5254 παλαιῷ
1751 5182 1986 5251 λέγουσα

415 5281 492 5352 μὴ
526 5279 789 5351 πρότερον
819 5275 1184 5332 θεοποιεῖσθαί
1214 5295 1337 5333 τινα
1361 5279 1408 5331 εί
1450 5276 1524 5349 μὴ
1545 5276 1712 5349 ψήφῳ
1756 5276 1850 5329 καὶ
1894 5274 1983 5328 δό-

412 5389 584 5444 γματι
638 5371 768 5443 παρ’
794 5369 961 5441 αὐτῆς
1012 5369 1385 5444 ἐγκριθείη.’0
1428 5369 1486 5423 δὲ
1536 5369 1625 5423 τὸν
1678 5368 1775 5441 μὲν
1823 5368 1986 5439 νόμον

432 5506 450 5518 ..
485 5463 596 5533 (7'7)
627 5463 759 5529 Qum
786 5462 856 5533 ab
883 5462 988 5516 hoc
1018 5462 1142 5518 inde
1173 5463 1291 5518 loco
1318 5468 1643 5532 sequuntur.
1665 5457 1832 5533 Δαριιά
1878 5458 1989 5533 CQ~

414 5530 647 5590 drenum
701 5532 982 5603 excipiunt
1028 5548 1146 5587 eam
1184 5548 1360 5603 .quam
1397 5530 1572 5601 Supra
1627 5530 1877 5603 vidimus
1920 5530 1987 5603 de

418 5610 563 5658 Luca
595 5599 1265 5674 historiain,desinentem
1313 5599 1492 5659 verbis
1538 5604 1564 5655 ὁ
1608 5600 1781 5674 πατὴρ
1824 5599 1983 5655 αὐτοῦ

419 5674 592 5745 μέγας
618 5673 1040 5736 Κωνσταντίνος.
1760 5673 1763 5674 ⁷
1955 5683 1970 5692 '

2078 4455 2213 4528 ώπῳ
2240 4456 2435 4529 ὀθόνην
2458 4454 2667 4520 ἐπιθεὶς
2699 4454 3066 4526 ἐναπομάττει
3090 4456 3153 4509 τὸ
3175 4456 3371 4510 ἑαυτοῦ
3401 4457 3653 4527 ὁμοίωμα

2079 4549 2172 4604 καὶ
2204 4549 2479 4621 ἐκπέμπει
2505 4546 2582 4620 τῷ
2606 4546 2801 4620 ἐρῶντι
2833 4547 2896 4601 τὸ
2927 4534 3281 4619 ποθούμενον.
3322 4549 3432 4602 Καὶ
3472 4548 3654 4619 μέντοι

2080 4643 2174 4698 xal
2195 4641 2301 4715 πρὸ
2322 4640 2511 4695 τούτου
2535 4640 2696 4695 πάλιν
2720 4641 3001 4713 ἱστόρηται
3023 4640 3303 4705 ὡσαύτως,
3323 4642 3404 4695 ὅτι
3430 4657 3535 4712 περ
3560 4642 3652 4696 τοῦ

2080 4735 2288 4807 Κυρίου
2314 4733 2594 4805 τεχθέντος
2618 4735 2676 4786 ὲν
2692 4732 2960 4805 Βηθλεὲμ,
2981 4735 3010 4787 6
3033 4733 3139 4787 τῶν
3160 4734 3383 4806 Περσῶν
3406 4733 3655 4804 βασιλεὺς

2081 4823 2254 4895 εὐφυῆ
2298 4822 2423 4878 τινὰ
2446 4822 2751 4895 ,ζωγράφον
2787 4822 3111 4895 ἐξέπεμψεν,
3134 4823 3195 4888 δς
3236 4825 3337 4895 τήν
3359 4840 3418 4877 τε
3441 4823 3537 4877 τοῦ
3571 4842 3658 4879 τε-

2082 4914 2301 4986 χθέντος
2327 4913 2422 4969 καὶ
2456 4913 2557 4983 τῆς
2578 4912 2844 4985 τεκούσης
2869 4912 3053 4966 είκόνα
3075 4912 3379 4984 διαγράψας
3404 4912 3542 4985 πρὸς
3561 4914 3658 4968 αύ-

2081 5004 2172 5058 τδν
2200 5004 2426 5075 ῆγαγεν.
2469 5004 2533 5057 El
2569 5003 2628 5056 δὲ
2665 5003 2728 5057 ού
2766 5002 2945 5056 πάντα
2986 5001 3127 5056 κατὰ
3160 5003 3262 5075 τὴν
3287 5003 3658 5075 Εὐαγγελικὴν

2085 5094 2325 5166 ἱστορίαν
2365 5092 2797 5165 ἀναγέγραπται,
2837 5093 2898 5147 ού
2945 5092 3162 5156 πάντως
3201 5094 3352 5165 παρά
3381 5089 3541 5146 τοῦτο
3566 5094 3658 5147 καὶ

2084 5184 2306 5239 ἄπιστα.
2331 5184 2465 5239 Οὐδὲ
2502 5183 2613 5257 γὰρ
2645 5185 2812 5241 τάλλα
2839 5188 3040 5256 σημεῖα
3059 5184 3095 5239 ἀ
3117 5184 3369 5254 ἐποίησεν
3388 5186 3417 5237 6
3452 5183 3656 5256 Ἰησοῦς

2084 5273 2393 5345 ἁθετητέον,
2417 5273 2588 5328 πολλά
2610 5292 2674 5343 γε
2695 5275 2825 5328 δντα
2856 5273 2932 5338 ὡς
2967 5274 3103 5345 μηδὲ
3125 5276 3321 5346 χωρεῖν
3342 5273 3433 5326 τὸν
3458 5272 3656 5344 κόσμον

2086 5364 2210 5420 καθ’
2242 5365 2302 5419 ἐν
2327 5365 2668 5437 γραφόμενα.

2159 5455 2282 5533 (⁸78)-
2305 5455 2432 5511 Ηιιξο
2453 5472 2636 5513 rerum
2673 5457 2992 5533 conjimrlio
3020 5458 3253 5533 vulgatae
3279 5465 3518 5533 velerppi
3541 5462 3652 5509 Ira-

2089 5527 2284 5599 ditioni
2346 5541 2537 5599 parum
2568 5528 2862 5599 Iconvenit.
2909 5526 3088 5599 Ipsum
3122 5526 3277 5583 enim
3328 5526 3649 5584 Tha'ddmum

2090 5597 2442 5657 Christus'ad
2468 5597 2744 5669 Ahgnrum
2773 5599 2984 5671 lcgassc
3015 5598 3233 5654 dicitur.
