3992 6148
352 257 485 313 1301
601 334 614 350 ,

1814 264 2155 320 ADDENDA.

3464 279 3606 337 i309.

380 422 3575 463 ..ΜΨ-,Ἦ

343 547 614 628 Aliquot
642 548 907 610 Joannis
938 550 1202 634 Henrici
1236 553 1456 634 Nom:
1489 553 1900 632 conjectura),
1935 560 2440 633 emendationes,
2473 551 2927 628 adnotationes
2950 568 3018 628 in
3049 568 3282 632 incerti
3318 573 3604 634 auctoris

1093 630 1454 709 epistolam,
1490 630 1636 713 quae
1669 635 1745 696 ad
1775 635 2160 716 Diognetum
2197 630 2521 719 quendam
2555 641 2698 705 data
2730 653 2848 706 est.

419 894 566 951 llaec
595 896 883 966 epistolam
931 897 1016 954 bis
1053 899 1225 956 edidit
1262 899 1310 956 J.
1334 902 1446 957 Th.
1475 904 1536 958 C.
1575 904 1737 960 Otto:
1765 909 1918 977 prius
1946 919 1994 971 Α
2096 911 2216 967 Col.
2255 913 2418 979 H75,
2465 913 2504 969 1.
2538 913 2608 968 20
2644 917 3043 972 emendandum
3095 929 3177 976 est
3213 921 3445 994 μάθημα
3489 941 3606 977 τοι·

345 1005 464 1043 eam
505 990 800 1060 publicavit
823 991 877 1044 in
909 992 1068 1046 tertio
1102 992 1361 1063 Corporis
1404 997 1732 1067 apolugctar.
1761 1000 1919 1055 Chri-

343 1082 566 1137 stianor.
594 1083 776 1138 szeculi
801 1085 1022 1138 secundi
1047 1085 1318 1141 volumine
1347 1103 1376 1141 a
1405 1089 1833 1157 p.156-‘Ztl7,ed.
1856 1091 1917 1145 ll.

343 1173 531 1229 Denuo
563 1189 680 1229 eam
713 1175 896 1230 nimiis
925 1185 977 1231 et
1007 1177 1204 1246 sazpius
1225 1189 1308 1233 sat
1338 1181 1653 1248 vulgaribus
1685 1182 1922 1252 explica-

345 1265 585 1320 tionibus
616 1265 938 1322 inslructaln
971 1269 1141 1323 edidit
1175 1269 1324 1339 Lips.
1361 1271 1520 1327 1832.
1557 1271 1634 1327 De
1671 1289 1778 1343 qua
1808 1276 1921 1340 edi-

343 1358 489 1412 tione
516 1357 645 1428 quid
691 1361 1032 1415 sentiendum
1081 1362 1172 1428 sit,
1201 1365 1422 1419 uberius
1463 1366 1825 1434 explicuimus
1864 1369 1918 1423 in

340 1449 538 1504 Annal.
575 1449 830 1522 Theolog.
865 1451 1171 1510 Vindobon.
1223 1457 1329 1510 vol.
1365 1455 1455 1524 Vl,
1487 1459 1620 1514 fasc.
1655 1475 1694 1523 ι,
1726 1475 1779 1528 p.
1815 1461 1918 1514 150

343 1556 479 1610 seqq
493 1582 505 1594 .

413 1653 530 1708 Col.
565 1655 722 1722 1168,
774 1656 810 1711 1.
845 1656 911 1712 21
962 1659 1102 1713 mala
1140 1669 1226 1716 est
1258 1659 1446 1732 Steph.
1489 1665 1801 1722 coniectura
1827 1668 1918 1721 τὸν

344 1747 567 1817 κόσμον.
598 1748 684 1803 Cf.
718 1749 961 1822 Krueger
985 1753 1050 1807 ad
1086 1752 1309 1824 Dionys.
1363 1755 1595 1812 Halicar.
1631 1758 1710 1813 De
1739 1777 1919 1830 comp.

343 1843 492 1896 verb.
530 1859 584 1912 p.
613 1844 716 1900 454
745 1862 900 1918 seqq.
931 1856 985 1903 et
1011 1848 1183 1906 Kueh.
1206 1850 1300 1907 Gr.
1331 1851 1425 1908 Gr.
1467 1854 1493 1926 ς
1522 1855 1628 1912 454
1657 1856 1921 1914 Anmcrk.

344 1942 384 1986 t.
414 1933 478 1998 Il,
509 1951 560 2004 p.
599 1937 719 1992 129.

415 2025 548 2080 1.27
584 2027 812 2084 emenda
852 2047 865 2084 :
902 2031 1238 2104 ἀποδέχομαι
1275 2048 1372 2097 te;
1413 2049 1538 2089 nam
1567 2053 1632 2105 γε
1677 2037 1732 2091 h.
1768 2039 1805 2094 l.
1841 2041 1926 2094 ni-

343 2116 420 2170 hil
453 2117 760 2188 significare
783 2131 982 2190 potest.
1012 2122 1078 2178 Et
1107 2141 1230 2180 cum
1265 2141 1330 2179 ne
1358 2127 1514 2181 bruta
1561 2129 1780 2197 quidem
1831 2147 1924 2185 su-

342 2225 445 2266 nos
484 2213 617 2266 nihil
650 2215 1018 2282 significantes
1045 2218 1204 2272 edere
1232 2219 1514 2273 verissime
1543 2221 1744 2275 alicubi
1776 2221 1915 2279 God.

343 2303 689 2361 Her-manuus
735 2307 952 2372 dixerit,
983 2327 1040 2362 τε
1075 2311 1484 2366 rescribendum
1521 2323 1624 2380 est,
1657 2317 1803 2385 quod
1831 2333 1916 2373 se-

343 2396 530 2465 quenti
559 2397 653 2450 καὶ
685 2399 1028 2466 respondeat.

415 2486 547 2542 ibid.
585 2489 725 2542 male
757 2492 999 2544 nonnulli
1034 2495 1197 2560 genit.
1236 2495 1395 2565 προθ.
1430 2496 1499 2550 ab
1531 2499 1733 2553 omissa
1774 2515 1917 2576 pra}-

340 2593 459 2646 pos.
485 2577 647 2632 ἓνεκα
685 2591 932 2650 repetunt
962 2600 974 2636 :
1005 2592 1060 2636 tu
1091 2585 1162 2638 cf.
1195 2586 1364 2641 lexica
1392 2587 1445 2642 in
1479 2604 1531 2642 v.
1559 2589 1913 2662 ἀποδέχομαι.

415 2670 450 2724 1.
481 2671 549 2726 50
579 2672 645 2726 de
686 2673 762 2736 ὼς
795 2689 918 2729 cum
946 2676 1142 2731 inﬁnit.
1180 2687 1493 2735 constructo
1522 2683 1592 2737 cf.
1632 2682 1822 2739 Winer
1861 2701 1914 2756 p.

339 2761 444 2815 576
473 2763 558 2818 ed.
600 2763 666 2820 ν.
695 2765 822 2822 Otto
847 2782 946 2836 pro
963 2768 1028 2822 ἂν
1051 2769 1280 2823 ἀκοῦσαί
1301 2789 1359 2824 σε
1387 2773 1604 2844 scripsit
1629 2777 1720 2829 τὸν
1749 2779 1918 2832 ἁκού-

343 2870 542 2918 σαντα;
578 2854 887 2911 ἀκούσαντα
915 2857 1020 2912 iazn
1063 2859 1252 2929 Steph.
1283 2861 1539 2918 coniecit.
1576 2863 1708 2920 Dein
1736 2867 1916 2938 λυπη-

341 2945 499 3014 θῆναι
534 2944 891 3004 lloﬂ'mannus
918 2953 1059 3019 apud
1091 2950 1258 3006 Hefel.
1288 2951 1408 3010 Pat.
1437 2970 1526 3024 ap.
1549 2971 1680 3020 xcn,
1706 2957 1792 3012 ed.
1821 2957 1912 3024 lV,

339 3053 490 3104 pecua
522 3039 655 3108 aﬂici
681 3041 958 3096 transfert.

412 3149 529 3205 Col.
562 3151 718 3219 1169,
750 3151 784 3205 Ι.
821 3153 888 3206 18
919 3153 1146 3209 ἕκαστον
1187 3156 1258 3210 ita
1290 3156 1488 3221 Bazhl.,
1531 3157 1726 3226 Hefel.,
1766 3160 1911 3217 Otto.

411 3244 546 3298 1.19
593 3242 721 3298 Post
766 3245 978 3316 ἑκάστῳ
1021 3248 1288 3302 excidisse
1325 3251 1397 3304 ob
1443 3252 1907 3309 homoeoteleuton

337 3335 413 3398 ὡς
444 3335 481 3388 Ι.
512 3335 550 3388 1.
577 3337 835 3405 suspicati
871 3355 1097 3404 sumus;
1131 3340 1222 3394 sed
1273 3357 1380 3396 non
1409 3358 1547 3413 opus
1577 3353 1661 3399 est
1691 3361 1754 3401 ea
1784 3362 1912 3416 par-

339 3429 526 3482 ticula.

411 3522 446 3574 Ι.
484 3521 552 3574 :28
581 3520 757 3575 τέλεον
782 3521 825 3574 δ’
855 3523 1037 3586 αὐτοῖς
1070 3523 1290 3579 restitue
1329 3539 1394 3579 ex
1433 3525 1593 3582 codd.
1621 3527 1842 3599 Argent.
1879 3545 1907 3584 a

336 3614 592 3669 Cunitzio
623 3616 674 3668 in
705 3613 921 3671 Ottonis
954 3631 1112 3669 usum
1141 3616 1355 3671 collato.

406 3709 444 3764 l.
478 3708 548 3764 55
585 3709 746 3779 vulgo
773 3709 913 3764 male
937 3709 1257 3780 ἀργυρέους.

407 3801 444 3854 1.
481 3799 550 3855 ’59
584 3801 760 3855 scribe
787 3821 799 3855 :
829 3817 912 3864 τις
941 3800 1012 3854 cf.
1044 3798 1219 3852 Kueh.
1248 3800 1283 3852 Ι.
1310 3802 1345 3855 l.
1380 3801 1442 3867 ll,
1475 3818 1527 3871 p.
1556 3804 1644 3858 56.

403 3891 534 3948 Pen.
568 3894 762 3949 οὐκοῦν
797 3895 866 3951 cf.
897 3894 1170 3952 Kuehneri
1191 3913 1408 3952 excurs.
1446 3895 1510 3951 ΙΙΙ
1560 3898 1625 3952 ad
1655 3896 1906 3967 XenOph.

339 3985 676 4042 Memorabil.

409 4097 526 4151 Col.
557 4097 693 4150 “72
741 4098 777 4151 l.
802 4095 838 4150 9..
865 4097 965 4153 xiv
999 4115 1098 4170 pro
1127 4101 1218 4153 καὶ
1249 4111 1392 4158 recte
1426 4115 1611 4173 apogr.
1651 4099 1812 4157 Beur.
1858 4111 1912 4158 et

337 4190 458 4245 cod.
489 4191 710 4259 Argent.

410 4282 446 4335 l.
485 4282 550 4336 12
575 4286 816 4353 φρονοῖεν
852 4283 916 4336 ἂν
943 4285 1151 4341 coniec.
1193 4283 1415 4347 Hoffm.,
1461 4286 1556 4342 sed
1615 4287 1911 4341 ἀνταπόδο-

336 4393 425 4428 τον
457 4377 512 4430 h.
540 4376 578 4430 l.
611 4391 734 4430 esse
762 4377 869 4432 iam
895 4378 1029 4433 vidit
1061 4377 1251 4449 Steph.
1286 4377 1628 4434 Glossemata
1670 4395 1791 4436 esse
1816 4383 1913 4434 καὶ

337 4477 460 4536 post
509 4467 684 4522 σέϐειν
727 4479 782 4526 et
817 4472 1032 4540 φρονεῖν
1075 4470 1130 4526 h.
1173 4471 1210 4526 l.
1251 4471 1521 4538 diximus;
1567 4473 1644 4535 ὡς
1682 4488 1782 4543 pro
1831 4476 1910 4537 εἰς

337 4569 463 4614 ante
483 4561 601 4613 νεὸν
625 4562 858 4616 coniecit
881 4562 1023 4618 Otto.

408 4652 445 4705 Ι.
475 4651 544 4706 26
568 4654 978 4708 emendavimus
1021 4656 1056 4709 l.
1089 4655 1125 4708 1.
1156 4656 1263 4709 τῶν
1291 4657 1416 4724 τοῖς
1445 4656 1663 4727 κωφοῖς
1694 4657 1793 4728 τὴν
1816 4658 1911 4710 αὐ-

332 4747 433 4818 τὴν
453 4748 926 4818 ἐνδεικνυμένων
955 4767 1012 4817 φ.
1044 4749 1163 4802 τῶν
1187 4748 1273 4818 μὴ
1291 4750 1641 4820 δυναμένων
1674 4751 1768 4818 (cf.
1789 4750 1908 4805 Wi-

333 4852 432 4891 nter
469 4853 522 4907 Ρ.
560 4837 665 4892 256
707 4839 965 4894 Anmerk.
996 4840 1083 4894 ed.
1117 4838 1206 4911 V.)
1242 4859 1284 4894 τ.
1322 4859 1371 4893 τ.
1402 4841 1904 4913 μεταλαμϐάνειν...

331 4929 414 4996 τῷ
443 4931 539 5000 (ita
573 4933 682 4986 iam
718 4930 931 5002 Steph.)
964 4931 1040 5000 δὴ
1074 4931 1203 5001 (hoc
1225 4941 1279 4986 et
1306 4931 1452 5003 Otto)
1482 4942 1587 4989 etc.

403 5021 442 5075 1.
479 5021 549 5075 '50
589 5031 703 5092 lege
749 5020 884 5076 ἀλλὰ
920 5021 1025 5092 μὴν
1061 5021 1122 5075 τό
1144 5038 1208 5075 τε
1237 5039 1362 5092 περι
1400 5061 1413 5073 .
1450 5061 1464 5074 .
1499 5060 1516 5074 .

334 5113 456 5166 cod.
501 5113 746 5184 Argent.)
785 5114 1090 5183 ἄξιαλόγου,
1123 5116 1195 5167 οὐ
1225 5113 1389 5184 (quod
1429 5124 1645 5184 propter
1669 5116 1908 5170 homoeo-

333 5204 570 5259 teleuton
592 5205 861 5262 excidisse
892 5208 998 5261 iam
1027 5206 1160 5260 vidit
1181 5204 1466 5276 Stephan.)
1495 5206 1717 5278 νομίζω.
1748 5206 1903 5273 Quod

333 5295 380 5350 si
408 5296 496 5350 cui
525 5311 630 5351 non
658 5297 939 5365 placuerit,
962 5297 1101 5367 leget
1122 5296 1209 5366 μὴ
1239 5297 1379 5368 (ηοω
1405 5308 1488 5352 est
1519 5297 1786 5366 particula
1816 5297 1906 5351 in-

333 5387 680 5456 terrogativa)
737 5387 857 5444 loco
891 5388 996 5459 μὴν
1019 5398 1071 5443 et
1099 5399 1265 5459 ponet
1293 5398 1416 5460 post
1449 5389 1640 5460 μαθεῖν
1688 5389 1903 5459 signum

329 5480 794 5549 interrogationis.

399 5571 437 5624 1.
473 5570 542 5625 38
578 5570 833 5625 emendes
881 5568 1039 5625 nobis
1089 5571 1454 5641 praeeuntibus
1505 5570 1622 5634 πῶς
1671 5565 1786 5627 οὖν
1815 5568 1903 5625 Θέ-

333 5679 422 5730 μις
455 5665 603 5730 ecce;
636 5663 779 5736 quod
809 5672 862 5719 et
883 5661 1134 5720 Ottonem
1168 5665 1469 5723 coniecisse
1499 5664 1763 5721 videmus.

2025 1005 2355 1069 οὔτ’,ειοῐη
2386 1008 2676 1073 excellens,
2693 1011 2991 1082 egregium,
3008 1015 3349 1082 praclarum,
3382 1015 3434 1069 in
3453 1014 3602 1084 quod

2023 1108 2079 1154 et
2104 1115 2206 1152 van
2240 1098 2445 1167 Hench
2477 1100 2686 1157 incidit.

2097 1192 2133 1246 l.
2163 1192 2232 1245 δὲ
2270 1192 2555 1250 verissima
2597 1203 2682 1250 est
2723 1195 2927 1252 Marani
2969 1197 3312 1266 coniectura;
3351 1199 3606 1272 pet-frigi-

2024 1283 2154 1337 dum
2195 1293 2251 1338 et
2295 1285 2462 1341 nimis
2508 1284 2666 1356 longe
2700 1291 2990 1360 quaesitum
3031 1300 3116 1346 est
3144 1292 3289 1364 quod
3331 1291 3518 1349 OttOni
3547 1297 3603 1351 in

2026 1391 2257 1434 mentem
2290 1382 2462 1437 venit.

2092 1489 2210 1549 Cui.
2247 1493 2403 1560 1176,
2433 1494 2468 1548 Ι.
2509 1494 2579 1548 35
2618 1495 2971 1560 πλεονάζουσι
3027 1496 3095 1552 de
3143 1495 3474 1552 Christianis
3520 1498 3607 1552 in—

2024 1593 2178 1640 terne
2203 1586 2597 1653 crescentibus,
2630 1588 3030 1653 sc.virtutibus,
3054 1589 3288 1658 explicat
3313 1587 3460 1644 Otto.
3499 1605 3504 1608 ·

2097 1676 2133 1730 l.
2165 1678 2236 1732 45
2267 1678 2504 1746 ἀληθῶς
2533 1681 2675 1749 quod
2700 1690 2820 1751 post
2848 1680 3010 1744 αὐτὸς
3030 1683 3490 1752 typographorum
3516 1683 3600 1736 in-

2025 1770 2176 1824 curia
2205 1785 2270 1824 ex
2303 1770 2634 1826 editionibus
2659 1773 2881 1839 excidit,
2909 1789 2974 1828 ex
3008 1773 3198 1829 codice
3227 1775 3451 1844 Argent.
3476 1773 3604 1830 Otto

2027 1864 2080 1916 in
2113 1871 2260 1917 textu
2295 1873 2438 1918 recte
2465 1866 2729 1934 reposuit.

2095 1954 2132 2008 1.
2162 1955 2232 2008 44
2271 1953 2493 2012 Rectius
2511 1955 2789 2026 ἐνίδρυσε
2805 1972 2960 2028 apog.
2981 1958 3140 2014 Beur.
3163 1967 3217 2013 et
3230 1957 3352 2012 cod.
3379 1957 3604 2029 Argent.

2025 2049 2304 2103 exhibent.

2097 2159 2210 2214 Col.
2241 2160 2397 2226 1177,
2425 2161 2461 2218 Ι.
2496 2162 2646 2216 15οὐ
2665 2161 2894 2232 μενοῦν
2921 2164 3192 2219 rescribas
3213 2179 3337 2219 cum
3363 2163 3600 2220 Hefelee.

1955 2263 1996 2320 Β
2091 2253 2127 2306 l.
2165 2253 2230 2307 19
2260 2252 2391 2320 Quae
2419 2256 2876 2325 typographorum
2909 2257 3116 2310 incuria
3143 2257 3454 2333 exciderant
3483 2273 3604 2310 ver-

2020 2344 2087 2398 ba
2117 2359 2135 2398 :
2171 2344 2382 2416 ἔπεμψε
2431 2375 2480 2386 -
2506 2346 2739 2410 διωκῶν,
2781 2357 2926 2402 recte
2953 2363 3100 2402 nunc
3127 2349 3180 2402 in
3219 2348 3402 2402 sedem
3443 2364 3599 2403 suam

2018 2438 2269 2494 restituta
2303 2447 2452 2495 sunt.
2497 2439 2629 2494 Dein
2680 2439 2970 2512 κρινοῦντα
3020 2451 3164 2496 recte
3211 2441 3446 2497 coniecit
3485 2441 3604 2496 Ste-

2019 2531 2253 2600 phanus.
2298 2531 2420 2586 Mox
2447 2531 2861 2598 πλεονάζοντας,
2891 2533 3082 2587 eodem
3121 2533 3306 2599 modo,
3344 2544 3404 2589 ut
3436 2550 3600 2602 supra

2019 2625 2125 2679 col.
2146 2625 2309 2690 1176,
2336 2625 2374 2679 1.
2403 2625 2782 2696 55,explicare
2805 2625 2974 2679 voluit
3003 2624 3152 2681 Otto.
3187 2624 3330 2680 lnl'ra
3361 2626 3414 2680 in
3446 2626 3602 2680 initio

2020 2733 2142 2788 cap.
2173 2734 2271 2772 vni
2300 2717 2628 2782 ἀξιοπίστων
2663 2717 2870 2773 ironice
2900 2717 3109 2774 dictum
3137 2732 3260 2774 esse
3284 2728 3429 2772 recte
3456 2718 3604 2774 vide-

2019 2821 2147 2865 runt
2177 2811 2522 2881 interpretes.

2087 2936 2206 2991 Col.
2239 2936 2398 3001 1180,
2428 2936 2464 2990 l.
2504 2936 2537 2990 5
2574 2935 2923 3006 midyvzrdc
2953 2935 3242 3008 (=mitis)
3297 2935 3393 2991 καὶ
3441 2936 3597 3008 ἀόργ.

2017 3023 2408 3080 Hoﬂ‘mannum
2438 3024 2742 3080 coniecisse
2777 3025 2961 3081 Hefele
2986 3027 3055 3082 ad
3085 3029 3161 3082 hl.
3190 3029 3347 3083 dixit.
3449 3034 3456 3040 '

2086 3115 2124 3169 l.
2164 3113 2196 3168 8
2233 3115 2356 3169 loco
2383 3113 2450 3185 ἦν
2484 3113 2610 3170 Otto
2639 3116 2768 3171 velit
2791 3117 2996 3188 ταύτην
3026 3118 3289 3186 scriptum
3315 3134 3460 3173 esse.

2086 3209 2124 3264 1.
2163 3209 2234 3263 25
2272 3209 2687 3279 ἀπαγομένους
2720 3224 2788 3264 ex
2819 3210 2940 3265 cod.
2973 3211 3196 3280 Argent.
3231 3221 3378 3266 recte
3405 3214 3600 3268 rescri-

2016 3301 2123 3370 psit
2165 3298 2313 3366 Otto,
2349 3315 2474 3356 cum
2517 3310 2571 3357 et
2617 3300 2779 3356 Beur.
2813 3316 3003 3371 apogr.
3055 3301 3450 3373 ἀταλλομένους
3497 3305 3598 3360 ha-

2015 3393 2159 3448 beat.

2085 3488 2123 3542 l.
2162 3486 2233 3542 25
2270 3486 2362 3540 τὸν
2387 3485 2504 3540 νῦν
2537 3493 2685 3541 recte
2705 3485 2890 3541 Hefele
2918 3477 3220 3556 rescripsit.

2088 3581 2124 3636 Ι.
2159 3581 2230 3635 55
2267 3580 2476 3636 scribas
2507 3581 2817 3635 nobiscum.
2851 3618 2866 3634 .
2902 3619 2915 3632 .
2957 3579 3183 3651 δύναμιν
3225 3620 3238 3634 .
3274 3622 3286 3634 .
3324 3621 3337 3634 .
3367 3582 3488 3650 ὡς(
3529 3583 3637 3634 ευτ’

2015 3673 2297 3745 quoniam)
2324 3673 2424 3743 τῆς
2451 3673 2612 3726 ὑπεὸ.
2645 3671 2756 3742 φιλ.
2787 3672 2886 3744 μία
2912 3673 3099 3744 ἀγάπη
3143 3673 3491 3756 (subiectum
3506 3673 3594 3729 "est

2014 3767 2165 3821 verbi
2208 3764 2491 3836 ἐμίσησεν,
2543 3772 2646 3819 etc.
2674 3765 2692 3834 )
2730 3764 2825 3818 τοῦ
2854 3765 2904 3818 θ.
2939 3766 3040 3819 οὐκ
3069 3766 3213 3837 ὲμίσ.
3248 3768 3417 3840 ἡμᾶς,
3475 3767 3594 3820 οὐδὲ

2014 3856 2136 3920 ἀπ.,
2185 3856 2307 3910 οὐδέ
2350 3858 2470 3926 ὲμν.
2518 3854 2808 3914 (attendas
2852 3858 2918 3910 ad
2969 3851 3426 3930 polysyn‘deton),
3476 3859 3594 3912 ἀλλ’

2013 3947 2240 4019 ὲμακρ.,
2274 3950 2485 4020 im:qu
2519 3949 2659 4003 ἑκὼν
2687 3951 2770 4004 vel
2804 3947 3002 4003 ἐθέλων
3035 3945 3163 4018 '(‘cL
3199 3949 3338 4006 Just.
3384 3949 3588 4020 Expos.

2013 4051 2147 4096 rect.
2184 4040 2275 4094 ﬁd.
2306 4055 2356 4096 e.
2402 4041 2506 4106 11;
2556 4041 2713 4095 codd.
2759 4051 2812 4093 et
2857 4037 2980 4094 edd.
3023 4038 3215 4108 λέγων,
3240 4041 3400 4112 male)
3431 4043 3595 4103 αὐτὸς

2015 4132 2294 4203 (attendas
2320 4131 2386 4186 ad
2413 4130 2648 4212 subitam
2682 4126 2909 4184 siibiccti
2938 4131 3291 4186 mutationem
3316 4133 3334 4200 )
3359 4150 3410 4185 τ.
3446 4134 3501 4203 ὴ.
3530 4135 3586 4188 ἁ.

2014 4224 2317 4289 ἀνεδέξατοο
2364 4224 2526 4288 αὐτὸς
2582 4222 2861 4293 (fortasse.
2885 4239 2951 4279 ex
2975 4227 3419 4283 antecedentibus
3447 4230 3590 4282 male

2015 4318 2103 4372 hic
2130 4315 2440 4386 repetitum)
2466 4315 2578 4382 τὸν,
2608 4325 2714 4371 etc.

2081 4439 2198 4496 Col.
2235 4439 2365 4496 1181
2397 4441 2431 4496 Ι.
2462 4440 2533 4494 20
2570 4441 2864 4510 ἐπίγνωσιν
2915 4443 3138 4511 πατρός
3192 4443 3213 4514 (
3245 4445 3349 4500 hoc
3393 4447 3583 4502 vocab.

2013 4531 2210 4588 habent
2247 4549 2434 4603 apogr.
2470 4534 2632 4590 Beur.
2658 4545 2712 4591 et
2743 4537 2864 4591 cod.
2899 4535 3243 4607 Argent.).'0
3269 4539 3398 4612 γὰρ,
3439 4550 3544 4596 etc.

2081 4625 2118 4679 1.
2150 4625 2220 4680 25
2256 4626 2324 4679 τὰ
2348 4628 2408 4680 ὲν
2434 4626 2511 4697 τῇ
2548 4627 2646 4697 τῇ,
2675 4629 2751 4683 ita
2783 4639 3056 4698 praeeunte
3081 4629 3293 4704 Bochl.,
3322 4633 3412 4702 qui
3446 4641 3501 4687 et
3526 4635 3584 4686 ὲν

2009 4717 2158 4788 αὐτῷ
2192 4719 2442 4785 coniecit,
2463 4717 2682 4776 textum
2717 4722 3118 4778 constituerunt
3149 4723 3274 4778 Otto
3299 4735 3350 4779 et
3377 4724 3580 4780 Hercle.

2011 4807 2131 4863 Mox
2177 4825 2243 4863 ex
2275 4825 2464 4865 errore
2495 4813 2814 4883 typograph.
2849 4813 3025 4884 λόγιον
3057 4816 3176 4872 loco
3199 4817 3354 4886 λόγον
3382 4817 3437 4872 in
3467 4817 3582 4873 Ma-

2009 4903 2128 4956 rani
2156 4903 2446 4958 editionem
2476 4903 2786 4974 irrepserat,
2807 4909 2949 4977 quod
2984 4908 3100 4963 iure
3138 4921 3439 4966 correctum
3476 4922 3580 4974 est.

1555 4987 1766 5087 οὐδενὸς
1797 5022 1904 5092 (ita

2078 4996 2115 5049 l.
2146 4995 2217 5050 40
2254 4997 2374 5052 loco
2399 4998 2500 5051 ὅσα
2531 4998 2637 5053 iam
2662 5013 2805 5052 anno
2834 5000 2993 5065 1845,
3019 5017 3142 5055 cum
3174 5002 3408 5072 primum
3439 5003 3580 5057 hanc
3649 5003 3656 5008 ’

2009 5089 2296 5158 epistolam
2335 5090 2676 5160 legissemus,
2709 5092 2798 5158 ὃς,
2831 5092 2869 5148 ἃ
2897 5095 3293 5151 emendandum
3342 5111 3463 5152 esse
3501 5097 3581 5150 vi-

2009 5179 2226 5247 dimus;
2256 5197 2422 5250 quam
2453 5183 2820 5238 coniecturam
2843 5183 3000 5239 nobis
3025 5187 3279 5256 praecepit
3303 5202 3406 5241 van
3435 5185 3580 5241 Hen-

2009 5270 2114 5339 gel,
2147 5273 2230 5324 vir
2252 5272 2410 5327 nobis
2442 5273 2761 5329 Carissimus
2791 5283 2846 5329 et
2878 5275 3115 5331 maxime
3139 5277 3368 5332 amicus.
3406 5276 3578 5332 Verba

2004 5361 2180 5414 ταῦτα
2209 5363 2348 5417 ἐπιδ.
2385 5382 2443 5420 κ.
2494 5363 2707 5437 ἰηψτίει
2748 5367 3068 5437 tymgraph.
3097 5366 3574 5437 -in.edit.._MaI-an.

2588 5435 2593 5442 ι
2630 5411 2707 5420 --..
2751 5411 2794 5437 -J
2879 5411 3068 5437 οων...
3205 5411 3470 5428 -..ων-..-

2005 5453 2206 5508 omissa
2233 5465 2378 5511 recte
2405 5457 2462 5511 in
2494 5411 2676 5513 seEm
2703 5411 2872 5514 suat-5
2893 5435 3141 5513 restituta
3160 5411 3313 5514 amt.
3357 5435 3381 5486 λ
3431 5451 3444 5480 ¹
3475 5451 3482 5467 ⁵

2075 5569 2192 5623 Col.
2223 5571 2360 5625 1184
2391 5572 2426 5626 1.
2457 5571 2493 5625 2
2530 5573 2610 5640 εἰς
2633 5573 2699 5628 τὸ
2725 5572 2806 5645 (τὸ
2828 5571 2990 5628 habet
3010 5583 3153 5629 recte
3178 5572 3296 5629 cod.
3327 5572 3576 5646 Argent.)

2005 5660 2078 5716 πῦ
2086 5679 2116 5732 ρ
2128 5663 2201 5717 τὸ
2231 5663 2467 5718 αἰώνιον.
