4064 6330
632 314 698 371 11
1447 315 1510 371 S.
1559 312 2000 374 CLEMENTIS
2049 315 2067 372 l
2119 313 2261 373 BDN.

2354 313 2585 373 PONT.
2632 311 2891 373 OPERA
2934 311 3199 373 DUBIA.
3894 314 3960 371 12

628 444 721 501 sui
746 444 1149 499 imitationem.
1173 443 1357 498 Habet
1372 443 1526 498 enim
1548 443 1609 498 in
1632 460 1693 499 se
1718 445 1943 499 Patrem
1963 450 2019 500 et
2035 446 2261 510 Filium,

2347 442 2508 513 ⁵κόνςιι
2535 442 2775 518 γεγονὼς
2832 445 2965 497 Θεοῦ
2985 441 3074 495 καὶ
3120 440 3239 495 καθ’
3286 438 3569 513 ὁμοίωσιν,
3615 438 3739 518 φέρει
3777 440 3819 496 ἐν
3850 442 3959 497 ἔαυ-

626 539 685 590 et
712 533 1013 605 Spiritum.
1047 533 1117 587 Et
1147 532 1236 587 aio
1268 549 1383 603 quo
1414 533 1605 587 modo.
1631 534 1791 589 Mens
1813 534 2050 605 quidem
2073 533 2267 589 locum

627 622 816 677 Patris
847 621 1109 688 obtinet;
1138 620 1263 676 Filii
1322 637 1478 689 vero,
1518 621 1617 692 qui
1666 638 1734 676 ex
1782 627 1976 677 mente
2006 623 2269 695 gignitur

623 727 816 767 sermo
839 712 1110 774 interior;
1133 716 1189 765 at
1212 727 1337 781 quae
1361 709 1599 764 auditur
1622 726 1729 765 vox
1753 709 2115 782 prolationis,
2141 711 2267 782 Spi-

622 800 803 855 ritum
835 804 1230 871 reprsesentat.
1283 799 1353 853 Et
1397 797 1549 853 sicut
1596 799 1858 868 nunquid
1906 799 2101 855 existit
2133 808 2264 854 anle

620 904 951 944 sermonem
983 889 1281 942 internum
1337 902 1502 942 mens
1550 903 1676 957 quae
1725 886 1891 942 illum
1924 887 2149 960 gignit:
2183 889 2265 943 ita

618 994 723 1033 nec
752 980 887 1033 ante
918 981 1099 1032 Deum
1152 975 1431 1045 Verbum,
1476 975 1577 1047 qui
1625 977 1829 1048 genuit
1874 975 2040 1044 illud,
2073 977 2258 1033 Pater.

616 1068 687 1122 Et
719 1067 956 1136 iterum,
988 1065 1143 1121 sicut
1172 1080 1364 1120 sermo
1396 1064 1695 1121 sensibilis
1742 1082 1859 1120 non
1903 1066 2099 1121 existit
2128 1073 2261 1123 ante

616 1154 957 1210 sensibilem
979 1159 1247 1209 nostrum
1270 1153 1564 1225 spiritum,
1588 1154 1669 1209 ita
1686 1171 1790 1209 nec
1807 1154 1961 1210 Deus
1977 1155 2255 1221 Verbum,

615 1250 751 1299 ante
773 1243 1037 1298 divinum
1060 1259 1126 1298 ac
1150 1242 1441 1297 viviﬁcum
1465 1241 1781 1313 Spiritum;
1814 1243 1967 1299 sicut
1996 1248 2053 1299 et
2083 1260 2253 1316 supe-

614 1333 738 1388 rius
760 1331 1090 1404 exemplum
1113 1330 1551 1386 demonstravit.
1574 1332 1878 1403 Paucisque
1909 1332 2209 1404 interjectis
2233 1350 2252 1387 :

613 1420 673 1476 Si
694 1420 873 1491 enim,
898 1420 996 1476 lux
1018 1419 1283 1491 quidem,
1303 1436 1437 1474 cum
1462 1420 1540 1475 sit
1561 1419 1702 1475 solis
1724 1421 2032 1493 progenies
2056 1439 2069 1489 ;
2096 1421 2255 1476 simi-

609 1508 860 1582 literque
889 1508 1186 1581 splendor,
1217 1508 1369 1563 oculi
1396 1526 1408 1576 ;
1444 1512 1545 1563 aut
1574 1509 1726 1577 fons,
1752 1508 1808 1563 id
1831 1510 1982 1579 quod
2010 1509 2251 1566 fluvium

608 1598 901 1669 producit,
933 1614 1231 1669 nunquam
1264 1602 1460 1652 tamen
1502 1598 1745 1669 exstitit,
1780 1614 1968 1669 neque
2000 1598 2085 1654 sol
2119 1604 2252 1656 ante

606 1686 819 1757 lucem,
853 1704 1039 1758 neque
1069 1686 1273 1741 oculus
1305 1690 1436 1741 ante
1468 1685 1859 1757 splendorem,
1898 1704 2085 1759 neque
2117 1695 2251 1744 ante

608 1776 850 1831 ﬂuvium
882 1776 1049 1843 fons;
1084 1774 1257 1830 simul
1292 1774 1446 1829 enim
1480 1790 1546 1829 ac
1570 1773 1920 1829 intellexeris
1942 1775 2145 1846 solem,
2170 1778 2248 1832 si-

611 1864 732 1919 mul
764 1869 821 1920 et
850 1881 984 1920 cum
1015 1863 1113 1919 illo
1137 1863 1425 1934 intelliges
1445 1880 1512 1919 ex
1532 1879 1598 1918 eo
1623 1864 1985 1935 progenitam
2016 1864 2204 1921 lucem
2232 1884 2245 1934 ;

605 1959 663 2009 et
692 1953 868 2010 simul
897 1971 963 2010 ac
991 1952 1282 2026 intelliges
1312 1952 1567 2022 oculum,
1600 1951 1776 2007 simul
1808 1957 1865 2008 et
1894 1969 2028 2009 cum
2059 1971 2125 2009 eo
2156 1954 2243 2009 in-

606 2042 832 2116 telliges
854 2060 922 2099 ex
941 2044 1067 2115 ipso
1091 2043 1499 2115 procedentem
1525 2040 1897 2113 splendorem
1926 2060 1938 2110 ;
1972 2044 2245 2113 quemad-

602 2133 842 2188 modum
864 2137 922 2188 et
941 2133 1181 2188 ﬂuvium
1203 2149 1321 2187 una
1339 2148 1470 2187 cum
1496 2132 1652 2186 fonte
1685 2130 2106 2203 intelligimus:
2140 2149 2241 2188 eo—

597 2223 731 2278 dem
762 2238 996 2294 quoque
1018 2222 1189 2277 modo
1220 2220 1597 2293 cogitandum
1628 2224 1717 2275 est
1746 2221 1817 2275 de
1850 2220 2035 2289 Patre,
2068 2220 2233 2290 Filio,

591 2316 649 2367 et
676 2310 895 2383 Spiritu
929 2314 1153 2367 sancto.

2378 535 2455 603 τῷ
2494 527 2845 605 συμϐολικῶς
2890 534 2988 586 τοῦ
3035 531 3359 600 ποιήσαντος
3410 530 3510 599 τὴν
3564 530 3783 603 μίμησιν.
3823 532 3960 607 Ἔχει

2376 620 2478 694 γὰρ
2539 620 2589 674 ἐν
2645 620 2816 692 ἑαυτῷ
2874 618 3083 694 Πατέρα
3137 618 3227 673 καὶ
3286 618 3406 672 Υὶὸν
3465 617 3554 672 καὶ
3612 623 3823 693 Πνεῦμα.
3873 622 3963 674 Καὶ

2378 707 2524 783 λέγω
2554 730 2692 771 πως·
2728 710 2789 766 Ὁ
2841 710 2934 782 μὲν
2983 712 3129 776 νοῦς,
3174 707 3383 783 Πατρὸς
3428 706 3595 762 τόπον
3643 707 3814 784 ἐπέχειο
3851 710 3966 764 Υἱοῦ

2376 794 2454 865 δὲ,
2487 798 2513 852 ὁ
2546 797 2594 870 ἐξ
2626 797 2789 853 αὑτοῦ
2830 796 3150 870 τικτόμενος
3203 795 3388 871 λόγος’
3421 795 3511 851 καὶ
3562 798 3597 867 ἡ
3631 794 3797 872 ἔνηχος
3830 800 3967 875 φωνὴ

2370 892 2468 955 τῆς
2495 891 2797 961 προφορᾶς,
2847 884 2909 939 τὸ
2960 889 3179 957 Πνεῦμα
3225 883 3537 958 παρίστησι.
3589 885 3680 939 Καὶ
3725 884 3970 961 ὥσπεροῦ

2370 976 2714 1051 προϋπάρχει
2742 974 2873 1029 ποτὲ
2901 978 2998 1029 τοῦ
3029 971 3337 1028 ἐνδιαθέτου
3368 971 3537 1049 λόγου
3573 974 3600 1028 ὁ
3631 975 3856 1048 γεννήσας
3890 974 3977 1029 αό-

2367 1064 2458 1117 τὸν
2490 1068 2634 1137 νοῦς,
2669 1062 2845 1126 οὕτως
2878 1062 3002 1118 οὐδὲ
3030 1068 3125 1117 τοῦ
3175 1066 3309 1117 Θεοῦ
3368 1061 3542 1137 Δόγου
3574 1064 3602 1117 ὁ
3631 1064 3856 1138 γεννήσας
3884 1064 3972 1119 αὐ-

2368 1151 2457 1206 τὸν
2494 1154 2703 1226 Πατήρ.
2739 1151 2835 1206 Καὶ
2885 1150 3049 1207 πάλιν
3099 1149 3279 1227 ὥσπερ
3331 1149 3393 1207 οὐ
3423 1151 3751 1228 προϋπάρχει
3776 1157 3863 1206 τοῦ
3888 1152 3975 1206 ul-

2368 1242 2565 1309 σθητοῦ
2615 1244 2774 1314 ἡμῶν
2826 1240 3130 1313 πνεύματος
3182 1242 3209 1295 ὁ
3266 1240 3528 1311 αἰσθητὸς
3596 1239 3762 1317 λόγος,
3813 1241 3973 1303 οὕτως

2367 1327 2492 1385 οὐδὲ
2519 1334 2614 1384 τοῦ
2648 1330 2795 1393 θείου
2823 1328 2912 1384 χαί
2943 1334 3215 1399 ζωοποιοῦ
3247 1328 3561 1402 ΙΙνεύματος
3596 1330 3623 1384 ὁ
3648 1330 3759 1393 Θεὸς
3789 1330 3972 1407 Λόγος.

2362 1421 2538 1482 καθὼς
2596 1420 2685 1475 καὶ
2736 1420 2798 1474 τὸ
2854 1418 3116 1495 πρότερον
3176 1416 3421 1491 ἀπέδειξε
3476 1416 3826 1494 παράδειγμα.
3881 1419 3974 1474 Καὶ

2365 1509 2482 1581 μετ’
2536 1506 2720 1583 ὀλίγα·
2754 1508 2815 1564 Εἰ
2845 1509 2949 1584 γὰρ
2982 1512 3095 1586 ιρῶς
3130 1508 3224 1581 μὲν
3273 1506 3441 1578 ἡλίου
3491 1506 3740 1582 γέννημα,
3781 1509 3978 1581 ὁμοίως

2360 1599 2447 1652 καὶ
2505 1596 2788 1676 ὀφθαλμοῦ
2848 1597 3005 1673 αὐγὴ,
3065 1598 3101 1667 ἢ
3160 1598 3311 1672 πηγὴ
3373 1595 3624 1671 ποταμοῦ
3676 1592 3977 1672 πρόϐλημα,

2361 1686 2422 1740 οὐ
2456 1694 2783 1763 προϋπῆρχε
2815 1684 2871 1741 δὲ
2920 1707 3072 1758 ποτε,
3123 1681 3245 1741 οὔτε
3283 1691 3380 1741 τοῦ
3432 1686 3612 1764 φωτὸς
3656 1684 3821 1759 ἥλιος,
3863 1684 3982 1740 οὔτε

2357 1783 2456 1845 τῆς
2489 1776 2655 1852 αὐγῆς
2700 1774 3003 1854 ὀφθαλμὸς,
3037 1771 3160 1830 οῦτι
3187 1780 3284 1831 τοῦ
3333 1780 3582 1848 ποταμοῦ
3613 1777 3645 1844 ἡ
3680 1778 3838 1850 πηγήο
3872 1778 3982 1846 ἅμα

2358 1866 2461 1940 γὰρ
2495 1865 2787 1934 ἐπενόησας
2834 1863 3013 1937 ἥλιον,
3065 1864 3178 1937 ’ἁμα
3211 1865 3611 1933 συνεπινοήσεις
3642 1863 3775 1936 αὐτῷ
3807 1864 3891 1918 καὶ
3919 1865 3982 1918 τὸ

2356 1953 2407 2024 ἐξ
2456 1953 2617 2009 αὐτοῦ
2664 1952 2976 2026 τικτόμενον
3011 1957 3147 2030 φῶς⁶
3195 1953 3284 2007 καὶ
3318 1954 3430 2026 ἅμα
3462 1951 3758 2023 ἐπινοήσεις
3789 1951 3986 2031 ὀφθαλ-

2358 2045 2455 2116 μὸν
2492 2085 2507 2112 ,
2566 2043 2679 2117 ἅμα
2734 2043 3137 2112 συνεπινοήσεις
3194 2042 3341 2113 αὐτῷ
3396 2041 3486 2096 καὶ
3561 2041 3658 2109 τὴν
3725 2040 3773 2111 ἐξ
3824 2041 3986 2096 αὐτοῦ

2350 2136 2641 2207 προϊοῦσαν
2670 2130 2864 2206 αὐγήν·
2915 2131 2990 2193 ὡς
3035 2131 3125 2185 καὶ
3173 2129 3243 2205 τῇ
3274 2134 3425 2206 πηγῇ
3476 2130 3565 2185 τὸν
3607 2130 3838 2204 ποταμὸν
3871 2152 3986 2185 συν-

2348 2225 2687 2295 επινοοῦμεψ
2725 2220 2896 2283 οὕτως
2928 2220 3149 2290 νοητὲον
3194 2220 3284 2275 καὶ
3330 2218 3417 2274 ἐπὶ
3467 2220 3678 2295 ΙΙατρὸς
3723 2219 3807 2275 καὶ
3855 2220 3986 2275 Υἱοῦ

2344 2310 2434 2365 κὰὶ
2467 2310 2624 2384 ἁγίου
2656 2308 2993 2384 Ιινεύματος.

588 2435 821 2507 Reliqua
847 2434 969 2490 vide
996 2436 1055 2490 in
1086 2434 1257 2490 Notis.
1292 2463 1361 2474 —
1391 2433 1652 2490 Cotelerii
1697 2432 1975 2504 judicium
2031 2433 2098 2489 de
2128 2433 2485 2562 Clemeitztinis
2538 2438 2823 2508 pramitlit
2878 2434 3217 2493 Gallandius
3272 2434 3660 2491 Dissertationi
3707 2450 3818 2493 sua:
3864 2452 3986 2508 qua

2158 2523 2316 2562 sequi
2340 2525 2427 2562 ur.

2158 2523 2427 2577 sequitur.

1454 2748 1679 2876 DE
1800 2748 3089 2880 CLEMENTINIS

1039 2964 1723 3061 GALLANDII
1795 2965 2617 3063 DISSERTATIO
2687 2965 3528 3061 PROCEMIALIS.

1137 3135 1200 3207 (ν
1226 3142 1296 3191 et.
1322 3138 1558 3190 Patrum
1587 3134 1945 3206 Bibliotheca,
1978 3139 2019 3190 t.
2056 3137 2126 3193 II.
2159 3135 2439 3208 Venetiis,
2484 3136 2642 3207 1766,
2677 3135 2894 3206 in-fol.,
2929 3135 3179 3208 Proleg.,
3212 3154 3265 3209 p.
3302 3137 3416 3210 LV.)

646 3269 704 3343 I._
724 3271 1217 3343 Cassisn'rmoavm
1242 3283 1373 3343 opus
1401 3284 1511 3325 non
1540 3267 1812 3325 incelebre
1837 3285 1850 3325 :
1882 3270 2078 3342 quippe
2106 3270 2347 3342 antiquis
2376 3270 2631 3327 Ecclesiae
2658 3270 3017 3341 script-oribus
3038 3276 3406 3325 memoratum
3431 3277 3600 3342 atque
3633 3279 3976 3343 excerptum

580 3341 740 3397 Varia
771 3341 934 3411 hujus
962 3342 1138 3411 operis
1166 3341 1420 3411 partitio.

645 3413 714 3466 II.
740 3413 888 3485 Licet
915 3412 1448 3485 erroribusiscateat,
1507 3413 1694 3485 [ructu
1750 3420 1935 3467 tamen
1986 3412 2133 3467 haud
2185 3416 2339 3468 caret
2396 3414 2512 3485 ejus
2569 3413 2744 3477 lectio,
2797 3412 3126 3482 multiplicis
3176 3414 3237 3468 in
3278 3414 3476 3483 primis
3503 3413 3985 3485 doctrinzgcausa

572 3488 733 3554 atque
759 3484 829 3538 ad
854 3486 1165 3553 primarum
1194 3484 1471 3539 hazreseon
1500 3483 1753 3553 dogmata
1797 3485 2001 3537 melius
2044 3482 2445 3552 cognoscenda.
2502 3487 2581 3555 In_
2605 3485 2797 3555 multis
2820 3484 3041 3541 similia
3068 3492 3195 3539 sunt
3227 3482 3710 3555 Recognitionibus
3737 3482 3979 3541 Clemen

572 3558 692 3610 tina
716 3573 729 3622 ;
763 3569 887 3625 quae
916 3556 1393 3624 interpolationem
1424 3570 1629 3627 quoque
1652 3570 1814 3627 passa
1837 3569 1949 3609 esse
1976 3555 2246 3627 videntur.
2284 3555 2424 3622 Quid
2454 3553 2730 3627 Ομιλίαι..

644 3627 739 3682 ΙΙΙ.
772 3624 970 3681 Auctor
1000 3627 1445 3695 Recognitionum
1476 3634 1525 3681 et
1558 3626 1927 3680 Homiliarum
1982 3625 2471 3695 Clementinarum,
2507 3624 2672 3683 'unus
2701 3630 2754 3682 et
2808 3624 2954 3682 idem
3002 3641 3117 3683 esse
3158 3626 3391 3682 videtur.
3424 3628 3565 3682 Erat
3593 3641 3667 3682 ea:
3696 3629 3856 3681 secta
3888 3628 3985 3683 Na

572 3714 905 3755 marmorum.
940 3699 1117 3767 Longe
1144 3698 1308 3751 aliter
1336 3698 1498 3751 sentit
1526 3696 1593 3751 de
1623 3698 1765 3752 Filio
1799 3699 1902 3751 Dei
1930 3713 1993 3752 ac
2022 3698 2304 3754 Ebionitae.

645 3770 736 3824 1V.
772 3771 1053 3839 Duplicem
1081 3772 1139 3824 in
1172 3769 1388 3824 Christo
1418 3772 1679 3823 naturam
1709 3772 1978 3839 agnoscit.

639 3841 708 3895 V.
743 3840 939 3895 Omnia
966 3857 1067 3910 per
1094 3856 1221 3895 eum
1248 3848 1439 3894 creata
1467 3855 1579 3893 esse
1606 3839 1776 3894 docet.

765 3913 924 3992 Illius
953 3928 1077 3966 cum
1112 3912 1714 3992 EbionitispugnaLea:
1735 3911 1993 3992 pluribus
2024 3911 2161 3967 aliis
2190 3912 2487 3992 priricipiis
2513 3913 2867 3992 perspicitur.

638 3983 754 4040 VII.
788 3984 862 4038 De
891 3987 1132 4052 tempore
1159 3998 1263 4054 quo
1292 3982 1555 4053 scriptum
1587 3982 1953 4038 Homiliarum
1982 3998 2116 4055 opus
2142 3982 2517 4039 existimatur.

2554 3980 2665 4052 Quo
2690 3991 2843 4055 pacto
2873 3981 3155 4039 adornata
3184 3980 3369 4038 isthaec
3397 3980 3586 4038 editio.

637 4212 679 4267 Ι.
708 4211 825 4267 Ηοο
846 4212 1016 4269 estde
1039 4212 1505 4269 Clementinorum
1525 4228 1696 4285 opere
1716 4212 1950 4269 Jomms
1982 4214 2208 4269 BAP’I‘IS-
2240 4216 2282 4283 ί]
2322 4214 2679 4270 Antiocheno
2710 4215 2807 4286 (3).
2840 4213 3092 4268 Maximo
3125 4213 3204 4284 (4)
3245 4216 3302 4267 et
3342 4213 3600 4269 Cedreno
3631 4211 3714 4283 (5)
3751 4209 3979 4283 colligi

562 4315 650 4355 TE
679 4299 977 4355 COTELBRII
1019 4301 1308 4371 judicium
1361 4302 1573 4371 (Patres
1624 4302 1932 4371 apostolici,
1962 4306 2006 4367 Ι,
2038 4303 2165 4367 606)
2193 4319 2206 4359 :

640 4409 667 4436 ‹‹
699 4388 854 4444 Inter
886 4388 1069 4444 multa
1097 4388 1426 4461 apocrypha
1458 4405 1584 4459 quas
1633 4388 1914 4444 Clementi
1949 4391 2208 4447 Romano

563 4480 787 4534 veteres
818 4477 1170 4545 tribuerunt,
1204 4493 1571 4549 quorumque
1602 4494 1778 4533 causa
1811 4495 1947 4534 eum
1978 4479 2213 4535 videtur

566 4567 824 4638 primum
856 4566 1266 4623 historicorum
1299 4565 1824 4622 ecclesiasticorum
1858 4568 2211 4625 constituere

565 4660 919 4712 Sozomenus
949 4655 1047 4728 (1),
1082 4672 1193 4711 non
1227 4654 1515 4709 incelebre
1545 4653 1699 4709 istud
1734 4659 1857 4710 est:
1883 4659 2210 4729 excerpitur

567 4742 723 4797 enim
746 4760 779 4798 a
796 4743 1020 4799 Joanne
1042 4742 1400 4797 Damasceno
1428 4758 1441 4799 :
1465 4742 1813 4797 nominatim
1834 4759 1967 4798 vero
1987 4761 2206 4800 memo-

565 4836 728 4886 ratur
756 4832 813 4886 in
845 4832 1080 4902 Synapsi
1108 4830 1527 4893 Athanasiana,
1566 4830 1839 4887 Chronico
1869 4833 2205 4889 Alexandri-

561 4936 653 4988 no,
686 4922 929 4977 Historia
957 4921 1325 4976 ecclesiastica
1356 4919 1685 4991 Nicephori,
1721 4922 2009 4976 Anastasii
2041 4939 2201 4994 pres-

559 5008 741 5081 byteri
772 5012 860 5066 vel
894 5010 1136 5065 alterius
1170 5010 1546 5075 Collectanez‘s,
1577 5013 1633 5063 et
1664 5009 1901 5064 Niconis
1934 5012 2205 5068 Pandectc

556 5097 801 5154 inferius
836 5099 1068 5155 citanda
1099 5100 1169 5154 ad
1200 5098 1409 5153 Homil.
1464 5114 1565 5166 x11,
1626 5113 1753 5168 cap.
1812 5100 1901 5168 25,
1935 5105 2111 5171 atque
2144 5102 2202 5156 in

554 5186 858 5256 Epitomen
911 5206 1013 5259 per
1063 5187 1515 5259 Metaphrastem
1570 5187 1869 5241 redactum
1911 5194 2017 5243 est.
2053 5190 2200 5245 Con-

555 5280 818 5344 spectum
851 5282 1045 5332 autem
1080 5276 1261 5331 fuisse
1292 5276 1362 5330 ab
1406 5273 1728 5345 Epiphanio
1760 5275 1857 5347 (2),
1891 5278 2198 5334 Anastasio

627 5415 704 5559 (1)
736 5418 987 5487 Sozom.,
1019 5420 1165 5474 Hist.
1200 5418 1301 5473 lib.
1335 5434 1374 5487 1,
1403 5432 1529 5486 cap.
1569 5417 1621 5471 1.

650 5489 705 5559 2)
737 5489 964 5559 Epiph.,
998 5496 1146 5545 Ηκν.
1179 5506 1331 5558 xxvr,
1366 5506 1421 5543 ιι.
1458 5489 1545 5543 16.
1618 5558 1621 5559 ν

650 5489 705 5560 2)
737 5489 964 5560 Epiph.,
998 5496 1146 5545 Ηκν.
1179 5506 1331 5558 xxvr,
1366 5506 1421 5543 ιι.
1458 5489 1545 5543 16.

628 5558 705 5633 (3)
736 5558 1032 5633 ᾼιιιίειειεη
1065 5568 1272 5633 ριικει.
1304 5577 1399 5625 xx,
1445 5575 1576 5631 pag.
1606 5558 1732 5615 242.

631 5631 706 5709 (4)
739 5631 909 5702 Max.,
943 5631 1128 5690 Serm.
1158 5634 1230 5687 53
1259 5636 1316 5689 et
1341 5633 1430 5687 55.

687 5489 706 5704 l

2318 4308 2435 4369 tur,
2469 4304 2518 4358 si
2566 4319 2700 4358 cum
2751 4302 3107 4357 Clementinis
3158 4301 3376 4356 nostris
3426 4301 3503 4372 (6)
3557 4300 3746 4355 citata
3780 4316 3986 4356 eorum

2321 4391 2445 4447 loca
2474 4393 2873 4447 conferuntur.
2907 4389 3053 4454 Quin
3106 4389 3280 4445 etiam
3324 4389 3672 4444 Clementina
3707 4390 3872 4443 forte
3902 4407 3986 4445 no

2320 4482 2644 4535 minaverat
2672 4478 3031 4550 Nicephorus
3062 4481 3169 4535 GP.
3205 4479 3265 4533 in
3296 4476 3695 4534 Stichometria
3733 4493 3853 4532 seu
3892 4478 3986 4535 Ca

2320 4586 2469 4625 none
2500 4570 2972 4641 Scripturarum:
3032 4572 3090 4623 et
3147 4568 3246 4622 ubi
3303 4582 3460 4623 nunc
3517 4566 3771 4638 legitur,
3842 4584 3979 4637 apu

2317 4659 2675 4730 Scaligerum
2725 4662 2784 4714 et
2828 4656 3085 4721 Croium,
3135 4653 3455 4726 Κλήμεντος
3507 4647 3615 4720 λε’,
3648 4654 3719 4709 in
3760 4655 3986 4712 Critia

2316 4752 2510 4803 autem
2541 4748 2715 4801 sacris
2770 4753 2913 4801 tom.
2974 4746 3132 4803 VIII:
3197 4742 3473 4816 Κλήμεντ.
3529 4739 3636 4809 λε’,
3703 4743 3833 4797 hoc
3892 4760 3985 4799 εει

2315 4836 2622 4891 Anastasio
2701 4834 3143 4890 Bibliothecario
3248 4837 3585 4904 interprete,
3682 4833 3985 4887 Clement:

2313 4925 2533 4996 (χχχιι),
2564 4923 2645 4977 ibi
2695 4923 2965 4994 primitus
3015 4923 3302 4994 scriptum
3353 4926 3476 4976 erat
3503 4916 3857 4990 Κλημέντια
3898 4917 3986 4973 λϐ

2311 5018 2411 5069 aut
2442 5010 2757 5082 Κλημὲντια
2812 5004 2911 5066 κδ’.
2966 5012 3189 5066 Etenim
3241 5010 3505 5083 Synopsis
3554 5009 3748 5075 dicta,
3814 5026 3986 5078 qua!

2311 5101 2671 5172 Nicephorus
2722 5100 3003 5170 sequitur,
3056 5096 3371 5171 Κλημέντια
3421 5098 3613 5153 habet.
3673 5097 3744 5152 Si
3783 5104 3985 5153 auter

2310 5192 2560 5245 retineas
2608 5183 2712 5258 λϐ,
2763 5187 2852 5243 vel
2901 5189 3057 5244 dices
3104 5188 3324 5243 variam
3376 5186 3517 5242 olim
3568 5186 3774 5241 fuisse
3812 5186 3986 5257 huju

2309 5279 2522 5351 operis,
2575 5282 2641 5331 ut
2687 5278 3148 5347 Recognitionum,
3200 5275 3587 5342 divisionem;
3644 5275 3869 5330 fretus
3906 5292 3986 5332 at

3457 5459 3469 5471 .
3516 5416 3809 5471 170-173.

2379 5422 2454 5492 (5)
2486 5419 2751 5492 Gedren.,
2785 5418 3077 5492 compend.
3111 5419 3261 5489 hist,
3296 5434 3449 5492 pagg

2378 5487 2458 5565 (ὃ)
2491 5491 2783 5565 Qlement.,
2813 5487 2971 5565 hom.
3005 5508 3080 5565 ιν,
3114 5508 3172 5545 n.
3207 5487 3314 5559 16$
3366 5487 3525 5565 hom.
3561 5505 3622 5554 ιι,
3658 5487 3793 5559 32;
3833 5487 3986 5547 bon

2306 5562 2483 5632 ιν,⁷4;
2521 5563 2680 5619 hom.
2713 5579 2792 5629 ιι,
2824 5564 2880 5630 8,
2914 5563 2975 5617 11
3005 5580 3018 5632 ;
3052 5562 3210 5619 hom.
3244 5580 3325 5631 ιιι,
3357 5562 3427 5617 38
3456 5564 3513 5616 et
3542 5575 3674 5631 seq.
