4064 6330
121 414 174 472 13
1267 414 1800 475 CLEMENTINA.
1835 446 1911 460 —
1940 415 2355 477 PROOEMIA.
3444 420 3516 476 14

125 542 366 598 ctoritate
389 544 693 599 Francisci
720 543 989 598 Turriani
1014 545 1131 615 (qui
1168 544 1312 599 illud
1339 550 1546 600 nactus
1569 562 1769 600 manu-
1797 548 1851 612 Α
1881 545 2062 601 habes
2119 547 2296 616 infra,
2355 547 2413 601 in
2471 547 2801 618 Appendice
2874 553 3386 603 monumentorum
3447 550 3516 604 ad

123 633 383 703 scriptum
419 632 481 685 in
515 632 768 702 epistola
801 636 869 687 ad
904 633 1139 688 Hosium
1181 634 1534 689 cardinalem
1565 633 1754 705 praeli-

121 721 310 775 minari
367 722 721 790 Defensionis
773 738 870 792 pro
929 725 1227 778 canonibus
1284 725 1653 793 apostolorum
1704 734 1758 778 et

123 810 339 879 epistolis
369 811 720 879 pontiﬁcum,
753 811 890 864 citat
921 827 987 864 ex
1034 811 1183 866 libro
1231 829 1326 867 νιιι
1356 812 1545 866 locum
1581 829 1754 882 quom

122 900 196 953 hic
226 899 386 969 leges
420 899 625 952 homil.
663 916 800 958 xvu,
838 901 920 964 15,
955 905 1012 954 et
1045 904 1391 970 Defensz‘onz‘:
1422 901 1521 955 lib.
1547 919 1600 965 v,
1625 919 1752 972 cap.

122 987 232 1054 ult.,
267 1004 296 1041 e
331 986 481 1041 libb.
535 1003 586 1041 v1
630 993 690 1042 et
738 1005 836 1041 VIII
885 988 1007 1043 loca
1039 990 1239 1044 homil.
1273 1007 1350 1054 χι,
1383 991 1472 1056 22,
1507 995 1561 1044 et
1593 991 1749 1045 hom.

118 1093 216 1141 xw,
250 1076 356 1142 1‘2;
392 1075 453 1130 in
488 1075 1009 1147 Explanationibus
1041 1095 1172 1133 vero
1205 1079 1278 1133 ad
1305 1079 1526 1134 Constit.
1554 1084 1747 1150 apost.,

119 1163 205 1218 lib.
237 1182 299 1228 ιι,
335 1181 466 1236 cap.
501 1166 591 1236 36,
625 1163 826 1220 laudat
857 1181 886 1220 e
915 1165 1015 1220 lib.
1049 1183 1127 1220 VII
1176 1166 1366 1222 locum
1397 1168 1556 1222 hom.
1590 1185 1748 1233 xvuI,

117 1253 182 1318 4),
232 1253 318 1308 vel
376 1253 561 1320 dices,
623 1270 754 1308 cum
806 1253 980 1309 hocce
1027 1254 1324 1311 volumine
1372 1257 1752 1326 conjunctum

119 1342 286 1396 fuisse
314 1341 502 1397 alium
548 1343 811 1413 ejusdem
861 1343 1054 1398 farinae
1101 1344 1341 1403 librum.
1381 1346 1539 1399 verbi
1568 1347 1752 1417 gratia

117 1429 273 1483 illum
306 1430 408 1501 qui
442 1429 596 1484 Petri
629 1435 684 1485 et
734 1431 974 1503 Apionis
1004 1431 1429 1504 disputationes
1461 1433 1751 1505 complec-

119 1519 360 1573 tebatur.

190 1632 211 1654 ι
243 1608 405 1672 Quod
439 1607 489 1662 si
521 1607 693 1662 malis
723 1609 1007 1680 corrigere
1037 1603 1139 1674 κϐ’,
1185 1609 1504 1680 intelligere
1537 1611 1752 1680 poteris

117 1695 308 1766 viginti
342 1694 640 1760 homilias,
684 1697 988 1766 epistolam
1034 1696 1184 1751 Petri
1217 1705 1266 1752 et
1299 1698 1582 1753 Jabobum
1619 1716 1750 1754 cum

118 1785 558 1850 contestatione,
591 1801 655 1838 ac
686 1785 998 1855 epistolam
1032 1785 1348 1840 Clementis
1380 1788 1449 1841 ad
1479 1789 1749 1842 eumdem

116 1873 410 1927 Jacobum.
447 1872 669 1927 Poteris
701 1874 876 1928 etiam
910 1874 1216 1944 epistolam
1250 1875 1402 1928 Petri
1427 1877 1750 1946 separando

117 1979 146 2013 a
169 1961 613 2024 contestatione,
647 1962 882 2016 credere
912 1963 1194 2017 omissam
1232 1963 1409 2018 fuisse
1442 1964 1750 2034 epistolam

116 2050 447 2104 Clementis.
508 2049 674 2104 Certe
733 2067 798 2104 ex
858 2052 1176 2122 Epiphanio
1233 2053 1331 2121 (7),
1385 2053 1593 2108 Rufino
1651 2055 1746 2124 (8),

117 2138 311 2192 Photio
342 2139 416 2203 (9)
450 2143 507 2192 et
535 2137 765 2209 Sylloge
795 2137 903 2192 hac
953 2145 1153 2193 nostra
1193 2145 1440 2206 constat,
1473 2140 1751 2196 Clementi

115 2228 358 2297 ascripta
388 2225 723 2298 apocrypha
752 2227 823 2281 de
854 2227 1442 2298 peregrinationibus,
1473 2229 1753 2284 sermoni-

117 2317 242 2383 bus,
273 2315 502 2370 actibus
532 2321 591 2369 et
620 2315 1120 2386 disputationibus
1151 2317 1300 2371 Petri
1330 2335 1342 2384 ;
1377 2317 1562 2388 deque
1594 2335 1749 2373 reco-

116 2403 362 2474 gnitione
394 2403 712 2458 Clementis
742 2404 986 2474 ejusque
1030 2409 1336 2475 parentum
1388 2423 1452 2460 ac
1485 2407 1750 2472 fratrum,

114 2491 265 2546 varie
292 2492 625 2561 conscripta
653 2491 856 2556 fuisse,
888 2491 1251 2563 interpolata,
1285 2499 1556 2564 corrupta
1578 2499 1751 2566 atque

115 2581 426 2651 permista;
462 2585 520 2634 et
551 2580 904 2650 quibusdam
939 2580 1102 2635 libris
1135 2582 1349 2654 praeﬁgi
1376 2584 1607 2638 solitam
1630 2585 1749 2655 epi—

115 2669 316 2723 stolam
338 2670 486 2724 Petri
508 2671 575 2723 ad
594 2668 896 2732 Jacobum,
916 2669 1045 2724 aliis
1061 2670 1370 2725 Clementis
1389 2673 1458 2726 ad
1478 2673 1747 2727 eumdem

106 2759 228 2812 aliis
258 2763 574 2828 utramque
604 2775 617 2822 ;
651 2773 785 2811 cum
812 2763 1004 2812 tamen
1031 2759 1185 2813 idem
1210 2776 1357 2830 opus
1381 2766 1746 2829 sequeretur,

107 2847 401 2917 incipiens,
444 2845 585 2918 Ἐγὼ
619 2843 871 2915 Κλήμης.
919 2849 1040 2912 Quo
1071 2852 1246 2902 etiam
1297 2849 1376 2914 ﬁt,
1411 2855 1476 2902 ut
1509 2848 1748 2919 triginta

107 2938 212 2990 duo
242 2935 655 3005 Nicephoriani
688 2934 821 2988 libri
855 2935 1141 3006 complexi
1194 2937 1389 2991 forsan
1425 2936 1639 2992 fuerint
1672 2937 1746 2990 li-

108 3027 232 3078 bros
266 3026 467 3079 decem
509 3024 971 3092 Recognitionum.

170 3114 232 3167 ΙΙ.
265 3137 292 3162 ςι
331 3114 400 3167 Et
429 3129 564 3167 vero
597 3128 724 3183 quae
759 3113 967 3167 damus
987 3111 1367 3184 Clementina,
1392 3114 1526 3170 licet
1548 3117 1741 3187 nugis,

106 3201 230 3256 licet
259 3202 559 3256 erroribus
590 3205 872 3271 scateant,
908 3218 940 3255 a
983 3202 1450 3257 semichristiana
1487 3203 1742 3274 philoso-

1878 636 2297 703 Recognitiones
2327 635 2662 703 Clementis,
2696 652 2858 690 num.
2897 637 2919 690 1
2949 654 2962 702 ;
2993 637 3047 690 5.
3082 637 3332 707 denique
3361 637 3527 693 Nice-

1873 724 2092 794 phorus
2149 725 2288 778 dicit
2344 725 2475 795 (10),
2538 721 2848 794 Κλημὲντια
2906 740 3032 779 esse
3106 727 3176 796 τῇ
3255 722 3517 795 ἐκκλησίᾳ

1872 808 2257 884 εὐπαράδεκταο
2309 811 2364 865 id
2413 829 2541 866 vero
2573 811 2764 865 laudis
2798 828 3168 883 nequaquam
3214 812 3517 868 tribuisset

1873 898 2259 969 Κλημεντέοις,
2291 899 2404 954 nisi
2435 900 2738 954 incidisset
2769 900 2826 952 in
2873 916 2940 954 ea
2989 905 3323 972 repurgata.
3353 902 3517 955 idem

1862 989 2154 1058 judicium
2187 990 2305 1044 fero
2337 990 2406 1043 de
2439 987 2753 1043 scholiaste
2780 993 2989 1058 vetere,
3015 990 3184 1059 cujus
3205 990 3418 1045 mentio
3443 991 3508 1044 ﬁt

1871 1076 1929 1131 in
1958 1078 2431 1132 adnotationibus
2460 1077 2528 1132 V.
2559 1077 2619 1131 C.
2675 1077 2901 1132 Henrici
2940 1077 3155 1132 Valesii
3186 1079 3257 1132 ad
3292 1078 3505 1133 Euseb.

1871 1167 2010 1220 Hist.
2045 1166 2144 1220 lib.
2181 1184 2263 1231 III,
2296 1183 2419 1236 cap.
2452 1166 2540 1219 38.
2593 1166 2703 1221 Sed
2757 1166 3019 1222 fortassis
3063 1165 3423 1238 Nicephorus
3453 1171 3511 1222 et

1871 1253 2217 1309 scholiastes
2267 1254 2360 1308 ille
2410 1254 2674 1309 viderant
2721 1259 2948 1309 tantum
3002 1254 3290 1310 Simeonis
3323 1255 3510 1310 Meta—

1870 1343 2123 1413 phrastaa
2154 1343 2450 1412 Epitomen,
2485 1347 2585 1396 aut
2617 1342 2788 1396 aliam
2822 1342 2872 1396 ei
2915 1342 3189 1397 similem.
3225 1343 3510 1399 Ceterum

1871 1431 2024 1502 quod
2058 1431 2115 1484 in
2147 1432 2380 1501 SynOpsi
2430 1430 2752 1496 Athanasii,
2807 1430 3142 1485 Ctementina
3188 1432 3515 1488 referantur

1872 1536 2002 1573 cum
2036 1517 2200 1573 libris
2225 1518 2362 1573 Novi
2410 1518 2763 1574 Testamenti
2817 1519 3033 1589 quibus
3065 1520 3510 1593 contradicitur,

1869 1607 2021 1678 apud
2055 1607 2442 1679 Nicephorum
2473 1623 2606 1662 vero
2639 1607 2743 1662 CP.
2797 1624 2930 1662 cum
2965 1608 3330 1680 apocryphis,
3364 1611 3510 1666 ratio

1867 1705 1956 1749 est
1985 1694 2194 1749 lacuna
2225 1695 2534 1749 manifesta
2590 1693 2970 1749 Athanasiani
3003 1694 3239 1750 codicis.
3273 1696 3411 1750 Eam
3445 1700 3510 1751 tu

1868 1789 1924 1838 et
1953 1799 2020 1837 ex
2050 1789 2322 1838 contextu
2357 1783 2521 1838 facile
2551 1799 2853 1854 agnosces,
2887 1788 2943 1838 et
2987 1800 3089 1855 per
3114 1783 3506 1856 Nicephorum

1867 1889 1932 1927 ac
1963 1873 2336 1927 Anastasium
2357 1871 2689 1944 complebis.
3309 1877 3313 1882 '

1934 1984 1961 2010 ‹‹
1995 1959 2235 2030 Ὁμιλίαι
2287 1962 2437 2015 idem
2491 1966 2630 2016 sunt
2679 1965 2855 2032 atque
2907 1960 3234 2035 κηρύγματα
3286 1967 3342 2016 et
3390 1959 3505 2016 δια-

1865 2049 2051 2117 λέξεις,
2108 2052 2404 2120 coltoqnia,
2471 2067 2765 2114 sermones,
2807 2051 3246 2122 praedicationes,
3305 2051 3505 2107 disser-

1860 2141 2118 2204 tationes,
2152 2140 2335 2209 Epist.
2372 2139 2442 2193 ad
2464 2138 2770 2205 Jacobum,
2795 2155 2922 2210 cap.
2949 2142 3015 2207 2;
3043 2140 3314 2211 Epitom.,
3339 2158 3502 2196 num.

1865 2229 2004 2295 1115;
2038 2229 2512 2284 Ctementinorum
2547 2245 2586 2295 1,
2618 2228 2708 2282 20.
2761 2250 2788 2277 ›ι
2842 2228 3133 2283 Hactenus
3164 2228 3503 2286 Cotelerius.

1934 2317 2029 2371 IIl.
2063 2317 2279 2370 Verum
2310 2333 2420 2386 quo
2453 2317 2683 2388 plenius
2729 2318 3108 2388 dignoscatur
3141 2317 3504 2374 Clementino-

1860 2423 1984 2460 rum
2010 2410 2228 2475 auctor,
2263 2405 2556 2476 simulque
2577 2406 2635 2459 in
2658 2406 2866 2476 primis
2889 2407 2960 2461 ab
2983 2405 3164 2478 impia
3186 2406 3501 2464 Ebionismi

1861 2495 1989 2549 labe
2019 2498 2320 2565 purgetur,
2356 2511 2469 2562 qua
2499 2494 2694 2565 ipsum
2746 2493 2926 2549 fuisse
2966 2494 3336 2565 inquinatum
3368 2511 3503 2567 per-

1859 2582 2061 2637 hibent
2111 2582 2373 2637 nonnulli
2423 2599 2556 2636 cum
2602 2587 2864 2637 veterum
2914 2587 3038 2637 tum
3089 2584 3499 2654 recentiorum,

1859 2688 2042 2742 operae
2093 2674 2344 2741 pretium
2396 2671 2570 2726 fuerit
2618 2671 3055 2742 disquisitiones
3101 2672 3209 2727 hac
3257 2673 3328 2727 de
3376 2689 3436 2728 re
3467 2690 3501 2728 a

1858 2761 1976 2815 viro
2025 2761 2191 2815 docto
2243 2758 2591 2830 perscriptas
2643 2759 2737 2813 hic
2788 2761 2847 2814 in
2897 2761 3158 2815 medium
3190 2762 3497 2833 adducere,

1856 2865 2002 2919 quas
2021 2846 2344 2919 inspexisse
2363 2847 2692 2904 studiosum
2711 2848 2983 2904 lectorem
3004 2849 3157 2904 haud
3177 2851 3496 2920 pmnitebit.

1856 2938 1949 2994 Sic
1981 2937 2158 3009 igitur
2189 2937 2648 3008 prestantissimi
2677 2939 2870 3008 operis
2902 2943 3106 2994 auctor
3134 2940 3283 3009 (11):
3327 2962 3346 2988 α
3384 2939 3500 2994 Ho-

1855 3026 2150 3080 miliarum
2196 3032 2252 3080 et
2298 3027 2749 3097 Recognitionum
2797 3025 3295 3081 Clementinarum
3339 3031 3502 3083 tanta

1853 3119 1942 3170 est
1990 3114 2333 3181 similitudo,
2388 3119 2452 3168 ut
2500 3113 2799 3169 nonnullis
2845 3132 3030 3170 unum
3082 3119 3140 3170 et
3189 3115 3341 3170 idem
3374 3132 3500 3171 esse

1853 3219 2019 3273 opus,
2052 3203 2150 3257 sed
2186 3219 2299 3257 non
2343 3201 2522 3257 semel
2565 3203 2785 3258 editum
2836 3203 3121 3258 videatur.
3156 3203 3320 3258 Hunc
3352 3203 3498 3258 scri-

109 3291 258 3361 pbia,
306 3295 363 3345 et
411 3289 640 3354 heresi,
696 3289 983 3360 praecipue
1030 3290 1372 3359 Ebionitica,
1425 3293 1739 3362 profectis;
1775 3277 1816 3343 C
1856 3296 2078 3363 ptorem
2103 3290 2515 3346 circumcisum
2539 3290 2744 3355 fuisse,
2767 3295 2824 3344 et
2846 3290 3107 3345 Mosaicae
3131 3290 3502 3362 legisinipsa

103 3395 209 3433 non
243 3381 370 3435 sine
403 3380 592 3433 fructu
628 3384 822 3432 tamen
873 3378 1158 3450 legentur,
1204 3383 1328 3434 tum
1366 3385 1599 3451 propter
1631 3380 1742 3437 ele-

105 3469 356 3538 gantiam
390 3467 699 3533 sermonis,
731 3471 855 3520 tum
883 3466 1225 3538 multiplicis
1248 3468 1519 3522 doctrinae
1543 3486 1740 3539 causa,

100 3563 218 3612 tum
273 3557 528 3626 denique
590 3556 660 3609 ad
710 3555 919 3610 melius
968 3558 1370 3626 cognoscenda
1419 3557 1741 3628 primarum

108 3646 396 3700 hereseon
429 3645 725 3715 dogmata.
772 3648 832 3697 In
883 3643 1086 3699 multis
1135 3649 1327 3699 autem
1361 3645 1577 3701 similia
1606 3651 1744 3702 sunt

111 3733 446 3789 Ctementina
505 3731 1058 3803 Recognitionibus:
1138 3734 1293 3788 unde
1366 3735 1742 3805 probabiliter

102 3823 499 3876 existimatum
559 3821 862 3890 Turriano,
917 3837 982 3875 ea
1028 3838 1154 3876 esse
1203 3821 1374 3877 aliam
1427 3823 1738 3879 editionem

106 3909 560 3983 Ἀναγνωρῖσεων,
621 3911 692 3964 de
754 3927 870 3980 qua
943 3910 1190 3965 Ruﬁnus
1249 3911 1308 3965 in
1367 3912 1735 3983 praefatione;

101 4016 432 4070 quanquam
468 4003 671 4053 auctor
699 3998 1028 4070 Synopseos
1081 3999 1341 4054 Periodos
1373 4001 1522 4055 Petri
1556 4018 1588 4055 a
1623 4001 1737 4056 Cte-

97 4090 357 4143 mentinis
391 4088 720 4158 distinguit.
756 4088 863 4142 Sed
897 4091 952 4142 et
982 4087 1489 4159 interpolationem
1528 4091 1737 4146 factam

94 4193 219 4232 esse
251 4179 309 4232 in
345 4177 605 4232 homiliis
637 4177 788 4242 istis,
827 4177 1000 4247 idque
1031 4194 1147 4231 non
1185 4178 1639 4248 semel,conjicio
1671 4196 1737 4234 ex

101 4264 228 4320 his:
265 4269 314 4320 1.
349 4282 377 4320 e
408 4264 591 4320 simili
623 4271 776 4319 sorte
806 4280 1194 4335 congenerum
1229 4267 1732 4337 apocryphorum;

102 4351 154 4406 2.
177 4355 327 4424 quod
352 4371 417 4408 ea
442 4370 569 4424 quae
592 4354 649 4407 in
677 4352 945 4408 Chronico
962 4353 1335 4408 Alexandrino
1355 4359 1410 4407 et
1434 4373 1466 4408 a
1489 4355 1736 4410 Maximo

110 4444 495 4511 proferuntur,
526 4459 639 4497 non
675 4459 878 4512 parum
913 4441 1139 4496 diversa
1168 4443 1304 4508 sint,
1339 4459 1442 4496 nec
1474 4460 1585 4498 non
1612 4461 1739 4514 quae

109 4546 140 4582 ε
185 4530 535 4585 Damasceno
587 4530 877 4584 interdum
904 4547 916 4595 ;
941 4531 992 4584 3.
1019 4546 1085 4585 ex
1107 4531 1215 4584 hac
1240 4531 1735 4585 Eunomianorum

105 4620 428 4691 corruptela
466 4636 478 4674 :

104 4707 312 4775 κιίτῆν
347 4713 474 4780 γῆν,
533 4703 707 4759 ἔκτισε
762 4702 850 4758 καί
910 4705 998 4758 τὸν
1054 4705 1191 4759 υἱόν
1244 4724 1370 4777 quas
1421 4709 1739 4764 Turrianus

109 4796 165 4850 in
203 4798 535 4867 praefatione
585 4797 782 4852 Graeca
832 4796 902 4850 ad
955 4795 1375 4851 Constitutiones
1421 4798 1740 4867 apostolicos

115 4885 344 4940 adducit
373 4903 439 4940 ex
470 4885 816 4950 Arnmonio;
853 4885 901 4938 4.
954 4885 1092 4956 quia
1139 4883 1301 4939 locus
1331 4901 1360 4938 e
1394 4903 1502 4940 nis.
1538 4885 1742 4941 biblio-

113 4971 288 5027 thecae
317 4974 770 5028 Claromontana
805 4973 1020 5028 relatus
1052 4974 1201 5027 inter
1228 4974 1563 5029 testimonia
1593 4982 1743 5030 vete-

119 5076 267 5126 rum,
291 5061 463 5116 alium
495 5079 529 5116 a
557 5065 755 5116 nostro
781 5061 1123 5132 scriptorem
1153 5061 1454 5132 magisque
1478 5062 1638 5132 pium
1654 5080 1745 5118 sa-

1854 3379 2131 3450 religione
2163 3378 2491 3434 Christiana
2525 3380 2951 3447 observantem,
2996 3379 3216 3434 nemini
3249 3380 3497 3435 dubium

1852 3484 1979 3522 esse
2009 3467 2278 3522 arbitror.
2313 3467 2459 3522 Nam
2491 3483 2624 3522 cum
2659 3467 2717 3521 in
2769 3469 3240 3537 Recognitionibus
3275 3473 3402 3523 tum
3433 3468 3494 3524 in

1854 3555 2117 3610 Homiliis
2148 3555 2350 3610 Petrus
2386 3554 2657 3626 plurimis
2691 3555 2749 3608 in
2783 3554 2924 3610 locis
2956 3555 3254 3610 inducitur
3284 3555 3496 3611 lustra-

1851 3643 2038 3698 tiones
2067 3643 2343 3698 Judaicas
2365 3647 2466 3698 aut
2496 3643 2618 3712 ipse
2651 3658 2968 3712 usurpans,
3001 3649 3103 3697 aut
3135 3642 3265 3697 aliis
3291 3644 3493 3713 praeci-

1851 3732 2038 3803 piens,
2073 3748 2174 3786 nec
2205 3747 2338 3785 cum
2372 3729 2622 3785 ethnicis
2653 3729 2944 3800 baptismo
2967 3731 3227 3784 nondum
3250 3730 3497 3787 initiatis

1850 3821 2178 3876 comedens.
2215 3824 2350 3873 Post
2375 3817 2682 3890 epistolam
2718 3817 2866 3873 Petri
2900 3819 2970 3872 ad
3004 3819 3304 3884 lacobum,
3329 3819 3497 3875 indu-

1849 3909 2000 3963 citur
2025 3909 2278 3963 Jacobus
2307 3907 2557 3978 graviter
2587 3907 2875 3975 sanciens,
2901 3913 2965 3962 ut
2983 3907 3114 3963 libri
3143 3908 3496 3965 Praedicatio-

1847 4014 1983 4052 παθη
2009 3998 2183 4060 Petri,
2216 3996 2328 4051 nisi
2361 3996 2514 4050 fideli
2572 3995 2941 4062 circumciso,
2983 3997 3203 4052 nemini
3230 3998 3497 4052 commit-

1846 4091 2063 4140 tantur.
2101 4085 2241 4139 Vide
2290 4086 2568 4152 Recognit.
2616 4084 2717 4139 lib.
2751 4101 2829 4151 IV,
2877 4101 3004 4155 cap.
3037 4085 3108 4152 3;
3139 4085 3242 4140 lib.
3275 4102 3328 4154 v,
3363 4101 3492 4157 cap.

1847 4175 1936 4239 36,
1968 4179 2026 4228 et
2074 4173 2176 4228 lib.
2227 4190 2348 4235 vm,
2397 4188 2526 4242 cap.
2581 4173 2631 4232 1.
2684 4176 2742 4226 et
2785 4171 2990 4226 homil.
3046 4190 3086 4239 ι,
3137 4190 3261 4244 cap.
3296 4175 3400 4241 19;
3435 4191 3490 4242 x,

1847 4279 2014 4333 capp.
2079 4263 2103 4315 1
2165 4267 2222 4316 et
2277 4262 2385 4327 26;
2445 4277 2524 4326 ιι,
2580 4277 2749 4331 capp.
2806 4261 2898 4330 28,
2949 4260 3040 4328 29,
3090 4262 3181 4329 30,
3229 4262 3496 4332 31;xm,

1848 4368 2015 4422 capp.
2050 4351 2082 4403 4
2113 4354 2170 4404 et
2197 4351 2250 4403 9.

1919 4463 1945 4488 ‹‹
1980 4438 2181 4493 Citavit
2213 4438 2319 4492 hos
2350 4436 2532 4492 libros
2562 4437 2839 4508 Origenes
2883 4438 3028 4509 (12):
3065 4440 3220 4509 quod
3254 4440 3492 4511 quidem

1847 4544 2047 4583 eorum
2083 4526 2494 4596 antiquitatem
2526 4527 2907 4582 demonstrat.
2932 4527 3146 4598 Scripti
3170 4532 3381 4583 saeculo
3401 4543 3493 4582 se-

523 4619 608 4671 'Ev
663 4617 808 4692 ἀρχῇ
857 4617 1037 4678 κτίσας
1088 4617 1116 4670 ὁ
1167 4618 1294 4678 Θεὸς
1351 4619 1441 4671 τὸν
1512 4617 1735 4688 οὐρανὸν

1867 4617 2038 4672 :undo
2069 4619 2336 4681 exeunte,
2387 4631 2454 4669 ac
2484 4619 2615 4687 post
2652 4631 2872 4670 annum
2906 4616 3027 4686 170,
3061 4617 3111 4670 si
3151 4632 3352 4671 eorum
3385 4631 3493 4686 pa-

1852 4722 1986 4761 rens
2011 4722 2080 4760 ex
2137 4704 2462 4759 Bardesane
2521 4707 2785 4759 mutatus
2838 4708 2946 4773 est,
3009 4720 3136 4774 quae
3195 4704 3267 4760 ab
3314 4705 3495 4758 Euse-

1854 4793 2085 4864 bio(13)
2126 4808 2197 4847 ex
2248 4791 2392 4846 libro
2443 4791 2790 4847 Bardesanis
2840 4793 3200 4863 deprompta,
3250 4791 3496 4847 totidem

1851 4884 2044 4940 verbis
2078 4884 2353 4954 leguntur
2384 4880 2487 4937 lib.
2522 4900 2579 4937 1x
2611 4885 2907 4953 Rccognit.,
2942 4900 3068 4953 cap.
3105 4881 3192 4937 19.

1925 4996 1952 5022 ‹‹
1989 4971 2372 5043 Epiphanius,
2423 4971 2521 5041 qui
2573 4971 2679 5026 hos
2729 4971 2908 5026 libros
2950 4969 3230 5025 Clementi
3259 4969 3499 5026 omnino

1855 5061 2194 5133 suppositos
2245 5075 2358 5114 non
2407 5059 2662 5129 videbat,
2714 5060 2785 5115 ab
2834 5058 3141 5114 Ebionitus
3193 5062 3499 5129 corruptos

109 5145 200 5216 pit
223 5164 237 5212 ;
259 5161 384 5203 eum
415 5149 560 5203 forte
589 5147 760 5218 cujus
791 5149 1186 5219 fragmentum
1219 5152 1297 5203 De
1328 5148 1541 5220 Spiritu
1561 5155 1748 5208 sancto
1856 5149 2208 5206 existimavit
2227 5149 2337 5220 (14)
2363 5163 2712 5220 ;eorumque
2733 5148 2972 5220 perfidis
2997 5147 3268 5204 manibus
3291 5146 3504 5203 tribuit

198 5361 266 5449 £12
297 5361 516 5449 Epipb»
552 5363 710 5449 θεν.
730 5379 860 5449 δια»
894 5364 1075 5449 94.5.-

200 5433 269 5501 (8).
298 5432 505 5500 anim,

123 5502 354 5577 adulter.
388 5507 518 5561 libb.
557 5502 775 5577 Origen.

201 5574 268 5648 (9)
293 5577 474 5645 Phot.,
509 5574 676 5634 codd'.
714 5596 847 5646 exn,
879 5593 1038 5634 cxm.

220 5647 295 5713 10)
322 5649 580 5722 Niceph.,
611 5653 752 5707 Hist.
785 5651 914 5706 εδει.
950 5650 1050 5705 lib.
1096 5666 1184 5717 III,
1219 5665 1342 5777 cap.
1381 5651 1466 5708 18.

223 5719 296 5777 11)
322 5720 564 5777 Maran..
594 5724 831 5777 Divinit.
861 5724 926 5777 D.
975 5722 1041 5777 Ν.
1088 5722 1138 5777 Ι.
1187 5721 1269 5777 ϐ..
1325 5722 1406 5777 ib.
1438 5739 1466 5777 ιῑ

223 5719 831 5794 11)Maran.,Divinit.
861 5724 926 5779 D.
975 5722 1041 5778 Ν.
1088 5722 1138 5779 .I.
1187 5719 1342 5793 C.,li

609 5436 784 5490 rafat.
841 5437 912 5491 ad
965 5435 1109 5492 libb.
1160 5433 1428 5507 Recogm‘t.
1458 5441 1514 5494 et
1544 5436 1645 5495 lib.
1678 5440 1753 5495 De

1347 5722 1406 5780 b.
1438 5739 1501 5781 ιι.
1537 5739 1664 5800 cap.
1695 5724 1754 5799 7,

1859 5370 1887 5437 §
1915 5365 1969 5432 4,
2002 5379 2173 5492 pagg,
2204 5362 2458 5419 250-254.

1933 5437 2048 5492 (12)
2126 5453 2330 5492 mrem.
2364 5441 2458 5491 ton

1933 5433 2048 5508 (12)
2076 5433 2330 5508 Crigen.,
2364 5441 2505 5491 tom.
2539 5434 2634 5504 III,
2667 5439 2728 5492 in
2772 5437 2904 5494 Gen.
2935 5433 3211 5493 Philocal.
3245 5452 3374 5508 cap.
3403 5437 3504 5505 22,

1861 5514 1919 5566 et
1947 5511 2007 5563 in
2047 5508 2230 5562 Matth.
2263 5524 2416 5576 xxvr,
2450 5508 2502 5562 6.

1961 5581 2048 5652 13)
2081 5578 2314 5652 Euseb,
2347 5584 2530 5652 erp.
2565 5593 2780 5651 evang.,
2812 5581 2916 5637 lib.
2946 5597 3025 5650 vr,
3057 5596 3184 5652 cap.
3215 5579 3309 5638 20.

1959 5649 2046 5723 14)
2077 5650 2310 5724 Epiph.,
2341 5649 2489 5709 Haer.
2521 5666 2652 5721 xxx,
2685 5649 2717 5725 ἕ
2746 5654 2835 5712 15.
