4064 6330
653 420 727 477 15
1478 413 1541 472 S.
1589 407 2030 471 CLEMENTIS
2074 407 2097 465 l
2144 404 2333 466 ROM.
2378 404 2606 465 PONT.
2653 404 2913 465 OPEBA
2955 404 3219 465 DUBIA.
3924 403 3992 462 16

653 564 1015 621 quaecunque
1046 562 1253 618 parum
1301 558 1618 615 congruere
1666 557 1797 596 cum
1845 539 2154 595 Clementis
2185 538 2285 592 do-
2316 544 2372 609 Α
2402 537 2492 591 nis
2524 536 2676 608 Magi
2708 536 3091 608 ratiocinatio,
3140 553 3171 593 θ
3223 534 3686 591 Christianorum
3729 533 3992 607 principiis

653 638 843 695 ctrina
863 637 1235 692 videbantur.
1260 633 1578 690 Cotelerius
1599 630 1875 686 homilias
1896 627 2290 683 Clementinas

652 726 892 783 haeresis
922 725 1257 782 Ebionitice
1288 723 1441 778 notis
1471 721 1732 793 signatas
1777 718 2089 773 existimat.
2122 715 2291 770 Tille-

654 816 914 872 montius
946 814 1167 870 nullam
1211 813 1283 869 ad
1316 828 1438 867 rem
1480 808 1652 865 utiles
1684 812 1868 880 putat,
1901 807 2014 861 nisi
2046 807 2188 861 forte
2220 803 2291 859 ad

652 905 1045 978 cognitionem
1077 900 1477 959 Ebionitarum
1509 898 1806 953 doctrinas.
1830 895 2071 951 Videtur
2090 909 2292 949 eorum

652 994 911 1067 Opinioni
960 994 1174 1059 favere,
1220 990 1375 1061 quod
1426 1005 1575 1061 sape
1624 992 1826 1043 auctor
1882 983 2290 1052 Homiliarum,

651 1082 975 1155 praesertim
1004 1097 1137 1136 vero
1170 1077 1375 1133 homil.
1410 1095 1472 1144 11,
1505 1094 1631 1148 cap.
1682 1077 1772 1142 38,
1818 1073 1965 1129 falsa
1994 1072 2144 1127 veris
2174 1087 2295 1141 per-

655 1172 832 1226 mista
861 1170 1046 1225 fuisse
1075 1169 1136 1223 in
1170 1169 1353 1224 sacris
1383 1164 1698 1238 Scripturis
1730 1162 2104 1235 pronuntiat:
2138 1159 2293 1230 quod

655 1259 894 1332 quidem
926 1260 998 1313 de
1028 1256 1347 1329 Scripturis
1373 1255 1657 1325 judicium
1692 1250 1978 1307 Ebionitis
2009 1249 2292 1304 usitatum

654 1353 713 1405 et
740 1348 1002 1404 solemne
1035 1348 1165 1417 fuit,
1196 1350 1262 1401 ut
1307 1350 1461 1401 recte
1512 1343 1780 1398 observat
1810 1338 2146 1397 Cotelerius.
2180 1337 2290 1392 Sed

652 1453 787 1493 cum
818 1437 944 1508 ipse
974 1435 1138 1491 Philo
1169 1436 1239 1490 de
1272 1433 1619 1490 formatione
1648 1432 1770 1486 Evaa
1800 1446 1870 1485 ex
1898 1426 2107 1483 Adami
2131 1430 2295 1481 costa

652 1526 1033 1598 pronuntiare
1062 1541 1176 1580 non
1209 1523 1437 1579 dubitet
1465 1522 1598 1593 (15),
1641 1518 1791 1588 Quod
1810 1534 1873 1573 ea
1902 1517 1967 1573 de
2003 1532 2061 1572 re
2088 1515 2294 1571 dictum

651 1621 755 1681 est,
786 1615 1103 1685 fabulosum
1131 1629 1282 1677 esse;
1326 1612 1463 1667 licet
1508 1611 1659 1665 hanc
1705 1608 2091 1663 temeritatem
2122 1603 2291 1659 Ebio-

652 1698 910 1759 ni‘tarum
944 1703 1238 1775 propriam
1270 1718 1385 1756 non
1415 1699 1724 1766 fuisse,sed
1774 1697 1996 1752 dudum
2021 1692 2291 1750 aJudaais

652 1792 1062 1864 excogitatam,
1092 1808 1206 1862 quo
1254 1789 1480 1845 facilius
1528 1788 1834 1859 Scriptura:
1882 1785 2010 1839 loca
2041 1798 2291 1855 quorum

652 1882 1025 1937 subabsurda
1056 1880 1281 1951 species
1324 1878 1651 1944 videbatur,
1702 1874 2055 1946 expedirent.
2102 1874 2297 1937 Quan-

652 1987 827 2041 quam
852 1970 1151 2025 fatendum
1173 1973 1262 2025 est
1283 1967 1466 2023 multo
1485 1966 1763 2022 audacius
1782 1969 1839 2019 et
1858 1963 2112 2043 ineptius
2135 1959 2293 2031 loqui

655 2063 955 2115 auctorem
987 2057 1396 2125 Homiliarum,
1426 2072 1601 2127 quam
1640 2053 1964 2109 Philonem.
1999 2050 2109 2106 Sed
2138 2049 2293 2121 quod

653 2148 946 2204 evidenter
973 2148 1181 2220 probat
1210 2146 1367 2202 hunc
1397 2145 1759 2216 scriptorem,
1780 2142 1886 2197 etsi
1911 2138 2293 2195 circumcisus

656 2240 713 2292 et
741 2236 885 2307 legis
932 2236 1244 2292 retinenda;
1294 2235 1594 2290 studiosus
1641 2232 1774 2299 fuit,
1824 2229 2068 2285 minime
2096 2231 2293 2282 tamen

654 2324 979 2381 Ebionitam
1011 2324 1193 2380 fuisse
1222 2341 1235 2392 ;
1266 2340 1334 2379 ea
1364 2324 1435 2378 de
1467 2322 1608 2377 Filio
1638 2320 1737 2377 Dei
1768 2320 1826 2374 in
1857 2316 2126 2373 Homiliis
2152 2319 2209 2370 et
2230 2314 2291 2369 in

651 2414 1136 2483 Recognitionibus
1184 2411 1407 2479 statuit,
1458 2428 1583 2482 qum
1637 2410 1709 2465 ab
1750 2406 2146 2464 Ebionitarum
2175 2403 2291 2458 hai-

649 2504 765 2559 resi
792 2520 1031 2574 prorsus
1061 2502 1429 2559 abhorreant.

720 2615 749 2642 ‹‹
784 2593 965 2647 Nemo
995 2596 1085 2647 est
1115 2590 1215 2661 qui
1248 2608 1362 2645 non
1404 2588 1714 2661 perspiciat
1760 2587 2078 2641 immanem
2112 2585 2291 2655 hujus

648 2679 951 2749 scriptoris
984 2680 1055 2733 ab
1086 2676 1372 2732 Ebionitis
1403 2675 1880 2746 discrepantiam,
1914 2674 1963 2729 si
1988 2673 2142 2745 legat
2163 2690 2289 2741 quaa

649 2765 851 2821 homil.
883 2782 923 2831 ι,
956 2782 1082 2836 cap.
1113 2766 1168 2832 7,
1205 2781 1235 2818 a
1268 2761 1815 2834 pseudo-Clemente
1838 2766 2171 2827 narrantur,
2194 2776 2292 2814 au-

649 2853 809 2909 disse
836 2870 899 2909 se
958 2854 1152 2908 Romaa
1184 2852 1295 2908 sub
1340 2851 1591 2918 Tiberio,
1642 2866 1775 2905 cum
1799 2850 2036 2921 quidam
2062 2847 2292 2920 publice

650 2942 966 2999 clamaret:
1021 2944 1135 2999 Viri
1182 2943 1440 3005 Romani,
1484 2940 1712 2995 audite:
1768 2940 1943 2994 Filius
1996 2940 2095 2993 Dei
2140 2938 2293 2993 adest

649 3033 711 3086 in
741 3032 959 3088 Judeea.
990 3030 1168 3086 Addit
1199 3047 1260 3087 se
1311 3031 1401 3085 his
1433 3030 1648 3085 auditis
1682 3027 1924 3083 moleste
1954 3028 2158 3083 tulisse
2191 3044 2290 3083 ne-

650 3120 872 3175 minem
893 3136 959 3175 ex
992 3123 1153 3175 tanta
1176 3119 1483 3175 hominum
1508 3117 1907 3183 multitudine,
1927 3121 2045 3172 tam
2077 3131 2290 3188 magno

650 3213 883 3280 accepto
915 3208 1120 3264 nuntio
1151 3209 1403 3264 dixisse:
1437 3209 1503 3262 In
1545 3208 1806 3262 Judzeam
1839 3204 2193 3277 proﬁciscar,
2227 3207 2293 3259 ut

2402 627 2601 697 petita,
2635 631 2976 697 argumento
3008 630 3096 682 est
3124 625 3390 680 Christus
3420 625 3492 679 ab
3523 624 3629 691 eis,
3664 640 3763 679 non
3792 628 3848 680 ut
3875 625 3992 680 sim-

2401 713 2611 785 plicem
2673 714 2992 785 hominem,
3047 714 3147 785 qui
3208 713 3390 769 Filius
3448 714 3551 769 Dei
3626 713 3992 770 nominetenus

2402 802 2653 870 dicatur,
2709 804 2810 858 sed
2866 808 2932 858 ut
2986 802 3187 875 ipsum
3248 802 3342 858 Dei
3394 802 3630 871 Filium,
3666 801 3756 872 qui
3781 802 3832 857 in
3860 802 3992 859 hunc

2402 892 2689 947 mundum
2721 909 2750 947 e
2781 892 2922 947 cmlo
2952 893 3194 952 venerit.
3224 892 3529 947 adoratum
3565 890 3761 948 fuisse.

2473 980 2566 1034 IV.
2618 1003 2645 1030 «
2680 981 2979 1052 Duplicem
3039 980 3251 1037 Christi
3310 985 3581 1036 naturam
3644 980 3992 1036 demonstrant

2403 1085 2528 1141 quae
2590 1074 2789 1126 Petrus
2840 1070 2976 1125 huic
3027 1070 3285 1126 Simonis
3335 1076 3681 1141 argumento
3728 1074 3992 1141 respondet

2402 1157 2606 1214 homil.
2656 1175 2816 1227 xvm,
2874 1176 2999 1231 cap.
3034 1161 3138 1215 i3:
3172 1162 3393 1234 Πρῶτον
3457 1158 3553 1231 μὶν
3612 1157 3711 1232 γὰρ
3756 1154 3992 1212 δύναταιί

2402 1244 2571 1319 λόγος
2655 1246 2898 1321 εἰρῆσθαι
2993 1248 3131 1322 πρὸς
3226 1245 3428 1309 πάντας
3524 1243 3822 1319 Ἰουδαίους,
3889 1246 3992 1301 τοὺι

2400 1335 2603 1409 πατέρα
2659 1336 2981 1408 νομίζοντας
3037 1336 3166 1391 εἶναι
3223 1340 3320 1393 τοῦ
3395 1340 3633 1413 Χριστοῦ
3703 1336 3784 1392 τὸν
3835 1333 3989 1392 Δαϐίὸ

2400 1423 2490 1477 καὶ
2547 1422 2704 1478 αὐτὸν
2761 1420 2819 1478 δὲ
2870 1424 2962 1479 τὸν
3046 1423 3274 1501 Χριστόν
3346 1425 3470 1480 Υἲὸν
3546 1419 3694 1496 ὅντα,
3747 1424 3825 1480 καὶ
3894 1426 3992 1480 Υἱὸ·

2401 1509 2535 1567 Θεοῦ
2586 1513 2663 1585 μὴ
2709 1512 3016 1587 ἐγνωκέναι.
3067 1515 3160 1568 Διὸ
3222 1516 3313 1568 καὶ
3389 1514 3601 1577 οἰκείως
3658 1511 3869 1589 εἷ’ρηται·
3914 1513 3991 1572 Οὔ

2402 1597 2512 1663 δεὶς
2597 1599 2738 1676 ἔγνω
2799 1602 2890 1656 τὸν
2950 1602 3179 1679 Πατέρα·
3234 1602 3347 1658 ἐπεὶ
3414 1602 3531 1658 ἀντὶ
3600 1607 3694 1658 τοῦ
3744 1608 3883 1675 Θεοῦ,
3928 1605 3991 1658 τὸ

2402 1684 2567 1745 Δαϐἰδ
2616 1688 2807 1752 πάντες
2877 1688 3083 1767 ἔλεγον.
3145 1692 3215 1747 Τὸ
3274 1690 3330 1747 δὲ
3390 1691 3653 1763 ἰπάξαντα
3704 1692 3878 1747 εἰπεῖν·
3931 1695 3991 1747 Ὠ

2402 1776 2527 1832 οὐδὲ
2580 1779 2670 1833 τὸν
2736 1779 2855 1833 Υἱόν
2932 1801 3016 1842 τις
3094 1778 3255 1836 οἶδεν·
3318 1780 3435 1836 ἐπεὶ
3516 1781 3675 1835 αὐτὸν
3746 1781 3857 1836 Υίὸν
3928 1782 3991 1836 οὐ

2401 1864 2640 1941 ᾔδεισαν.
2702 1866 2800 1922 Kal
2854 1870 2916 1924 τὸ
2973 1867 3161 1923 εἰπεῖν’
3223 1872 3314 1931 Οἷς
3389 1870 3448 1925 ἂν
3522 1870 3781 1946 βούληται
3827 1872 3853 1925 ὁ
3906 1873 3992 1927 Υἱὲ

2404 1956 2771 2030 ἀποκαλύψαισ
2857 1956 3032 2032 ὀρθῶς
3109 1957 3340 2032 εἴρηται.
3400 1960 3460 2017 Ὀ
3535 1960 3638 2035 γὰρ
3708 1959 3791 2014 ἀπ’
3858 1961 3992 2035 ἀρχαὶ

2404 2043 2477 2099 ὢν
2537 2046 2680 2116 Υἱὸς,
2743 2045 2904 2119 μόνος
2978 2046 3206 2120 ὡρίσθη,
3262 2045 3351 2102 ἵνα
3428 2049 3509 2105 οἷς
3577 2046 3830 2122 βούληται
3897 2050 3992 2105 ἀπ(

2401 2133 2638 2207 καλύψῃ.
2718 2138 3014 2192 Enimvero
3090 2139 3332 2209 primum
3422 2143 3597 2210 potest
3675 2142 3992 2196 testimoniui

2402 2241 2513 2281 esse
2536 2225 2745 2280 dictum
2792 2225 2863 2281 ad
2908 2242 3100 2282 omnes
3150 2227 3379 2295 Judzos,
3412 2230 3510 2299 qui
3535 2228 3796 2297 putabant
3821 2234 3992 2297 patrea

2399 2317 2612 2373 Christi
2655 2332 2768 2371 esse
2812 2317 3094 2388 Davidem,
3145 2333 3232 2374 eos
3279 2335 3390 2374 non
3420 2320 3728 2390 cognovisse
3757 2319 3992 2377 Christu:

2398 2405 2603 2459 Filium
2634 2404 2934 2476 (hominis),
2966 2409 3016 2460 et
3062 2405 3265 2460 Filium
3317 2406 3438 2460 Dei.
3473 2407 3659 2473 Quare
3689 2414 3802 2477 apte
3828 2407 3992 2462 dictut

2399 2496 2496 2560 est,
2528 2494 2695 2549 Nemo
2724 2496 2875 2548 novit
2902 2494 3143 2559 Patrem,
3191 2496 3323 2566 quia
3366 2511 3469 2564 pro
3520 2497 3622 2551 Deo
3652 2512 3831 2550 omnes
3864 2496 3992 2550 Dav.

2398 2581 2810 2637 demdicebant.
2868 2584 2930 2637 Et
2987 2582 3127 2654 quod
3180 2583 3487 2655 subjungit,
3544 2588 3652 2641 Nec
3696 2584 3879 2655 ﬁlium
3909 2602 3989 2655 qu

2397 2672 2567 2739 novit,
2601 2673 2729 2741 quia
2762 2687 2886 2726 eum
2937 2671 3145 2726 Filium
3201 2688 3313 2727 esse
3367 2674 3738 2728 nesciverunt.
3796 2675 3869 2728 Et
3897 2690 3992 2745 qui

2398 2761 2497 2827 ait,
2531 2760 2737 2827 Quibus
2766 2761 3001 2816 voluerit
3044 2762 3219 2815 Filius
3266 2762 3525 2831 revelare,
3559 2766 3698 2817 recte
3726 2762 3899 2816 habet.
3941 2763 3987 2829 Q

2398 2852 2549 2905 enim
2592 2853 2660 2906 ab
2717 2853 2877 2907 initio
2933 2853 3106 2907 Filius
3151 2862 3248 2919 est,
3301 2854 3449 2909 solus
3498 2854 3807 2909 destinatus
3855 2862 3957 2918 est,

2400 2942 2599 3010 quibus
2640 2944 2789 3011 cupit
2834 2941 3049 3008 revelet,
3100 2944 3383 2997 Accurata
3428 2960 3567 2997 sane
3598 2943 3669 2998 de
3719 2941 3847 2997 Filii
3880 2949 3992 2998 sete

2401 3030 2603 3101 nitate,
2628 3031 2873 3101 ejusque
2897 3047 2965 3086 ex
2989 3035 3155 3086 Patre
3175 3032 3546 3103 generatione
3573 3031 3913 3103 disputatio.
3944 3032 3992 3086 D

2399 3122 2456 3173 et
2486 3117 2742 3173 hominis
2794 3117 2987 3188 Filius,
3042 3119 3114 3173 ab
3165 3118 3331 3174 initio
3380 3119 3561 3175 Filius
3594 3120 3848 3175 dicitur:
3898 3124 3963 3174 et

2401 3211 2591 3277 pateat
2624 3212 2911 3278 quantum
2960 3206 3112 3262 inter
3159 3208 3386 3264 Patrem
3434 3213 3491 3263 et
3521 3213 3863 3275 creatorem,
3898 3207 3992 3265 int

647 3302 1223 3369 cognoscam,utrum
1248 3297 1358 3353 iste
1377 3297 1497 3352 haec
1518 3297 1815 3369 proferens
1834 3312 1969 3351 vera
1988 3294 2300 3366 loquatur;
2333 3281 2376 3347 C
2414 3294 2624 3351 Filium
2654 3300 2711 3352 et
2740 3312 2861 3351 rem
2892 3301 3148 3352 creatam
3180 3297 3432 3363 intersit,
3479 3296 3659 3353 Deum
3688 3297 3877 3353 Judaei
3908 3313 3992 3367 qu

649 3402 859 3458 nempe
916 3384 999 3440 ὅτι
1055 3386 1179 3447 Υἱὸς
1246 3389 1379 3440 Θεοῦ
1455 3381 1853 3457 ἐπιδεδήμηκεν
2035 3379 2289 3455 Ἰουδαίᾳ,

654 3496 683 3529 c
711 3476 915 3531 Filium
954 3478 1053 3532 Dei
1081 3478 1144 3532 in
1187 3476 1439 3533 Iudaeam
1488 3475 1790 3531 advenisse.
1824 3495 1853 3526 »
1887 3474 2076 3529 Tanta
2105 3471 2291 3528 admi-

645 3565 792 3620 ratio
824 3566 895 3621 ob
926 3566 1263 3621 nuntiatum
1296 3565 1425 3621 Filii
1456 3565 1556 3621 Dei
1588 3565 1646 3619 in
1666 3564 1931 3619 Judasam
1951 3562 2287 3630 adventum,

645 3670 780 3711 cum
810 3655 939 3726 ejus
969 3654 1456 3727 prwexistentiam
1490 3652 1765 3725 praeclare
1795 3650 2065 3723 exprimit
2095 3651 2290 3723 (nemo

643 3744 801 3800 enim
833 3744 1041 3800 dixerit
1085 3744 1296 3799 Isaiam
1350 3743 1695 3815 prophetam
1741 3741 2045 3796 advenisse
2089 3739 2150 3795 in
2178 3739 2289 3794 Ju-

643 3832 873 3903 daeam),
902 3837 1030 3887 tum
1078 3848 1360 3903 magnum
1410 3831 1646 3902 aliquod
1696 3829 2043 3902 mysterium
2092 3827 2287 3883 animo

646 3919 942 3975 observari
974 3921 1353 3986 demonstrat,
1387 3920 1542 3990 quod
1563 3936 1597 3973 a
1618 3918 1947 3975 Socinianis
1970 3921 2027 3973 et
2054 3915 2288 3972 Arianis

647 4008 996 4063 commentis
1025 4007 1195 4080 longe
1222 4008 1530 4079 discrepet.

716 4095 860 4150 Cum
920 4095 1027 4151 bac
1086 4096 1212 4151 Filii
1274 4095 1371 4151 Dei
1447 4095 1680 4151 notione
1737 4095 1980 4151 mirifice
2037 4095 2288 4166 quadrat

646 4185 801 4256 quod
831 4201 1001 4240 verus
1031 4184 1316 4257 Propheta
1346 4186 1486 4255 (quo
1525 4185 1759 4240 nomine
1808 4183 2101 4240 Christum
2133 4182 2285 4239 desi-

644 4277 806 4344 gnat)
836 4274 996 4329 visus
1017 4290 1145 4330 esse
1175 4274 1419 4329 Abrahae
1451 4274 1668 4329 dicitur
1696 4273 1797 4329 lib.
1832 4291 1851 4329 ι
1880 4276 2132 4342 Recogn.,
2158 4289 2282 4345 cap.

641 4361 731 4415 33.
782 4361 1059 4418 Similiter
1106 4363 1251 4419 Mosi
1301 4362 1644 4435 apparuisse
1693 4367 1966 4418 narratur
2012 4379 2141 4434 cap.
2192 4363 2281 4418 34.

644 4449 981 4520 Quicunque
1011 4467 1213 4507 verum
1264 4451 1336 4506 ab
1385 4468 1449 4507 eo
1500 4468 1616 4507 non
1668 4451 2017 4523 didicerunt,
2051 4451 2111 4506 hi
2139 4450 2282 4506 illud

642 4555 759 4594 non
778 4539 1072 4596 invenisse
1093 4544 1150 4595 et
1170 4546 1493 4611 quaerentes
1515 4540 1731 4596 obiisse
1759 4541 2055 4611 dicuntur,
2077 4539 2280 4595 homil.

2401 3388 2574 3440 tenus
2606 3389 2837 3441 Patrem
2868 3385 3106 3451 Christi,
3129 3385 3431 3459 ignorasse
3456 3386 3756 3456 dicuntur,
3779 3403 3992 3457 quam‘

2399 3489 2534 3531 eum
2566 3479 2632 3530 ut
2662 3479 2979 3530 creatorem
3010 3474 3277 3530 omnium
3308 3476 3486 3547 probe
3515 3475 3839 3531 novissent.

2477 3584 2504 3617 ιι
2534 3562 2714 3619 Multa
2758 3563 2820 3619 in
2860 3564 3128 3620 eamdem
3184 3564 3533 3620 sententiam
3588 3564 3722 3620 libri
3771 3569 3992 3634 Recoyr

2399 3654 2609 3709 tionum
2639 3653 3032 3725 suppeditant.
3069 3653 3189 3709 Lib.
3227 3670 3268 3723 1,
3301 3670 3428 3725 cap.
3462 3655 3549 3709 45.
3583 3654 3705 3709 ιιωο
3729 3655 3992 3726 Ieguntu

2400 3742 2535 3797 Cum
2562 3751 2702 3798 esset
2751 3743 2923 3797 Filius
2970 3743 3071 3797 Dei
3117 3746 3169 3797 et
3197 3744 3421 3797 initium
3463 3744 3737 3810 omnium,
3762 3744 3958 3813 factus

2397 3836 2573 3887 homo.
2605 3832 2673 3886 Et
2703 3848 2827 3903 cap.
2861 3831 2932 3886 69
2960 3848 2972 3885 :
3024 3832 3209 3886 Nolite
3254 3835 3450 3902 putare
3490 3848 3588 3887 nos
3616 3831 3751 3886 duos
3780 3833 3992 3902 ingeni

2395 3921 2580 3975 dicere
2617 3922 2771 3985 Deos,
2822 3928 2918 3975 aut
2967 3936 3143 3975 unum
3192 3920 3433 3976 divisum
3480 3936 3596 3975 esse
3643 3922 3707 3975 in
3753 3920 3919 3985 duos,
3962 3940 3992 3976 ll

2393 4010 2533 4063 sicut
2581 4010 2742 4079 impii
2788 4007 2996 4072 dicunt,
3044 4007 3295 4063 eumdem
3341 4009 3647 4063 masculum
3686 4016 3741 4063 et
3781 4010 3992 4079 femin.

2394 4098 2485 4151 sui
2511 4097 2795 4168 effectum;
2845 4096 2936 4151 sed
2981 4097 3188 4151 Filium
3239 4098 3339 4152 Dei
3383 4099 3741 4168 unigenitum
3792 4097 3991 4152 dicim

2392 4201 2504 4240 non
2535 4201 2603 4240 ex
2630 4186 2741 4240 alio
2770 4186 2956 4251 initio,
3007 4185 3099 4240 sed
3146 4202 3215 4240 ea:
3262 4186 3378 4256 ipso
3427 4185 3801 4258 ineﬁ'abiliter
3838 4198 3992 4240 natu

2395 4273 2666 4328 Similiter
2710 4275 2877 4329 etiam
2933 4274 2997 4329 de
3052 4275 3335 4329 Paracleto
3390 4274 3645 4330 dicimus.
3710 4275 3786 4330 Et
3837 4274 3952 4330 lib.

2394 4378 2498 4435 cap
2531 4364 2636 4418 48:
2685 4364 2884 4419 Noster
2928 4368 3113 4418 autem
3163 4363 3434 4435 Magister,
3487 4365 3590 4435 qui
3623 4372 3705 4419 est
3733 4362 3941 4418 Filius
3989 4408 3991 4421 ι

2392 4456 2443 4508 et
2475 4452 2739 4521 hominis,
2795 4453 3089 4524 manifeste
3144 4454 3312 4508 bonus
3365 4458 3479 4509 est:
3527 4453 3669 4525 quod
3709 4461 3914 4508 autem
3956 4474 3992 4509 ‘ll

2390 4544 2442 4596 si
2468 4543 2665 4608 Filius,
2693 4542 2889 4612 quibus
2935 4544 3171 4614 oportuit
3202 4543 3408 4598 dictum
3439 4548 3519 4598 est
3550 4546 3599 4599 et
3629 4543 3882 4598 dicetur.
3924 4546 3983 4595 Η

639 4644 703 4698 II,
763 4644 888 4700 cap.
946 4628 982 4682 6
1030 4644 1043 4683 :
1103 4630 1252 4682 Ὅσοι
1302 4630 1435 4682 ποτὲ
1499 4626 1757 4698 ἀλήθειαν
1830 4631 2028 4703 γνῶναι
2090 4626 2281 4681 ἐπεθύ-

2398 4646 2519 4702 cap.
2550 4633 2586 4683 2
2614 4631 2877 4701 ejusdem
2907 4630 3040 4686 libri
3064 4631 3401 4704 indignatur
3428 4632 3650 4701 Simon,
3685 4631 3815 4688 Deo
3850 4630 3992 4686 Fili!

640 4735 839 4789 μησαν,
889 4717 1035 4792 παρὰ
1091 4714 1149 4771 δὲ
1194 4715 1389 4771 τούτου
1443 4719 1628 4789 μαθεῖν
1686 4715 1853 4786 αὐτὴν
1896 4716 1995 4771 οὐκ
2050 4715 2277 4791 εὐτύχη-

636 4824 755 4873 σαν,
786 4804 860 4876 μὴ
887 4802 1154 4880 εὑρόντες,
1189 4809 1472 4875 ζητοῦντες
1506 4802 1875 4875 ἐτελεύτησαν.

707 4894 905 4951 Simon
933 4898 1135 4968 Magus
1195 4894 1399 4951 homil.
1458 4912 1597 4963 xvn,
1656 4912 1781 4967 cap.
1840 4897 1893 4966 4,
1956 4899 2020 4950 ut
2075 4895 2281 4966 probet

635 4986 819 5039 Deum
852 4988 986 5040 ante
1034 4984 1400 5057 incognitum
1451 5001 1485 5039 a
1532 4983 1762 5039 Christo
1794 4984 2151 5055 nuntiatum,
2185 4984 2278 5039 his

634 5072 827 5127 verbis
886 5073 1110 5129 utitur:
1171 5073 1335 5128 Nemo
1374 5074 1525 5128 novit
1591 5074 1831 5139 Patrem,
1890 5074 2005 5128 nisi
2058 5074 2277 5128 Filius:

633 5162 762 5214 tum
794 5161 988 5216 addit:
1021 5159 1089 5214 Εἴ
1125 5159 1215 5213 οὖν
1258 5159 1417 5221 αὖτὸς
1470 5158 1588 5220 Γίὸς
1636 5160 1701 5227 ἦν
1744 5161 1770 5213 ὁ
1802 5162 2008 5233 παρὼν,
2044 5160 2147 5214 ἀπὸ
2177 5163 2276 5228 τῆς

632 5244 799 5300 αὐτοῦ
856 5248 1174 5321 παρουσίας,
1236 5250 1317 5310 οἷς
1379 5243 1636 5302 ἐϐούλετο
1714 5248 1804 5301 τὸν
1877 5255 2036 5301 πᾶσιν
2105 5250 2276 5322 ἄγνω-

632 5355 753 5389 στον
806 5336 1200 5393 ἀπεκάλυπτεν.
1253 5361 1280 5388 ‹‹
1322 5338 1387 5393 Si
1432 5354 1564 5409 ergo
1622 5339 1719 5409 qui
1762 5338 1998 5407 advenit,
2034 5340 2150 5410 ipse
2180 5341 2275 5397 Fi-

2390 4719 2632 4775 attribui
2664 4723 2945 4792 tanquam
2987 4720 3252 4776 animali.

2461 4808 2526 4863 V.
2560 4808 2766 4865 Omnia
2795 4826 2828 4863 a
2858 4809 2999 4865 Filio
3051 4816 3246 4866 creata
3294 4828 3441 4879 esse,
3496 4812 3703 4869 multis
3736 4813 3901 4870 locis
3934 4834 3992 4870 cu

2389 4898 2657 4953 firmatur
2704 4914 2716 4952 :
2774 4897 2900 4951 Υἱοῦ
2959 4897 3096 4952 ἐστιν
3153 4902 3250 4953 τοῦ
3310 4897 3533 4975 οὐρανὸν
3592 4900 3686 4956 καὶ
3746 4908 3868 4976 γῆν
3943 4901 3977 4957 δ

2388 4986 2787 5058 κοσμήσαντος,
2850 4986 2931 5043 ait
2991 4988 3214 5057 Petrus,
3298 4989 3503 5046 homil.
3576 5009 3743 5059 xvm,
3809 5009 3964 5065 cap.

2385 5073 2446 5127 τὸ
2498 5074 2542 5144 ᾧ
2621 5071 2875 5148 βούλεται
2960 5074 3306 5149 ἀποκαλύψαι
3387 5077 3477 5131 τὸν
3566 5076 3614 5132 ἐν
3708 5077 3992 5153 ἀποῤῥήτ

2388 5164 2614 5235 Πατέρα.
2675 5164 2751 5218 Ad
2811 5166 3012 5219 Filium
3063 5169 3185 5221 cati
3261 5171 3313 5221 et
3387 5171 3558 5224 terrae
3629 5171 3992 5223 constituto:

2385 5258 2585 5323 spectat
2615 5253 2857 5308 revelare
2911 5255 3006 5309 cui
3060 5254 3178 5309 vult
3221 5257 3397 5326 ipsius
3444 5262 3667 5311 Patrem
3721 5259 3793 5311 in
3830 5258 3991 5312 absr'

2384 5341 2517 5395 ditis
2542 5343 2799 5411 positum.
2858 5343 2927 5395 Et
2982 5342 3187 5397 homil.
3250 5361 3361 5413 xw,
3421 5360 3549 5415 cap.
3611 5345 3674 5399 11
3736 5352 3804 5399 et
3843 5347 3951 5409 12,

631 5424 739 5479 lius
759 5434 899 5495 erat,
928 5429 1049 5496 post
1094 5443 1257 5481 suum
1307 5427 1627 5491 adventum,
1678 5427 1880 5496 quibus
1928 5429 2119 5496 voluit,
2150 5445 2276 5483 eum
2379 5429 2605 5499 jicienti
2638 5429 2862 5484 Simoni
2894 5430 3040 5485 duos
3073 5447 3201 5486 esse
3245 5438 3553 5501 creatores,
3588 5450 3652 5488 eo
3690 5437 3877 5504 quod
3916 5437 3991 5489 di

628 5515 726 5585 qui
763 5518 971 5571 cunctis
1018 5517 1328 5587 incognitus
1373 5520 1511 5585 erat,
1557 5517 1843 5573 revelavit.
1867 5537 1897 5566 »
1930 5518 2058 5571 Haec
2089 5518 2279 5573 Simo-

2386 5519 2461 5574 rit
2510 5518 2685 5586 Deus,
2739 5519 3046 5587 Faciamus,
3107 5520 3192 5576 sic
3267 5522 3581 5595 respondet
3634 5522 3918 5580 Petrus:

700 5735 809 5811 (15)
842 5734 1026 5810 Philo,
1059 5736 1159 5793 lib.
1195 5755 1233 5793 II
1262 5739 1393 5811 Leg.
1425 5738 1690 5809 Allegor.,
1721 5740 1864 5795 tom.
1900 5739 1941 5811 Ι,
1974 5756 2105 5812 pag.
2138 5742 2229 5813 70,
2261 5741 2397 5798 edit.
2436 5738 2680 5797 Londin.
2721 5740 2874 5796 1742.
