4100 6334
145 418 219 475 1⁸1
1313 416 1847 478 CLEMENTINA.
1878 447 1954 461 —
1984 418 2399 479 PROOEMIA.
3487 423 3566 484 l8

132 554 273 609 ἔστιν
334 550 364 604 ὁ
551 547 717 603 αὐτοῦ
792 549 951 627 σοφίᾳ
1002 548 1168 606 εῗπών
1217 569 1230 583 ’

136 640 377 713 Θρωπον.
433 641 501 707 ᾝ
551 636 610 693 δὲ
656 638 836 715 σοφίᾳ,
887 639 1065 714 ὥσπερ
1119 638 1241 712 ἰδίῳ
1298 639 1586 713 πνεύματι,
1642 638 1801 701 αὐτὸς

136 726 215 780 ἀεὶ
266 728 587 802 συνέχαιρεν
626 769 639 785 .
706 729 942 784 ’Ήνωται
1000 730 1094 801 μὲν
1149 729 1222 790 ὡς
1278 731 1429 805 ψυχὴ
1483 734 1561 800 τῷ
1635 734 1750 799 Θεῷ
1786 746 1801 764 ·

138 814 431 871 ἐκτείνεται
510 814 567 871 δὲ
640 817 728 871 ἀπ’
776 818 939 872 αὐτοῦ
972 862 987 885 ,
1046 818 1119 879 ὡς
1193 818 1318 893 χεὶρ
1391 816 1801 893 δημιουργοῦσα

135 906 195 960 τὸ
224 912 357 961 πᾶν.
407 909 554 964 Unus
599 912 683 964 est
728 910 821 980 qui
862 908 1162 981 Sapientia:
1209 927 1321 966 sua
1368 911 1554 966 dixit:
1600 913 1798 966 Facia-

134 1015 257 1051 mus
303 997 607 1052 hominem.
661 999 799 1054 Huic
840 1014 965 1054 vero
1006 1000 1302 1070 Sapientiae
1348 1008 1611 1070 tanquam
1665 1015 1799 1070 pro-

129 1088 259 1157 prio
290 1088 526 1157 spiritui
550 1102 765 1157 semper
798 1089 913 1158 ipse
941 1089 1341 1157 congaudebat.
1380 1091 1545 1145 Unita
1582 1089 1797 1160 quidem

134 1184 208 1231 est
240 1176 378 1239 Deo,
414 1183 473 1229 ut
502 1178 733 1231 anima:
784 1178 855 1231 ab
900 1193 958 1233 eo
1000 1183 1186 1233 autem
1234 1179 1551 1233 extenditur
1576 1182 1637 1233 ut
1684 1195 1801 1233 ma-

130 1279 261 1332 nus,
308 1266 728 1321 universitatem
770 1266 1098 1337 producens.
1162 1267 1304 1322 Hinc
1359 1268 1420 1322 in
1469 1267 1561 1322 bis
1606 1266 1800 1323 verbis

132 1353 340 1409 homil.
408 1370 490 1424 XI,
541 1371 669 1427 cap.
726 1353 935 1412 22sz
992 1358 1205 1427 πνεῦμα
1264 1355 1368 1409 ἀπὸ
1425 1358 1520 1409 τοῦ
1574 1354 1641 1409 τὰ
1696 1352 1801 1408 ὅλα

130 1440 508 1510 πεποιηκότος
606 1446 740 1497 Θεοῦ
836 1445 936 1512 τὴν
1029 1444 1208 1519 ἀρχὴν
1304 1450 1405 1513 τῆς
1508 1443 1800 1504 ἐκστάσεως

128 1528 273 1605 ἔχει,
345 1532 664 1605 legendum
740 1538 882 1605 puto
959 1532 1221 1594 ἐκτάσεως
1306 1534 1549 1606 Spiritus
1606 1550 1641 1588 a
1698 1536 1800 1589 Deo

128 1624 229 1691 qui
246 1623 444 1677 omnia
469 1624 619 1692 fecit,
642 1624 873 1678 initium
901 1622 1063 1679 habet
1102 1624 1460 1680 extensionis.
1511 1624 1672 1695 Aqua
1701 1638 1803 1695 per

130 1711 516 1783 Uuigenitum
569 1711 724 1768 facta
779 1712 997 1768 dicitur
1023 1712 1124 1768 lib.
1166 1730 1246 1770 vn
1289 1716 1543 1781 Recogn.,
1576 1729 1703 1784 cap.
1743 1714 1798 1766 8-

128 1799 285 1855 Vide
344 1816 472 1872 cap.
518 1802 555 1854 7
614 1801 879 1872 ejusdem
939 1801 1094 1867 libri,
1143 1806 1199 1856 et
1251 1818 1419 1873 capp.
1477 1802 1546 1855 34
1603 1804 1659 1855 et
1710 1801 1797 1870 40,

1293 553 1621 623 Ποιήσωμεν
1680 546 1739 604 ἄν
1776 582 1797 592 -

1912 551 2111 622 justus.
2147 553 2337 608 Unum
2369 556 2424 608 et
2452 553 2721 608 eumdem
2751 552 2975 609 cultum
3012 554 3395 612 sanctissima
3445 558 3567 614 Tri-

1912 640 2080 695 nitati
2110 642 2373 696 adhiberi
2432 644 2659 709 docent,
2719 658 2846 712 quas
2888 642 3165 714 leguntur
3220 645 3423 702 homil.
3480 663 3567 716 III,

1911 746 2015 800 cap
2050 771 2063 785 .
2122 734 2194 784 ’72
2243 747 2256 785 :
2321 733 2429 783 Σοῦ
2476 728 2579 804 γάρ
2639 728 2779 782 ἐστιν
2840 727 2966 799 δόξα
3030 730 3245 793 αἰώνιος
3280 776 3294 800 ,
3352 732 3565 807 ὕμνος,

1911 817 2078 891 Πατρὶ
2126 818 2215 871 καὶ
2267 818 2376 890 1⁸ἱῷ
2422 818 2510 873 καὶ
2580 818 2719 893 ἁγίῳ
2768 817 3079 892 Πνεῦματι,
3128 820 3203 882 εἰς
3254 821 3382 883 τοὺς
3431 823 3567 896 σύμ-

1908 927 2109 968 παντας
2168 906 2389 969 αἰῶνας,
2448 908 2644 979 Ἀμήν.
2678 910 2769 964 Ad
2798 917 2850 964 te
2900 913 3049 965 enim
3076 914 3313 982 pertinet
3358 918 3570 969 aeterna

1908 998 2106 1068 gloria,
2165 998 2305 1064 laus,
2366 999 2521 1053 Patri
2567 1002 2617 1052 et
2666 999 2813 1053 Filio
2843 1006 2895 1053 et
2947 1000 3187 1069 Spiritui
3239 1009 3445 1071 sancto,
3506 1006 3567 1058 in

1909 1088 2095 1141 omnia
2121 1087 2358 1142 swcula.
2387 1088 2575 1142 Amen.
2610 1087 2756 1141 Hinc
2779 1086 2980 1142 homil.
3021 1104 3101 1155 ιχ,
3132 1105 3257 1161 cap.
3291 1091 3383 1157 23,
3423 1092 3564 1163 bap-

1907 1174 2121 1230 tismus
2180 1175 2578 1231 administrari
2627 1175 2841 1230 dicitur
2884 1192 2897 1231 :
2948 1178 3321 1252 Τρισμακαρίᾳ
3380 1177 3563 1233 ἐπονο-

1914 1261 2098 1335 μασίᾳ,
2162 1285 2189 1314 ‹‹
2224 1266 2322 1319 Ter
2379 1264 2541 1320 beata
2598 1266 2938 1320 invocatione
2959 1281 2979 1321 :
3010 1284 3039 1314 »
3085 1267 3239 1337 quod
3272 1268 3342 1322 de
3372 1268 3564 1325 tribus

1909 1351 2177 1407 Personis
2221 1351 2667 1423 intelligendum
2726 1356 2884 1423 patet
2936 1369 3004 1407 ex
3045 1352 3138 1408 his
3167 1355 3360 1410 verbis
3407 1355 3510 1411 lib.
3545 1374 3564 1411 ι

1908 1442 2212 1510 Recoqnit.,
2246 1456 2371 1511 cap.
2404 1442 2514 1495 63:
2551 1440 2627 1495 Ad
2657 1442 2915 1495 ultimum
2956 1445 3167 1511 autem,
3215 1442 3409 1515 inquit
3466 1444 3566 1501 Pe-

1908 1534 2058 1595 trus,
2091 1530 2352 1585 admonui
2379 1546 2489 1598 eos,
2538 1534 2597 1584 ut
2641 1532 2966 1602 priusquam
2993 1532 3447 1602 progrederemur
3494 1534 3565 1589 ad

1907 1624 2087 1691 gentes
2114 1620 2423 1691 praedicare
2463 1620 2545 1675 eis
2574 1621 2908 1688 agnitionem
2941 1621 3045 1675 Dei
3090 1622 3293 1687 Patris,
3329 1624 3439 1694 ipsi
3482 1639 3564 1679 re-

1907 1710 2336 1765 conciliarentur
2389 1710 2493 1764 Deo
2548 1710 2901 1779 suscipientes
2949 1711 3157 1765 Filium
3193 1712 3329 1782 ejus.
3390 1712 3565 1767 Aliter

1908 1801 2054 1853 enim
2073 1799 2227 1853 nullo
2252 1798 2407 1854 modo
2435 1814 2525 1853 eos
2550 1798 2768 1853 ostendi
2808 1815 2958 1870 posse
3013 1801 3241 1869 salvari,
3305 1802 3420 1857 nisi
3462 1818 3563 1873 per

132 1888 239 1943 lib.
303 1905 432 1943 vm.
505 1889 585 1944 Ex
651 1890 867 1961 quibus
940 1895 1089 1945 ratet
1162 1891 1796 1962 pseudo-Clementem:
1828 1926 1875 1991 B
1909 1888 2143 1989 Spiritus
2168 1889 2356 1943 sancti
2382 1890 2622 1991 gratiam
2652 1889 2819 1945 trina
2846 1890 3212 1946 invocationis
3238 1889 3382 1945 dilui
3421 1908 3557 1963 pap-

130 1978 408 2049 quamvis
490 1978 696 2034 multis
760 1979 1053 2035 Judaismi
1131 1980 1393 2052 reliquiis
1457 1980 1795 2052 implicatus
1828 1978 2137 2034 "tismate
2164 1980 2538 2049 properarent.

127 2071 312 2135 esset,
376 2067 531 2122 idem
589 2072 787 2123 tamen
846 2084 911 2123 ac
955 2073 1193 2124 caeteros
1251 2069 1567 2140 scriptores
1615 2068 1791 2124 eccle-

127 2155 410 2211 siasticos
437 2155 509 2211 de
540 2156 747 2211 mundi
780 2174 880 2227 per
907 2156 1117 2212 Filium
1149 2158 1437 2213 creatione
1487 2158 1743 2213 sensisse
1778 2174 1791 2223 ;

126 2250 338 2299 contra
361 2261 540 2315 quam
564 2245 755 2316 placet
777 2246 1125 2313 Socinianis,
1142 2248 1241 2318 qui
1265 2247 1415 2302 hanc
1446 2247 1791 2316 doctrinam,

128 2331 493 2388 Christianis
543 2333 913 2389 circumcisis
950 2336 1186 2407 penitus
1214 2336 1495 2407 ignotam,
1529 2353 1562 2389 a
1606 2334 1791 2407 philo-

127 2422 339 2492 sOpbis
386 2420 731 2494 religionem
790 2423 1275 2495 amplectentibus
1322 2424 1622 2479 inductam
1683 2424 1791 2479 ﬁn-

128 2515 307 2581 gunt.

208 2621 239 2648 α
273 2598 474 2653 Multis
506 2598 636 2655 aliis
667 2600 847 2655 rebus
889 2601 1221 2656 declaratur
1264 2600 1445 2673 hujus
1492 2601 1792 2674 scriptoris

131 2704 272 2742 cum
321 2687 637 2745 Catholiois
682 2690 990 2745 verborum
1022 2694 1078 2746 et
1111 2690 1531 2746 sententiarum
1581 2691 1790 2746 simili-

130 2777 298 2831 tudo.
335 2776 548 2832 Omnia
607 2795 778 2834 nosse
837 2779 1050 2834 dicitur
1102 2780 1369 2836 Christus
1416 2780 1617 2835 homil.
1668 2798 1790 2846 vm,

130 2880 263 2936 cap.
296 2866 390 2919 21.
424 2866 599 2921 Solus
629 2868 857 2922 animas
887 2867 1220 2923 illuminare
1250 2885 1441 2939 posse,
1492 2869 1651 2924 solus
1697 2886 1791 2925 ve-

1973 2067 2066 2122 VI.
2124 2090 2150 2117 ‹‹
2175 2068 2393 2122 Ibidem
2451 2066 2622 2122 Jesus
2676 2070 2917 2123 vocatur
2982 2068 3233 2125 Christus
3289 2078 3554 2126 aeternus.

1903 2157 2065 2222 Quod
2099 2161 2163 2211 ut
2193 2156 2569 2229 intelligatur,
2604 2173 2780 2227 quam
2826 2156 2942 2211 vim
2974 2161 3030 2211 et
3060 2157 3411 2213 sententiam
3459 2158 3559 2214 ha-

1901 2246 2056 2312 beat,
2090 2246 2518 2301 observandum
2549 2250 2639 2301 est
2668 2246 2748 2300 ita
2776 2246 2981 2301 Jesum
3011 2248 3224 2313 vocari,
3275 2252 3339 2302 ut
3376 2264 3555 2319 oppo-

1903 2340 2081 2392 natur
2123 2335 2343 2391 Simoni
2376 2335 2473 2406 qui
2506 2352 2567 2390 se
2608 2334 2905 2391 Christum
2935 2341 2991 2391 et
3021 2337 3285 2392 Stantem
3330 2336 3557 2393 dictita-

1902 2425 2022 2480 bat.
2085 2422 2233 2478 Ἀντὶ
2288 2427 2384 2477 τοῦ
2443 2418 2611 2483 ὅντως
2682 2424 2915 2496 Χριστοῦ
2970 2426 3129 2497 ἡμῶν
3190 2424 3375 2479 ἑαυτὸν
3435 2424 3559 2478 ἀνα-

1901 2511 2137 2587 γορεύει.
2176 2534 2197 2561 ι
2233 2516 2336 2569 Pro
2392 2530 2520 2568 vero
2574 2513 2788 2568 Christo
2839 2523 3025 2569 nostro
3070 2530 3127 2569 se
3182 2516 3365 2585 ipsum
3412 2533 3556 2587 prm-

1901 2602 2068 2672 dicat,
2104 2625 2131 2651 »
2154 2602 2346 2673 inquit
2381 2601 2594 2673 Aquila
2622 2602 2825 2657 homil.
2862 2620 2923 2669 ιι,
2956 2620 3081 2674 cap.
3112 2605 3201 2658 22.
3262 2605 3436 2659 Porro
3490 2622 3556 2662 eo

1904 2692 2137 2746 nomine
2170 2692 2452 2761 majorem
2486 2708 2547 2746 se
2570 2690 2775 2745 mundi
2807 2696 3083 2761 creatore,
3115 2691 3333 2747 ibidem
3373 2692 3558 2749 decla-

1902 2785 2010 2839 rat.
2044 2781 2176 2852 Cap.
2209 2781 2301 2847 24,
2332 2781 2416 2835 sic
2455 2779 2736 2851 quaerenti
2793 2780 3105 2835 Dositheo:
3161 2781 3255 2835 Dic
3284 2782 3446 2849 mihi,
3504 2784 3557 2837 si

1901 2876 1961 2927 tu
1992 2888 2044 2927 es
2093 2871 2276 2933 Stans,
2308 2878 2368 2923 ut
2387 2869 2610 2924 adorem
2667 2877 2717 2923 te
2738 2886 2759 2930 ,'
2790 2870 3105 2941 respondet
3134 2870 3336 2924 Simon
3363 2886 3376 2924 :
3439 2872 3548 2941 Ego

130 2954 366 3008 ritatem
403 2959 683 3026 retegere,
743 2956 943 3011 homil.
989 2974 1051 3021 ιι,
1085 2974 1209 3029 cap.
1243 2959 1294 3012 4.
1343 2958 1513 3013 Solus
1566 2964 1789 3014 Patrem
1898 2977 2066 3021 sum;
2099 2964 2156 3014 et
2186 2959 2380 3013 statim
2417 2958 2726 3013 Dositheus
2748 2958 2991 3025 cecidit;
3024 2963 3079 3013 et
3098 2960 3361 3014 adoravit
3391 2975 3551 3017 eum.

127 3042 585 3097 immutabiliter
610 3044 824 3111 videre,
875 3045 1031 3100 hom.
1082 3064 1219 3111 xvn,
1268 3064 1395 3117 cap,
1432 3049 1516 3102 16,
1567 3048 1636 3100 Τὸ
1687 3047 1790 3123 γὰρ
1899 3051 2131 3105 Nicetes
2161 3048 2398 3118 cap.28,
2433 3046 2516 3101 sic
2544 3048 2811 3102 eumdem
2852 3047 3142 3102 Simonem
3195 3047 3549 3119 alloquitur:

130 3131 415 3205 ἀτρέπτως
443 3131 656 3205 Πατέρα
689 3128 816 3185 ἰδεῖν
852 3132 978 3185 Υἱοῦ
1042 3133 1208 3206 μόνου
1265 3133 1427 3191 ἐστίν.
1490 3139 1627 3192 Nam
1682 3140 1789 3192 Pa-

1912 3142 2040 3194 Deus
2070 3154 2181 3193 esse
2228 3152 2335 3191 non
2380 3145 2527 3206 potes
2558 3154 2570 3191 :
2621 3139 2752 3190 time
2783 3153 2930 3205 eum,
2981 3138 3078 3208 qui
3106 3153 3227 3191 vere
3257 3138 3398 3191 Deus
3452 3146 3553 3191 est.

128 3231 267 3276 trem
315 3222 748 3278 immutabiliter
829 3224 1028 3289 videre,
1081 3224 1265 3280 solius
1332 3227 1464 3281 Filii
1535 3232 1632 3281 est.
1685 3229 1788 3282 Ea-
1837 3294 1849 3296 Α
1902 3228 2184 3283 Similiter
2214 3226 2488 3279 adoratur
2518 3225 2742 3291 Simon,
2774 3224 2875 3279 lib.
2912 3243 2951 3278 ιι
2988 3227 3431 3296 Recognit.,cap.
3468 3225 3554 3281 ll.

130 3311 263 3365 dem
297 3310 522 3365 habent
564 3311 698 3365 libri
729 3315 1195 3384 Recoqnilionum,
1232 3316 1551 3385 praesertim
1587 3316 1684 3371 lib.
1734 3334 1789 3385 v,
1822 3294 1863 3360 (ἶ
1904 3320 1967 3373 Ιιι
1999 3318 2201 3372 eodem
2234 3315 2401 3381 libro,
2434 3332 2556 3386 cap.
2592 3315 2679 3382 l4,
2717 3331 2817 3385 per
2847 3294 3157 3369 ridiculum
3205 3294 3442 3369 vocatur
3472 3316 3561 3369 in-

130 3416 257 3471 cap.
298 3401 389 3468 10,
425 3400 526 3455 ubi
558 3400 679 3455 hac
708 3401 995 3473 legimus:
1036 3405 1134 3459 llic
1186 3420 1312 3472 ergo
1352 3408 1426 3460 est
1474 3420 1632 3460 verus
1668 3408 1797 3461 Pro-

126 3490 314 3559 pheta,
376 3490 479 3558 qui
520 3489 581 3543 in
622 3490 817 3547 Iudaea
872 3492 1036 3547 nobis
1078 3495 1360 3565 apparuit,
1410 3503 1470 3548 ut
1516 3495 1796 3551 audistis:

130 3580 227 3651 qui
252 3582 417 3633 stans
442 3577 667 3648 publice
684 3580 799 3635 sola
811 3581 1059 3651 jussione
1084 3583 1331 3653 faciebat
1358 3598 1528 3640 caecos
1584 3586 1792 3651 videre,

129 3666 327 3721 surdos
361 3667 561 3721 audire
592 3685 613 3732 ;
640 3670 880 3739 fugabat
930 3669 1223 3739 daemones,
1280 3673 1449 3741 aegris
1503 3674 1797 3727 sanitatem

132 3755 419 3822 reddebat,
470 3758 523 3809 et
568 3758 810 3811 mortuis
860 3759 1045 3813 vitam.
1080 3758 1321 3831 Cumque
1373 3760 1522 3815 nihil
1574 3762 1626 3815 ei
1666 3764 1799 3816 esset

132 3844 498 3915 impossibile,
532 3852 698 3899 etiam
733 3848 1080 3916 cogitationes
1108 3849 1392 3904 hominum
1439 3850 1752 3921 pervidebat
1776 3869 1796 3905 :

133 3934 271 4006 quod
304 3934 457 3988 nulli
486 3936 566 3988 est
593 3936 872 4005 possibile,
905 3938 1019 3991 nisi
1046 3938 1151 3991 soli
1171 3938 1296 3993 Deo.

202 4046 233 4071 α
257 4022 464 4093 Neque
478 4022 653 4077 etiam
674 4022 821 4078 illud
842 4024 1194 4097 principium
1229 4027 1796 4097 praetermittendum

132 4116 220 4167 est
267 4112 428 4182 quod
491 4110 628 4166 huic
676 4112 945 4184 scriptori
976 4132 1109 4170 cum
1141 4116 1365 4171 caeteris
1414 4115 1797 4187 scriptoribus

132 4198 548 4256 ecclesiasticis
579 4216 891 4257 commune
925 4207 1049 4260 est:
1107 4204 1246 4259 deos
1276 4202 1385 4259 coli
1438 4221 1551 4259 non
1602 4204 1795 4278 licere,

132 4286 367 4344 etiamsi
398 4288 620 4343 summi
651 4293 708 4343 et
737 4290 1146 4357 omnipotentis
1178 4292 1278 4347 Dei
1308 4292 1562 4347 ministri
1594 4293 1799 4348 dican-

134 4382 257 4444 tur;
286 4376 393 4431 sed
426 4376 536 4431 soli
570 4377 748 4443 Patri,
780 4383 835 4433 et
861 4378 1007 4435 Filio
1033 4384 1089 4435 et
1121 4381 1368 4452 Spiritui
1400 4385 1594 4437 sancto
1643 4382 1800 4437 hunc

136 4466 424 4521 honorem
452 4464 870 4522 deferendum:
908 4468 965 4522 in
1003 4486 1117 4539 quo
1151 4469 1389 4541 quidem
1424 4470 1665 4525 insaniae
1697 4487 1797 4526 no-

140 4559 260 4609 tam
310 4553 570 4627 eﬂ'ugere
618 4571 735 4610 non
788 4560 998 4628 potest,
1060 4557 1109 4612 si
1157 4558 1368 4613 Filium
1421 4563 1477 4614 et
1517 4559 1799 4631 Spiritum

1903 3406 2280 3477 corruptibilis
2312 3406 2471 3459 Deus.
2506 3404 2629 3459 Non
2660 3403 2903 3458 dubium
2935 3420 3071 3474 ergo
3111 3403 3252 3474 quin
3314 3405 3564 3475 pseudo-

1904 3496 2189 3564 Clemens,
2216 3511 2348 3548 cum
2379 3494 2584 3548 Jesum
2626 3510 2827 3548 verum
2859 3496 2915 3547 et
2936 3497 3216 3547 internum
3266 3492 3563 3548 Christum

1905 3602 2033 3641 esse
2064 3582 2382 3650 contendit,
2433 3582 2632 3637 omnia
2659 3582 2709 3636 ei
2742 3582 2963 3636 tribuat
3019 3597 3145 3652 quas
3204 3580 3316 3636 sibi
3362 3581 3561 3637 Simon

1906 3691 2007 3747 per
2029 3689 2328 3728 summum
2371 3672 2533 3726 nefas
2566 3671 2894 3741 arrogabat.

1978 3782 2007 3811 «
2040 3762 2165 3816 Non
2197 3758 2695 3814 dissimulandum
2728 3763 2818 3813 est
2850 3774 2964 3812 non
2998 3755 3161 3811 nulla
3185 3756 3278 3811 his
3304 3756 3363 3811 in
3395 3756 3562 3812 libris

1907 3865 2209 3907 occurrere
2239 3866 2365 3917 qua:
2399 3849 2471 3902 de
2511 3847 2740 3902 Christo
2798 3846 2958 3901 dicta
3008 3844 3204 3900 minus
3236 3846 3561 3914 commode,

1907 3943 1963 3995 et
1993 3938 2200 3993 Ruﬁno
2234 3936 2358 3991 visa
2392 3940 2531 3992 sunt
2563 3934 2833 3990 Eunomii
2859 3934 3205 3990 commentis
3239 3932 3563 4001 simillima,

1908 4032 1965 4083 et
1996 4026 2389 4098 Epiphanium
2451 4025 2836 4090 adduxerunt,
2871 4028 2935 4078 ut
2979 4023 3259 4077 Ebionitis
3290 4040 3322 4077 a
3348 4022 3563 4095 quibus

1910 4119 2013 4173 hos
2046 4117 2227 4171 libros
2251 4113 2630 4185 interpolatos
2662 4114 2922 4184 putabat,
2964 4112 3317 4168 sententiam
3336 4112 3559 4167 Arianae

1907 4204 2216 4279 gemellam
2251 4204 2555 4274 efﬁngeret
2585 4206 2785 4257 contra
2810 4201 2989 4256 totius
3010 4200 3379 4271 antiquitatis
3399 4200 3562 4255 testi-

1908 4295 2194 4359 monium,
2230 4292 2347 4347 imo
2379 4296 2583 4347 contra
2631 4307 2805 4345 suum
2864 4290 3071 4362 ipsius,
3105 4289 3205 4360 qui
3264 4289 3562 4344 Christum

1908 4384 1981 4439 ab
2016 4380 2300 4437 Ebionitis
2332 4379 2661 4451 simplicem
2694 4379 2993 4434 hominem
3051 4378 3252 4433 haberi
3284 4378 3562 4434 declarat.

1906 4472 2015 4528 Sed
2050 4488 2184 4526 cum
2214 4470 2334 4525 haec
2383 4469 2594 4525 imitati
2652 4468 2773 4523 sint
2821 4468 3120 4540 Origenes,
3152 4466 3480 4524 Methodius
3510 4470 3567 4522 et

1908 4560 2267 4625 Lactantius,
2317 4559 2429 4614 erit
2450 4564 2680 4630 tempus
2702 4557 2878 4613 dehis
2898 4557 3105 4629 agendi
3140 4556 3324 4626 magis
3347 4572 3561 4626 oppor-

139 4647 417 4697 sanctum
449 4642 507 4697 in
542 4644 716 4698 rebus
735 4645 943 4700 creatis
968 4647 1328 4701 numerabat.
1351 4647 1612 4701 Primum
1636 4649 1803 4703 docet
1832 4663 1877 4726 D
1910 4654 2133 4713 tunum,
2184 4666 2315 4704 cum
2355 4646 2648 4704 solvendis
2704 4652 3039 4702 sanctorum
3082 4646 3318 4700 Patrum
3364 4643 3564 4699 ditlici-

140 4730 349 4788 homil.
381 4748 438 4801 ι,
473 4747 599 4803 cap.
644 4733 711 4787 15
740 4738 798 4789 et
828 4735 914 4801 l6,
948 4739 1005 4789 et
1037 4740 1281 4808 Recoqn.
1314 4734 1415 4792 lib.
1464 4754 1518 4804 v,
1552 4753 1678 4809 cap.
1714 4738 1799 4791 19.

138 4819 404 4876 Alterum
436 4818 640 4875 multis
678 4820 825 4877 locis
878 4828 1149 4880 testatur.
1198 4824 1279 4880 De
1309 4824 1466 4880 cultu
1518 4825 1701 4881 Patris
1748 4829 1805 4881 et

142 4908 267 4963 Filii
300 4907 386 4963 sic
442 4907 707 4980 loquitur
766 4911 966 4967 Petrus
1018 4912 1118 4968 lib.
1153 4931 1189 4968 ι
1236 4915 1497 4983 Recognit
1540 4930 1667 4985 cap.
1703 4916 1799 4970 47:

144 4996 281 5065 Quid
311 4998 461 5051 enim
486 5006 568 5053 est
598 4998 657 5054 in
684 5016 788 5071 quo
813 5000 1106 5057 adversari
1159 5003 1549 5072 praedicationi
1598 5008 1805 5060 nostrae

142 5088 262 5156 quis
288 5084 480 5141 debeat
512 5086 539 5140 ‘t
566 5096 668 5142 aut
698 5089 760 5143 in
789 5106 891 5160 quo
919 5094 1113 5146 contra
1149 5108 1272 5147 veri
1302 5092 1617 5164 honestique
1634 5094 1801 5163 ﬁdem

140 5188 320 5230 sermo
345 5174 775 5245 pradicatioms
811 5183 1023 5237 nostrae
1050 5181 1519 5252 deprehenditur?
1546 5184 1641 5254 qui
1668 5183 1802 5237 dicit

147 5261 539 5319 honorandum
575 5282 688 5322 esse
720 5272 897 5323 Deum
929 5277 979 5324 et
1010 5272 1237 5325 Putrem
1268 5274 1513 5326 omnium
1570 5271 1803 5327 condito-

146 5367 287 5418 rem,
306 5353 537 5425 eiusque
564 5357 771 5411 Filium
794 5360 889 5429 qui
909 5359 1057 5414 solus
1086 5376 1209 5414 eum
1239 5368 1293 5414 et
1318 5361 1649 5416 voluntatem
1676 5365 1801 5433 ejus

146 5442 324 5506 novit.
354 5446 552 5516 cuique
585 5446 691 5500 soli
743 5446 808 5502 de
863 5449 1113 5503 omnibus
1159 5448 1494 5504 credendum
1540 5460 1621 5505 est
1677 5465 1802 5521 quae

145 5534 410 5604 recepit
440 5553 459 5586 :
489 5533 639 5590 solus
677 5538 825 5591 enim
854 5546 934 5593 est
988 5538 1077 5592 lex
1128 5544 1184 5592 et
1232 5538 1509 5610 legislator
1552 5545 1604 5596 et
1626 5540 1802 5612 judea:

247 5671 339 5746 te)
366 5673 607 5746 Justin.,
646 5676 803 5733 Dial.
837 5695 965 5746 cap.
999 5680 1088 5734 47.

242 5744 334 5818 17)
361 5744 622 5821 Ηὶοιιοιιζ,
652 5748 838 5821 Epist.
865 5744 958 5819 SD,
985 5751 1058 5808 ad
1088 5754 1338 5823 August.

1911 4739 2156 4795 lioribus
2187 4738 2329 4794 locis
2362 4753 2599 4809 operam
2640 4736 2935 4791 dabimus.

1984 4851 2012 4880 «
2047 4830 2125 4883 Ex
2156 4828 2247 4883 his
2272 4832 2465 4883 autem
2488 4844 2617 4899 quae
2649 4824 2976 4891 attulimus,
3018 4822 3185 4879 facile
3212 4820 3563 4894 perspicitur

1912 4918 2069 4973 hunc
2101 4917 2441 4988 scriptorem
2477 4932 2591 4970 non
2615 4916 2786 4971 modo
2808 4912 2951 4968 nihil
2984 4912 3195 4967 habere
3227 4910 3382 4982 quod
3406 4909 3568 4965 Ebio-

1912 5006 2169 5061 nitarum
2202 5022 2458 5061 errorem
2488 5004 2765 5068 redoleat,
2798 5003 2899 5057 sed
2933 5002 3108 5056 etiam
3142 5001 3212 5055 de
3242 4998 3368 5053 Filii
3401 5002 3564 5053 aster-

1913 5095 2113 5163 nitate,
2157 5093 2580 5164 omnipotentis
2615 5096 2671 5147 et
2707 5107 2841 5146 vera
2869 5107 2938 5145 ex
2980 5089 3146 5143 Patre
3193 5086 3566 5159 generatione

1911 5189 2063 5239 recte
2092 5183 2522 5248 sentire.Quare
2555 5198 2680 5253 quas
2711 5181 2780 5235 de
2809 5177 3095 5234 Nazaraeis
3125 5176 3392 5233 Justinus
3425 5175 3558 5247 (l6),

1914 5272 2297 5345 Hieronymus
2330 5272 2442 5343 (17)
2477 5275 2533 5325 et
2562 5269 2926 5341 Augustinus
2960 5268 3073 5339 (18)
3106 5270 3416 5332 testantur,
3466 5282 3565 5320 eos

1911 5362 2193 5416 nimirum
2251 5359 2375 5415 Filii
2417 5358 2780 5414 divinitatem
2836 5357 3178 5426 agnovisse;
3211 5372 3278 5411 ea
3323 5354 3455 5426 quis
3504 5353 3565 5408 in

1910 5451 2155 5505 dubium
2174 5453 2417 5515 revocet,
2451 5464 2584 5502 cum
2608 5451 2661 5501 et
2694 5445 2876 5501 tantis
2907 5445 3249 5501 auctoribus
3280 5444 3563 5509 nituntur,

1910 5544 1965 5594 et
1994 5540 2052 5593 in
2093 5538 2377 5611 scriptore
2435 5536 2581 5608 legis
2637 5535 3098 5592 observationem
3139 5535 3414 5591 audacter
3459 5533 3563 5588 do-

1980 5680 2092 5751 (18)
2123 5682 2395 5751 August.,
2420 5678 2523 5734 lib.
2550 5682 2631 5735 De
2659 5676 2857 5736 haeres.
