4064 6330
550 404 626 467 19
1377 401 1442 459 S.
1489 399 1932 459 CLEMENTIS
1977 399 2002 459 Ι
2048 398 2237 458 BOM.
2286 399 2511 459 PONT.
2561 398 2817 459 OPERA
2867 397 3130 461 DUBIA.
3869 394 3947 454 20

550 538 713 593 oente
756 536 814 590 et
863 531 1228 606 predicante,
1293 529 1589 602 conceptis
1641 528 1837 585 verbis
1881 528 2193 602 legantur?
2224 531 2277 598 Α
2377 529 2657 585 Caeterum
2691 528 2957 585 Cotelerii
3004 529 3317 585 editionem
3358 528 3513 602 typis
3554 528 3943 584 excudendam

552 628 764 679 Praeter
783 621 930 694 legis
976 619 1438 675 observationem
1480 622 1536 673 et
1566 619 1741 674 fidem
1791 618 1849 672 in
1899 617 2195 672 Christum
2311 617 2663 673 curavimus.
2717 618 2880 674 Notis
2927 618 3299 674 Cotelerianis
3336 634 3405 674 ea
3439 618 3659 689 passim
3703 617 3943 673 intexui~

550 714 757 776 Deum,
807 709 949 765 illud
1000 708 1174 765 etiam
1232 708 1368 763 huic
1400 707 1666 779 scriptori
1724 724 1857 762 cum
1915 704 2200 761 Nazarteis
2310 708 3297 779 musque:animadvertiteruditus
3321 707 3611 777 Davisius,
3637 708 3706 764 ad
3728 711 3942 762 textum

548 815 858 858 commune
897 802 1005 865 est,
1068 797 1223 869 quod
1269 796 1590 851 Pharisaeos
1646 796 1856 851 acriter
1903 795 2196 851 interdum
2309 795 2681 868 potissimum
2752 798 3183 852 emendandum
3252 802 3624 869 comparata:
3705 798 3946 868 paucula

545 892 889 955 insectatur,
918 890 983 943 ut
1010 886 1213 942 homil.
1246 903 1327 956 xx,
1353 902 1521 958 capp.
1552 886 1623 939 28
1653 890 1709 941 et
1735 888 1806 941 29
1835 889 1891 941 et
1920 887 2197 954 Recognit.
2307 886 2479 941 etiam
2514 902 2581 941 ex
2608 885 2831 941 Joanne
2852 886 3069 943 Clerico
3118 887 3440 957 adjeoimus
3465 904 3477 943 :
3530 891 3771 957 utraque
3816 902 3946 941 vero

546 980 652 1036 lib.
686 996 725 1047 Ι,
759 995 885 1049 cap.
920 977 1008 1031 54.
1044 996 1073 1026 ››
1106 975 1227 1030 Huc
1253 991 1436 1046 usque
1468 974 1847 1030 doctissimus
1901 975 2194 1030 Maranus.
2307 991 2376 1030 ex
2407 975 2612 1030 iterata
2640 979 2876 1030 Patrum
2912 975 3377 1047 Apostolicorum
3418 975 3673 1047 editione
3714 977 3948 1030 Amstaa-

616 1069 738 1124 VII.
772 1067 966 1122 Unum
998 1070 1194 1121 tamen
1220 1068 1331 1131 est,
1364 1065 1519 1135 quod
1559 1063 1654 1118 hic
1694 1081 2057 1119 moneamus.
2099 1063 2197 1119 Ni-
2307 1063 2631 1119 lodamensi
2664 1065 3123 1136 desumpsimus.
3167 1064 3438 1135 Epistolas
3484 1064 3592 1120 sub
3643 1064 3952 1121 Clementis

545 1156 787 1224 mirum,
840 1154 949 1210 sub
995 1153 1205 1209 harum
1255 1152 1733 1223 disquisitionum
1784 1152 2022 1207 initium
2070 1151 2194 1223 opi-
2307 1152 2542 1207 nomine
2569 1152 2784 1208 Jacoho
2816 1153 3109 1225 inscriptae
3144 1154 3407 1209 Graecum
3457 1153 3753 1225 exemplar
3798 1152 3951 1208 stiti-

546 1250 720 1302 natus
750 1247 841 1300 est
868 1242 1565 1313 V.C.Recognitionumet
1593 1241 1975 1297 Homiliarum
2010 1258 2193 1296 unum
2305 1257 2439 1297 mus
2498 1242 2648 1296 inter
2708 1242 3000 1314 duplicem
3042 1243 3388 1313 versionem,
3444 1242 3685 1299 alteram
3740 1243 3951 1297 Rufini,

546 1338 605 1391 et
636 1333 790 1390 idem
825 1349 971 1404 opus
1026 1347 1176 1401 esse,
1226 1332 1325 1386 sed
1361 1348 1476 1387 non
1508 1330 1684 1387 semel
1744 1331 1988 1398 editum,
2040 1330 2195 1402 quod
2306 1328 2552 1385 alteram
2620 1329 2867 1386 Coterii:
2935 1330 3105 1403 eique
3144 1335 3419 1402 praeterea
3458 1330 3769 1387 nonnullas
3823 1332 3957 1387 doc-

547 1423 772 1497 pridem
801 1420 1199 1477 insinuaverat
1227 1419 1541 1476 Cotelerius
1573 1435 1639 1476 ac
1670 1423 1801 1492 post
1844 1436 2063 1475 annum
2095 1420 2198 1475 470
2305 1417 2519 1474 tissimi
2575 1418 2865 1474 Coutantii
2955 1419 3358 1476 adnotationes
3417 1436 3485 1476 ex
3512 1420 3641 1491 ejus
3698 1421 3955 1493 Epistolis

547 1508 757 1565 litteris
792 1509 1099 1566 traditum.
1136 1507 1356 1564 Verum
1382 1511 1695 1580 antequam
1756 1508 1877 1563 hinc
1914 1506 2198 1563 describe-
2306 1513 2678 1565 Romanorum
2729 1508 3058 1579 pontiﬁcum
3108 1508 3514 1580 subjecimus:
3568 1509 3669 1580 qui
3700 1513 3757 1565 et
3805 1507 3955 1563 illud

550 1614 773 1666 remus,
813 1598 884 1653 de
930 1595 1407 1668 Recognitionibus
1454 1596 1581 1667 jam
1641 1596 1826 1651 fuerat
1884 1594 2052 1651 nobis
2100 1595 2197 1651 de-
2310 1595 2580 1651 observat
2610 1596 2740 1667 (20),
2771 1596 3035 1652 eamdem
3066 1596 3411 1668 Epistolam,
3444 1601 3754 1670 postquam
3787 1597 3959 1652 aRu-

551 1689 965 1755 monstratum,
996 1684 1127 1740 illas
1178 1684 1413 1741 demum
1440 1683 1655 1756 scripto
1687 1701 1798 1740 non
1835 1684 2014 1739 fuisse
2058 1700 2199 1739 con-
2313 1684 2428 1738 tino
2460 1683 2766 1739 Latinitate
2795 1685 3010 1740 donata
3039 1691 3146 1757 est,
3179 1686 3533 1757 quibusdam
3564 1685 3816 1758 antiquis
3847 1686 3958 1741 Ca-

551 1774 814 1848 signatas
854 1778 986 1830 ante
1034 1790 1258 1829 annum
1311 1774 1434 1828 216.
1498 1772 1959 1829 Clemenlinorum
2007 1778 2201 1829 autem
2314 1790 2535 1829 nonum
2567 1771 3003 1831 collectionibus
3041 1775 3320 1832 insertam
3353 1777 3554 1832 fuisse.
3608 1776 3753 1831 Hinc
3799 1775 3959 1831 haud

552 1868 850 1919 auctorem
908 1863 1058 1918 circa
1089 1877 1309 1917 annum
1332 1861 1541 1918 Christi
1574 1862 1680 1916 250
1725 1861 2013 1928 ﬂoruisse,
2068 1878 2202 1917 cum
2236 1905 2282 1931 η
2316 1862 2583 1931 miratur,
2644 1862 2804 1918 illam
2852 1880 3002 1919 anno
3053 1864 3153 1919 441
3207 1882 3239 1919 a
3297 1865 3540 1921 concilio
3618 1864 3854 1921 Vasensi
3915 1882 3962 1931 ι,

552 1905 850 1919 “usus...
908 1905 1058 1918 νην..
1089 1905 1541 1918 ......................
1574 1905 1676 1916 πυ
1726 1905 2013 1928 ...μ-...Νη
2069 1905 2202 1917 νυ...
2318 1905 2583 1931 ...........,
2644 1905 2804 1918 μη...
2852 1905 3002 1919 ,μην
3054 1905 3153 1919 πη.
3207 1905 3239 1919 υ.
3297 1905 3540 1921 sese“...
3636 1905 3854 1921 ...υυιηη
3916 1905 3962 1931 ι,

552 1953 776 2009 Joanne
832 1951 1014 2007 Millio
1059 1950 1562 2018 existimabamue,
1596 1951 1695 2021 qui
1738 1951 1866 2020 ejus
1925 1950 2207 2007 Homilies
2236 1905 2284 1970 Β
2318 1967 2446 2007 can.
2481 1953 2567 2022 16,
2600 1968 2666 2007 ac
2697 1951 2945 2007 subinde
2974 1969 3007 2007 a
3035 1952 3268 2009 Nicolao
3302 1954 3345 2023 Ι,
3374 1955 3600 2010 Joanne
3620 1954 3768 2020 VIII,
3800 1952 3967 2009 aliis-

557 2042 746 2098 editas
772 2040 951 2096 fuisse
981 2040 1306 2111 censet(19)
1336 2040 1612 2095 subidem
1633 2043 1867 2112 tempus
1896 2056 2008 2110 quo
2038 2057 2205 2095 suam
2317 2056 2427 2110 que
2457 2039 2771 2096 Clementis
2802 2040 3037 2097 nomine
3074 2042 3254 2097 fuisse
3296 2042 3625 2098 laudatam:
3678 2058 3792 2114 qua
3829 2042 3965 2114 qui-

556 2130 915 2187 Harmoniam
944 2127 1335 2200 perscribebat
1368 2128 1722 2183 Ammonius
1759 2127 2203 2185 Alexandrinus.
2316 2129 2447 2184 dem
2478 2128 2537 2184 in
2571 2145 2632 2185 re
2664 2129 2980 2186 adnotanta
3017 2130 3317 2202 praeiverat
3339 2131 3676 2188 Cotelerius.

654 2254 743 2323 49)
770 2252 938 2320 Mill.,
970 2252 1298 2323 Prolegom,
1326 2252 1395 2307 ad
1426 2256 1495 2307 N.
1525 2252 1591 2309 T.
1622 2256 1744 2320 Gr.,
1774 2254 1953 2321 §670.

654 2255 722 2311 49
770 2255 938 2320 Mill.,
970 2255 1298 2323 Prolegom,
1326 2255 1395 2307 ad
1426 2256 1495 2307 N.
1525 2255 1591 2309 T.
1622 2256 1744 2320 Gr.,
1774 2255 1953 2321 §670.

629 2255 743 2399 ᾖοξ
771 2327 1065 2390 Coutant.,
1096 2324 1355 2394 Append.
1392 2324 1462 2378 ad
1496 2324 1662 2395 Epist.
1687 2324 1841 2380 Rom.
1870 2325 2101 2397 pontif.,
2136 2340 2193 2397 ρ.
2223 2325 2279 2396 5,
2310 2327 2339 2395 §
2366 2325 2421 2381 6.

1126 2654 1129 2655 θ
1268 2625 2030 2785 CLEMEN
2045 2629 2342 2791 TIS
2502 2633 3248 2792 ROMANI

1964 2876 2126 2941 QUAE
2162 2877 2554 2938 FERUNTUR

1155 3036 2295 3206 HOMILUE
2402 3040 3362 3212 VIGINTI

1474 3299 1813 3395 NUNC
1876 3301 2368 3397 PRIMUM
2427 3304 3039 3400 INTEGRZE.

557 3476 826 3537 Textum
857 3473 990 3563 _ad_
1019 3475 1299 3563 codicem
1370 3478 1889 3563 OttobonianumA
1931 3481 2272 3555 constituit,
2333 3482 2683 3543 versionem
2765 3484 3057 3546 Cotelerii
3125 3483 3357 3563 passim
3429 3483 3724 3555 correxit,
3788 3500 3977 3543 eam-

631 3572 760 3695 1que
817 3553 1111 3696 absolvilitl,
1158 3557 1435 3697 Igelectas
1491 3558 1769 3621 virorum
1854 3560 2181 3621 doctorum
2241 3553 2424 3623 notas
2506 3582 2774 3642 suasque
2837 3553 3163 3644 subjunxit
3217 3565 3511 3627 Albertus
3568 3553 3729 3623 Rud.
3792 3564 3976 3623 Max.

688 3651 932 3697 nassam.
967 3654 1008 3697 ι)
1059 3656 1079 3697 ι
1110 3680 1126 3697 .
1241 3681 1257 3697 .

688 3651 932 3709 nassam,
967 3651 1126 3715 pnu.
1158 3651 1257 3698 υτ.

1152 3840 1579 3913 (ΟΟΤΤΙΝαιΕ,
1621 3858 1948 3901 svup'rmus
1989 3861 2273 3901 ιωιιΑιιω
2312 3862 2757 3906 υιπεωαιιιληε

1764 3860 1948 3901 ηιευε
1989 3861 2273 3901 manuus
2312 3862 2784 3907 DIEI‘ERICHIANE.
2825 3866 3135 3920 uocccnm,
3176 3851 3369 3924 in-80.)

1895 4093 2463 4185 LECTURIS
2542 4099 2633 4185 S.

632 4281 748 4336 Duo
789 4283 1084 4352 praestanti
1115 4282 1366 4338 doctrina
1417 4284 1545 4353 viri,
1576 4286 1625 4342 Ι.
1661 4287 1725 4341 Β.
1760 4286 2056 4343 Cotelerius
2082 4294 2136 4346 et
2164 4292 2214 4347 J.
2243 4290 2506 4359 Clericus,
2535 4294 2596 4348 in
2630 4293 2910 4362 Homiliis,
2944 4310 3071 4367 quae
3119 4294 3409 4352 Clementis
3455 4299 3689 4354 Romani
3742 4302 3986 4356 nomine

560 4369 1051 4440 circumferuntur,
1083 4370 1322 4441 edendis,
1354 4378 1661 4446 comptures
1714 4377 1776 4431 in
1806 4376 1998 4433 iisdem
2051 4380 2353 4437 emendatis
2406 4385 2567 4453 atque
2597 4383 3024 4454 interpretandis
3052 4387 3209 4440 tanta
3236 4402 3360 4441 cum
3397 4386 3691 4456 diligentia
3716 4405 3782 4444 ac
3812 4390 3992 4445 laude

562 4460 774 4513 versati
800 4462 953 4524 sunt,
986 4463 1044 4514 ut
1063 4460 1368 4516 multorum
1400 4464 1613 4534 judicio
1642 4465 1801 4535 aliis,
1851 4465 1996 4537 quod
2026 4473 2272 4538 agerent,
2300 4469 2588 4542 reliquisse
2617 4471 2936 4527 viderentur
2976 4476 3071 4527 aut
3111 4490 3347 4544 paucum
3386 4478 3486 4530 aut
3515 4477 3684 4541 nihil,
3744 4478 3992 4533 Verum-

563 4548 861 4615 enimvero,
891 4550 988 4620 qui
1018 4551 1098 4604 ita
1125 4552 1457 4619 statuerunt,
1489 4551 1635 4607 haud
1662 4555 2014 4612 mediocriter
2052 4565 2261 4613 errant.
2293 4559 2431 4614 Nam
2487 4562 2796 4632 quicunque
2827 4562 3053 4617 illorum
3111 4563 3281 4619 libros
3337 4567 3576 4620 excussit
3630 4569 3996 4636 accuratius,

565 4643 831 4707 quantum
872 4638 945 4691 iis
990 4637 1407 4710 perfectionem,
1456 4657 1624 4712 quam
1672 4645 1733 4697 in
1773 4644 1873 4699 hoc
1924 4661 2123 4713 genere
2151 4651 2476 4718 expetimus,
2508 4648 2665 4715 desit,
2698 4650 2864 4720 facile
2917 4652 3344 4708 animadvertat.
3413 4660 3499 4709 Ea:
3538 4670 3678 4710 nova
3736 4671 3992 4728 quoque,

565 4740 692 4796 quae
720 4725 1059 4781 vehementer
1111 4727 1558 4798 desiderabatur,
1590 4730 1925 4801 Schwegleri
1953 4734 2191 4791 editione
2220 4736 2278 4791 id
2304 4739 2438 4792 satis
2463 4754 2735 4810 superque
2755 4742 2990 4810 probari
3016 4743 3180 4811 patet.
3212 4741 3399 4797 Adhuc
3426 4744 3543 4799 haec
3572 4725 3754 4799 erant.
3771 4725 3871 4799 Ac-
3893 4746 4001 4801 illi

564 4814 803 4886 quidem,
837 4815 969 4887 quid
998 4816 1163 4871 unius
1208 4821 1422 4872 tantum
1451 4818 1650 4875 codicis
1695 4823 2033 4893 supellectile
2059 4829 2113 4880 et
2149 4828 2482 4882 auctoritate
2511 4829 2793 4898 ingenium
2825 4845 3025 4901 arsque
3053 4831 3297 4902 critiqua
3342 4833 3555 4902 etﬁcere
3608 4842 3811 4904 posset,
3870 4850 4001 4889 non

564 4902 762 4973 absque
782 4919 1028 4959 successu
1056 4906 1423 4962 ostenderunt.
1456 4912 1647 4979 Itaque
1679 4926 1803 4965 cum
1831 4913 1917 4966 vel
1957 4922 2082 4984 post
2112 4918 2187 4969 tot
2218 4917 2507 4987 tantasque
2530 4917 2778 4971 virorum
2833 4917 3113 4974 doctorum
3158 4902 3620 4978 elucubrationee
3641 4930 3803 4994 atque
3832 4938 3997 4979 com-

563 4992 927 5047 mentationes
958 4994 1241 5065 scriptoris
1270 4996 1448 5050 nostri
1467 4999 1620 5052 ratio
1647 5000 1820 5054 etiam
1848 5002 1979 5055 tunc
2007 5017 2072 5057 ea
2100 5007 2256 5070 esset,
2289 5012 2348 5059 ut
2375 5005 2435 5059 in
2460 5007 2658 5076 primis
2689 5006 2807 5076 ejus
2854 5016 3038 5063 textus
3080 5011 3429 5065 restitutione
3460 5011 3519 5064 in
3546 4992 3831 5080 integrum
3859 5028 4001 5081 ege-

561 5081 667 5145 ret,
698 5079 751 5135 si
776 5096 805 5136 e
820 5082 971 5152 fonte
1000 5082 1233 5138 haurire
1252 5084 1509 5140 vellemus
1540 5084 1859 5158 limpidiori
1880 5090 2228 5161 puriorique,
2250 5094 2459 5163 factum
2490 5104 2566 5149 est
2592 5100 2647 5147 ut
2671 5096 2953 5151 auxilium
2979 5098 3321 5154 inveniretur
3351 5107 3402 5154 et
3430 5115 3514 5168 eo,
3545 5115 3648 5171 quo
3668 5079 4002 5156 Cotelerius

562 5183 695 5222 usus
743 5177 843 5237 est,
907 5171 1168 5238 validius,
1202 5175 1512 5246 etcujuscis
1559 5176 1772 5247 judicii
1820 5179 1999 5232 critici
2042 5182 2294 5237 acumine
2348 5185 2622 5254 superius.
2668 5186 2804 5239 Nam
2834 5184 3050 5243 Graecos
3080 5187 3353 5243 Vaticana
3381 5187 3716 5246 bibliotheca
3770 5190 4002 5247 codices

558 5257 932 5327 perlustranti
952 5260 1096 5316 mihi
1122 5264 1370 5333 contigit,
1406 5268 1464 5319 ut
1495 5264 1807 5336 quindecim
1836 5267 2035 5322 abhinc
2062 5271 2230 5325 annis
2260 5272 2321 5325 in
2346 5288 2444 5325 ms.
2478 5274 2781 5328 inciderem
2822 5290 2933 5330 non
2970 5275 3145 5331 solum
3188 5277 3446 5332 Parisino
3491 5278 3650 5346 libro,
3681 5280 3796 5343 cui,
3861 5295 4002 5351 quae

565 5342 823 5401 hactenus
856 5349 1219 5404 (familiarum
1249 5353 1624 5421 innatuerunt,
1660 5355 1931 5421 debemus,
1959 5358 2119 5428 longe
2163 5362 2541 5430 prastanlius,
2589 5379 2774 5417 verum
2823 5365 2992 5419 etiam
3046 5365 3336 5432 integrius,
3369 5368 3570 5437 quippe
3624 5342 4002 5439 quodet-ea-

565 5449 692 5529 rum
738 5443 951 5504 partem
985 5441 1097 5491 tam
1130 5438 1229 5494 diu
1255 5443 1475 5509 frustra
1524 5446 1849 5514 requisitam
1874 5446 2162 5516 praeberet.
2194 5453 2271 5504 Ac
2296 5451 2405 5521 fuit
2432 5451 2671 5522 quidem,
2726 5468 2849 5507 cum
2896 5452 3039 5508 mihi
3065 5468 3280 5524 quoque
3297 5457 3523 5526 tempus,
3575 5438 3701 5529 quae
3745 5456 4002 5528 feliciter

568 5519 915 5593 inveneram,
948 5524 1113 5591 digne
1143 5526 1477 5584 elaborandi
1498 5534 1775 5603 prapitius
1802 5549 2113 5590 concessum
2139 5536 2257 5605 fore
2285 5519 2625 5610 arbitrarer,
2647 5542 2700 5594 si
2729 5540 2981 5610 inﬁnitus
3009 5541 3162 5596 labor
3215 5544 3437 5598 criticus
3490 5546 3708 5617 scriptis
3746 5550 4002 5603 Patrum

569 5611 999 5681 apostolicorum
1047 5615 1399 5672 emendandis
1437 5637 1470 5673 a
1499 5637 1585 5675 me
1622 5627 1899 5694 susceptus
1954 5626 2331 5696 requiescendi
2357 5628 2582 5683 initium
2609 5632 2971 5686 concessisset.
3005 5631 3179 5699 Quam
3208 5648 3356 5703 spem
3384 5650 3561 5706 grave
3605 5636 4002 5707 infortunium

559 5698 793 5773 fefellit.
826 5701 967 5757 Nam
1005 5701 1209 5758 medici
1261 5707 1539 5779 cujusdam
1589 5712 1923 5769 Monacensis
1983 5715 2204 5771 incuria
2231 5724 2394 5790 atque
2449 5719 2671 5775 inscitia
2720 5719 2899 5777 altera
2947 5698 3103 5779 oculo
3149 5698 3359 5793 captus,
3384 5698 3589 5781 valtero
3634 5698 4002 5799 debilitatus,
