4100 6334
195 384 267 445 21
1370 388 1897 452 CLEMENTINA.
1927 423 2005 436 —
2036 391 2453 453 PROCEMIA.
3544 388 3620 448 22

194 526 474 591 quantum
503 520 842 577 valetudinis
872 522 1185 594 viriumque
1210 528 1513 594 supererat,
1546 524 1614 579 ad
1640 540 1703 579 ea
1731 524 1957 593 contuli,
1986 539 2105 596 quae
2131 525 2361 595 majoris
2408 523 2670 578 momenti
2718 522 2863 577 mihi
2886 528 3048 577 erant
3094 522 3422 578 absolvenda
3462 532 3625 596 atque

186 607 554 679 perﬁcienda.
586 610 700 678 Quo
730 612 877 679 [acto
906 609 976 665 ad
1007 609 1341 667 Clementem
1370 614 1671 668 Romanum
1704 629 1953 669 reversus
1973 614 2097 683 jam
2128 614 2187 666 in
2221 614 2416 667 limine
2444 613 2689 683 cognovi,
2725 612 2788 666 ob
2818 613 3183 667 recentiorum
3212 612 3503 677 librorum,
3526 616 3624 685 qui

192 700 250 751 in
278 700 588 754 auxilium
611 699 842 755 vocandi
870 704 1067 765 essent,
1102 702 1285 757 Romae
1314 704 1622 772 penuriam,
1646 705 1814 774 justis
1844 704 2129 758 hominum
2160 704 2642 773 transalpinorum
2695 701 2984 755 desideriis
3025 717 3112 756 me
3150 717 3260 756 non
3289 703 3370 756 ita
3399 705 3626 773 satis/a-

192 794 426 840 cturum
455 803 593 855 esse,
626 796 685 843 ut
714 791 776 843 in
806 805 1021 843 summa
1046 790 1288 860 faciendi
1308 792 1582 845 voluntate
1611 800 1730 846 erat
1759 794 1811 845 et
1839 791 2050 862 alioqui
2090 792 2215 860 ﬁeri
2258 793 2542 861 potuisset.
2595 790 2722 845 Haec
2769 790 3093 860 similiaque
3132 806 3253 844 cum
3288 796 3625 860 reputarem,

190 876 396 930 timens
425 892 502 931 ne
528 877 660 948 quid
691 877 985 949 indignum
1014 878 1118 932 hac
1142 882 1305 935 (etate
1333 880 1476 935 mihi
1503 880 1869 944 excideret,eo
1898 883 2014 950 fere
2038 888 2259 933 ventum
2288 884 2450 945 est,ut
2472 897 2504 934 a
2531 880 2802 934 Clemente
2830 880 3068 934 Romano
3093 880 3394 946 evulga-ndo
3415 880 3632 935 desiste-

193 966 606 1021 rem.Attamen
637 968 857 1035 amicis,
880 982 949 1021 ne
979 968 1196 1021 inventa
1223 968 1361 1023 mihi
1380 969 1653 1024 oblivione
1675 970 1851 1024 denuo
1876 970 2475 1037 sepelirentur,iterum
2496 970 2799 1038 iterumque
2817 967 3233 1022 adhortantibus
3256 969 3480 1023 tandem
3502 986 3630 1024 cen-

193 1055 284 1107 sui
312 1070 437 1109 esse
466 1054 792 1109 cedendum.
827 1057 948 1111 Jam
976 1057 1124 1109 enim
1152 1073 1475 1126 persuasum
1508 1057 1647 1111 mihi
1678 1067 1779 1121 est,
1813 1072 1939 1127 quae
1969 1058 2222 1112 Homitiis
2248 1059 2449 1111 critica
2480 1058 2819 1111 adminicula
2851 1065 2967 1110 tum
2996 1072 3025 1110 e
3055 1059 3239 1111 codice
3268 1068 3631 1128 reperto,tum

192 1160 261 1199 ac
289 1146 539 1202 editione
563 1149 816 1219 principe
844 1148 1034 1213 attuli,
1069 1150 1119 1201 si
1146 1157 1359 1218 partem
1391 1150 1648 1203 hactenus
1677 1149 1946 1205 ineditam
1980 1149 2171 1215 addas,
2205 1165 2387 1205 coram
2420 1151 2512 1217 iis,
2543 1166 2706 1220 penes
2746 1166 2876 1219 quos
2907 1148 3069 1220 hujus
3118 1151 3205 1203 rei
3226 1150 3505 1219 judicium
3533 1154 3628 1220 est,

193 1238 555 1306 zquiparare
584 1252 646 1291 ea
674 1252 827 1306 posse
855 1238 1075 1307 quantis
1105 1238 1311 1291 notulis
1340 1238 1740 1308 explanatoriis
1777 1237 1953 1292 adhuc
1981 1238 2230 1305 indigere
2258 1238 2567 1291 videantur.
2624 1239 2694 1291 Ac
2740 1238 3013 1292 mentione
3059 1237 3316 1292 editionis
3359 1240 3632 1309 principis

194 1323 359 1391 facta
392 1339 507 1380 non
527 1325 663 1379 satis
688 1325 898 1379 mirari
920 1339 1164 1395 possum,
1198 1326 1463 1396 quomodo
1493 1324 1823 1381 Schwehleri
1873 1326 2227 1397 diligentiam
2257 1334 2308 1380 et
2353 1327 2714 1393 sagacitatem
2761 1342 2976 1379 summa
3024 1328 3309 1381 necessitas
3359 1328 3629 1397 eﬂugent,

190 1424 317 1465 eam
350 1415 440 1468 vel
468 1412 886 1469 accuratissime
913 1412 1207 1483 revisendi,
1260 1430 1361 1483 quo
1390 1414 1713 1469 vulneribus
1762 1416 1821 1468 in
1851 1415 2034 1469 tribus
2080 1416 2129 1469 Ι.
2178 1413 2377 1468 Clerici
2417 1413 2542 1468 edd.
2586 1430 2680 1468 an.
2719 1414 2875 1477 1698,
2930 1415 3088 1483 1700,
3133 1414 3273 1467 1724
3308 1416 3485 1469 textui
3513 1414 3633 1485 ejus

187 1507 434 1577 inflictis
463 1502 677 1558 medela
706 1502 1013 1575 a/Terretur.
1048 1503 1172 1557 Istic
1200 1504 1473 1557 nimirum
1500 1534 1565 1544 —
1595 1502 1736 1558 sileo
1764 1504 1981 1558 levioris
2005 1503 2266 1559 momenti
2294 1504 2494 1557 menda
2524 1533 2590 1543 -ο
2623 1503 2819 1559 multa:
2849 1518 3009 1557 voces
3036 1504 3275 1569 omissa,
3298 1503 3484 1573 plures
3505 1518 3631 1557 con-

196 1605 293 1653 tra
350 1596 535 1649 Paris.
570 1592 705 1647 libri
721 1593 1107 1647 auctoritatem
1135 1594 1255 1647 sine
1277 1593 1392 1647 ulla
1422 1608 1588 1647 causa
1614 1595 1781 1648 tacite
1812 1596 2055 1661 mutatse,
2087 1594 2347 1663 plurimae
2376 1608 2666 1663 perperam
2696 1600 2981 1662 corrupta.
3017 1593 3152 1660 Quae
3199 1591 3415 1663 quidem
3441 1593 3635 1663 paucis

196 1684 454 1754 exceptis
486 1696 598 1736 non
628 1679 805 1735 solum
825 1696 867 1735 a
895 1681 1195 1735 novissimo
1224 1679 1427 1736 editore
1454 1683 1713 1751 repetita,
1746 1680 1835 1737 sed
1866 1697 2006 1736 nova
2037 1697 2289 1736 errorum
2318 1683 2569 1752 congerie
2598 1690 2766 1736 aucta
2794 1682 2996 1735 sunt.Is
3026 1681 3177 1735 enim
3210 1680 3414 1735 Clerici
3442 1696 3631 1735 recen-

191 1777 415 1831 sionem
444 1774 655 1826 textum
682 1769 941 1825 editionis
966 1785 1052 1840 pr.
1085 1772 1389 1839 geuuinum
1412 1775 1621 1841 putans
1648 1772 1854 1826 centies
1896 1771 2162 1827 Cotelerzo
2193 1772 2335 1825 hanc
2364 1772 2589 1825 illumve
2618 1772 2903 1826 lectionem
2928 1786 3020 1825 seu
3052 1771 3252 1825 bonam
3280 1786 3373 1825 seu
3402 1787 3629 1840 pravam

200 1863 462 1934 afﬁnxit,
496 1860 561 1915 de
582 1876 689 1932 qua
720 1860 817 1915 ille
846 1875 915 1915 ne
943 1860 1221 1914 somniare
1267 1860 1486 1930 quidem
1515 1877 1683 1915 ausus
1710 1869 1807 1915 est.
1864 1864 2036 1916 Taceo
2084 1862 2317 1931 reliqua,
2364 1876 2489 1931 quae
2531 1860 2597 1915 ab
2628 1861 2758 1915 aliis
2790 1861 3036 1928 intelligi
3062 1860 3227 1925 malo,
3264 1876 3426 1930 quam
3482 1877 3515 1913 a
3544 1876 3633 1914 me

195 1952 336 2007 dici.
377 1953 458 2005 Ne
489 1950 662 2003 multa
690 1966 708 2002 :
733 1964 802 2003 en
829 1948 933 2003 tibi
960 1950 1332 2003 recensionem
1364 1950 1740 2004 Homiliarum
1779 1950 2059 2019 prioribus
2085 1950 2485 2005 accuratiorem
2513 1952 2583 2015 et,
2614 1950 2663 2004 si
2691 1949 3069 2019 integritatem
3108 1950 3334 2020 spectas,
3377 1948 3627 2003 omnibus

190 2042 455 2097 numeris
479 2038 805 2094 absolutam.
838 2036 1020 2109 Neque
1044 2052 1167 2092 vero
1198 2038 1329 2103 illa,
1361 2053 1487 2109 qua?
1511 2053 1670 2094 novae
1699 2038 1832 2092 huic
1861 2038 2094 2093 editioni
2122 2046 2445 2094 ornamento
2473 2042 2572 2105 est,
2605 2038 2811 2109 glorior
2839 2038 3155 2107 integritate
3184 2054 3203 2089 :
3234 2037 3380 2092 alius
3418 2052 3628 2107 quoque

208 2131 469 2185 invenire
493 2128 780 2200 potuiseet,
814 2143 931 2197 quae
961 2126 1106 2181 mihi
1133 2128 1386 2181 invenire
1413 2129 1701 2196 contingit,
1733 2129 1979 2197 quamvis
2005 2127 2076 2183 ad
2104 2144 2280 2181 unum
2310 2143 2491 2182 omnes
2521 2143 2586 2181 ea
2617 2127 2802 2183 adhuc
2828 2125 3399 2197 praeterierintAtqui
3417 2142 3483 2179 ea
3515 2124 3625 2178 hu-

199 2233 397 2275 mane
422 2220 555 2273 vita:
582 2215 818 2272 conditio
848 2220 945 2284 est,
971 2224 1033 2270 ut
1059 2216 1272 2287 pluries
1299 2224 1546 2287 negetur,
1580 2217 1709 2287 quin
1743 2232 1803 2271 eo
1832 2216 2037 2288 aliquis
2088 2218 2380 2288 quaesitum
2422 2221 2510 2273 eat
2542 2232 2644 2288 quo
2699 2216 3079 2271 lubentissime
3128 2215 3278 2284 velit,
3325 2213 3625 2270 secundum

204 2313 463 2367 Graecum
494 2307 635 2362 illud
668 2324 681 2362 :

1255 2400 1329 2457 Οὐ
1367 2403 1564 2465 παντὸς
1593 2400 1784 2479 ἀνδρὸς
1816 2401 1870 2466 ἒς
1906 2401 2164 2479 Κόρινθον
2195 2401 2299 2457 ἃσθ⁹
2330 2404 2358 2458 ὁ
2388 2400 2583 2465 πλοῦς.

281 2531 494 2605 Scripsi
522 2532 706 2589 Romae
738 2528 858 2585 Kal.
891 2527 1002 2586 Jul.
1037 2527 1195 2585 1852.

946 2750 1389 2813 CLEMENTIS
1436 2752 1740 2814 ROMANI
1786 2753 2295 2817 HOMILIARUM
2341 2753 2666 2814 CODICES
2713 2751 2886 2813 MSS.

276 2898 329 2952 1.
364 2895 425 2950 In
457 2894 773 2965 Defensione
796 2908 900 2964 pro
954 2892 1273 2948 Canonibus
1301 2894 1677 2965 apostolorum
1706 2898 1757 2949 et
1800 2896 2066 2965 Epistolis
2110 2894 2431 2967 pontiﬁcum
2481 2893 2829 2950 Franciscus
2861 2893 3185 2948 Turrianus
3246 2907 3277 2948 e
3336 2908 3450 2948 ms.
3478 2910 3628 2965 quo-

213 2984 356 3039 dam
385 2986 583 3037 Graeca
612 2982 772 3051 citat,
806 2997 935 3052 qum
967 2980 1025 3035 in
1054 2980 1370 3037 Clementis
1402 2981 1469 3037 Η.
1504 2982 1770 3037 Homiliis
1802 2982 2192 3054 reperiuntur.
2240 2983 2370 3038 Alia
2420 2982 2852 3053 Metaphrasten
2904 2982 3081 3048 olent,
3133 2980 3251 3037 alia
3278 2981 3349 3036 ad
3381 2981 3625 3037 Ottobo-

201 3071 372 3127 niani
399 3070 709 3126 lectionem
743 3074 843 3125 aut
874 3084 1051 3140 prope
1082 3069 1385 3135 accedunt,
1421 3073 1521 3125 aut
1553 3069 1699 3124 nihil
1734 3072 1804 3126 ab
1835 3088 1903 3126 ea
1931 3070 2227 3126 differunt.
2262 3069 2652 3126 Nihilosecius
2682 3086 2923 3141 prorsus
2958 3068 3115 3124 aliud
3148 3077 3236 3124 est
3260 3085 3326 3124 ac
3357 3072 3625 3124 nostrum

201 3165 260 3215 et
284 3158 705 3214 Parisinum.ld
739 3156 881 3213 satis
913 3173 1067 3212 unus
1098 3156 1196 3212 ille
1226 3156 1389 3212 locus
1420 3158 1626 3228 probat
1654 3158 1711 3212 in
1743 3158 1990 3229 epistola
2020 3158 2289 3214 Turriani
2320 3159 2392 3213 ad
2426 3158 2666 3214 Hosium
2695 3156 3052 3213 cardinalem
3083 3156 3498 3227 allatus,quem
3529 3156 3625 3213 hic

202 3248 393 3303 habes
424 3247 484 3301 in
518 3248 682 3301 Hom.
714 3262 850 3312 xvn,
886 3246 971 3300 15.

271 3336 333 3389 2.
370 3355 399 3386 κ
428 3334 746 3390 Cotelsrius
777 3333 1074 3405 exemplar
1106 3351 1281 3389 suum
1316 3340 1603 3401 accurate,
1637 3335 1755 3391 imo
1803 3334 2090 3408 religiose,
2120 3352 2191 3391 ne
2222 3334 2479 3391 litterula
2530 3334 2767 3407 quidem
2825 3338 3069 3400 mutata,
3122 3332 3431 3405 descripsit
3462 3348 3530 3388 ex
3560 3350 3626 3389 eo

203 3425 410 3480 codice
443 3423 847 3493 Homiliarum,
883 3423 983 3495 qui
1014 3440 1188 3485 unus.
1223 3429 1516 3495 quantum
1550 3426 1752 3494 sciam,
1788 3426 2071 3497 temporis
2105 3426 2356 3496 injurias
2388 3424 2648 3497 pertulit,
2682 3424 2993 3479 Parisiensi
3049 3423 3224 3495 Regio
3280 3424 3417 3478 1648
3450 3424 3626 3495 (nunc

210 3512 382 3579 1196,
420 3512 469 3567 si
499 3518 652 3567 recte
683 3528 939 3582 auguror
968 3529 1037 3567 ex
1065 3511 1245 3568 Catal.
1282 3512 1407 3567 cod.
1444 3529 1587 3569 mss.
1627 3513 1777 3569 Bibl.
1814 3514 1954 3586 Reg.
1991 3514 2118 3568 Par.
2156 3516 2312 3582 1740,
2348 3519 2490 3569 tom.
2530 3514 2598 3583 II,
2657 3514 2714 3567 in
2764 3529 2939 3584 quem
2999 3512 3226 3567 numeri
3285 3510 3629 3566 Coteleriani

216 3617 338 3657 non
369 3599 764 3670 conveniunt).
799 3599 861 3654 In
895 3599 1225 3655 subsidium
1258 3599 1529 3655 adhibuit
1559 3600 1980 3656 Clementinam
2016 3601 2341 3673 Epitomen,
2376 3618 2553 3673 quam
2583 3609 2633 3655 el
2668 3600 2856 3671 ipsam
2904 3616 2935 3655 θ
2985 3600 3112 3655 cod.
3160 3602 3298 3669 Reg.
3344 3600 3378 3652 8
3408 3598 3625 3653 descri-

208 3694 373 3760 ptam
405 3687 466 3741 in
498 3703 671 3758 opere
700 3703 831 3756 suo,
863 3687 1089 3759 primus
1121 3693 1253 3758 post
1281 3689 1645 3756 Turnebum,
1679 3688 1893 3760 publici
1918 3689 2075 3760 juris
2102 3689 2254 3759 fecit,
2317 3690 2597 3745 Praaterea
2626 3687 2885 3743 excussit
2914 3687 3086 3754 codd,
3120 3686 3380 3757 Reg.148
3414 3690 3468 3741 et
3496 3686 3623 3753 804,

209 3776 315 3847 qui
342 3777 652 3831 continens
682 3776 948 3832 eamdem
980 3775 1305 3846 Epitomen,
1339 3793 1400 3832 se
1429 3775 1602 3847 paulo
1624 3778 1941 3832 auctiorem
1973 3794 2043 3833 ex
2082 3776 2468 3832 Homiliarum
2514 3775 2859 3849 fragmentis
2889 3775 2987 3846 (cf.
3041 3791 3168 3846 qua:
3214 3773 3623 3829 adnotavimus

204 3864 277 3919 ad
314 3864 403 3931 11,
429 3865 467 3918 5
494 3863 690 3935 [infra,
722 3862 831 3919 col.
862 3864 953 3933 33]
984 3868 1039 3918 et
1068 3864 1266 3936 333,18
1300 3863 1425 3931 [col.
1456 3865 1601 3932 295].
1639 3865 1713 3920 lis
1743 3864 2023 3921 subsidiis
2045 3864 2359 3921 Cotelerius
2386 3865 2468 3920 ita
2502 3881 2645 3920 usus
2674 3866 2853 3930 est,ut
2875 3863 3030 3917 haud
3068 3878 3251 3935 pauca
3280 3860 3496 3917 codicis
3528 3862 3621 3916 sui

206 3952 426 4008 menda
454 3952 514 4007 in
542 3952 807 4024 margine
837 3951 1108 4008 editionis
1138 3969 1259 4009 suae
1288 3957 1486 4024 posset
1506 3954 1887 4010 emendare.»
1921 3956 2007 4008 Ita
2037 3953 2445 4025 Schweglerus
2474 3953 2531 4007 in
2572 3952 2932 4007 Praefatione.
2965 3952 3083 4023 Ego
3132 3950 3369 4023 quidem
3413 3950 3617 4005 dubito

212 4056 358 4097 num
391 4040 715 4097 Cotelerius
738 4040 799 4097 in
831 4040 1211 4097 describenda
1241 4042 1438 4098 codice
1459 4042 1639 4097 Paris.
1685 4043 1873 4098 ubivis
1902 4042 1998 4099 ille
2025 4044 2137 4099 fide
2170 4048 2343 4115 atque
2392 4042 2671 4115 religione
2702 4057 2845 4096 usus
2893 4040 3088 4108 fuerit,
3141 4056 3258 4111 qua
3286 4040 3345 4094 in
3379 4039 3486 4095 hoc
3516 4055 3613 4111 ge-

204 4146 347 4186 nere
375 4145 525 4202 opus
555 4134 682 4186 est:
717 4128 777 4185 id
809 4130 963 4202 quod
994 4146 1063 4185 ex
1086 4129 1286 4186 multis
1316 4129 1459 4185 locis
1489 4147 1624 4187 cum
1653 4138 1852 4187 nostro
1883 4132 2147 4203 ejusdem
2182 4130 2413 4187 familiae
2448 4129 2842 4201 manuscripto
2900 4132 3172 4185 accurate
3219 4128 3447 4184 collatis
3478 4127 3606 4183 luce

208 4216 431 4274 clarius
459 4222 721 4290 apparet.
752 4219 940 4274 Codex
968 4218 1153 4274 Paris.
1187 4234 1526 4291 quanquam
1556 4220 1617 4274 in
1650 4219 1827 4275 fronte

2005 4221 2095 4276 bet
2129 4238 2141 4277 :
2175 4212 2377 4278 Βίϐλος
2429 4214 2632 4292 ἔχουσα
2680 4214 2903 4287 ὁμιλίας
2953 4212 3243 4292 διαφόρους
3294 4214 3398 4269 ἀπὸ
3441 4220 3624 4292 φωνῆς

201 4308 303 4359 τοῦ
372 4303 533 4378 ἁγίου
585 4303 790 4379 ΙΙέτρου
854 4308 952 4358 τοῦ
1026 4303 1357 4377 ἀποστόλου,
1427 4311 1792 4383 συγγραφεῖσα
1862 4306 1964 4360 ὑπὸ
2040 4310 2137 4360 τοῦ
2214 4305 2371 4379 ἁγίου
2441 4302 2779 4376 Κλήμεντος,
2937 4301 3210 4379 λεγομένη
3292 4301 3626 4375 Κλημέντια,

204 4394 483 4449 τουτέστιν
538 4390 855 4466 Κλήμεντος
918 4394 1335 4470 συγγράμματα.
1396 4393 1646 4470 Περιέχει
1707 4392 1764 4449 δὲ
1819 4398 1853 4465 ἡ
1911 4395 2045 4464 αὖτή
2110 4389 2303 4470 βίϐλος
2359 4391 2505 4449 τάδε·
2570 4391 2879 4469 προλόγους
2935 4396 3103 4465 τρεῖς,
3156 4392 3379 4465 ὁμιλίας
3438 4390 3633 4463 εἶ’κοσι,

214 4484 467 4541 mutilus
496 4488 694 4541 tamen
729 4485 948 4540 desinit
974 4485 1034 4540 in
1066 4487 1234 4541 Hom.
1272 4503 1387 4552 χιχ,
1423 4487 1507 4541 14.

280 4575 341 4630 3.
373 4574 564 4631 Codex
592 4591 705 4630 ms.
741 4575 839 4646 qui
872 4575 944 4630 ad
978 4591 1187 4630 novam
1218 4575 1602 4631 Homiliarum
1643 4576 1961 4631 editionem
2012 4576 2431 4633 conficiendam
2480 4576 2749 4632 criticum
2803 4589 3017 4646 penum
3070 4572 3216 4629 mihi
3272 4571 3503 4644 aperuit
3532 4572 3619 4629 vel

202 4664 595 4733 uberrimum,
626 4680 949 4736 earumque
979 4664 1155 4719 ﬁnem
1183 4665 1493 4737 hucusque
1522 4666 1914 4721 desideratum
1947 4667 2154 4721 unicus
2205 4666 2471 4737 largitur,
2500 4666 2571 4721 ad
2604 4682 2734 4721 eam
2766 4663 3019 4736 pertinet
3063 4662 3355 4718 Vaticana;
3411 4662 3633 4717 biblio-

205 4758 349 4809 tecae
381 4757 784 4825 partem,que
815 4753 1207 4809 Ottoboniana
1251 4754 1610 4810 nominatur.
1652 4755 2005 4811 Chartaceus
2037 4761 2144 4822 est,
2199 4757 2392 4811 forma)
2450 4759 2688 4827 quartas,
2722 4752 3159 4824 insigniturqus
3204 4767 3449 4806 numero
3501 4751 3630 4807 443.

207 4841 501 4897 Exaratus
526 4857 657 4897 esse
685 4840 914 4897 videtur
940 4840 1179 4898 ineunte
1208 4858 1341 4897 saec.
1374 4860 1488 4912 xxv,
1534 4843 1721 4897 nitida
1750 4844 1989 4915 quidem
2038 4844 2233 4899 Graeca
2268 4860 2465 4911 manu,
2518 4843 2617 4899 sed
2664 4842 2735 4898 ob
2787 4840 3104 4896 inusitatas
3155 4838 3355 4911 siglas,
3395 4838 3615 4909 quibus

208 4930 422 4997 utitur,
454 4931 678 5003 passim
710 4930 988 5004 ambigua
1015 4934 1072 4986 et
1100 4931 1483 4998 subobscure,
1519 4948 1623 4987 nec
1671 4932 1884 5003 ubique
1916 4932 2071 4989 facili
2104 4932 2275 4988 lectu.
2326 4932 2658 4997 Quamlibet
2688 4931 2984 5004 paginam,
3039 4930 3090 4985 si
3121 4927 3277 4984 tituli
3308 4932 3630 4984 occurrunt

207 5017 595 5085 nulli,versus
613 5018 819 5090 viginti
836 5023 1060 5090 septem
1080 5018 1402 5091 explent.1n
1426 5020 1614 5091 primo
1636 5021 1862 5077 Codicis
1886 5020 2020 5077 folio
2048 5021 2180 5077 albo
2205 5022 2507 5093 appositus
2532 5021 2740 5094 legitur
2764 5035 3049 5076 numerus
3072 5018 3176 5073 443
3204 5034 3217 5085 ;
3252 5015 3311 5072 in
3334 5017 3623 5089 sequenti:

672 5141 939 5199 Clemens
972 5142 1271 5199 Romanus
1304 5144 1374 5199 de
1406 5144 1983 5217 Peregrinationibus
2013 5146 2071 5202 S.
2105 5146 2254 5202 Petri
2287 5145 2385 5201 fol.
2416 5147 2471 5201 2.

680 5230 958 5303 Ejusdem
993 5230 1310 5287 Clementis
1342 5233 1885 5306 Peregrinationum
1914 5235 2177 5308 Epitome
2208 5234 2307 5299 fol.
2339 5235 2462 5290 161.

692 5320 958 5394 Gregorii
988 5322 1236 5394 Nysseni
1264 5323 1448 5379 oratio
1478 5323 1536 5379 in
1569 5322 1712 5379 illud
1744 5324 1903 5380 Pruli
1934 5342 1948 5382 :
1980 5328 2123 5380 Cum
2155 5324 2421 5397 subjecta
2450 5323 2691 5380 fuerint.

688 5407 779 5463 illi
810 5408 1025 5476 omnia,
1056 5413 1195 5465 tunc
1225 5413 1283 5466 et
1310 5410 1437 5484 ipse
1466 5411 1645 5481 ﬁlius,
1677 5416 1811 5482 etc.,
1844 5411 1944 5469 fol.
1974 5414 2101 5469 235.

1890 5535 1951 5591 P.

1882 5635 1943 5695 X

1872 5722 1963 5783 19.
