4100 6334
469 341 550 398 23
1303 340 1367 398 S.
1414 339 1854 399 CLEMENTIS
1901 340 1924 399 Ι
1973 336 2159 398 BOM.
2209 339 2441 398 PONT.
2490 340 2750 399 OPERA
2795 340 3059 400 DUBIA.
3804 342 3886 398 24

457 472 525 528 1n
556 474 806 544 utraque
835 469 1051 544 pagina
1079 459 1493 543 subsequentis
1525 470 1647 526 folii
1677 487 1990 527 numerum
2039 471 2063 525 Ι
2093 469 2152 525 in
2187 470 2374 527 fronte
2418 472 2656 528 ferentis
2686 475 2875 528 exstat
2927 473 3320 545 fragmentum
3375 471 3887 529 Clementinorum

459 560 754 633 prommii,
787 560 942 631 quod
975 559 1180 631 incipit
1212 576 1226 615 :
1259 556 1471 620 Αὐτοὺς
1522 558 1926 636 φρονιμώτερον
1979 556 2078 632 ἐπιῇ

2269 579 2347 611 σιν
2387 560 2718 633 desinitque
2768 562 2827 616 in
2859 562 2993 617 vbb.
3047 557 3206 632 ἄλλῳ
3256 556 3589 632 οἱῳδήποτε.
3623 561 3738 617 Hoc
3768 562 3888 618 fra-

463 654 770 724 gmentum
801 647 916 704 alia
945 664 1146 714 manu,
1179 665 1364 720 eaque
1395 665 1525 704 saec.
1560 666 1633 704 xv
1654 653 1959 704 exaratum
1990 653 2047 704 et
2077 647 2314 704 aliunde
2343 649 2604 705 excisum
2653 658 2810 722 puto.
2855 649 2985 704 Jam
3037 650 3334 705 invenitur
3377 650 3624 706 alterum
3676 651 3895 706 folium

461 739 657 795 album
683 753 927 795 numero
943 754 1168 794 carens.
1196 739 1257 794 In
1304 738 1439 805 olio,
1487 739 1640 810 quod
1667 738 1936 811 sequitur
1966 754 2207 793 nurnero
2228 740 2262 790 2
2284 739 2734 807 distinctio,cam
2759 739 2970 812 praevia
2993 739 3374 812 inscriptione
3396 739 3604 810 incipit
3625 739 3898 811 Epistola

460 827 606 882 Petri
638 826 709 881 ad
739 826 1020 882 Iacobum
1051 827 1208 892 data,
1239 827 1329 882 cui
1365 826 1585 897 reliqua
1614 825 1977 882 Clementina
1997 827 2546 892 annectunturﬂuaa
2573 833 2856 883 occurunt
2877 828 3289 900 inscriptiones
3314 827 3638 899 itidemque
3677 828 3898 884 litterae

467 914 720 971 initiales
753 914 1138 970 Homiliarum
1170 914 1344 970 sicuti
1397 915 1787 986 quorumdam
1836 918 2194 970 commatum
2245 914 2424 970 minio
2472 916 2649 971 rubro
2677 917 2840 988 pictm
2889 922 3044 972 sunt.
3095 915 3473 988 Singularum
3506 915 3900 972 Homiliarum

464 1019 754 1061 numerus
784 1003 999 1058 Graecis
1029 1002 1240 1059 litteris
1270 1004 1641 1076 exprimitur,
1670 1002 1841 1059 tertia
1868 1007 2083 1074 excepta

2260 1004 2464 1072 ecima,
2497 1004 2597 1059 ubi
2628 1008 2716 1060 est
2745 1001 2940 1074 ὁμιλία
2967 1002 3122 1078 τρίτη
3157 1010 3215 1060 el.
3247 1001 3445 1075 ὁμιλία
3475 1000 3693 1071 δεκάτη.
3727 1004 3876 1076 (Cfr.

466 1092 762 1166 specimen
796 1091 1103 1163 scripturae
1135 1091 1293 1164 ligno
1319 1093 1576 1148 incisum
1607 1093 1666 1148 in
1697 1091 1898 1148 tabula
1926 1091 2079 1147 infra
2108 1095 2388 1161 annexa.)
2413 1093 2498 1147 Ad
2529 1110 2690 1148 oram
2723 1093 2940 1148 codicis
2973 1092 3422 1165 quamplurima
3453 1092 3659 1164 glossze
3693 1093 3893 1161 prima

469 1199 648 1238 manu
681 1180 1021 1251 conscriptae
1052 1185 1352 1253 apparent,
1385 1181 1607 1238 nullius
1638 1182 1874 1255 quidem
1902 1181 2208 1248 momenti,
2249 1181 2298 1236 si
2330 1199 2543 1251 paucas
2589 1181 2864 1254 excipias.
2906 1182 3195 1237 Adnotavi
3226 1199 3358 1254 quae
3387 1181 3560 1237 utiles
3615 1199 3743 1238 esse
3787 1199 3896 1253 po-

468 1273 729 1326 tuerunt.
765 1269 954 1324 Pluris
983 1269 1256 1326 faciendae
1288 1275 1426 1327 sunt
1456 1271 1802 1342 conjectura:
1834 1286 2013 1325 manu
2045 1269 2345 1325 recentiori
2381 1269 2629 1343 margini
2661 1270 2935 1326 distincto
2985 1270 3318 1327 charactere
3365 1270 3661 1341 appositae.
3689 1271 3886 1326 Habes

476 1374 707 1431 quoque
739 1357 810 1412 ad
842 1374 1000 1413 oram
1033 1357 1265 1414 notulas
1300 1359 1509 1414 rubras
1543 1377 1556 1415 :
1587 1378 1682 1412 καν
1715 1358 1760 1411 α’
1791 1374 1978 1428 usque
2008 1357 2078 1412 ad
2127 1377 2222 1410 καν
2260 1357 2348 1430 ιγ’,
2384 1375 2595 1430 easque
2629 1358 2818 1429 prima
2862 1376 3039 1414 manu
3072 1362 3196 1414 tam
3243 1359 3585 1414 indistincte
3643 1364 3900 1430 tamque

474 1448 670 1519 inepte
701 1446 1084 1518 conscriptas,
1119 1451 1183 1502 ut
1213 1446 1418 1502 nullibi
1459 1465 1592 1502 cum
1631 1451 1792 1502 textu
1829 1447 2141 1518 quadrent.
2193 1446 2389 1502 Prima
2434 1446 2726 1502 invenitur
2755 1447 2920 1503 initio
2952 1448 3225 1520 Epistolas
3275 1448 3591 1504 Clementis
3622 1450 3693 1504 ad
3721 1451 3895 1504 Jaco-

475 1537 618 1592 bum
647 1554 715 1592 ex
745 1537 1006 1603 adverso,
1041 1537 1248 1594 ultima
1275 1539 1333 1593 in
1365 1539 1629 1610 margine
1656 1538 1814 1593 hom.
1851 1539 1893 1606 Ι,
1927 1538 1982 1606 6,
2017 1537 2125 1593 sub
2159 1537 2355 1591 ﬁnem.
2387 1537 2568 1593 Nullae
2610 1539 2869 1610 capitum
2901 1539 3212 1594 sectiones.
3265 1539 3693 1612 Orthograpbia
3724 1539 3889 1593 haud

476 1641 606 1679 raro
639 1623 886 1679 solCBca:
921 1625 1189 1698 κρίττονα,
1242 1619 1596 1698 κυϐερνότης,
1643 1621 2077 1698 γυμνιτεῦοντες,
2127 1622 2377 1693 θεώτητι,
2432 1623 2739 1697 γνομόνως⁹
2782 1623 3110 1692 πείσθεσθαι,
3162 1623 3465 1696 ἐπίστηται,
3522 1625 3774 1698 ὑποργεῖν
3831 1643 3897 1697 p.

479 1713 788 1787 ὑπουργεῖν,
820 1713 986 1789 αἱρῶν
1022 1734 1076 1787 p.
1111 1714 1268 1786 ἐρῶν,
1310 1714 1491 1770 καινόν
1527 1734 1583 1788 p.
1614 1714 1788 1783 κενόν,
1825 1713 2000 1789 ὑφὲξιν
2035 1732 2090 1785 p.
2121 1711 2345 1784 ὑφέξειν,
2379 1711 2610 1768 λοιποῦν
2646 1733 2700 1787 p.
2723 1719 2947 1786 Λυποῦν,
2972 1715 3373 1791 ηὖχαρίστησα,
3400 1737 3453 1790 p.
3485 1715 3905 1791 ηὐχαρίστησα,

481 1801 803 1879 φενορωθεῖς
838 1821 893 1876 p.
928 1803 1240 1880 φρενωϐείς,
1268 1801 1381 1858 ἅδει
1414 1823 1476 1877 p.
1513 1799 1630 1876 ᾅδῃ.
1669 1803 1901 1874 Multas,
1936 1820 2060 1874 qua:
2093 1821 2100 1856 ι

2300 1803 2356 1858 in
2387 1804 2496 1860 hoc
2528 1805 2724 1860 codice
2754 1805 3145 1877 reperiuntur,
3193 1806 3434 1863 lacunas
3468 1807 3643 1861 uncis
3679 1804 3905 1861 criticis

483 1891 696 1948 inclusi
729 1893 1224 1965 conjectandoque
1253 1894 1496 1966 explevi.

1795 2006 2113 2062 LITTERJE
2149 2005 2576 2063 EXPIJCATAE.

799 2124 857 2182 Ο,
883 2123 986 2173 Ott.
1017 2150 1076 2159 —
1111 2122 1287 2173 Codex
1315 2124 1704 2174 Ottobonianus
1733 2125 1843 2172 443.

798 2186 852 2259 ρ,
887 2185 942 2234 Ci
971 2210 1032 2259 :—
1059 2186 1368 2259 Cotelerius.
1398 2187 1647 2237 Cotelerii
1677 2186 1791 2249 (Ed.
1823 2186 1940 2235 Lut.
1973 2184 2116 2234 Paris
2145 2185 2307 2248 1672.)

804 2248 866 2303 D.
897 2275 955 2283 —
982 2249 1241 2297 Davisius.

801 2310 860 2359 Cl
888 2335 947 2346 —
977 2310 1208 2360 Clericus
1237 2311 1356 2372 (Ed.
1386 2311 1779 2361 Amsteledami
1816 2312 1975 2368 ΠΜ.)

813 2373 863 2422 3.
895 2371 948 2422 Si
976 2399 1036 2410 —
1067 2371 1434 2437 Schweglerus
1463 2373 1781 2437 Schwegleri
1811 2373 1928 2436 (Ed.
1958 2372 2284 2436 Stuttgartie
2316 2373 2474 2435 1847.)
