4064 6330
504 391 580 449 27
1340 392 1404 453 S.
1453 391 1894 455 CIIEMENTIS
1940 394 1963 454 Ι
2011 396 2160 455 ΗΟΜ

2273 396 2473 456 ⁵οΝΤ.
2521 396 2779 456 OPERA
2823 396 3086 457 DUBIA.
3823 398 3899 458 28

505 521 721 579 multas
744 522 798 577 in
828 522 1130 595 Opiniones
1152 523 1458 579 dividetur.
1480 524 1653 580 Porro
1676 524 1819 580 illud
1844 543 1957 581 non
1982 527 2148 600 quasi

2273 526 2343 599 μὴ
2392 524 2567 589 οὕτως
2614 528 2857 602 γένηται,
2912 527 2988 590 είς
3037 525 3251 590 πολλὰς
3293 529 3514 605 γνώμας
3544 529 3572 583 ὁ
3621 535 3722 600 τῆς
3768 529 3901 601 ἆΛη-

506 611 619 668 sim
644 612 924 684 propheta
947 612 1088 679 scio,
1109 613 1207 667 sed
1234 614 1387 684 quod
1408 615 1531 683 jam
1556 614 1788 670 initium
1814 616 1951 670 mali
1974 617 2162 689 ipsius

506 700 770 757 viderim.
805 700 1105 771 Siquidem
1153 701 1419 757 nonnulli
1475 719 1543 756 ex
1595 704 1867 774 gentibus
1915 704 2161 777 legalem

506 806 695 845 meam
746 790 1073 859 reiecerunt
1106 790 1598 861 praedicationem,
1633 792 1853 847 inimici
1904 793 2164 848 hominis

502 878 615 951 legi
664 879 1013 933 contrariam
1068 880 1387 950 quamdam
1419 885 1474 935 et
1506 898 1788 953 nugacem
1840 883 2160 938 doctrinam

507 967 779 1040 amplexi.
809 970 997 1038 Atque
1029 967 1149 1022 haec
1180 969 1495 1040 superstite
1528 985 1619 1023 me
1653 974 2025 1026 tentaverunt
2056 970 2164 1026 ali-

506 1057 605 1131 qui
646 1056 823 1111 variis
865 1056 1446 1127 interpretationibus
1477 1058 1651 1112 verba
1700 1075 1829 1113 mea
1876 1062 2162 1115 transfor-

504 1163 686 1210 mare,
713 1146 785 1200 ad
816 1144 1171 1199 eversionem
1230 1144 1410 1217 legis;
1462 1147 1627 1217 quasi
1690 1164 1795 1219 ego
1851 1149 2027 1204 etiam
2086 1150 2165 1205 ita

504 1236 773 1304 sentiam,
808 1251 918 1289 non
968 1234 1213 1289 audeam
1249 1238 1445 1289 tamen
1474 1234 1656 1291 libere
1688 1238 1944 1307 profiteri
1970 1256 1983 1295 :
2009 1240 2159 1310 quod

505 1324 686 1382 absitl
715 1324 776 1379 Id
810 1324 965 1378 enim
990 1339 1315 1395 repugnare
1346 1327 1436 1379 est
1468 1324 1562 1379 Dei
1595 1323 1729 1397 legi,
1754 1344 1786 1380 a
1808 1327 2000 1399 Moyse
2032 1345 2163 1399 pro-

505 1414 658 1480 latae,
692 1418 750 1468 et
781 1430 815 1468 a
842 1412 1087 1467 Domino
1127 1416 1325 1467 nostro
1372 1413 1775 1468 testimonium
1826 1415 2063 1471 habenti
2093 1418 2163 1473 de

503 1506 786 1576 perpetua
815 1518 922 1556 sua
951 1500 1256 1556 duratione
1281 1517 1295 1557 :
1322 1501 1602 1573 quoniam
1627 1503 1711 1558 sic
1738 1503 1886 1559 dixit
1910 1522 1921 1559 :
1959 1505 2163 1560 Cazlum

503 1598 555 1648 et
582 1595 733 1645 terra
781 1589 1139 1645 transibunt:
1170 1591 1279 1644 iota
1322 1606 1494 1645 unum
1524 1598 1630 1645 aut
1673 1608 1815 1647 unus
1861 1609 2005 1664 apex
2052 1610 2162 1649 non

505 1679 812 1753 praeteribit
829 1696 861 1735 (ι
883 1682 996 1750 tege
1016 1679 1111 1752 (a).
1142 1677 1293 1733 Illud
1325 1683 1520 1734 autem
1544 1680 1709 1751 dixit,
1737 1685 1799 1735 ut
1819 1682 2016 1737 omnia
2036 1699 2161 1739 eve-

505 1770 717 1826 nirent.
736 1770 807 1823 At
836 1767 921 1822 illi
949 1768 1143 1823 nescio
1175 1784 1287 1839 quo
1319 1768 1489 1823 modo
1523 1784 1763 1824 sensum
1791 1786 1986 1826 meum
2009 1788 2161 1827 com-

501 1862 733 1932 pertum
764 1857 1068 1927 habentes,
1093 1873 1219 1927 qua;
1250 1873 1317 1911 ex
1348 1873 1440 1912 me
1472 1857 1785 1913 audierunt
1814 1861 2010 1925 verba,
2045 1878 2159 1917 me-

501 1948 619 2004 lius
652 1964 744 2002 me
775 1946 873 2019 qui
903 1963 969 2001 ea
995 1946 1226 2001 locutus
1249 1962 1405 2011 sum,
1430 1947 1854 2018 aggrediuntur
1883 1948 2160 2021 interpre-

502 2037 644 2104 tari;
677 2036 934 2091 dicentes
981 2035 1054 2089 iis
1103 2051 1247 2106 quos
1286 2036 1624 2105 instituunt,
1654 2036 1714 2091 id
1746 2054 1876 2092 esse
1925 2044 2160 2095 senten-

502 2127 644 2182 tiam
697 2141 908 2195 meam,
934 2126 1087 2195 quod
1120 2140 1223 2196 ego
1274 2141 1345 2179 ne
1394 2125 1625 2195 quidem
1669 2126 1935 2197 cogitavi.
1968 2130 2025 2182 Si
2056 2146 2159 2183 au-

502 2219 622 2271 tem
657 2230 748 2270 me
777 2214 968 2269 adhuc
1015 2214 1141 2269 vivo
1189 2212 1327 2267 talia
1375 2213 1644 2268 ementiri
1678 2215 1911 2286 audent,
1942 2223 2159 2288 quanto

506 2304 695 2376 magis
727 2308 857 2376 post
888 2318 979 2358 me
1012 2303 1164 2358 idem
1195 2302 1495 2358 audebunt
1541 2303 1749 2372 facere,
1781 2305 1877 2375 qui
1908 2311 2039 2377 post
2070 2324 2159 2363 me

509 2393 723 2451 erunt?

2272 616 2414 680 θείας
2446 617 2605 688 ἡμῶν
2638 614 3033 693 διαιρεθήσεται
3060 615 3419 692 λόγος.Τοῦτο
3452 615 3509 672 δὲ
3541 618 3649 695 οὐχ
3678 619 3750 681 ὡς
3778 640 3905 695 προ-

2273 708 2450 781 φήτης
2486 710 2528 744 ¹¹
2581 704 2652 759 ὣν
2703 706 3011 779 ἐπίσταμαι·
3053 704 3179 760 ἀλλ’
3226 704 3335 776 ἤδη
3388 706 3549 762 αὐτοῦ
3598 712 3695 762 τοῦ
3743 713 3902 764 κακοῦ

2270 796 2369 863 τήν
2406 796 2579 870 ἀρχὴν
2626 797 2787 869 ὁρῶν.
2838 796 2985 857 Τινὲς
3027 796 3130 871 γὰρ
3175 800 3284 849 τῶν
3318 796 3422 850 ἀπὸ
3469 796 3633 851 ἐθνῶν
3674 798 3736 851 τὸ
3778 795 3904 852 δι’ἐ-

2278 889 2381 957 μοῦ
2411 884 2645 956 νόμιμον
2680 882 3079 957 ἀπεδοκίμασαν
3115 886 3374 961 κήρυγμα
3404 887 3535 959 (22),
3568 890 3663 939 τοῦ
3710 886 3904 961 ἐχθροῦ

2274 974 2559 1047 ἀνθρώπου
2608 970 2808 1045 ἄνομόν
2855 995 2975 1028 τινα
3024 973 3111 1028 καὶ
3162 972 3459 1051 φλυαρώδη
3506 976 3905 1051 προσηκάμενω

2274 1059 2643 1119 διδασκαλίαν.
2680 1062 2776 1117 Καὶ
2805 1067 2971 1118 ταῦτα
3014 1059 3089 1117 ἔτι
3139 1084 3245 1136 μου
3292 1063 3574 1139 περιόντος
3624 1063 3907 1140 ἐπεχείρη-

2274 1152 2365 1206 σάν
2398 1173 2561 1220 τινες,
2596 1150 2875 1214 ποικίλαις
2920 1152 3057 1207 τισὶν
3100 1153 3413 1229 ἑρμηνείαις
3452 1154 3579 1216 τοὺς
3628 1154 3789 1226 ἐμοὺς
3820 1152 3912 1209 λό-

2270 1262 2399 1317 γους
2436 1241 2954 1316 μετασχηματίζειν,
2987 1242 3063 1303 εἰς
3092 1243 3192 1310 τὴν
3240 1246 3337 1296 τοῦ
3389 1241 3562 1316 νόμου
3604 1241 3907 1298 κατάλυσιν·

2272 1329 2346 1391 ὡς
2374 1329 2463 1383 καὶ
2495 1331 2629 1402 ἐμοῦ
2661 1333 2704 1388 5
2742 1329 2904 1385 αὐτοῦ
2936 1329 3078 1384 οὕτω
3104 1331 3197 1403 μὶν
3220 1335 3571 1408 φρονοῦντος,
3601 1333 3675 1405 μὴ
3701 1331 3758 1387 ἐκ
3776 1331 3911 1406 παῤ-

2274 1416 2462 1494 ῥησίας
2494 1415 2551 1472 δὲ
2579 1418 2960 1495 κηρύσσοντος’
3013 1417 3146 1494 ὅπερ
3194 1419 3379 1489 ἀπείη.
3425 1417 3504 1477 Td
3552 1421 3655 1497 γὰρ
3700 1424 3911 1475 τοιοῦτο

2270 1506 2644 1582 ἀντιπράσσειν
2695 1506 2806 1562 ἐστὶ
2852 1512 2931 1580 τῷ
2975 1512 3073 1563 τοῦ
3120 1511 3251 1562 Θεοῦ
3298 1507 3455 1581 νόμῳ
3505 1513 3583 1581 τῷ
3631 1506 3719 1563 διὰ
3758 1510 3919 1566 Μωϋ·

2271 1594 2407 1657 σὲως
2440 1598 2486 1634 ¹²
2527 1594 2736 1672 ῥηθὶντι
2768 1595 2856 1650 καὶ
2910 1595 3011 1650 ὑπὸ
3056 1600 3154 1651 τοῦ
3208 1596 3410 1672 Κυρίου
3452 1600 3614 1671 ἡμῶν
3649 1618 3921 1675 μαρτυρη-

2270 1682 2410 1738 θὲντι
2443 1684 2565 1761 περὶ
2596 1691 2695 1754 τῆς
2727 1681 2903 1739 ἀϊδίου
2954 1683 3116 1739 αὐτοῦ
3151 1682 3443 1758 διαμονῆς,
3477 1685 3593 1740 ἐπεὶ
3638 1685 3807 1748 οὕτως
3840 1689 3917 1741 εἷ-

2266 1793 2381 1827 πενο
2421 1774 2480 1829 Ὀ
2529 1772 2755 1849 οὐρανὸς
2804 1774 2893 1827 καὶ
2946 1776 2980 1843 ἠ
3037 1780 3109 1850 γῆ
3161 1774 3589 1850 παρελεύσονται
3618 1795 3638 1807 ‘°
3688 1774 3815 1830 ἰῶτα
3860 1774 3915 1830 ἓν

2266 1864 2301 1931 ἢ
2341 1862 2437 1935 μία
2464 1862 2651 1937 κεραία
2681 1862 2743 1917 οὐ
2796 1864 2873 1935 μὴ
2924 1861 3167 1938 παρέλθῃ
3212 1862 3317 1918 ἀπὸ
3364 1868 3462 1918 τοῦ
3509 1859 3704 1937 νόμου.
3753 1869 3921 1920 Τοῦτο

2270 1948 2327 2006 δὲ
2358 1949 2592 2027 εἷ’ρηκεν,
2619 1949 2710 2006 θίνα
2738 1953 2806 2006 τὰ
2835 1952 3006 2006 πάντα
3034 1952 3266 2029 γίνηται.
3300 1953 3368 2010 Οἱ
3420 1950 3477 2008 δὲ
3507 1952 3606 2008 οὐκ
3651 1951 3776 2008 οῖδα
3804 1958 3925 2016 πῶς

2267 2040 2359 2095 τὸν
2408 2039 2536 2113 ἐμὸν
2586 2045 2708 2095 νοῦν
2762 2038 3253 2118 ἐπαγγελλόμενοι,
3285 2040 3377 2103 οὓς
3419 2039 3656 2110 ἤκουσαν
3706 2040 3756 2111 ἐξ
3786 2040 3922 2113 ἐμοῦ

2273 2127 2493 2204 λόγους,
2529 2128 2664 2202 ἐμοῦ
2691 2134 2789 2183 τοῦ
2820 2129 3065 2192 εἰπόντος
3098 2128 3294 2191 αὐτοὺς
3342 2129 3776 2207 φρονιμώτερον,
3803 2128 3924 2184 ἐπι-

2269 2222 2546 2295 χειροῦσιν
2580 2217 2893 2294 ἑρμηνεύειν
2930 2222 2997 2292 ¹³,
3031 2218 3282 2296 λέγοντες
3305 2224 3422 2281 τοῖς
3454 2218 3542 2273 ὑπ’
3573 2218 3745 2275 αὐτῶν
3793 2239 3926 2273 κατ-

2268 2310 2640 2383 ηχουμὲνοις,
2693 2312 2854 2363 τοῦτο
2912 2310 3048 2363 εἶναι
3095 2307 3159 2363 τὸ
3217 2307 3346 2381 ἐμὸν
3396 2306 3674 2385 φρόνημα,
3733 2307 3761 2363 ὃ
3819 2307 3929 2383 ἐγὼ

2272 2394 2397 2452 οὐδὲ
2430 2399 2475 2435 1⁸
2504 2395 2859 2470 ἐνεθυμήθην.
2893 2397 2958 2452 Εἰ
2989 2396 3047 2452 δὲ
3099 2395 3234 2471 ἐμοῦ
3274 2393 3351 2453 ἔτι
3382 2396 3665 2473 περιόντος
3700 2400 3929 2453 τοιαῦτα

505 2480 761 2555 τολμῶσι
791 2477 1234 2555 καταψεύδεσθαι,
1265 2478 1419 2553 πόσῳ
1448 2500 1509 2556 γε
1542 2479 1755 2553 μᾶλλον
1794 2482 1907 2555 μετ’
1939 2481 2036 2557 ἐμὶ
2063 2489 2238 2540 ποιεῖν
2270 2487 2322 2542 οἱ
2354 2488 2399 2524 ¹³
2433 2487 2546 2559 μετ’
2580 2485 2677 2560 ἐμὲ
2704 2485 3081 2561 τολμήσουσιν
3112 2505 3127 2557 ;

581 2591 673 2646 III.
706 2590 789 2645 Ne
819 2588 997 2662 igitur
1026 2588 1168 2661 quid
1201 2588 1540 2661 hujusmodi
1574 2591 1894 2663 contingat,
1919 2609 1987 2648 ea
2014 2609 2153 2664 pro-

2332 2594 2428 2651 ΙΙΙ.
2458 2595 2572 2648 Ἵνα
2602 2590 2692 2649 οῦν
2725 2594 2801 2667 μὴ
2848 2592 3096 2650 τοιοῦτόν
3135 2613 3187 2647 τι
3237 2590 3483 2669 γενηται,
3512 2590 3710 2648 τούτου
3758 2588 3919 2649 ἕνεκα

503 2684 632 2753 pter
660 2678 818 2736 oravi
848 2683 904 2734 et
933 2679 1275 2750 deprecatus
1306 2695 1462 2747 sum,
1495 2695 1756 2735 mearum
1788 2681 2154 2753 pradicatio-

2273 2682 2470 2756 ἧξίωσα
2498 2681 2586 2738 καὶ
2634 2679 2882 2755 ἐδεήθην,
2912 2686 3020 2739 τῶν
3064 2681 3210 2755 ἐμῶν
3258 2682 3622 2758 κηρυγμάτων
3656 2678 3717 2743 ’ὰς
3742 2679 3919 2755 ἔπεμ-

503 2786 646 2826 num
680 2784 809 2841 quis
838 2768 909 2825 ad
938 2771 992 2823 te
1020 2767 1155 2823 misi
1185 2766 1483 2823 volumina
1515 2768 1733 2823 nemini
1764 2774 1898 2826 ante
1924 2771 2151 2843 pericu-

504 2858 628 2915 lum
650 2858 863 2913 factum
886 2857 1105 2921 tradas,
1122 2873 1312 2928 neque
1336 2856 1558 2926 tribuli,
1576 2874 1763 2929 neque
1784 2858 2151 2933 alienigenas;

506 2964 713 3005 verum
745 2947 793 3002 si
837 2946 968 3018 quis
1018 2949 1150 3017 post
1178 2946 1582 3017 probationem
1625 2947 1839 3019 dignus
1889 2954 2154 3021 repertus

504 3036 698 3106 fuerit,
740 3040 879 3091 tunc
929 3035 1041 3107 ipsi
1074 3052 1142 3090 ex
1173 3034 1537 3091 institutione
1586 3036 1800 3109 Moysis
1848 3039 2155 3107 concedas,

496 3126 669 3198 juxta
698 3140 875 3196 quam
915 3125 1297 3196 Septuaginta
1328 3124 1463 3180 viris
1499 3124 1597 3196 qui
1629 3126 1963 3182 cathedram
1997 3126 2157 3183 illius

2260 2770 2335 2846 ψά
2384 2792 2468 2825 σοι
2521 2766 2748 2847 βίϐλους
2800 2768 2996 2845 μηδενὶ
3048 2768 3397 2846 μεταδοῦναι,
3433 2772 3573 2845 μήτε
3623 2769 3923 2849 ὁμοφύλῳ,

2267 2862 2404 2935 μήτε
2433 2857 2531 2915 ἀλ)
2548 2859 2760 2939 οφύλῳ,
2795 2861 2902 2937 πρὸ
2931 2860 3143 2938 πείρας,
3181 2858 3309 2916 ἀλλ’
3341 2858 3427 2915 ἐάν
3460 2881 3541 2921 τις
3574 2856 3925 2933 δοκιμασθεὶς

2264 2946 2411 3021 ἄξιος
2444 2950 2659 3025 εὑρεθῇ,
2709 2948 2834 3005 τότε
2888 2948 3033 3022 αὐτῷ
3076 2951 3213 3005 κατά
3260 2950 3357 3017 τὴν
3404 2949 3675 3010 Μωϋσὲως
3707 2951 3751 2985 ⁸⁸
3780 2947 3933 3024 ἀγω-

2264 3039 2369 3115 γὴν
2428 3035 2784 3114 παραδοῦναι,
2833 3040 2952 3093 καθ’
3002 3040 3062 3109 ἣν
3120 3043 3239 3101 τοῖς
3297 3033 3713 3111 Ἑϐδομήκοντα
3762 3036 3932 3114 ποιρὲ-

2267 3124 2409 3183 δωκε
2437 3132 2555 3189 τοῖς
2583 3128 2682 3197 τήν
2712 3125 2971 3204 καθέδραν
3023 3126 3188 3182 αὐτοῦ
3241 3124 3664 3205 παρειληφόσιν·
3692 3124 3785 3181 ’ίνα
3833 3125 3930 3181 οὕ-

504 3218 874 3285 exceperunt,
908 3212 1067 3267 dedit
1098 3232 1110 3268 :
1146 3218 1211 3268 ut
1241 3213 1324 3268 sic
1369 3213 1543 3269 ﬁdem
1593 3220 1824 3270 servent
1853 3220 1909 3271 et
1940 3217 2158 3289 ubique

2273 3236 2375 3279 τως
2407 3217 2502 3278 τὰς
2537 3215 2744 3279 πίστεις
2778 3214 3054 3294 φυλάξωσι
3084 3215 3175 3271 καὶ
3226 3222 3479 3292 πανταχῆ
3512 3214 3606 3271 τὸν
3652 3218 3753 3286 τῆς
3784 3213 3933 3286 ἀλη-

504 3302 765 3359 veritatis
815 3318 1095 3357 canonem
1143 3302 1397 3369 tradant,
1434 3308 1643 3358 cuncta
1690 3302 2051 3375 interpretati
2082 3307 2152 3361 ad

506 3391 881 3450 traditionem
913 3400 1194 3457 nostram,
1214 3397 1270 3448 et
1291 3409 1362 3447 ne
1386 3392 1493 3464 ipsi
1519 3393 1589 3447 ab
1622 3392 1911 3465 imperitia
1943 3400 2158 3466 pertra-

509 3481 610 3546 cti,
642 3481 714 3535 ab
745 3479 923 3534 animi
956 3479 1305 3550 conjecturis
1352 3480 1411 3534 in
1456 3496 1710 3535 errorem
1742 3480 1987 3552 inducti,
2018 3482 2162 3537 alios

507 3569 568 3626 in
600 3570 865 3625 eamdem
914 3568 1256 3640 perditionis
1290 3570 1513 3624 foveam
1565 3569 1877 3626 adducant.
1920 3571 1986 3625 Et
2033 3570 2161 3641 qui-

509 3659 642 3715 dem
674 3674 804 3731 quae
832 3658 972 3715 mihi
1005 3657 1371 3724 videbantur,
1393 3658 1635 3729 pulchre
1665 3657 1769 3714 tibi
1800 3658 2158 3731 signiﬁcavi:

510 3748 665 3820 quod
699 3765 829 3803 vero
872 3747 975 3803 tibi
1025 3746 1299 3819 placebit,
1337 3748 1574 3803 Domine
1623 3746 1724 3817 mi,
1754 3748 2024 3804 decenter
2067 3764 2160 3804 ex-

511 3852 773 3908 sequere.
806 3835 964 3891 Vale.

1306 3954 1375 3965 -η

438 4028 443 4032 ’
514 4047 1009 4104 CONTESTATIO
1035 4049 1175 4104 PRO
1206 4048 1295 4104 IIS
1322 4048 1441 4115 QUI
1467 4048 1740 4104 LlBRUM
1764 4050 2161 4107 ACCIPIUNT.

584 4154 627 4207 I.
665 4154 864 4224 Itaque
892 4153 1165 4224 Jacobus,
1187 4153 1337 4209 lecta
1367 4153 1631 4226 epistola,
1665 4156 1999 4211 convocavit
2036 4173 2164 4229 pre-

514 4243 798 4315 sbyteros,
824 4259 1076 4311 eumque
1116 4241 1234 4299 illis
1286 4242 1544 4315 legisset,
1590 4244 1670 4299 ait
1701 4261 1715 4299 :
1751 4246 2079 4302 necessario
2108 4250 2167 4301 et

514 4336 904 4403 congruenter
924 4332 993 4387 de
1010 4331 1248 4387 veritate
1270 4331 1622 4388 stabilienda
1646 4339 1842 4390 noster
1861 4335 2168 4391 admonuit

517 4420 743 4486 Petrus,
779 4425 843 4475 ut
874 4420 1351 4493 praedicationum
1382 4437 1623 4476 suarum
1656 4423 1824 4479 nobis
1854 4424 2068 4480 missos
2097 4424 2165 4479 li-

512 4509 650 4566 bros
683 4510 901 4565 nemini
937 4515 1153 4565 temere
1174 4510 1584 4579 concedamus,
1609 4516 1840 4567 tantum
1864 4514 1982 4569 viro
2014 4514 2163 4571 bono

586 4653 661 4727 (α)
693 4653 868 4709 Marc.
904 4672 1028 4725 x111,
1059 4656 1122 4712 31
1151 4673 1164 4724 ;
1201 4654 1405 4710 Matth.
1438 4672 1495 4725 v,
1529 4656 1617 4713 18.

2268 3305 2414 3368 θείας
2487 3304 2685 3360 κανόνα
2758 3303 3071 3381 παραδῶσιν
3107 3353 3123 3379 ,
3183 3304 3574 3381 ἑρμηνεύοντες
3648 3304 3717 3359 τά
3753 3306 3934 3360 πάντα

2268 3394 2407 3470 πρὸς
2436 3396 2535 3463 τὴν
2586 3391 2881 3470 παράδοσιν
2931 3397 3117 3468 ἡμῶν,
3169 3394 3259 3449 καὶ
3312 3396 3388 3467 μὴ
3439 3393 3593 3449 αὐτοὶ
3647 3392 3749 3450 ὑπὸ
3791 3392 3935 3467 ἄμα-

2272 3483 2412 3545 θείας
2447 3485 2491 3521 ”
2519 3484 2958 3557 κατασπώμενοι,
2994 3484 3096 3538 ὑπὸ
3142 3488 3251 3539 τῶν
3282 3483 3419 3538 κατά
3457 3484 3557 3552 τήν
3588 3484 3772 3558 ψυχήν
3804 3504 3935 3538 στο-

2272 3577 2502 3649 χασμῶν
2537 3572 2611 3635 εἲς
2654 3570 2867 3643 πλάνην
2917 3567 3230 3646 ἑλκόμενοι,
3265 3570 3469 3634 ἄλλους
3500 3572 3576 3635 εἶς
3605 3572 3695 3627 τόν
3728 3572 3932 3645 ὅμοιον

2269 3669 2370 3731 τῆς
2402 3659 2677 3723 ἀπωλείας
2712 3660 2962 3738 ἐνέγκωσι
3013 3661 3253 3738 βόθυνον.
3289 3660 3391 3718 Καὶ
3440 3660 3507 3715 τὰ
3553 3663 3602 3717 θ
3652 3660 3746 3734 μὲν
3799 3658 3934 3733 ἐμοὶ

2273 3749 2495 3822 δόξαντα
2522 3749 2706 3813 καλῶς
2755 3749 3001 3823 ἐσήμανά
3048 3772 3154 3820 σοι,
3187 3749 3248 3805 τὸ
3300 3747 3358 3806 δέ
3388 3771 3471 3805 σοι
3524 3747 3737 3821 δοκοῦν,
3770 3748 3935 3825 κύριὲ

2277 3860 2404 3913 μου,
2437 3838 2754 3915 πρεπόντως
2785 3837 3043 3896 ἐπιτέλει.
3071 3838 3343 3916 Ἔῤῥωσο.

2371 4054 2826 4109 ΔΙΑΜΑΡΤΥΡΙΔ
2867 4055 2979 4127 (23)
3020 4058 3177 4108 ΠΕΡΙ
3215 4058 3346 4108 ΤΩΝ
3383 4055 3514 4112 ΤΟΥ
3551 4054 3833 4112 ΒΙΒΛΙΟΥ

2786 4145 3304 4196 ΛΑΜΒΔΝΟΝΤΩΝ
3341 4143 3408 4198 ⁸⁸.

2346 4253 2390 4306 Ι.
2426 4245 2717 4322 Ἀναγνοὺς
2748 4244 2839 4301 οὖν
2873 4248 2901 4303 ὁ
2934 4242 3189 4310 Ἰάκωϐος
3220 4250 3265 4286 ¹⁹
3293 4248 3393 4316 τὴν
3425 4246 3745 4317 ἐπιστολὴν,
3781 4268 3949 4321 μετε-

2272 4333 2537 4391 καλέσατο
2593 4334 2720 4397 τοὺς
2772 4330 3166 4413 πρεσϐυτέρους
3200 4381 3215 4408 ,
3274 4337 3365 4392 καὶ
3430 4336 3616 4398 αὐτοῖς
3669 4336 3939 4412 ἀναγνοὺς

2274 4420 2399 4503 ἔφη·
2457 4423 2789 4501 ’Δναγκαίως
2835 4425 2926 4479 καὶ
2967 4424 3288 4501 πρεπόντως
3348 4425 3472 4501 περὶ
3520 4432 3620 4495 τῆς
3670 4424 3949 4494 ἀληθείας

2275 4510 2659 4591 ἀσφαλίζεσθαι
2693 4514 2720 4568 ὁ
2746 4512 3013 4589 ἡμέτερος
3062 4512 3339 4589 ὑπέμνησε
3390 4514 3619 4591 Πέτρος,
3653 4512 3805 4577 ὅπως
3837 4516 3947 4577 τὰς

1878 4778 2119 4837 VARI/E
2176 4780 2594 4838 LECTIONES.

541 4895 1106 4989 h‘LItangcgl‘ulrr.
1141 4894 1217 4989 (iis
1248 4896 1284 4989 ξ
1313 4895 1599 4989 προφήτης
1628 4897 1688 4951 C.
1724 4896 1774 4989 ίῗ
1800 4895 2059 4989 Μωϋρῃὲος
2108 4896 2172 4953 Ο.
2224 4897 2266 4989 1³
2313 4894 3007 4989 ἑρμηνεύεινηᾶᾶᾰωιξηο
3054 4901 3109 4954 et
3156 4899 3350 4989 Turn,
3401 4898 3566 4989 deest
3611 4898 3669 4989 in
3698 4898 3953 4989 'praafa-

512 4966 689 5023 tionis
736 4968 1102 5039 Fragmento.
1156 4970 1199 5004 ¹⁴
1248 4964 1364 5023 Pro"
1399 4964 1525 5023 οὖδέ
1572 4968 1782 5023 lacuna
1828 4969 1888 5022 in
1937 4969 2302 5074 Fragmento.
2336 4964 2459 5021 ηὀἱ
2492 4985 2606 5024 om.
2642 4968 2871 5042 Fragm.
2905 4971 3057 5025 Tum
3103 4964 3475 5042 τολμήσουσιν
3508 4970 3552 5026 Ο
3592 4975 3650 5026 et
3696 4964 3947 5043 Fragm.

513 5054 544 5076 η
590 5040 738 5076 φιιννι
768 5056 781 5069 ο
815 5040 1135 5076 «nn-lennem
1170 5039 1210 5076 Π
1266 5041 1309 5076 16
1341 5036 1595 5076 Μι..δὶκέιηρ
1620 5040 1663 5076 n
1694 5044 1747 5076 οὗ
1780 5040 1983 5076 panum
2045 5042 2059 5076 1
2119 5038 2348 5076 Annal”;-
2378 5040 2422 5076 Π
2453 5045 2505 5076 n1
2540 5041 2746 5076 Pnnnm
2801 5042 2845 5076 18
2866 5040 3035 5076 anln
3070 5041 3126 5076 in
3159 5045 3205 5076 n
3235 5047 3289 5076 ιιι
3321 5043 3525 5076 Πηοηηι
3595 5041 3920 5076 ἰπαηκῖηιῖη

513 5054 562 5093 c.
590 5040 781 5111 Turr_.:
815 5036 1135 5109 ποιήσουσιν
1170 5039 1229 5095 C.
1266 5041 1309 5076 ¹⁶
1339 5036 1663 5111 ΜωϋσὲοςΟ
1694 5044 1752 5095 et
1780 5040 2008 5111 Fragm.

515 5124 706 5181 neque
738 5109 900 5166 locus
925 5105 974 5166 ei
1008 5112 1266 5167 relictus.
1302 5112 1345 5147 ¹⁹
1375 5105 1668 5171 Ἰαακῶϐος
1713 5111 1777 5167 Ο.

2119 5038 2348 5111 ἀμαθίας
2378 5040 2422 5097 Ο
2453 5045 2509 5096 et
2540 5038 2781 5113 Fragmf
2801 5042 2845 5077 ¹⁸
2866 5040 3042 5099 Nulla
3070 5041 3130 5097 in
3159 5038 3291 5099 O'et
3321 5043 3552 5115 Fragm.
3595 5038 3945 5114 inscriptio,

1887 5252 2272 5309 VARIORUM
2330 5252 2565 5310 NOT/E.

588 5366 701 5438 (22)
748 5365 999 5444 Νόμιμον
1044 5370 1325 5444 κήρυγμα,
1360 5373 1468 5425 etc.
1504 5369 1651 5425 Cave
1710 5369 1816 5424 tibi
1864 5369 1934 5424 ad
1991 5369 2161 5424 Ebio-

516 5438 727 5495 nismo.
763 5443 893 5493 Cor.

587 5510 699 5583 (23)
732 5509 1099 5583 Διαμαρτυρία
1132 5510 1386 5583 Redolet,
1415 5528 1543 5567 mea
1586 5511 1819 5583 quidem
1855 5511 2163 5581 sententia,

515 5582 851 5651 hujusmodi
894 5582 1241 5654 contestatio
1272 5582 1465 5653 κρύψιν
1496 5583 1817 5654 primorum
1868 5583 2164 5654 haeretico-

517 5669 671 5726 rum,
705 5652 1012 5726 quainilli
1060 5652 1403 5726 didicerant;
1428 5670 1461 5707 a
1498 5652 1770 5726 paganis,
1803 5658 1860 5709 et
1890 5673 1923 5709 a
1951 5653 2168 5709 Judaais

516 5723 776 5784 Essenis.
808 5724 1036 5782 Videsis
1066 5723 1354 5797 praecipue
1383 5723 1662 5781 Ireniedm
1697 5723 1799 5781 lib.
1833 5743 1871 5798 ι,
1905 5742 2031 5799 cap.
2061 5727 2167 5795 23;

2274 5367 2704 5425 Tertullianum
2744 5368 2909 5426 initio
2958 5369 3150 5440 operis
3197 5368 3455 5424 adversus
3489 5369 3954 5433 Valentinianus;

2273 5440 2682 5513 Porphyrium,
2712 5446 2791 5497 De
2819 5442 3173 5513 abstinentia,
3204 5440 3304 5513 lib.
3329 5457 3406 5512 1v,
3430 5457 3559 5513 cap.
3587 5440 3780 5513 1,3;et
3816 5440 3954 5496 Vet-

2276 5510 2423 5566 tium
2464 5510 2764 5568 Valentem
2810 5514 3057 5569 citatum
3090 5530 3123 5567 ο.
3152 5510 3399 5567 Seldeno
3446 5510 3573 5567 tum
3606 5512 3664 5566 in
3696 5512 3951 5569 Marmo-

2276 5583 2430 5656 ribus
2458 5584 2887 5651 Arundetlianis,
2916 5602 2972 5655 p.
2998 5585 3122 5651 151,
3144 5588 3271 5656 tum
3301 5585 3375 5640 De
3402 5583 3511 5656 dii:
3539 5583 3717 5656 Syris,
3743 5600 3801 5656 p.
3833 5585 3950 5656 35;

2277 5654 2787 5783 iiixgqueIJullum
2830 5654 3169 5725 Firmicum,
3200 5655 3262 5712 in
3286 5655 3512 5713 Prtet‘at.
3545 5654 3647 5712 lib.
3679 5654 3785 5725 vn,
3821 5655 3950 5715 Ma-

2366 5766 2382 5782 .
2454 5743 2500 5783 ε.
2559 5744 2614 5783 n.

2279 5733 2500 5783 ιηεεθοε.
2532 5733 2614 5785 ID.
