4100 6334
432 393 503 452 31
874 406 877 411 ‘
1258 389 1323 450 S.
1369 388 1808 451 CLEMENTIS
1854 390 1877 451 Ι
1923 391 2113 453 ROM.
2160 391 2393 452 PONT.
2438 391 2699 452 OPERA
2744 389 3006 451 DUBIA.
3755 398 3838 456 32

430 527 491 583 et
544 525 616 582 ab
672 523 880 581 iisdem
930 523 1319 596 proficiscenti
1376 527 1816 583 commendabo.
1849 525 1909 581 Si
1944 539 2079 580 vero

2207 520 2365 576 ιύτῶν
2426 523 2737 598 ὁρμωμένῳ
2805 522 3326 597 παρακαταθήσομαι
3382 527 3447 584 δ’.
3507 524 3573 581 Εἰ
3629 522 3688 580 δὲ
3744 527 3841 581 καὶ

435 615 742 688 contigerit
766 630 855 671 me
883 618 1161 687 aagrotare
1190 631 1256 669 ac
1291 618 1537 670 mortem
1559 617 1760 683 vereri,
1781 616 1828 671 si
1862 616 2085 686 absque

2207 610 2355 687 τύχοι
2418 635 2485 685 με
2541 620 2763 683 νοσῆσαι
2808 616 2852 649 ³⁸
2907 613 2997 667 καὶ
3056 613 3146 666 τὸν
3201 614 3426 669 θάνατον
3488 615 3841 685 ὑποπτεῦσαι,

438 704 636 761 liberis
661 705 841 770 fuero,
856 704 1126 759 similiter
1147 720 1337 776 agam.
1354 705 1463 759 Sed
1488 709 1545 759 et
1566 705 1614 760 si
1638 706 1873 775 moriar,
1895 704 2082 759 ﬁlium

2207 701 2279 754 ἐὰν
2315 702 2531 763 ἄτεκνος
2552 702 2620 771 ὦ,
2653 704 2862 775 ὁμοίως
2895 703 3133 771 ποιήσω.
3168 699 3329 756 Ἀλλ’
3361 703 3405 756 εἷ
3445 704 3536 758 καὶ
3584 702 3842 773 τελευτῶ,

432 795 655 851 habens
686 793 996 865 indignum
1028 798 1128 849 aut
1160 794 1423 849 nondum
1446 810 1742 865 capacem,
1770 795 1983 866 pariter
2010 794 2085 848 fa-

2207 787 2371 844 τέκνον
2401 787 2544 866 ἔχων
2577 790 2677 846 οὑκ
2725 792 2869 862 ἄξιον
2918 792 2952 859 ἣ
3005 788 3235 863 μηδέπω
3288 788 3601 864 δυνάμενον,
3634 792 3845 865 ὁμοίως

433 884 603 941 ciam.
638 882 870 938 Scilicet
899 883 1263 938 committam
1293 899 1422 938 meo
1453 884 1745 956 episcopo,
1769 888 1831 939 ut
1861 883 1912 939 si
1943 900 2084 955 puer

2207 880 2427 949 τοιήσω.
2476 884 2563 951 Τῷ
2618 881 2722 955 γάρ
2784 879 3068 952 ἐπισκόπῳ
3132 901 3238 953 μου
3296 884 3841 957 παρακαταθήσομαι,

434 972 673 1028 adultus
707 972 818 1027 fide
849 972 1065 1043 dignus
1099 972 1291 1039 fuerit,
1324 970 1423 1026 ille
1460 976 1741 1044 tanquam
1774 978 2081 1044 paternum

2207 966 2274 1021 ἱνα
2303 967 2350 1022 εἶ
2401 968 2494 1040 μὲν
2542 969 2707 1043 τύχοι
2762 968 2843 1048 ἐφ’
2872 968 3098 1039 ἡλικίας
3158 969 3453 1045 γενόμενος
3514 969 3660 1041 ἄξιος
3706 970 3843 1026 εἶναι

432 1061 764 1133 depositum
788 1060 905 1115 {ilio
928 1060 1150 1130 reddat,
1161 1061 1331 1130 juxta
1353 1061 1591 1116 modum
1615 1061 2080 1117 contestationis.

505 1150 598 1205 1V.
633 1149 795 1216 Quod
820 1154 1018 1205 autem
1043 1149 1126 1204 ita
1148 1149 1410 1205 tacturus
1432 1149 1568 1219 sim,
1590 1150 1803 1205 iterum
1827 1150 2082 1205 secundo

432 1242 727 1295 contestor
791 1236 1021 1303 coelum,
1086 1242 1341 1305 terram,
1408 1255 1645 1310 aquam,
1703 1255 1830 1310 quas
1887 1238 2085 1295 omnia

434 1327 920 1398 complectuntur,
970 1326 1327 1398 insuperque
1385 1326 1479 1383 his
1539 1327 1816 1383 omnibus
1873 1332 2086 1383 cuncta

435 1420 846 1490 pervagantem
878 1432 1093 1483 aerem,
1121 1417 1248 1471 sine
1279 1431 1394 1487 quo
1426 1432 1540 1470 non
1572 1417 1750 1487 spiro,
1776 1416 1930 1487 quod
1964 1431 2088 1487 per—

434 1511 609 1580 petuo
640 1505 1052 1576 obtemperabo
1098 1505 1173 1575 ei,
1206 1504 1305 1575 qui
1336 1503 1516 1560 libros
1550 1504 1694 1559 mihi
1726 1505 2086 1576 praedicatio-

435 1612 581 1653 num
604 1594 902 1663 tribuitﬂat
918 1595 1237 1650 observabo
1255 1594 1578 1649 secundum
1597 1594 1866 1649 universa
1888 1611 2087 1666 quem-

434 1685 755 1741 admodum
829 1687 1187 1740 conteslatus
1252 1700 1407 1750 sum,
1455 1688 1556 1737 aut
1619 1683 1809 1738 adhuc
1876 1683 2081 1755 magis.

433 1775 637 1845 Itaque
677 1773 819 1827 mihi
852 1776 1025 1843 pacta
1056 1772 1310 1827 s’ervanti
1344 1789 1478 1843 pars
1510 1772 1621 1827 erit
1649 1788 1784 1827 cum
1816 1771 2035 1827 sanctis
2068 1789 2082 1827 :

437 1862 631 1934 agenti
662 1878 792 1917 vero
823 1866 1023 1916 contra
1054 1878 1121 1916 ea
1148 1877 1273 1932 quas
1298 1865 1500 1931 pactus
1522 1877 1655 1915 sum
1680 1860 1917 1915 inimica
1939 1860 2082 1914 mihi
2120 1892 2166 1956 B

437 1952 517 2008 sit
546 1967 740 2006 rerum
782 1950 1131 2005 universitas
1178 1954 1235 2004 et
1278 1953 1488 2004 cuncta
1536 1965 1851 2021 peragrans
1908 1950 2087 2005 aether

438 2041 653 2113 quique
687 2044 775 2094 est
802 2039 1179 2110 superomnia
1214 2043 1380 2103 Deus,
1408 2054 1523 2109 quo
1556 2038 1777 2106 melior,
1802 2056 1917 2109 quo
1962 2056 2085 2094 ma-

428 2131 529 2202 jor
559 2128 777 2184 nullus.
801 2128 859 2183 Si
882 2128 1056 2182 etiam
1089 2128 1148 2182 in
1170 2126 1562 2199 cognitionem
1583 2128 1811 2183 veniam
1846 2127 2088 2185 alterius

438 2219 560 2289 Dei,
593 2219 749 2273 hunc
780 2234 1013 2288 quoque
1063 2233 1216 2271 nunc
1240 2218 1399 2287 juro,
1432 2233 1524 2271 me
1562 2216 1729 2271 aliter
1777 2234 1891 2272 non
1924 2222 2087 2272 actu-

438 2324 592 2375 rum,
620 2306 738 2361 sive
768 2306 865 2361 ille
896 2306 1123 2371 existat,
1151 2305 1271 2361 sive
1314 2304 1409 2360 ille
1440 2322 1554 2360 non
1587 2304 1814 2361 existat.
1839 2306 1922 2360 Ad
1966 2305 2090 2362 haec

440 2398 658 2463 omnia,
692 2395 742 2450 si
785 2394 1007 2461 fallam,
1039 2410 1136 2449 ero
1184 2394 1594 2461 exsecrandus,
1618 2393 1817 2449 vivens
1847 2398 1903 2449 et
1934 2411 2089 2450 mor-

438 2489 602 2552 tuus,
634 2488 809 2555 atque
854 2488 1070 2538 aeterno
1118 2482 1329 2554 puniar
1373 2481 1681 2554 supplicio.
1706 2487 1773 2537 Et
1802 2486 1934 2555 post
1979 2482 2089 2538 hoc

446 2589 655 2645 panem
688 2589 753 2627 ac
791 2571 876 2627 sal
909 2588 1042 2627 cum
1074 2570 1347 2643 largitore
1375 2574 1588 2627 sumat.

513 2666 582 2718 V.
616 2661 745 2717 Haec
774 2660 988 2716 Jacobo
1020 2659 1248 2715 dicente
1290 2658 1612 2731 presbyteri
1644 2659 1853 2715 timore
1881 2659 2089 2732 impal-

443 2750 701 2807 lueruut.
717 2749 1098 2820 Conspicatus
1119 2765 1254 2821 ergo
1274 2748 1524 2804 Jacobus
1547 2750 1700 2820 quod
1722 2749 2093 2805 vehementer

444 2843 790 2907 metuerent,
824 2838 904 2893 ait
934 2855 948 2894 :
983 2838 1193 2893 Audite
1231 2853 1346 2903 me,
1376 2838 1583 2893 fratres
1619 2843 1675 2893 et
1715 2839 1998 2895 conservi.
2031 2839 2090 2895 Si

443 2929 626 2986 libros
650 2926 968 2999 unicuique
996 2931 1212 2982 temere
1236 2927 1680 2998 praebuerimus,
1713 2927 1916 2999 illique
1946 2945 1980 2983 a
2008 2929 2091 2983 vi-

444 3017 527 3076 ris
557 3017 911 3089 quibusdam
943 3016 1265 3072 audacibus
1296 3022 1767 3087 corrumpantur,
1792 3022 1891 3072 aut
1919 3016 2094 3073 inter-

444 3106 891 3181 pretanionibus
924 3109 1345 3177 pervertantur,
1370 3105 1522 3161 sicut
1543 3107 1669 3176 jam
1701 3107 1986 3178 quosdam
2013 3108 2091 3163 fe-

447 3196 596 3253 cisse
650 3194 940 3265 audiistis,
996 3194 1235 3251 restabit
1292 3199 1357 3251 ut
1408 3195 1508 3267 qui
1568 3195 1737 3268 plane
1788 3196 2091 3252 veritatem

2188 1063 2289 1126 τῆς
2339 1056 2593 1126 πίστεως,
2624 1058 2701 1120 ὡς
2743 1059 2997 1134 πατρῴαν
3041 1061 3497 1135 παρακαταθήκην
3545 1065 3624 1132 τῷ
3668 1060 3843 1133 τέκνῳ

2192 1144 2450 1220 ἀποδώσῃ
2480 1150 2527 1183 ²⁴
2556 1148 2693 1201 κατὰ
2719 1148 2809 1201 τὸν
2842 1153 2943 1216 τῆς
2978 1144 3374 1224 διαμαρτυρίας
3406 1150 3451 1185 ³⁸
3482 1147 3661 1226 λόγον.

2264 1238 2360 1292 IV.
2378 1236 2501 1292 ’Ότι
2521 1232 2579 1289 δὲ
2610 1234 2788 1290 οὕτωσ
2815 1235 3237 1307 ποιήσω,πάλιν
3256 1236 3319 1291 τὸ
3339 1234 3584 1312 δεύτερον
3609 1235 3844 1313 διαμαρ-

2191 1323 2425 1398 τύρομαι
2457 1324 2709 1400 οὐρανὸν,
2738 1331 2867 1399 γῆν,
2899 1321 3071 1401 ὕδωρ,
3095 1324 3147 1379 ἐν
3181 1326 3265 1387 οἷς
3294 1327 3363 1380 τὰ
3388 1326 3561 1380 πάντα
3588 1326 3845 1402 περιέχε-

2191 1413 2451 1489 ται,πρὸς
2472 1415 2517 1449 ³⁸
2537 1412 2754 1475 τούτοις
2786 1414 2950 1467 ἅπασι
2979 1413 3069 1468 καὶ
3099 1414 3190 1468 τὸν
3225 1411 3313 1467 διὰ
3342 1415 3556 1469 πάντων
3584 1412 3847 1485 διήκοντα

2193 1501 2345 1574 ἀέρα,
2371 1502 2432 1556 οὗ
2463 1503 2587 1557 ἄνευ
2620 1501 2718 1557 οὐκ
2750 1503 3016 1570 ἀναπνέω,
3048 1503 3123 1564 ὡς
3155 1501 3238 1558 ἀεὶ
3272 1503 3515 1573 ὑπήκοος
3544 1501 3740 1578 ἔσομαι
3766 1508 3849 1577 τῷ

2191 1591 2287 1652 τὰς
2314 1586 2540 1666 βίϐλους
2565 1613 2658 1665 μοι
2677 1594 2721 1629 ³⁷
2742 1596 2849 1647 τῶν
2873 1592 3245 1667 κηρυγμάτων
3263 1588 3489 1663 διδόντι,
3507 1593 3596 1648 καὶ
3621 1591 3847 1671 φυλάξω

2193 1681 2329 1733 κατὰ
2386 1681 2559 1735 πάντα
2618 1680 2695 1743 ὡς
2741 1683 2785 1718 ³⁸
2817 1678 3280 1756 διεμαρττράμῃν,
3312 1683 3346 1750 ἢ
3379 1682 3469 1736 καί
3518 1703 3570 1737 τι
3627 1680 3843 1737 πλεῖον.

2195 1766 2534 1824 Φυλάσσοντι
2582 1769 2673 1823 οὗν
2720 1790 2813 1843 μοι
2860 1769 2957 1831 τὰς
3003 1771 3269 1840 συνθήκας
3304 1769 3467 1846 μέρος
3515 1768 3660 1826 ἔσται
3712 1770 3851 1845 μετᾶ

2195 1861 2301 1912 τῶν
2349 1858 2535 1929 ὁσίων,
2567 1861 2855 1929 ποιήσαντι
2903 1855 2960 1913 δὲ
3015 1864 3140 1932 παρ’
3189 1858 3224 1913 ἃ
3273 1859 3588 1932 συνεθέμην,
3648 1858 3846 1936 ἐχθρὸν

2197 1942 2278 2017 εἴη
2316 1966 2408 2019 μοι
2439 1947 2503 2001 τὸ
2529 1952 2633 2002 πᾶν
2678 1946 2768 2002 καὶ
2802 1947 2831 2002 ὁ
2862 1944 2952 2001 διὰ
2998 1945 3211 2002 πάντων
3273 1944 3479 2019 διήκων
3535 1947 3699 2024 αἰθὴρ
3756 1947 3849 2005 καὶ

2196 2035 2224 2090 ὁ
2256 2034 2387 2111 ὑπὲρ
2416 2036 2483 2090 τὰ
2512 2034 2615 2091 ὅλα
2650 2036 2805 2103 Θεὸς,
2837 2036 2899 2090 οὗ
2929 2036 3209 2113 κρείττων,
3242 2035 3305 2092 οὗ
3340 2036 3539 2110 μείζων
3573 2035 3752 2100 οὐδείς
3779 2040 3847 2094 ⁸⁸.

2198 2121 2433 2178 ’Δλλέί
2489 2126 2579 2179 καὶ
2636 2124 2712 2188 εἷς
2772 2124 2957 2201 ἑτέρου
3016 2131 3151 2182 Θεοῦ
3208 2125 3525 2181 ἑπίνοιανω
3578 2128 3850 2203 γὲνωμαι,

2196 2212 2439 2267 κάκεῖνον
2469 2217 2561 2267 νῦν
2593 2212 2799 2286 ὅμνυμι
2831 2214 2906 2276 ὡς
2940 2213 3039 2269 οὐκ
3068 2210 3256 2277 ἄλλως
3287 2218 3528 2286 ποιήσω,
3554 2212 3649 2271 ei’t’
3682 2209 3848 2287 ἔστιν,

2200 2298 2295 2356 εἴθις’
2328 2302 2426 2357 οὐκ
2482 2301 2642 2358 ἔστιν.
2676 2303 2819 2379 Πρὸς
2876 2302 3092 2366 τούτοις
3128 2300 3173 2358 δ’
3224 2307 3268 2343 ⁴¹
3306 2304 3500 2359 ἅπασιν
3557 2303 3605 2360 εἲ
3654 2303 3852 2379 ψεύσο-

2201 2411 2320 2463 μαι,
2351 2390 2625 2464 κατάθεμα
2672 2388 2863 2465 ἔσομαι
2893 2393 2942 2448 9
2994 2396 3097 2460 ζῶν
3136 2391 3227 2446 καὶ
3277 2394 3470 2462 θανὼν,
3500 2392 3591 2448 καὶ
3637 2390 3848 2465 αἰωνίῳ

2198 2478 2609 2553 κολασθήσομαι
2664 2478 2908 2537 κολάσει.
2967 2479 3067 2535 Καὶ
3125 2480 3257 2553 μετὰ
3309 2485 3471 2537 τοῦτο
3542 2480 3706 2558 ἄρτου
3753 2479 3848 2537 καὶ

2200 2566 2398 2632 ἅλατος
2431 2572 2476 2606 ⁴²
2506 2570 2642 2643 μετὰ
2676 2573 2774 2625 τοῦ
2801 2563 3195 2645 παραδιδόντος
3229 2565 3601 2644 μεταλαϐἐτω.

2268 2659 2335 2715 ν.
2368 2661 2548 2715 Ταῦτα
2591 2663 2691 2714 τοῦ
2742 2653 3006 2714 Ἰακώϐου
3062 2658 3308 2722 εἰπόντος
3361 2658 3637 2735 ὠχρίασαν
3699 2660 3841 2736 ἀγω-

2198 2747 2476 2821 νισάμενοι
2504 2749 2549 2785 ⁸⁸
2588 2748 2640 2802 οἱ
2686 2742 3062 2823 πρεσϐύτεροι.
3097 2745 3335 2803 Συνιδὼν
3379 2747 3469 2804 οὖν
3498 2751 3527 2804 ὁ
3560 2744 3839 2823 Ἰάκωϐος,

2200 2834 2283 2891 ὅτι
2336 2834 2455 2892 λίαν
2504 2833 2865 2914 πεφόϐηνται,
2916 2836 3040 2909 ἔφη·
3091 2836 3380 2894 Ἀκούσατέ
3438 2860 3564 2911 μου,
3616 2836 3843 2917 ἀδελφοὶ

2199 2923 2290 2978 καὶ
2346 2921 2634 2979 σύνδουλοι
2665 2926 2729 2982 “.
2763 2923 2881 2978 Ἐὰν
2928 2923 3024 2987 τὰς
3078 2919 3307 2999 βίϐλους
3353 2930 3512 2980 πᾶσιν
3562 2926 3639 2989 ὡς
3687 2926 3849 3003 ἔτυχε

2200 3013 2591 3088 παράσχωμεν,
2651 3012 2741 3067 καὶ
2809 3013 2963 3068 αὐταὶ
3018 3015 3063 3050 ⁴⁸
3122 3014 3226 3069 ὑπὸ
3277 3012 3583 3089 τολμηρῶν
3638 3013 3847 3091 ἀνδρῶν

2198 3124 2359 3158 τινων
2405 3103 2723 3157 νοθευθῶσιν
2779 3103 2813 3172 ἢ
2868 3107 2987 3165 ταῖς
3049 3103 3366 3176 ἑρμηνείαις
3426 3102 3846 3183 διαπραφῶσιν,

2208 3193 2281 3255 ὡς
2331 3190 2439 3262 ἤδη
2500 3192 2646 3255 τινὰς
2699 3190 2966 3261 ἠκούσατε
3014 3193 3406 3263 πεποιηκότας,
3459 3192 3603 3250 ἔσται
3654 3194 3847 3251 λοιπὸν

446 3289 732 3358 quaerunt,
762 3257 995 3355 semper
1041 3289 1255 3340 errent.
1280 3257 1843 3357 Quocircapraastat,
1869 3289 1933 3341 ut
1964 3285 2094 3341 libri

2207 3281 2297 3339 καὶ
2326 3287 2439 3344 τοῖς
2469 3277 2638 3343 ὅντως
2666 3282 2767 3350 τὴν
2795 3279 3054 3352 ἀλήθειαν
3090 3286 3340 3352 ζητοῦσιν
3394 3284 3476 3339 ἀεὶ
3524 3283 3846 3341 πλανᾶσθαι.

447 3375 602 3447 apud
629 3390 735 3429 nos
769 3377 1064 3444 maneant,
1088 3374 1510 3445 tradamusque
1532 3390 1630 3431 eos
1662 3391 1794 3431 cum
1817 3375 1976 3431 omni
2006 3393 2099 3431 su-

449 3463 715 3536 pradicta
744 3462 1013 3519 cautione
1042 3462 1115 3518 iis
1143 3463 1244 3535 qui
1276 3463 1369 3535 pie
1397 3464 1587 3520 vivere
1613 3462 1876 3537 aliosque
1909 3465 2099 3521 salvos

449 3552 639 3609 facere
666 3552 930 3623 cupiunt.
964 3556 1046 3608 Ac
1095 3552 1145 3608 si
1175 3551 1391 3625 aliquis
1444 3557 1573 3624 post
1629 3553 1778 3609 hanc
1808 3558 2097 3610 contesta-

448 3642 668 3698 tionem
701 3640 868 3697 aliter
904 3644 1060 3714 agat,
1093 3640 1299 3697 merito
1332 3641 1388 3696 in
1421 3645 1703 3698 aeternum
1744 3642 2099 3715 supplicium

448 3730 683 3786 incidet.
717 3730 843 3795 Qua
872 3730 1029 3786 enim
1080 3730 1304 3786 ratione
1334 3730 1435 3802 qui
1466 3730 1714 3787 aliorum
1756 3733 2101 3803 perditionis

451 3836 629 3877 causa
657 3819 900 3886 exstitit,
932 3819 1057 3890 ipse
1088 3835 1203 3874 non
1235 3819 1486 3890 peribit?
1522 3820 1667 3875 Cum
1698 3836 1831 3891 ergo
1863 3823 2101 3895 presby-

447 3907 559 3965 teri
589 3908 880 3963 sententia
898 3906 1098 3963 Jacobi
1129 3906 1400 3962 delectati
1434 3907 1685 3963 fuissent
1714 3913 1888 3980 atque
1918 3910 2101 3966 dixis-

453 4000 584 4053 sent
619 4012 631 4053 :
666 3996 1013 4053 Benedictus
1062 3996 1140 4051 sit
1183 3996 1285 4067 qui
1315 4001 1392 4060 te,
1415 4000 1480 4052 ut
1527 4000 1869 4053 cunctorum
1927 4016 2102 4071 praes-

453 4087 602 4153 cius,
633 4084 874 4157 pulchre
906 4084 1077 4142 nobis
1106 4085 1416 4142 constituit
1444 4085 1782 4158 episcopum
1809 4105 1821 4144 :
1851 4088 1990 4159 hac,
2022 4090 2107 4144 in-

455 4190 656 4246 quam,
700 4190 834 4229 cum
895 4173 1200 4242 dixissent,
1257 4186 1564 4247 surgentes
1624 4177 1839 4248 precati
1897 4195 2104 4235 sumus

452 4263 861 4319 universorum
891 4266 1123 4319 Patrem
1155 4279 1220 4319 ac
1252 4267 1465 4333 Deum;
1514 4264 1608 4320 cui
1658 4264 1844 4338 gloria
1889 4266 1948 4322 in
1999 4284 2103 4324 sae-

455 4350 609 4408 cula.
643 4357 851 4408 Amen.

631 4493 975 4550 EPlSTOLA
1005 4494 1408 4553 CLEMENTIS
1449 4496 1544 4553 AD
1575 4496 1923 4555 JACOBUM.

524 4618 856 4676 CLEMENS
885 4618 1148 4676 JACOBO
1172 4621 1407 4678 domino
1430 4626 1487 4677 et
1520 4622 1929 4696 episcoporum
1955 4625 2105 4697 epis-
2136 4631 2183 4696 D

456 4725 620 4780 copo,
634 4708 855 4779 regenti
873 4714 1069 4766 autem
1083 4710 1542 4784 Hierosolymam
1563 4717 1829 4769 sanctam
1848 4714 2108 4771 Hebraeo-

2206 3374 2300 3429 Διὸ
2358 3369 2576 3445 ἄμεινον
2621 3378 2746 3444 παρ’
2774 3373 2909 3445 ἡμῖν
2947 3369 3111 3433 αὑτὰς
3168 3371 3324 3441 εἶναι,
3354 3373 3446 3429 καὶ
3507 3371 3849 3447 μεταδιδόναι

2211 3460 2345 3536 μετὰ
2396 3459 2574 3530 πάσης
2622 3466 2723 3530 τῆς
2778 3459 3183 3537 προειρημένης
3244 3460 3539 3539 ἀσφαλείας
3592 3467 3709 3526 τοῖς
3762 3463 3851 3518 θὲ-

2208 3548 2364 3606 λουσι
2398 3554 2492 3624 ζῇν
2527 3544 2761 3611 εὐσεϐῶς
2789 3551 2835 3586 ⁴⁶
2864 3549 2953 3604 καὶ
3010 3548 3214 3613 ἄλλους
3271 3550 3485 3620 σώζειν.
3536 3551 3601 3608 El
3655 3548 3713 3607 δέ
3764 3572 3853 3615 τις

2213 3640 2347 3715 μετὰ
2373 3640 2434 3696 τὸ
2466 3638 2638 3700 οὕτως
2681 3636 3138 3715 διαμαρτύρασθαι
3179 3636 3369 3702 ἄλλως
3419 3642 3658 3714 ποιήσει,
3693 3639 3851 3697 εὐλό-

2207 3751 2318 3806 γως
2376 3728 2571 3801 αἲωνίᾳ
2626 3728 2970 3784 ὑποπεσεῖται
3022 3731 3267 3786 κολάσει.
3324 3728 3441 3784 Τίνι
3521 3730 3625 3806 γὰρ
3696 3727 3853 3805 λόγῳ

2210 3816 2396 3875 ἄλλων
2427 3814 2702 3879 ἀπωλείας
2731 3814 2903 3879 αἷίειος
2940 3817 3233 3892 γενόμενος
3281 3817 3439 3881 αὐτὸς
3482 3817 3581 3874 οὐκ
3627 3817 3853 3875 ἀπολεῖ-

2208 3925 2329 3977 ται;
2377 3910 2485 3962 τῶν
2560 3904 2652 3960 οὗν
2716 3901 3093 3981 πρεσϐυτερων
3163 3905 3251 3963 ἐπὶ
3305 3910 3375 3981 τῇ
3438 3911 3536 3962 τοῦ
3595 3903 3857 3964 Ἰακώῦου

2208 3997 2401 4074 γνώμῃ
2448 3995 2718 4066 ἡσθέντων
2766 3994 2858 4050 καὶ
2906 3994 3184 4051 εἰπόντων·
3237 3994 3549 4073 Εὐλόγηται
3598 3995 3628 4052 ὅ
3672 4016 3731 4051 σε
3778 3996 3856 4060 ὡς

2211 4088 2384 4141 πάντα
2435 4082 2704 4162 προειδὼς
2752 4083 2936 4148 καλῶς
2976 4087 3112 4159 ἡμῖν
3163 4087 3499 4156 καταστήσας
3541 4085 3855 4141 ἐπίσκοπονο

2210 4174 2494 4231 καὶταῦτα
2549 4173 2809 4229 εἰπόντων
2863 4173 3037 4230 αὐτῶν
3089 4173 3392 4251 ἐγερθέντες
3436 4176 3860 4250 προηυξάμεθα

2209 4270 2288 4338 τῷ
2340 4268 2449 4320 τῶν
2508 4262 2653 4319 ὅλων
2711 4262 2881 4341 Πατρὶ
2913 4266 2957 4302 ⁸⁷
2986 4263 3076 4319 καὶ
3134 4268 3269 4336 Θεῷο
3303 4264 3349 4337 ᾧ
3378 4265 3413 4334 ἡ
3449 4260 3579 4336 δόξα
3608 4263 3683 4326 εἷς
3730 4263 3862 4325 τοὺς

2212 4354 2430 4417 αἰῶνας.
2460 4355 2642 4427 Ἀμήν
2674 4355 2741 4410 ⁸⁸.

2339 4501 2442 4557 10
2478 4498 2829 4556 ΕΠΙΣΤΟΑΗ
2869 4499 3283 4551 ΚΛΗΜΕΝΤΟΣ
3325 4500 3503 4551 ΠΡΟΣ
3544 4500 3735 4551 ΙΑΚΩ-

2838 4590 2964 4640 ΒοΝ
3006 4587 3053 4622 ιθ
3093 4586 3151 4659 (2
3174 4586 3228 4659 λ).

2287 4716 2575 4769 ΚΛΗΜΗΣ
2624 4713 2895 4789 ΙΔΚΩΒῼ,
2947 4713 3027 4782 τῷ
3080 4706 3257 4785 κυρίῳ
3313 4710 3357 4746 ⁵ο
3409 4706 3500 4764 καί
3554 4706 3865 4765 ἐπισκόπων

1706 4838 2285 4897 INTERPRETATIO
2326 4838 2589 4895 RUFINI.

520 4922 849 4979 CLEMENS
886 4923 1153 4980 JACOBO
1185 4923 1347 4981 fratri
1379 4924 1629 4992 Domini,
1660 4930 1716 4981 et
1761 4928 2032 5002 episcopo
2080 4931 2514 5004 episcoporum,
2546 4925 2769 4998 regenti
2816 4924 3191 4981 Hebraeorum
3222 4926 3487 4982 sanctam
3518 4923 3859 4995 Ecclesiam,

1801 5053 2041 5111 VARIJE
2081 5053 2497 5112 LECTIONES.

533 5144 579 5180 ³2
605 5214 646 5219 Α-
662 5144 1118 5219 παρακαθήσομαι

1410 5146 1697 5223 ’3AIta__0
1768 5152 1825 5204 et
1885 5166 1976 5223 fex
2057 5153 2306 5223 conject.
2386 5151 2803 5223 C,qupﬁdat_
3025 5147 3085 5223 in
3169 5149 3368 5223 tegitu.
3409 5219 3420 5223 _
3463 5147 3511 5184 ³⁸

3592 5141 3866 5199 ἀποδώσει

459 5215 526 5271 Ο.
603 5214 647 5249 ³⁸
705 5214 1122 5324 μαρτυρίαοο.
1199 5218 1243 5252 ³⁸
1303 5214 1408 5292 πρό
1467 5220 1532 5274 0.
1609 5219 1653 5254 ³⁷
1711 5239 1815 5291 μου
1871 5222 1931 5278 C.
2010 5224 2053 5258 ³⁸
2111 5214 2209 5277 ὅσα
2263 5224 2324 5280 C.
2382 5214 3084 5291 subind'e-scripsiﬁmf
3133 5218 3281 5286 0.0,
3318 5219 3525 5324 utinm
3555 5218 3707 5288 conj.
3747 5214 3866 5272 δεῖ

459 5283 547 5324 νηί
616 5285 657 5324 n
756 5290 777 5324 3
858 5285 970 5324 ,νἠιξν
1030 5289 1104 5324 er,
1156 5290 1195 5324 ρ
1295 5290 1340 5324 ιο
1399 5288 1650 5324 nmium-..
1712 5294 1750 5324 ρ
1835 5291 2036 5324 Dant..-
2096 5292 2199 5324 ρει..
2258 5294 2301 5324 n
2402 5296 2444 5324 ιι
2508 5289 2561 5324 si.
2623 5293 2661 5324 ρ
2740 5292 2887 5324 mum
2938 5289 3342 5324 .I...'.-....-.n..
3487 5286 3765 5324 ,ιωιηηηηι
3802 5289 3839 5324 ρ

457 5283 715 5363 Pinc"
756 5283 835 5363 ³⁷,
858 5283 986 5363 θ’ῧδί
1030 5289 1104 5363 εἷς
1156 5290 1243 5363 Ο.-
1295 5283 1357 5324 ⁴⁰’
1398 5288 1650 5344 ὑπόνοιαν
1712 5283 1787 5363 C.
1835 5291 2043 5350 Postea
2096 5292 2202 5348 ei'te
2258 5294 2322 5351 Ο.
2373 5296 2446 5363 Αν⁴¹
2508 5289 2564 5347 δέ
2623 5293 2680 5348 C.
2740 5283 2891 5347 Τιὶω
2938 5283 3209 5363 ψεύσομαι
3230 5283 3283 5363 0
3314 5307 3362 5363 c.
3396 5283 3770 5363 3,-ψεύσιιῖμαιι
3802 5289 3859 5343 C.

454 5358 504 5448 ἒξ
554 5353 745 5448 ὕδατος
800 5359 867 5448 9:
946 5360 1437 5448 “pdiymvwigav'c'ss
1487 5366 1545 5417 Ο.
1579 5434 1587 5448 1
1623 5363 1669 5397 ⁴⁴
1688 5362 1872 5448 Λφίλοῆι
1895 5365 1984 5448 “0.
2039 5367 2319 5437 Deinceps
2370 5361 2557 5438 ἔτυχεν
2598 5353 2976 5448 ,παρασχςόμεν
3144 5363 3192 5448 ⁴ξ
3220 5353 3860 5448 Ιῇἃὲηαύτοίαὺται

461 5428 525 5509 Q.
605 5430 647 5463 ⁴⁶
680 5425 908 5509 εὐσεϐῶς
940 5425 1124 5499 adieci
1156 5449 1214 5509 c._
1242 5432 1304 5487 Ο.
1336 5434 1427 5509 J“
1456 5434 1652 5509 ῌατέρι
1683 5425 1741 5490 (Ξῖ
1820 5436 1864 5471 ⁸⁸
1895 5437 2030 5493 Post
2060 5425 2268 5493 1)ωοὶιὶ
2301 5438 2343 5492 Ο
2385 5425 2735 5509 subscriptio
2770 5425 3015 5509 :'_8p3_co<._
3077 5431 3273 5509 “ﬁne
3314 5425 3545 5509 ΔῬώμης
3592 5432 3635 5489 Ο
3685 5431 3863 5487 rubro

460 5500 793 5556 charactere
822 5504 879 5556 in
916 5520 1099 5576 marg.
1133 5503 1472 5560 salutationi
1504 5500 1908 5575 exadversum,
1942 5515 1997 5563 et
2025 5510 2085 5565 C.
2163 5510 2207 5545 ⁵ο
2237 5510 2408 5580 fratri
2432 5500 2645 5563 domini
2670 5500 2862 5563 versid
2894 5505 3100 5562 Latina
3131 5504 3350 5561 Ruﬁni.

529 5714 640 5787 (26)
672 5715 894 5788 Duplex
938 5722 1028 5773 est
1084 5717 1236 5774 circa
1290 5718 1442 5775 hanc
1492 5633 2613 5795 epistolamVggihgflﬁiteljfgﬁrima
2667 5722 2865 5783 Ruﬁni
2922 5719 3261 5797 praefatione
3316 5721 3389 5780 ad
3428 5719 3863 5793 Recognitioim,
