4064 6330
497 355 573 413 35
1321 349 1384 407 S.
1432 346 1869 407 CLEMENTIS
1913 348 1937 406 Ι
1986 344 2121 407 ROlt

2238 350 2451 410 PONT.
2499 352 2755 411 OPERA
2802 353 3063 415 DUBIA.
3815 363 3899 422 36

497 482 674 550 malo,
706 484 967 538 futurum
998 480 1218 535 bonum
1245 478 1349 535 toti
1378 479 1595 534 mundo
1628 481 1691 532 ut
1737 478 2020 533 indicaret
2044 494 2121 533 re-

2245 474 2504 551 δημοσιᾳ,
2539 479 2624 534 ἐπὶ
2653 485 2749 536 τοῦ
2790 480 3075 545 ἐνεστῶτος
3123 490 3367 559 πονηροῦ
3395 488 3459 559 ⁵⁸,
3491 489 3583 543 τὸν
3637 489 3896 563 ἐσόμενον

495 589 648 644 gem,
706 572 1005 641 hucusque
1062 571 1302 624 Romam
1361 567 1617 633 veniens,
1669 572 1726 621 et
1782 567 1896 621 Deo
1928 564 2121 638 placita

2247 566 2438 640 ἀγαθὸν
2471 566 2588 641 ὅλῳ
2618 574 2694 641 τῷ
2737 570 2930 644 κόσμῳ
2982 577 3216 644 μηνῦσαι
3269 574 3513 648 βασιλέα,
3568 578 3763 653 μέχρις
3804 579 3894 634 ἐν-

492 661 759 717 doctrina
789 661 1019 715 ealvans
1051 657 1339 723 homines,
1393 656 1516 728 ipse
1570 672 1684 727 pra
1702 660 1926 711 sentem
1956 655 2121 709 vitam

2242 657 2411 709 ταῦθα
2456 660 2523 731 τῇ
2571 659 2755 732 Ῥώμῃ
2783 662 2828 696 ⁵⁹
2873 660 3183 735 γενόμενος,
3235 658 3589 738 θεοϐουλήτῳ
3640 665 3897 723 διδασκα-

493 766 597 821 per
626 751 741 805 vim
773 765 905 803 cum
941 751 1125 802 morte
1156 744 1552 801 commutavit.

2245 740 2340 813 λίᾳ
2369 746 2555 813 σώζων
2589 746 2919 823 ἀνθρώπους,
2954 748 3111 812 αὐτὸς
3140 755 3239 805 τοῦ
3287 750 3378 805 νῦν
3432 752 3552 827 βίου
3606 756 3794 829 βιαίως
3826 757 3895 812 τὸ

564 927 631 982 Il.
670 928 733 981 ln
764 926 910 998 ipsis
934 931 1125 980 autem
1158 922 1610 993 diebus,quibus
1637 921 1791 976 brevi
1817 921 2135 976 moriturus

491 1015 1009 1088 erat,congregatis
1030 1013 1328 1079 fratribus,
1351 1011 1544 1066 subito
1566 1010 1929 1081 apprehensa
1956 1027 2134 1065 manu

493 1122 623 1161 mea
658 1120 1038 1175 consurgens,
1071 1118 1264 1158 coram
1293 1100 1533 1156 ecclesia
1564 1099 1742 1153 dixit:
1778 1100 1986 1154 Audite
2019 1116 2130 1169 me,

493 1198 703 1252 fratres
749 1201 805 1250 et
853 1192 1152 1250 conservi:
1203 1191 1506 1261 Quoniam,
1540 1190 1693 1246 sicut
1728 1190 1965 1246 edoctus
1998 1207 2131 1246 sum

492 1286 563 1341 ah
596 1302 683 1354 eo,
717 1284 816 1355 qui
844 1282 1005 1338 misit
1036 1298 1144 1346 me,
1164 1280 1406 1336 Domine
1435 1285 1491 1335 et
1515 1278 1792 1349 magistro
1811 1280 1944 1335 Jesu
1977 1278 2133 1334 Chri-

491 1378 600 1442 sto,
662 1373 783 1429 dies
833 1372 1038 1428 mortis
1086 1387 1224 1425 mea
1277 1368 1721 1441 appropinquat,
1774 1366 2129 1431 Clementem

490 1463 647 1519 hunc
670 1462 1009 1535 episcopum
1041 1459 1203 1515 vobis
1230 1459 1471 1525 ordino;
1514 1456 1607 1512 cui
1655 1473 1844 1512 meam
1904 1472 2129 1513 sermo-

489 1569 621 1607 nam
657 1550 993 1607 cathedram
1026 1550 1232 1615 credo;
1265 1547 1365 1618 qui
1396 1546 1539 1602 mihi
1571 1545 1641 1601 ab
1665 1544 1829 1600 initio
1851 1562 2038 1616 usque
2055 1546 2127 1600 ad

488 1641 664 1697 finem
698 1656 889 1696 comes
922 1638 1159 1702 exstitit,
1185 1637 1385 1707 sicque
1407 1650 1609 1690 omnes
1631 1650 1927 1689 sermones
1967 1650 2127 1690 meos

488 1730 745 1785 audivit:
778 1729 1026 1784 breviter
1054 1726 1266 1795 dicam,
1300 1725 1397 1797 qui
1431 1724 1490 1778 in
1530 1723 1806 1779 omnibus
1850 1723 2126 1779 tentatio-

2248 836 2342 905 ζῇν
2376 832 2709 905 μετήλλαξεν

2316 924 2383 977 ΙΙ.
2413 923 2556 995 Πρὸς
2587 923 2771 985 αὐταῖς
2798 922 2855 979 δὲ
2895 930 3012 987 ταῖς
3066 925 3297 999 ἡμέραις
3348 928 3430 991 αἶς
3460 929 3674 1003 ἤμελλε
3702 932 3891 988 τελευ-

2241 1014 2355 1079 τᾷν,
2380 1011 2847 1087 συνηθροισμένων
2878 1019 2983 1068 τῶν
3018 1012 3285 1093 ἀδελφῶν,
3325 1016 3610 1095 αἰφνιδίως
3643 1016 3893 1093 λαϐόμε-

2241 1097 2334 1159 νός
2363 1120 2467 1187 μου
2495 1107 2595 1169 τῆς
2625 1103 2808 1177 χειρὸς
2840 1101 3077 1177 ἐγερθεὶς
3128 1103 3214 1159 ἐπὶ
3264 1112 3364 1174 τῆς
3417 1105 3706 1179 ἐκκλησίας
3754 1108 3887 1187 ἔφη·

2243 1186 2531 1243 Ἀκούσατέ
2584 1210 2708 1262 μου,
2767 1188 2993 1268 ἀδελφοὶ
3050 1193 3138 1247 καὶ
3197 1191 3507 1250 σύνδουλοι*
3569 1198 3754 1267 Ἐπεὶ,
3796 1186 3892 1261 Ῠὼς

2242 1273 2534 1353 ἐδιδάχθην
2585 1278 2691 1333 ἀπὸ
2736 1283 2833 1333 τοῦ
2881 1300 2946 1351 με
2996 1281 3417 1346 ἀποστείλαντος
3470 1284 3669 1361 Κυρίου
3704 1309 3763 1342 τε
3794 1289 3889 1342 καὶ

2241 1362 2575 1420 Διδασκάλου
2621 1371 2798 1436 Ἰησοῦ
2851 1369 3106 1443 Χριστοῦ,
3138 1371 3191 1425 αἱ
3236 1376 3333 1426 τοῦ
3379 1375 3605 1436 θανάτου
3652 1396 3755 1447 μου
3786 1377 3893 1451 ἡγ-

2237 1452 2447 1528 γίκασιν
2504 1456 2749 1528 ἡμέραι,
2810 1456 3101 1529 Κλήμεντα
3157 1462 3273 1534 (29)
3342 1466 3532 1518 τοῦτον
3591 1462 3892 1519 ἐπίσκοπον

2240 1543 2366 1616 ὑμῖν
2393 1548 2694 1619 χειροτονῶ
2725 1547 2856 1618 (30),
2889 1546 2934 1617 ᾧ
2963 1547 3061 1615 τὴν
3098 1546 3235 1619 ἐμὴν
3276 1554 3385 1604 τῶν
3412 1549 3594 1626 λόγων
3643 1553 3889 1610 πιστεύω

2235 1630 2518 1709 καθέδραν,
2548 1637 2626 1705 τῷ
2655 1633 2745 1687 ἀπ’
2778 1632 2957 1709 ἀρχῆς
2984 1656 3076 1706 μοι
3101 1635 3266 1712 μέχρι
3286 1643 3384 1692 τοῦ
3412 1638 3607 1703 τέλους
3630 1642 3889 1697 συνολεύ-

2236 1742 2380 1775 σαντι
2412 1722 2500 1775 καὶ
2533 1721 2704 1779 οὕτως
2736 1727 2919 1777 πασῶν
2953 1745 3056 1796 μου
3085 1729 3192 1779 τῶν
3224 1726 3458 1799 ὁμιλιῶν
3499 1728 3883 1787 ἐπακούσαντι’

487 1818 662 1874 nibus
694 1818 836 1873 meis
868 1815 1176 1889 particeps.
1209 1814 1267 1868 in
1299 1814 1410 1868 ﬁde
1456 1828 1827 1884 perseverans
1860 1812 2121 1867 inventus

2238 1807 2471 1864 συνελὼν
2506 1809 2631 1884 ἐρῶ,
2663 1812 2720 1872 ὃς
2752 1811 2804 1865 ἐν
2841 1818 2968 1866 πᾶσι
3018 1820 3340 1889 πειρασμοῖς
3393 1838 3497 1888 μου
3543 1822 3885 1890 κοινωνήσας

485 1915 609 1963 cst:
645 1924 818 1979 quem
851 1905 982 1978 plus
1013 1902 1236 1959 cateris
1268 1906 1539 1974 expertus
1568 1918 1698 1956 sum
1759 1901 2119 1973 religiosum,

485 1991 1408 2064 humanum,castum,eruditum,
1428 1991 2118 2061 temperantem,bonum,

473 2086 726 2155 justum,
759 2083 1097 2155 patientem,
1131 2084 1187 2135 et
1215 2078 1517 2135 scientiam
1552 2078 1778 2134 fortiter
1808 2079 1952 2133 ferre
1975 2096 2120 2134 non-

480 2172 776 2229 nullorum
794 2170 1346 2226 catechumenorum
1365 2167 1654 2238 ingratum
1674 2166 2119 2232 animum.Quo—

480 2262 634 2317 circa
664 2260 776 2332 ipsi
814 2260 980 2315 trado
1012 2256 1231 2329 ligandi
1262 2262 1319 2311 et
1347 2255 1604 2311 solvendi
1653 2260 2019 2327 potestatem,
2054 2260 2119 2313 ut

482 2351 891 2422 quodcumque
921 2348 981 2402 in
1015 2346 1184 2402 terris
1212 2344 1582 2412 ordinaverit,
1614 2344 1691 2399 sit
1719 2345 2012 2400 decretum
2058 2345 2115 2401 in

480 2438 659 2494 caelis.
716 2436 942 2508 Ligabit
988 2434 1140 2490 enim
1187 2433 1341 2504 quod
1377 2432 1540 2504 ligari
1572 2436 1819 2503 oportet,
1851 2438 1907 2487 et
1936 2431 2117 2489 solvet

480 2527 633 2598 quod
667 2528 893 2597 oportet
920 2522 1081 2589 solvi,
1116 2525 1394 2593 tanquam
1427 2520 1523 2591 qui
1558 2519 1820 2576 Ecclesia
1851 2521 2113 2593 regulam

480 2614 717 2671 noverit.
754 2619 953 2685 Ipsum
1002 2628 1137 2683 ergo
1188 2610 1405 2676 audite,
1438 2613 1501 2664 ut
1530 2610 1779 2664 scientes
1813 2610 1987 2681 quod,
2016 2610 2114 2681 qui

480 2702 908 2760 contristaverit
964 2699 1225 2755 veritatis
1272 2697 1599 2770 prasidem,
1632 2702 1830 2769 peccat
1859 2698 1917 2751 in
1949 2698 2113 2753 Chri-

480 2799 657 2863 stum,
691 2796 747 2847 et
776 2790 1182 2845 universorum
1216 2787 1443 2842 Patrem
1476 2786 1701 2840 irritat:
1763 2792 2118 2859 quapropter

478 2900 593 2937 non
625 2881 789 2936 vivet.
826 2879 1105 2933 Caeterum
1164 2876 1359 2948 ipsum
1405 2875 1710 2945 prasidem
1743 2880 1966 2946 oportet
1996 2892 2117 2931 me-

477 2972 590 3027 dici
622 2969 812 3025 locum
844 2972 1059 3032 tenere,
1090 2982 1205 3020 non
1236 2969 1430 3019 autem
1464 2963 1593 3018 fera
1634 2963 1831 3019 bestia
1864 2966 2117 3022 furorem

478 3060 710 3115 habere.

549 3147 784 3203 Il|.Hac
803 3143 900 3201 illo
925 3143 1172 3210 dicente,
1197 3158 1301 3214 ego
1324 3140 1630 3212 procidens
1653 3142 1925 3213 rogabam
1957 3160 2112 3217 eum,

478 3236 762 3293 cathedra
786 3234 1064 3290 honorem
1086 3235 1143 3286 et
1164 3236 1511 3302 potestatem
1553 3229 1890 3301 deprecans.
1923 3236 1988 3288 At
2020 3234 2116 3290 ille

2229 1898 2298 1974 τῇ
2330 1898 2504 1954 πίστει
2531 1905 2944 1974 προσκαρτερῶν
2977 1904 3021 1937 ⁶⁰
3047 1902 3259 1976 εὑρέθη·
3291 1905 3349 1959 ’ὸν
3378 1903 3567 1961 πλεῖον
3596 1910 3637 1944 ⁶¹
3662 1908 3886 1965 πάντων

2229 1988 2559 2062 πεπείραμαι
2602 1984 2848 2060 θεοσεϐῆ,
2884 1987 3288 2066 φιλάνθρωπον,
3322 1994 3499 2068 ἀγνὸν,
3548 1994 3879 2071 πολυμαθῆ,

2230 2076 2504 2153 σώφρονα,
2536 2076 2756 2150 ἀγαθὸν,
2803 2075 3031 2150 δίκαιον,
3067 2079 3441 2156 μακρὸθυμον,
3474 2083 3565 2138 καῖ
3613 2087 3883 2159 γενναίως

2231 2163 2411 2219 εἰδότα
2441 2166 2617 2243 φέρειν
2644 2166 2740 2227 τὰς
2764 2164 2919 2221 ἐνίων
2942 2172 3047 2222 τῶν
3072 2173 3498 2244 κατηχουμένων
3526 2172 3874 2249 ἀχαριστίας.

2229 2254 2321 2307 Διὸ
2351 2253 2496 2323 αύτῷ
2530 2251 2865 2327 μεταδίδωμι
2915 2256 3012 2323 τὴν
3064 2255 3301 2327 ἐξουσίαν
3332 2264 3429 2313 τοῦ
3478 2257 3752 2333 δεσμεύειν
3781 2265 3877 2318 καὶ

2228 2341 2399 2411 λύειν,
2427 2340 2515 2396 ’ίνα
2540 2343 2662 2416 περὶ
2701 2344 2898 2405 παντὸς
2930 2344 2992 2397 οὗ
3044 2344 3101 2399 ἂν
3148 2351 3507 2422 χειροτονήσῃ
3546 2349 3633 2404 ἐπὶ
3680 2353 3777 2420 τῆς
3830 2356 3881 2390 ⁸⁸

2226 2439 2328 2507 γῆς
2359 2426 2501 2485 ἔσται
2551 2428 3043 2505 δεδογματισμένον
3099 2432 3151 2489 ἐν
3199 2435 3471 2511 οὐρανοῖς.
3514 2440 3675 2509 Δήσει
3706 2440 3809 2515 γὰρ
3843 2443 3873 2497 ὃ

2228 2517 2309 2575 δεῖ
2339 2517 2573 2588 δεθῆναι,
2605 2518 2693 2574 καὶ
2726 2517 2875 2574 λύσει
2902 2521 2931 2574 ’ὁ
2963 2518 3045 2575 δεῖ
3094 2520 3347 2593 λυθῆναι,
3379 2525 3452 2587 ὡς
3495 2526 3585 2580 τὸν
3614 2534 3715 2596 τῆς
3746 2530 3875 2585 Ἐκ,

2224 2608 2453 2679 κλησίας
2505 2605 2661 2670 εἰδὼς
2695 2612 2793 2667 I2
2840 2609 3059 2667 κακόνα.
3108 2610 3284 2667 Αὐτοῦ
3330 2611 3419 2666 οὖν
3482 2614 3760 2689 ἀκούσατε,
3795 2619 3876 2681 ὡς

2226 2698 2443 2773 γνόντες
2484 2695 2566 2751 ὅτι
2619 2698 2646 2750 ὁ
2673 2698 2763 2751 τὸν
2791 2700 2835 2734 ⁸³
2865 2696 3125 2769 ἀληθείας
3169 2701 3634 2775 προκαθεζόμενον
3684 2704 3876 2761 λυπῶν

2228 2786 2303 2848 εἷς
2355 2785 2581 2861 Χριστὸν
2638 2786 2953 2859 ἁμαρτάνει,
3012 2786 3101 2841 καί
3156 2789 3247 2842 τὸν
3312 2790 3520 2866 ΙΙατέρα
3577 2796 3682 2846 τῶν
3721 2792 3871 2849 ὅλων

2226 2872 2565 2951 παροργίζει·
2598 2871 2659 2927 οὗ
2709 2872 2901 2929 ε’ίνεκεν
2955 2874 3016 2929 οὐ
3055 2878 3289 2946 ζήσεται.
3324 2878 3427 2933 Καὶ
3478 2877 3635 2935 αὺτὸν
3666 2880 3756 2935 οὗν
3788 2880 3879 2937 δεῖ

2224 2985 2316 3019 τον
2348 2961 2809 3039 προκαθεζόμενον
2844 2962 3029 3039 ἰατροῦ
3056 2963 3220 3019 τόπον
3245 2964 3459 3042 ἐπέχειν
3495 2971 3558 3039 ⁸⁸,
3594 2968 3655 3023 οὐ
3678 2970 3878 3045 θηρίου

2229 3052 2433 3128 ἀλόγου
2467 3051 2633 3123 θυμὸν
2668 3047 2832 3126 ἔχειν.

2300 3148 2396 3197 Ill.
2431 3139 2608 3196 Αὐτοῦ
2636 3144 2803 3194 ταῦτα
2834 3138 3109 3217 λέγοντος,
3155 3141 3259 3218 ἐγὼ
3290 3146 3608 3218 προσπεσὼν
3659 3144 3881 3203 ἐπεδιό-

2230 3253 2334 3305 μην
2375 3233 2420 3267 ⁸⁸
2448 3229 2632 3300 αὐτοῦ,
2668 3230 3098 3303 παραιτούμενος
3128 3232 3228 3301 τήν
3258 3240 3358 3303 τῆς
3390 3231 3651 3309 καθέδρας
3700 3239 3878 3310 τιμήν

1732 3345 2312 3406 INTERPRE'I‘ATIO
2352 3346 2614 3403 RUFINI.

543 3445 608 3494 II.
645 3440 705 3514 in
737 3438 885 3509 ipsis
912 3441 1103 3493 autem
1137 3435 1367 3499 diebus,
1399 3435 1614 3514 quibus
1645 3434 1770 3489 vita
1823 3437 1996 3514 finem
2045 3438 2156 3514 sibi
2204 3436 2876 3514 imminere_prasensi_t,
2912 3436 2970 3490 in
3002 3442 3287 3514 conventu
3320 3439 3565 3514 fratrum
3613 3444 3873 3514 positus,

472 3507 830 3583 apprehensa
861 3526 1049 3583 manu,
1072 3523 1201 3583 mea
1231 3511 1464 3583 repente
1496 3522 1875 3583 consurgens,
1909 3508 1968 3562 in
2000 3510 2248 3583 auribus
2287 3508 2467 3564 totius
2514 3507 2781 3583 _Ecclesia
2830 3507 2951 3583 hac
2982 3509 3223 3583 protulit
3253 3512 3466 3583 verba:
3506 3507 3714 3569 Audite
3749 3507 3866 3583 me,

470 3577 677 3639 fratres
709 3587 766 3637 et
795 3578 1196 3653 conservimei
1222 3594 1236 3632 :
1263 3578 1731 3653 Quoniam_sicut
1758 3579 1997 3653 edoctus
2028 3581 2272 3653 sumrab
2315 3596 2381 3634 eo
2431 3577 2547 3653 qui
2578 3579 2864 3653 _misit__me
2894 3577 3149 3653 Domino
3168 3585 3226 3636 et
3256 3580 3532 3653 Magistro
3563 3600 3690 3639 meo
3719 3577 3868 3642 Jesu

468 3655 716 3722 Christo,
749 3653 873 3707 dies
905 3650 1111 3705 mortis
1144 3666 1285 3723 mea
1312 3649 1515 3723 instat,
1543 3648 1895 3723 Clementem
1921 3649 2076 3723 hunc
2101 3648 2624 3723 episcopumgvobis
2653 3649 2897 3723 ordino;
2931 3650 3021 3703 cui
3046 3651 3155 3723 soli
3180 3668 3316 3723 mea
3340 3648 3766 3723 praedicationis
3797 3664 3861 3713 et

469 3720 743 3781 doctrina
774 3724 1118 3778 Cathedram
1159 3720 1367 3796 credo:
1420 3720 1519 3796 qui
1547 3720 1711 3796 _mihi
1761 3721 1846 3796 ab.
1884 3720 2049 3796 initio
2096 3720 2384 3796 usquead
2419 3721 2590 3775 tinem
2623 3720 2905 3796 comes__in
2936 3721 3209 3796 omnibus
3240 3720 3369 3796 fuit,
3419 3731 3475 3779 et
3505 3742 3606 3796 per
3637 3726 3743 3782 hoc
3771 3746 3867 3784 ve-

468 3798 697 3851 ritatem
750 3796 931 3849 totius
980 3810 1120 3846 mea
1169 3790 1606 3863 pradicationis
1645 3791 1896 3861 agnovit,
1948 3793 2045 3862 qui
2092 3792 2153 3847 in
2195 3790 2471 3863 omnibus
2520 3791 2943 3863 tentationibus
2990 3793 3134 3847 meis
3184 3790 3378 3849 socius
3421 3790 3658 3863 exstitit,
3710 3798 3862 3854 ﬁde-

465 3870 598 3923 liter
628 3880 1001 3938 perseverans
1022 3881 1047 3938 ;_
1064 3861 1242 3938 quem
1277 3861 1643 3938 pracateris
1675 3861 2106 3938 expertuseum
2156 3868 2345 3938 Deum
2388 3862 2693 3938 colentem,
2740 3862 3006 3938 homines
3057 3864 3416 3938 diligentem,
3445 3861 3715 3938 Acastum,
3766 3871 3863 3924 di-

466 3932 665 3994 ebendi
698 3937 909 3991 studiis
943 3935 1230 4003 deditum,
1262 3933 1546 3998 sobrium,
1584 3932 1921 4002 benignum,
1949 3936 2201 4002 justum,
2235 3934 2569 4003 patientem,
2622 3936 2678 3986 et
2724 3934 3001 3987 scientem
3053 3932 3200 3989 ferre
3241 3932 3651 3992 nonnullorum
3684 3932 3869 3997 etiam

466 4025 534 4064 ex
556 4009 649 4063 his
676 4007 774 4079 qui
797 4008 855 4061 in
873 4006 1057 4079 verbo
1083 4002 1579 4079 Dei_instruu_ntur
1611 4003 1874 4079 injurias.
1912 4003 2150 4079 Propter
2180 4002 2333 4079 quod
2362 4004 2473 4079 ipsi
2502 4003 2667 4079 trado
2698 4020 2732 4057 a
2779 4004 3027 4079 Domino
3076 4005 3219 4079 mihi
3264 4006 3459 4061 datam

3510 4014 3868 4079 potestatem

465 4074 773 4154 ligandi-et
804 4076 1245 4154 solvendi,ut_d_e
1266 4074 1539 4154 omnibus
1556 4074 2010 4154 _quihuscunque
2028 4074 2349 4154 decreverit
2370 4074 2756 4154 in_terris,hoc
2778 4075 3260 4154 decretumeitet
3278 4078 3333 4131 in
3358 4074 3538 4154 coelis'.
3562 4081 3676 4154 (31)
3700 4081 3871 4154 Liga-

465 4143 549 4228 bit
596 4149 752 4205 enim
790 4148 956 4228 _quod
1008 4151 1231 4217 oportet
1278 4144 1467 4228 ligari,
1516 4150 1573 4198 et
1604 4143 1786 4228 solvet
1833 4143 1983 4226 quod
2034 4146 2263 4228 expedit
2306 4146 2470 4212 solvi,
2519 4146 2930 4228 tanquam-qui
2961 4146 3031 4228 ad
3066 4143 3865 4228 liquidumEccles‘ia'reg‘u-

462 4216 849 4294 l_am_noverit.
885 4216 1079 4289 Ipsum
1112 4232 1247 4287 ergo
1278 4216 1493 4294 audite,
1545 4217 1982 4294 scie_nteanuia
2029 4216 2368 4294 quicunque
2419 4216 2844 4294 contristaverit
2872 4216 3179 4294 doctorem
3231 4220 3509 4287 veritatis,
3567 4216 3775 4294 peccat
3798 4225 3864 4280 in

462 4292 782 4368 Christum,
813 4297 870 4345 et
900 4286 1124 4368 Patrem
1157 4286 1419 4368 omnium
1451 4287 1755 4341 exacerbat
1785 4286 1987 4368 Deum,
2021 4286 2255 4368 propter
2274 4286 2437 4368 quod
2466 4293 2522 4341 et
2552 4288 2665 4342 vita
2693 4287 2931 4342 carebit.
2960 4288 3080 4367 .(32)
3113 4288 3312 4359 Ipsum
3345 4298 3540 4347 autem
3568 4286 3671 4364 qui
3706 4312 3866 4365 pra-

460 4368 551 4418 est
581 4362 821 4426 cateris,
850 4365 1076 4431 oportet
1115 4358 1321 4412 medici
1351 4357 1531 4431 vicem
1563 4373 1752 4431 agere,
1786 4363 1842 4411 et
1862 4375 1984 4431 non
2020 4357 2148 4414 fera
2176 4357 2376 4431 bestia
2404 4358 2596 4414 furore
2624 4357 2996 4413 commoveri.

535 4433 627 4488 Ill.
662 4432 791 4488 Hac
819 4428 1160 4499 eo'dicente,
1192 4445 1304 4501 ego
1330 4428 1643 4501 procidens,
1666 4428 1734 4482 ad
1771 4430 1945 4501 pedes
1974 4431 2126 4501 ejus,
2157 4430 2457 4501 rogabam,
2488 4446 2774 4485 excusans
2807 4445 2919 4493 me,
2950 4433 3007 4501 et
3037 4428 3336 4487 declinans
3356 4432 3635 4489 honorem
3657 4435 3856 4491 cathe-

459 4505 597 4572 dra,
630 4504 717 4559 vel
764 4507 1128 4575 potestatem.
1178 4503 1249 4555 At
1272 4499 1369 4554 ille
1399 4500 1758 4569 respondens
1784 4515 1795 4555 :
1834 4500 1940 4555 Pro
1970 4499 2098 4571 hoc,
2122 4499 2334 4572 inquit,
2369 4517 2442 4556 ne
2470 4517 2563 4555 me
2594 4501 2887 4572 rogaveris
2913 4517 2925 4554 :
2956 4500 3063 4555 hoc
3094 4502 3249 4556 enim
3285 4503 3409 4559 ﬁeri
3440 4510 3732 4561 statutum
3764 4514 3860 4563 est

1800 4625 2041 4680 VARl/E
2081 4626 2494 4681 LECTIONES.

526 4718 569 4753 ⁸⁸
599 4720 847 4789 πονηροῦ
878 4716 1075 4775 αἰῶνος
1107 4714 1236 4768 Ruf.
1290 4718 1347 4769 et
1393 4714 1518 4767 cod.
1575 4713 1711 4784 Reg.
1762 4714 1885 4767 804.
1918 4714 2064 4768 Tum
2115 4712 2370 4784 ἐσομένου
2420 4716 2619 4785 (futuri
2665 4715 2879 4783 saeculi)
2910 4715 3061 4784 conj.
3105 4718 3162 4769 C.
3197 4715 3339 4771 Dein
3372 4717 3500 4771 dedi
3529 4721 3765 4824 ἐςηνῦσαι
3796 4738 3855 4776 (⁵.

529 4794 581 4824 οι
616 4791 736 4824 Dn?
810 4787 1047 4824 ..νυνί-ἠρ
1077 4791 1116 4824 Π
1170 4787 1214 4820 ⁵9
1248 4786 1355 4824 lpo-
1404 4790 1506 4824 τίν-
1536 4784 1752 4824 'Dn'nnm-
1783 4785 1821 4824 ς
1872 4785 1917 4819 50
1946 4789 2327 4824 nnnvnnvcnﬂm
2362 4786 2406 4824 Π
2457 4786 2501 4821 ⁸1
2534 4782 2711 4824 πλείω
2743 4787 2783 4824 f‘.
2836 4786 2881 4820 68
2927 4786 3024 4824 τιῖι·
3072 4787 3307 4824 nrh'nnvi
3342 4802 3371 4824 ιο
3432 4788 3476 4824 n
3601 4794 3700 4824 m2.-
3730 4792 3769 4824 Ρ
3826 4792 3855 4824 Ᾱ

456 4790 499 4845 Ο
529 4794 585 4845 et
616 4782 773 4853 Ruff,
810 4787 1047 4859 μηνύσας
1077 4791 1135 4841 C.
1170 4787 1220 4859 "_
1247 4786 1373 4856 Leg.
1401 4790 1506 4859 τῆς
1536 4782 1752 4859 Ῥῴιίης
1783 4785 1841 4859 S.
1871 4785 1917 4859 ἕο
1946 4782 2327 4859 προκαρτερῶν
2362 4782 2517 4859 0."_”_
2534 4782 2711 4838 πλείω
2743 4787 2804 4859 C.
2836 4782 2881 4820 ⁸³
2927 4782 3033 4852 τῆξ
3054 4787 3311 4859 λοάιὶιιηχὶ
3342 4802 3392 4842 c.
3432 4788 3498 4843 Ο.

3601 4794 3700 4857 τῆς
3730 4792 3789 4859 C,
3826 4792 3857 4846 ὁ

452 4860 542 4913 τὸν
574 4866 673 4928 τῆς
708 4850 914 4915 maluit
940 4861 997 4915 S.
1031 4863 1096 4930 Et
1127 4857 1273 4930 Epit.
1390 4850 1493 4910 145
1523 4860 1588 4910 ut
1615 4850 1680 4911 Ο.
1703 4850 1749 4890 ⁸⁸
1776 4850 1999 4930 ἀπέχειν
2029 4850 2349 4913 CL'contra
2376 4857 2545 4912 codd.
2580 4850 3005 4912 auctoritatem.
3051 4850 3330 4929 Deceptus
3378 4864 3468 4914 est
3516 4860 3575 4916 S.
3620 4850 3690 4917 de
3739 4850 3857 4918 lec-

452 4933 610 4987 tione
632 4926 924 4989 'Cotelerii.
957 4932 1001 4966 ⁸⁵
1032 4926 1261 4999 ἐδεόμην
1295 4926 1358 4982 Ο.

1820 5013 2201 5070 VARIORUM
2226 5014 2457 5071 NOT/E.

522 5116 634 5187 (28)
668 5116 842 5179 Αὐτὸς
898 5120 995 5172 τοῦ
1048 5114 1183 5191 βίου
1225 5111 1418 5191 βιαίως
1484 5109 1547 5165 τὸ
1597 5113 1691 5183 ζῇν
1746 5108 2101 5191 μετήλλαξενἶ

456 5184 703 5258 Secutus
758 5196 848 5245 est
894 5184 1097 5245 auctor
1146 5184 1416 5258 Ep'istola
1455 5200 1721 5258 errorem
1773 5200 1973 5239 eorum
2005 5184 2103 5258 qui

454 5257 925 5332 Petrolacobum
976 5255 1339 5332 superfuisse
1386 5255 1823 5332 arbitrabantur
1851 5255 2105 5332 :_quales

453 5329 745 5399 exstitisse
775 5338 1003 5387 constat
1033 5326 1098 5386 ex
1131 5330 1394 5385 Chronico
1432 5327 1831 5397 Alexandrino,
1874 5326 1933 5382 in
1987 5344 2103 5399 quo

447 5398 646 5454 Jacobi
691 5417 845 5455 mor:
879 5404 1177 5457 confertur
1244 5402 1281 5455 d
1340 5414 1559 5454 annum
1599 5401 1856 5470 primum
1887 5398 2102 5470 Vespa-

452 5473 978 5612 sugillgofﬂpevra.
1015 5541 1130 5612 Qui
1156 5539 1457 5612 modestia
1509 5556 1586 5612 ac,
1617 5541 1980 5596 verecundia
2012 5541 2103 5596 le-

450 5610 551 5686 ges
584 5610 696 5668 nan
729 5614 977 5686 ignorat,
1016 5610 1254 5682 indigne
1279 5611 1534 5686 profecto
1566 5610 1729 5686 feret,
1762 5613 1950 5668 virum
1985 5613 2091 5686 qui

449 5680 803 5745 Clementem
826 5680 1101 5742 inducere
1123 5680 1238 5739 non
1269 5680 1527 5751 erubuit,
1574 5682 1838 5739 subnexa
1884 5689 1942 5740 et
1972 5680 2089 5741 alia

2210 5130 2338 5188 qua
2371 5112 2587 5188 passim
2622 5130 2723 5185 per
2763 5116 2943 5169 totam
2985 5112 3287 5188 epistolam
3319 5116 3658 5188 efferuntur,
3692 5119 3763 5176 de
3792 5138 3859 5178 se

2211 5185 2371 5241 nullo
2394 5186 2614 5256 pudore
2643 5191 2997 5240 narrantem.
3028 5186 3201 5241 Cou'r.

2280 5257 2784 5380 (ΒΟξΙΧρειροτονῶ,
2838 5256 3083 5338 Epitom.
3136 5257 3278 5339 14.5:
3331 5263 3634 5342 χειροτονῶ
3680 5261 3856 5342 eripe-

2280 5348 2325 5380 ν.
2410 5344 2560 5380 ersno
2591 5327 2805 5380 Ruﬁni.
2839 5328 3077 5380 ordmo:
3110 5328 3210 5380 ubi
3242 5333 3437 5380 tamen
3478 5347 3575 5380 am
3634 5332 3855 5380 dicitur

2212 5327 2817 5402 ροντμνεδινςίοξΙὶιιὸιιὶ,Δ
2839 5328 3037 5402 ordino
3058 5346 3077 5382 :
3110 5328 3210 5402 ubi
3242 5327 3437 5385 tamen
3478 5332 3575 5402 qui
3634 5327 3855 5389 dicitur

2206 5397 2445 5523 Abgiag,
2476 5399 2737 5456 ordinabo
2768 5398 2994 5455 videtur
3020 5397 3252 5471 legisse,
3283 5397 3583 5474 χειροτόνῶ
3615 5402 3671 5457 in
3702 5403 3857 5461 futu-

2210 5488 2272 5523 ro
2342 5512 2354 5523 .
2435 5487 2521 5523 o'r.

2210 5488 2272 5526 ro
2302 5477 2354 5523 2.
2395 5477 2521 5525 Co'r.

2271 5540 2390 5667 1(1341)
2420 5542 2645 5668 Citﬁtur
2673 5541 2734 5597 in
2764 5539 2947 5612 Epist.
2996 5539 3399 5599 Leodiensium
3431 5544 3710 5601 adversus
3742 5545 3851 5603 Pa-

2317 5629 2348 5667 a
2374 5629 2464 5667 em
2555 5653 2568 5667 .

2208 5628 2464 5668 scnalem
2500 5628 2568 5668 ll.

2278 5682 2387 5760 (32)
2419 5684 2611 5743 Citant
2639 5682 2986 5745 Leodienses
3016 5681 3162 5745 ibid.
