4100 6334
216 352 288 411 31
868 352 1399 413 CLEMENTINA.
1433 382 1507 395 —
1541 351 1920 412 EPISTOLA
1967 351 2409 412 CLEMENTIS
2453 351 2554 411 AD
2600 350 2985 413 JACOBUM.

3548 354 3626 416 38

220 482 401 538 τεκαὶ
464 480 728 555 ἐξουσίαν.
762 482 824 539 Ὀ
877 479 923 536 δ’
978 482 1319 557 ἀπεκρίνατο·
1381 481 1511 557 Περὶ
1564 481 1759 536 τούτου
1810 502 1875 554 με

1988 484 2285 555 respondit
2313 499 2326 539 :
2362 483 2478 538 Hac
2509 485 2579 537 de
2609 500 2667 538 re
2699 482 2813 538 noli
2848 500 2939 539 me
2971 501 3166 540 orare:
3202 485 3308 541 hoc
3331 487 3486 541 enim
3505 487 3627 543 ﬁeri

226 573 295 644 μὴ
330 574 378 608 ⁶⁶
411 571 585 641 ἀξίου·
645 575 808 625 τοῦτο
865 570 967 647 γὰρ
1022 570 1269 646 γενέσθαι
1319 567 1565 626 δέδοκταί
1620 592 1735 643 μοι,
1787 570 1877 625 καὶ

219 660 385 733 toﬁ-r5
435 657 654 732 μᾶλλον
684 659 729 714 εἶ
786 664 1043 733 παραιτῇ·
1080 658 1163 713 ὅτι
1194 661 1229 729 ἡ
1261 659 1482 727 τοιαύτη
1534 656 1767 735 καθέδρα
1816 658 1878 714 οὐ

220 747 756 827 φιλοκαθεδροῦντος
780 748 1070 823 τολμηροῦ
1101 748 1289 823 χρείαν
1313 744 1591 823 ἕχει,ἆλΛ’
1618 743 1879 810 εὐλαϐοῦς

215 840 302 893 τὸν
334 838 671 913 τρόπονκαὶ
700 836 1056 910 πολυμαθοῦς
1089 840 1132 875 ⁵⁷
1164 840 1278 911 (33)
1308 839 1399 892 τὸν
1448 835 1636 912 λόγον.
1672 838 1773 899 Δὸς
1822 835 1879 892 δὲ

214 928 303 982 τὸν
331 926 627 1002 κρείττὸνα
657 930 794 1001 (34),
827 928 884 989 ’ὸς
918 926 1042 999 ἐμοί
1075 948 1169 981 σου
1200 924 1389 981 πλεῖον
1439 923 1758 997 συνώδευσε,
1789 925 1877 980 καὶ

212 1021 317 1071 τῶν
352 1016 547 1092 λόγων
576 1016 867 1088 ἐπήκουσε,
884 1017 974 1071 καὶ
1004 1018 1105 1084 τήν
1139 1014 1405 1086 διοίκησιν
1428 1022 1527 1085 τῆς
1555 1013 1879 1085 Ἐκκλησίας

216 1106 622 1179 ἐκμεμάθηκεν,
654 1106 744 1161 καὶ
777 1106 876 1161 οὐκ
922 1105 1207 1179 ἀναγκάσω
1258 1127 1315 1160 σε
1361 1103 1542 1167 καλῶς
1589 1110 1763 1159 ποιεῖν
1815 1104 1876 1159 ού

214 1195 465 1250 θέλοντα·
528 1194 655 1250 ἀλλ’
686 1195 750 1250 ού
805 1192 1020 1265 δυνήσει
1068 1197 1111 1231 ⁸⁸
1168 1199 1255 1249 νῦν
1308 1193 1400 1249 τόν
1455 1216 1551 1249 σου
1598 1194 1879 1267 κρείττονα

212 1289 546 1360 παρασχεῖν
608 1284 671 1338 σὺ
727 1284 828 1359 γὰρ
887 1281 957 1338 δι’
1014 1282 1150 1357 ἐμοῦ
1206 1285 1320 1357 (35)
1375 1287 1483 1338 τῶν
1553 1284 1879 1356 σωζομένων

212 1373 375 1427 ἐθνῶν
424 1376 461 1442 ἡ
516 1375 563 1410 ⁸9
606 1371 867 1448 κρείττων
931 1373 1179 1447 ἀπαρχή.
1235 1372 1388 1441 Πλὴν
1442 1371 1532 1426 καὶ
1587 1373 1650 1426 τὸ
1693 1368 1875 1447 ἕτερον

212 1462 460 1536 λόγισαι.
490 1461 583 1517 ὅτι
634 1460 681 1516 εἲ
728 1464 773 1498 7°
802 1463 891 1516 τὸν
937 1458 1184 1516 κίνδυνον
1214 1468 1316 1530 τῆς
1364 1460 1629 1536 ἁμαρτίας
1672 1456 1873 1539 φοϐού-

213 1572 379 1625 μενος
441 1551 545 1606 οὐκ
598 1548 840 1626 ἀναδέχῃ
886 1556 988 1619 τῆς
1047 1548 1374 1621 Ἐκκλησίας
1430 1551 1529 1619 τήν
1586 1547 1876 1622 διοίκησιν,

211 1640 265 1694 εὖ
295 1643 341 1677 τί
394 1637 507 1694 ἴσθι
568 1639 726 1702 εῗδὼς
785 1639 868 1695 ὅτι
926 1638 1118 1694 πλεῖον
1180 1638 1526 1712 ἁμαρτάνεις,
1560 1638 1704 1701 ὅστις
1758 1644 1877 1701 τοῖς

210 1724 549 1800 θεοσεὸἑσιν,
586 1728 769 1803 ὥσπερ
802 1726 1026 1783 πλέουσι
1081 1728 1171 1782 καὶ
1230 1725 1619 1796 κινδυνεύουσι,
1658 1728 1875 1802 βοηθεῖν

208 1816 540 1890 δυνάμενος,
563 1817 625 1872 ού
657 1816 858 1886 θέλεις,
882 1814 1193 1871 διασκοπῶν
1232 1811 1396 1889 μόνον
1429 1815 1491 1870 τό
1525 1814 1661 1871 ἴδιον
1691 1816 1779 1871 καὶ
1813 1817 1874 1871 οὗ

206 1908 265 1961 τὸ
296 1911 466 1980 κοινῇ
500 1914 630 1961 πᾶσι
664 1907 959 1984 συμφέρον.
988 1909 1087 1963 18
1110 1906 1233 1962 ’Ότι
1266 1903 1323 1960 δὲ
1352 1906 1441 1959 τὸν
1471 1903 1716 1960 κίνδυνον
1752 1905 1876 1961 πάν·-

207 2015 316 2057 τως
350 1992 703 2065 ἀναδέξασθαί
736 2016 793 2049 σε
823 1992 924 2065 δεῖ,
950 1993 1086 2067 ἐμοῦ
1114 1998 1276 2049 τοῦτο
1307 1994 1487 2064 ἀξιοῦν
1524 1996 1601 2066 μή
1632 1994 1873 2067 παυομέ-

208 2105 301 2138 νου
335 2084 421 2145 εἷς
452 2086 554 2152 τήν
585 2088 692 2138 τῶν
720 2082 931 2138 πάντων
975 2084 1229 2158 βοήθειαν
1264 2084 1396 2157 (36),
1432 2084 1609 2156 ὀρθῶς
1661 2082 1875 2138 ἐπίστα-

212 2195 293 2227 σαι
327 2177 403 2231 ⁷³.
442 2174 598 2245 ’Ὀσῳ
630 2173 721 2227 οὗν
760 2193 852 2245 μοι
883 2171 1183 2247 ταχύτερον
1223 2168 1652 2243 συνευδοκήσεις,
1683 2174 1876 2226 τοσοῦ-

206 2262 297 2317 τόν
336 2283 412 2335 με
440 2264 541 2331 τῆς
573 2261 803 2335 ἀθυμίας
830 2260 1126 2339 κουφίσειε.

276 2353 379 2408 IV.
418 2349 556 2408 Οἶδα
588 2348 645 2405 δὲ
675 2350 764 2406 καὶ
796 2350 976 2420 αὐτὸς,
1009 2349 1053 2404 ὦ
1085 2349 1321 2423 Κλήμης
1344 2352 1410 2420 ⁷³,
1434 2348 1608 2412 λύπας
1636 2349 1725 2405 καὶ
1757 2349 1878 2405 ἀθυ-

209 2440 340 2510 μίας
376 2440 470 2495 καὶ
513 2438 796 2502 κινδύνους
850 2439 941 2494 καὶ
998 2438 1198 2516 ψόγους
1253 2439 1381 2503 τοὺς
1434 2439 1485 2510 ἐξ
1539 2437 1874 2495 ἀπαιδεύτων

213 2523 419 2603 ὄχλων
452 2549 538 2583 σοι
571 2526 936 2603 δωρούμενος,
970 2528 1061 2590 οὓς
1120 2525 1321 2603 δυνήσῃ
1368 2528 1624 2604 γενναίως
1678 2528 1875 2605 φερειν,

208 2617 424 2692 ἐνορῶν
453 2624 555 2686 τῆς
584 2618 867 2689 ὑπομονῆς
898 2618 988 2671 τὸν
1022 2615 1082 2671 ἐκ
1110 2621 1244 2672 Θεοῦ
1276 2638 1359 2671 σοι
1404 2618 1569 2692 μέγαν
1616 2614 1874 2671 ἀποδιδό-

214 2727 379 2779 μενον
417 2705 631 2778 μισθόν.
667 2704 842 2762 Ἀλλὰ
880 2705 970 2760 καὶ
1022 2703 1245 2766 δικαίως
1294 2705 1723 2778 συνενθυμήθητί
1760 2725 1875 2778 μοι,

206 2795 345 2850 πότε
402 2815 500 2848 σου
544 2796 645 2863 τῆς
694 2793 1011 2870 ξυμμαχίας
1068 2793 1254 2870 χρείαν
1294 2790 1409 2869 ἔχει
1451 2794 1479 2848 ὁ
1510 2795 1757 2867 Χριστὸς,
1788 2797 1874 2848 νῦν

212 2884 302 2939 ἅτε
336 2885 370 2938 ὁ
404 2883 646 2956 πονηρὸς
677 2883 812 2937 κατᾶ
840 2890 939 2951 τῆς
969 2881 1133 2936 αὐτοῦ
1163 2881 1381 2959 νύμφης
1411 2882 1653 2954 πόλεμον
1677 2879 1875 2958 ἤρατο.

1983 562 2277 627 statutum
2309 576 2606 643 est,eoque
2628 572 2816 643 magis
2847 574 3001 645 quod
3033 589 3275 630 excusas
3301 601 3315 643 ;
3346 576 3486 647 quia
3508 578 3629 632 haec

1987 661 2262 716 cathedra
2291 677 2407 717 non
2438 678 2583 731 opus
2630 661 2804 716 habet
2850 664 3154 717 temerario
3204 665 3444 719 sedendi
3474 666 3532 720 in
3562 683 3630 722 ea

1986 751 2219 821 cupido,
2279 750 2380 805 sed
2436 751 2557 805 viro
2615 750 2877 805 moribus
2934 757 3133 807 sancto
3187 753 3329 808 etin
3364 755 3629 810 doctrina

1986 840 2232 894 erudito.
2286 839 2459 894 Porro
2491 838 2565 893 da
2596 838 2739 892 mihi
2771 840 3250 910 praestantiorem,
3282 842 3377 912 qui
3411 842 3542 914 plus
3574 849 3630 899 te

1986 945 2215 984 mecum
2248 928 2650 999 peregrinatus
2681 927 2872 998 fuerit,
2921 934 2977 983 et
3009 946 3309 986 sermones
3336 948 3495 987 meos
3526 949 3629 986 au-

1986 1018 2177 1085 dierit,
2211 1034 2276 1072 ac
2310 1016 2571 1072 Ecclesiae
2616 1017 3185 1074 administrationem
3234 1020 3540 1088 didicerit;
3573 1025 3631 1077 et

1987 1124 2102 1162 non
2127 1123 2330 1178 cogam
2361 1110 2437 1174 te,
2470 1106 2760 1161 nolentem
2793 1106 2938 1162 bene
2978 1109 3289 1179 sgere.Sed
3323 1127 3435 1165 non
3470 1114 3629 1182 pote-

1986 1196 2067 1251 ris
2100 1212 2254 1251 nunc
2284 1195 2579 1250 meliorem
2614 1212 2792 1266 quam
2823 1200 2885 1251 tu
2918 1213 2979 1251 es
3009 1196 3298 1253 exhibere.
3330 1197 3412 1253 Tu
3458 1216 3626 1255 nam-

1987 1301 2099 1357 que
2129 1284 2280 1340 inter
2309 1301 2407 1340 eos
2437 1284 2536 1356 qui
2567 1301 2670 1355 per
2700 1301 2790 1340 me
2809 1301 2877 1339 ex
2921 1286 3191 1357 gentibus
3220 1289 3429 1343 servati
3461 1293 3622 1358 sunt,

1985 1374 2177 1429 locum
2208 1373 2562 1445 optimarum
2585 1373 2977 1445 primitiarum
3009 1375 3373 1431 obtines.Sed
3395 1381 3451 1432 et
3472 1376 3631 1433 aliud

1986 1465 2227 1533 reputa:
2262 1462 2417 1533 quod
2444 1461 2494 1516 si
2526 1463 2744 1534 peccati
2776 1461 3100 1533 periculum
3136 1471 3402 1520 metuens
3432 1465 3626 1522 Eccle-

1986 1550 2083 1605 siae
2143 1550 2625 1621 gubernationem
2686 1568 2801 1606 non
2856 1552 3128 1623 suscipis,
3185 1557 3380 1609 certus
3418 1559 3540 1610 esto
3572 1560 3629 1610 te

1986 1640 2242 1711 amplius
2292 1655 2548 1711 peccare,
2599 1640 2716 1710 qui,
2760 1656 2894 1694 cum
2927 1642 3116 1711 possis
3147 1642 3246 1697 Dei
3279 1642 3624 1714 cultoribus,

1984 1728 2138 1782 velut
2177 1728 2585 1798 navigantibus
2641 1733 2697 1782 et
2752 1728 3235 1800 periclitantibus,
3295 1749 3625 1800 succurere,

1984 1819 2041 1874 id
2078 1820 2262 1873 facere
2292 1835 2548 1887 recusas,
2582 1820 2732 1889 quod
2784 1824 2949 1873 tuum
2992 1826 3078 1875 est
3118 1822 3399 1877 duntaxat
3430 1823 3626 1878 consi—

1986 1910 2215 1974 derans,
2249 1913 2305 1962 et
2334 1924 2447 1963 non
2479 1909 2629 1977 quod
2664 1910 2720 1962 in
2752 1925 3061 1963 commune
3083 1909 3357 1966 omnibus
3374 1912 3623 1983 expedit.

1985 1997 2145 2062 Quod
2179 2002 2371 2051 autem
2407 1996 2728 2067 periculum
2763 1998 2998 2052 omnino
3044 2000 3341 2070 suscipere
3371 2004 3426 2055 te
3456 2018 3624 2072 opor-

1985 2090 2084 2155 tet,
2118 2102 2209 2140 me
2241 2085 2296 2139 id
2332 2102 2531 2157 rogare
2564 2102 2676 2139 non
2710 2091 2974 2141 cessante
3008 2088 3064 2141 in
3104 2094 3448 2144 cunctorum
3481 2090 3625 2145 sub-

1984 2173 2224 2241 sidium,
2274 2176 2491 2246 Optime
2538 2175 2771 2229 novisti.
2820 2176 3045 2240 Quanto
3092 2192 3227 2249 ergo
3274 2177 3447 2234 citius
3478 2178 3625 2234 mihi

1984 2279 2259 2318 assensus
2294 2262 2491 2329 fueris,
2523 2266 2685 2318 tanto
2716 2279 2809 2318 me
2836 2264 3079 2320 tristitia
3108 2264 3345 2323 levabis.

2057 2351 2146 2406 IV.
2180 2351 2320 2407 Novi
2356 2356 2552 2406 autem
2583 2352 2760 2406 etiam
2784 2352 2928 2423 ipse,
2960 2370 2991 2407 o
3021 2353 3309 2422 Clemens,
3334 2358 3487 2426 quod
3522 2356 3625 2412 tibi

1984 2439 2287 2496 conciliem
2319 2438 2618 2495 molestias
2648 2445 2705 2495 et
2727 2456 3002 2496 mazrores
3031 2446 3089 2497 et
3120 2443 3376 2513 pericula
3405 2450 3463 2499 et
3492 2462 3624 2517 pro-

1985 2530 2092 2584 bra
2147 2530 2219 2584 ab
2263 2528 2553 2583 inerudite
2601 2527 2767 2599 plebe
2798 2530 3206 2601 importanda;
3241 2549 3369 2602 quas
3400 2534 3627 2590 fortiter

1986 2618 2201 2689 poteris
2228 2617 2396 2681 ferre,
2421 2616 2739 2688 respiciens
2762 2618 2831 2672 ad
2856 2619 3145 2689 patientiae
3168 2637 3442 2693 magnam
3478 2640 3626 2678 mer-

1985 2707 2185 2761 cedem
2215 2705 2318 2760 tibi
2352 2722 2386 2759 a
2418 2710 2529 2760 Deo
2560 2705 2935 2760 reddendam.
2997 2709 3103 2762 Sed
3137 2716 3190 2763 et
3218 2709 3361 2764 illud
3397 2727 3625 2767 mecum

1976 2796 2137 2867 juste
2168 2793 2503 2849 considera:
2538 2795 2771 2865 quando
2806 2798 2905 2850 tuo
2938 2796 3152 2852 auxilio
3174 2814 3319 2868 opus
3343 2805 3431 2855 est
3460 2799 3629 2855 Chri-

1986 2888 2097 2951 sto,
2130 2900 2287 2938 nunc
2312 2899 2443 2937 cum
2478 2882 2668 2937 malus
2699 2883 2976 2939 adversus
3008 2902 3287 2957 sponsam
3329 2888 3485 2945 illius
3509 2889 3629 2945 bel-

208 2974 243 3041 ἤ
280 2972 365 3033 εἷς
420 2973 509 3026 τὸν
565 2970 787 3026 ἐπιόντα
831 2970 1053 3046 χρόνον,
1086 2968 1175 3025 ὅτε
1221 2972 1444 3041 νικήσας
1499 2970 1804 3046 βασιλεύσει
1832 2974 1876 3008 ⁷⁸

1987 2970 2111 3027 lum
2142 2972 2419 3042 suscepit,
2449 2988 2523 3025 an
2556 2972 2613 3025 in
2655 2976 2924 3043 sequenti
2962 2979 3242 3044 tempore,
3276 2978 3509 3047 quando
3538 2978 3627 3033 vi-

218 3059 509 3136 μηδεμιᾶς
536 3064 640 3115 τοῦ
671 3060 870 3116 λοιποῦ
899 3059 1085 3136 χρείαν
1118 3058 1262 3133 ἔχων
1301 3059 1550 3135 βοηθείας
1575 3079 1588 3129 ;
1616 3059 1746 3135 οὐχί
1787 3058 1875 3114 καὶ

1988 3061 2168 3116 ctoria
2197 3065 2362 3132 parta
2393 3060 2677 3131 regnabit,
2710 3060 2868 3116 nullo
2895 3062 3148 3133 ampllus
3187 3064 3448 3121 subsidio
3474 3066 3631 3121 indi-

1489 3167 2062 3223 INTERPRETATIO
2104 3166 2367 3221 RUFINI.

208 3257 363 3332 mihi
397 3276 416 3324 ς
447 3260 503 3311 et
532 3273 598 3313 eo
632 3257 828 3332 magis
850 3257 1007 3327 quod
1039 3272 1314 3332 excusas:
1346 3256 1486 3332 quia
1514 3256 1636 3332 haec
1665 3257 1941 3332 cathedra
1960 3272 2094 3332 eum
2119 3255 2219 3327 qui
2242 3254 2404 3332 cupit
2420 3271 2548 3310 eam
2566 3258 2627 3332 _e_t
2657 3257 3331 3332 audacter_erxpetit,non
3361 3261 3609 3332 requirit

208 3272 363 3313 mim
397 3276 416 3324 ς
447 3272 503 3311 et
532 3273 598 3313 eo
632 3272 820 3329 magis
850 3272 1007 3327 quon
1039 3272 1314 3313 excusas:
1346 3273 1486 3327 quia
1514 3272 1636 3312 nec
1665 3272 1941 3312 cathedra
1960 3272 2094 3311 eum
2119 3272 2219 3327 qui
2242 3272 2404 3380 cupit.
2420 3272 2548 3310 eam
2569 3272 2627 3310 et
2657 3272 2933 3311 audacter
2963 3272 3331 3329 expetit,non
3361 3272 3629 3332 requirit,

208 3330 313 3384 sed
352 3332 631 3383 ornatum
663 3328 928 3383 moribus
959 3333 1015 3383 et
1046 3328 1309 3400 inpverho
1341 3328 1780 3400 Deieruditum.
1816 3328 1976 3390 Quod
2009 3328 2057 3382 si
2106 3332 2261 3400 esset
2290 3343 2324 3381 a
2349 3327 2440 3400 ius
2472 3326 2694 3400 melior,
2726 3328 2827 3398 qui
2860 3329 3001 3400 mihi
3035 3331 3268 3400 adjutor
3298 3337 3417 3386 tam
3449 3335 3631 3389 sedu-

207 3400 307 3456 lus
339 3399 735 3472 astitisset,si
768 3400 900 3472 quis
932 3404 1051 3455 tam
1076 3398 1246 3472 plene
1276 3399 1551 3472 doctrinis
1583 3416 1722 3455 mea:
1749 3398 2442 3472 rationem_cepisset,sed
2473 3404 2530 3453 et
2559 3398 2983 3472 ecclesiasticas
3013 3398 3429 3472 dispositiones
3475 3422 3507 3460 a
3536 3422 3629 3462 me

205 3478 331 3526 tam
364 3471 533 3549 plene
554 3470 858 3526 didicisset
877 3471 1099 3526 habens
1126 3470 1307 3549 alium
1332 3470 1650 3540 talem,non
1676 3476 1731 3549 te
1753 3486 2014 3549 cogerem
2036 3470 2254 3524 bonum
2280 3486 2425 3539 opus
2448 3471 2743 3549 suscipere
2768 3470 3161 3549 nolentemSu
3174 3474 3628 3549 perﬂuumpergo

207 3550 301 3598 est
333 3541 523 3596 alium
556 3559 850 3614 quaerere;
885 3558 1016 3614 cum
1051 3541 1342 3614 primitias
1362 3559 1587 3614 eorum,
1615 3543 1711 3613 qui
1745 3559 1808 3597 ex
1831 3541 2104 3614 gentibus
2137 3558 2238 3611 per
2266 3541 2707 3614 me‘salvantur,
2740 3548 2794 3595 et
2826 3543 3114 3613 praecipue
3148 3541 3323 3613 hujus
3357 3541 3627 3614 urbisfte

250 3616 480 3689 riguum
536 3611 846 3689 obtulerim
886 3611 1202 3689 _Deo.’Sed
1252 3618 1309 3667 et
1359 3613 1504 3668 illud
1536 3611 2003 3689 _int_uere,;'quia
2057 3612 2105 3666 si
2159 3611 2490 3689 periculum
2536 3614 2751 3689 peccati
2802 3611 3034 3689 timens,
3071 3611 3384 3689 suscipere
3413 3611 3629 3689 refugis

250 3632 480 3668 nmum
536 3632 846 3668 ontuiemm
905 3632 1040 3667 ueo.
1091 3632 1202 3668 aen
1252 3632 1309 3667 οι
1359 3632 1504 3668 uiuo
1550 3632 1814 3680 intuere;
1868 3632 2003 3684 quia
2057 3632 2105 3666 si
2159 3632 2481 3683 peI‘ICluum
2536 3632 2751 3683 peccau
2802 3632 3034 3681 umens,
3087 3632 3384 3685 suseipere
3413 3632 3629 3689 retugis

205 3632 492 3740 ἓεοὶεεὶε
541 3684 980 3756 gubernacula;
1031 3690 1226 3739 certus
1274 3688 1401 3739 esto
1450 3686 1587 3755 quia
1618 3685 1875 3756 amplius
1909 3701 2132 3757 peccas,
2186 3685 2285 3754 qui
2320 3683 2599 3757 populum
2632 3683 2753 3750 Dei,
2787 3684 2943 3757 velut
2972 3685 3031 3739 in
3065 3686 3339 3741 fluctibus
3373 3691 3629 3757 positum

206 3764 266 3830 et
298 3755 764 3828 periclitantem,
796 3772 927 3830 cum
962 3756 1414 3830 possisjuvare,
1440 3755 1820 3830 subterfugis,
1853 3756 1937 3810 tui
1970 3756 2377 3830 tantummodo
2412 3755 2631 3809 habens
2664 3756 3206 3830 considerationem,
3241 3763 3297 3812 et
3329 3755 3442 3813 non
3476 3764 3629 3830 quod

203 3829 266 3884 in
300 3827 625 3883 commune
653 3827 930 3901 omnibus
960 3827 1191 3901 expedit
1222 3828 1548 3901 providens.
1581 3829 1687 3882 Sed
1716 3827 1908 3901 certus
1940 3834 2063 3901 esto
2096 3828 2249 3901 quod
2284 3842 2517 3881 necesse
2547 3832 2635 3901 est
2667 3831 2721 3881 te
2754 3827 3047 3901 suscipere
3070 3844 3247 3901 omne
3279 3827 3626 3901 periculum,

210 3900 361 3973 quia
398 3916 499 3954 nec
528 3914 636 3970 ego
656 3916 771 3973 pro
800 3898 1309 3973 salute‘omnium,
1341 3900 1411 3973 ab
1442 3899 1798 3973 obsecrando
1829 3900 2090 3955 cessabo.
2125 3900 2349 3963 Quanto
2379 3914 2514 3969 ergo
2537 3898 2712 3953 citius
2742 3898 2885 3953 mihi
2915 3898 3309 3970 acquieveris':
3342 3905 3504 3958 tanto
3536 3898 3629 3960 me

214 3967 410 4027 citius
436 3967 701 4025 maeroris
732 3975 788 4024 et
812 3967 1059 4025 tristitie
1092 3970 1290 4024 labore
1320 3969 1624 4026 relevabis.

286 4040 395 4095 IV.
425 4041 560 4096 Novi
594 4041 770 4113 etiam
816 4041 946 4111 hoc,
983 4057 1034 4113 por
1074 4040 1357 4109 Clemens,
1409 4042 1561 4112 quod
1611 4041 1714 4096 tibi
1762 4040 1936 4113 taedia
1983 4044 2039 4095 et
2060 4037 2387 4113 molestias,
2423 4039 2680 4111 pericula
2711 4040 2884 4096 etiam
2917 4046 2973 4095 et
3005 4042 3318 4113 opprobria
3349 4042 3629 4097 ineruditi

214 4112 391 4184 vulgi
421 4112 804 4193 indocilisque
834 4111 1137 4193 conciliem
1168 4129 1181 4178 ;
1229 4128 1363 4193 quae
1380 4183 1391 4193 .
1412 4111 1477 4167 tu
1526 4119 1723 4168 tamen
1745 4188 1753 4193 _
1773 4112 1892 4168 scio
1922 4112 2074 4182 quod
2107 4112 2417 4193 fprtiter_et
2447 4116 2785 4193 constanter
2814 4116 2982 4178 feres,
3016 4111 3334 4193 respiciens
3361 4116 3431 4168 ad
3461 4114 3625 4169 illam

210 4181 418 4266 spein,
451 4200 577 4255 qua:
608 4181 726 4266 tibi
746 4184 910 4265 apud.
930 4183 1115 4238 Deum
1149 4181 2086 4266 patientiaeprieparat‘coronam.
2120 4182 2225 4263 Sed
2258 4186 2314 4263 et
2343 4181 2485 4262 illud
2520 4188 2582 4266 te.
2608 4184 2776 4253 cupio
2802 4200 3028 4239 mecum
3046 4181 3210 4266 juste
3231 4185 3451 4240 ratione
3476 4202 3630 4266 pers-

248 4253 420 4327 ἶσοι-ο
444 4253 728 4327 {quando
759 4253 1011 4310 maxime
1032 4253 1206 4323 opera
1228 4253 1570 4326 tuaindiget
1590 4255 1854 4311 Christus
1876 4270 2032 4310 nunc
2055 4270 2186 4327 cum
2211 4253 2486 4327 inimicus
2515 4255 2825 4327 adversum
2857 4253 3133 4327 sponsam
3157 4256 3284 4325 ejus
3308 4253 3632 4312 commovet

248 4272 455 4311 icere:
493 4272 728 4327 quando
759 4272 1011 4310 maxime
1032 4272 1206 4323 opera
1228 4272 1570 4326 tuainniget
1590 4272 1854 4311 unristus
1876 4272 2032 4310 nunc
2055 4272 2186 4307 cum
2211 4272 2486 4307 lDlIDlCllS
2515 4272 2825 4308 adversum
2857 4272 3133 4327 Sponsam
3157 4272 3284 4325 ejus
3308 4272 3628 4312 commovet

208 4272 465 4391 bellum,
484 4344 555 4381 an
580 4327 640 4380 in
665 4326 857 4381 futuro
878 4330 1163 4397 tempore,
1189 4327 1430 4398 quando
1453 4328 1578 4397 jam
1603 4326 1868 4398 Christus
1890 4330 2021 4398 post
2048 4324 2345 4398 victoriam
2370 4325 2777 4398 triumphabit,
2804 4343 2906 4380 nec
2939 4327 3094 4381 ultra
3125 4327 3300 4381 ullius
3334 4344 3508 4398 opera
3537 4328 3628 4382 in-

212 4346 465 4391 οειιῠω,
484 4346 555 4381 an
580 4346 640 4380 In
665 4346 857 4381 ῐυῐυῐὉ
878 4346 1163 4397 tempore,
1197 4346 1430 4396 (ιυιωαο
1453 4346 1578 4397 Jam
1603 4346 1868 4382 UDI‘ISIUS
1890 4346 2021 4398 ροει
2048 4346 2345 4379 νιῦιΟΓιᾶῐΠ
2371 4346 2777 4395 ιτιυωρωαυιι,
2804 4346 2906 4380 nec
2939 4346 3094 4381 υιιτα
3125 4346 3300 4381 UlllUS
3334 4346 3365 4383 Ο
3412 4346 3508 4382 8Γᾶ
3537 4346 3627 4382 1n-

212 4398 487 4470 digebit?
517 4399 656 4470 Quis
688 4414 800 4470 non
833 4397 1011 4451 etiam
1044 4396 1201 4470 parvi
1251 4413 1463 4452 sensus
1497 4397 1804 4470 intelligat,
1856 4398 2009 4469 quod
2024 4396 2193 4470 istud
2231 4398 2321 4449 est
2351 4397 2717 4466 temporis,in
2751 4413 2865 4470 quo
2899 4414 3132 4469 operam
3165 4403 3325 4470 tuam
3362 4346 3627 4455 Christus

209 4467 519 4541 reﬁnirit?
545 4469 689 4523 Tota
716 4469 897 4541 igitur
926 4467 1120 4524 mente
1148 4467 1510 4541 inipraasenti
1538 4467 1889 4524 necessitate
1904 4467 2093 4541 prmbe
2115 4482 2350 4541 operam
2374 4472 2622 4534 tuam,et
2651 4467 3262 4541 auxilium'inpraeliis
3284 4470 3488 4524 exhibe
3507 4470 3627 4541 regi

210 4537 972 4613 optimo,remunerationes
1003 4537 1345 4611 magniﬁcas
1375 4546 1509 4612 post
1538 4540 1835 4596 victoriam
1870 4537 2188 4595 reddituro.
2226 4538 2496 4593 Libenter
2525 4554 2660 4611 ergo
2689 4539 2919 4611 suscipe
2947 4537 3319 4612 episcopatus
3344 4537 3626 4611 ofﬁcium,

1570 4646 1805 4703 VARle
1842 4644 2146 4701 LECTION
2154 4644 2258 4700 ES.

889 4732 1184 4805 ιλομαθοῦς
1241 4751 1361 4789 var.
1424 4734 1554 4790 lect.
1613 4734 1884 4791 Turriani
1941 4741 1999 4789 et
2058 4735 2209 4805 cod,
2249 4735 2381 4805 Reg.
2416 4733 2518 4805 804
2578 4734 2688 4788 Cfr.
2724 4738 2888 4791 Hom.
2922 4754 3008 4803 ιιι,
3052 4736 3142 4792 65.
3178 4737 3327 4792 Tum
3360 4732 3524 4789 πλέον
3557 4740 3621 4793 Ο.

208 4805 255 4878 ξ³
288 4801 527 4878 δυνῄσηί
560 4808 627 4871 Ο,
688 4807 788 4876 qui
844 4801 994 4878 dein
1034 4806 1326 4878 apt-nova.
1385 4806 1430 4878 ἦν
1488 4807 1570 4861 Ita
1599 4807 1669 4878 VO
1726 4812 1783 4861 et
1839 4808 1975 4878 duo
2012 4801 2377 4878 cod.HRegi'i,
2406 4803 2452 4857 el
2493 4807 2632 4878 Ciex
2662 4808 2830 4878 Turr.
2866 4814 2973 4863 Pro
2997 4801 3171 4878 Epist.
3204 4810 3399 4877 pontif.
3435 4825 3498 4878 ιι,
3534 4809 3620 4862 14.

211 4876 367 4950 Dein
402 4874 616 4949 λογίσαι
650 4874 744 4950 0.1
794 4878 839 4950 7A"
865 4874 1195 4950 si_de_est_iu
1226 4877 1353 4933 cod.
1386 4877 1553 4932 Hom.
1588 4877 1768 4934 Paris.
1845 4878 1886 4913 ⁷³
1917 4874 1980 4929 σύ
2010 4879 2069 4933 C.
2147 4876 2193 4910 ’⁷³
2223 4874 2311 4931 ita
2343 4876 2380 4931 S
2410 4892 2479 4931 ex
2535 4877 2690 4948 Ruﬁ,
2724 4876 3013 4950 ἐπίσταμαι
3046 4874 3085 4935 C
3113 4885 3170 4933 et
3199 4874 3262 4935 0.
3339 4880 3383 4913 ⁷³
3413 4876 3619 4949 Κλήμη

214 4947 261 5003 Ο
292 4945 653 5005 constanter.
732 4949 777 4983 7‘
802 4945 1074 5022 βασιλεύει
1098 4947 1163 5004 Ο.

281 4734 446 4806 ‘fini
511 4754 576 4806 με
631 4738 693 4793 C-
770 4736 814 4771 ⁵⁷

1612 5037 1987 5093 VARIORUM
2029 5036 2257 5093 NOT/E.

297 5122 415 5193 (33)
445 5122 806 5197 Πολυμαθοῦς
860 5123 951 5179 τὸν
999 5121 1191 5197 λόγον.
1239 5123 1451 5179 Eodem
1502 5125 1672 5181 modo
1727 5127 1874 5182 Tur-
1984 5130 2035 5182 et.
2066 5125 2314 5196 ﬁdelior;
2368 5125 2459 5180 sed
2504 5142 2612 5181 non
2662 5127 2841 5184 dabis.
2895 5128 2974 5183 Ex
3006 5131 3246 5196 utroque
3282 5131 3470 5181 autem
3502 5125 3624 5181 loco

218 5194 430 5280 rianus
458 5194 738 5280 procemio
790 5199 987 5279 Latino
1036 5194 1106 5280 ad
1160 5194 1583 5280 constitutiones
1621 5200 1876 5280 apostgli—
1983 5194 2287 5280 discimus,
2316 5213 2348 5250 a
2398 5197 2688 5280 prioribus
2719 5199 2982 5280 Ecclesiae
3032 5194 3259 5253 saeculis
3290 5198 3438 5280 hanc
3470 5198 3626 5280 inea

216 5282 333 5349 cas.
372 5274 438 5349 at
462 5266 533 5349 in
573 5267 1009 5349 Prolegomenis
1053 5266 1265 5349 Graecis
1314 5266 1372 5320 in
1424 5266 1872 5349 easdem—,ﬁoilo-
1982 5268 2308 5349 obtinuisse
2339 5266 2622 5349 regulam,
2652 5288 2777 5349 quae
2809 5270 3627 5349 dignioresacpraestantio-

219 5340 429 5415 E1305:
484 5340 572 5394 τὸν
628 5338 815 5415 λόγᾶν,
874 5339 1375 5412 quemadmodum
1446 5340 1624 5395 codex
1677 5338 1871 5413 Regis.
1983 5338 2514 5415 res__ecclesiasticis
2548 5338 2901 5415 ministeriis
2924 5338 3329 5415 praelicijub’et
3357 5346 3528 5395 Cour.

488 5480 499 5484 _
599 5479 634 5484 ,Α
712 5407 746 5484 ’ί
802 5407 807 5408 ί
890 5407 958 5484 ⁷-
1194 5479 1215 5484 _
1269 5479 1289 5484 _
1402 5479 1413 5484 _
1525 5481 1568 5484 η
1763 5407 1792 5413 ⁷
2051 5412 2173 5484 (ἰξῷ)Δ
2200 5407 2429 5484 Σὺ-γάρ,
2461 5430 2511 5464 κ.
2542 5431 2591 5467 τ.
2627 5410 2676 5467 λ.
2733 5407 2993 5484 Scriptor
3041 5407 3238 5467 noster
3268 5410 3623 5467 Clementem

1980 5498 2049 5537 ex
2079 5481 2333 5536 Hebraeis
2365 5481 2567 5536 natum
2598 5501 2712 5538 non
2741 5481 3051 5540 sentiebat.
3086 5486 3164 5538 Io.

2051 5554 2170 5625 (36)
2202 5553 2371 5624 Ἐμοῦ
2401 5555 2558 5606 τοῦτο
2601 5552 2799 5625 ἄξιοῦν,
2832 5576 2883 5609 κ.
2916 5575 2965 5609 τ.
3001 5553 3053 5608 λ.
3105 5554 3339 5611 Clarum
3387 5558 3475 5609 est
3502 5553 3621 5608 haec

1980 5625 2051 5680 ad
2078 5630 2650 5699 precessanctorum
2683 5633 3048 5684 mortuorum
3081 5644 3196 5683 non
3218 5631 3501 5699 spectare,
3523 5625 3624 5681 sed

1971 5696 2220 5754 Ruﬁnus
2254 5696 2888 5757 obscuriusconvertit.
2923 5699 3055 5758 Cor.

288 5480 401 5553 (34)
441 5480 540 5543 Δὸς
596 5479 652 5536 δὲ
700 5483 788 5536 τὸν
841 5480 1139 5553 κρείττονα.
1176 5479 1350 5553 _Int'ra
1398 5479 1460 5553 ig
1511 5481 1875 5539 Clementina

214 5548 461 5627 homilia
493 5555 545 5627 3,
582 5572 708 5627 cap.
740 5557 851 5627 65,7
878 5548 1124 5608 rursum
1174 5551 1376 5627 Petrus
1423 5550 1760 5627 Zacchaeum
1788 5555 1873 5611 sic

216 5621 433 5695 alloqui
464 5621 773 5699 tingitur:
820 5621 921 5681 Sin
979 5639 1103 5679 vero
1159 5638 1275 5699 pop
1308 5623 1391 5677 vi:
1423 5622 1589 5699 bonus
1616 5626 1871 5699 Ecclesiae

500 5692 699 5771 auitas,
732 5699 912 5755 alium
936 5711 1040 5771 pro
1072 5703 1121 5753 te
1150 5692 1341 5751 indica
1369 5696 1466 5769 qui
1492 5699 1543 5753 te
1571 5698 1645 5755 sit
1663 5697 1873 5756 doctior
