4064 6330
494 390 570 451 55
1319 388 1385 448 S.
1431 386 1874 450 CLEMENTIS
1917 388 1943 451 Ι
1988 386 2176 450 ROM.
2226 388 2458 449 PONT.
2505 387 2767 448 OPERA
2810 386 3076 451 DUBIA.

3834 381 3915 444 56

568 521 707 578 XIX.
737 522 926 593 Atque
956 520 1046 577 his
1077 518 1248 577 dictis
1296 517 1358 575 in
1396 519 1587 576 medio
1618 535 1817 575 coram
1866 518 2143 576 omnibus

2328 523 2465 575 XIX.
2499 517 2597 573 Καὶ
2649 515 2813 573 ταῦτα
2860 515 3049 589 εἰπὼν,
3101 515 3151 572 ἐν
3208 514 3357 591 μὲσῳ
3407 513 3495 571 ἐπὶ
3538 512 3751 570 πάντων
3818 534 3915 587 μοι

502 626 715 667 manus
746 608 893 665 mihi
923 609 1232 681 imponens
1253 608 1311 663 in
1344 625 1455 664 sua
1486 607 1762 663 cathedra
1809 608 2011 664 sedere
2058 624 2151 664 me

502 699 941 755 erubescentem
963 696 1267 770 compulit.
1291 696 1558 769 Cumque
1572 696 1880 761 sedissem,
1904 695 2013 753 hoc
2039 700 2152 752 sta-

501 789 611 845 tim
644 788 787 844 mihi
818 788 962 844 dixit
986 803 999 843 :
1035 786 1192 859 Rogo
1220 788 1280 842 te
1301 801 1498 842 coram
1522 785 1796 841 omnibus
1823 785 2151 843 astantibus

502 876 782 934 fratribus
812 876 979 944 meis,
1011 880 1076 931 ut
1129 879 1442 948 postquam
1487 891 1557 930 ex
1597 874 1724 946 hac,
1772 874 2152 946 quemadmo-

503 968 643 1024 dum
672 965 819 1022 mihi
852 979 1089 1021 necesse
1114 967 1221 1031 est,
1253 963 1372 1019 vita
1402 962 1748 1037 migravero,
1774 962 1991 1019 Jacobo
2037 964 2152 1019 ira-

502 1055 577 1112 tri
606 1053 840 1110 Domini
874 1053 1073 1108 mittas
1105 1052 1165 1108 in
1195 1052 1467 1123 epitome,
1519 1050 1933 1123 describasque
1977 1052 2154 1107 etiam

503 1160 692 1216 usque
724 1142 796 1198 ad
837 1140 1217 1214 cogitationes
1265 1139 1525 1213 pueritiae
1554 1143 1690 1211 tute,
1720 1144 1778 1196 et
1824 1157 1939 1213 quo
1982 1140 2154 1197 modo

504 1234 577 1290 ab
609 1232 778 1288 initio
808 1247 997 1302 usque
1033 1247 1190 1286 nunc
1220 1245 1313 1286 me
1344 1229 1659 1286 comitatus
1677 1246 1761 1298 es,
1783 1229 2156 1286 sermonibus

506 1340 540 1378 a
561 1336 654 1377 me
674 1338 775 1394 per
797 1320 1060 1376 civitates
1085 1319 1413 1392 praedicatis
1437 1323 1496 1375 et
1521 1319 1751 1375 actibus
1786 1318 1934 1375 meis
1965 1318 2156 1375 inten-

507 1412 691 1467 dens:
726 1409 937 1465 deinde
966 1408 1025 1463 in
1058 1409 1173 1464 {ine
1202 1407 1411 1464 mortis
1442 1424 1675 1479 quoque
1705 1423 1848 1463 mea
1896 1407 2158 1464 occasio-

509 1514 668 1566 nem,
696 1499 847 1553 sicut
867 1497 1006 1564 dixi,
1028 1496 1326 1553 declarare
1358 1513 1473 1552 non
1496 1496 1735 1569 pigebit.
1769 1500 1970 1569 Neque
2000 1497 2159 1554 enim

511 1605 580 1645 ea
610 1604 703 1643 res
732 1587 897 1642 valde
928 1588 1122 1659 ipsum
1154 1585 1542 1655 contristabit,
1576 1602 1825 1658 gnarum
1853 1602 1946 1642 me
1978 1587 2071 1658 pie
2101 1586 2159 1642 id

510 1676 886 1750 persolvisse,
914 1676 1069 1747 quod
1092 1673 1330 1732 omnino
1361 1674 1582 1747 perpeti
1603 1691 1838 1731 necesse
1851 1679 1975 1731 erat
1998 1691 2011 1731 :
2038 1692 2161 1731 ma-

2257 605 2351 668 τὰς
2382 611 2571 683 χεῖρας
2603 605 2802 672 ἐπιθεὶς
2855 606 2930 670 εἷς
2978 606 3078 675 τὴν
3132 604 3297 661 αὐτοῦ
3344 602 3600 682 καθέδραν
3650 605 3917 673 καθεσθῆ-

2256 694 2343 752 ναί
2421 716 2489 769 με
2569 693 2934 767 ἐδυσώπησεν.
3022 692 3341 759 Καθεσθέντι
3417 691 3475 749 δὲ
3562 692 3725 749 τοῦτό
3814 713 3915 765 μοι

2261 783 2457 850 εὐθέως
2506 782 2629 864 ἔφη’
2681 785 2844 857 ’Δξιῶ
2893 803 2952 840 σε
3000 783 3088 840 ἐπὶ
3145 784 3360 839 πάντων
3433 802 3538 858 μου
3602 786 3711 838 τῶν
3773 802 3920 854 συμ-

2259 874 2542 951 παρόντων
2626 871 2893 953 ἀδελφῶν,
2980 871 3130 936 8πως
3202 872 3401 928 ὁπόταν
3491 875 3589 927 τοῦ
3667 869 3921 939 ἐνταῦθα,

2262 962 2338 1025 ὡς
2388 962 2513 1036 ἐμοὶ
2561 961 2857 1041 ὀφείλεται,
2906 959 3210 1031 ἀπαλλάξω
3270 960 3416 1036 βίου,
3448 961 3507 1016 σὲ
3538 954 3784 1033 Ἰακώϐῳ
3837 964 3924 1030 τῷ

2262 1048 2484 1130 ἀδελφῷ
2511 1056 2613 1107 τοῦ
2644 1051 2843 1129 Κυρίου
2870 1046 3171 1125 διαπέμψαι
3190 1052 3235 1087 ⁵³
3260 1048 3313 1106 ἐν
3346 1049 3582 1122 ἐπιτομῇ
3611 1046 3903 1125 ἀναγραψά

2268 1161 2427 1215 μενον
2464 1141 2630 1216 μέχρι
2659 1140 2749 1195 καὶ
2779 1143 2881 1199 24
2909 1144 3017 1195 τῶν
3045 1139 3104 1195 ἐκ
3149 1134 3358 1194 παίδων
3410 1159 3506 1193 σου
3539 1140 3656 1211 (43)
3685 1140 3729 1175 ⁸ο
3760 1137 3927 1212 λογι-

2264 1234 2442 1304 σμῶν,
2468 1230 2563 1284 καὶ
2622 1230 2696 1293 ὡς
2748 1228 2840 1284 ἀπ’
2879 1229 3078 1304 ἀρχῆς,
3116 1226 3279 1304 μέχρι
3311 1231 3407 1282 τοῦ
3436 1231 3526 1282 νῦν
3581 1223 3929 1287 συνώδευσάς

2271 1339 2386 1393 μοι,
2419 1318 2697 1374 ἐπακούων
2727 1323 2834 1375 τῶν
2865 1318 3002 1373 κατὰ
3025 1315 3189 1372 πόλιν
3220 1316 3308 1372 ὑπ’
3350 1316 3485 1389 ἐμοῦ
3533 1315 3930 1392 κηρυχθέντων

2267 1405 2451 1485 λόγων
2493 1429 2553 1464 τε
2597 1408 2688 1463 καὶ
2734 1408 2998 1483 πράξεων
3046 1401 3229 1462 ἔπειτα
3275 1405 3413 1481 πρὸς
3459 1410 3537 1478 τῷ
3584 1404 3797 1462 τέλει⁶¹
3831 1403 3933 1459 καὶ

2264 1499 2364 1567 τὴν
2396 1502 2493 1553 τοῦ
2523 1498 2747 1566 θανάτου
2782 1518 2885 1571 μου
2916 1495 3208 1574 πρόφασιν,
3240 1496 3314 1557 ὡς
3346 1501 3606 1570 προεῖπον
3638 1498 3707 1567 ⁸³,
3740 1492 3939 1565 δηλῶ-

2270 1607 2357 1641 σαι
2393 1587 2469 1660 μὴ
2502 1586 2771 1657 ὀκνήσεις.
2812 1582 2946 1641 Οὕτε
2972 1584 3072 1663 γὰρ
3107 1583 3225 1641 λίαν
3260 1582 3419 1639 αὐτὸν
3452 1581 3684 1655 λυπήσει
3736 1586 3936 1650 τοῦτο,

2271 1673 2453 1731 εἰδότα
2482 1675 2564 1731 ὅτι
2596 1676 2625 1731 ’ὁ
2656 1674 2871 1737 πάντως
2904 1671 3013 1730 ἔδει
3045 1695 3112 1748 με
3143 1678 3331 1738 παθεῖν
3354 1668 3587 1735 εὐσεϐῶς
3611 1669 3941 1745 ἀπεδόμην,

509 1767 670 1823 xima
712 1781 848 1821 vero
905 1764 1198 1820 afﬁcietur
1244 1763 1661 1836 consolatione,
1714 1780 1850 1820 eum
1894 1763 2154 1819 didicerit

2275 1764 2536 1840 μεγίστης
2598 1761 2655 1820 δὲ
2718 1763 3061 1837 παραμυθίας
3120 1761 3382 1835 τεύξεται,
3432 1761 3613 1836 μαθὼν
3664 1762 3749 1818 ὅτι
3810 1761 3940 1834 μετ’

510 1854 665 1927 quod
697 1857 833 1925 post
862 1869 955 1908 me
987 1869 1102 1908 non
1131 1852 1464 1908 ineruditus
1513 1850 1603 1907 vir
1647 1867 1754 1908 nec
1800 1852 2161 1907 viviﬁcorum

509 1943 753 2016 ignarus
785 1957 1122 1998 sermonum
1156 1940 1539 2014 Ecclesizeque
1568 1939 1831 2014 regulam
1890 1940 2158 1997 nesciens

509 2031 773 2088 docentis
803 2031 1091 2102 acceperit
1119 2028 1479 2085 cathedram.
1510 2028 1771 2101 Imperiti
1801 2026 1957 2084 enim
1986 2044 2052 2085 ac
2073 2044 2163 2085 se-

510 2119 771 2178 ductoris
801 2135 994 2175 sermo
1031 2118 1324 2174 audientis
1352 2116 1509 2190 vulgi
1541 2117 1770 2173 animas
1816 2116 2120 2173 interimit.

580 2207 697 2265 XX.
730 2207 893 2264 Unde
921 2221 1050 2278 ego,
1110 2205 1345 2261 domine
1401 2204 1481 2260 mi
1539 2204 1771 2273 Jacobs,
1831 2203 1925 2260 his
1973 2204 2045 2260 ab
2091 2219 2158 2260 eo

511 2296 688 2353 dictis
735 2294 1032 2368 pollicitus
1081 2310 1198 2350 non
1248 2293 1495 2364 tardavi,
1545 2293 1699 2348 sicut
1739 2295 1942 2363 jussus
1997 2309 2153 2360 sum,

512 2401 787 2458 magnam
821 2387 1044 2457 partem
1077 2398 1414 2439 sermonum
1466 2399 1568 2454 per
1611 2381 1871 2436 civitates
1925 2381 2156 2437 habito-

514 2490 668 2542 rum,
698 2472 801 2545 qui
823 2474 949 2544 jam
981 2471 1084 2527 tibi
1118 2469 1395 2542 descripti
1426 2474 1567 2525 sunt
1585 2486 1650 2526 ac
1683 2470 1998 2541 peripsum
2022 2471 2159 2525 mis-

512 2563 693 2628 sis,in
709 2560 871 2617 libris
894 2558 1843 2632 brevitercomprehendere,quasi
1862 2558 2159 2614 indicandi

512 2651 720 2724 gratia,
746 2649 943 2721 sicque
966 2649 1037 2705 ad
1061 2653 1115 2704 te
1133 2648 1588 2715 destinare,cum
1615 2647 1723 2703 hac
1746 2647 2155 2720 inscriptione:

513 2740 803 2797 Clementis
857 2740 1102 2810 Epitome
1150 2736 1618 2811 praedicationum
1673 2738 1828 2792 Petri
1893 2739 1955 2792 in
2001 2752 2157 2810 pere-

509 2827 941 2901 grinationibus.
972 2826 1259 2884 Caeterum
1294 2840 1580 2898 exponere
1635 2830 1703 2882 ut
1752 2825 1960 2898 jussus
2024 2841 2157 2883 sum

511 2916 791 2991 incipiam
806 2956 821 2976 .

2275 1852 2373 1927 ὲμὲ
2403 1853 2503 1908 οὐκ
2532 1853 2747 1925 ἀμαθὴς
2778 1851 2916 1929 ἀνὴρ
2945 1851 3035 1906 καὶ
3090 1849 3395 1921 ζωοποιοὺς
3458 1849 3656 1926 Λόγους
3714 1848 3937 1925 ἀγνοῶν

2268 1942 2359 1998 καὶ
2380 1939 2700 2005 Ἐκκλησίας
2725 1940 2922 1997 κανόνα
2950 1940 3050 1996 οὐκ
3078 1938 3236 2003 εῗδὼς
3276 1941 3376 2010 τὴν
3423 1943 3522 1995 τοῦ
3570 1935 3942 2000 διδάσκοντος

2273 2030 2554 2102 ἐπιστεύθη
2588 2026 2867 2106 καθέδραν.
2894 2028 3109 2086 Πλάνου
3137 2031 3183 2066 ⁸³
3208 2029 3310 2106 γὰρ
3341 2026 3537 2102 ὁμιλία
3562 2031 3668 2083 τῶν
3703 2026 3946 2083 ἀκουόν-

2265 2141 2375 2176 των
2407 2114 2595 2195 ὅχλων
2627 2116 2838 2193 ἀναιρεῖ
2867 2121 2913 2157 ⁶⁴
2940 2117 3036 2181 τὰς
3075 2116 3280 2193 ψυχάς.

2339 2212 2449 2265 XX.
2498 2208 2651 2261 Ὅθεν
2702 2204 2833 2281 ἐγὼ,
2882 2204 3035 2281 κόριὲ
3082 2226 3189 2279 μου
3236 2199 3479 2277 Ἰάκωϐε,
3530 2201 3693 2260 αὐτοῦ
3749 2207 3937 2260 ταῦτα

2269 2295 2535 2363 εἰπόντος,
2569 2293 2947 2370 ὑποσχόμενος
2983 2293 3083 2349 οὐκ
3111 2292 3328 2365 ὤκνησα
3355 2296 3421 2362 ⁸⁸,
3456 2293 3531 2357 ὡς
3570 2290 3941 2363 ἐκελεύσθην,

2265 2386 2328 2440 τὸ
2357 2383 2500 2440 πολὺ
2530 2389 2636 2438 τῶν
2664 2384 2800 2439 κατά
2829 2382 2990 2439 πόλιν
3023 2382 3201 2458 λόγων
3226 2387 3334 2437 τῶν
3392 2379 3503 2453 ἤδη
3563 2402 3650 2437 σοι
3678 2400 3939 2457 προγρα-

2267 2472 2470 2550 φέντων
2502 2471 2591 2528 καὶ
2640 2473 2728 2527 ὑπ’
2759 2470 2925 2527 αὐτοῦ
2974 2468 3418 2550 διαπεμφθὲντων
3452 2472 3564 2544 (44)
3594 2470 3645 2525 ἐν
3701 2466 3939 2547 βίϐλοις

2269 2561 2355 2617 ἐπὶ
2412 2560 2719 2641 κεφαλ-αίων
2780 2568 3029 2632 ποιῆσαι,
3062 2558 3242 2635 ὥσπερ
3301 2559 3536 2632 σημείου
3592 2557 3777 2635 χάριν,
3827 2560 3935 2615 καὶ

2268 2649 2441 2712 οὕτως
2475 2634 2776 2723 διαπέμψαι
2824 2670 2931 2720 σοι,
2963 2634 3339 2724 ἐπιγράψαντα
3364 2651 3430 2718 ⁸⁸,
3462 2634 3778 2722 Κλήμεντος
3809 2653 3931 2703 τῶν

2267 2739 2476 2813 Πέτρου
2524 2736 2834 2812 ἐπιδημιῶν
2885 2738 3252 2813 κηρυγμάτων
3303 2736 3563 2811 ἐπιτομή.
3611 2735 3790 2811 Πλὴν,
3821 2742 3934 2793 τοῦ

2268 2826 2551 2895 ἐκτιθέναι,
2583 2826 2657 2891 ὡς
2691 2824 3037 2900 ὲκελεῦσθην,
3071 2825 3330 2904 ἄρξομαι,

1755 2994 2336 3055 INTERPRETATIO
2399 2997 2666 3054 RUFINI.

578 3083 721 3141 XIX.
752 3084 822 3139 Et
850 3100 984 3141 cum
1015 3083 1137 3140 haec
1167 3083 1431 3152 dixisset,
1466 3081 1525 3156 in
1558 3081 1771 3153 medio,
1805 3100 2000 3140 coram
2032 3085 2330 3152 omnibus,
2362 3103 2574 3143 manus
2610 3084 2750 3142 mihi
2779 3084 3081 3156 imposuit,
3113 3087 3171 3141 et
3215 3082 3275 3139 in
3320 3084 3598 3141 cathedra
3647 3102 3775 3154 sua,
3823 3084 3930 3142 in-

518 3157 680 3284 genti
710 3156 1059 3212 verecundia
1088 3155 1395 3227 fatigatum
1428 3154 1633 3211 sedere
1663 3171 1755 3210 me
1785 3156 2092 3228 compulit.
2144 3157 2409 3231 Cumque
2452 3159 2759 3224 sedissem,
2800 3154 2919 3212 hac
2969 3158 3040 3213 ad
3092 3173 3185 3213 me
3227 3173 3465 3212 rursum
3509 3156 3739 3212 locutus
3788 3162 3928 3215 est:

571 3243 808 3284 eprecor
836 3232 916 3284 te.
946 3228 1235 3284 Clemens.
1258 3242 1453 3282 coram
1490 3225 1765 3281 omnibus
1798 3226 1896 3284 aui
1924 3233 2231 3284 praesentes
2256 3234 2414 3284 sunt.
2447 3235 2511 3284 ut
2546 3234 2947 3284 oosteaauam.
2993 3229 3146 3284 sicut
3192 3227 3459 3283 naturale
3502 3227 3763 3284 debitum
3805 3236 3928 3284 est.

571 3243 808 3299 eprecor
836 3225 1239 3301 te,_Clemens,_
1258 3225 1765 3301 coram_omnibus
1798 3226 1896 3301 qui
1921 3225 2231 3301 praesentes
2256 3225 2414 3295 sunt,
2447 3235 2511 3284 ut
2546 3234 2947 3301 posteaquam,
2993 3229 3146 3301 sicut
3167 3227 3461 3301 naturale
3493 3227 3763 3301 debitum
3805 3236 3934 3298 est,

519 3297 648 3354 vita:
680 3298 980 3369 praesentis
1012 3299 1188 3354 finem
1215 3299 1425 3362 fecero,
1455 3297 1667 3353 Iacobo
1699 3297 1861 3353 fratri
1896 3298 2120 3353 Domini
2150 3300 2446 3356 describas
2468 3297 2737 3366 breviter,
2766 3297 2853 3355 vel

520 3374 707 3443 ciant,
733 3369 823 3424 vel
854 3369 1028 3425 etiam
1060 3386 1209 3443 quos
1237 3374 1373 3443 ante
1403 3369 1579 3425 fidem
1613 3369 1843 3424 animos
1876 3370 2124 3443 gesseris
2150 3389 2163 3438 ;
2196 3372 2296 3443 sed
2337 3378 2395 3426 et
2424 3370 2674 3443 qualiter
2703 3371 2846 3426 mihi
2871 3388 2903 3425 a

2928 3317 3014 3354 uae
3045 3300 3117 3354 ad
3163 3298 3398 3355 initium
3433 3299 3566 3354 fidei
3619 3303 3734 3355 tuas
3786 3316 3932 3370 spe-

2978 3370 3143 3426 initio
3169 3386 3356 3441 usque
3386 3371 3457 3425 ad
3488 3370 3686 3441 finem,
3719 3387 3930 3428 comes

517 3440 745 3514 itineris
771 3446 832 3514 et
862 3445 1099 3514 actuum
1134 3441 1351 3514 tueris;
1385 3456 1632 3514 quaeque
1679 3457 1790 3514 per
1840 3440 2103 3514 singulas
2160 3442 2422 3499 civitates
2446 3440 2571 3499 'me
2627 3443 2965 3514 disputante
3011 3440 3307 3514 sollicitus
3339 3441 3568 3514 auditor
3586 3442 3927 3514 exceperis;

520 3511 747 3584 quique
767 3512 826 3566 in
859 3511 1369 3584 praedicationibus
1400 3511 1547 3568 meis
1575 3511 1887 3567 verborum
1918 3511 2091 3568 fuerit
2112 3515 2252 3569 ordo
2282 3513 2369 3569 vel
2401 3519 2640 3570 actuum
2666 3532 2680 3581 ;
2715 3511 2815 3568 sed
2845 3518 2903 3568 et
2926 3511 3025 3583 qui
3057 3512 3315 3584 me‘ﬂnis
3353 3512 3413 3567 in
3443 3511 3553 3568 hac
3578 3511 3930 3584 urbe'repe4

511 3582 671 3647 rerit,
704 3582 1022 3658 sicut'dixi,
1056 3583 1257 3658 omnia
1287 3599 1464 3658 quam
1521 3587 1685 3658 potes
1715 3583 2057 3658 brevissime
2086 3585 2526 3658 comprehensa,
2585 3585 2680 3658 ad
2705 3585 2899 3658 ipsum
2930 3582 2988 3658 te
3026 3582 3314 3658 destinare
3370 3599 3488 3639 non
3535 3582 3766 3658 pigeat.
3800 3584 3928 3641 Nec

504 3653 758 3727 verearis
788 3669 859 3709 ne
889 3655 1036 3727 forte
1067 3653 1321 3727 multum
1351 3656 1422 3727 de
1450 3653 1576 3727 meo
1598 3654 1752 3727 exitu
1784 3653 2346 3727 contristandus'sit,
2378 3653 2518 3713 cum
2546 3672 2638 3712 me
2668 3653 2858 3727 id_pro
2890 3654 3099 3727 pietate
3127 3655 3418 3727 sustinere
3466 3653 3582 3727 non
3603 3653 3883 3726 ambigat
3910 3672 3928 3713 :

506 3725 617 3798 erit
647 3725 1500 3798 autemiei‘grande_salatium,
1528 3725 1578 3780 si
1610 3725 1881 3798 didicerit
1911 3727 2073 3798 quod
2105 3732 2234 3798 post
2266 3744 2356 3798 me
2387 3744 2500 3783 non
2534 3725 2838 3796 imperitus
2869 3725 2954 3798 vir
2983 3725 3219 3798 aliquis,
3252 3729 3353 3781 aut
3389 3725 3682 3798 indoctus,
3732 3725 3926 3798 atque

508 3794 1011 3880 ignoransndivipi
1043 3796 1200 3880 verbi
1235 3796 1600 3880 mysterium,
1633 3794 2122 3879 etecclesjastici'
2145 3797 2367 3880 ordinis
2406 3794 2807 3880 disciplinam,
2848 3797 2935 3879 vel
2983 3794 3260 3880 doctrinis
3314 3794 3575 3880 regulam
3608 3794 3927 3880 nesciens,

505 3866 829 3940 susceperit
860 3868 1200 3940 cathedram
1232 3866 1447 3940 meam.
1481 3870 1603 3940 Scit
1631 3866 1785 3940 enirn
1809 3866 1957 3940 quia
1987 3868 2048 3940 si
2068 3867 2341 3940 indoctus
2373 3874 2429 3923 et
2448 3866 2683 3940 inscius
2714 3866 2972 3924 officium
3001 3868 3254 3925 doctoris
3285 3866 3552 3940 accipiat,
3575 3867 3702 3924 sine
3731 3869 3926 3926 dubio

504 3937 780 4063 discipuli
812 3944 868 3993 et
897 3938 1195 3994 auditores
1227 3937 1568 4009 ignorantiae
1595 3937 1854 3992 tonebris
1886 3938 2165 4004 obvoluti,
2197 3939 2257 3994 in
2289 3939 2591 3994 interltum
2623 3941 3058 4012 demergentur.

575 4012 625 4062 X
684 4052 696 4063 .
722 4008 885 4063 Unde
915 4015 973 4063 et
1002 4026 1127 4063 ego.
1161 4008 1241 4063 mi
1273 4008 1508 4063 domine
1534 4007 1771 4063 Jacobe.
1801 4024 1934 4063 cum
1988 4008 2111 4063 haec
2162 4010 2235 4063 ab
2285 4026 2353 4063 eo
2406 4016 2691 4063 praecepta
2738 4011 3058 4063 susceperit

722 4008 885 4064 Unde
915 4015 973 4064 et
1002 4026 1127 4090 ego2
1161 4007 1508 4063 mfdomine
1534 4007 1934 4089 Jacobencum
1988 4008 2111 4065 haec
2162 4010 2235 4065 ab
2285 4026 2353 4065 eo
2406 4016 2691 4135 praecepta
2738 4007 3117 4083 susceperim.
3160 4025 3397 4065 necesse
3438 4008 3619 4066 habui
3673 4007 3930 4083 implere

722 4085 971 4135 usserat.
1005 4080 1273 4134 indicans
1302 4078 1429 4135 tibi.
1462 4084 1520 4134 et
1547 4078 1618 4133 de
1649 4078 1741 4134 his
1774 4078 1919 4135 lDSlS
1951 4078 2151 4135 simul.
2185 4081 2334 4135 etde
2364 4080 2404 4135 il
2433 4082 2482 4135 is
2505 4082 2750 4135 breviter
2778 4081 3301 4135 comnrehendens.
3333 4098 3460 4135 ausa
3504 4097 3610 4135 per
3658 4080 3929 4135 singulas

2433 4098 2448 4136 ι

504 4079 663 4150 quod
688 4081 971 4149 jusserat,
1005 4077 1273 4134 indicans
1302 4078 1429 4146 tibi,
1462 4078 1618 4150 etde
1649 4078 1741 4134 his
1774 4077 1919 4150 ipsis
1951 4078 2151 4145 simul,
2185 4085 2240 4136 et
2263 4081 2334 4136 de
2364 4080 2383 4135 i

2454 4080 2750 4162 s‘breviter
2778 4080 3301 4162 comprehenderis,
3333 4097 3610 4162 quie‘per
3658 4080 3929 4162 singulas

505 4148 782 4224 quasque
813 4150 1370 4224 urbesdigrediens,
1403 4155 1505 4224 aut
1532 4148 1593 4204 in
1624 4148 2055 4224 praedicationis
2088 4168 2360 4224 sermone
2389 4151 2717 4224 protulerit,
2748 4157 2849 4209 aut
2878 4148 2938 4208 in
2968 4157 3269 4224 gestorum
3306 4148 3532 4224 ivirtuté
3562 4148 3878 4224 perfecerit
3907 4172 3924 4220 ;

507 4220 784 4292 quamvis
813 4222 940 4291 tibi,
974 4223 1043 4277 de
1072 4220 1166 4276 bis
1196 4221 1451 4292 plurima
1484 4220 1709 4287 'am,’et
1737 4220 1968 4292 plenius
1999 4228 2131 4277 ante
2161 4220 2474 4295 descripta,
2506 4223 2522 4277 i
2573 4240 2636 4278 so
2658 4224 2902 4293 jubente
2947 4220 3421 4290 transmiserim;
3474 4220 3587 4278 sub
3631 4240 3696 4279 eo
3746 4224 3927 4281 titulo

507 4309 681 4348 auem
740 4292 865 4348 inse
899 4292 1171 4348 praecepit
1200 4293 1379 4348 amni.
1432 4237 1495 4348 id]
1513 4296 1602 4348 est
1629 4292 1944 4348 Clementis
1976 4292 2345 4348 Itinerarium
2396 4241 2824 4348 Praeiiicationis
2876 4295 3049 4348 Petri.
3092 4294 3201 4348 Sed
3254 4299 3313 4348 et
3369 4311 3527 4348 nunc
3574 4295 3693 4348 iam
3740 4311 3925 4348 exuo-

506 4309 681 4362 quem
740 4292 865 4364 ipse
898 4292 1171 4364 praecepit
1200 4293 1379 4364 alligi,
1432 4293 1451 4347 i

505 4379 644 4420 nere
669 4363 794 4437 quae
828 4363 1100 4437 praecepit
1136 4363 1438 4436 incipiam.

1513 4296 1602 4349 est
1629 4292 1944 4349 Clementis
1976 4292 2824 4352 Itinerarium‘Praedicationis
2876 4295 3049 4351 Petri.
3092 4294 3201 4351 Sed
3254 4299 3313 4351 et
3369 4311 3527 4350 nunc
3565 4295 3693 4366 jam
3740 4311 3925 4368 expo-

1853 4444 2097 4501 VARIE
2149 4445 2562 4503 LECTIONES.

575 4532 620 4567 ⁵9
652 4531 888 4618 Planius
942 4532 1093 4618 Ερςι.
1153 4549 1204 4618 c.
1263 4533 1366 4617 1/17
1397 4528 1718 4618 :A’AEu‘ii'cn
1772 4528 1862 4586 ἐπὶ
1915 4532 2129 4618 πάντων
2196 4553 2300 4618 μου
2349 4536 2461 4618 τῶν
2512 4530 2905 4618 συμπαρόντων
2923 4528 3211 4618 οᾶδελφζρν,
3245 4530 3480 4618 ῥτξηνίκα
3533 4536 3648 4618 τοῦ..
3690 4532 3926 4618 ἐνταῆθα

507 4606 752 4679 μεταστῷ
811 4602 956 4679 βίουλ
995 4599 1095 4679 ’ᾡς
1151 4605 1186 4672 ἠ
1232 4606 1340 4679 τοῦ
1398 4599 1531 4679 Θεοί)
1585 4602 1803 4679 κᾷκρικε
1860 4602 2111 4679 πρόνοια,
2151 4599 2341 4679 πάντα
2394 4608 2474 4679 τῷ
2530 4599 3004 4679 κυρίῳ’-’1ακῴϐῳ

3199 4601 3472 4680 ’-ἀδελφῷ
3516 4678 3528 4680 _
3553 4608 3652 4660 τοῦ
3710 4605 3924 4680 Κυρίου

505 4670 609 4744 μου
641 4672 691 4727 ἐν
725 4670 960 4745 ἐπιτομῇ
1016 4670 1455 4747 ἀναγραψάμενον
1487 4670 1812 4747 διαπέμψαι,
1841 4670 1979 4731 κίτ.
2014 4671 2069 4731 λ.
2097 4670 2105 4673 ⁷
2146 4676 2191 4712 ⁶⁰
2220 4673 2278 4730 ἐκ
2305 4670 2496 4735 παιδός
2523 4670 2618 4729 σου
2649 4670 2777 4731 οόά.
2809 4676 2911 4731 8Οᾶ
2940 4670 2995 4731 et
3024 4670 3169 4747 Epit.
3230 4674 3268 4731 l.
3298 4693 3347 4732 c.
3379 4670 3455 4733 Sf
3510 4678 3554 4714 ⁶¹
3616 4682 3704 4733 Ita
3762 4670 3823 4747 0_
3861 4696 3923 4736 c.

501 4742 631 4801 cod.
662 4747 767 4801 804
785 4752 853 4819 et
881 4742 1021 4819 Epit.
1056 4750 1098 4819 I_.
1127 4742 1197 4802 Ῐ..
1227 4742 1467 4819 τδέτὲλει
1500 4746 1561 4819 ο.
1639 4742 2089 4819 δξξῲςπροεῖπον
2123 4763 2241 4803 om.
2273 4748 2336 4803 Ο.
2368 4748 2415 4784 ⁸³
2448 4750 2532 4803 Ita
2559 4748 2632 4804 de
2659 4747 2905 4814 conject.
2937 4742 3201 4819 C,cujus
3233 4752 3425 4805 textus
3456 4755 3510 4806 et
3533 4747 3578 4805 Ο
3608 4749 3738 4807 exh.
3769 4745 3925 4804 πλά-

499 4835 618 4877 νος.
657 4848 726 4860 -—
754 4818 800 4853 5‘
828 4816 1026 4890 ἀναίρει
1056 4817 1116 4875 C.
1192 4819 1237 4854 ⁸⁵
1269 4815 1485 4887 ὀκνήσω
1514 4817 1581 4875 Ο.
1657 4817 1703 4854 ⁶⁶
1734 4814 2037 4892 ἐπιγράψας
2068 4820 2201 4874 cod.
2235 4821 2340 4875 804
2370 4823 2427 4875 et
2450 4819 2597 4891 Epit.
2635 4835 2684 4875 c.
2720 4820 2843 4889 147,
2877 4818 3032 4892 quod
3064 4814 3325 4891 praestat.

1888 4914 2272 4972 VARIORUM
2314 4916 2546 4974 NOTAE.

573 5004 807 5073 (43)Ἐκ
861 5000 1068 5058 παίδων
1125 5024 1242 5060 σου.
1301 5006 1478 5073 Notat
1530 5002 1854 5060 Cotelerius
1908 5004 1966 5060 in
2028 5022 2145 5061 uno

502 5070 701 5130 codice
730 5076 922 5132 GNBCB
952 5076 1151 5132 haberi
1200 5073 1258 5130 ὲκ
1307 5070 1499 5135 παιδός
1552 5093 1669 5129 σου.
1718 5073 1911 5131 Pluris
1970 5078 2146 5132 refert

504 5148 823 5227 expendere
850 5163 967 5218 qua
998 5147 1217 5203 ratione
1247 5145 1378 5201 libri
1409 5146 1880 5227 Recognitionitm,
1909 5148 2009 5229 qui
2032 5149 2142 5203 sub

504 5215 820 5273 Clementis
850 5219 919 5273 ad
951 5219 1239 5274 Jacobum
1268 5218 1508 5272 fratrem
1557 5220 1782 5272 Domini
1830 5218 2142 5274 scribentis

505 5232 820 5273 Clementis
850 5232 919 5273 au
951 5232 1239 5274 Jacobum
1268 5232 1508 5272 Iratrsm
1557 5232 1782 5272 uomini
1830 5232 2144 5276 scribentis

505 5287 738 5359 conficti
770 5294 926 5352 sunt,
958 5287 1651 5359 inchoentur.lncipiunt
1680 5303 1889 5358 nempe
1920 5289 1992 5343 ab
2050 5290 2142 5345 his

504 5356 725 5412 verbis:
760 5362 867 5429 Ego
898 5360 1158 5425 Clemens,
1176 5361 1237 5414 in
1256 5358 1393 5415 urite
1411 5356 1652 5415 Romana
1666 5356 1849 5423 natus,
1871 5374 1942 5414 ea:
1957 5362 2143 5429 prima

502 5430 667 5481 aetate
695 5430 978 5497 pudicitiae
1004 5430 1249 5484 studium
1269 5432 1408 5497 gessi
1424 5446 1446 5492 ;
1474 5429 1605 5484 dum
1631 5445 1718 5484 me
1746 5431 1928 5484 animi
1966 5432 2138 5487 inten.

2253 5005 2559 5079 etc._U_nde
2591 5022 2705 5079 rion
2738 5005 2990 5062 absurde
3021 5005 3264 5079 colligas
3296 5004 3925 5079 pseudo-Clementem

2252 5076 2420 5150 libris
2446 5076 2563 5150 illis
2591 5076 2650 5132 id
2674 5083 2968 5150 praestare,
2999 5076 3362 5150 quod'modo
3385 5078 3753 5150 praecipitur;
3774 5095 3919 5136 cum

2251 5148 2324 5204 ab
2356 5147 2500 5221 ipsis
2530 5147 2789 5221 pueritiae
2820 5147 2956 5204 sua!
2982 5147 3461 5221 cogitationibus
3485 5147 3707 5206 Jacobo
3766 5167 3922 5221 pan-

2252 5219 2460 5275 dendis
2480 5219 2779 5275 exordium
2803 5219 3302 5285 sumat.Quocirca
3323 5219 3925 5279 minimeassentien-

2251 5291 2392 5346 dum
2422 5290 2655 5346 videtur
2686 5290 2913 5354 Ruﬁno,
2944 5290 3044 5361 qui
3076 5289 3380 5357 epistolam
3414 5291 3567 5348 hanc
3598 5292 3777 5350 libris
3810 5294 3920 5351 Re-

2247 5363 2621 5432 cognitionum
2641 5366 2885 5432 tempore
2915 5362 3261 5432 posteriorem
3292 5369 3512 5432 censet.
3548 5362 3727 5419 Cou'r.

2319 5427 2581 5508 (liii)_K_al
2631 5430 2718 5508 θπ⁹
2755 5427 2956 5508 ἀὐτοῦ-
3010 5427 3479 5508 διαπεμφθέντων.
3551 5434 3729 5500 Quasi
3803 5439 3916 5492 Pe-

502 5499 578 5575 tz'o
615 5499 761 5553 velut
788 5501 1022 5575 vinculis
1042 5501 1367 5575 quibusdam
1393 5499 1789 5575 sollicitudinis
1807 5509 1863 5575 et
1889 5504 2140 5575 maeroris
2248 5499 2376 5575 trus
2408 5504 2478 5559 ad
2510 5504 2793 5575 Jacobum
2828 5502 3087 5558 misisset
3120 5499 3421 5562 sermones
3454 5508 3513 5560 et
3543 5499 3714 5560 actus
3744 5522 3914 5575 suos,

503 5570 770 5624 innexum
808 5574 1028 5641 teneret.
1063 5572 1244 5627 Inerat
1267 5573 1418 5626 enim
1456 5570 1594 5625 mihi
1640 5572 1894 5640 cogitatio
1939 5572 2138 5641 (inccr-

2248 5574 2356 5630 hoc
2386 5579 2496 5641 est,
2522 5574 2738 5629 librum
2771 5574 2965 5629 forsan
3022 5576 3272 5631 Acluum
3315 5583 3369 5633 et
3420 5574 3912 5635 dissertationum

500 5647 618 5695 tum
643 5656 778 5696 sane
807 5639 949 5694 unde
978 5640 1602 5721 initiumhsumpsmt);
1640 5639 1828 5721 crearo
1873 5639 2024 5721 enim
2066 5646 2140 5699 ad
2245 5645 2419 5721 Betri,
2450 5639 2714 5721 eumqui
2745 5662 2780 5701 a
2809 5645 3015 5701 Photio
3061 5646 3311 5721 inveniri
3338 5664 3475 5721 anon
3523 5647 3738 5721 potuit.
3792 5652 3908 5707 Sed

500 5726 820 5768 memoriam
849 5726 1028 5766 meam
1056 5710 1425 5766 conditionem
1449 5710 1813 5767 mortalitatis
1840 5711 2134 5786 adducens,

2246 5715 2494 5772 Rufinus
2524 5715 2720 5774 solens
2750 5732 2910 5773 more
2940 5733 3047 5773 suo
3076 5717 3292 5776 turbat.
3333 5719 3419 5774 Id.
