4100 6334
406 324 484 385 59
1232 325 1295 386 S.
1344 324 1787 387 CLEMENTIS
1830 326 1854 386 Ι
1900 325 2091 387 ROM.
2135 325 2365 387 PONT.
2411 323 2672 386 OPERA
2714 322 2981 385 DUBlA.
3728 317 3813 377 (Ο

410 471 603 511 sermo
632 456 702 511 de
752 455 1124 528 mortalitate,
1154 456 1340 514 tristis
1386 474 1543 514 eram
1579 474 1591 514 :
1627 458 1816 531 magis
1859 467 2053 514 autem

2173 455 2354 512 ενόουν
2426 454 2508 511 ὅτι
2566 456 2622 510 αἱ
2680 452 2829 526 δόξαι
2910 457 3019 509 τῶν
3082 451 3380 510 ὖποθὲσεων
3456 450 3603 528 παρᾶ
3676 451 3809 513 τοὺς

414 562 618 600 rursus
652 545 914 601 animum
949 546 1403 618 despondebam,
1438 548 1592 620 quod
1627 552 1896 602 neutrum
1928 565 2057 619 pos-

410 651 532 690 sem
567 634 747 689 menti
772 651 909 689 meae
931 634 1416 706 inﬁgerezverum
1435 637 1775 708 reputabam
1801 653 2054 703 mecum,

411 724 735 779 sententias
782 724 1305 779 controversiarum
1338 742 1440 797 pro
1471 725 1692 781 viribus
1724 742 2055 798 propugna-

408 819 601 868 torum
637 829 797 869 veras
830 818 929 866 aut
959 813 1137 868 falsas
1166 813 1505 881 existimari,
1536 832 1650 869 non
1684 820 1876 870 autem
1911 814 2055 871 tales

406 900 608 965 videri,
641 899 845 972 quales
875 918 1072 956 revera
1116 908 1272 957 sunt.
1305 902 1436 956 Jam
1468 901 1647 973 igitur
1689 904 2054 958 animadver-

404 993 532 1044 tens
564 988 1141 1060 comprehensionem
1181 1006 1292 1043 non
1342 989 1479 1044 oriri
1526 1007 1594 1044 ex
1627 991 1800 1046 rebus
1833 991 1903 1045 ad
1936 989 2055 1062 agi-

400 1079 646 1132 tandum
690 1077 1024 1149 propositis,
1058 1078 1157 1133 sed
1209 1095 1310 1150 pro
1362 1078 1592 1149 ingenio
1623 1077 2053 1151 disputantium

401 1167 578 1222 statui
611 1167 909 1237 dogmata,
954 1166 1146 1222 adhuc
1195 1168 1382 1239 magis
1412 1167 1572 1222 hisce
1619 1168 1689 1222 de
1721 1168 1896 1222 rebus
1924 1184 2053 1238 per-

400 1255 604 1327 plexas
634 1257 923 1310 haerebam
960 1271 973 1308 :
1008 1272 1186 1326 quare
1218 1273 1285 1310 ex
1309 1256 1519 1310 animae
1545 1256 1834 1327 profundo
1861 1272 2054 1327 geme-

403 1346 534 1400 bam
563 1362 576 1413 ;
611 1360 799 1416 neque
821 1344 977 1399 enim
1014 1349 1272 1416 poteram
1294 1345 1445 1399 ﬁrmi
1478 1344 1697 1415 aliquid
1721 1345 2049 1419 decernere,

405 1449 591 1504 neque
640 1433 709 1488 de
757 1433 887 1488 istis
937 1431 1390 1488 sollicitudinem
1439 1432 1699 1488 valebam
1742 1433 2049 1506 depellere,

403 1522 534 1592 etsi,
580 1522 1078 1594 quemadmodum
1130 1520 1247 1577 dixi
1296 1526 1485 1587 antea,
1518 1522 1576 1577 id
1626 1522 1871 1592 vellem;
1907 1540 2052 1595 quo-

403 1610 583 1681 niam,
618 1628 751 1666 cum
801 1609 943 1665 mihi
996 1611 1328 1681 frequenter
1374 1611 1628 1682 quietem
1678 1610 2046 1684 imperarem,

403 1699 597 1755 nescio
630 1716 744 1771 quo
768 1699 941 1754 modo
971 1697 1219 1754 latenter
1238 1698 1447 1754 horum
1480 1716 1614 1755 cum
1637 1699 1929 1772 voluptate
1955 1716 2050 1756 su-

399 1788 564 1844 bibat
594 1804 685 1843 ms
712 1787 1003 1860 cogitatio.

472 1881 567 1931 lV.
603 1881 671 1933 Et
701 1876 913 1933 iterum
938 1876 1213 1933 haesitans
1244 1876 1506 1933 dicebam
1540 1877 1694 1950 apud
1728 1894 1819 1934 me
1850 1895 1862 1934 :
1898 1877 2048 1943 Quid

398 1966 653 2024 inaniter
681 1965 901 2038 laboro,
935 1982 1070 2021 cum
1119 1965 1431 2022 manifesta
1477 1966 1554 2022 sit
1591 1967 1738 2023 res?
1786 1967 1948 2034 Quod
1997 1967 2048 2024 si

400 2055 635 2127 quidem
669 2060 800 2126 post
830 2059 1076 2110 mortem
1108 2072 1220 2110 non
1265 2072 1384 2123 ero,
1418 2072 1595 2124 nunc,
1627 2057 1859 2128 quando
1890 2074 2044 2125 sum,

401 2143 734 2200 contristari
768 2159 859 2198 me
889 2160 1004 2199 non
1036 2148 1279 2216 oportet.
1325 2144 1604 2210 Quocirca
1644 2144 1945 2201 tristitiam
1976 2146 2047 2201 ad

399 2232 568 2289 illum
601 2232 753 2287 diem
776 2232 1171 2303 rcservaho,in
1202 2250 1333 2303 quo,
1354 2249 1487 2288 cum
1512 2233 1744 2289 futurus
1768 2250 1882 2289 non
1911 2234 2045 2304 sim,

402 2339 517 2379 non
568 2321 975 2376 contristahor.
1026 2321 1083 2375 Si
1133 2326 1329 2376 autem
1381 2337 1497 2390 ero,
1544 2339 1649 2378 cur
1692 2340 1848 2379 nunc
1906 2323 2049 2379 mihi

403 2410 700 2483 superfluo
730 2409 881 2465 inest
909 2409 1195 2465 tristitia?
1224 2410 1551 2483 Statimque
1582 2416 1783 2483 postea
1813 2411 1927 2468 alia
1959 2430 2051 2469 me

402 2500 584 2556 subiit
616 2498 909 2570 cogitatio.
934 2497 1206 2554 Dicebam
1240 2498 1711 2572 quippezAnnon
1742 2500 1860 2557 illic
1882 2503 2052 2574 pejus

404 2588 707 2662 quidpiam
739 2605 805 2643 eo
836 2587 993 2659 quod
1017 2604 1109 2643 me
1131 2605 1285 2644 nunc
1317 2589 1558 2659 cruciat,
1580 2607 1863 2661 passurus
1893 2608 2049 2664 sum,

404 2679 453 2734 si
484 2677 577 2750 pie
609 2692 725 2732 non
770 2676 986 2744 vixero,
1020 2693 1084 2731 ac
1129 2678 1453 2733 secundum
1502 2679 1890 2749 quorumdam
1925 2679 2052 2751 phi-

402 2766 783 2838 losophorum
814 2781 1114 2821 sermones
1165 2764 1703 2839 Pyriphlegethonti
1734 2769 2054 2825 tradendus

404 2873 537 2913 sum
559 2859 615 2911 et
639 2855 902 2922 Tartaro,
918 2856 1413 2925 quemadmodum
1441 2856 1725 2928 Sisyphus
1741 2856 1828 2913 vel
1850 2856 2053 2930 Tityus

402 2944 492 3000 vel
526 2945 686 2999 Ixion
718 2941 807 2998 vel
853 2942 1158 3013 Tantalus,
1191 2948 1366 3015 atque
1397 2945 1456 2998 in
1503 2944 1730 3001 inferno
1770 2949 2053 3002 aeternum

404 3032 614 3106 puniar
633 3032 660 3087 ?
688 3036 1021 3103 lterumque
1046 3031 1398 3103 replicabam
1426 3033 1780 3089 dicens:Sed
1804 3034 1915 3089 ista
1937 3052 2053 3091 non

406 3127 565 3178 sunt.
600 3126 942 3192 Rursusque
993 3121 1218 3176 aiebam
1255 3138 1267 3176 :
1300 3124 1374 3176 At
1403 3122 1450 3177 si
1481 3128 1640 3178 sunt.
1674 3123 1818 3179 Cum
1852 3123 2049 3196 igitur,

408 3210 768 3281 inquiebam,
800 3210 1022 3264 incerta
1050 3226 1141 3265 res
1168 3210 1263 3275 sit,
1298 3209 1481 3265 multo
1512 3211 1700 3284 magis
1719 3194 2056 3284 extra'peri-
2084 3194 2128 3262 C

410 3299 607 3355 culum
638 3303 726 3354 est
756 3298 847 3369 pie
871 3314 963 3354 me
994 3298 1203 3355 vivere.
1236 3300 1304 3354 Et
1332 3316 1444 3371 quo
1473 3305 1639 3371 pacto
1658 3300 1906 3371 justitiae
1925 3318 2058 3374 gra-

409 3387 513 3455 tia,
546 3388 616 3443 ad
649 3388 932 3445 incertam
988 3387 1303 3459 respiciens
1334 3404 1524 3461 spem,
1555 3393 1752 3461 potero
1800 3392 2059 3463 corporis

411 3476 744 3547 voluptates
775 3475 1201 3547 comprimere?
1232 3477 1339 3532 Sed
1373 3493 1477 3532 nec
1509 3476 1791 3549 quidnam
1824 3479 1900 3534 sit
1921 3482 2057 3550 jus-

411 3567 539 3620 tum
570 3564 686 3620 Deo
712 3568 1037 3635 acceptum,
1060 3563 1227 3636 plene
1249 3567 1702 3639 certoquemovi,
1726 3584 1829 3623 nec
1860 3572 2057 3623 utrum

414 3653 609 3711 anima
645 3652 996 3709 immortalis
1027 3653 1103 3709 sit
1149 3670 1456 3727 cognosco,
1491 3672 1565 3712 an
1616 3656 1921 3713 mortalis:
1955 3673 2055 3712 ne-

414 3758 527 3814 que
559 3741 677 3798 ulla
706 3746 862 3798 certa
908 3742 1056 3797 ratio
1102 3742 1416 3813 invenitur,
1450 3760 1640 3816 neque
1689 3745 1799 3801 hos
1845 3745 2060 3802 mentis

414 3834 611 3886 motus
640 3831 843 3886 sedare
873 3846 1136 3901 possum.

493 3919 553 3972 V.
588 3920 734 3985 Quid
773 3919 956 3992 igitur
988 3936 1082 3975 me
1130 3920 1320 3976 facere
1366 3922 1611 3991 oportet,
1647 3920 1759 3977 nisi
1811 3920 1969 3978 hoc?
1997 3926 2062 3977 In

416 4007 729 4079 [Egyptum
763 4007 1118 4078 proﬁciscar,
1142 4012 1198 4063 et
1228 4007 1533 4080 adytorum
1564 4007 1965 4082 hierophantis
1996 4027 2063 4066 ac

416 4096 718 4170 prophetis
746 4096 970 4153 amicus
1018 4097 1258 4167 efficiar,
1292 4113 1578 4169 magoque
1609 4099 1853 4167 quaesito
1886 4104 1945 4155 et
1974 4100 2063 4156 in-

416 4191 585 4240 vento
618 4184 806 4240 multa
836 4186 1083 4257 pecunia
1111 4186 1491 4257 persuadebo,
1526 4191 1591 4241 ut
1621 4187 1829 4242 anima:
1859 4205 2064 4245 evoca-

415 4273 658 4341 tionem,
693 4291 870 4346 quam
919 4275 1377 4332 necromantiam
1429 4280 1657 4344 vocant,
1700 4276 1894 4347 faciat,
1941 4282 2065 4335 tan-

419 4379 597 4436 quam
624 4363 890 4420 videlicet
908 4380 1013 4436 ego
1046 4365 1115 4419 de
1146 4363 1341 4436 aliquo
1366 4364 1599 4437 negotio
1631 4364 1896 4422 scisciter
1919 4384 1932 4422 :
1956 4367 2067 4424 erit

420 4457 613 4508 autem
668 4452 1067 4525 interrogatio,
1112 4459 1177 4509 ut
1225 4454 1449 4510 discam
1499 4457 1694 4510 utrum
1745 4456 1943 4513 anima
1990 4457 2068 4513 sit

420 4541 790 4598 immortalis.
814 4543 887 4597 At
918 4542 1222 4615 responsio
1254 4542 1465 4598 animas
1486 4543 1558 4598 de
1587 4560 1694 4599 sua
1716 4543 2063 4601 immortali-
2096 4566 2142 4631 Β

418 4632 537 4685 tate
566 4648 681 4686 non
712 4647 781 4686 ex
810 4629 1044 4703 loquela
1087 4631 1273 4703 ipsius
1320 4634 1422 4687 aut
1450 4646 1582 4688 mea
1629 4633 1927 4689 auditione
1956 4634 2067 4691 erit

421 4717 565 4775 mihi
597 4724 912 4792 comperta,
945 4720 1045 4777 sed
1095 4737 1164 4777 ex
1210 4718 1336 4777 sola
1382 4719 1640 4793 visione;
1672 4725 1736 4777 ut
1782 4721 1873 4779 his
1920 4721 2065 4795 ipsis

2167 543 2508 607 ἐκδικοῦντας
2597 541 2813 619 ψευδεῖς
2893 543 2928 613 ἢ
3007 542 3230 613 ἀληθεῖς
3308 536 3810 615 ὑπολαμϐάνονται,

2163 634 2252 690 καὶ
2294 634 2404 710 οὐχ
2434 634 2507 697 ὡς
2561 627 2778 709 ἔχουσιν
2832 631 3087 703 ἀληθείας
3135 631 3429 709 φαίνονται.
3480 632 3809 700 Ἔπιστήσας

2164 723 2255 778 οὗν
2288 720 2397 793 ἤδη
2453 722 2586 777 ποτὶ
2633 721 2716 777 ὅτι
2747 721 2810 777 οὐ
2839 720 2983 797 παρᾶ
3008 721 3102 783 τὰς
3137 718 3516 793 ἐκδικουμένας
3546 722 3643 778 27
3680 719 3811 774 ὑπο-

2165 814 2333 890 θεσεις
2381 814 2416 882 ἡ
2464 810 2772 884 κατάληψις
2816 809 3044 885 γίνεται,
3088 807 3232 864 ἀλλὰ
3290 808 3432 883 παρᾶ
3486 807 3613 870 τοὺς
3665 806 3808 862 ἐκδι-

2161 898 2386 963 κοῦντας
2417 901 2470 956 αἱ
2503 897 2648 971 δόξαι
2680 897 3042 978 ἀποφέρονται
3073 900 3139 968 ⁷⁷,
3198 892 3274 952 ἔτι
3307 896 3517 971 μᾶλλον
3552 896 3804 973 ἰλιγγιῶν

2163 990 2213 1045 ἐν
2278 994 2396 1052 τοῖς
2460 988 2794 1064 πράγμασιν.
2850 987 2943 1043 Διὸ
3002 986 3063 1043 ἐκ
3115 990 3211 1042 τοῦ
3239 993 3339 1056 τῆς
3375 989 3560 1062 ψυχῆς
3612 987 3807 1061 βάθους

2163 1078 2459 1148 ἐστέναζον·
2520 1076 2643 1133 οὕτε
2691 1078 2794 1153 γάρ
2842 1098 2896 1131 τι
2948 1071 3240 1153 βεϐαιῶσαι
3282 1074 3395 1137 οἷός
3451 1077 3498 1130 τ’
3539 1078 3582 1113 ⁷⁸
3630 1076 3805 1147 ἢμην,

2163 1166 2288 1224 οὔτε
2334 1170 2435 1238 τὴν
2479 1171 2586 1222 τῶν
2633 1166 2896 1222 τοιούτων
2944 1162 3199 1244 φροντίδα
3256 1162 3637 1219 ἀποσείσασθαι
3688 1162 3809 1219 ἐδυ-

2162 1256 2363 1331 νάμην,
2414 1255 2607 1327 καίπερ
2662 1254 3020 1331 βουλόμενος,
3070 1254 3145 1317 ὡς
3175 1256 3224 1291 ⁷⁸
3250 1252 3449 1332 φθάσας
3474 1253 3621 1307 εἶπον
3649 1271 3661 1284 '
3723 1252 3809 1308 ὅτι

2163 1343 2382 1419 ἐμαυτῷ
2431 1342 2760 1420 πυκνότερον
2802 1343 3096 1419 ἡσυχάζειν
3130 1341 3526 1408 ἐπιτάσσοντος,
3576 1341 3674 1398 οὐκ
3704 1339 3809 1396 οἶδ’

2161 1432 2310 1495 ὅπως
2334 1434 2380 1469 ⁸ο
2428 1430 2799 1493 λανθανόντως
2852 1432 2969 1505 μεθ’
3015 1426 3217 1501 ἡδονῆς
3249 1429 3277 1484 ὁ
3308 1432 3413 1483 τῶν
3443 1428 3701 1483 τοιούτων
3740 1448 3808 1501 με

2160 1522 2277 1593 εἱσή
2288 1540 2452 1599 ρχετο
2484 1519 2772 1599 λογισμός.

2226 1876 2323 1935 VI.
2354 1871 2457 1931 Καὶ
2485 1870 2650 1930 πάλιν
2679 1871 3057 1947 ἀπορούμενος
3089 1870 3273 1950 ἔλεγον
3309 1870 3548 1947 ἐμαυτῷ·
3600 1871 3661 1926 Τί
3696 1892 3805 1944 μα-

2157 1968 2451 2037 ταιοπονῶ,
2506 1967 2706 2042 σαφοῦς
2755 1961 2909 2026 ὄντος
2939 1965 3036 2018 τοῦ
3067 1960 3426 2039 πράγματος;
3485 1960 3567 2016 ὅτι
3600 1958 3645 2015 εἷ
3705 1959 3801 2033 μὶν

2160 2054 2331 2110 θανὼν
2364 2049 2464 2109 οὕκ
2492 2051 2628 2125 εἷ’μι,
2658 2049 2745 2106 νῦν
2784 2051 2911 2107 ὄντα
2944 2072 3011 2125 με
3041 2048 3414 2106 λυπεῖσθαιοῦ
3444 2056 3714 2124 προσῆκεν
3738 2051 3809 2106 ⁸¹.

2162 2142 2256 2199 Διὸ
2301 2144 2530 2219 τηρήσω
2574 2142 2638 2197 τὸ
2686 2138 2969 2196 λυπεῖσθαι
3020 2138 3097 2202 εἷς
3135 2140 3236 2209 τὴν
3291 2139 3434 2209 τότε,
3485 2138 3574 2194 ὅτε
3604 2138 3703 2193 οὐκ
3732 2136 3806 2191 ὥν

2161 2232 2223 2289 οὗ
2268 2230 2684 2305 λυπηθήσομαι.
2738 2229 2802 2285 Εἰ
2853 2228 2898 2284 δ’
2945 2230 3047 2307 ἄρα
3096 2228 3232 2302 εἰμὶ,
3264 2227 3317 2284 τί
3346 2232 3434 2283 νῦν
3470 2227 3528 2283 ἐκ
3556 2231 3815 2302 περισσοῦ

2165 2343 2259 2396 μοι
2302 2320 2555 2398 πρόσεστι
2599 2320 2662 2375 τὸ
2705 2316 3024 2388 λυπεῖσθαι;
3076 2317 3178 2375 Καὶ
3229 2316 3429 2382 εὐθέως
3480 2316 3614 2391 μετὰ
3651 2320 3817 2371 τοῦτο

2157 2406 2341 2487 ’ὲτερός
2377 2430 2445 2484 με
2475 2408 2643 2483 εἰσῄει
2695 2406 2983 2485 λογισμός.
3035 2404 3265 2482 Ἔλεγον
3312 2408 3435 2484 γάρ.
3468 2407 3555 2476 Μή
3594 2404 3647 2461 τί
3676 2407 3725 2442 ⁸2
3754 2425 3818 2480 γε

2157 2505 2256 2556 τοῦ
2303 2505 2396 2554 νῦν
2446 2521 2513 2573 με
2564 2497 2865 2561 λυποῦντος
2920 2496 3032 2552 ἐκεῖ
3080 2501 3271 2572 χεῖρον
3313 2496 3499 2550 παθεῖν
3532 2492 3669 2569 ἔχω,
3731 2495 3809 2566 μή

2166 2585 2452 2667 βεϐιωκὼς
2502 2583 2756 2658 εὐσεϐῶς,
2809 2584 2898 2642 καὶ
2962 2583 3415 2662 παραδοθήσομαι
3480 2586 3594 2639 κατ’
3654 2583 3811 2638 ἐνίων

2163 2673 2476 2757 φιλοσόφων
2516 2673 2718 2751 λόγους
2774 2672 3231 2753 Πυριφλεγέθοντι
3278 2674 3369 2730 καὶ
3414 2673 3680 2749 Ταρτάρῳ
3738 2672 3814 2735 ὡς

2164 2767 2400 2845 Σίσυφος
2460 2765 2488 2819 ύ
2544 2764 2731 2827 Τίτυὸς
2762 2766 2809 2801 ⁸³
2859 2766 2895 2835 ἢ
2928 2764 3098 2838 Ἰξίων
3147 2764 3182 2834 ἢ
3214 2762 3509 2833 Τάνταλος,
3566 2761 3657 2816 καὶ
3689 2759 3811 2815 ἔσο-

2167 2878 2261 2932 μαι
2290 2856 2339 2910 ἐν
2369 2852 2497 2927 ᾇδου
2515 2853 2607 2909 τὸν
2630 2854 2799 2908 αἰῶνα
2819 2852 3021 2923 κολαζό
3032 2870 3226 2923 μενος;
3252 2851 3422 2908 Πάλιν
3444 2852 3491 2888 ⁸⁸
3509 2871 3567 2905 τε
3588 2848 3815 2905 ἀνθυπέ-

2164 2966 2346 3025 φερον,
2379 2943 2575 3021 λὲγων.
2607 2942 2767 3000 Ἀλλ’
2797 2942 2893 2998 οὐκ
2925 2937 3037 2997 ἔστι
3064 2941 3356 2998 memmi
3386 2938 3550 2995 πάλιν
3584 2937 3772 3012 ἔλεγον
3799 2958 3812 2973 ⁸

2163 3034 2227 3091 Et
2258 3031 2315 3089 δὲ
2346 3029 2485 3089 ἔστιν
2512 3051 2526 3103 ;
2557 3029 2802 3103 Ἀδήλου
2822 3032 2867 3069 ⁸⁵
2898 3029 2986 3086 οὖν
3021 3026 3169 3094 ὄντος
3217 3034 3315 3085 τοῦ
3342 3028 3662 3105 πράγματος
3694 3025 3819 3083 ἔλε-

2163 3145 2280 3200 γον,
2339 3119 2747 3194 ἀκινδυνότερόν
2799 3120 2908 3176 ἐστι
2962 3118 3176 3194 μᾶλλον
3227 3112 3459 3180 εὐσεϐῶς
3497 3113 3691 3172 ϐιῶσαί
3726 3137 3811 3189 με.

2165 3211 2265 3266 Καὶ
2312 3216 2430 3273 πῶς
2482 3213 2583 3270 28
2632 3208 2933 3283 δυνήσομαι
2977 3213 3074 3264 τοῦ
3117 3206 3326 3263 δικαίου
3359 3204 3541 3283 χάριν,
3574 3208 3649 3268 εἰς
3680 3203 3816 3273 ἁδη-

2168 3298 2264 3356 λον
2299 3298 2495 3356 ἐλπίδα
2524 3301 2765 3378 ἀφορῶν,
2793 3303 2900 3353 τῶν
2926 3301 3025 3353 τοῦ
3055 3298 3307 3371 σώματος
3329 3301 3542 3372 κρατεῖν
3563 3292 3776 3365 ἡδονῶν
3800 3313 3816 3365 ;

2169 3388 2328 3446 Ἀλλ’
2356 3387 2481 3445 οὗδέ
2508 3388 2561 3444 τί
2591 3388 2723 3444 ποιέ
2756 3386 2867 3443 ἐστι
2898 3384 3103 3442 δίκαιον
3137 3384 3359 3462 ἅρεσκον
3382 3387 3426 3422 ⁸⁵
3456 3388 3571 3457 Θεῷ
3597 3381 3819 3455 πεπλη-

2170 3478 2509 3557 ροφόρημαι,
2557 3474 2681 3533 οὔτε
2730 3475 2775 3531 εἶ
2823 3478 2858 3546 ἡ
2909 3477 3062 3552 ψυχὴ
3098 3475 3356 3537 ἀθάνατος
3385 3474 3420 3544 ἢ
3454 3474 3622 3545 θνητὴ
3650 3474 3822 3550 γινώο

2170 3586 2303 3623 σκωο
2364 3566 2490 3622 οὕτε
2537 3586 2620 3628 τις
2649 3563 2815 3641 λόγος
2861 3560 3079 3642 βέϐαιος
3110 3564 3405 3640 εὑρίσκεται
3439 3561 3560 3618 οὔτε
3585 3566 3691 3618 τῶν
3721 3583 3821 3617 το-

2175 3655 2367 3713 ιούτων
2400 3655 2687 3732 λογισμῶν
2719 3653 3012 3731 ἡσυχάζειν
3047 3651 3300 3727 δύναμαι.

2241 3924 2309 3980 ν.
2357 3922 2419 3977 Τί
2470 3922 2561 3978 οὗν
2611 3922 2724 3999 χρὴ
2774 3925 2949 3976 ποιεῖν
2997 3920 3033 3990 ἢ
3080 3923 3247 3975 τοῦτο
3278 3921 3361 3990 ⁸’¹;
3421 3919 3515 3981 Εἷς
3544 3916 3821 3994 Αἴγυπτον

2171 4012 2535 4089 πορεὺσομαι,
2593 4012 2684 4067 καὶ
2740 4014 2857 4072 τοῖς
2906 4014 3012 4065 τῶν
3062 4006 3272 4064 ἀδύτων
3307 4008 3645 4086 ἱεροφάνταις
3694 4028 3753 4061 τε
3780 4010 3824 4045 ⁸⁸

2171 4101 2260 4156 καὶ
2292 4102 2600 4177 προφήταις
2652 4096 3089 4179 φιλιωθήσομαι,
3137 4097 3228 4152 καὶ
3260 4096 3431 4172 μάγον
3467 4098 3702 4167 ζητήσας
3726 4096 3824 4155 καὶ

2173 4189 2347 4264 εὑρὼν
2377 4192 2628 4266 χρήμασι
2658 4186 2898 4250 πολλοῖς
2927 4187 3098 4243 πείσω
3130 4185 3280 4248 ὅπως
3337 4187 3520 4261 ψυχῆς
3572 4186 3820 4256 ἀναπομ-

2172 4278 2305 4348 πήν,
2356 4279 2455 4348 τήν
2507 4276 2807 4355 λεγομένην
2857 4274 3270 4354 νεκρομαντείαν
3302 4276 3348 4311 ⁸ο
3394 4275 3616 4347 ποιήσῃ,
3688 4271 3825 4345 ἐμοῦ

2174 4366 2249 4430 ὡς
2279 4367 2403 4443 περὶ
2450 4366 2768 4444 πράγματός
2812 4385 2961 4427 τινος
3004 4362 3433 4437 πυνθανομένου⁶
3481 4363 3516 4433 ἧ
3551 4358 3608 4416 δὲ
3637 4365 3827 4425 πεῦσις

2174 4451 2321 4512 ἔσται
2350 4456 2473 4533 περὶ
2502 4460 2602 4511 τοῦ
2635 4456 2820 4529 μαθεῖν
2850 4453 2896 4509 εἰ
2929 4454 3186 4515 ἀθάνατος
3217 4452 3253 4521 ἡ
3284 4452 3460 4526 ψυχή.
3501 4451 3566 4505 Ἦ
3618 4446 3676 4505 δὲ
3721 4456 3823 4519 τῆς

2172 4547 2359 4622 ψυχῆς
2410 4544 2715 4621 ἀπόκρισις,
2788 4542 2871 4599 ὅτι
2930 4540 3189 4604 ἀθάνατός
3248 4539 3414 4608 ἐστιν,
3470 4538 3568 4594 οὐκ
3626 4538 3686 4593 ἐκ
3724 4543 3826 4594 τοῦ

2175 4631 2416 4704 λαλῆσαι
2448 4634 2484 4705 ἢ
2534 4632 2624 4689 καὶ
2657 4633 2882 4688 ἀκοῦσαι
2930 4628 3074 4686 ἔσται
3106 4632 3151 4667 ⁹⁰
3209 4649 3304 4701 μοι
3334 4627 3558 4703 γνῶναι,
3590 4623 3718 4682 ἀλλ’
3765 4625 3828 4681 ἐκ

2172 4727 2270 4779 ’τοῦ⁹
2299 4722 2534 4803 ἁφθῆναι
2571 4720 2758 4798 μόνον,
2789 4720 2895 4793 ἳνα,
2924 4718 3110 4782 αὐτοῖς
3142 4716 3448 4798 ὀφθαλμοῖς
3480 4713 3609 4771 ἰδὼν
3631 4714 3826 4787 αὐτὴν,

1779 4892 2015 4951 VARIIE
2054 4892 2466 4952 LECTIONES.

488 5018 535 5096 "_7
563 5017 668 5074 Hic
724 5034 959 5096 quoque
991 5017 1327 5096 ~legendum
1352 5018 1469 5096 _est
1523 5013 1933 5096 ᾇποφαίνονται,
1995 5019 2231 5096 υι-Ερίι.
2290 5035 2417 5096 cap.
2454 5017 2502 5096 _3
2539 5020 2615 5096 ρ.
2691 5013 3247 5096 "_cé_C._Subinde
3302 5007 3430 5067 οὐδέ
3458 5028 3561 5096 pro
3594 5006 3717 5065 οὔτε

419 5087 568 5165 ¹’σ-ὡς
598 5106 714 5165 om.
739 5084 817 5165 '0,
861 5084 935 5126 ’⁸ο
959 5084 1226 5165 οἷδάνπως
1257 5088 1501 5165 CLTum
1647 5084 1750 5161 ’μοι
1798 5107 1856 5165 p,
1913 5084 1981 5163 με
2006 5158 2021 5165 Δ
2050 5091 2093 5126 ⁸⁸
2128 5084 2400 5165 ξπροσῆξιὲι
2446 5091 2587 5165 Epit.
2638 5105 2690 5145 ο.
2742 5088 2807 5165 4_._
2848 5089 3117 5165 Fortasse
3157 5084 3233 5147 εἷς
3248 5086 3574 5165 Ατηνιξιαΰτα

419 5090 464 5134 '9
494 5087 568 5150 ὡς
598 5106 714 5145 om.
739 5079 813 5147 Ὁ.
861 5079 935 5126 ’⁸ο
959 5079 1226 5150 οἷδάνπως
1257 5088 1322 5145 C.
1352 5088 1501 5144 Tum
1536 5088 1616 5146 id.
1647 5079 1750 5161 ’μοι
1798 5107 1856 5162 p.
1913 5079 1981 5163 με
2050 5091 2093 5126 ⁸⁸
2128 5079 2400 5165 προσήκει
2446 5091 2587 5162 Epit.
2638 5105 2690 5145 ο.
2742 5088 2796 5145 4.
2848 5089 3117 5145 Fortasse
3157 5084 3233 5147 εἷς
3276 5079 3574 5155 τηνικαῦτα
3672 5124 3684 5136 .
3746 5079 3827 5142 εἷς

416 5160 519 5216 civ
571 5158 696 5214 τότε
749 5162 863 5217 Cfr.
924 5164 1068 5233 Epit.
1125 5160 1165 5216 l.
1225 5177 1274 5215 ο.
1310 5159 1370 5215 S.
1447 5160 1494 5194 ⁸³
1552 5156 1742 5235 ἔλεγον
1835 5160 1899 5234 ἂρ
1977 5158 2024 5215 εἷ
2066 5161 2142 5234 μή
2184 5167 2242 5218 Ο.
2318 5162 2365 5201 ⁸³
2417 5160 2609 5223 Τίτυος
2633 5165 2691 5217 C.
2767 5160 2814 5195 ⁸⁸
2842 5158 2932 5213 καὶ
2959 5155 3125 5213 πάλιν
3154 5176 3215 5211 τε
3242 5156 3306 5213 0.
3383 5156 3430 5191 ⁸³
3461 5153 3523 5209 οὐ
3557 5150 3585 5208 δ
3626 5098 3733 5209 λου
3762 5154 3827 5209 G.

419 5196 708 5280 ⁸⁶⁴δίκαιον
754 5231 843 5280 καὶ
876 5227 1097 5280 ἄθεα-κον
1130 5235 1187 5280 C.
1223 5232 1266 5267 ⁸⁷
1321 5229 1686 5280 Schweglarn
1717 5181 1922 5280 invxltn,
1953 5232 2034 5280 ita
2093 5233 2620 5280 internunctinnem
2678 5231 2922 5280 mutavi-
2982 5247 3098 5280 non
3136 5228 3320 5280 invita
3375 5226 3568 5280 indole
3590 5155 3827 5280 τίίηαυω

419 5226 719 5306 “Statorio:
749 5231 843 5306 mi
876 5226 1097 5306 ἅρέσκον
1130 5235 1187 5287 C.
1223 5232 1266 5267 ⁸⁷
1321 5226 1686 5306 Sch_weglero
1717 5226 1935 5306 invito:
1953 5232 2035 5288 ita
2066 5226 2923 5306 'interpunctionemumutavi,
2982 5247 3098 5306 non
3136 5228 3320 5306 invita
3346 5226 3568 5306 _indole

3638 5226 3829 5297 ingnia

421 5304 836 5378 Grzscae._Edd._
858 5297 1268 5376 distinguunt:
1297 5301 1358 5356 Τί
1390 5299 1481 5378 οὖν
1514 5297 1626 5378 χρὴ
1658 5308 1833 5358 ποιεῖν
1864 5304 1941 5378 ,ἢ
1971 5307 2158 5378 τοῦτο,
2192 5297 2291 5370 εἱξ,
2321 5323 2371 5378 ιι.
2414 5324 2465 5362 ιι,
2498 5301 2555 5360 λ.
2630 5303 2675 5339 ⁸⁸
2704 5297 3039 5378 téaccessit
3066 5318 3135 5378 ea
3165 5300 3232 5367 Ο,
3262 5298 3482 5378 ubipr.
3514 5297 3831 5378 manserit

420 5378 618 5448 pserat
663 5374 777 5450 ἱερο
811 5376 981 5450 άντες.
1044 5369 1103 5411 ’⁸9
1140 5369 1627 5450 νεκυομαντίανὌέ
1684 5369 2014 5449 ιθεθιιάυω
2043 5378 2112 5449 τῇ
2145 5369 2416 5450 λεγομένῃ
2442 5371 2861 5450 νεκρομαντείᾳζ
2895 5373 3216 5450 ars_epim_
3240 5369 3502 5450 mortuos
3528 5369 3831 5450 _evocandi

419 5440 802 5528 ξρεκρομαντέςα
832 5448 1083 5528 dicitu_r;
1115 5447 1231 5528 vid‘.
1263 5440 1492 5528 Rewgn.
1527 5464 1566 5528 ι,
1597 5447 1633 5501 5
1657 5440 1791 5520 (per
1838 5465 1989 5528 eam,
2050 5440 2234 5520 quam'
2279 5440 2739 5528 necromantiam
2797 5440 3021 5528 vocant)
3056 5445 3123 5501 D.
3181 5442 3299 5528 Sed
3350 5447 3410 5528 et
3464 5440 3661 5528 minus
3692 5446 3827 5511 apte

419 5514 804 5594 vsxpoiazv‘CsIa
834 5518 1022 5594 vocari
1053 5514 1227 5590 queat
1275 5514 1501 5594 magica
1550 5514 1699 5594 ipsa'
1743 5514 2017 5594 evocatio,
2065 5514 2373 5594 "quomodo
2426 5518 2631 5594 dixerit
2662 5519 2857 5574 Cicero
2890 5514 3033 5573 Tusc.
3068 5532 3122 5587 q.
3161 5532 3201 5586 ι,
3235 5514 3305 5568 16
3323 5530 3370 5594 :_
3386 5515 3519 5594 Inde
3535 5528 3630 5594 βα,
3656 5528 3828 5594 quam.

419 5582 818 5663 ηιρξῇιεάῖηὶειιδ
846 5590 1051 5661 Appius
1073 5582 1443 5663 νεκρομαντία
1471 5582 1727 5661 faciebat.
1759 5582 2386 5663 Stephanus'legebat:
2417 5590 2483 5647 In
2541 5598 2586 5648 ts
2631 5605 2726 5659 ea,
2774 5602 2899 5661 quae
2920 5619 2987 5631 —
3013 5582 3405 5661 νεδὶρομαντεῖα
3431 5582 3686 5657 faciebat.
3738 5582 3826 5639 Ci.

418 5663 463 5701 ὀ
492 5657 604 5715 ἔστι
625 5660 690 5718 Ο.
