4100 6334
218 410 282 469 61
1350 395 1870 459 CLEMENTINA.

1983 430 1993 442 -
2020 397 2351 461 ξιοΜιΙλΙΑ
2397 401 2445 462 l.
3524 400 3605 460 62

220 537 437 612 αὐτάρκη
483 533 571 589 καὶ
620 533 812 602 ἱκανὴν
875 530 1142 611 ἀπόφασιν
1211 526 1349 605 ἔχω,
1400 528 1459 584 ἐκ
1515 532 1612 584 τοῦ
1682 526 1845 602 μόνον

1983 530 2147 587 ιουιὶε
2177 531 2335 587 illam
2352 534 2553 589 videns
2566 533 2953 591 sufficientem
2989 550 3053 591 ac
3068 534 3336 591 idoneam
3356 534 3601 590 habeam

219 628 450 705 φανῆναι,
501 622 583 677 δτι
632 618 806 677 ἔστιν·
858 620 951 676 καὶ
1004 619 1102 675 οὐκ
1158 618 1235 675 ἔτι
1281 616 1560 689 δυνήσεται
1617 619 1686 672 τὰ
1740 621 1846 672 τῶν

224 704 503 793 ὄρθαλμῶν
552 709 665 766 ἴδια
713 712 781 765 τά
820 717 921 779 τῆς
970 709 1142 779 ἀκοῆς
1192 708 1482 783 ἀνατρέψαι
1530 704 1708 774 ἀδηλα
1747 705 1851 781 ῥή-

224 790 366 877 ματα.
417 804 606 874 Ὅμως
662 800 755 855 καὶ
810 799 978 867 αὐτὴν
1022 796 1225 867 ταύτην
1255 797 1352 864 τήν
1405 795 1586 869 σκέψιν
1632 790 1854 851 ἀντέϐα-

222 892 370 948 16v“
423 910 533 945 τινι
584 890 806 959 συνήθει
869 886 1181 965 φιλοσόφῳ,
1226 885 1284 948 ὅς
1334 879 1689 940 συνεϐούλευὲ
1737 904 1850 958 μοι,

218 985 360 1037 τοῦτο
413 980 490 1051 μή
542 977 780 1050 τολμᾷν,
822 976 959 1032 κατά
1006 973 1255 1037 πολλοὺς
1306 973 1564 1051 τρόπους.
1598 971 1723 1028 Εἴτε
1750 974 1852 1049 γάρ

221 1070 307 1125 οὔκ
355 1066 745 1133 εἱσακούσεται,
795 1064 983 1143 φησὶν,
1034 1066 1070 1134 ἡ
1118 1065 1271 1140 ψυχή
1320 1068 1398 1134 τῷ
1431 1067 1614 1137 μάγῳ,
1647 1061 1853 1125 σὺτοῖς

223 1161 307 1216 29
335 1160 505 1211 ταῦτα
550 1160 727 1209 ποιεῖν
777 1152 1174 1228 ἀπαγορεύουσι
1204 1151 1396 1225 νόμοις
1427 1151 1503 1213 ὡς
1535 1151 1857 1226 ἀντιπράξας

222 1241 636 1315 δυσσυνειδήτως
686 1243 921 1319 βιώσεις·
984 1240 1029 1297 εἰ
1082 1238 1142 1296 δὲ
1192 1238 1563 1309 ἐπακούσεται,
1598 1240 1734 1313 μετά
1759 1243 1858 1294 τοῦ

223 1331 639 1404 δυσσδνειδήτως
680 1353 740 1386 σε
790 1332 963 1407 βιοῦν,
1012 1329 1166 1402 οἶμαι
1213 1331 1281 1384 τά
1317 1336 1416 1399 τῆς
1446 1325 1717 1392 εὐσεϐείας
1773 1349 1860 1384 σοι

228 1424 404 1497 μηκέτι
465 1425 801 1496 προχωρεῖν,
882 1421 943 1474 οὗ
1014 1416 1210 1474 εἶ’νεκεν
1288 1419 1378 1473 καὶ
1408 1420 1453 1456 ⁹²
1528 1417 1859 1491 ἐτόλμησας.

223 1512 544 1589 Ἐχθραίνειν
602 1511 707 1585 γὰρ
763 1510 823 1565 τὸ
868 1510 1008 1563 Θεῖον
1043 1505 1291 1582 λέγουσιν
1326 1506 1413 1561 ἐπὶ
1463 1512 1578 1569 τοῖς
1608 1510 1677 1580 τῇ
1710 1503 1862 1561 λύσει

235 1602 489 1657 Θανόντων
540 1597 810 1672 σωμάτων
862 1595 1161 1653 σκύλλουσι
1215 1597 1310 1658 τάς
1361 1594 1566 1672 ψυχάς.
1614 1597 1753 1672 Ἐγῶ
1807 1590 1866 1651 δὲ

224 1695 378 1745 ταῦτα
428 1687 687 1755 ἀκούσας,
736 1686 1095 1763 ὀκνηρότερος
1149 1686 1244 1759 μὲν
1294 1687 1433 1761 πρὸς
1498 1686 1560 1741 τὸ
1616 1689 1864 1740 τοιοῦτον

227 1781 538 1855 ἐγχειρῆσαι
580 1775 871 1853 ἐγενόμην,
918 1783 1019 1845 τῆς
1068 1772 1125 1830 δὲ
1157 1776 1412 1851 ἀπαρχῆς
1448 1795 1552 1847 μου
1579 1774 1679 1830 οὐκ
1709 1773 1869 1829 ἐπαυ-

228 1869 392 1942 σᾶμην
438 1867 675 1945 βουλῆς,
727 1863 855 1922 ἀλλ’
904 1863 981 1928 ὡς
1010 1861 1355 1938 ἐμποδισθεὶς
1385 1865 1484 1933 τὴν
1519 1864 1697 1940 ὁρμὴν
1728 1862 1868 1934 ἠθύ-

236 1977 356 2031 μουν
366 2000 381 2014 .

288 2154 379 2211 VI.
411 2153 513 2207 Καὶ
541 2152 633 2206 ’ἱνα
666 2152 741 2225 μή
775 2172 859 2206 σοι
889 2151 956 2205 τὰ
983 2154 1207 2206 τοιαῦτα
1261 2147 1455 2226 μακρῷ
1510 2146 1868 2225 διηγήσωμαι

233 2240 396 2318 λόγῳ,
457 2241 511 2297 ἐν
559 2239 843 2302 τοσούτοις
896 2240 1193 2313 λογισμοῖς
1246 2238 1337 2294 καὶ
1367 2237 1682 2315 πράγμασιν
1713 2232 1870 2300 ὄντος

236 2353 347 2403 μου,
377 2333 539 2408 φήμη
570 2350 655 2392 τις
686 2330 889 2405 ἡρέμα,
918 2328 1006 2383 ἐπὶ
1036 2330 1135 2398 τῆς
1163 2324 1414 2401 Τιϐερίου
1445 2326 1709 2401 Καίσαρος
1770 2328 1871 2401 βας⁸

234 2418 445 2491 σιλείας,
495 2419 545 2490 ἐξ
595 2418 808 2493 ἐαρινῆς
852 2419 1061 2493 τροπῆς
1116 2418 1217 2485 τὴν
1263 2417 1442 2493 ἀρχὴν
1494 2410 1868 2489 λαμϐάνουσα,

233 2505 448 2579 ηὔξανεν
486 2507 737 2563 ἑκάστοτε
781 2508 871 2562 καὶ
920 2506 995 2569 ὡς
1041 2504 1265 2577 ἀληθῶς
1314 2505 1485 2581 ἀγαθή
1526 2508 1660 2560 Θεοῦ
1709 2505 1868 2581 ἅγγε-

235 2595 321 2659 λος
377 2595 699 2673 διέτρεχε9³
749 2596 842 2650 τὸν
898 2594 1130 2667 κόσμον,
1180 2594 1245 2649 τὸ
1290 2597 1388 2648 τοῦ
1445 2596 1578 2649 Θεοῦ
1613 2590 1873 2669 βούλημα

236 2690 349 2761 σιγῇ
379 2686 654 2761 στέγεινθδ
720 2685 840 2763 ιρμὴ
874 2682 1166 2758 δυναμένη.
1198 2684 1486 2739 Ἐκάστοτε
1524 2680 1619 2737 οῦν
1665 2679 1869 2737 πλείων

235 2774 313 2829 καὶ
347 2774 549 2848 μείζων
584 2772 791 2850 ἐγένετο
824 2775 887 2845 ³⁵,
921 2772 1179 2849 λέγουσα,
1212 2770 1286 2835 ὥς
1317 2770 1399 2835 τίς
1452 2792 1586 2827 ποτε
1631 2769 1683 2826 ἐν
1741 2770 1875 2826 Ἰου-

236 2860 365 2935 δαίᾳ,
401 2862 452 2937 ἐξ
485 2863 702 2937 ἐαρινῆς
733 2868 943 2938 τροπῆς
973 2856 1157 2918 λαϐὼν
1188 2862 1287 2930 τὴν
1337 2861 1538 2938 ἀρχὴν,
1588 2855 1873 2922 Ἰουδαίοις

235 2953 321 3019 τὴν
348 2957 448 3007 τοῦ
498 2950 678 3006 ἀϊδίου
708 2955 843 3006 Θεοῦ
874 2949 1273 3027 εὐαγγελίζεται
1309 2948 1607 3027 βασιλείαν,
1640 2948 1707 3019 ἦς
1738 2949 1873 3003 ἀπο-

238 3038 406 3095 λαύειν
454 3038 605 3114 λέγει
657 3039 743 3094 ἐάν
783 3060 868 3101 τις
899 3037 1073 3094 αὐτῶν
1114 3038 1544 3115 προκατορθώσῃ
1572 3041 1617 3075 ⁹⁶
1643 3038 1742 3107 τὴν
1774 3058 1875 3092 πο-

238 3129 445 3184 λιτείανο
498 3132 597 3183 τοῦ
642 3126 700 3183 δὲ
753 3128 1091 3191 πιστεύεσθαι
1133 3127 1290 3183 αὐτὸν
1329 3129 1511 3204 χάριν,
1545 3126 1628 3182 ὅτι
1661 3125 1877 3198 θειότη-

236 3238 315 3279 τος
352 3219 541 3293 γέμων
595 3222 762 3272 ταῦτα
806 3218 974 3290 πνέει,
1026 3215 1213 3272 πολλᾶ
1261 3218 1532 3290 θαυμάσια
1564 3217 1767 3289 σημεῖά
1820 3236 1878 3270 τε

237 3306 315 3360 καὶ
360 3306 556 3383 τέρατα
610 3304 991 3382 διαπράττεται
1051 3302 1297 3361 κελεύσει
1368 3305 1526 3379 μόνη,
1599 3305 1675 3366 ὡς
1730 3303 1878 3380 παρά

240 3400 359 3450 Θεοῦ
387 3394 637 3474 εἰληφὼς
666 3396 768 3464 τὴν
798 3394 1051 3466 ἐξουσίαν·
1084 3392 1301 3471 κωφοὺς
1322 3396 1422 3471 γὰρ
1440 3398 1614 3449 ποιεῖν
1640 3392 1875 3466 ἀκούειν,

236 3484 465 3561 τυιρλοὺς
514 3480 859 3557 ἀναϐλέπειν,
907 3488 1009 3542 80
1058 3481 1296 3546 κυλλοὺς
1343 3488 1492 3539 ποιεῖ
1539 3487 1875 3559 περιπατεῖν,

240 3573 451 3649 χωλοὺς
484 3573 708 3649 ἀνορθοῖ
735 3576 800 3645 ³⁷,
830 3578 1000 3628 πᾶσαν
1032 3572 1186 3627 νόσον
1219 3570 1531 3645 ἀπελαύνει,
1561 3573 1735 3627 πάντα
1764 3571 1879 3626 δαί-

245 3683 371 3733 μονα
416 3660 729 3739 φυγαδεύειο
782 3659 927 3717 ἀλλά
970 3662 1059 3717 καὶ
1105 3659 1299 3737 λεπροὶ
1340 3662 1516 3735 ψωροὶ
1566 3661 1626 3717 ἐκ
1656 3659 1878 3732 διαστή-

248 3772 398 3822 ματος
453 3747 614 3824 μόνον
661 3750 945 3825 ἐνορῶντες
977 3750 1123 3823 αὐτῷ
1157 3750 1385 3825 ἷ⁷ώμενοι
1416 3748 1878 3823 ἀπαλλάσσονται,

242 3841 415 3916 νεκροὶ
474 3837 532 3895 δὲ
577 3839 1009 3918 προστρερόμενοι
1054 3838 1373 3917 ἐγείρονται,
1415 3839 1505 3894 καὶ
1556 3837 1709 3894 οὐδὲν
1739 3838 1878 3894 ἐστιν

244 3927 269 3981 8
297 3926 540 3983 ἀδυνατεῖ
568 3934 767 3983 ποιεῖν.
811 3929 912 3986 Καὶ
945 3928 1077 4002 ὅσῳ,
1102 3950 1165 4004 γε
1199 3927 1411 4001 μᾶλλον
1442 3929 1470 3982 6
1502 3928 1702 4003 χρόνος
1719 3927 1883 4002 προέ-

244 4038 447 4087 ιιοπτεν,
478 4016 623 4072 πολὺ
677 4017 873 4091 μείζων
908 4015 997 4073 διὰ
1024 4017 1295 4073 πλειόνων
1325 4022 1433 4073 τῶν
1463 4015 1878 4090 ἐπιδημούντων

245 4106 322 4159 καὶ
350 4110 391 4145 κ
443 4102 766 4183 βεϐαιοτέρα
822 4105 1043 4182 ἐγίνετο,
1086 4105 1186 4161 οὐκ
1228 4102 1303 4161 ἔτι
1337 4108 1497 4185 φήμη
1532 4105 1701 4181 λέγω,
1735 4106 1882 4163 ἀλλά

246 4200 329 4249 τοῦ
357 4198 683 4271 πράγματος
713 4197 748 4264 ἡ
781 4195 1026 4266 ἀλήθεια.
1060 4193 1199 4266 ’Ήδη
1236 4197 1339 4271 γάρ
1369 4217 1503 4250 ποτε
1548 4195 1636 4250 καὶ
1681 4198 1879 4267 συστήυ

252 4304 378 4353 ματα
406 4286 544 4340 κατά
571 4284 773 4346 τόπους
805 4283 1009 4359 ἐγίνετο
1044 4284 1249 4360 βουλῆς
1294 4285 1383 4339 καὶ
1430 4284 1667 4358 σκέψεως
1696 4287 1760 4358 θθ,
1818 4285 1882 4340 τὸ

246 4371 316 4433 τίς
342 4374 399 4428 ἂν
431 4371 515 4445 εἶή
550 4374 579 4428 6
613 4374 797 4451 φανεὶς
828 4374 917 4428 καὶ
947 4373 998 4428 τί
1032 4372 1287 4450 βούλεται
1317 4372 1514 4449 λέγειν.

311 4480 425 4536 VlI.
473 4481 573 4534 Καὶ
624 4477 829 4549 δήποτέ
884 4500 967 4541 τις
1015 4480 1153 4553 πρὸς
1204 4478 1350 4551 αὗτῷ
1400 4478 1503 4535 ἔτει
1554 4479 1605 4534 ἐν
1655 4482 1723 4519 ¹⁰⁰
1769 4481 1886 4558 φοι-

248 4573 508 4643 νοπωρινῇ
547 4572 726 4644 τροπῇ
780 4565 1017 4641 δημοσίᾳ
1070 4567 1195 4630 στάς
1246 4565 1375 4623 ἐϐόα
1419 4567 1592 4644 λέγων
1622 4574 1637 4598 ⁸
1688 4566 1882 4644 ’Άδρες

1960 619 2408 677 declarationem
2434 623 2588 694 quod
2622 623 2848 691 existat,
2882 640 2948 679 ex
2980 639 3046 679 eo
3076 622 3198 679 solo
3230 624 3385 696 quod
3419 640 3603 695 appa-

1960 708 2295 778 ruerit;nec
2325 711 2580 783 amplius
2612 711 2832 768 incerta
2847 713 3085 768 auditus
3107 714 3279 768 verba
3300 712 3602 768 oculorum

1960 802 2233 868 poterunt
2265 799 2601 854 firmitatem
2632 805 3184 856 evertere.Attamen
3204 800 3353 855 hanc
3373 817 3604 871 quoque

1964 886 2440 943 deliberationem
2459 888 2690 943 cuidam
2719 888 3420 961 phil030pho,necessario
3454 905 3604 955 meo,

1964 976 2376 1049 edisserui,qui
2407 976 2719 1033 consilium
2752 977 2895 1032 mihi
2930 978 3171 1043 dedit,id
3206 994 3277 1033 ne
3306 978 3604 1048 auderem,

1965 1064 2180 1119 multas
2210 1066 2281 1121 ob
2332 1065 2605 1121 rationes.
2639 1066 2767 1122 Sive
2815 1067 2993 1133 enim,
3026 1066 3237 1137 inquit,
3273 1083 3442 1137 mago
3488 1084 3605 1122 non

1965 1155 2391 1226 obtemperabit
2420 1156 2635 1220 anima,
2666 1162 2749 1226 tu,
2781 1159 3065 1226 tanquam
3112 1156 3212 1227 qui
3241 1155 3469 1228 legibus
3500 1157 3612 1211 ista

1968 1242 2157 1298 facere
2203 1243 2649 1314 prohibentibus
2681 1244 3114 1315 repugnaveris,
3148 1244 3299 1299 male
3338 1244 3445 1300 tibi
3477 1261 3612 1299 con-

1970 1331 2127 1388 scius
2158 1333 2313 1388 vives
2346 1349 2359 1388 :
2393 1333 2485 1388 sin
2534 1349 2668 1388 vero
2699 1332 3000 1399 obedierit,
3034 1338 3419 1404 praeterquam
3461 1332 3616 1405 quod

1972 1419 2127 1475 mala
2174 1421 2231 1474 in
2285 1421 2642 1476 conscientia
2681 1423 2859 1488 vives,
2893 1439 3006 1476 non
3040 1422 3289 1492 amplius
3337 1421 3438 1476 tibi
3473 1422 3619 1477 bene

1973 1526 2212 1565 cessura
2259 1510 2530 1565 existimo
2559 1527 2625 1565 ea
2672 1527 2799 1581 qua
2851 1510 2920 1565 ad
2974 1511 3247 1582 pietatem
3300 1511 3615 1582 pertinent,

1975 1614 2146 1669 quu
2176 1614 2312 1670 ergo
2343 1598 2457 1653 ista
2487 1615 2667 1654 ausus
2692 1599 2927 1654 es.Nam
2950 1599 3135 1654 Deum
3169 1600 3334 1654 aiunt
3365 1599 3497 1653 odio
3519 1614 3617 1655 eos

1975 1688 2268 1759 prosequi,
2299 1686 2400 1758 qui
2429 1687 2656 1743 animas
2690 1692 3056 1743 mortuorum
3087 1704 3120 1743 a
3150 1687 3491 1759 corporibus
3525 1703 3620 1743 se-

1977 1780 2210 1848 paratas
2258 1776 2551 1832 divexant.
2583 1776 2698 1847 Ego
2748 1780 2943 1832 autem
2975 1776 3067 1831 his
3116 1776 3336 1831 auditis
3388 1775 3622 1847 segnior

1978 1865 2214 1936 quidem
2245 1865 2315 1921 ad
2340 1864 2485 1919 illud
2519 1863 2978 1937 aggrediendum
3004 1866 3243 1921 effectus
3273 1880 3468 1934 sum,a
3489 1881 3622 1919 con-

1981 1952 2111 2009 silio
2140 1957 2335 2008 tamen
2385 1953 2537 2023 quod
2572 1953 2738 2008 initio
2790 1969 3056 2025 ceperam
3108 1970 3222 2009 non
3271 1952 3487 2023 desliti,
3521 1953 3622 2008 sed

1977 2041 2136 2098 velut
2164 2043 2238 2097 ab
2265 2042 2487 2115 impetu
2521 2040 2792 2099 desiderii
2824 2043 3155 2098 retardatus
3187 2041 3476 2097 dolebam.

2048 2149 2143 2207 VI.
2164 2154 2242 2205 Ac
2271 2166 2344 2205 ne
2372 2149 2485 2205 ista
2514 2149 2618 2205 tibi
2649 2148 2822 2223 longo
2854 2165 3122 2205 sermone
3151 2147 3453 2219 explicem,
3488 2164 3621 2203 cum

1980 2238 2039 2295 in
2069 2239 2287 2294 talibus
2338 2237 2791 2309 cogitationibus
2821 2243 2879 2294 et
2927 2236 3173 2309 negotiis
3204 2254 3309 2309 ego
3337 2252 3620 2307 versarer,

1980 2328 2093 2383 sub
2122 2328 2366 2399 imperio
2395 2328 2604 2383 Tiberii
2630 2328 2869 2384 Caesaris
2902 2328 3056 2383 fama
3085 2327 3350 2398 quaedam
3379 2325 3624 2391 sensim,

1980 2434 2015 2473 a
2043 2433 2222 2471 verna
2240 2421 2591 2489 tempestate
2617 2417 2782 2473 initio
2814 2421 3048 2489 sumpto
3067 2417 3401 2488 passimque
3429 2414 3625 2486 crevit,

1981 2508 2037 2560 et
2067 2521 2263 2560 revera
2293 2505 2482 2561 bonus
2532 2505 2633 2561 Dei
2666 2506 2911 2561 nuntius
2940 2506 3228 2559 mundum
3278 2503 3627 2575 peragravit,

1984 2595 2080 2648 Dei
2110 2592 2470 2650 voluntatem
2521 2594 2751 2651 silentio
2779 2598 2969 2667 tegere
3000 2610 3115 2649 non
3155 2592 3373 2649 valens.
3409 2593 3631 2665 Ubique

1982 2681 2164 2755 igitur
2193 2681 2444 2754 amplior
2469 2686 2528 2738 et
2558 2684 2744 2753 major
2775 2683 2970 2751 fiebat,
3005 2683 3257 2737 referens
3289 2681 3442 2753 quod
3494 2680 3629 2753 qui-

1982 2771 2119 2826 dam
2150 2771 2208 2826 in
2239 2772 2464 2838 Judaza,
2494 2771 2778 2843 principio
2810 2774 3044 2843 sumpto
3075 2788 3107 2826 a
3138 2788 3311 2826 verno
3342 2774 3627 2842 tempore,

1983 2862 2184 2917 aeterni
2212 2862 2311 2917 Dei
2352 2878 2599 2933 regnum
2631 2861 2850 2916 Judaeis
2898 2860 3225 2926 annuntiet,
3257 2876 3372 2931 quo
3417 2859 3630 2915 fruitu-

1986 2966 2117 3005 rum
2148 2965 2276 3005 esse
2306 2966 2373 3004 ex
2406 2948 2523 3005 illis
2554 2949 2967 3021 diciteum,qui
2989 2949 3167 3003 vitam
3199 2952 3414 3004 rectam
3439 2964 3631 3003 emen-

1986 3040 2304 3110 datamque
2337 3039 2515 3094 ducat
2547 3054 2561 3093 :
2597 3055 2710 3110 quo
2743 3042 2937 3093 autem
2968 3039 3239 3093 credatur
3266 3037 3460 3109 ipsum
3494 3036 3635 3092 divi-

1986 3127 2190 3183 nitatis
2219 3126 2456 3199 plenum
2489 3125 2611 3181 haec
2643 3126 2800 3199 loqui
2828 3143 2894 3182 ac
2922 3124 3424 3199 inspirare,multa
3456 3124 3631 3180 mira-

1987 3216 2147 3284 bilia,
2197 3216 2365 3287 signa
2403 3220 2461 3271 et
2512 3216 2776 3287 prodigia
2807 3214 2926 3270 edit
2974 3214 3097 3270 sola
3138 3214 3429 3284 jussione,
3464 3213 3634 3285 quasi

1988 3306 2089 3379 qui
2124 3321 2157 3359 a
2186 3305 2301 3361 Deo
2331 3306 2617 3377 acceperit
2650 3309 3039 3377 potestatem;
3069 3303 3279 3359 surdos
3310 3302 3465 3358 enim
3498 3303 3636 3358 facit

1988 3395 2211 3460 audire,
2263 3411 2442 3449 caecos
2488 3394 2703 3464 videre,
2751 3393 2997 3465 pedibus
3046 3391 3267 3448 debiles
3306 3390 3628 3463 ambulare,

1988 3483 2228 3540 claudos
2260 3487 2419 3538 recta
2448 3483 2713 3537 incedere
2743 3498 2756 3537 :
2795 3498 3028 3538 omnem
3061 3482 3331 3536 morbum
3371 3480 3631 3553 depellit,

1987 3589 2221 3630 omnem
2252 3572 2574 3628 daemonem
2608 3572 2808 3644 fugat;
2842 3571 2941 3626 sed
2969 3576 3026 3625 et
3072 3569 3282 3643 lnprosi
3318 3569 3530 3637 scabri,
3564 3586 3633 3623 eo

1988 3662 2221 3718 eminus
2267 3664 2496 3717 tantum
2524 3660 2670 3727 viso,
2717 3660 2905 3716 sanati
2953 3660 3187 3731 abeunt,
3239 3658 3453 3714 mortui
3499 3674 3637 3715 vero

1990 3750 2170 3808 oblati
2191 3748 2846 3822 suscitantur,nihilque
2867 3752 2957 3804 est
2975 3750 3131 3820 quod
3156 3748 3341 3803 facere
3361 3752 3632 3819 nequeat.

1988 3841 2175 3912 Atque
2206 3856 2321 3912 quo
2350 3837 2485 3911 plus
2514 3837 2796 3909 temporis
2827 3837 3177 3911 praeteribat,
3211 3853 3276 3892 eo
3321 3837 3507 3907 major
3538 3835 3637 3890 tir-

1991 3929 2257 4000 miorque
2286 3945 2388 4000 per
2417 3927 2745 3999 complures
2782 3926 3155 3982 advenientes
3185 3925 3486 3991 existebat,
3520 3941 3635 3979 non

1990 4017 2265 4090 amplius,
2298 4018 2564 4088 inquam,
2598 4018 2773 4083 fama,
2806 4016 2905 4071 sed
2956 4015 3036 4070 rei
3068 4016 3298 4069 veritas.
3329 4014 3459 4069 Jam
3502 4030 3635 4069 vero

1989 4112 2046 4163 et
2070 4111 2251 4162 coetus
2284 4122 2384 4178 per
2414 4105 2539 4161 loca
2569 4106 2786 4161 ﬁebant
2814 4104 3259 4161 consultationis
3276 4106 3333 4158 et
3349 4102 3630 4158 delibera-

1989 4195 2168 4251 tionis
2199 4194 2677 4267 causa,quisnam
2709 4198 2861 4250 esset
2884 4193 2982 4265 qui
3014 4193 3461 4265 apparuisset,et
3492 4191 3633 4263 quid

1991 4283 2163 4340 vellet
2194 4284 2406 4339 dicere.

2063 4479 2183 4536 VII.
2236 4479 2523 4536 Caeterum
2574 4478 2778 4534 eodem
2828 4494 3002 4547 anno,
3060 4476 3329 4533 autumni
3382 4479 3641 4548 tempore

1994 4569 2234 4642 quidam
2284 4567 2515 4640 publice
2545 4571 2709 4623 stans
2750 4566 3042 4636 clamavit,
3076 4566 3274 4621 dicens
3308 4583 3321 4621 :
3357 4564 3478 4619 Viri
3526 4564 3638 4620 Ro-

248 4654 519 4729 Ῥωμαῖοι,
585 4657 889 4712 ἀκούσατεο
954 4657 981 4711 6
1036 4661 1134 4712 τοῦ
1193 4661 1326 4713 Θεοῦ
1384 4658 1508 4720 Υἱὸς
1558 4657 1608 4713 ἐν
1652 4656 1870 4715 Ἰουδαία

1995 4635 2178 4726 mani,
2227 4635 2462 4724 audite;
2497 4656 2592 4712 Dei
2626 4656 2804 4712 Filius
2854 4659 2912 4711 in
2939 4656 3142 4711 Judzea
3189 4654 3375 4723 adest,
3410 4652 3636 4710 cunctis

250 4745 511 4819 πάρεστιν,
575 4744 1046 4823 ἐπαγγελλόμενος
1123 4752 1252 4800 πᾶσι
1325 4752 1441 4809 τοῖς
1523 4745 1884 4821 βουλομένοις

253 4835 380 4902 ζωὴν
430 4835 675 4904 αἰώνιον,
727 4834 813 4889 ἐάν
859 4835 925 4890 τά
959 4839 975 4873 ¹
1025 4835 1160 4890 κατᾶ
1189 4836 1414 4909 γνώμην
1445 4839 1541 4890 τοῦ
1570 4836 1884 4910 πέμψαντος

252 4919 393 4976 αὒτὸν
451 4924 665 4999 Πατρὸς
720 4924 1012 4998 βιώσωσιν.
1059 4924 1159 4979 Λιὸ
1194 4919 1598 4996 μεταϐάλλεσθε
1625 4922 1716 4979 τὸν
1755 4924 1882 4999 τρό-

250 5028 338 5064 πον
386 5013 488 5069 ἀπὸ
532 5016 640 5068 τῶν
690 5010 958 5089 χειρόνων
1005 5011 1095 5069 ἐπὶ
1150 5012 1219 5068 τὰ
1263 5012 1567 5088 κρείττονα,
1612 5013 1720 5069 ἀπὸ
1772 5017 1881 5069 τῶν

1992 4746 2321 4803 volentibus
2353 4744 2701 4818 promittens
2728 4745 2905 4800 vitam
2938 4744 3290 4812 aeternam,si
3324 4743 3500 4798 vitam
3534 4742 3637 4796 du-

1992 4835 2182 4892 xerint
2212 4852 2280 4890 ex
2308 4834 2606 4890 voluntate
2629 4833 2814 4890 Patris
2847 4834 2947 4905 qui
2967 4832 3127 4888 misit
3157 4830 3637 4896 illum.Quocirca

1993 4941 2188 4981 mores
2219 4928 2497 4993 mutate,a
2526 4922 2909 4979 deterioribus
2931 4922 3000 4976 ad
3026 4920 3267 4976 meliora
3312 4920 3579 4990 transite,
3604 4935 3637 4974 a

1991 5012 2414 5086 temporalibus
2436 5012 2507 5070 ad
2529 5010 3064 5085 aeternamgnoscite
3079 5026 3261 5067 unum
3283 5025 3410 5068 esse
3425 5009 3634 5067 Deum.

1588 5165 1831 5223 VARIE
1868 5164 2278 5223 LECTIONES.

312 5290 353 5328 ⁹¹
381 5284 707 5345 ἀπέϐαλλόν
778 5293 839 5347 C.

915 5290 989 5375 ⁸³.
1016 5288 1107 5375 καί
1156 5291 1558 5375 ,ωυιαρᾶιιῐηι
1600 5290 1660 5346 in
1703 5288 1852 5344 ταῦτ’
1877 5290 2023 5375 __vel
2083 5286 2262 5375 ἐκεῖν’.
2294 5288 2386 5375 ‘S.
2429 5285 2512 5375 ,οὗ
2544 5283 2741 5375 ,ἕνεκεν
2798 5284 2867 5341 τά
2916 5288 3152 5375 τριαῦτα.
3190 5282 3426 5375 ἐτόλμας
3483 5288 3633 5375 Epit.

252 5375 299 5416 α.
322 5362 375 5417 5.
427 5362 561 5426 Quae
620 5368 950 5434 sequuntur
974 5362 1033 5418 in
1063 5363 1207 5452 Epit.
1246 5380 1301 5419 c.
1347 5364 1405 5429 5,
1438 5364 1518 5419 ita
1545 5362 1852 5489 leguntur:
1877 5359 2214 5470 Ἐγθθραίνειν
2245 5360 2349 5434 γὰρ
2391 5358 2452 5412 τὸ
2485 5364 2630 5422 θεῖον
2664 5355 2914 5433 λέγουσιν
2949 5356 3035 5412 ἐπὶ
3064 5362 3180 5418 τοῖς
3214 5353 3632 5420 σκύλλουσι’τάς

252 5430 413 5489 invi:
446 5434 578 5489 μετὰ
604 5434 705 5489 τήν
753 5433 859 5487 ἀπὸ
896 5437 992 5487 τοῦ
1042 5454 1296 5489 σωματος
1329 5433 1543 5487 ἐκείνων
1632 5431 1865 5489 ιάλυσιν.
2041 5429 2303 5489 διήργετο
2333 5434 2399 5486 Ο.
2473 5433 2519 5467 ⁰⁴
2568 5431 2653 5486 Ita
2694 5430 2737 5486 Ο
2785 5447 2836 5487 c.
2867 5431 3011 5489 Epit.
3047 5446 3096 5485 c.
3129 5430 3183 5485 6.
3220 5433 3396 5489 σιγᾷν,
3431 5429 3631 5489 στέγειν

252 5430 413 5506 ψδχάς
446 5434 578 5503 μετὰ
604 5430 720 5506 τὴν
753 5433 859 5506 ἀπὸ
896 5437 992 5487 τοῦ
1042 5430 1296 5506 σώματος
1329 5433 1543 5487 ἐκείνων
1598 5430 1865 5506 διάλυσιν.

2041 5429 2399 5506 διῄρχετοῸο
2473 5433 2519 5467 ⁹⁴
2568 5431 2653 5506 Ita
2785 5447 2836 5487 c.
2859 5431 3011 5506 Epit.
3047 5446 3096 5485 c.
3129 5430 3183 5506 62
3220 5429 3631 5506 σιγᾷνέστέγεέν

252 5498 512 5585 ρξ’σιγᾷν,
552 5504 645 5558 καὶ
663 5498 915 5585 νὶστέγειν.
954 5498 1317 5585 S.Aauotore_
1345 5506 1695 5585 Gallaydio._
1750 5507 1794 5541 9‘
1825 5502 2026 5579 ἐγίνετο
2078 5498 2263 5585 01:95
2316 5500 2794 5585 προκσκατρρρώσει
2949 5506 3094 5585 Tum
3147 5498 3332 5585 deest
3364 5498 3420 5555 δέ
3447 5498 3628 5585 ἱηξΟ.

252 5573 291 5607 π
316 5571 546 5637 κυλλούς
578 5571 809 5649 χωλοὺς
836 5575 989 5650 ὀρθοῖ
1016 5576 1079 5632 Ο.
1157 5578 1198 5612 9⁸
1228 5575 1317 5630 καί
1350 5593 1465 5632 om.
1499 5578 1564 5633 Ο.
1599 5578 1698 5652 qui
1727 5571 1897 5633 antea
1925 5593 2038 5633 scr.
2071 5571 2273 5700 ίμείζον
2310 5571 2461 5655 (sic):

256 5646 379 5700 Post
406 5648 643 5700 ηέὠεω(
672 5650 822 5700 Em’t.
850 5665 901 5700 c.
932 5649 986 5700 6.
1020 5648 1200 5700 addit.
1234 5643 1405 5700 ἕνεκα.
1452 5649 1564 5700 Sed
1616 5648 1869 5700 maxime
1915 5648 2063 5700 olfen
2112 5647 2155 5700 it
2180 5643 2243 5697 τό
2277 5662 2292 5700 :
2348 5661 2458 5700 scr]

256 5646 379 5703 Post
406 5643 643 5721 σκέψεως
672 5650 822 5720 Epit.
932 5648 1200 5721 6,4addit.
1234 5643 1405 5703 ἕνεκα.
1452 5649 1565 5706 Sed
1592 5643 1869 5721 rinaximge
1915 5643 2125 5721 offendi

258 5723 378 5775 runt
402 5720 484 5779 Cl.
515 5724 574 5777 et
598 5723 658 5775 Β.

2537 5572 2804 5645 9"Locus
2853 5573 3008 5629 haud
3063 5572 3241 5645 dubie
3294 5577 3629 5645 corruptus.

2134 5643 2243 5699 ιτό
2277 5642 2536 5701 {scribe
2568 5643 2775 5700 saltem
2805 5646 2902 5697 τοῦ
2934 5645 2997 5701 S.
3072 5645 3140 5681 10°
3169 5642 3219 5698 ἐν
3255 5642 3628 5715 ρτιειοιιῐῃὶεεε

737 5721 752 5755 ¹
786 5720 917 5777 Dele
942 5719 1029 5788 τά,
1065 5736 1200 5776 nam
1232 5736 1473 5792 prorsus
1504 5720 1796 5779 redundat
1823 5719 1891 5777 D.
1923 5716 2012 5774 ἐὰν
2036 5716 2104 5771 τὰ
2131 5715 2266 5771 κατά
2294 5715 2525 5791 γνώμην
2559 5747 2606 5759 -
2654 5715 2926 5789 πράξωσιν
2958 5717 3114 5788 Epit.
3146 5733 3196 5772 ο.
3227 5718 3284 5770 7.
3315 5716 3374 5773 S.
