4100 6334
215 386 291 445 69
1378 379 1914 443 CLEMENTINA.
1949 411 2025 426 —
2056 379 2386 444 IIOMILIA
2432 382 2485 443 Ι.
3554 389 3635 449 70

221 513 434 587 ἀτάκτῳ
488 512 707 589 βύοντες
754 509 861 567 τῶν
914 512 1173 581 σῶζεσθαι
1223 508 1492 567 θελόντων
1546 511 1640 571 τὰς
1684 508 1874 579 ἀκοας,

1998 510 2244 567 tulantes
2274 529 2446 568 canes
2478 512 2723 584 latretis,
2756 514 3142 588 incomposito
3169 518 3439 591 strepitu,
3464 536 3633 576 aures

220 602 401 657 ἄδικοι
428 602 521 657 καὶ
552 604 847 677 θεστυγεῖς,
895 599 985 656 καὶ
1034 600 1128 655 τὸν
1180 601 1424 669 σώζοντα
1472 597 1736 675 λογισμόν
1798 598 1875 661 εἷς

220 690 471 746 ἀπιστίαν
524 689 982 767 ἁπασχολοῦντες.
1030 694 1155 752 Πῶς
1203 689 1529 765 συγγνώμης
1573 692 1761 763 τυχεῖν
1793 685 1878 743 δυ-

218 782 461 852 νήσεσθε,
509 780 602 834 τὸν
646 780 746 848 τὴν
804 778 1057 849 θειότητα
1087 783 1132 817 ⁴¹
1164 783 1260 832 τοῦ
1291 781 1425 833 θεοῦ
1455 774 1877 852 ἐπαγγελλόμε-

218 891 307 925 νον
362 869 494 943 ὑμῖν
545 867 716 924 εἷπεῖν
765 864 1095 943 ὑϐρίζοντες,
1141 866 1231 922 καὶ
1284 871 1451 921 ταῦτα
1477 864 1764 944 ἅνφρωπον
1817 863 1873 920 ὅν

222 959 421 1032 ἐχρῆν,
480 956 527 1012 εἷ
575 957 667 1012 καὶ
724 954 891 1030 μηδὲν
943 954 1279 1027 ἀληθεύοντα
1307 957 1373 1027 ⁴⁸,
1416 953 1504 1010 διὰ
1531 954 1628 1023 τὴν
1670 953 1874 1029 ἀγαθὴν

220 1047 389 1102 αὐτου
419 1047 560 1121 πρὸς
592 1045 733 1119 ὑμᾶς
758 1042 1113 1119 ἀποδέξασθαι
1148 1042 1460 1121 προαίρεσιν
1487 1060 1502 1113 ;

284 1230 439 1282 XIII.
471 1224 649 1278 Ταῦτά
683 1244 788 1296 μου
819 1222 1075 1300 λέγοντος
1106 1221 1195 1277 καὶ
1223 1220 1289 1277 τὰ
1319 1220 1534 1283 τούτοις
1582 1219 1876 1289 ἀκόλουθα,

216 1310 395 1372 πολὺς
424 1316 537 1366 τῶν
580 1309 770 1386 ὅχλων
802 1309 1006 1386 ἐγίνετο
1036 1309 1293 1386 θρύλλος·
1327 1308 1415 1364 καὶ
1449 1310 1501 1364 οἱ
1535 1310 1628 1381 μὲν
1662 1308 1735 1371 ὡς
1780 1309 1871 1363 τὸν

215 1395 504 1473 Βαρνάϐαν
556 1398 829 1462 ἐλεοῦντες
878 1399 1180 1474 συνήραντό
1223 1415 1351 1472 μοι’
1383 1397 1434 1453 οἱ
1466 1395 1523 1452 δὲ
1547 1396 1755 1467 ἠλίθιοι
1789 1393 1876 1451 ὅν-

215 1509 303 1550 τες
336 1486 536 1551 δεινῶς
564 1490 683 1543 κατ’
715 1487 850 1562 ἐμοῦ
879 1482 1116 1563 ἔϐρυχον
1147 1486 1273 1550 τοὺς
1321 1484 1564 1548 ὀδόντας.
1622 1485 1771 1541 Ἐπεὶ
1821 1483 1879 1541 δὲ

216 1574 329 1647 ἤδη
381 1578 520 1632 ποτὲ
568 1576 763 1653 ἑσπέρα
808 1576 1150 1650 κατειλήφει,
1193 1583 1294 1645 τῆς
1343 1576 1529 1651 χειρὸς
1572 1570 1755 1631 λαϐὼν
1784 1575 1876 1629 τὸν

218 1662 529 1743 Βαρνάϐαν,
564 1667 642 1740 μὴ
673 1664 900 1721 θέλοντα
921 1669 1045 1734 37,
1081 1664 1173 1739 βίᾳ
1202 1665 1277 1727 εἷς
1307 1666 1406 1733 τήν
1432 1664 1569 1737 ἐμὴν
1614 1666 1745 1740 ἦγον
1786 1661 1878 1717 ὀἰ-

220 1755 368 1825 xix»,
401 1752 526 1810 ἔνθα
553 1756 642 1809 καὶ
680 1755 852 1828 μένειν
886 1754 1045 1830 αὐτον
1076 1754 1330 1824 ἐποίησα,
1372 1751 1466 1808 ’ίνα
1515 1754 1590 1825 μή
1639 1773 1723 1815 τις
1780 1752 1876 1807 αύ-

216 1848 299 1916 τῷ
346 1849 545 1920 χεῖρας
594 1839 850 1918 ἐπιϐάλῃ.
902 1844 1001 1898 Καὶ
1044 1845 1266 1919 ἡμερῶν
1317 1842 1522 1918 ὀλίγων
1573 1839 1878 1918 διατρίψας,

217 1935 307 1988 καὶ
335 1938 439 1987 τοῦ
468 1933 710 2002 ἀληθοῦς
742 1931 914 2007 λόγου
950 1933 1159 2008 βραχέα
1190 1934 1513 2009 κατηχήσας
1545 1951 1611 2005 με
1668 1929 1879 2006 ὀλίγον,

217 2024 295 2084 ὡς
316 2025 370 2060 ⁸³
419 2022 471 2076 ἐν
531 2022 749 2097 ὀλίγαις
796 2019 1056 2097 ἡμέραις,
1115 2018 1361 2076 σπεύδειν
1406 2015 1585 2097 ἔλεγεν
1618 2020 1694 2083 εἷς
1753 2021 1885 2075 ἰου-

220 2109 385 2167 δαίαν
440 2118 543 2181 τῆς
587 2112 726 2167 κατᾶ
768 2112 867 2180 τὴν
899 2110 1189 2185 θρησκείαν
1222 2111 1417 2187 ἑορτῆς
1446 2109 1632 2186 χάριν,
1662 2108 1753 2165 καὶ
1784 2112 1882 2164 τοῦ

219 2199 432 2255 λοιποῦ
453 2206 571 2261 τοῖς
601 2201 791 2255 ἑαυτοῦ
821 2198 1101 2272 ὁμοεθνέσι
1133 2204 1369 2254 συνεῖναι
1401 2197 1594 2263 θέλων.

291 2294 444 2346 XIV.
506 2288 740 2364 Φανερὸς
793 2285 839 2342 δ’
884 2288 952 2356 ἦν
1005 2308 1098 2359 μοι
1130 2287 1532 2363 ἆποναρκησας.
1580 2288 1747 2359 Ἐμοῦ
1778 2285 1881 2362 γὰρ

222 2378 497 2439 εἰπόντος.
540 2376 610 2431 Ξύ
646 2398 741 2450 μοι
776 2376 937 2450 μόνον
970 2376 1098 2439 τοὺς
1146 2380 1243 2431 τοῦ
1273 2375 1532 2450 φανέντος
1562 2374 1755 2452 ἀνδρὸς
1788 2375 1882 2438 οὕς

219 2464 467 2535 ἤκουσας
495 2470 541 2504 ⁴⁴
591 2465 801 2520 έκτίθου
852 2464 1074 2540 λόγους,
1130 2465 1279 2542 κάγὼ
1326 2470 1405 2538 τῷ
1455 2464 1571 2538 ἐμῷ
1600 2466 1881 2537 κοσμήσας

222 2556 387 2630 λόγῳ
412 2560 509 2609 τοῦ
538 2560 672 2611 Θεοῦ
702 2554 922 2631 κηρύξω
943 2556 1042 2623 τήν
1082 2553 1369 2629 βούλησιν,
1416 2556 1505 2609 καὶ
1555 2555 1652 2618 εἶθ’
1708 2554 1881 2616 οὕτως

233 2643 395 2704 ἐντὸς
425 2642 631 2718 ὀλίγων
663 2646 887 2719 ἡμερῶν
920 2644 1253 2716 συμπλεύσω
1284 2647 1330 2680 ⁸⁵
1361 2661 1465 2698 σοι’
1499 2643 1620 2699 Λίαν
1647 2644 1749 2719 γὰρ
1780 2664 1884 2697 πο-

223 2735 307 2787 θῶ
360 2732 447 2786 ἐπὶ
488 2733 581 2786 τὸν
609 2740 708 2802 τῆς
744 2729 1007 2795 Ἰουδαίας
1038 2732 1276 2809 γενέσθαι
1306 2732 1495 2806 τόπον,
1526 2732 1671 2809 τάχα
1708 2729 1765 2786 δὲ
1793 2729 1883 2786 καί

225 2824 544 2891 συνοικήσω
577 2822 705 2894 ὑμῖν
736 2821 826 2876 τὸν
860 2819 1033 2877 πάντα
1068 2843 1172 2895 μου
1195 2828 1297 2891 τῆ)
1331 2827 1476 2891 ζωῆς
1522 2821 1638 2897 βίον
1668 2823 1731 2858 ‘5'
1767 2822 1795 2876 ὁ
1828 2818 1886 2875 δὲ

219 2915 402 2965 ταῦτα
449 2908 681 2973 ἀκούσας
726 2910 1063 2986 ἀπεκρίνατο’
1126 2909 1202 2965 Σὺ
1254 2910 1300 2964 εἰ
1354 2911 1447 2983 μὲν
1488 2910 1771 2985 ἱστορῆσαι
1819 2909 1886 2963 τὰ

220 3001 480 3076 ἡμέτερα
522 2999 612 3053 καὶ
666 3004 852 3072 μαθεῖν
911 3000 975 3054 τὸ
1019 3000 1293 3077 συμφέρον
1339 2996 1536 3066 θέλεις,
1605 2997 1657 3069 ἐξ
1716 2997 1885 3068 αὐτῆς

227 3111 327 3161 μοι
384 3087 748 3160 σύμπλευσον·
802 3087 849 3143 εἴ
897 3085 953 3143 δὲ
986 3090 1061 3161 μή
1098 3088 1308 3164 βούλει,
1337 3089 1407 3143 τὰ
1438 3085 1583 3143 ἄλλα
1610 3090 1655 3124 ⁴⁷
1684 3092 1887 3160 σημεῖα

221 3186 331 3247 τῆς
386 3177 653 3247 οἰκήσεώς
706 3198 811 3251 μου
858 3176 947 3231 καί
1001 3178 1074 3232 ὧν
1124 3176 1298 3240 θέλεις
1351 3177 1462 3251 ἐγώ
1511 3198 1593 3232 σοι
1646 3178 1886 3251 σήμερον

1987 600 2198 656 salvari
2248 601 2708 659 desiderantium
2750 605 3123 662 obstruentes
3173 606 3377 677 injusti
3424 625 3489 664 ac
3524 614 3633 665 Deo

1985 689 2165 756 exosi,
2199 695 2257 745 et
2285 692 2656 748 servatricem
2682 693 3091 763 cogitationem
3119 701 3426 752 avocantes
3457 699 3528 753 ad
3553 698 3640 753 in-

1986 778 2413 834 credulitatem.
2446 780 2568 843 Quo
2592 785 2757 851 pacto
2788 782 3013 838 veniam
3039 785 3315 856 consequi
3349 786 3635 857 poteritis,

1986 882 2121 922 eum
2153 868 2254 940 qui
2275 868 2439 925 vobis
2458 874 2726 924 naturam
2751 870 2851 926 Dei
2876 873 3087 927 referre
3114 874 3635 945 promittit,contu-

1986 956 2161 1012 melia
2180 957 2496 1014 efﬁcientes
2512 979 2525 1027 ς
2542 958 2715 1029 idque
2734 958 3053 1026 hominem,
3077 978 3252 1033 quem
3276 967 3633 1036 oportuerat,

1987 1044 2095 1100 etsi
2119 1044 2265 1100 nihil
2286 1062 2419 1102 vere
2441 1046 2794 1118 loquentem,
2804 1054 3037 1121 propter
3056 1051 3267 1106 bonam
3288 1052 3473 1125 ipsius
3495 1070 3633 1127 erga

1984 1150 2085 1190 vos
2115 1133 2497 1206 voluntatem,
2530 1140 2693 1209 grate
2723 1137 3019 1209 suscipere
3040 1137 3069 1193 ?

2057 1222 2200 1278 XIII.
2234 1224 2369 1287 Qum
2391 1241 2523 1279 cum
2548 1225 2822 1293 dicerem,
2850 1225 3080 1296 aliaque
3107 1226 3198 1283 his
3221 1234 3630 1300 consentanea,

1988 1311 2241 1367 multum
2272 1312 2331 1366 in
2364 1311 2529 1383 plebe
2578 1320 2772 1368 ortum
2820 1321 2909 1370 est
2955 1332 3266 1375 murmur:
3316 1323 3492 1390 atque
3532 1321 3633 1375 alii

1988 1400 2225 1469 quidem
2257 1404 2537 1471 tanquam
2567 1402 2888 1458 Barnabam
2924 1403 3273 1462 miserantes
3300 1407 3442 1461 mihi
3476 1409 3635 1464 fave—

1987 1489 2163 1543 bant:
2200 1488 2296 1544 alii
2328 1506 2460 1544 vero
2483 1490 2583 1563 qui
2613 1496 2780 1546 erant
2800 1490 3277 1564 stolidi.graviter
3298 1496 3354 1549 in
3385 1513 3474 1551 me
3498 1498 3631 1553 stri-

1988 1577 2207 1632 debant
2235 1577 2530 1633 dentibus.
2564 1581 2825 1651 Cumque
2848 1582 2972 1651 jam
3005 1599 3245 1653 vespera
3284 1585 3632 1656 advenisset,

1988 1667 2263 1721 Barnabaa
2298 1684 2474 1722 manu
2525 1669 2907 1740 apprehensa,
2959 1687 3091 1725 eum
3142 1672 3433 1728 nolentem
3475 1674 3527 1727 vi
3560 1675 3629 1730 ad

1989 1772 2180 1811 meam
2213 1756 2348 1810 duxi
2377 1758 2619 1811 domum
2648 1782 2661 1824 ;
2695 1758 2794 1813 ubi
2824 1766 2881 1814 et
2911 1759 3015 1813 feci
3050 1777 3302 1828 manere,
3329 1780 3399 1818 ne
3420 1763 3552 1834 quis
3583 1764 3634 1819 ei

1989 1860 2200 1899 manus
2232 1843 2510 1915 injiceret.
2542 1846 2875 1917 Paucosque
2905 1849 3030 1903 dies
3053 1856 3469 1917 commoratus,
3496 1869 3636 1906 non-

1991 1931 2156 1987 nulla
2184 1948 2327 1987 veraa
2360 1932 2656 2004 religionis
2682 1935 2819 1989 mihi
2844 1937 3083 1991 tradidit
3108 1938 3460 2007 rudimenta,
3479 1941 3634 2011 quod

1990 2020 2194 2093 paucis
2225 2025 2356 2093 post
2377 2021 2581 2077 diebus
2605 2024 2914 2095 properare
2940 2042 3003 2081 se
3024 2026 3242 2081 diceret
3270 2028 3340 2082 ad
3370 2029 3632 2084 Judaeam

1990 2114 2226 2181 propter
2256 2111 2491 2179 festum,
2523 2110 2809 2183 velletque
2836 2113 3107 2185 deinceps
3139 2130 3272 2170 cum
3296 2115 3419 2171 suis
3451 2133 3637 2189 pepu-

1991 2197 2215 2253 laribus
2246 2199 2473 2270 degere.

2060 2286 2204 2342 XIV.
2232 2287 2554 2343 Videbatur
2578 2293 2770 2345 autem
2797 2290 2937 2344 mihi
2966 2305 3094 2346 esse
3119 2291 3287 2363 plane
3310 2293 3632 2364 perculsus.

1990 2380 2131 2431 Cum
2164 2377 2318 2432 enim
2352 2393 2457 2448 ego
2490 2374 2739 2433 dicerem
2768 2395 2780 2434 :
2814 2380 2899 2434 Tu
2934 2380 3075 2435 mihi
3110 2386 3336 2436 tantum
3380 2382 3636 2439 hominis

1990 2464 2149 2521 illius
2179 2466 2277 2537 qui
2312 2468 2602 2538 apparuit,
2636 2484 2784 2538 quos
2808 2469 3044 2523 audiisti
3072 2486 3293 2541 expone
3314 2489 3632 2540 sermones,

1992 2561 2050 2610 et
2078 2571 2183 2625 ego
2215 2556 2475 2610 oratione
2508 2572 2637 2611 mea
2666 2556 2795 2611 illos
2834 2574 3143 2623 exornans,
3197 2560 3289 2612 Dei
3322 2560 3633 2616 consilium

1993 2645 2341 2716 prtedicabo,
2410 2644 2609 2715 sicque
2675 2650 2876 2716 postea
2950 2663 3066 2701 una
3145 2648 3427 2720 navigabo
3484 2650 3639 2705 intra

1993 2749 2213 2805 paucos
2269 2732 2433 2789 dies:
2480 2734 2797 2789 admodum
2854 2735 3011 2790 enim
3069 2736 3239 2806 cupio
3297 2738 3368 2791 ad
3422 2738 3637 2794 Judaaze

1994 2821 2290 2893 regionem
2323 2823 2656 2894 pervenire:
2690 2838 2756 2877 ae
2796 2823 2941 2878 forte
2987 2824 3288 2879 vobiscum
3323 2842 3423 2897 per
3452 2830 3637 2882 totam

1994 2911 2173 2965 vitam
2206 2910 2504 2967 habitabo.
2539 2911 2639 2966 Ille
2671 2911 2761 2966 his
2792 2912 3010 2967 auditis
3053 2914 3394 2985 respondit:
3446 2915 3554 2983 Tu,
3588 2917 3640 2971 si

1995 2999 2232 3071 quidem
2264 2999 2457 3055 videre
2487 3004 2706 3064 nostra,
2732 3005 2788 3056 et
2818 3002 2973 3073 quod
3005 3002 3234 3072 expedit
3276 3003 3363 3057 vis
3393 3004 3637 3073 discere,

1994 3103 2225 3143 mecum
2255 3089 2452 3144 statim
2484 3090 2754 3161 navigato
2780 3107 2793 3156 ;
2824 3088 2873 3145 si
2897 3089 3065 3161 nolis,
3099 3090 3317 3162 reliqua
3339 3092 3508 3164 signa
3536 3094 3640 3149 do-

1996 3176 2198 3231 micilii
2230 3176 2342 3232 mei
2373 3182 2431 3232 et
2461 3194 2709 3250 quorum
2740 3177 2992 3233 volueris
3012 3178 3115 3232 tibi
3141 3179 3309 3235 hodie
3339 3181 3551 3250 dicam,
3577 3187 3642 3238 ut

227 3267 343 3343 ἐρῶ
376 3269 440 3339 ³⁸,
493 3266 576 3319 ἶνα
614 3266 703 3321 ὅτε
755 3264 941 3342 βούλει
990 3265 1160 3322 ἐλθὼν
1202 3264 1423 3340 ἐπιστῇς
1455 3267 1616 3339 ἡμῖν’
1646 3264 1755 3339 ἐγὼ
1782 3264 1883 3341 γὰρ

1998 3266 2230 3337 quando
2260 3265 2510 3322 volueris
2542 3267 2757 3332 venire,
2791 3268 2959 3323 nobis
2989 3284 3295 3323 occurras:
3330 3286 3434 3342 ego
3482 3272 3640 3327 enim

227 3354 426 3431 αὔριον
476 3354 812 3431 πορεύσομαι
858 3354 944 3410 ἐπὶ
989 3356 1057 3410 τὰ
1101 3354 1357 3429 ἐμαυτοῦ.
1408 3356 1510 3412 Καὶ
1558 3352 1624 3425 δὴ
1675 3352 1888 3409 ἀδυσώ-

228 3466 414 3516 πητον
469 3442 596 3498 ἰδὼν
650 3443 915 3512 συνῆλθον
966 3444 1111 3516 αύτῷ
1161 3443 1329 3519 μέχρι
1368 3448 1466 3498 τοῦ
1496 3443 1742 3517 λιμένοςο
1800 3445 1889 3497 καὶ

238 3535 431 3607 μαθὼν
484 3534 609 3608 παρ’
656 3533 821 3588 αὐτοῦ
866 3535 998 3606 ἅπερ
1051 3530 1206 3607 ἔλεγε
1233 3537 1434 3605 σημεῖα
1460 3536 1569 3587 τῶν
1600 3532 1888 3602 οἰκήσεων,

238 3620 380 3698 ἔφην
430 3621 601 3691 αύτῷ*
645 3621 709 3675 Εἰ
754 3622 831 3693 μή
883 3621 964 3675 ὅτι
995 3618 1179 3694 αὔριόν
1210 3640 1264 3674 τι
1293 3621 1506 3675 ἀπαιτῶ
1538 3615 1893 3699 ὀφειλόμενόν

243 3733 368 3785 μοι,
400 3710 453 3780 ἐξ
500 3710 666 3780 αὐτῆς
718 3708 777 3764 ἂν
835 3731 917 3765 σοι
968 3709 1250 3765 συέπλεον·
1291 3707 1439 3779 πλὴν
1489 3709 1681 3785 τάχιόν
1713 3730 1772 3765 σε
1800 3730 1893 3764 κα-

235 3799 592 3873 ταλήψομαι.
649 3798 748 3853 Καὶ
785 3803 954 3854 ταῦτα
984 3799 1174 3869 εἰπὼν,
1204 3799 1294 3855 καὶ
1324 3802 1368 3837 ⁴⁹
1395 3800 1763 3873 παραθέμενος
1795 3798 1889 3854 αύ-

232 3889 332 3944 τὸν
364 3893 481 3949 τοῖς
509 3892 607 3942 τοῦ
653 3886 855 3943 πλοίου
903 3886 1229 3964 ἡγουμένοις
1261 3888 1587 3967 ὑπέστρεφον
1621 3887 1894 3961 Λυπούμε-

234 4000 354 4045 νος,
385 3976 735 4049 μεμνημένος
766 3981 863 4031 τοῦ
892 3977 1065 4033 καλοῦ
1094 3977 1183 4033 καὶ
1212 3979 1474 4049 συνήθους
1507 3977 1692 4056 φίλου.

314 4071 418 4124 30
447 4068 559 4123 XV.
609 4068 853 4138 Ἠμερῶν
904 4063 963 4121 δὲ
1011 4063 1313 4142 διατρίψας,
1360 4066 1451 4121 καὶ
1500 4068 1561 4121 τὸ
1592 4065 1756 4143 χρέος
1786 4066 1893 4141 οὐχ

239 4156 374 4210 ὅλον
424 4150 615 4210 λαϐεῖν
652 4152 917 4224 δυνηθεὶς,
946 4156 1149 4231 τάχους
1180 4152 1336 4210 ’ἑνεκα
1360 4153 1643 4228 ἀμελήσας
1668 4160 1764 4210 τοῦ
1794 4176 1890 4210 πε-

242 4245 637 4321 ριλειφθέντος,
688 4244 764 4305 ὡς
815 4241 1081 4316 ἐμποδίου
1130 4239 1309 4312 ὄντος,
1340 4243 1429 4299 καὶ
1460 4244 1620 4306 αὐτὸς
1653 4242 1729 4306 εἷς
1762 4245 1894 4300 Ἰου-

246 4331 402 4388 ὂαίαν
460 4332 795 4399 ἀπέπλευσα,
824 4332 914 4387 καὶ
970 4329 1256 4388 δεκαπέντε
1281 4336 1325 4370 ⁵ο
1362 4334 1585 4408 ἡμερῶν
1636 4330 1711 4393 εἰς
1767 4337 1894 4387 Και-

242 4424 457 4497 σάρειαν
525 4424 837 4492 κατήντησα
882 4424 980 4489 τήν
1038 4420 1377 4496 Στράτωνος.
1446 4416 1761 4483 Ἐπιϐάνοος
1835 4417 1894 4477 δέ

249 4532 356 4584 μου
403 4518 503 4581 τῆς
549 4518 652 4586 γῆς
701 4512 789 4565 καὶ
836 4509 1004 4581 ξενίαν
1049 4509 1394 4586 θηρωμένου,
1444 4506 1644 4583 ἔμαθον
1672 4509 1757 4565 ὅτὶ
1787 4509 1892 4566 [ιὲ-

1999 3372 2128 3410 cras
2158 3355 2229 3410 ad
2260 3370 2389 3410 mea
2420 3372 2511 3410 me
2542 3356 3070 3428 recipiam.Videns
3100 3357 3297 3429 itaque
3320 3358 3643 3415 inexorabi-

1999 3443 2112 3499 lem
2146 3461 2295 3515 esse,
2324 3444 2635 3500 comitatus
2682 3462 2814 3500 sum
2863 3461 2995 3500 eum
3029 3462 3218 3517 usque
3265 3447 3333 3501 ad
3369 3454 3640 3519 portum;

2000 3533 2369 3605 acceptisque
2397 3534 2467 3589 ab
2499 3549 2565 3589 eo
2587 3533 2772 3605 signis
2796 3549 2925 3606 qua:
2946 3534 3169 3589 dixerat
3190 3536 3639 3606 domiciliorum,

2000 3622 2117 3676 dixi
2150 3620 2271 3676 illi:
2304 3621 2426 3676 Nisi
2458 3638 2586 3676 cras
2608 3621 2821 3691 aliquid
2856 3624 3010 3693 quod
3042 3624 3183 3678 mihi
3208 3625 3449 3679 debetur
3478 3642 3642 3697 repe-

2000 3712 2217 3767 titurus
2248 3727 2458 3766 essem.
2483 3711 2731 3781 jamjam
2762 3714 2957 3766 tecum
3004 3713 3333 3782 navigarem
3362 3731 3375 3780 ;
3410 3715 3524 3769 cito
3556 3720 3643 3769 ta-

2002 3818 2136 3857 men
2165 3806 2221 3855 te
2251 3816 2551 3871 assequar.
2589 3801 2675 3863 Et,
2699 3800 2791 3854 his
2821 3800 3012 3867 dictis,
3035 3802 3557 3874 commendatoque
3578 3820 3644 3859 eo

2001 3890 2168 3947 navis
2200 3888 2562 3957 ductoribus,
2586 3904 2853 3944 reversus
2871 3906 3000 3946 sum
3030 3889 3237 3956 tristis,
3261 3907 3484 3947 memor
3501 3891 3643 3947 boni

1999 3983 2057 4035 et
2086 3976 2388 4033 concordis
2419 3976 2611 4032 amici.

2071 4067 2185 4124 XV.
2219 4067 2453 4138 Aliquot
2483 4071 2678 4121 autem
2711 4067 2835 4121 dies
2868 4071 3152 4133 moratus,
3175 4085 3240 4123 ac
3271 4073 3457 4124 totum
3489 4068 3649 4125 debi-

2000 4159 2127 4211 tum
2158 4155 2413 4226 recipere
2443 4172 2557 4210 non
2588 4154 2808 4219 valens,
2840 4160 3073 4226 propter
3095 4157 3523 4213 festinationem
3556 4174 3647 4214 re-

2002 4244 2164 4315 liquo
2195 4243 2475 4314 neglecto,
2503 4242 2656 4314 quod
2692 4242 3109 4314 impedimento
3140 4251 3311 4315 esset,
3345 4245 3470 4319 ipse
3500 4262 3650 4318 quo-

2003 4350 2116 4403 que
2145 4333 2206 4386 in
2237 4331 2502 4387 Judaeam
2533 4332 2853 4403 enavigavi,
2877 4336 2934 4387 et
2953 4332 3387 4404 quintodecimo
3408 4336 3501 4390 die
3526 4335 3650 4390 Cae-

2003 4438 2231 4478 saream
2264 4420 2552 4476 Stratonis
2596 4420 2820 4475 adveni.
2867 4420 3130 4493 Cumque
3178 4420 3393 4478 terram
3426 4423 3650 4495 tetigis-

2004 4526 2150 4575 sem,
2181 4514 2239 4565 et
2266 4509 2587 4581 hospitium
2627 4508 3059 4581 investigarem,
3105 4513 3300 4582 accepi
3332 4513 3648 4583 quemdam

242 4620 373 4674 τρος
419 4621 505 4660 τις
557 4598 875 4676 λεγόμενος,
922 4603 1020 4653 τοῦ
1065 4598 1116 4654 έν
1169 4597 1413 4670 Ἰουδαίᾳ
1443 4598 1779 4677 εἷσφανέντος
1808 4597 1884 4653 ἀν-

2004 4598 2238 4654 nomine
2274 4597 2525 4660 Petrum,
2549 4597 2655 4651 viri
2682 4597 2838 4654 illius
2869 4598 2966 4669 qui
2987 4598 3045 4653 in
3076 4598 3280 4654 Judzea
3300 4604 3651 4670 conspectus

250 4685 380 4759 δρὸς
425 4694 521 4742 τοῦ
552 4694 754 4760 σημεῖα
781 4689 869 4741 καὶ
908 4689 1102 4764 τέρατα
1132 4686 1499 4759 πεποιηκότος
1530 4688 1558 4742 ὁ
1590 4684 1895 4760 δοκιμώτασ-

251 4797 347 4839 τος
379 4777 638 4852 ὑπάρχων
685 4778 955 4849 μαθητής,
987 4774 1172 4850 αὔριον
1208 4777 1414 4851 Σίμωνι
1443 4780 1523 4849 τῷ
1554 4776 1658 4831 ἀπὸ
1690 4780 1889 4840 Γιτθῶν

254 4872 498 4941 Σαμαρεῖ
578 4868 801 4936 ζήτησιν
866 4871 1099 4921 ποιεῖται
1164 4864 1364 4941 λόγων.
1426 4866 1572 4940 Ἐγὼ
1622 4862 1680 4920 δὲ
1726 4868 1892 4920 ταῦτα

251 4955 480 5017 ἀκούσας
527 4952 751 5025 ἐδεήθην
801 4956 900 5025 τὴν
952 4954 1149 5010 τούτου
1200 4975 1293 5027 μοι
1347 4955 1653 5028 μηνυθῆναι
1698 4956 1889 5026 μονήν.

250 5042 345 5098 καὶ
390 5044 539 5115 ὁμῶς
589 5042 787 5115 ἔμαθον
836 5044 925 5098 καὶ
974 5047 1054 5115 τῷ
1086 5041 1301 5098 πυλῶνι
1332 5041 1582 5113 ἐπέστην.
1616 5042 1891 5115 Θεασάμε-

252 5152 339 5185 νοι
369 5127 424 5186 δὲ
454 5132 505 5186 oi
546 5131 597 5187 έν
627 5136 706 5204 τῷ
736 5129 871 5205 οἷ’κῳ
908 5126 1203 5187 ἀντέϐαλον
1231 5133 1275 5169 ⁵1
1308 5129 1391 5193 τίς
1418 5151 1478 5188 τε
1504 5130 1577 5186 ὣν
1607 5131 1698 5186 καὶ
1726 5130 1889 5185 πόθεν

2003 4692 2113 4757 est,
2147 4686 2361 4758 quippe
2388 4686 2559 4756 signa
2584 4689 2640 4739 et
2672 4687 2936 4758 prodigia
2964 4687 3118 4753 fecit,
3166 4687 3649 4758 probatissimum

2001 4774 2382 4847 discipulum,
2415 4773 2667 4828 crastino
2689 4774 2781 4829 die
2812 4791 2944 4829 cum
2968 4775 3204 4831 Simone
3224 4793 3291 4831 ex
3313 4775 3526 4831 Gittbis
3544 4776 3651 4831 Sa-

2004 4864 2293 4919 maritano
2315 4878 2443 4917 esse
2469 4861 2925 4932 disputaturum.
2952 4863 3175 4929 Quibus
3194 4863 3429 4929 auditis,
3450 4862 3651 4936 rogavi

2001 4952 2163 5008 illius
2194 4951 2559 5006 mansionem
2592 4950 2737 5005 mihi
2759 4950 3000 5007 indicari
3026 4969 3039 5007 :
3074 4956 3128 5008 et
3155 4951 3331 5008 simul
3362 4957 3538 5024 atque
3566 4953 3653 5009 di-

2003 5042 2138 5111 dici,
2172 5046 2382 5113 przesto
2415 5040 2497 5095 fui
2527 5039 2598 5095 ad
2633 5040 2803 5095 fores.
2835 5043 2908 5097 At
2952 5041 3036 5097 illi
3066 5043 3125 5097 in
3158 5043 3352 5109 domo,
3387 5059 3518 5098 cum
3556 5058 3652 5097 me

2001 5132 2286 5195 viderent,
2317 5128 2468 5184 inter
2496 5144 2558 5184 se
2597 5130 2991 5198 conferebant,
3041 5132 3310 5203 quisnam
3342 5148 3553 5202 essem,
3585 5148 3653 5187 ao

1597 5248 1841 5304 VARle
1890 5246 2301 5304 LECTIONES.

331 5346 630 5420 ⁴¹θεότητα
658 5347 719 5404 C.
799 5348 845 5384 ⁴²
873 5344 1075 5414 ἀληθές
1106 5340 1332 5420 λέγοντα
1360 5350 1425 5403 Ο,
1459 5346 1837 5420 subsequens
1869 5341 1884 5398 ἓ

1998 5344 2210 5420 addidit
2233 5348 2291 5413 S,
2324 5345 2559 5420 auctore
2590 5342 2816 5420 Rufino,
2848 5343 2966 5420 Rea.
3002 5359 3041 5412 ι,
3075 5348 3137 5420 9,.
3201 5344 3246 5420 f3
3275 5343 3431 5398 ὃτοον
3483 5343 3654 5420 Liber

260 5417 469 5489 Regius
494 5413 619 5487 804,
651 5420 800 5490 quod
833 5413 1084 5489 prmétal.
1162 5413 1209 5454 ‘3
1236 5419 1377 5475 Vbb.
1430 5416 1523 5477 οὕς
1570 5413 1806 5485 ⁴ἤκουσας
1856 5434 1884 5472 o

2029 5422 2092 5490 ρ·
2148 5416 2305 5490 Idem
2356 5413 2497 5490 κατά

260 5488 451 5569 map:
507 5492 549 5525 ⁸⁸
583 5488 720 5569 Leg.
755 5488 953 5569 χρόνον
987 5490 1227 5569 exfpjt.
1262 5507 1311 5569 (ἰ.
1345 5489 1597 5569 l3.'Vid.
1631 5493 1884 5569 Heruli,

2043 5488 2107 5542 D.
2184 5488 2228 5521 ’⁸⁷
2253 5488 2365 5537 ἐπεί
2415 5503 2477 5557 γε
2518 5488 2584 5535 τά
2628 5488 2687 5539 C.
2771 5488 2814 5520 ‘8
2862 5505 2934 5556 γν.

510 5579 605 5634 ap.
643 5556 986 5634 _él.'i'et_‘S._
1053 5562 1099 5595 5°
1126 5556 1237 5634 ’8ιᾲ
1275 5557 1563 5634 δεκαπέντε
1607 5560 1759 5634 conj.
1810 5556 1884 5624 Ο,

1998 5578 2004 5634 ε
2058 5563 2147 5634 est
2184 5557 2242 5634 in
2275 5556 2576 5634 cpdx’Reg.
2603 5557 2715 5634 βρίι
2745 5561 2815 5634 et_
2832 5556 3059 5634 Epit.'c.
3096 5559 3179 5634 lii.

2545 5429 2600 5487 ρ.
2640 5413 2807 5487 ’κάγώῗ
2872 5415 2916 5451 ⁸⁸
2969 5413 3373 5484 συμπλεύσωσι,
3433 5418 3652 5487 omisso

2862 5489 3082 5559 γνωριῶ
3125 5492 3163 5540 C
3210 5492 3266 5542 et
3313 5489 3410 5552 Ep'
3488 5489 3532 5522 ‘9
3562 5484 3652 5540 καί

2862 5560 2973 5611 ivit.
3010 5574 3059 5611 c.
3096 5559 3179 5611 14.
3259 5559 3301 5594 ⁸1
3332 5558 3652 5611 θεασάμενον

3366 5600 3451 5611 »νῦν

2184 5488 2228 5521 ’⁸⁷
2253 5482 2365 5537 ἐπεί
2415 5503 2477 5557 γε
2518 5482 2584 5535 τά
2628 5485 2687 5539 C.
2732 5482 2814 5520 ἠ

258 5625 317 5705 ἐξ
339 5630 392 5705 οἱ
419 5630 470 5685 ἐν
498 5623 577 5705 τῷ
606 5632 744 5705 οἴκῳ
776 5626 1081 5705 ἆντέϐαλονᾼ
1100 5635 1165 5705 Ο,
1198 5625 1531 5705 ἀντέϐαλλον
1553 5623 1749 5705 falli.
1802 5623 1884 5705 0t:

1998 5629 2041 5684 is
2085 5632 2147 5702 Ο,
2196 5627 2247 5682 οἱ
2304 5623 2350 5681 δ’
2398 5623 2737 5684 ἀντέϐαλλον
2786 5631 2823 5689 S
2853 5623 2921 5685 ἐκ
2959 5632 3087 5686 cod.
3119 5630 3245 5704 804,
3279 5629 3378 5705 qui
3411 5623 3571 5688 addit
3598 5628 3650 5685 οἱ

262 5697 307 5759 δ’
336 5698 384 5759 ἰν
412 5706 488 5776 τῷ
516 5695 675 5778 οῗκῳ.
710 5695 772 5761 in
804 5706 944 5779 Epit.
976 5720 1028 5760 c.
1058 5695 1167 5761 44}
1197 5702 1519 5779 θεασάμενοι
1549 5698 1607 5757 δὲ
1639 5700 1691 5757 o't
1709 5695 1774 5759 ’ἐν
1804 5703 1885 5776 τῷ
1915 5695 2074 5776 οἷόιῳ.
