4064 6330
482 355 553 412 71
1311 351 1375 411 S.
1422 346 1862 411 CLEMENTIS
1907 347 1928 409 I
1970 358 1996 411 ὶ
2030 345 2121 409 0N

2233 345 2446 409 PONT.
2491 346 2751 408 OPERA
2796 342 3056 409 DUBIA.
3806 357 3879 415 72

482 487 639 543 unde
657 483 936 541 venirem.
970 485 1039 543 Et
1062 502 1193 543 ecce
1244 485 1539 542 Barnabas
1592 473 1902 557 egressus,
1927 485 2121 538 statim

2240 475 2380 546 ἥκω.
2431 475 2529 533 Καὶ
2580 474 2698 533 ἰδοὺ
2748 476 3029 554 Βαρνάοας
3079 471 3238 541 ἐκϐάς
3284 479 3397 552 ἅμα
3424 487 3505 555 τῷ
3538 479 3669 538 ἰδεῖν
3701 485 3750 527 ⁸³
3790 506 3879 540 πε-

482 578 547 631 ut
575 574 737 642 vidit,
770 575 1107 647 complexus
1126 579 1217 632 est
1248 591 1360 645 me,
1389 574 1645 630 multum
1675 575 1937 647 gaudens
1959 589 2025 628 ac
2049 572 2126 627 la-

479 678 786 735 crymans;
819 663 1297 736 apprehensaque
1330 680 1506 719 manu
1540 680 1689 730 mea,
1724 660 2124 718 introduxitin

479 750 673 807 locum
709 751 805 807 ubi
837 756 958 807 erat
988 752 1218 820 Petrus,
1252 752 1514 824 dixitque
1556 751 1738 807 mihi:
1774 751 1877 807 Hic
1902 754 1990 806 est
2022 750 2124 805 Pe-

476 844 627 911 trus,
647 856 819 914 quem
845 840 1166 897 maximum
1191 842 1246 897 in
1272 841 1673 913 Deisapientia
1694 841 1799 896 tibi
1822 839 2127 895 denuntia-

478 929 636 999 bam,
670 930 762 986 cui
793 929 1031 987 assiduo
1061 931 1133 987 de
1158 933 1213 987 te
1243 929 1707 1003 loquebar.Ultro
1730 928 2123 1000 igituringre-

477 1019 612 1075 dere
637 1036 651 1087 ;
677 1018 955 1091 quoniam
983 1035 1114 1091 quae
1146 1019 1203 1075 in
1234 1024 1290 1076 te
1320 1021 1472 1075 bona
1499 1023 1658 1086 sunt,
1681 1035 1810 1075 vere
1842 1016 1923 1074 illi
1953 1032 2123 1072 enar-

478 1106 623 1177 ravi,
655 1108 950 1179 simulque
980 1108 1357 1164 manifestum
1400 1108 1503 1163 feci
1532 1108 1896 1180 propositum
1929 1110 2122 1173 tuum,

476 1194 559 1251 ita
589 1199 655 1251 ut
680 1195 806 1267 ipse
836 1195 1013 1252 etiam
1046 1200 1100 1252 te
1128 1196 1323 1252 videre
1363 1201 1547 1253 aveat.
1592 1199 1863 1268 Magnum
1895 1210 2030 1267 ergo
2070 1192 2123 1250 ei

477 1300 690 1340 manus
720 1287 776 1341 te
808 1284 1081 1340 manibus
1104 1284 1249 1340 meis
1271 1285 1469 1341 offero.
1503 1286 1665 1350 Quod
1691 1300 1825 1340 cum
1858 1284 2121 1353 dixisset,

476 1373 668 1430 oblato
704 1390 813 1441 me,
847 1374 963 1429 ait:
996 1373 1099 1429 Hic
1128 1380 1219 1430 est
1248 1373 1536 1445 Clemens,
1571 1375 1752 1429 Petre.

549 1462 693 1518 XVI.
726 1464 796 1517 At
824 1462 1015 1517 bonus
1046 1466 1270 1529 Petrus,
1303 1461 1480 1519 simul
1523 1479 1589 1518 ac
1620 1478 1832 1517 nomen
1878 1459 2119 1532 audivit,

479 1552 730 1624 prosiliit
757 1556 815 1607 et
844 1551 1140 1609 osculatus
1188 1556 1297 1620 est,
1329 1569 1396 1609 ac
1439 1552 1639 1608 sedere
1691 1567 1784 1607 me
1814 1550 1967 1620 fecit,
1998 1554 2124 1606 sta-

478 1641 699 1712 timque
724 1639 869 1697 dixit
894 1658 906 1698 :
936 1641 1109 1698 Recte
1133 1640 1336 1710 fecisti,
1360 1656 1680 1713 praeconem
1706 1640 1967 1696 veritatis
1990 1640 2122 1695 Bar~

477 1731 690 1786 nabam
714 1729 1005 1802 hospitem
1035 1730 1396 1802 excipiendo,
1431 1746 1642 1802 magno
1687 1730 1883 1786 animo
1912 1728 1973 1784 in
2002 1728 2121 1784 veri

2236 564 2507 641 ριεπλάκη
2543 588 2660 640 μοι,
2692 566 2836 622 πολὺ
2866 566 3074 642 χαίρων
3107 567 3195 621 καὶ
3223 565 3488 645 δακρύωνσ
3523 571 3612 627 καὶ
3644 568 3879 647 λαϐόμε-

2233 653 2324 717 νός
2380 675 2484 728 μου
2530 661 2632 725 τῆς
2671 656 2869 732 χειρὸς·
2904 654 3169 734 εἰσέφερεν
3224 655 3346 712 ἔνθα
3374 659 3441 729 ἦν
3486 661 3513 715 ὁ
3545 661 3770 735 Πέτρος,
3800 662 3881 719 λέ-

2231 762 2341 819 γων
2374 764 2489 815 μοι.
2517 740 2689 805 Οὗτός
2721 742 2830 798 ἐστι
2862 745 3088 819 Πέτρος,
3122 744 3179 799 δν
3217 744 3463 823 μέγιστον
3519 748 3605 804 ἐπὶ
3656 754 3723 824 τῇ
3785 756 3890 806 τοῦν

2233 833 2368 886 Θεοῦ
2411 830 2572 910 σοφίᾳ
2620 830 3025 909 ἐπηγγειλάμην
3060 836 3104 870 ⁵³
3150 854 3256 906 σοι,
3307 836 3353 908 ᾦ
3396 837 3680 901 ἀπαύστως
3712 860 3766 894 σε
3795 839 3879 894 ἀν-

2230 914 2522 977 τέϐαλλον.
2573 921 2660 983 Ὠς
2708 922 2865 976 εἷ’σιθι
2919 922 2977 977 ἐκ
3022 925 3386 996 ταυτομάτου,
3443 925 3526 982 ὅτι
3565 928 3633 983 τά
3660 929 3794 983 κατᾶ
3821 929 3877 983 σὲ

2230 1006 2374 1064 καλά
2402 1008 2529 1065 ὄντα
2560 1007 2806 1085 ἀψευδῶς
2836 1006 3193 1081 ἀντέϐαλλον,
3226 1015 3289 1085 ⁸⁸,
3323 1013 3438 1087 ἆμα
3461 1016 3550 1070 καὶ
3569 1018 3669 1087 τὴν
3692 1018 3878 1094 προαίο

2232 1115 2374 1172 ρεσιν
2425 1096 2649 1175 ἐξέφηνα
2678 1101 2741 1157 ⁸⁵.
2793 1100 2869 1163 ὡς
2916 1098 3074 1155 αὐτὸν
3123 1099 3410 1178 γλίχεσθαι
3462 1103 3552 1159 καί
3601 1103 3730 1161 ἰδεῖν
3799 1130 3874 1166 σε.

2231 1187 2383 1262 Μέγα
2415 1185 2505 1242 οὖν
2535 1187 2681 1261 αὐτῷ
2710 1182 2883 1263 δῶρόν
2917 1208 2973 1244 σε
3005 1185 3094 1244 διὰ
3112 1194 3222 1245 τῶν
3257 1190 3404 1263 ἐμῶν
3437 1189 3727 1273 προσφέρω
3766 1216 3878 1272 χει-

2231 1278 2364 1351 ρῶν.
2412 1274 2514 1333 Καὶ
2564 1280 2725 1333 τοῦτο
2779 1276 2968 1349 εἰπὼν,
2999 1278 3383 1356 προσενέγκας·
3417 1279 3540 1360 ἔφη’
3571 1282 3738 1348 Οὗτός
3768 1285 3878 1344 ἐστι

2231 1361 2489 1438 Κλήμης,
2515 1366 2701 1441 Πέτρε.

2303 1456 2402 1511 89
2432 1456 2573 1513 XVI.
2604 1461 2659 1511 Ὀ
2682 1453 2740 1510 δὲ
2761 1454 2981 1532 ἀγαθὸς,
3004 1454 3400 1533 προσπηδήσας
3420 1460 3532 1533 ἅμα
3552 1465 3630 1536 τῷ
3650 1461 3875 1520 ἀκοῦσαι

2232 1540 2296 1597 τὸ
2328 1537 2521 1617 ὄνομα,
2553 1544 2928 1623 κατεφίλησεν,
2961 1546 3051 1601 καὶ
3087 1545 3515 1623 ἐγκαθιστῆναίδδ
3547 1571 3614 1624 με
3642 1554 3878 1624 ποιήσας

2231 1630 2453 1702 ἐξαυτῆς
2502 1628 2625 1712 ἔφη’
2678 1628 3188 1706 Καλῶς’ἐποίησας
3239 1637 3331 1693 τὸν
3380 1645 3481 1709 τῆς
3509 1638 3739 1711 ἀληθεία
3775 1644 3877 1714 κή-

2231 1741 2366 1798 ρυκα
2395 1720 2599 1792 ξενίσας
2632 1717 2935 1798 Βαρνάϐαν,
2968 1724 3047 1786 εἱς
3075 1725 3244 1798 τιμὴν
3287 1730 3383 1781 τοῦ
3426 1722 3596 1791 ὅντως
3625 1732 3668 1766 ⁵⁷
3714 1736 3874 1803 Θεοῦ,

480 1819 573 1874 Dei
607 1817 908 1890 honorem,
940 1817 1196 1874 furorem
1245 1818 1531 1892 imperita:
1579 1816 1976 1874 multitudinis
2004 1833 2120 1872 non

2234 1808 2681 1887 μεγαλοφρόνως,
2725 1810 2824 1866 οὐκ
2871 1809 3156 1883 αἰδεσθεὶς,
3204 1812 3267 1868 ού
3318 1809 3573 1892 φοϐηθεὶς
3625 1816 3717 1872 τὸν
3764 1824 3875 1875 τῶν

475 1908 716 1963 veritus.
752 1911 961 1963 Beatus
990 1905 1126 1963 eris.
1160 1906 1663 1971 Quemadmodum
1695 1906 1853 1962 enim
1884 1910 1945 1962 tu
1976 1904 2123 1961 veri-

482 1996 620 2052 tatis
647 1995 904 2068 legatum
937 1995 1020 2051 ita
1048 2012 1182 2052 cum
1222 1996 1380 2052 omni
1413 1996 1630 2051 honore
1678 1994 1954 2067 excepisti
1984 1993 2126 2049 hos—

485 2083 649 2157 pitio,
679 2082 809 2156 ipsa
838 2099 1072 2155 quoque
1101 2088 1155 2139 te
1202 2084 1417 2140 veritas
1463 2084 1776 2155 hospitem,
1809 2099 1931 2138 suae
1962 2081 2125 2138 urbis

484 2174 668 2228 civem
699 2173 1046 2228 constituet:
1102 2176 1359 2245 tuncque
1418 2189 1766 2244 magnopere
1814 2171 2121 2238 lmtaberis,

482 2261 621 2333 quia
668 2278 823 2317 nunc
871 2277 1105 2333 parvam
1157 2261 1473 2317 fceneratus
1520 2261 1790 2332 gratiam,
1836 2260 2123 2315 bonorum

481 2352 610 2406 dico
640 2366 979 2406 sermonum
1011 2348 1389 2419 voluntatem,
1420 2351 1707 2404 bonorum
1752 2351 2123 2414 aeternorum,

482 2455 724 2511 quaeque
755 2436 969 2493 auferri
994 2442 1312 2510 nequeunt,
1339 2437 1520 2494 haeres
1544 2437 1829 2493 efﬁcieris.
1854 2441 1969 2493 Nec
1992 2452 2124 2491 vero

479 2526 739 2582 laborem
772 2527 983 2581 subeas
1014 2525 1296 2581 referendi
1327 2526 1469 2581 mihi
1515 2542 1705 2581 mores
1736 2530 1908 2582 tuos:
1944 2524 2122 2598 siqui-

482 2616 614 2670 dem
647 2614 961 2670 omniatua
982 2614 1150 2671 nobis
1176 2614 1509 2681 edisseruit,
1538 2614 1637 2686 qui
1662 2614 1893 2669 mentiri
1918 2613 2121 2683 nescit,

481 2704 799 2770 Barnabas,
832 2703 949 2759 fore
980 2702 1239 2775 quotidie
1268 2704 1481 2759 bonam
1513 2703 1595 2757 tui
1643 2702 2000 2758 mentionem
2034 2702 2124 2758 fa-

480 2790 663 2848 ciens.
694 2790 884 2863 thue
916 2791 1043 2859 tibi,
1075 2794 1353 2862 tanquam
1387 2792 1614 2847 sincero
1644 2791 1853 2862 amico,
1878 2791 1935 2846 id
1967 2790 2123 2864 quod

483 2896 576 2937 res
605 2884 712 2948 est,
745 2880 996 2936 breviter
1041 2880 1270 2936 dicam:
1309 2879 1421 2936 nisi
1472 2880 1575 2935 tibi
1623 2879 1843 2953 aliquid
1877 2880 2122 2953 impedi-

482 2973 681 3025 mento
710 2972 818 3034 est,
852 2968 961 3023 iter
990 2967 1296 3024 nobiscum
1329 2968 1497 3035 habe,
1550 2985 1615 3025 ac
1646 2969 1873 3041 percipe
1901 2986 2122 3027 sermo-

481 3072 584 3113 nes
614 3056 895 3125 veritatis,
928 3072 1075 3128 quos
1100 3073 1205 3128 per
1224 3056 1488 3128 singulas
1509 3057 1794 3126 civitates,
1819 3057 2007 3130 ipsam
2028 3076 2123 3115 us-

479 3162 593 3219 que
623 3146 890 3212 Romam,
930 3144 1241 3202 habiturus
1273 3163 1427 3202 sum.
1477 3147 1562 3201 Tu
1595 3162 1785 3219 porro,
1818 3147 1867 3204 si
1900 3146 2119 3220 aliquid

475 3235 663 3307 cupis,
696 3235 891 3291 effare.

547 3322 688 3380 XVI.
721 3324 791 3379 Et
843 3340 947 3396 ego
978 3322 1118 3395 quid
1177 3324 1249 3380 ab
1280 3324 1444 3381 initio
1503 3324 1781 3398 propositi
1837 3326 2119 3399 gesserim

478 3412 739 3485 exposui,
771 3415 829 3467 et
852 3429 963 3484 quo
989 3413 1158 3468 modo
1177 3414 1596 3485 quaestionibus
1614 3414 2119 3487 inexPlicabilibus

477 3501 798 3557 exhaustus
831 3501 1062 3573 fuerim,
1121 3509 1443 3574 caeteraque
1501 3520 1627 3574 qua:
1671 3504 1771 3558 tibi
1832 3504 2118 3576 principio

475 3594 645 3646 antea
673 3589 978 3659 declaravi,
1012 3590 1095 3646 uti
1128 3608 1198 3647 ne
1218 3592 1420 3647 eadem
1447 3592 1657 3647 iterum
1686 3592 1958 3647 scribam.
1990 3593 2117 3648 Dixi

473 3684 667 3736 autem
694 3695 707 3736 :
742 3684 991 3737 Paratus
1012 3681 1247 3752 quidem
1280 3698 1411 3736 sum
1434 3686 1625 3737 tecum
1659 3680 1945 3753 proficisci
1969 3699 1983 3750 ;
2009 3681 2117 3737 hoc

472 3769 628 3826 enim
660 3769 856 3825 nescio
906 3771 1197 3841 quomodo
1247 3770 1417 3841 cupio
1466 3769 1671 3825 laetus:
1720 3787 1920 3826 verum
1953 3769 2117 3843 prius

469 3857 597 3914 volo
628 3859 840 3915 certior
868 3859 939 3914 de
961 3858 1199 3917 veritate
1226 3857 1369 3927 fieri,
1402 3862 1468 3914 ut
1498 3860 1677 3914 sciam
1698 3865 1894 3914 utrum
1920 3861 2120 3915 anima

474 3946 740 4004 mortalis
771 3947 868 4015 sit,
887 3964 958 4002 an
981 3946 1331 4003 immortalis
1357 3964 1370 4015 ;
1398 3951 1455 4002 et
1483 3946 1531 4002 si
1554 3947 1911 4020 sempiterna
1931 3948 2026 4018 sit,
2041 3966 2115 4005 an

472 4037 545 4092 ob
575 4051 643 4092 ea
672 4053 799 4108 quae
829 4036 922 4092 hic
954 4036 1157 4110 gessit,
1208 4035 1455 4108 iudicari
1488 4035 1733 4092 debeat:
1780 4036 1917 4092 item
1958 4054 2029 4092 an
2061 4041 2118 4093 et

470 4125 608 4195 quid
640 4124 691 4180 si
711 4125 943 4197 justum
972 4142 1040 4183 ac
1070 4126 1186 4183 Deo
1215 4128 1448 4199 gratum
1478 4142 1490 4182 :
1543 4128 1822 4198 praeterea
1851 4126 2117 4183 factusne

471 4213 550 4269 sit
580 4214 859 4283 mundus,
891 4218 950 4271 et
977 4231 1157 4286 quare
1188 4216 1411 4272 factus:
1445 4218 1502 4271 et
1532 4218 1733 4270 utrum
1765 4230 1879 4269 non
1912 4214 2119 4272 dissol-

468 4306 655 4370 vetur,
689 4320 761 4358 an
793 4303 1164 4373 dissolvetur,
1198 4309 1255 4362 et
1284 4323 1356 4362 an
1391 4302 1595 4361 melior
1629 4304 1884 4371 futurus,
1916 4321 1983 4360 ac
2014 4322 2118 4363 nec

468 4391 707 4449 futurus
738 4392 977 4449 omnino
1004 4411 1017 4450 :
1050 4412 1115 4451 ac
1147 4411 1219 4453 ne
1250 4393 1485 4468 singula
1510 4409 1853 4466 prosequar,
1883 4393 2007 4450 haec
2036 4399 2119 4452 at-

472 4496 585 4553 que
614 4482 1025 4553 consequentia
1054 4483 1170 4539 dixi
1196 4500 1285 4540 me
1316 4483 1460 4540 velle
1481 4481 1726 4539 edoceri.
1751 4484 1822 4539 At
1843 4481 1937 4539 ille
1957 4485 2026 4540 ad
2050 4500 2119 4541 ea

2231 1895 2566 1954 ἀπαιδεύτων
2599 1894 2787 1976 ὄχλων
2818 1900 3010 1973 θυμόν.
3031 1902 3307 1978 Μακάριος
3336 1899 3543 1978 ἔσῃ.Ὦς
3565 1905 3706 1983 γᾶηρ
3740 1907 3801 1963 σὺ
3832 1912 3878 1947 ⁵⁸

2228 1987 2319 2042 τὸν
2362 1994 2466 2058 τῆς
2508 1987 2769 2057 ἀληθείας
2814 1983 3153 2064 πρεσϐευτὴν
3205 1988 3377 2053 οὕτως
3438 1992 3668 2063 ἐξένισας
3732 1996 3879 2071 πάσῃ

2234 2078 2392 2150 τιμῇ,
2442 2075 2531 2131 καὶ
2581 2077 2715 2148 αὐτή
2749 2098 2807 2133 σε
2856 2075 3084 2148 ἀλήθεια
3124 2077 3269 2149 ξένον
3300 2075 3427 2136 ὄντα
3451 2089 3551 2153 τῆς
3586 2081 3723 2147 ἰδίας
3777 2086 3879 2141 πό-

2233 2163 2370 2228 λεως
2394 2167 2716 2236 καταστήσει
2747 2163 3001 2237 πολίτην·
3034 2166 3124 2222 καὶ
3160 2168 3283 2223 τότε
3328 2172 3545 2246 χαρήσῃ
3597 2172 3874 2249 μεγάλως,

2233 2254 2316 2310 δτι
2350 2256 2607 2332 βραχεῖαν
2632 2260 2723 2311 νῦν
2758 2254 3028 2319 ἐδάνεισας
3058 2260 3102 2295 ⁵9
3139 2260 3319 2335 χάριν,
3352 2261 3661 2338 προαίρεσιν
3689 2263 3869 2340 λόγων

2235 2343 2417 2400 καλῶν
2471 2343 2641 2420 λέγω,
2696 2345 2787 2400 καὶ
2840 2343 3027 2401 ἀϊδίων
3087 2347 3174 2402 καὶ
3241 2348 3606 2425 ἀναφαιρέτων
3663 2352 3882 2428 ἀγαθῶν

2234 2430 2326 2508 ἔσῃ
2353 2431 2718 2508 κληρονόμος.
2757 2434 2855 2490 Καὶ
2891 2436 2966 2508 μὴ
2998 2436 3170 2509 κάμνε
3198 2433 3545 2494 ἀντιϐάλλειν
3569 2461 3662 2514 μοι
3690 2444 3751 2496 τὸ
3785 2444 3880 2498 σὸν

2232 2522 2385 2592 ἦθος·
2419 2524 2590 2578 πάντα
2620 2522 2723 2600 λὰρ
2752 2524 2819 2579 τά
2846 2525 2983 2579 κατᾶ
3023 2526 3079 2579 σε
3112 2527 3138 2579 ὁ
3188 2524 3424 2600 ἀψευδής
3456 2531 3502 2565 ⁶⁰
3540 2531 3675 2602 ἡμῖν
3722 2530 3877 2586 ἀντὲ-

2234 2609 2370 2668 λαλε
2394 2607 2690 2686 Βαρνάϐας,
2716 2611 2908 2689 σχεδὸν
2935 2615 3052 2669 καθ’
3081 2614 3287 2691 ἡμέραν
3317 2618 3416 2685 τὴν
3462 2618 3665 2693 ἀγαθήν
3701 2639 3798 2675 σου
3828 2623 3877 2661 δι

2231 2701 2560 2774 πνιούμενος
2597 2703 2840 2775 μνήμην.
2874 2702 2971 2757 Καὶ
2995 2700 3088 2758 ἵνα
3117 2725 3201 2759 σοι
3233 2703 3284 2759 ἐν
3318 2704 3577 2780 ἐπιτομῇ,
3610 2707 3686 2771 ὡς
3733 2731 3877 2785 γνη-

2232 2787 2334 2863 σίῳ
2360 2789 2506 2867 φίλω
2528 2791 2675 2862 ⁸⁸,τὸ
2695 2789 3053 2866 προκείμενον
3074 2791 3200 2867 ἐρῶ,
3226 2792 3269 2847 εἰ
3296 2793 3465 2865 μήσοί
3494 2814 3545 2848 τι
3567 2793 3876 2871 ἐμποδίζει,

2237 2875 2552 2933 συνόδευσον
2600 2881 2758 2953 ἡμῖν,
2796 2875 3229 2953 μεταλαμϐάνων
3275 2886 3383 2935 τῶν
3456 2889 3558 2953 τῆς
3614 2883 3877 2956 ἀληθείας

2232 2966 2433 3044 λόγων,
2464 2967 2536 3022 ὧν
2563 2969 2609 3006 ⁸⁸
2645 2967 2781 3023 κατὰ
2810 2966 2969 3023 πόλιν
2997 2970 3265 3023 ποιεῖσθαι
3299 2967 3513 3045 μὲλλω,
3549 2973 3715 3050 μέχρι
3740 2976 3878 3031 Ῥώ-

2234 3076 2341 3130 μης
2374 3055 2563 3128 αὐτῆς.
2599 3057 2696 3112 Καὶ
2727 3056 2789 3112 σὸ
2820 3053 2877 3112 δὲ
2907 3052 2961 3111 εἷ’
2980 3078 3033 3112 τι
3068 3055 3255 3134 βούλει
3288 3057 3433 3135 λέγε.

2302 3327 2469 3383 XVII.
2522 3323 2683 3398 Κάγὼ
2720 3326 2767 3361 ⁸⁸
2809 3322 3063 3396 ἐξεθέμην
3119 3326 3219 3395 τήν
3266 3326 3314 3399 ἐξ
3347 3325 3527 3403 ἀρχῆς
3560 3348 3655 3401 μοι
3685 3330 3881 3406 προαί-

2232 3435 2395 3491 ρεσιν,
2445 3412 2533 3469 καὶ
2573 3413 2646 3475 ὡς
2698 3411 2773 3474 εἷς
2825 3415 3079 3483 ζητήσεις
3129 3414 3365 3491 ἀπόρους
3430 3415 3713 3487 ἐκενώθην,
3782 3420 3877 3473 καὶ

2228 3505 2400 3559 πάντα
2431 3501 2528 3557 ὅσα
2547 3524 2628 3557 σοι
2650 3502 2748 3570 τήν
2770 3500 3341 3578 ἀρχὴνπροεδήλωσα,
3374 3505 3448 3566 ὡς
3478 3508 3580 3563 40
3595 3504 3687 3561 ’ἕνα
3708 3508 3785 3580 μὴ
3806 3508 3878 3562 τὰ

2227 3592 2362 3648 αὐτὰ
2390 3589 2554 3646 πάλιν
2604 3594 2817 3668 γράφω.
2857 3588 3087 3665 Ἔλεγον
3122 3586 3197 3645 δέ·
3234 3591 3329 3646 Σοὶ
3365 3593 3459 3666 μὶν
3494 3593 3732 3667 ετοίμως
3755 3591 3874 3670 ἔχω

2228 3678 2549 3737 συνοδεύων
2583 3684 2742 3734 τοῦτο
2772 3678 2893 3755 γάρ,
2929 3679 3026 3734 οὐκ
3050 3678 3171 3735 οἶδα
3198 3684 3243 3718 δδ
3272 3679 3442 3751 ὅπως,
3472 3682 3679 3758 χαίρων
3699 3681 3783 3737 θὲλ
3799 3704 3870 3738 ω’

2223 3769 2372 3839 πλὴν
2404 3768 2524 3842 περὶ
2550 3766 2809 3837 ἀληθείας
2839 3772 3053 3840 πρῶτον
3084 3766 3576 3848 πληροφορηθῆναι
3600 3770 3873 3845 θὲλω,’ἰνα

2222 3863 2352 3936 γνῶ,
2396 3856 2441 3912 εί
2472 3858 2505 3926 ἡ
2537 3859 2582 3894 ⁸⁸
2627 3858 2779 3931 ψυχὴ
2830 3856 2995 3927 θνητὴ
3025 3856 3300 3933 τυγχάνει,
3342 3859 3376 3927 ἢ
3409 3858 3665 3921 ἀθάνατός
3699 3860 3869 3920 ἐστιν.

2223 3948 2313 4003 καὶ
2344 3946 2389 4001 εἶ
2418 3948 2461 3983 ⁵⁷
2508 3941 2683 4007 ἀίδιος
2739 3942 2891 4014 οὖσα,
2939 3945 3064 4021 περὶ
3116 3947 3189 3999 ὧν
3232 3944 3450 4023 ἔπραξεν
3499 3947 3721 4005 ἐνταῦθα
3748 3946 3872 4025 ἔχει

2224 4036 2494 4113 κριθῆναι·
2545 4034 2635 4088 καὶ
2682 4033 2728 4089 εἴ
2756 4036 2799 4070 ⁵⁸
2840 4032 2894 4088 τί
2942 4034 3073 4089 ποτὲ
3121 4033 3229 4090 ἐστι
3299 4032 3504 4091 δίκαιον
3552 4037 3587 4105 ἢ
3642 4036 3871 4115 ἅρεσκον

2226 4128 2358 4196 Θεῷο
2393 4122 2483 4178 καὶ
2536 4120 2583 4178 εἰ
2633 4122 2821 4198 γὲγονε
2863 4120 3091 4194 κόσμος,
3138 4123 3228 4179 καὶ
3260 4121 3350 4179 διὰ
3377 4123 3429 4179 τί
3461 4123 3669 4201 γέγονε,
3700 4127 3792 4182 καὶ
3828 4126 3877 4182 εἰ

2226 4210 2290 4269 οὒ
2347 4210 2660 4283 λυθήσεται,
2726 4209 2816 4265 καὶ
2864 4208 2914 4266 εἷ’
2967 4209 3279 4283 λυθήσεται’
3338 4214 3428 4268 καὶ
3494 4213 3540 4269 εἰ
3614 4215 3881 4289 κρείττων

2226 4300 2394 4374 ἔσται,
2437 4302 2473 4369 ἢ
2524 4296 2649 4354 οὐδὲ
2697 4296 2861 4353 ἔσται·
2912 4299 3001 4354 καὶ
3039 4296 3131 4354 ’ίνα
3178 4302 3253 4375 μή
3294 4301 3356 4357 τὸ
3384 4303 3499 4358 κατ’
3530 4300 3670 4365 εἶδος
3704 4300 3880 4380 λέγω,

2225 4390 2392 4447 ταῦτά
2436 4410 2494 4444 τε
2519 4391 2566 4426 ⁶⁹
2610 4387 2700 4443 καὶ
2747 4387 2814 4442 τά
2841 4386 3055 4451 τούτοις
3086 4388 3323 4463 ἑπόμενα
3377 4392 3562 4466 μαθεῖν
3600 4391 3752 4447 εἶπον
3782 4392 3882 4457 θὲ-

2228 4479 2364 4538 λειν.
2396 4479 2458 4536 Ὀ
2516 4473 2573 4533 δὲ
2620 4476 2757 4550 πρὸς
2802 4479 2971 4531 ταῦτα
3017 4476 3365 4553 ἁπεκρίνατοο
3421 4478 3715 4554 Συντόμως
3766 4502 3883 4551 σοι,

473 4569 810 4641 respondit:
845 4571 1245 4640 Brevitertibi,
1295 4589 1328 4629 ο
1371 4571 1656 4642 Clemens,
1709 4587 1902 4627 rerum
1934 4571 2120 4631 scien-

2233 4570 2305 4625 ὧν
2338 4566 2602 4639 Κλήμης,
2634 4566 2732 4633 τήν
2762 4566 2869 4620 τῶν
2902 4559 3068 4621 ὅντων
3100 4571 3299 4644 γνῶσιν
3331 4569 3651 4646 παρέξομαισ
3692 4568 3784 4625 καὶ
3810 4571 3889 4626 τὰ

470 4656 615 4714 tiam
645 4657 965 4729 exhibebo;
999 4665 1056 4717 et
1080 4661 1205 4733 jam
1236 4677 1393 4717 nunc
1428 4660 1589 4718 audi.

2231 4662 2323 4715 νῦν
2356 4655 2577 4731 ἐξαυτῆς
2610 4651 2860 4713 ἄκουσον.

1818 4837 2065 4895 VARLE
2104 4835 2517 4897 LECTIONES.

542 4956 764 5017 "ItaS
795 4965 851 5016 et
891 4962 1035 5031 Epit.
1085 4960 1244 5018 εἶ’δεῖν
1291 4967 1349 5020 (2.
1379 4966 1442 5021 Ο.
1519 4963 1564 4998 ⁸³
1623 4959 1766 5035 ἒπηγ
1805 4958 2050 5035 ελλὸμην
2083 4963 2145 5020 C.
2221 4964 2268 5001 ⁸⁸
2327 4963 2391 5019 In
2446 4975 2558 5015 ms.
2628 4956 3093 5015 Clementinorum
3145 4962 3431 5034 scriptum
3489 4961 3740 5019 habetur
3795 4959 3886 5017 ὡ)

542 5027 608 5083 τοι
637 5046 667 5085 e
697 5046 813 5089 quo
844 5033 1077 5089 formari
1112 5039 1307 5089 notest
1338 5034 1413 5089 ὡς
1445 5031 1571 5088 εἷ’σει
1604 4981 1887 5089 inaredere
1917 5037 2092 5089 initur
2144 5037 2212 5089 ut
2238 5034 2410 5089 vertit
2440 5030 2687 5086 Ruﬁnus
2715 5046 2729 5085 :
2763 5024 2888 5084 εἷ’σει
2922 5048 2977 5089 p.
3012 5033 3201 5086 εισισθι
3233 5035 3251 5089 I
3260 5037 3376 5089 imo
3406 5034 3601 5089 notius
3648 5030 3833 5089 εἰσιθιι
3872 5052 3886 5089 :

474 5025 667 5122 eiciot‘e
697 5046 813 5122 quo
844 5025 1077 5089 formari
1111 5034 1421 5122 potestndic.
1445 5031 1571 5122 εἷ’σει
1604 5025 1732 5104 ing);

478 5164 673 5253 ἔϐαλον
705 5164 890 5253 QLU“
922 5175 1003 5253 Ita
1017 5164 1335 5253 'S:_éEé:'(PaV1
1365 5182 1428 5253 Cl
1556 5164 1775 5253 Deinde
1804 5174 2039 5253 leg._(bc

476 5240 882 5310 Ο,καθισθῆναι
942 5248 999 5301 S.
1077 5222 1332 5308 στ’ὂῖντος

1515 5248 1705 5320 Lectio
1761 5247 1943 5302 nostri
1995 5247 2374 5320 codicis'jem

1830 5024 2092 5107 regibit'ur
2144 5037 2220 5107 ut
2238 5034 2410 5107 vertit
2440 5030 2687 5107 Ruﬁnus
2715 5046 2729 5085 :
2763 5024 2888 5107 εἴσει
2922 5048 2977 5107 p.
3012 5033 3201 5107 εισισθι
3233 5024 3376 5107 [imo
3403 5034 3601 5107 potius
3647 5030 3833 5107 εἰσιθι]
3872 5052 3887 5091 :

474 5052 607 5084 εισοι
637 5052 667 5085 e
697 5052 813 5122 quo
844 5052 1077 5089 Iorman
1111 5052 1307 5107 pctest
1338 5052 1413 5096 ως
1445 5052 1571 5088 εισει
1604 5052 1887 5104 ingredere
1917 5052 2092 5104 igitur
2144 5052 2212 5090 ut
2238 5052 2410 5090 verm
2440 5052 2687 5086 nunnus
2715 5052 2729 5085 :
2763 5052 2888 5084 εισει
2922 5052 2977 5102 p.
3012 5052 3201 5086 εισισυι
3233 5052 3376 5107 [imo
3403 5052 3448 5158 ἓν

473 5100 561 5154 vel
594 5099 668 5161 ὡς
701 5099 841 5171 ι.’ση,
869 5114 929 5159 ιιι
955 5121 1262 5175 cognoscas.
1303 5109 1344 5163 C
1392 5105 1468 5167 ὡς
1512 5106 1654 5177 (seq.
1710 5104 1951 5175 parvula
1998 5105 2231 5177 lacuna)
2280 5104 2341 5160 ἐκ
2384 5101 2725 5174 ταυτομάτου
2773 5098 2855 5154 δτι
2886 5101 3059 5156 πάντα
3112 5103 3179 5157 τὰ
3209 5124 3344 5159 κατα
3372 5126 3402 5158 σ
3435 5148 3448 5174 ,

478 5164 673 5223 ἔϐαλον
705 5175 769 5227 Ο.
847 5175 890 5208 ⁵⁵
922 5175 1003 5231 Ita
1032 5178 1088 5231 S.
1119 5176 1335 5231 ἐξέωανα
1365 5182 1423 5231 C.
1455 5178 1521 5231 Ο.
1556 5177 1775 5231 Deinde
1804 5175 1915 5231 leg.
1961 5174 2039 5231 ὡς
2086 5173 2378 5231 γλίγεσθαι
2424 5171 2513 5228 καὶ
2561 5168 2718 5225 αὐτόν
2778 5172 2835 5227 S.
2914 5172 2956 5209 ⁵⁸
3010 5171 3387 5231 ἐγκαθεσοῆναι
3437 5184 3448 5230 ι

2086 5194 2378 5260 ’(Λιχεσυαι
2424 5194 2513 5260 και
2561 5194 2721 5260 αυτοχ
2764 5194 2835 5260 ‘D.

2914 5102 3059 5156 πάντα
3112 5103 3179 5157 τά
3209 5102 3344 5159 κατα
3372 5102 3448 5174 σὲ,
3479 5125 3531 5158 κ·
3562 5123 3612 5159 τ.
3647 5102 3701 5162 λ.
3752 5102 3888 5159 ἀντ-

2914 5172 2956 5249 δξ
3010 5171 3387 5249 ἐγκαθεσθῆναι
3437 5180 3501 5247 Ο,
3549 5177 3887 5244 καθεσθῆναι

2421 5243 2662 5318 placuit;
2687 5242 3059 5318 Schweglero
3103 5247 3219 5318 Cfr.
3271 5242 3436 5318 llom.
3467 5242 3529 5314 ιι,
3561 5249 3666 5314 28;
3699 5242 3786 5316 ιιι,
3824 5250 3886 5304 3.

474 5312 518 5392 ξ’
550 5311 798 5392 νῢτὺυιὼς
827 5313 929 5392 γὰρ
962 5314 1024 5392 σύ
1055 5334 1171 5392 om.
1203 5324 1248 5375 0
1276 5337 1289 5387 ;
1322 5340 1378 5373 σε
1407 5317 1555 5392 p._m3
1586 5318 1690 5392 _Cl.,
1726 5335 1839 5373 non
1867 5322 1924 5385 C,
1959 5324 2024 5373 ut
2054 5311 2357 5392 perperam
2390 5311 2689 5392 asserit§.
2719 5319 2782 5370 In
2812 5319 2857 5370 Ο
2886 5311 3099 5392 deinde
3124 5317 3331 5392 gavisa;
3365 5311 3524 5392 πάσπ
3553 5311 3713 5392 τιμῇ,
3750 5311 3889 5392 άνθ¹

475 5381 558 5467 ὧι(
746 5379 850 5435 καί
992 5379 1343 5468 ᾑβιλήθειάζ
1392 5379 1700 5468 δ’91δανείσας
1809 5379 2072 5468 κᾳυὸιρτὲ
2095 5379 2258 5468 ρί-ιξι
2288 5392 2411 5468 Ερξι
2440 5405 2488 5468 (ξῘ
2520 5386 2761 5468 15.Τυω
2793 5388 3002 5468 scripsi
3074 5379 3216 5468 ὅγ’ων
3247 5379 3430 5468 καλιῖρν
3462 5379 3573 5463 (καὶ
3742 5379 3886 5468 ἑγᾶξ,

472 5450 561 5505 καὶ
591 5450 680 5505 ἀϊδ
709 5472 782 5505 ων
809 5460 956 5538 c.‘0,
992 5450 1170 5534 λόγων
1192 5450 1385 5512 καλῶν
1524 5456 1710 5534 λέγω).
1744 5456 1933 5513 ἀϊδίων
1964 5464 2022 5516 C.
2099 5450 2155 5498 ⁶⁰’
2173 5450 2423 5534 ἀψευδεῖς
2453 5464 2518 5515 Ο.
2593 5459 2637 5494 ⁶¹
2670 5476 2766 5509 σου
2798 5450 2997 5513 addidi
3052 5450 3198 5518 c.'0.
3233 5465 3277 5507 6³
3320 5450 3478 5538 φίλῳ⁸
3505 5450 3891 5533 ρτωὶὲνηιῖεἰξ

473 5524 510 5579 S
541 5539 591 5579 ο.
624 5522 702 5576 Cl.
739 5524 785 5560 ³³
841 5543 928 5576 τον
974 5532 1075 5586 τῆς
1122 5527 1381 5586 ἀλτ,θείας
1470 5529 1619 5586 όγον.
1670 5529 1726 5583 ὅν
1775 5536 1834 5586 G.
1912 5532 1957 5567 5‘
2015 5531 2158 5586 Ἐγώ
2214 5538 2273 5586 C.
2310 5533 2465 5586 [dem
2511 5548 2615 5586 μου
2650 5544 2704 5586 D.
2743 5548 2833 5586 μοι
2909 5530 2953 5564 ⁸⁸
3005 5528 3106 5584 οἶδ’
3137 5538 3196 5586 C.
3272 5536 3316 5570 ⁸⁸
3369 5536 3404 5586 ἢ
3439 5533 3681 5586 accessit
3709 5549 3778 5586 ex
3810 5538 3884 5586 Ο.

473 5524 512 5598 _S_
541 5539 591 5579 ο.
624 5522 709 5598 Cl.
739 5524 785 5560 ⁸³
839 5522 949 5598 τὸν-ί
974 5522 1087 5594 τῆς
1122 5527 1381 5598 ἀληθείας

470 5596 513 5630 ⁸⁷
569 5598 651 5649 Ita
680 5596 724 5648 Ο
754 5594 986 5669 c.__EpAit.
1019 5614 1081 5669 _c.
1137 5594 1290 5669 16ἐί
1341 5594 1615 5663 ἀθάνατός
1646 5598 1780 5669 ἐστι,
1824 5599 1913 5654 καί
1961 5602 2025 5660 C.
2088 5594 2145 5642 ’⁸⁸
2174 5603 2264 5659 καί
2297 5602 2343 5657 εί
2374 5633 2442 5646 -
2493 5594 2577 5659 ἑο.

470 5668 760 5726 commate
790 5663 1058 5725 distinxit
1085 5674 1216 5743 post
1246 5667 1292 5723 εἶ
1365 5672 1412 5708 σθ
1437 5690 1496 5726 τε
1524 5663 1803 5744 subjunxi
1832 5688 1883 5731 ο.
1913 5674 1980 5733 Ο.

1501 5528 1619 5603 γον,
1670 5529 1726 5583 ὅν
1775 5536 1834 5587 G.
1912 5532 1957 5567 5‘
2015 5531 2158 5607 Ἐγώ
2214 5528 2273 5590 C.
2310 5533 2465 5588 Idem
2511 5544 2704 5654 μουὲ).
2742 5548 2833 5599 μοι
2909 5530 2953 5564 ⁸⁸
3005 5528 3106 5584 οἶδ’
3137 5538 3196 5589 C.
3272 5528 3405 5602 ⁶⁶’ὴ
3436 5528 3681 5589 accessit
3709 5549 3778 5588 cx
3810 5538 3884 5592 Ο.

1501 5600 1598 5654 ιτός
1646 5598 1780 5654 ἐστι.
1824 5599 1913 5654 καί
1961 5602 2025 5654 C.
2099 5605 2145 5642 ⁸⁸
2174 5603 2264 5654 καί
2297 5602 2343 5654 εἰ
2374 5633 2442 5646 -
2493 5619 2577 5654 sc.
2664 5595 2809 5654 ἴδιος
2857 5596 2991 5654 οὖσα
3040 5597 3159 5654 ἔγει
3203 5606 3816 5654 ωιηῆναι.Ριιοιιῑρι·ειι
3849 5607 3884 5654 3

2671 5619 2685 5653 ι

2728 5596 2809 5662 ιός
2857 5596 2991 5656 οὖσα
3040 5597 3159 5680 ἔχει
3203 5596 3817 5681 κριθῆνάι.Ρι“ορῑρι·θα
3849 5607 3887 5663 3
