4100 6334
144 388 213 447 73
1288 387 1776 450 CLEMENTINA

1889 420 1931 429 —
1963 386 2297 447 HOMILIA
2340 388 2388 448 Ι.
3467 401 3545 456 74

199 519 394 573 XVIII.
428 518 493 574 Ἡ
550 521 651 573 τοῦ
706 520 841 573 Θεοῦ
894 514 1068 593 βουλὴ
1119 517 1173 574 έν
1206 516 1402 591 ἀδήλῳ
1428 517 1617 593 γέγονε
1644 515 1776 572 κατᾶ

1966 516 2163 575 XVIII.
2195 517 2298 574 Dei
2325 517 2593 575 voluntas
2643 520 2862 578 multas
2895 522 2967 578 ob
3017 524 3271 581 rationes
3318 527 3547 584 occulta

138 604 374 667 πολλοὺς
439 606 700 681 τρόπους.
762 611 836 661 Τὰ
894 608 991 678 μὲν
1049 612 1241 683 πρῶτα
1301 606 1572 683 εἰσαγωγὴ
1616 606 1781 675 κακὴ,

137 695 422 771 συντροφία
468 695 708 771 πονηρὰ,
768 697 1022 765 συνήθεια
1066 692 1216 765 δεινή
1277 694 1474 768 ὁμιλία
1523 694 1584 750 οὗ
1614 692 1781 766 καλὴ,

134 782 411 858 πρόληψις
442 782 545 837 οὐκ
576 783 710 859 ὀρθή
743 785 807 820 ⁷ο·
842 779 929 838 διὰ
954 787 1121 839 ταῦτα
1148 781 1355 854 πλάνη,
1410 783 1523 838 εἶτα
1560 777 1783 861 ἀφοϐία,

134 870 363 940 ἀπιστία,
422 870 670 946 πορνεία,
731 868 1085 949 φιλαργυρία,
1141 870 1443 943 κενοδοξία,
1493 871 1586 927 καὶ
1637 868 1785 925 ἄλλα

133 964 339 1014 τοιαῦτα
406 960 578 1035 μυρία
633 961 793 1033 κακά,
853 959 1034 1037 ὥσπερ
1093 965 1300 1016 καπνοῦ
1356 959 1594 1031 πλῆθος,
1627 959 1703 1023 εἱς
1734 961 1779 998 ⁷⁸

133 1044 211 1103 ἕνα
238 1050 390 1104 οἷκον
417 1049 679 1104 οἰκοῦντα
704 1048 797 1105 τὸν
827 1049 1057 1123 κόσμον,
1088 1053 1198 1105 τῶν
1226 1045 1437 1114 ἔνδοθεν
1482 1048 1777 1104 οἰκούντων

135 1134 317 1213 ἀνδρῶν
354 1136 715 1202 ἐπεθόλωσαν
746 1139 794 1175 ’⁷³
824 1138 919 1200 τὰς
950 1139 1181 1212 ὁράσεις,
1220 1138 1310 1194 καὶ
1358 1140 1404 1176 ⁷⁸
1448 1136 1550 1193 οὐκ
1600 1133 1777 1193 εἵασαν

131 1221 529 1300 ἀναϐλέψαντας
557 1225 617 1282 ἐκ
645 1232 745 1296 τῆς
792 1224 1097 1303 διαγραφῆς
1142 1227 1234 1283 τὸν
1295 1223 1781 1302 δημιουργήσαντα

130 1323 299 1384 νοῆσαι
355 1316 526 1386 Θεὸν,
574 1313 665 1371 καὶ
713 1314 776 1370 τό
820 1315 1000 1390 τούτῳ
1038 1313 1334 1374 δοκοῦν-ιι
1365 1315 1650 1391 γνωρίσαι.
1682 1315 1777 1371 Διὸ

126 1406 235 1467 19-5;
263 1404 607 1480 φιλαλήθεις
636 1408 683 1445 ’⁷⁸
712 1403 909 1460 ἔσωθεν
945 1406 1057 1480 χρὴ
1093 1404 1153 1461 ἐκ
1181 1404 1412 1481 στέρνων
1474 1405 1777 1479 βοήσαντας

126 1494 430 1568 ἐπικουρίαν
463 1491 955 1570 προσκαλέσασθαι,
983 1492 1279 1571 φιλαλήθει
1309 1496 1353 1531 ’⁷⁵
1384 1491 1662 1569 λογισμῷ,
1688 1489 1778 1549 ’ἶνα

123 1604 215 1653 τις,
244 1582 405 1646 ἐντὸς
431 1581 510 1637 ὥν
531 1587 631 1638 τοῦ
660 1581 811 1638 οἷ’κου
826 1586 924 1637 τοῦ
946 1576 1335 1657 πεπλησμένου
1359 1585 1589 1651 καπνοῦ,
1612 1600 1778 1659 προσ-

124 1673 203 1724 ιὼν
262 1672 461 1745 ἀνοίξῃ
512 1671 698 1749 θύραν,
751 1671 899 1735 ὅπως
945 1669 1153 1746 δυνηθῇ
1201 1671 1263 1727 τὸ
1325 1670 1418 1744 μὶν
1480 1669 1631 1732 ἐκτὸς
1677 1673 1775 1724 τοῦ

121 1758 271 1829 ἡλίου
301 1767 430 1839 φῶς
464 1760 800 1838 εἰσ-κριθῆναι
830 1765 911 1833 τῷ
940 1757 1096 1834 οἳκῳ,
1128 1760 1157 1817 ὁ
1188 1757 1246 1817 δὲ
1274 1760 1424 1823 ἐντος
1460 1763 1557 1815 τοῦ
1602 1759 1775 1837 πυρὸς

122 1851 183 1904 ὧν
209 1846 395 1923 ἑκϐλη
406 1857 571 1921 θῆναι
603 1849 829 1913 καπνός.

177 2034 315 2085 XIX.
368 2028 476 2082 Τὸν
513 2028 607 2101 μὲν
642 2026 735 2081 οὗν
769 2026 969 2104 βοηθὸν
999 2022 1166 2101 ἄνδρα
1196 2026 1288 2081 τὸν
1320 2024 1505 2097 ἀληθῆ
1551 2027 1775 2104 προφή-

116 2137 205 2187 την
235 2116 420 2191 λέγω,
452 2116 517 2179 ὃς
547 2116 715 2189 μόνος
746 2115 975 2195 φωτίσαι
1006 2116 1187 2193 ψυχὰς
1210 2115 1508 2193 ἀνθρώπων
1533 2112 1773 2188 δύναται,

116 2206 230 2259 ὥστ’
260 2203 325 2258 ἃν
383 2204 572 2266 αὐτοῖς
625 2203 935 2281 ὀφθαλμοῖς
981 2200 1280 2275 δυνηθῆναι
1324 2205 1473 2277 ἡμᾶς
1507 2200 1698 2258 ἐνιδεῖν
1730 2204 1776 2241 ⁷⁸

120 2301 203 2362 τῆς
237 2292 477 2347 αἰωνίου
508 2291 781 2365 σωτηρίας
809 2294 909 2362 τὴν
943 2289 1091 2349 ὀδόν.
1124 2289 1352 2354 ’Δλλως
1383 2289 1441 2347 δὲ
1487 2289 1772 2365 ἀδύνατον,

116 2382 183 2441 ὡς
230 2382 398 2436 οἶσθα
441 2380 535 2436 καὶ
584 2380 646 2435 σὺ
682 2385 862 2459 μικρῷ
890 2379 1080 2457 τάχιον
1114 2379 1300 2452 εἰπὼν,
1333 2380 1411 2443 ὡς
1461 2385 1608 2436 πᾶσα
1661 2382 1697 2451 ἡ
1728 2382 1774 2418 ⁷⁷

120 2469 365 2534 ὀπόθεσις
452 2469 865 2541 ἆνασκευάζεται
938 2470 1029 2525 καὶ
1111 2471 1581 2541 κατασκευάζεται,
1681 2469 1774 2525 καὶ

122 2560 241 2633 :93);
268 2560 381 2629 τήν
414 2563 515 2615 τοῦ
545 2556 886 2621 ἐκδικοῦντος
922 2556 1148 2633 δύναμιν
1190 2561 1225 2630 ἡ
1253 2558 1388 2628 αὐτή
1419 2557 1637 2629 ἀληθὴς
1682 2559 1775 2614 καὶ

120 2647 315 2720 ξιευδης
348 2646 655 2721 νομίζεται·
690 2649 765 2711 ὡς
801 2646 991 2721 μηκέτι
1031 2649 1125 2710 τὰς
1172 2647 1451 2711 ὑποθέσεις
1502 2647 1774 2725 φαίνεσθαι

120 2736 146 2790 ε
197 2736 362 2809 εἶσιν,
426 2735 571 2792 am
592 2736 740 2811 παρὰ
766 2735 892 2798 τοὺς
924 2733 1262 2799 έκδικοῦντας
1292 2736 1578 2815 φαντασίαν
1630 2734 1776 2810 λαμ-

129 2820 297 2880 ἐνάγειν
332 2829 439 2879 τοῦ
470 2824 605 2879 εἶναι
633 2822 669 2894 ἤ
706 2825 783 2898 μή
811 2824 943 2880 εἶναι
972 2823 1197 2896 ἀληθεῖς
1229 2822 1265 2894 ἤ
1297 2822 1531 2899 ψευδεῖς.
1570 2824 1776 2881 Τούτου

123 2910 287 2969 ’ἕνεκεν
323 2917 373 2950 ⁷⁸
433 2915 721 2992 προφήτου
769 2910 1008 2984 ἀληθοῦς
1058 2912 1187 2969 ὃλον
1235 2914 1299 2969 τὸ
1356 2916 1453 2983 τῆς
1503 2908 1775 2978 εὐσεϐείας

123 3001 312 3075 ἐδεήθη
374 3008 628 3077 πρᾶγμα,
668 3002 761 3057 ἳνα
807 3004 941 3076 ἡμῖν
994 3002 1092 3078 έρῇ
1124 3005 1170 3043 ⁷9
1213 3004 1282 3057 τὰ
1332 2996 1460 3058 ὅντα
1502 3001 1577 3066 ὥς
1610 3001 1775 3077 ἐστιν,

119 3093 201 3146 καὶ
232 3093 309 3155 ὡς
346 3088 433 3146 δεῖ
460 3092 585 3167 περὶ
616 3092 829 3146 πάντων
870 3091 1162 3149 πίστεόειν.
1194 3093 1353 3146 Ὥστε
1392 3095 1609 3167 πρῶτον
1659 3092 1773 3168 χρή

118 3181 200 3235 τὸν
258 3184 558 3257 προφήτην
606 3179 749 3254 πάσῃ
792 3183 862 3253 τῇ
904 3184 1222 3257 προφητικῇ
1272 3179 1500 3251 ἐξετάσει
1542 3177 1772 3255 δοκιμά-

1807 1882 1856 1947 Β

1894 605 2025 661 fuit.
2058 607 2321 663 Primum
2375 608 2612 679 quidem
2650 625 2829 682 prava
2885 610 3199 680 institutio,
3247 614 3547 671 convictus

1894 693 2159 762 vitiosus,
2181 697 2545 752 consuetudo
2571 697 2918 770 perniciosa,
2942 700 3095 756 mala
3116 700 3548 773 colloquia,non

1895 787 2051 837 recta
2099 784 2443 856 opinionum
2496 786 2856 857 anticipatio,
2895 792 2950 843 et
2999 794 3303 862 eapropter
3343 808 3545 861 error;

1894 870 2027 925 dein
2056 877 2452 944 contemptus,
2485 873 2887 943 incredulitas,
2917 876 3242 947 fornicatio,
3276 880 3542 953 avaritia,

1890 957 2084 1015 inanis
2114 960 2318 1032 gloria,
2348 960 2579 1034 aliaque
2608 962 2829 1019 similia
2852 964 3161 1021 innumera
3183 968 3358 1039 mala,
3386 968 3545 1026 velut

1889 1047 2096 1120 ingens
2118 1049 2318 1105 fumus
2340 1067 2519 1106 unam
2541 1052 2783 1108 domum
2807 1054 3096 1110 mundum
3120 1054 3432 1113 incolentia
3454 1059 3545 1114 in-

1890 1141 1987 1193 tus
2017 1137 2409 1194 habitantium
2443 1139 2748 1196 hominum
2796 1141 2986 1197 visum
3018 1144 3399 1215 oﬁ‘uscarunt,
3435 1162 3541 1203 nec

1888 1225 2151 1282 siverunt
2180 1227 2458 1299 aspicere,
2482 1233 2655 1301 atque
2672 1229 2878 1285 mundi
2897 1239 3215 1289 creatorem
3248 1237 3428 1290 Deum
3450 1234 3541 1293 in-

1885 1313 2144 1387 telligere
2171 1332 2239 1371 ex
2268 1317 2343 1373 iis
2370 1316 2431 1372 in
2456 1316 2673 1388 quibus
2705 1317 2831 1390 ipse
2862 1336 2926 1375 se
2974 1319 3185 1392 pinxit,
3219 1338 3410 1395 neque
3439 1340 3541 1395 co-

1884 1420 2164 1477 gnoscere
2194 1406 2348 1477 quod
2380 1405 2432 1462 ei
2464 1406 2669 1478 placet.
2704 1407 2985 1473 Quocirca
3026 1414 3256 1482 oportet
3288 1394 3351 1467 ut
3378 1394 3536 1469 veri1

1885 1494 2026 1549 tatis
2055 1494 2303 1550 studiosi
2334 1494 2497 1551 intus
2541 1511 2610 1551 ex
2638 1500 2871 1569 pectore
2904 1496 3180 1566 clament,
3221 1500 3540 1558 auxilium-

1885 1598 1999 1654 que
2047 1584 2347 1655 advocent,
2380 1584 2602 1641 ratione
2651 1586 2916 1642 studium
2965 1588 3225 1645 veritatis
3256 1590 3544 1648 decente8

1886 1688 2000 1744 quo
2031 1671 2243 1743 aliquis
2274 1673 2430 1729 intra
2459 1674 2702 1729 domum
2747 1674 2910 1731 fumo
2944 1674 3178 1747 plenam
3210 1679 3511 1737 consisten

1886 1761 2123 1817 accedat
2152 1760 2422 1834 foresque
2452 1763 2694 1835 aperiat,
2726 1767 2794 1819 ut
2842 1763 3042 1821 lumen
3073 1766 3217 1824 solis
3248 1772 3410 1826 extra
3439 1787 3542 1843 po-

1885 1850 2065 1925 situm
2098 1849 2158 1905 in
2199 1850 2441 1906 domum
2490 1852 2679 1922 possit
2708 1852 3041 1923 intromitti,
3073 1855 3230 1928 ignis
3278 1874 3415 1915 vero
3444 1859 3538 1916 fu-

1886 1955 2041 2009 mus,
2073 1939 2173 2011 qui
2199 1938 2355 1995 intro
2386 1944 2498 2009 est,
2529 1940 2683 2011 ejici.

1955 2027 2094 2083 XIX.
2116 2028 2282 2084 Hunc
2296 2028 2479 2101 igitur
2493 2029 2823 2100 adjutorem
2843 2030 3164 2103 hominem,
3179 2051 3379 2092 verum
3404 2053 3537 2109 pro-

1885 2116 2120 2188 phetam
2144 2116 2399 2188 dico,qui
2421 2117 2582 2173 solus
2604 2118 2831 2175 animas
2854 2119 3162 2177 hominum
3185 2128 3375 2195 potest
3401 2124 3537 2182 illu-

1884 2205 2253 2277 minare,quo
2267 2204 2413 2278 ipsis
2426 2205 2609 2262 oculis
2621 2206 2775 2263 viam
2787 2210 3011 2265 aeternae
3025 2210 3232 2267 salutis
3246 2212 3535 2284 inspicere

1882 2293 2201 2367 possimus.
2234 2292 2415 2350 Aliter
2442 2293 2599 2349 enim
2638 2295 2764 2350 ﬁeri
2797 2296 3015 2368 nequit,
3049 2302 3115 2353 ut
3144 2299 3319 2369 nosti,
3351 2305 3535 2374 tuque

1883 2380 2056 2453 paulo
2079 2385 2212 2437 ante
2232 2381 2487 2450 dicebas,
2508 2383 2663 2454 quod
2686 2400 2898 2456 nempe
2918 2401 3091 2442 omne
3116 2393 3534 2460 argumentum

1883 2470 2205 2526 destruitur
2225 2474 2283 2526 et
2311 2470 2615 2542 astruitur,
2639 2475 2812 2544 atque
2843 2473 2998 2529 idem
3009 2475 3180 2545 juxta
3209 2493 3537 2551 propugna-

1882 2558 2027 2614 toris
2056 2557 2395 2614 facultatem
2421 2575 2620 2616 verum
2644 2564 2702 2615 et
2733 2560 2949 2617 falsum
2965 2562 3365 2630 existimatur;
3391 2567 3536 2623 adeo

1884 2650 1951 2701 ut
1981 2646 2305 2713 sententias,
2336 2645 2542 2718 quales
2571 2647 2710 2715 sint,
2745 2664 2861 2704 non
2898 2650 3024 2721 jam
3060 2657 3398 2723 appareant,
3433 2654 3536 2709 sed

1884 2750 1988 2807 per
2016 2734 2410 2807 disputatores
2433 2735 2687 2808 speciem
2711 2736 3000 2810 accipiant
3022 2739 3285 2796 veritatis
3303 2747 3404 2797 aut
3435 2741 3539 2798 fal-

1884 2823 2095 2880 sitatis.
2130 2823 2411 2888 Quociroa
2439 2828 2629 2880 totum
2652 2824 2885 2897 pietatis
2909 2828 3208 2899 negotium
3239 2846 3371 2885 vero
3402 2848 3537 2903 pro-

1882 2913 2059 2986 pheta
2084 2912 2357 2985 indiguit,
2389 2917 2455 2968 ut
2484 2913 2653 2969 nobis
2693 2931 2819 2987 quae
2847 2920 2987 2971 sunt
3034 2918 3535 2989 quemadmodum

1883 3006 2023 3059 sunt
2051 3002 2287 3073 diceret,
2311 3018 2378 3058 ac
2400 3018 2516 3074 quo
2545 3002 2719 3058 modo
2741 3004 2812 3059 de
2836 3004 3111 3060 omnibus
3134 3011 3398 3077 oporteat
3414 3024 3536 3065 cre-

1882 3091 2039 3146 dere.
2071 3090 2258 3155 Quare
2289 3093 2515 3162 oportet
2556 3090 2835 3164 primum,
2869 3094 3241 3165 comprobato
3272 3112 3374 3167 per
3402 3112 3533 3154 om-

1884 3196 2017 3235 nem
2049 3178 2454 3251 propheticam
2476 3177 2918 3251 inquisitionem
2940 3180 3245 3253 propheta,
3271 3200 3405 3240 cum
3433 3202 3530 3242 co-

118 3290 277 3325 σαντα
314 3255 413 3325 καί
444 3268 733 3345 ἐπιγνόντα
758 3270 826 3324 τὰ
853 3272 898 3306 ⁸ο
923 3268 1129 3339 ἀληθῆ,
1150 3273 1247 3324 τοῦ
1279 3267 1482 3326 λοιποῦ
1511 3269 1577 3325 τὰ
1604 3268 1775 3325 πάντα

1889 3267 2115 3341 gnitum
2146 3266 2256 3322 erit
2302 3283 2501 3322 verum
2550 3283 2699 3337 esse,
2732 3269 2804 3324 de
2848 3273 3053 3325 caetero
3097 3271 3371 3328 universa
3415 3273 3530 3344 ipsi

119 3360 259 3431 αὐτῷ
307 3356 608 3428 πιστεύειν,
656 3358 748 3413 καὶ
802 3355 993 3431 μηκέτι
1039 3359 1102 3413 τὸ
1139 3359 1260 3423 καθ’
1287 3354 1341 3413 ἓν
1371 3354 1595 3414 ἕκαστον
1660 3362 1769 3414 τῶν

120 3448 203 3501 ὑπ’
253 3448 427 3503 αὐτοῦ
494 3446 809 3521 λεγομένων
876 3446 1203 3521 άνακηίνειν,
1268 3445 1415 3503 ἀλλά
1478 3442 1771 3521 λαμϐάνειν

120 3536 251 3591 τῦτᾶ
314 3531 515 3612 βέϐαια
559 3531 706 3608 ὄντα,
750 3533 983 3610 δοκούσῃ
1033 3536 1128 3609 μὲν
1154 3535 1351 3609 πίστει,
1385 3533 1663 3613 ληφθέντα
1718 3534 1777 3592 δὲ

121 3624 357 3702 ἀσφαλεῖ
387 3626 582 3699 κρίσει·
618 3621 883 3698 ἀποδείξει
913 3625 1015 3701 γὰρ
1049 3624 1146 3698 μίᾷ
1289 3626 1547 3700 ἀπαρχῆς
1592 3625 1681 3680 καὶ
1729 3627 1773 3663 ³¹

124 3709 338 3791 ἰῖφιόεἷ
364 3716 469 3771 42
501 3712 730 3784 ἐξετάσει
758 3717 827 3787 τῇ
857 3712 1192 3790 πανταχόθεν
1233 3714 1300 3769 τὰ
1345 3712 1450 3769 ὅλα
1501 3712 1651 3789 άρθῷ
1698 3709 1775 3769 εἶ’-

126 3801 331 3873 ληπται
366 3800 645 3877 λογισμῷ,
678 3803 771 3857 Διὸ
798 3802 906 3879 πρὸ
929 3804 1144 3858 πάντων
1172 3802 1262 3858 τὸν
1282 3801 1463 3873 ἀληθῆ
1486 3804 1775 3879 προφήτην

126 3898 306 3961 ζητεῖν
368 3888 472 3960 δεῖ,
525 3890 604 3946 ὅτι
654 3888 778 3947 ἄνευ
818 3892 1015 3948 τούτου
1048 3888 1265 3969 βέϐαιόν
1295 3913 1350 3948 τι
1377 3897 1657 3969 προσεῖναι
1690 3891 1780 3948 άν-

124 3984 374 4059 θρώποις
406 3978 691 4039 ἀδύνατον.

194 4073 314 4131 XX.
348 4070 449 4126 Καὶ
482 4070 633 4143 ὁμῶς
665 4068 930 4126 άνέπαυσέ
962 4090 1048 4143 με,
1083 4068 1367 4145 ἐκθέμενός
1403 4091 1499 4144 μοι
1542 4069 1624 4132 τίς
1667 4068 1778 4126 ἐστι

128 4160 217 4215 ui
242 4165 363 4223 πῶς
394 4158 714 4235 εὖρίσκεται,
744 4159 834 4213 καὶ
864 4158 1081 4231 άληθῶς
1108 4158 1322 4236 εὑρετόν
1354 4180 1448 4233 μοι
1478 4160 1778 4236 παρασχὼν

130 4248 305 4319 ὠτὸν,
338 4252 447 4303 τῶν
477 4248 623 4322 παρὰ
667 4246 985 4321 ὀωθαλμοῖς
1035 4247 1328 4321 ὁρωμένων
1384 4247 1778 4326 ἐμφανεστέραν

129 4336 197 4410 τῇ
223 4342 321 4392 τοῦ
350 4339 639 4415 προφήτου
671 4335 867 4409 ὁμιλίᾳ
892 4341 1009 4398 τοῖς
1041 4336 1142 4391 ὠσὶ
1173 4334 1346 4408 δείξας
1367 4337 1465 4405 τὴν
1500 4334 1778 4409 ἀλήθειαν,

128 4426 205 4489 ὣς
246 4424 589 4500 ἐκπλάγέντα
636 4445 705 4498 με
752 4426 1069 4499 θαυμάζειν,
1110 4429 1229 4488 πῶς
1274 4428 1382 4480 τῶν
1416 4430 1547 4481 πᾶσι
1593 4430 1784 4496 ζητουο

132 4512 307 4587 μένων
376 4514 682 4592 ἒμπροσθεν
772 4514 1033 4587 κειμένων
1119 4511 1297 4575 οὐδεὶς
1370 4512 1548 4589 ένορᾷ’
1626 4512 1781 4583 Πλὴν

130 4603 339 4681 γράψας
360 4604 451 4660 τόν
475 4604 600 4680 περὶ
624 4605 911 4683 προφήτου
933 4600 1123 4679 λόγον,
1157 4601 1322 4659 αὐτοῦ
1341 4601 1695 4666 κελεύσαντος
1714 4604 1780 4676 ⁸⁸,
1812 4624 1859 4689 D

136 4693 237 4749 ἐπὶ
289 4700 394 4765 τῆς
452 4691 779 4767 Καισαρείας
834 4698 936 4762 τῆς
995 4694 1313 4767 Στράτωνος
1372 4689 1780 4770 διαπεμφθῆναί

138 4782 221 4838 σοί
247 4783 477 4855 σποίησε
506 4784 551 4820 ⁸³
577 4782 669 4837 τὸν
708 4780 901 4856 τόμον,
930 4782 1076 4859 παρᾶ
1104 4786 1200 4837 σοῦ
1231 4778 1457 4850 έντνλὴν
1502 4778 1648 4858 ἔχειν
1699 4778 1780 4836 εἰ-

1881 3356 2247 3425 credere,nec
2260 3354 2514 3427 amplius
2534 3355 2876 3429 singulatim
2893 3358 3021 3428 ejus
3048 3357 3200 3415 dicta
3216 3360 3528 3433 discutere,

1883 3444 1984 3501 sed
2017 3461 2085 3500 ea
2114 3444 2285 3500 ﬁrma
2315 3449 2589 3516 certaque
2635 3462 3025 3517 praesumere;
3060 3464 3163 3519 per
3190 3448 3365 3504 ﬁdem
3397 3451 3528 3523 qui-

1883 3534 2039 3603 dem,
2071 3537 2136 3588 ut
2163 3533 2415 3601 videtur,
2444 3549 2548 3605 per
2578 3533 2981 3590 indubitatum
3014 3540 3206 3591 tamen
3230 3537 3526 3607 judicium

1885 3626 2186 3693 suscepta:
2205 3638 2306 3693 per
2321 3639 2501 3677 unam
2523 3621 2679 3677 enim
2702 3622 2774 3677 ab
2791 3622 2960 3679 initio
2972 3624 3531 3682 demonstrationem

1886 3716 2063 3783 atque
2091 3714 2352 3766 exactam
2383 3710 2880 3781 disquisitionem,
2916 3711 3175 3785 undique
3205 3712 3534 3781 collectam,

1887 3804 2101 3856 cuncta
2140 3798 2362 3855 ratione
2415 3803 2573 3855 recta
2620 3803 2927 3872 assumpta
2977 3805 3134 3856 sunt.
3168 3803 3356 3868 Quare
3403 3807 3538 3859 ante

1890 3889 2090 3945 omnia
2118 3904 2289 3944 verus
2311 3887 2592 3960 propheta
2615 3889 2963 3960 quaerendus
2986 3893 3110 3958 est;
3146 3890 3425 3962 quoniam
3456 3890 3538 3947 si-

1889 3995 1963 4035 ne
1982 3980 2110 4049 ipso
2144 3976 2297 4031 ﬁrmi
2330 3975 2471 4047 quid
2504 3978 2658 4048 apud
2681 3977 2951 4034 homines
2975 3980 3178 4050 nequit
3197 3980 3535 4036 consistere.

1958 4066 2071 4121 XX.
2104 4063 2407 4136 Simulque
2436 4064 2718 4121 satisfecit
2745 4065 2911 4134 mihi,
2936 4083 3252 4139 exponens,
3274 4069 3409 4140 quis
3437 4070 3536 4140 sit,

1889 4159 1947 4211 et
1976 4172 2091 4227 quo
2122 4158 2290 4226 pacto
2339 4152 2704 4222 inveniatur;
2738 4170 2986 4227 vereque
3033 4156 3272 4212 inventu
3306 4156 3537 4214 facilem

1889 4261 2025 4300 eum
2074 4242 2218 4298 mihi
2267 4241 2552 4313 praebuit;
2607 4245 2783 4314 atque
2810 4259 2914 4315 per
2961 4260 3262 4302 sermones
3305 4246 3376 4303 de
3406 4264 3540 4318 pro-

1891 4333 2066 4406 pheta
2088 4331 2327 4387 auribus
2350 4331 2498 4385 meis
2514 4330 2815 4387 veritatem
2840 4331 3145 4389 clariorem
3174 4333 3268 4401 iis,
3292 4352 3418 4407 quae
3441 4352 3545 4407 per

1892 4421 2092 4477 oculos
2122 4422 2461 4489 cernuntur,
2494 4419 2748 4475 reddidit
2775 4437 2789 4487 ;
2824 4421 2967 4477 adeo
3008 4426 3073 4477 ut
3102 4423 3544 4495 obstupefactus

1892 4509 2159 4579 mirarer,
2190 4523 2304 4578 quo
2354 4507 2525 4563 modo
2579 4522 2647 4562 ea
2691 4524 2816 4579 quae
2862 4525 3066 4567 omnes
3114 4516 3403 4583 quaerunt,
3448 4528 3545 4568 co-

1892 4615 2019 4655 ram
2051 4597 2241 4670 posita
2260 4612 2431 4653 nemo
2451 4595 2666 4652 videat.
2690 4596 2894 4668 Itaque
2907 4599 3083 4669 jussu
3106 4599 3295 4671 ipsius
3319 4601 3391 4657 de
3411 4617 3545 4658 vero

1890 4687 2174 4761 propheta
2202 4683 2521 4757 conscripsi
2552 4682 2793 4753 librum,
2818 4702 2991 4758 quem
3016 4688 3087 4744 de
3112 4688 3373 4745 Caesarea
3394 4688 3549 4745 Stra-

1889 4775 2068 4835 tionis
2098 4775 2171 4832 ad
2200 4778 2257 4831 te
2284 4772 2439 4830 mitti
2486 4771 2692 4844 voluit,
2726 4774 2930 4833 dicens
2980 4792 3043 4833 se
3073 4793 3108 4833 a
3134 4780 3191 4834 te
3239 4776 3454 4835 habere
3484 4777 3547 4834 in

1497 4942 1736 5001 VARle
1776 4936 2189 4999 LEGTIONES.

208 5061 253 5098 π
278 5060 556 5135 εἰσαγωγῇ
581 5062 723 5133 κακῇ
756 5056 1074 5138 συντροφίας
1104 5061 1371 5135 πονηρᾷς,
1404 5057 1659 5130 συνηθείᾳ
1689 5055 1859 5131 δεινῇ,
1893 5052 2089 5128 ὁμιλίᾷ
2119 5047 2180 5105 οὗ
2208 5045 2376 5133 καλῇ,
2417 5045 2694 5175 πῇολήφει
2744 5046 2844 5104 οὐκ
2892 5048 3028 5124 ὀρθῇ
3086 5051 3151 5107 Ο.
3226 5052 3270 5088 ’τί
3330 5053 3415 5109 Ita
3473 5052 3540 5126 0,

154 5130 282 5175 ξκα
331 5132 404 5175 εἷς
432 5128 525 5175 ’ἕνα
557 5131 704 5175 ητνην
738 5128 963 5175 ἐλθόντα
1012 5130 1106 5175 τὸν
1155 5151 1359 5175 meum.
1428 5135 1535 5175 τῶν
1580 5126 1813 5175 manu
1864 5147 1916 5175 κ-
1954 5146 2005 5175 τ-
2057 5122 2113 5175 λ.
2164 5126 2409 5175 conlect.
2517 5162 2529 5175 .
2582 5140 2607 5175 ε
2636 5141 2659 5175 ς
2700 5115 2795 5175 ἕνα
2841 5119 2988 5175 οἶκον
3022 5120 3400 5175 ἐπεισελθόντα
3447 5124 3539 5175 τὸν

240 5136 298 5201 C,
331 5122 983 5203 eii'évurolxov‘élﬁdvta',
1012 5130 1106 5186 τὸν
1155 5122 1382 5203 κοσμον,
1428 5122 1535 5186 τῶν
1580 5122 1833 5199 ἔνδοθεν,
1864 5122 2014 5203 κίἰῖ.Δ
2057 5122 2113 5181 λ.
2164 5122 2409 5203 θορᾱςοι,

2636 5141 2659 5182 ς
2700 5115 2795 5175 ἕνα
2841 5115 3400 5178 οἴκὀν’έπεισελθόντα
3447 5115 3539 5179 τὸν

138 5151 298 5201 ωςυ,
331 5151 404 5193 εις
436 5152 527 5185 ενα
557 5151 704 5185 οικον
738 5151 983 5202 εΛῠοντα,
1012 5152 1106 5186 τον
1155 5151 1382 5203 κοσμον,
1428 5152 1535 5186 των
1580 5151 1816 5199 ενοουεν,
1864 5151 1917 5183 κ.
1954 5151 2005 5183 τ.
2058 5151 2113 5181 Λ.
2164 5151 2409 5192 υυυδσυι,
2463 5151 2529 5177 υ-
2582 5151 2658 5182 εις
2703 5151 2795 5175 "UL
2841 5151 2988 5176 uuwv
3022 5151 3400 5178 ιπιισιΛυυντα
3447 5151 3539 5179 τον

132 5203 362 5277 κόσμοι,
390 5223 444 5260 κ.
472 5223 520 5259 τ.
556 5202 614 5258 λ.
644 5205 790 5275 Ερὶι.
823 5219 872 5257 c.
907 5204 992 5258 17.
1027 5203 1222 5259 Ruﬁn.
1255 5204 1380 5259 Rec.
1415 5206 1461 5271 Ι,
1496 5206 1596 5259 15;
1635 5203 1951 5260 Universum
1980 5197 2199 5253 domum
2229 5194 2391 5320 lugu:
2422 5192 2621 5249 mundi
2658 5194 2910 5264 replevit.
2960 5198 3049 5249 An
3101 5190 3193 5247 ἕνα
3251 5193 3397 5248 οἶκον
3431 5194 3541 5249 eic-

138 5279 433 5320 ωποένιηειν
505 5275 550 5310 τι
610 5271 948 5320 Isi-molarem
1007 5274 1071 5320 0-
1147 5275 1193 5309 ’τε
1245 5272 1336 5320 καί
1392 5292 1506 5320 nm,
1568 5274 1631 5320 Ο-
1696 5273 1795 5320 nni
1854 5270 1985 5320 exh.
2032 5264 2228 5320 εἴασεν.
2330 5280 2427 5319 um
2480 5261 2573 5317 τὸν
2624 5258 2959 5320 δημιουργὸν
3018 5270 3541 5320 ωγκατανοῆσαιο.

138 5271 433 5329 οἰκοῦνταέ
505 5275 550 5310 ⁷³
610 5271 948 5337 έπίθολῶσαν
1007 5274 1073 5331 Ο.
1147 5275 1193 5309 ’⁷³
1245 5272 1336 5328 καί
1392 5292 1508 5332 om.
1568 5274 1633 5341 Ο,

271 5419 515 5489 adjunxi
545 5435 593 5473 c.
630 5417 697 5473 Ο.

139 5270 433 5329 Wa?
505 5275 550 5310 τ’
610 5270 948 5337 έπῐθολῶσαν
1007 5274 1073 5331 0.
1147 5275 1193 5309 ’⁷³
1245 5272 1336 5328 καί
1392 5270 1508 5332 om.
1568 5274 1633 5341 0,
1696 5273 1797 5345 qui
1854 5270 1985 5327 exh.
2032 5270 2228 5321 εἴασεν.
2280 5270 2427 5320 Tum
2480 5270 2573 5317 τόν
2624 5270 2959 5339 δημιουργὸν
3018 5283 3065 5317 σι

139 5344 531 5424 trist-neas
561 5349 665 5424 οι-
699 5348 745 5383 ⁷⁸
774 5342 1184 5424 είλεληθεῖρο
1216 5346 1402 5424 Fam.
1440 5351 1478 5424 ξ’
1526 5346 1810 5424 premit.
1837 5339 1999 5424 ἐδεῖός
2061 5356 2117 5424 ιλ·
2164 5332 2331 5424 it?“-
2366 5402 2378 5424 ,
2408 5335 2673 5424 Uias-
2708 5336 3065 5424 eamagema

144 5364 189 5379 "
248 5364 531 5415 ιΑαΑηυεις
561 5364 622 5401 υ.
708 5364 745 5383 ⁵⁸
774 5364 1073 5451 φιΑαΛηυει
1122 5364 1184 5401 U.
1236 5364 1386 5401 't'um
1441 5364 1478 5400 δ
1526 5364 1800 5418 proponlt
1850 5364 1999 5402 εκτος
2062 5364 2117 5410 p.
2164 5364 2331 5395 ιντυς.
2415 5364 2451 5370 "
2502 5364 2591 5390 ua
2617 5364 2673 5389 ῠ.
2708 5364 3065 5424 δυυιάξςίξυιῦ
3094 5364 3159 5405 υ,
3195 5364 3412 5391 ινειοειν
3481 5364 3544 5395 υ.

140 5367 593 5500 “Laium”-
630 5417 697 5500 9-
746 5412 1044 5500 ,⁸ἰῗνεκεν
1078 5414 1497 5500 (Ξιλθέρξῖβο
1572 5412 2026 5500 ¹ῗ⁰.τά.⁸άίὲίάὶ⁰ο
2067 5408 2134 5466 θ’
2208 5402 2656 5500 δῖλὶαίτῖἓέἒι
2712 5403 3248 5500 ῗῗᾶξελεὶὶσαντέίιθε
3306 5425 3549 5500 θκηίίιξο

2330 5280 2427 5319 um
2480 5261 2573 5317 τὸν
2624 5258 2959 5339 δημιουργὸν
3018 5270 3450 5392 συῦκατανοῆσαι
3481 5271 3542 5323 C.

2330 5381 2331 5388 η
2408 5335 2452 5370 ⁷⁸
2502 5340 2591 5390 lta
2617 5338 2673 5389 S.
2708 5336 3065 5392 suffragante
3146 5379 3159 5392 .
3195 5333 3412 5391 ἐνειδεῖν
3481 5338 3542 5392 C.

3146 5379 3159 5405 ,
3195 5333 3412 5391 ένειδεῖν
3481 5338 3544 5395 C.

118 5476 379 5563 .pe'essi't
420 5494 519 5556 τῆς
548 5494 685 5563 ante
743 5487 1081 5563 Στράτωνος.
1102 5476 1486 5563 “Manifesta
1515 5492 1604 5543 est
1631 5487 1810 5563 hujus
1837 5484 1950 5563 loci
1998 5478 2358 5563 corruptela.
2410 5477 2688 5563 Ruﬁnus.
2712 5476 2794 5563 ita
2833 5476 3291 5563 interpretatur}
3326 5503 3355 5563 ς(
3387 5476 3550 5538 Unde

54 5572 55 5625 ἶ
118 5550 370 5631 inbuta
396 5549 565 5617 eo'-—
603 5549 830 5616 librum'
853 5592 919 5601 —
950 5560 1291 5631 conscripsi,
1341 5576 1593 5632 eumque
1633 5549 1799 5632 ad'te
1827 5558 1963 5632 ipso
1986 5549 2235 5632 jubente
2264 5549 2589 5632 transmisi.
2625 5549 2863 5632 Qicebat
2892 5549 3071 5632 enim,
3103 5552 3453 5632 mandatum
3487 5568 3550 5610 se

314 5634 426 5691 isse
456 5633 563 5690 abs
588 5637 667 5698 te,
710 5637 776 5688 ut
803 5662 873 5672 —
902 5617 1340 5688 transmitteret.
1377 5653 1405 5681 »
1438 5617 1601 5687 Unde
1650 5617 2009 5698 crediderim'
2047 5621 2459 5698 corrigendum
2498 5636 2627 5679 esse
2654 5617 2884 5692 ἐποίησα
2910 5626 2969 5678 et
2996 5618 3287 5685 ειπόντος..
3319 5625 3381 5683 Si
3410 5641 3551 5681 ana-

418 5832 688 5897 Pnaon.
733 5829 847 5894 Gn.
888 5829 973 5894 ll.

54 5821 207 6223 ί.

434 5695 801 5773 conceditur,
831 5703 1211 5762 inserendum
1242 5700 1451 5762 saltem
1493 5700 1553 5757 οὗ
1585 5704 1720 5774 post
1749 5695 2125 5757 κελεύσαντος.
2158 5697 2215 5749 8.

3229 5822 3268 5886 3
