4100 6334
560 424 636 479 75
1385 420 1447 479 S.
1495 419 1938 480 CLEMENTIS
1983 419 2007 478 Ι
2055 417 2243 478 80M.
2287 417 2520 479 PONT.
2567 418 2832 478 OPERA
2876 416 3140 479 DUBlA.
3884 418 3964 477 76

562 551 875 619 mandatis,
908 549 1273 623 singulorum
1300 566 1586 605 annorum
1618 550 1998 606 allocutiones
2031 557 2085 605 et
2114 566 2209 604 ac—

2323 547 2459 619 πὼν,
2510 550 2604 609 τὰς
2658 549 2774 602 καθ’
2824 546 3041 603 ἕκαστον
3092 545 3330 601 ἐνιαυτόν
3381 545 3603 620 ὁμιλίας
3634 568 3691 602 τε
3722 548 3811 601 καὶ
3839 550 3967 623 πρά-

560 641 748 695 tiones
780 639 1101 710 descriptas
1133 639 1200 715 arl
1236 642 1290 692 to
1337 639 1647 694 destinare.
1683 639 1965 694 Caeterum
1999 654 2115 692 uno
2147 653 2213 692 ac

561 729 748 801 primo
797 727 910 793 die,
944 727 1311 782 solummodo
1336 728 1462 796 jam
1507 727 1794 799 incipiens
1826 727 1896 782 de
1946 725 2212 782 veritatis

562 816 863 889 propheta,
891 815 949 869 in
979 816 1254 870 omnibus
1277 820 1501 870 certum
1536 831 1629 871 me
1659 815 1912 871 reddidit
1937 840 1951 882 ;
1984 819 2212 885 postea-

564 922 676 977 que
720 906 800 960 ita
830 905 959 959 infit
991 921 1003 959 :
1040 904 1355 960 Considera
1402 904 1677 975 deinceps
1708 920 1855 976 quas
1885 908 2087 958 contra
2116 902 2213 957 ad-

560 994 847 1049 versarios
881 992 1193 1049 habiturus
1225 1008 1357 1047 sum
1389 992 1854 1062 disputationes;
1889 996 1945 1047 et
1973 990 2213 1046 inferior

563 1083 614 1138 si
646 1099 958 1149 recessero,
994 1098 1108 1136 non
1139 1097 1339 1137 vereor
1368 1097 1440 1136 ne
1472 1081 1617 1137 forte
1665 1085 1729 1137 tu
1761 1082 1831 1136 de
1860 1081 2078 1136 tradita
2107 1077 2213 1134 tibi

560 1171 802 1227 veritate
833 1170 1096 1241 ambigas
1122 1188 1135 1238 ;
1169 1173 1233 1224 ut
1263 1169 1363 1241 qui
1394 1168 1565 1238 scias,
1590 1186 1683 1224 me
1704 1170 1943 1241 quidem
1976 1184 2214 1240 supera-

560 1262 689 1314 tum
719 1259 917 1329 videri,
952 1275 1065 1313 non
1107 1263 1303 1313 autem
1335 1258 1503 1314 nobis
1553 1276 1587 1314 a
1617 1258 1902 1330 propheta
1933 1258 2211 1312 traditam

561 1347 908 1403 doctrinam.
941 1347 1121 1418 Spero
1154 1351 1346 1401 tamen
1379 1363 1569 1418 neque
1618 1346 1678 1401 in
1730 1345 2209 1419 disquisitionum

561 1433 935 1491 sermonibus
963 1434 1237 1490 inferiora
1263 1433 1583 1490 relaturum
1618 1451 1731 1502 me,
1756 1435 1910 1505 apud
1943 1433 2210 1489 homines

559 1529 755 1580 mente
803 1524 1094 1596 praeditos,
1142 1526 1453 1590 amatores,
1488 1524 1756 1596 inquam,
1788 1523 2075 1590 veritatis,
2109 1523 2211 1590 qui

558 1613 886 1668 discernere
914 1611 1145 1667 valeant
1193 1612 1434 1683 quinam
1469 1628 1807 1667 sermonum
1855 1610 2210 1682 persuasorii

557 1700 1022 1767 sunt,artificiosi
1054 1700 1645 1771 etjucundi,quinam
1678 1716 1814 1755 vero
1846 1699 2047 1754 inculti
2073 1700 2210 1754 sim-

556 1789 875 1862 plicesque,
906 1789 965 1843 in
1013 1788 1140 1844 sola
1170 1804 1348 1859 quam
1399 1789 1703 1859 proferunt
1748 1788 1995 1843 veritate
2024 1790 2203 1843 conﬁ-

560 1879 786 1934 dentes.

626 1968 765 2022 XXI.
806 1968 1119 2039 Postquam
1152 1965 1273 2022 haec
1304 1966 1848 2037 dixisset,respondi
1879 1965 2045 2021 :Jam
2076 1982 2203 2038 gra-

556 2056 669 2111 tias
700 2056 813 2111 Deo
854 2055 1130 2127 ago,quia
1160 2055 1312 2110 sicut
1336 2054 1493 2110 volui
1525 2054 1951 2126 plenitudinem
1979 2056 2225 2111 certitu-

561 2144 716 2200 dinis
748 2143 1026 2215 accipere,
1059 2143 1140 2199 ita
1190 2149 1247 2199 et
1278 2144 1423 2199 mihi
1475 2143 1704 2199 tribuit.
1740 2147 2021 2199 Caeterum
2071 2145 2219 2214 quod

576 2234 647 2288 ad
680 2250 774 2288 me
804 2233 1158 2299 attinet,noli
1181 2232 1438 2304 amplius
1467 2249 1595 2288 esse
1626 2231 2221 2303 sollicitus,quoniam

570 2321 848 2377 dubitabo
879 2337 1182 2392 nunquam
1209 2339 1222 2389 ;
1248 2322 1307 2375 in
1340 2324 1591 2386 tantum,
1625 2327 1682 2375 et
1713 2322 1887 2376 etiam
1919 2321 1966 2375 si
1998 2325 2062 2375 tu
2095 2321 2221 2392 ipse

568 2408 712 2464 velis
736 2410 1051 2482 aliquando
1084 2426 1176 2465 me
1208 2426 1241 2464 a
1287 2409 1402 2464 fide
1436 2409 1734 2480 prophetae
1785 2414 2061 2479 avertere,
2095 2426 2217 2465 rem

566 2498 993 2570 impossibilem
1026 2500 1301 2571 perficere
1331 2515 1447 2553 non
1481 2498 1721 2569 poteris,
1758 2498 1901 2553 adeo
1935 2499 2088 2570 quod
2122 2514 2218 2554 ac-

567 2587 712 2660 cepi,
748 2593 940 2643 mente
972 2592 1159 2643 teneo.
1187 2587 1385 2658 Neque
1414 2602 1547 2641 vero
1579 2586 1897 2660 existimes,
1934 2603 2215 2658 magnum

567 2693 601 2730 a
631 2693 724 2731 me
757 2676 1036 2747 promitti,
1068 2676 1177 2731 hoc
1208 2676 1590 2747 ipsum,quod
1618 2692 1919 2744 nunquam
1950 2676 2064 2731 sim
2096 2675 2215 2732 hie-

566 2764 852 2820 sitaturus
884 2780 898 2818 :
934 2764 1035 2819 sed
1057 2780 1243 2834 neque
1271 2764 1395 2835 ipse
1425 2779 1550 2835 ego,
1587 2780 1691 2818 nec
1718 2763 1874 2819 ullus
1904 2763 2213 2819 hominum

567 2852 787 2907 auditis
820 2851 1192 2909 sermonibus
1220 2851 1290 2907 de
1322 2851 1606 2923 prepheta
1637 2852 1934 2923 ambigere
1950 2868 2211 2922 unquam

568 2942 640 2995 de
665 2936 800 2997 vera
830 2939 1093 2996 doctrina
1123 2939 1352 3012 poterit,
1386 2957 1518 2995 cum
1550 2939 1712 3012 prius
1759 2940 2009 2995 audierit
2039 2940 2210 2996 intel-

565 3028 883 3099 lexeritque
913 3028 1055 3100 quid
1088 3028 1165 3083 sit
1191 3028 1537 3100 prophetica:
1568 3028 2038 3100 repromissionis
2068 3029 2212 3085 veri-

564 3121 873 3185 tas.Quare
902 3118 1130 3173 confide
1160 3118 1231 3172 de
1262 3117 1376 3172 Deo
1408 3116 1631 3187 placitis
1663 3117 1982 3172 sententiae.
2005 3118 2208 3174 Omnis

566 3207 782 3279 quippe
810 3206 1031 3262 devicta
1061 3210 1152 3261 est
1181 3222 1276 3261 ars
1308 3204 1565 3260 malitiae.
1594 3206 1740 3261 Nam
1772 3206 2051 3262 adversus
2082 3223 2209 3278 pro-

2327 636 2432 706 ξεις
2465 637 2745 711 γράφοντα
2773 633 3097 708 διαπέμπειν
3130 656 3236 692 σοι.
3268 638 3455 708 Ὅμως
3488 634 3541 691 ἐν
3581 639 3679 710 μιᾷ
3705 639 3774 710 τῇ
3820 637 3963 713 πρώ-

2321 744 2388 797 τη
2418 724 2601 799 ἡμέρᾳ
2652 724 2831 799 ἀρχὴν
2888 721 2999 795 ⁸ἤδη
3037 724 3200 797 μόνον
3246 723 3573 797 ποιούμενος
3604 725 3725 799 περὶ
3752 729 3846 779 τοῦ
3871 731 3967 792 τῆς

2324 810 2579 881 ἀληθείας
2634 815 2940 889 προφήτου,
2991 814 3115 889 περὶ
3156 814 3365 868 πάντων
3403 834 3469 886 με
3500 812 3963 891 ἐπληροφόρησεν’

2320 900 2410 954 καὶ
2442 901 2536 955 εἶθ’
2567 902 2740 964 οὕτως
2772 898 2895 979 ἔφη’
2928 901 3119 978 Ἐνόρα
3145 906 3245 957 τοῦ
3276 899 3477 957 λοιποῦ
3503 906 3601 956 τοῦ
3630 904 3724 963 τὰς
3756 900 3805 972 ἐξ
3837 900 3967 975 ἐμοῦ

2320 988 2459 1061 πρὸς
2502 988 2629 1051 τοὺς
2668 988 2719 1060 ἐξ
2770 988 3008 1051 ἐναντίας
3052 988 3340 1066 γινομένας
3392 992 3661 1061 ζητήσεις·
3717 990 3806 1045 καὶ
3838 991 3969 1045 εἰτὸ

2320 1077 2483 1146 ἦττον
2534 1077 2943 1153 ἀπενέγκωμαι,
2992 1077 3053 1133 οὐ
3105 1074 3256 1133 δέδια
3312 1080 3387 1152 μή
3444 1100 3563 1141 πως
3612 1077 3675 1133 σὺ
3699 1080 3823 1154 περί
3873 1086 3975 1148 τῆς

2320 1163 2722 1241 παραδοθείσης
2752 1188 2836 1221 σοι
2869 1166 3148 1238 ἀληθείας*
3185 1164 3493 1243 διακριθῇς,
3527 1166 3583 1222 εὖ
3612 1169 3659 1204 ⁸⁸
3687 1165 3845 1230 εἰδὼς
3890 1167 3975 1223 ὅτι

2321 1252 2430 1329 ἐγὼ
2472 1256 2729 1324 ἡττᾶσθαι
2763 1251 2941 1326 ἔδοξα,
2976 1254 3084 1330 οὐχ
3113 1256 3158 1291 ⁸⁵
3186 1256 3221 1325 ἡ
3258 1255 3507 1320 ὑπόθεσις
3537 1258 3573 1325 ἡ
3607 1253 3694 1311 διὰ
3732 1260 3829 1311 τοῦ
3850 1277 3982 1333 προ-

2321 1344 2496 1421 φήτου
2528 1341 2895 1419 παραδοθεῖσα
2933 1346 3092 1417 ἡμῖν.
3126 1343 3282 1414 Πλὴν
3313 1343 3519 1414 ἐλπίζω
3555 1342 3695 1418 μηδὲ
3726 1347 3770 1383 ⁶⁶
3799 1345 3851 1399 ἐν
3902 1350 3986 1417 τῷ

2322 1430 2638 1503 ἐξεταστικῷ
2691 1431 2841 1509 λόγῳ
2886 1432 2950 1487 τὸ
2999 1435 3161 1502 ἧττον
3230 1432 3615 1510 ἀπενέγκασθαι
3671 1435 3807 1510 πρὸς
3853 1434 3985 1496 τοὺς

2318 1524 2442 1575 νοῦν
2476 1519 2729 1596 ἔχοντας,
2760 1519 3090 1597 φιλαλήθεις
3120 1524 3220 1580 43
3258 1520 3427 1597 λέγω,
3478 1519 3676 1584 οἵτινες
3729 1519 3984 1577 δύνανται

2317 1608 2595 1686 γνωρίζειν
2641 1613 2749 1665 τῶν
2800 1609 2977 1686 Λόγων
3025 1609 3165 1672 τίνες
3208 1609 3312 1665 εἶσὶ
3342 1610 3587 1680 πιθανοὶ,
3614 1608 3857 1687 ἔντεχνοί
3917 1632 3986 1667 το

2317 1699 2406 1752 καὶ
2437 1697 2767 1774 ἐπιτερπεῖς,
2798 1697 2939 1760 τίνες
2968 1718 3027 1753 τε
3054 1701 3098 1736 ⁸⁷
3150 1696 3297 1755 λιτοὶ
3344 1698 3434 1754 καὶ
3481 1698 3672 1773 ἁπλοῖ,
3726 1698 3863 1773 μόνῃ
3913 1702 3985 1773 τῇ

2318 1782 2388 1841 δι’
2418 1786 2591 1842 αὐτῶν
2625 1785 2859 1859 ἀληθείᾳ
2888 1786 3233 1851 πεποιθότες.

2408 1968 2543 2018 ΧΧΙ.
2595 1967 2770 2019 Ταῦτα
2831 1963 2997 2020 αὐτοῦ
3056 1964 3321 2035 εἰπόντος,
3390 1965 3785 2041 ἀπεκρινάμην.
3838 1963 3989 2037 ’Ἠόη

2336 2051 2643 2128 εὐχαριστῶ
2671 2058 2749 2125 τῷ
2762 2057 2895 2126 Θεῷ³
2921 2053 2997 2116 ὡς
3017 2054 3120 2130 γὰρ
3153 2049 3467 2128 ἐϐουλόμην
3486 2052 3994 2132 πληροφορηθῆναι

2334 2139 2507 2203 οὓτως
2562 2163 2656 2214 μοι
2703 2142 2793 2197 καὶ
2840 2142 3135 2219 παρέσχεν.
3184 2140 3339 2213 Πλὴν
3381 2143 3449 2198 τὰ
3492 2142 3618 2218 περὶ
3659 2143 3794 2216 ἐμοῦ
3823 2148 3995 2199 τοσοῦ

2329 2250 2422 2284 τον
2458 2229 2759 2305 ἀμέριμνος
2789 2232 2833 2270 ⁸⁸
2864 2226 2998 2297 ἴσθι,
3031 2229 3117 2286 ὅτι
3147 2230 3209 2285 οὗ
3239 2232 3465 2287 πώποτε
3493 2229 3774 2298 ἐνδοιάσω,
3821 2235 3998 2286 τοσοῦ

2328 2337 2419 2371 τον
2452 2319 2519 2384 ⁸9,
2542 2318 2665 2372 ’ὀσον
2699 2318 2744 2372 εἰ
2772 2318 2861 2373 καὶ
2893 2318 3055 2381 αὐτὸς
3088 2318 3150 2373 σὺ
3183 2318 3519 2391 βουληθείης
3549 2319 3683 2375 ποτε
3713 2322 3813 2388 τῆς
3851 2340 3999 2394 προ-

2329 2412 2567 2483 φητικῆς
2618 2406 2923 2472 ὑποθέσεως
2974 2406 3233 2484 ἐβστῆσαί
3286 2429 3373 2483 με,
3423 2405 3701 2465 ἀδυνατῶν
3745 2408 3808 2464 οὺ
3849 2406 3999 2479 δυνή

2327 2515 2392 2567 σῃ
2438 2497 2502 2564 9°,
2549 2500 2809 2552 τασοῦτον
2869 2496 2988 2551 οἴνα
3035 2496 3065 2552 ὅ
3110 2496 3441 2576 παρείληφα·
3504 2498 3603 2553 Καὶ
3670 2498 3747 2571 μή
3796 2519 3880 2553 τοι
3940 2500 3995 2537 9⁸

2322 2582 2515 2655 νόμιζέ
2568 2583 2633 2656 μέ
2683 2604 2766 2639 σοι
2821 2584 2960 2660 μέγα
3022 2585 3480 2662 ἐπαγγέλλεσθαι,
3529 2587 3678 2642 τοῦτ’
3727 2587 3861 2641 αὐτὸ
3920 2588 3995 2642 τὸ

2329 2671 2404 2743 μὴ
2438 2668 2707 2726 ἐνδοιάσαι
2761 2673 2929 2727 ποτέ·
2981 2672 3110 2730 ἀλλ’
3156 2674 3267 2730 οὔτ’
3321 2674 3481 2737 αὐτὸς
3508 2677 3555 2713 ⁹²
3586 2673 3693 2751 ἐγὼ
3750 2674 3875 2731 οὕνε
3904 2698 4001 2738 τις

2322 2758 2617 2835 ἀνθρώπων
2670 2765 2777 2815 τῶν
2812 2764 2857 2798 9³
2911 2762 3035 2838 περὶ
3089 2765 3375 2841 προφήτου
3441 2761 3626 2838 λόγῶν
3683 2763 3993 2833 ἐπακούσαι,

2321 2845 2589 2903 ἐνδοιάσαι
2635 2851 2766 2905 ποτέ
2818 2848 3106 2921 δυνήσεται
3153 2852 3278 2928 περὶ
3334 2858 3437 2922 τῆς
3483 2851 3728 2923 ἀληθοῦς
3758 2857 3806 2891 9‘
3849 2854 3995 2908 ὑπο-

2323 2936 2540 3007 θέσεως,
2606 2940 2869 3015 πρότερον
2929 2940 3227 3003 ἐπακούσας
3296 2941 3386 2996 καὶ
3452 2944 3673 3012 νοήσας,
3743 2942 3797 2997 τί
3864 2941 3991 2997 ἐστι

2317 3034 2662 3104 προφητικῆς
2712 3027 3039 3104 ἐπαγγελίας
3085 3028 3332 3100 ἀλήθεια.
3385 3030 3478 3084 Διὸ
3510 3029 3696 3106 θάῥρει
3744 3035 3824 3102 τῷ
3855 3043 3990 3095 θεο-

2318 3108 2577 3188 ϐουλήτῳ
2611 3113 2865 3191 δόγματι.
2899 3117 3051 3172 Πὰσα
3079 3118 3182 3194 γὰρ
3230 3117 3399 3194 τέχνη
3431 3117 3622 3180 κακίας
3666 3119 3989 3190 νεκίκηται.

2318 3204 2461 3278 Πρὸς
2491 3203 2594 3279 γάρ
2626 3206 2959 3282 προφητείαν
2991 3204 3143 3261 οὐδὲν
3175 3204 3421 3262 δύνανται
3455 3207 3577 3263 οὕτε
3622 3209 3814 3282 τέχναι
3873 3209 3987 3263 λό-

565 3296 825 3368 phetiam
876 3295 1020 3350 nihil
1049 3298 1298 3366 possunt
1345 3310 1536 3365 neque
1578 3296 1891 3349 verborum
1940 3295 2207 3367 artificia,

2323 3312 2452 3366 γωε,
2483 3292 2605 3347 οὕτε
2635 3294 2987 3372 σάφισμάτων
3018 3294 3277 3369 ἐπίνοιαι,
3329 3295 3391 3351 οὐ
3439 3295 3827 3373 συλλογισμοὶ,
3882 3298 4001 3353 οὐκ

564 3401 753 3456 neque
783 3385 1216 3456 sophismatum
1248 3383 1843 3455 excogitationes,non
1863 3382 2209 3456 syllogismi,

561 3490 676 3529 non
708 3473 821 3529 alia
846 3474 1135 3546 quapiam
1158 3472 1545 3539 machinatio;
1573 3472 1622 3527 si
1652 3472 1770 3527 veri
1794 3472 2086 3544 prophetae
2112 3491 2213 3528 au-

563 3562 717 3618 ditor
743 3564 1043 3618 veritatem
1065 3562 1302 3617 omnino
1321 3562 1693 3633 appetit,non
1722 3566 1919 3616 autem
1952 3562 2210 3618 veritatis

564 3656 843 3723 pratextu
876 3650 1113 3720 respicit
1143 3650 1299 3705 aliud
1344 3649 1669 3722 quidpiam.
1719 3650 1945 3721 Itaque,
1977 3651 2212 3707 domine

566 3740 648 3796 mi
679 3739 1078 3807 Petre,anxius
1110 3756 1180 3794 ne
1197 3738 1302 3805 sis,
1325 3738 1494 3809 quasi
1528 3738 1847 3792 maximum
1868 3738 2087 3794 donum
2112 3739 2212 3795 ho-

568 3828 713 3884 mini
746 3845 923 3884 sensu
955 3827 1171 3882 carenti
1199 3825 1529 3882 tradideris.
1561 3826 1841 3882 Sentienti
1890 3827 2045 3882 enim
2076 3844 2208 3900 gra-

564 3918 709 3973 tiam
740 3917 972 3984 dedisti,
1000 3917 1167 3987 eique
1198 3913 1300 3987 qui
1331 3914 1484 3970 circa
1533 3914 1809 3970 traditum
1842 3932 2042 3971 verum
2092 3934 2207 3973 non

564 4006 779 4078 poterit
807 4004 1163 4077 decipi.Novi
1194 4004 1407 4075 quippe
1439 4003 1496 4057 id
1532 4020 1713 4058 unum
1745 4020 1873 4059 esse
1895 4020 1964 4059 ex
1982 4005 2207 4076 iis,quzs

564 4094 776 4166 aliquis
807 4093 1054 4166 cupierit
1083 4093 1195 4149 cito
1224 4092 1629 4164 accipere,non
1653 4099 1846 4147 autem
1878 4094 2047 4149 tarde
2080 4112 2206 4149 con-

563 4182 751 4253 sequi.
784 4183 912 4238 Scio
951 4183 1132 4255 igitur
1159 4198 1274 4236 non
1308 4181 1799 4235 contemnendum
1833 4197 1960 4236 esse
2013 4184 2083 4238 ob
2115 4201 2203 4239 ce-

558 4270 869 4341 leritatem,
901 4273 1053 4341 quod
1102 4271 1304 4325 datum
1337 4268 1478 4323 mihi
1529 4272 1637 4336 est,
1665 4269 1939 4341 quodque
1979 4276 2068 4327 est
2115 4272 2203 4327 in-

559 4360 952 4433 comparabile
982 4377 1048 4416 ac
1079 4359 1270 4414 solum
1301 4362 1515 4412 tutum.

627 4449 952 4504 XXII.Haac
982 4452 1292 4521 postquam
1324 4446 1553 4501 locutus
1586 4462 1744 4514 sum,
1779 4445 1983 4502 Petrus
2016 4449 2198 4505 dixit:

555 4538 807 4594 Gratiam
838 4538 953 4594 Deo
984 4538 1191 4605 habeo,
1226 4539 1282 4591 et
1314 4552 1415 4606 pro
1448 4534 1634 4589 salute
1674 4540 1795 4601 tua,
1829 4539 1886 4591 et
1922 4553 2023 4607 pro
2074 4554 2199 4593 meo

553 4628 859 4683 commodo
884 4632 1061 4699 atque
1090 4624 1545 4713 oblectamento.
1567 4623 1708 4713 Vere
1739 4623 2028 4695 siquidem
2055 4642 2196 4697 gau-
2230 4649 2274 4713 Ι)

549 4717 878 4782 deo,sciens
908 4721 963 4771 te
995 4730 1257 4787 quaenam
1280 4712 1355 4767 sit
1386 4710 1699 4783 prophetiae
1727 4713 2066 4784 magnitudo
2100 4731 2195 4770 co-

547 4806 839 4876 gnovisse.
874 4803 1157 4869 Quoniam
1198 4817 1354 4873 ergo,
1390 4805 1454 4854 ut
1502 4798 1721 4867 dixisti,
1756 4816 1943 4871 neque
1969 4800 2017 4855 si
2069 4802 2193 4874 ipse

2305 4712 2386 4768 δτι
2443 4713 2683 4788 ἐπέγνως
2722 4713 2774 4768 τί
2834 4717 2957 4770 ποτ’

2304 4803 2452 4857 Ἐπεὶ
2502 4800 2615 4867 οὖν,
2666 4803 2740 4865 ὡς
2773 4800 2905 4881 ἔφης
2942 4808 2981 4871 ¹,
3014 4804 3124 4860 οὐδ’
3156 4805 3215 4862 ἂν
3244 4806 3405 4869 αὐτὸς
3437 4807 3543 4884 ἐγὼ
3573 4806 3793 4877 θελήσω
3828 4812 3989 4864 ποτὲ

2322 3378 2465 3451 ἄλλη
2497 3403 2579 3444 τις
2619 3384 2842 3458 μηχανή
2872 3403 2884 3417 ·
2921 3383 3008 3438 ἐάν
3035 3405 3095 3460 γε
3124 3385 3151 3439 ὁ
3183 3383 3487 3447 ἐπακούσας
3518 3388 3803 3464 προφήτου
3835 3385 3997 3457 ἀλη-

2319 3470 2444 3532 θοῦς
2492 3468 2749 3541 ἀληθείνς
2802 3470 2972 3534 ὅντως
3019 3472 3288 3549 ὀρέγεται,
3321 3472 3412 3529 καὶ
3447 3473 3508 3529 οὐ
3540 3476 3805 3553 προφάσει
3838 3474 3996 3547 ἀλη-

2319 3557 2462 3621 θείας
2516 3555 2697 3635 ἓτερόν
2747 3581 2802 3615 τι
2858 3556 3266 3637 περιϐλέπεται.
3319 3562 3477 3617 Ὠστε
3535 3566 3599 3635 9⁵,
3650 3563 3802 3637 κύριέ
3871 3587 3995 3636 μου

2319 3642 2506 3722 Πέτρε,
2563 3650 2638 3721 μὴ
2690 3648 2911 3722 ἀθύμει,
2962 3650 3036 3712 ὡς
3084 3650 3396 3724 ἀναισθήτῳ
3441 3652 3503 3706 τὸ
3554 3656 3657 3710 44
3714 3652 3989 3729 μέγιστον

2319 3732 2699 3812 δωρησάμενος
2750 3738 2966 3814 ἀγαθόν.
3016 3738 3335 3813 Αίσθομένῳ
3385 3740 3489 3817 γὰρ
3543 3740 3767 3817 χάριτος
3842 3740 3997 3797 ἐδω-

2318 3826 2470 3899 ρήσω
2499 3828 2562 3899 θδ,
2612 3826 2701 3881 καὶ
2750 3828 2825 3900 μὴ
2876 3825 3154 3901 δυναμένῳ
3203 3829 3542 3900 ἀπατηθῆνοι
3592 3830 3698 3884 ἀπὸ
3745 3835 3847 3886 τοῦ
3878 3829 3991 3886 δο-

2317 3913 2499 3976 θέντος
2519 3912 2784 3985 ἀληθοῦς.
2819 3913 2951 3971 Οἶδα
2980 3918 3083 3993 γὰρ
3109 3916 3191 3972 ὅτι
3220 3917 3275 3973 ἓν
3325 3917 3460 3973 ἐσνιν
3487 3921 3528 3955 ⁹⁷
3579 3920 3653 3973 ὧν
3707 3919 3989 3994 βούλεταί

2314 4023 2397 4065 τις
2446 4003 2536 4057 καὶ
2576 4004 2792 4078 ταχέως
2844 4000 3030 4061 λαϐεῖν
3077 4005 3165 4061 καὶ
3220 4004 3462 4083 βραδέως
3513 4008 3589 4081 μὴ
3656 4014 3849 4083 τυχεῖν
3934 4013 3987 4047 93

2316 4088 2446 4145 οἶδα
2503 4090 2593 4147 οὖν
2648 4094 2722 4166 μὴ
2771 4100 3125 4171 καταφρονεῖν
3172 4099 3269 4150 τοῦ
3314 4093 3564 4160 δοθέντος
3606 4117 3722 4170 μοι,
3783 4094 3874 4151 διὰ
3909 4100 3988 4153 τὸ

2313 4180 2506 4256 τάχος,
2539 4181 2864 4258 ἀσυγκρίτου
2894 4183 2983 4237 καὶ
3018 4183 3185 4257 μόνου
3217 4183 3513 4264 ἀσφαλοῦς·

2384 4450 2548 4504 XXII.
2585 4450 2767 4504 Ταῦτα
2813 4454 2911 4504 τοῦ
2961 4450 3226 4521 εἰπόντος,
3274 4453 3302 4508 ὁ
3351 4451 3557 4528 Πέτρος
3585 4449 3728 4531 ἔφη*
3790 4453 3989 4528 Χάριν

2311 4533 2574 4611 ὁμολογῶ
2601 4541 2679 4608 τῷ
2710 4535 2826 4610 Θεῷ
2847 4537 2936 4593 καὶ
2966 4539 3089 4613 περὶ
3118 4546 3217 4609 τῆς
3248 4547 3347 4611 σῆς
3380 4539 3653 4617 σωτηρίας
3695 4540 3785 4595 καὶ
3836 4544 3987 4618 περὶ

2307 4631 2406 4695 τῆς
2437 4625 2574 4697 ἐμῆς
2608 4628 2651 4662 ⁹⁹
2680 4624 3052 4689 ἀπολαύσεως.
3087 4628 3342 4699 ’Λληθῶς
3386 4631 3490 4706 γὰρ
3539 4626 3746 4703 ἥδομαι
3799 4626 3988 4694 εἰδὼς

3032 4715 3139 4770 ἐστὶ
3209 4717 3543 4795 προφητείας
3577 4721 3644 4757 ¹⁰⁰
3710 4716 3986 4794 μέγεθος-

546 4908 650 4966 ego
682 4893 1016 4965 aliquando,
1072 4891 1227 4963 quod
1260 4885 1449 4945 absit!
1484 4886 1767 4943 voluerim
1815 4894 1873 4944 te
1912 4891 1984 4945 ad
2033 4891 2193 4948 aliud

2323 4889 2434 4964 imp
2482 4890 2669 4963 ἀπείη,
2722 4890 2796 4953 εἲς
2847 4891 3027 4967 ἔτερόν
3075 4915 3131 4949 σε
3190 4899 3513 4968 μεταστῆσαι
3574 4892 3776 4971 δόγμα,
3828 4895 3983 4973 οὐχ’

543 4984 753 5055 dogma
784 4981 1371 5051 transferre,idoneus
1403 4976 1475 5033 ad
1506 4979 1561 5033 te
1590 4978 2065 5048 persuadendum
2100 4981 2191 5037 fu-

2301 4980 2483 5040 ἱκανὸς
2527 4974 2721 5053 ἔσομαι
2763 4980 2944 5036 πεῖσαί
2993 5002 3071 5054 σε,
3118 4981 3268 5060 ἄρξαι
3322 4988 3419 5040 τοῦ
3468 4983 3667 5040 λοιποῦ
3716 4983 3827 5039 ἀπὸ
3857 4989 3983 5056 τῆς

1892 5119 2134 5175 VARle
2173 5122 2586 5179 LECTIONES.

615 5229 659 5305 ξε
691 5228 747 5305 εὖ
778 5234 864 5299 Ε,,
926 5231 960 5300 ἦ
995 5233 1056 5296 ρ,
1231 5224 1433 5305 εδῗούχί
1466 5225 1529 5281 G.
1606 5224 1649 5262 ³⁸
1677 5227 1762 5280 Ita
1778 5226 1846 5305 -3,
1884 5226 2130 5305 51.75559,
2163 5228 2435 5305 0.ATum
2495 5224 2783 5305 ἐξετᾶσται,
2845 5231 2918 5305 Ο,
2972 5234 3249 5305 mendose
3273 5301 3287 5305 Α
3321 5233 3365 5271 ⁸⁷
3394 5252 3453 5288 τε
3513 5233 3577 5303 0,
3611 5250 3662 5289 ο.
3696 5233 3757 5305 S,
3786 5252 3859 5305 χε
3895 5234 3979 5291 C.

535 5300 580 5337 ⁸⁸
612 5297 911 5375 ἀμέριμνον
1084 5304 1129 5337 ⁸⁵
1156 5297 1411 5375 τοσοῦτον
1444 5298 1923 5375 expungendum.
2049 5300 2200 5375 'ILum
2245 5297 2536 5375 βουληθείς
2564 5318 2695 5353 ποτε
2727 5300 2817 5375 ς),-
2880 5297 2925 5375 io
2978 5304 3061 5360 Ita
3110 5305 3175 5375 Χ,

3227 5301 3473 5375 ἠδυνήση
3521 5299 3583 5372 C,
3634 5323 3693 5357 σε
3740 5299 3974 5358 ἀδυνα-

534 5368 697 5440 τῆσαι
722 5368 814 5429 vel
852 5374 909 5427 ἂν
941 5371 1299 5442 ἀδυνατήσαις
1370 5368 1633 5440 reposuit
1662 5368 1721 5423 S.
1799 5369 1841 5405 ⁹¹
1873 5388 1923 5420 τι
1957 5370 2019 5425 0.
2065 5372 2212 5426 Tum
2244 5368 2310 5442 μέ
2342 5390 2425 5423 σοι
2459 5372 2525 5437 D,
2563 5390 2656 5441 μοι
2688 5369 2750 5423 σύ
2782 5372 2843 5428 C.
2879 5368 3173 5433 Ruﬁnus
3206 5368 3310 5433 tibi
3357 5368 3472 5433 nia.
3507 5368 3727 5433 Deinde
3784 5378 3978 5431 τοῦτο

536 5449 594 5495 C.
672 5446 716 5480 92
747 5443 876 5495 αὐτό
908 5446 968 5495 Ο.
1048 5448 1091 5480 9³
1120 5444 1208 5495 τὸν
1238 5389 1505 5495 -ξκόγον
1538 5442 1597 5495 C.
1676 5439 1720 5473 9‘
1746 5435 2007 5495 ἀληθείας
2038 5441 2102 5495 0.
2156 5442 2216 5495 in
2277 5458 2460 5495 mare.
2520 5443 2722 5495 eadem
2784 5460 2948 5495 man.
2988 5452 3310 5495 correctum
3358 5449 3415 5495 in
3475 5445 3738 5495 ἀληθοῦς-
3802 5447 3973 5495 Dein

536 5449 594 5498 C.
672 5446 716 5480 ⁹²
747 5443 876 5498 αὐτό
908 5446 968 5501 Ο.
1048 5448 1091 5480 ⁸³
1120 5444 1208 5498 τὸν
1238 5475 1306 5485 --

1378 5435 1505 5517 67.on
1538 5442 1620 5517 CL
1676 5435 2102 5517 fidltneelaqp,
2156 5442 2216 5517 in
2245 5435 2460 5517 "marg.
2492 5435 2739 5517 _'ead‘em_
2784 5460 2948 5505 man.
2988 5452 3313 5504 correctum
3358 5449 3418 5503 in
3475 5445 3738 5517 ἀληθοῦς.
3801 5447 3979 5505 Dein

532 5512 617 5574 τίς
680 5514 819 5590 ἐστίν
877 5521 946 5590 C.
1012 5518 1056 5551 ⁹⁶
1110 5515 1197 5569 καὶ
1256 5513 1379 5590 οὔτε
1537 5510 1622 5590 .⁰⁶
1679 5504 1959 5584 ἐδώρησας
2014 5504 2098 5590 (ἶς’
2154 5515 2197 5549 ³⁷
2253 5504 2450 5590 ἔνεστίν
2483 5513 2578 5590 Ο..
2624 5514 2668 5549 ⁹⁸
2716 5513 2935 5590 ἀτυχεῖν
2977 5518 3444 5590 (perdere)_conj_.
3502 5504 3579 5590 1),¹
3603 5524 3667 5575 ut
3696 5504 3979 5590 evitetur;

533 5586 856 5663 tautologia
913 5589 1379 5663 Fortassejerba
1403 5583 1509 5663 illa
1537 5581 1663 5663 Ιοορ
1693 5581 1801 5663 su_o
1832 5584 2405 5663 mqvend_a.su_nt,_ut
2432 5581 2864 5663 legaqturlvers'u
2896 5581 3350 5663 insequenti't‘ia:
3374 5581 3437 5644 οἱὸ
3459 5581 3655 5663 ,τάχος
3707 5588 3801 5644 καὶ
3863 5589 3969 5663 μὴ

534 5652 1136 5786 Ρῗῗέέδξὲυέεῖξῦἓέ
1176 5659 1220 5694 99
1268 5653 1464 5715 Ita'O.
1512 5668 1564 5710 c.
1614 5652 1674 5723 S,
1704 5656 1805 5722 τῆς
1844 5652 1935 5706 καὶ
1963 5654 2088 5729 περὶ
2121 5653 2261 5729 ἐμῆς
2292 5652 2352 5712 C.
2431 5652 2613 5713 ‘°°'Ita
2642 5656 2707 5729 Ο,
2740 5672 2791 5715 c.
2825 5658 2883 5729 S,
2917 5652 3226 5738 προφητίας
3254 5662 3315 5720 C.
3392 5664 3410 5699 ί
3442 5660 3516 5725 ὡς
3544 5652 3679 5740 ἔφης
3707 5678 3829 5719 om.
3864 5652 3952 5719 '0;

584 5728 671 5787 Ita
702 5728 766 5786 Ο.
798 5746 847 5786 c.

919 5771 935 5802 ,
969 5726 1068 5784 οὐκ
1094 5728 1156 5787 C.
