4100 6334
532 407 611 464 79

1350 410 1413 469 S.
1464 410 1907 472 CLEMENTIS
1953 413 1976 471 l
2028 408 2210 469 ttOM.
2259 409 2491 469 PUNT.
2541 407 2803 469 OPERA
2849 408 3124 469 DUBIA.

3872 409 3957 469 80

531 536 847 593 solationes
874 542 929 592 et
958 538 1386 595 admonitiones
1416 540 1489 596 iis
1519 542 1847 608 admovere,
1880 543 1980 614 qui
2039 539 2173 597 mali

2290 539 2380 593 καὶ
2411 538 2689 602 νουθεσίας
2721 539 3041 616 προσφέρειν
3074 542 3194 599 τοῖς
3224 535 3431 616 φαῦλόν
3487 557 3541 591 τι
3601 538 3953 614 πράττουσιν.

531 624 754 696 aliquid
788 626 1005 681 habent
1035 644 1099 683 ac
1130 632 1358 699 gerunt.
1392 630 1682 702 Aio,quod
1715 631 1764 686 si
1800 631 2040 703 quidem
2067 629 2179 686 ali-

531 714 664 786 quis
696 715 944 786 proficit,
979 717 1288 787 adhibeat;
1324 717 1413 773 sin
1466 719 1684 789 minus,
1738 720 1982 792 tempori
2041 736 2176 775 con-

530 802 717 859 cedat.
751 804 880 860 Scio
912 807 1150 874 etenim,
1175 810 1385 861 cuncta
1415 806 1627 863 habere
1686 825 1860 864 suum
1921 815 2174 880 tempus.

530 892 717 958 Quare
746 897 971 966 oportet
1000 910 1303 950 sermones
1334 895 1433 967 qui
1455 896 1721 952 animum
1755 897 2031 953 roborant
2074 896 2178 951 ho-

531 980 791 1037 minibus
823 987 958 1037 ante
988 984 1354 1040 vexationem
1382 986 1650 1053 tradere;
1684 990 1749 1041 ut
1778 986 1828 1041 si
1861 984 2000 1057 quid
2034 985 2181 1041 forte

527 1069 688 1142 pravi
721 1070 1020 1138 acciderit,
1054 1089 1221 1128 mens
1250 1072 1415 1145 prius
1469 1079 1694 1130 armata
1746 1078 1903 1131 recta
1958 1074 2181 1131 ratione

528 1157 713 1231 possit
742 1159 799 1215 id
832 1160 989 1232 quod
1022 1159 1251 1217 illatum
1284 1165 1375 1218 est
1397 1163 1857 1234 perferre.Tunc
1879 1162 2096 1235 quippe
2126 1162 2179 1219 ei

527 1247 628 1319 qui
660 1264 763 1319 per
790 1248 1011 1305 bonum
1044 1249 1358 1307 consilium
1396 1251 1721 1323 opitulatus
1753 1257 1865 1318 est,
1922 1268 2089 1308 mens
2120 1251 2179 1307 in

527 1336 656 1409 ipso
678 1337 1127 1394 conﬂictationis
1155 1338 1403 1395 articulo
1437 1340 1586 1396 solet
1615 1356 1982 1397 concurrere.

600 1442 693 1498 IV.
746 1443 1030 1501 Caeterum
1079 1446 1300 1515 audivi,
1353 1445 1643 1515 Clemens,
1696 1448 2022 1504 Barnabam
2073 1446 2180 1503 tibi

528 1529 888 1588 Alexandria
919 1538 1158 1590 omnino
1187 1535 1529 1607 exposuisse
1570 1537 1895 1593 doctrinam
1928 1537 1999 1592 de
2047 1552 2178 1608 pro-

531 1618 730 1691 phetia
761 1639 775 1689 ;
809 1639 880 1677 an
916 1622 974 1677 id
1004 1639 1207 1679 verum
1240 1640 1357 1679 non
1375 1624 1513 1680 est?
1570 1628 1637 1680 Et
1692 1642 1797 1697 ego
1854 1625 2127 1697 respondi
2160 1641 2174 1680 :

532 1708 617 1763 Ita
648 1714 757 1776 est,
792 1711 1111 1767 admodum
1144 1712 1417 1785 praclare
1449 1712 1506 1768 id
1541 1714 1693 1769 fecit.
1726 1717 1794 1769 Et
1826 1714 2179 1770 PetruszNon

529 1798 711 1872 igitur
740 1816 975 1856 necesse
1004 1804 1113 1867 est,
1161 1805 1225 1856 ut
1255 1801 1364 1858 hoc
1394 1806 1627 1874 tempus
1650 1802 1708 1857 in
1740 1803 1812 1857 iis
1837 1804 2180 1859 enarrandis

530 1906 658 1962 qua
690 1890 842 1945 nosti
869 1891 1222 1960 insumatur,
1254 1908 1386 1947 cum
1421 1892 1491 1947 ad
1525 1891 1669 1948 alios
1688 1908 2008 1959 sermones,
2032 1908 2180 1964 quos
2210 1913 2259 1980 Β

528 1978 785 2050 ignoras,
810 1978 981 2035 nobis
1012 1980 1198 2052 possit
1227 1979 1529 2036 inservire.
1565 1982 1635 2036 Et
1674 1997 1777 2053 ego
1809 1981 1927 2037 dixi
1957 1998 1971 2036 :
2007 1982 2179 2037 Recte

529 2067 636 2135 ais,
670 2066 855 2123 Petre.
891 2066 951 2123 Id
981 2070 1180 2125 tamen
1213 2068 1357 2124 mihi
1390 2086 1493 2141 pro
1526 2086 1767 2126 munere
1789 2071 2059 2137 concede,
2079 2069 2180 2142 qui

529 2172 763 2229 semper
794 2160 985 2212 tecum
1012 2173 1245 2214 manere
1268 2157 1567 2230 constitui,
1589 2175 1919 2215 sermonem
1952 2160 2022 2214 de
2053 2175 2182 2231 pro-

528 2244 707 2317 pheta
736 2244 1024 2319 explicare
1054 2246 1293 2303 assiduo
1324 2245 1595 2304 lubenter
1639 2248 1923 2303 audienti.
1949 2248 2185 2321 Absque

529 2330 630 2387 illo
657 2332 835 2402 enim,
869 2332 1023 2389 sicut
1051 2349 1085 2388 ιι
1115 2334 1382 2390 Barnaba
1411 2334 1627 2408 accepi,
1660 2335 1872 2392 veritas
1900 2336 2043 2392 disci
2062 2353 2178 2393 non

532 2424 748 2493 potest.

600 2526 668 2582 V.
703 2531 928 2596 Petrus,
960 2543 1027 2585 eo
1058 2544 1337 2601 responso
1366 2528 1531 2585 valde
1552 2529 2051 2601 delectatus;jam,
2084 2532 2176 2588 in-

530 2617 677 2689 quit,
702 2618 879 2674 ﬁnem
909 2618 1135 2691 accepit
1155 2635 1280 2690 qua
1303 2620 1373 2675 ad
1397 2624 1451 2674 te
1473 2619 1722 2692 pertinet
1750 2621 2180 2689 emendatio,ut

531 2705 630 2777 qui
658 2722 975 2779 cognoscas
992 2707 1460 2779 magnitudinem
1481 2707 1822 2764 indubitata
1837 2709 2175 2782 prophetia,

530 2795 659 2851 sine
689 2812 806 2867 qua
834 2794 1197 2868 impossibile
1227 2801 1316 2852 est
1334 2794 1610 2868 cuiquam
1634 2797 1690 2852 id
1717 2799 1993 2870 consequi
2020 2798 2178 2870 quod

531 2899 763 2940 summe
786 2883 1131 2955 juvat.Nam
1145 2884 1352 2940 cumin
1366 2886 1542 2941 rebus
1573 2885 1758 2941 multa
1777 2890 1835 2942 et
1856 2888 2013 2944 varia
2026 2889 2180 2943 bona

532 2972 655 3030 sint
691 2989 756 3028 ac
786 2989 914 3029 esse
934 2973 1344 3045 possint,quod
1376 2974 1575 3030 omnia
1618 2976 1976 3033 beatitudine
2002 2994 2176 3052 supe-

535 3066 646 3129 rat,
678 3060 766 3118 vel
797 3061 917 3117 vita
946 3066 1179 3132 aterna,
1218 3061 1305 3118 vel
1338 3066 1611 3135 perpetua
1642 3065 1886 3133 sanitas,
1908 3065 1995 3121 vel
2045 3084 2178 3139 per-

531 3150 685 3207 fecta
714 3167 902 3219 mens,
930 3150 1019 3207 vel
1049 3150 1271 3222 lumen,
1304 3150 1391 3207 vel
1421 3151 1726 3223 gaudium,
1758 3153 1846 3209 vel
1878 3154 2180 3213 immorta-

532 3240 667 3304 itas,
697 3239 785 3296 vel
814 3240 864 3295 si
895 3240 1036 3311 quid
1062 3239 1221 3296 aliud
1278 3244 1366 3296 est
1408 3245 1511 3296 aut
1545 3242 1790 3297 existere
1846 3248 2040 3315 potest
2087 3261 2177 3300 ex-

534 3327 749 3385 cellens
776 3327 835 3383 in
868 3343 1066 3384 rerum
1096 3333 1305 3384 natura
1337 3344 1351 3385 :
1382 3328 1441 3384 id
1478 3346 1593 3385 non
1652 3329 1823 3386 aliter
1879 3332 2176 3403 possidere

525 3419 636 3486 est,
667 3416 785 3474 nisi
816 3416 979 3490 prius
1010 3433 1101 3474 res
1131 3418 1630 3489 quemadmodum
1678 3423 1907 3476 exstant
1962 3438 2176 3494 cogno-

528 3510 803 3576 scantur;
832 3524 901 3563 ea
916 3523 1051 3563 vero
1076 3507 1321 3563 scientia
1367 3507 1665 3580 continget
1707 3526 2029 3583 nunquam,
2063 3511 2174 3569 nisi

528 3595 728 3668 agnito
759 3601 929 3652 antea
959 3596 1243 3669 propheta
1274 3596 1562 3653 veritatis.

596 3700 690 3757 VI.
726 3701 1012 3774 Propheta
1040 3707 1237 3758 autem
1268 3703 1528 3759 veritatis
1559 3704 1655 3759 ille
1686 3708 1794 3776 est,
1831 3705 1931 3778 qui
1974 3707 2174 3765 omnia

526 3792 767 3846 omnino
796 3789 926 3858 scit,
960 3790 1247 3861 praterita
1304 3795 1369 3846 ut
1425 3791 1682 3857 fuerunt,
1745 3796 2053 3864 prasentia
2111 3800 2175 3852 ut

528 3878 891 3944 sunt,futura
924 3883 986 3933 ut
1012 3884 1184 3934 erunt
1216 3880 1333 3950 ;qui
1366 3883 1457 3935 est
1484 3879 1975 3952 impeccabilis,et
1998 3884 2169 3941 mise-

528 3967 713 4022 ricors
736 3983 750 4034 ;
775 3966 987 4038 cuique
1016 3966 1126 4023 soli
1158 3968 1545 4023 edisserenda
1578 3969 1837 4025 veritatis
1877 3973 2171 4043 provincia

526 4056 882 4111 demandata
908 4060 1015 4111 est.
1052 4056 1220 4129 Lege,
1254 4062 1311 4112 et
1343 4057 1601 4113 invenies
1632 4076 1731 4115 eos
1762 4061 1859 4131 qui
1895 4078 1929 4115 a
1956 4063 2169 4134 seipsis

522 4144 823 4199 veritatem
855 4159 916 4200 se
940 4147 1139 4200 nactos
1163 4145 1341 4200 fuisse
1381 4147 1811 4204 existimarunt.
1859 4149 1917 4204 Id
1952 4150 2168 4224 quippe

525 4232 818 4305 propheta
850 4232 1147 4304 proprium
1181 4238 1287 4303 est,
1320 4235 1618 4292 veritatem
1655 4236 1910 4293 iudicare
1937 4256 2169 4310 ;quem-

526 4321 842 4377 admodum
873 4320 981 4377 soli
1014 4322 1244 4393 prOprie
1301 4324 1597 4395 competit,
1651 4325 1806 4380 diem
1868 4326 2162 4385 inducere.

524 4409 805 4475 Quocirca
850 4414 1138 4481 quotquot
1181 4410 1486 4467 veritatem
1545 4413 1956 4471 desiderarunt
2031 4434 2166 4490 cog-

522 4514 781 4570 noscere,
816 4499 964 4555 etab
993 4498 1103 4555 hoc
1134 4516 1263 4555 eam
1311 4500 1535 4556 discere
1591 4519 1705 4557 non
1759 4503 2161 4564 obtinuerunt.

518 4604 588 4645 ea
618 4604 732 4644 non
765 4588 1017 4655 inventa,
1080 4588 1141 4643 in
1197 4588 1609 4661 disquisitione
1654 4591 1924 4649 obierunt
1979 4595 2157 4652 diem.

516 4676 665 4733 Nam
697 4677 798 4749 qui
827 4676 1129 4733 veritatem
1158 4678 1383 4749 quarit,
1408 4698 1439 4733 a
1471 4696 1578 4735 sua
1626 4680 1957 4752 ignorantia
2013 4686 2162 4740 acci-

516 4780 653 4837 pere
683 4781 812 4821 eam
845 4781 959 4837 quo
986 4766 1159 4822 modo
1192 4767 1401 4838 poterit
1426 4770 1447 4822 i’
1476 4768 1630 4823 Licet
1672 4769 1828 4825 enim
1860 4773 2160 4843 repererit,

515 4871 650 4911 cum
680 4854 840 4910 illam
873 4870 988 4911 non
1020 4861 1353 4927 cognoscat,
1386 4857 1555 4928 quasi
1587 4858 1887 4914 absentem
1921 4867 2159 4932 prater-

515 4942 643 4999 ibit.
674 4943 786 5000 Sed
820 4960 922 4998 nec
981 4944 1054 4999 ab
1114 4944 1228 4999 alio
1288 4944 1562 5001 similiter
1607 4946 1833 5019 ignaro,
1892 4952 2159 5020 quamvis

512 5030 819 5088 scientiam
853 5032 1243 5103 repromittat,
1299 5034 1601 5090 veritatem
1660 5040 1855 5092 tenere
1905 5040 2153 5109 poterit;

512 5118 625 5176 nisi
659 5120 813 5193 quod
845 5120 1029 5177 solam
1061 5122 1249 5179 discet
1286 5122 1415 5178 vita
1475 5125 1976 5182 conversationem
2028 5144 2155 5200 qua

2290 625 2467 700 Φημί,
2502 628 2547 681 εί
2612 629 2706 701 μὲν
2765 627 2912 682 άνόει
2969 647 3077 697 τις,
3108 626 3483 705 προσφερέτω’
3523 624 3572 680 εἴ
3628 622 3688 680 δὲ
3737 627 3957 699 μὴ,τῷ

2287 714 2461 792 καιρῷ
2520 715 2730 787 είξάτω.
2763 716 2908 792 Ἐγὼ
2954 714 3056 792 γὰρ
3114 713 3236 771 οἶδα
3281 718 3326 752 ³ο
3381 711 3463 769 ὄτι
3524 715 3700 770 πάντα
3757 715 3950 792 καιρὸν

2288 801 2428 858 ἴδιον
2480 800 2618 881 ἔχει.
2651 804 2746 859 Διὸ
2794 804 2906 879 χρὴ
2955 808 3073 866 τοῖς
3122 802 3433 879 ἀνθρώποις
3468 801 3598 866 τοὺς
3626 803 3725 871 τὴν
3756 803 3950 877 ψυχὴν

2292 891 2593 969 ῥωννὺντας
2625 892 2821 969 λόγους
2850 892 2957 969 πρὸ
3012 899 3113 962 τῆς
3159 892 3451 954 κακώσεως
3500 888 3825 959 ἐπιδιδόναι,
3852 889 3953 945 ’ἶνα

2291 978 2345 1036 ei’
2367 1001 2498 1036 ποτε
2529 980 2748 1036 ἐπέλθοι
2778 983 2823 1019 ²¹
2852 1002 2907 1036 τι
2949 979 3179 1059 φαῦλον,
3212 980 3240 1035 ὁ
3294 984 3423 1043 νοῦς
3486 976 3952 1057 προωπλισμὲνος

2292 1069 2437 1145 ὀρθῷ
2483 1074 2562 1142 τῷ
2618 1073 2875 1146 Λογισμῷ
2916 1070 2979 1125 τὸ
3030 1067 3314 1145 ἐπενεχθὶν
3368 1068 3663 1139 ὑποστῆναι
3712 1065 3952 1143 δυνηθῇ.

2286 1158 2418 1214 Τότε
2445 1157 2546 1235 γὰρ
2576 1158 2666 1214 καὶ
2695 1157 2776 1233 τῷ
2809 1156 2899 1214 διὰ
2934 1158 3161 1237 γνώμης
3191 1158 3400 1234 ἀγαθῆς
3436 1158 3771 1233 βοηθήσαντι
3800 1157 3957 1234 παρὰ

2286 1248 2387 1318 τὴν
2414 1247 2596 1322 ἀκμὴν
2624 1252 2722 1304 τοῦ
2753 1246 3005 1323 πολέμου
3038 1245 3180 1305 οἶδεν
3216 1248 3244 1303 ὁ
3274 1251 3403 1312 νοῦς
3434 1247 3769 1324 συντρέχειν.

2360 1356 2453 1412 IV.
2488 1353 2639 1424 Πλὴν
2692 1351 2915 1429 ἔμαθον,
2946 1355 2993 1409 ὦ
3043 1353 3305 1428 Κλήμης,
3352 1353 3428 1418 ὡς
3478 1353 3531 1411 ἐν
3578 1357 3649 1430 τῇ
3698 1351 3959 1425 Ἀλεξαν-

2290 1442 2442 1521 δρείᾳ
2472 1445 2500 1500 ὁ
2532 1439 2808 1520 Βαρνάϐας
2839 1443 2930 1499 τὸν
2964 1442 3090 1518 περὶ
3129 1442 3467 1521 προφητείας
3517 1440 3681 1518 λόγον
3725 1440 3959 1506 τελείως

2290 1554 2373 1589 σοι
2432 1532 2655 1606 ἐξέθετο·
2714 1535 2753 1602 ἦ
2810 1531 2913 1607 γὰρ
2972 1528 3073 1601 οὕς
3134 1531 3301 1608 Κάγὼ
3360 1530 3757 1606 ἀπεκρινάμην·
3818 1530 3953 1600 Ναί,

2288 1620 2377 1678 καὶ
2427 1624 2565 1677 πάνυ
2609 1620 2814 1684 καλῶς.
2865 1620 2962 1677 Καὶ
3012 1621 3040 1676 ὁ
3091 1619 3316 1697 Πέτρος·
3367 1618 3573 1675 Οὐκοῦν
3618 1619 3719 1675 οὐκ
3778 1621 3953 1696 ἀναγ-

2287 1716 2459 1782 καῖον,
2488 1711 2577 1766 τὸν
2609 1714 2701 1764 νῦν
2740 1710 2941 1786 χρόνον
2989 1708 3285 1783 δυνάμενον
3335 1711 3473 1782 ἡμῖν
3528 1708 3812 1786 ὑπηρετεῖν
3866 1707 3953 1772 εἰς

2289 1796 2502 1873 ἔτέρους
2534 1799 2730 1877 λόγους
2781 1799 2875 1863 οὓς
2929 1798 3030 1854 οὑκ
3059 1797 3360 1871 ἐπίστασαι,
3393 1796 3469 1860 εἷς
3518 1797 3613 1860 οὓς
3662 1796 3949 1853 ἐπίστασαι

2290 1891 2556 1944 ποιεῖσθαι
2597 1891 2697 1959 τήν
2748 1885 3036 1965 ἀσχολίαν.
3069 1886 3228 1965 Κάγὼ
3259 1890 3305 1925 ²²
3336 1885 3491 1965 ἔφην·
3526 1887 3726 1963 Ὀρθῶς
3782 1881 3951 1965 ἔφης,

2292 1980 2478 2055 Πέτρε.
2512 1977 2669 2051 Ἐμοὶ
2703 1976 2760 2033 δὲ
2787 1982 2949 2033 τοῦτο
3009 1976 3243 2054 χαρίζου
3294 1974 3525 2032 πάντοτέ
3577 1996 3663 2031 σοι
3712 1981 3952 2031 συνεῖναι

2290 2068 2551 2143 κρίναντι,
2582 2067 2674 2124 τὸν
2719 2066 2843 2143 περὶ
2884 2069 2981 2125 Δῖ
3012 2071 3110 2121 τοῦ
3140 2068 3187 2103 ³³
3213 2066 3502 2145 προφήτου
3552 2063 3718 2142 λόγον
3763 2062 3954 2135 ἡδέως

2290 2155 2541 2212 ἀκούοντι
2599 2160 2839 2233 συνεχῶς
2901 2156 3244 2233 ὑφηγεῖσθαι.
3277 2160 3439 2211 ’Ἄνευ
3493 2154 3599 2229 γὰρ
3646 2153 3835 2224 αὑτοῦ,
3870 2154 3953 2217 ὡς

2291 2241 2488 2319 ἔμαθον
2545 2245 2692 2322 παρὰ
2748 2238 3011 2323 Βαρνάϐα,
3066 2245 3166 2315 τὴν
3247 2240 3508 2317 ἀλήθειαν
3572 2244 3755 2318 μαθεῖν
3822 2240 3960 2299 ἀδύ-

2290 2356 2446 2390 νατον
2457 2377 2470 2392 ο

2358 2532 2425 2589 ν.
2457 2530 2514 2585 '0
2546 2527 2604 2585 δὲ
2642 2528 2863 2607 Πέτρος,
2895 2528 2982 2586 ἐπὶ
3020 2528 3200 2603 τούτῳ
3252 2525 3507 2606 μεγάλως
3552 2526 3755 2599 ἡσθεὶς,
3805 2524 3951 2583 ἀπε-

2287 2620 2525 2697 κρίνατο’
2549 2618 2687 2690 Ἤδη
2726 2620 2821 2692 μὲν
2851 2621 2887 2689 ἡ
2926 2620 3063 2693 πρὸς
3090 2618 3148 2675 at
3178 2616 3469 2694 διόρθωσις
3498 2616 3656 2681 τέλος
3686 2614 3949 2693 εἴληφεν,

2288 2707 2629 2784 ἐπεγνωκότα
2664 2712 2711 2745 ²⁴
2736 2715 2835 2778 τῆς
2867 2708 3161 2763 ἀπταίστου
3191 2704 3528 2785 προφητείας
3573 2706 3637 2762 τὸ
3689 2705 3949 2781 μέγεθος,

2286 2802 2352 2868 ἧς
2382 2799 2506 2854 ἄνευ
2536 2793 2721 2855 λαϐεῖν
2754 2819 2857 2853 τινι
2884 2796 2947 2852 τὸ
2980 2796 3031 2852 έν
3067 2797 3314 2872 ὑπεροχῇ
3348 2796 3622 2872 συμφέρον
3650 2792 3947 2851 ἀδύνατον.

2290 2885 2523 2944 Πολλῶν
2554 2889 2655 2964 γὰρ
2686 2886 2775 2942 καὶ
2808 2883 3081 2965 διαφόρων
3113 2884 3323 2962 ἀγαθῶν
3353 2880 3521 2939 ὅντων
3556 2882 3606 2938 ἐν
3636 2888 3756 2945 τοῖς
3785 2884 3947 2938 οὖσιν

2286 2978 2321 3047 ἢ
2356 2973 2561 3042 ἔσεσθαι
2606 2975 2939 3049 δυναμένοις,
2970 2974 3033 3030 τὸ
3090 2976 3301 3030 πάντων
3362 2973 3797 3049 μακαριώτατον,
3834 2971 3951 3028 εἴτε

2288 3064 2462 3129 ἀίδιός
2520 3064 2630 3121 ἐστι
2687 3066 2800 3135 ζωὴ
2833 3068 2900 3132 ³⁸,
2943 3063 2978 3134 ἧ
3031 3064 3349 3138 παράμονος
3410 3062 3670 3139 ὑγίεια,ἢ
3728 3058 3951 3124 τέλειος

2285 3160 2435 3224 νοῦς,
2464 3156 2499 3225 ἢ
2534 3160 2670 3233 φῶς,
2702 3155 2736 3224 ἢ
2769 3153 2935 3230 χαρὰ,
2964 3153 3001 3223 ἢ
3032 3150 3320 3230 ἀφθαρσία,
3352 3152 3389 3221 ἢ
3419 3149 3511 3207 καὶ
3560 3147 3702 3207 ἄλλο
3739 3169 3791 3204 τι
3825 3151 3856 3207 ὃ
3885 3149 3950 3206 ἐν

2285 3248 2355 3311 τῇ
2409 3249 2518 3300 τῶν
2576 3239 2745 3299 ὄντων
2805 3242 2959 3321 φύσει
3045 3242 3310 3317 ὑπερέχον
3385 3238 3619 3317 ὑπάρχει
3675 3236 3848 3295 καλὸν
3906 3239 3950 3309 ἢ

2288 3325 2512 3407 ὑπάρξαι
2546 3328 2761 3386 δύναται
2790 3334 2951 3385 τοῦτο
2972 3362 3041 3372 -
3071 3328 3173 3384 οὐκ
3203 3326 3389 3391 ἄλλως
3438 3323 3579 3383 ἔστιν
3627 3326 3757 3383 αὐτὸ
3804 3329 3955 3398 κτή-

2284 3432 2474 3485 σασθαι
2538 3421 2614 3493 μή
2674 3418 2935 3495 πρότερον
2996 3417 3191 3494 γνόντα
3237 3418 3304 3471 τὰ
3349 3412 3478 3471 ὄντα
3525 3416 3601 3477 ὡς
3641 3412 3801 3471 ἔστιν·
3838 3422 3949 3485 τῆς

2285 3505 2343 3563 δὲ
2398 3509 2649 3585 γνώσεως
2705 3507 2805 3562 οὐκ
2860 3504 3047 3569 ἄλλως
3085 3510 3275 3581 τυχεῖν
3306 3500 3476 3574 ἔστιν,
3504 3503 3593 3560 ἐὰν
3630 3505 3705 3578 μή
3738 3504 3952 3580 πρότε-

2285 3597 2375 3673 ρόν
2406 3618 2488 3660 τις
2514 3596 2608 3652 τὸν
2639 3604 2738 3667 τῆς
2771 3593 3028 3667 ἀληθείας
3053 3595 3344 3673 προφήτην
3380 3591 3606 3668 ἐπιγνῷ.

2352 3706 2446 3762 Vl.
2480 3705 2775 3780 Προφήτης
2836 3700 2893 3757 δὲ
2950 3698 3210 3771 ἀληθείας
3243 3698 3385 3755 ἐστὶν
3416 3699 3445 3755 ὁ
3474 3699 3706 3755 πάντοτε
3758 3700 3947 3756 πάντα

2281 3790 2464 3865 εἰδὼς,
2494 3793 2561 3847 τὰ
2619 3792 2713 3866 μὶν
2763 3786 3030 3867 γεγονότα
3076 3790 3153 3852 ὡς
3207 3786 3436 3864 ἐγένετο,
3464 3789 3535 3844 τὰ
3580 3785 3640 3844 δὲ
3668 3784 3950 3864 γινόμενα

2280 3882 2357 3944 ὡς
2403 3880 2630 3956 γίνεται,
2656 3880 2725 3936 τά
2780 3877 2837 3934 δὲ
2890 3878 3119 3951 ἐσόμενα
3184 3878 3260 3939 ὡς
3307 3875 3475 3949 ἔσται,
3527 3877 3941 3953 ἀναμάρτητος,

2280 3968 2557 4043 ἐλεήμων,
2594 3968 2758 4043 μόνος
2796 3968 2894 4038 τήν
2950 3966 3208 4039 ἀλήθειαν
3265 3965 3588 4044 ὑφηγεῖσθαι
3642 3986 3945 4021 πεπιστευ-

2281 4061 2455 4132 μένος.
2494 4057 2873 4134 Ἀναγίνωσκε,
2902 4057 2993 4112 καὶ
3052 4056 3298 4133 εὑρήσεις
3350 4054 3478 4116 τοὺς
3535 4053 3627 4134 ἀφ’
3655 4052 3863 4110 ἑαυτῶν
3890 4059 3943 4093 ³⁵

2273 4149 2373 4218 τὴν
2428 4148 2686 4218 ἀλήθειαν
2750 4147 2920 4222 εὑρεῖν
2971 4145 3298 4218 νομίσαντας
3326 4146 3392 4199 ²⁷.
3422 4147 3595 4199 Τοῦτο
3639 4145 3741 4219 γάρ
3793 4165 3942 4221 προ-

2275 4240 2449 4313 φήτου
2484 4235 2713 4305 ἷδιον,τὸ
2732 4236 2831 4304 τήν
2854 4235 3115 4305 ἀλήθειαν
3139 4231 3384 4306 μηνύειν,
3400 4230 3583 4305 ὥσπερ
3604 4231 3769 4303 ἡλίου
3789 4230 3940 4289 ἴδιον

2271 4327 2334 4381 τὸ
2364 4327 2462 4395 τὴν
2490 4324 2698 4400 ἡμέραν
2729 4322 2928 4400 φέρειν.
2965 4324 3061 4378 Διὰ
3102 4326 3266 4377 τοῦτο
3314 4320 3434 4378 ὅσοι
3481 4322 3621 4378 ποτε
3667 4320 3939 4392 ἀλήθειαν

2273 4419 2471 4491 γνῶναι
2525 4412 2890 4486 έπεθόμησαν,
2922 4412 3068 4487 παρὰ
3135 4408 3193 4465 δὲ
3248 4409 3446 4466 τούτου
3511 4412 3697 4484 μαθεῖν
3757 4409 3939 4480 αὐτὴν
4032 4410 4033 4477 ι

2274 4502 2373 4559 οὐκ
2422 4502 2744 4577 εὐτύχησαν,
2794 4502 2869 4575 μὴ
2922 4499 3190 4577 εὑρόντες,
3224 4499 3326 4557 48
3376 4501 3661 4569 ζητοῦντες
3716 4497 3942 4556 ἐτελεύ-

2270 4593 2539 4663 τησαν.Ὀ
2588 4592 2691 4666 γὰρ
2737 4592 2837 4660 τήν
2886 4588 3149 4660 ἀλήθειαν
3188 4591 3365 4658 ζητῶν
3395 4587 3545 4663 παρὰ
3568 4588 3668 4656 τῆς
3730 4588 3939 4643 ἑαυτοῦ

2272 4680 2493 4758 ἀγνοίας
2524 4675 2709 4736 λαϐεῖν
2741 4682 2858 4742 πῶς
2891 4679 2947 4733 ἂν
2982 4676 3243 4743 δόναιτος
3275 4674 3385 4735 Κᾶν
3434 4676 3537 4754 γὰρ
3568 4674 3695 4750 εὕρῃ
3726 4678 3794 4749 ³⁸,
3828 4676 3940 4733 οὐκ

2273 4767 2433 4832 εἰδὼς
2466 4769 2631 4838 αὐτὴν
2664 4768 2738 4830 ὡς
2769 4766 2869 4823 οὐκ
2915 4764 3074 4821 οὖσαν
3129 4766 3484 4842 παρέρχεται.
3518 4761 3643 4820 Οὕτ²
3672 4762 3737 4819 αὖ
3796 4769 3936 4841 παρ’

2272 4859 2477 4935 ἑτέρου,
2507 4862 2605 4913 τοῦ
2636 4856 2846 4930 ὁμοίως
2886 4854 2938 4927 ἐξ
2987 4853 3256 4933 ἀγνωσίας
3302 4856 3505 4929 γνῶσιν
3552 4849 3701 4929 ἔχειν
3749 4853 3931 4930 ἐπαγο

2266 4945 2608 5026 γελλομένου
2665 4948 2731 5013 ³9,
2778 4942 3039 5017 ἀληθείας
3088 4946 3304 5018 κρατεῖν
3364 4937 3591 5004 δυνατὸς
3646 4936 3796 4998 ἔσται
3855 4946 3931 5016 ³ο,

2266 5035 2414 5107 πλὴν
2459 5033 2737 5098 πολιτείας
2789 5029 2979 5108 μόνης,
3009 5031 3100 5088 καὶ
3146 5035 3315 5088 ταῦτα
3369 5028 3578 5101 ἐκείνης
3607 5036 3708 5101 τῆς
3738 5026 3833 5086 διὰ
3858 5033 3931 5089 τὸ

2266 5124 2494 5203 εὔλογον
2551 5125 2917 5202 γνωρισθῆναι
2980 5120 3308 5196 δυναμένης,
3366 5118 3490 5191 ἥτις
3573 5117 3808 5195 ἑκάστῳ,
3866 5119 3934 5178 lx

1875 5338 2116 5398 VARI/E
2153 5339 2567 5399 LECTIONES.

577 5514 621 5598 ξο
650 5514 946 5598 Εςοιοῃιι,
983 5520 1032 5574 1.
1087 5516 1153 5598 ,ει
1189 5513 1389 5598 ἐπέλθῃ
1416 5514 1557 5598 (sic).
1580 5516 1651 5598 Οἑ
1723 5514 1910 5598 ξίέγωί
1940 5520 2125 5598 Ο.η²ξ
2151 5518 2500 5598 τοῦρἱιιεοειιί
2530 5516 2683 5598 ρηοε
2760 5517 2816 5598 ²ξ
2833 5518 3227 5598 PrimaA_m_an._
3260 5516 3463 5598 script.
3496 5515 3556 5571 in
3586 5513 3631 5572 Ο
3692 5510 3923 5598 εἴληφεν

505 5584 594 5672 ἐπὶ
622 5584 1189 5672 τούτφ·ἒπετθωξότα.
1212 5659 1224 5672 ἰ
1264 5590 1311 5672 ²¹ξ
1338 5584 1575 5672 Prius}!
1623 5589 1734 5672 ζωῇ
1760 5584 1850 5672 nin'
1873 5590 1992 5672 O.__
2015 5592 2060 5627 ³⁸
2084 5593 2189 5672 _Ita
2335 5590 2481 5672 ρπβ,
2655 5587 2947 5672 ἑαυτῶνᾭ.
3001 5592 3069 5672 ⁸²⁷
3099 5591 3238 5672 Ιζοες,
3265 5584 3609 5672 νοιμίσαγτας,
3624 5584 3921 5672 excidisse

504 5657 704 5737 aliqua
730 5654 1667 5737 νὶᾱ-θυιρτλὸυρριοἐνεδρευθῆναι
1698 5654 1824 5732 (cfr.
1859 5678 1910 5718 c.
1940 5662 1998 5735 7)
2017 5663 2103 5719 vel
2132 5663 2324 5720 simile
2356 5654 2575 5734 aliquid
2605 5661 2665 5718 S.
2740 5663 2785 5698 ³⁸
2815 5660 2961 5737 εὕροι
2992 5664 3053 5721 C.
3129 5663 3176 5700 ³³
3205 5654 3417 5736 ὁμοίως
3455 5656 3531 5721 ὡς
3558 5654 3613 5730 ἐξ
3641 5655 3918 5735 ἀγνωσίας

504 5724 650 5806 ἔχεὶν
683 5728 769 5787 έπ.
800 5732 863 5789 C.
939 5732 986 5771 ³⁸
1015 5724 1241 5787 δυνάτ’όν
1274 5728 1383 5785 ἐστι
1410 5724 1477 5787 Ο.

4012 5226 4017 5267 Ι
