4100 6334
456 326 538 391 83
1288 327 1357 390 s.
1402 326 1846 391 CLEMENTIS
1892 327 1917 389 1
1962 325 2156 390 ROM.
2198 325 2434 389 PONT.
2481 328 2745 390 OPERA
2785 328 3049 393 DUBIA.
3800 330 3886 389 ea

459 458 828 517 divinitatem
880 455 1125 531 spiritus
1150 473 1276 530 quis
1328 458 1388 515 in
1435 458 1564 531 ipso
1614 458 1831 531 existit,
1867 457 1917 516 si
1975 458 2108 531 quis

2246 456 2285 512 ἰὶ
2330 461 2410 530 τῷ
2455 458 2759 535 πρόγνωσιν
2807 454 2993 535 ἔχοντι
3041 455 3131 514 διὰ
3174 460 3272 528 τήν
3310 457 3361 514 ἐν
3402 457 3548 531 αὖτῷ
3576 462 3673 513 τοῦ
3719 457 3885 514 πνεύ-

460 550 609 607 nolit
638 548 756 605 veri
786 547 1175 621 cognitionem
1216 547 1491 617 tribuere,
1524 552 1579 604 et
1625 565 1753 604 eam
1789 548 1954 604 alteri
1987 548 2111 604 cui-

2228 567 2395 619 ματος
2454 547 2728 620 θειότητα,
2758 549 2821 603 τὸ
2881 547 3085 619 ἀληθὲς
3146 546 3339 603 εἶδὲναι
3405 550 3478 622 μή
3540 545 3748 603 διδόναι
3798 569 3888 610 τις

463 640 623 713 piam
653 638 848 707 tradit,
882 654 1076 692 nonne
1121 637 1333 693 mentis
1364 637 1533 710 inops
1566 642 1675 707 est,
1709 638 1809 709 qui
1860 638 2117 694 ascribat

2246 632 2398 704 ῐέλοι,
2442 637 2548 691 τινὶ
2598 638 2764 712 ὲτέρῳ
2807 634 2933 699 δοὺς
2981 634 3199 710 εῗδὲναι,
3253 637 3354 692 οὐκ
3400 634 3587 706 ἐνδεὴς
3647 636 3889 713 ὑπάρχει

469 746 583 786 non
633 726 925 800 prophetae
984 725 1290 782 scientiam
1341 743 1519 799 quam
1580 726 1771 782 noluit
1824 726 2119 799 pr0phetas

471 817 786 874 concedere
809 816 837 870 ?

2228 729 2455 801 φρενῶν,
2506 723 2868 788 ἀποδεδωκὼς
2935 730 3014 799 τῷ
3084 727 3160 799 μὴ
3219 728 3475 803 προφήτῃ
3522 725 3555 780 ἃ
3626 729 3889 804 προφήτῃ

2230 810 2425 868 εἷ’δὲναι
2460 810 2646 869 δοῦναι
2676 812 2776 869 οὐκ
2807 809 3126 886 ἐϐουλήθη;

541 906 632 962 XI.
667 908 855 972 Quare
886 908 1018 960 ante
1051 906 1323 960 universa
1342 904 1500 961 omni
1517 904 1742 976 judicio
1774 908 1999 977 oportet
2022 919 2124 976 per

476 994 878 1069 propheticam
924 994 1378 1064 promissionem
1428 994 1775 1067 prophetam
1826 1009 2120 1066 quaerere;

479 1098 663 1155 eoque
712 1082 945 1155 cognito
976 1081 1219 1154 reliquis
1268 1082 1543 1138 doctrinae
1575 1084 1705 1154 ejus
1752 1081 2126 1138 sermonibus

481 1172 777 1229 adhaerere
820 1170 948 1227 sine
979 1170 1099 1226 ulla
1148 1170 1527 1241 dubitatione,
1560 1175 1735 1244 atque
1781 1168 2127 1226 conﬁdendo

484 1260 557 1316 de
589 1259 759 1316 bonis
789 1276 915 1332 quas
964 1261 1293 1331 sperantur,
1317 1261 1489 1331 juxta
1531 1258 1790 1333 primum
1834 1258 2128 1331 judicium

2304 907 2396 974 XI,
2426 904 2578 958 Ὅθεν
2630 904 2736 980 πρὸ
2783 904 3001 959 πάντων
3047 906 3191 977 πάσῃ
3238 903 3413 977 κρίσει
3463 902 3552 959 διὰ
3595 905 3696 973 τῆς
3745 924 3896 980 προ-

2234 998 2470 1069 φητικῆς
2518 991 2842 1068 ἐπαγγελίας
2890 993 2981 1049 τὸν
3031 995 3075 1030 ⁸⁸
3104 995 3393 1070 προφήτην
3448 998 3623 1064 ζητεῖν
3667 991 3765 1067 δεῖ,
3798 992 3896 1047 καὶ

2234 1080 2445 1156 γνόντα,
2475 1086 2593 1144 τοῖς
2643 1079 2862 1145 λοιποῖς
2908 1088 3011 1153 τῆς
3066 1080 3417 1144 διδασκαλίας
3472 1082 3637 1138 αὐτοῦ
3700 1081 3899 1158 λόγοις

2238 1166 2623 1233 ἀνενδοιάστως
2672 1166 2915 1241 ἕπεσθαι,
2946 1171 3037 1226 καὶ
3088 1170 3390 1248 θαρροῦντα
3418 1175 3541 1246 περὶ
3579 1175 3687 1228 τῶν
3736 1171 3901 1227 ἐλπι-

2080 1273 2128 1339 φ
2242 1255 2502 1331 ζομὲνων,
2558 1258 2936 1315 πολιτεύεσθαι
3008 1263 3078 1334 τῇ
3152 1260 3343 1336 πρώτῃ
3417 1259 3613 1336 κρίσει,
3698 1258 3907 1335 γνόντα

484 1349 714 1418 vivere;
743 1347 977 1405 sciendo
1002 1347 1286 1416 videlicet,
1307 1350 1463 1421 quod
1496 1349 1594 1421 qui
1626 1365 1693 1405 ea
1723 1348 1901 1405 verba
1929 1351 2131 1420 protu-

2246 1343 2333 1402 οὖν
2362 1349 2429 1416 ‘9,
2464 1346 2547 1403 ὅτι
2596 1348 2624 1403 6
2674 1351 2843 1404 ταῦτα
2890 1347 3056 1404 εἰπὼν
3097 1348 3235 1425 πρὸς
3283 1347 3347 1403 τὸ
3397 1347 3689 1422 ψεύσασθαι
3738 1347 3901 1426 φύσιν

483 1437 573 1509 lit,
604 1438 685 1493 ita
715 1440 925 1493 natura
954 1441 1327 1509 comparatus
1357 1442 1466 1510 est,
1497 1441 1564 1493 ut
1589 1436 1824 1493 mentiri
1856 1440 2129 1508 nequeat.

2246 1434 2340 1491 οὐκ
2367 1432 2652 1513 ἔχειωΔιὸ,
2686 1435 2776 1493 ἐάν
2804 1458 2856 1492 τι
2881 1441 2978 1492 τοῦ
3009 1435 3213 1492 λοιποῦ
3241 1440 3350 1492 τῶν
3382 1437 3470 1491 ὑπ’
3499 1436 3665 1492 αὐτοῦ
3707 1435 3902 1512 ῥηθὲν-

485 1527 878 1594 Quamobrem
928 1526 977 1582 si
1007 1527 1079 1582 de
1128 1531 1331 1583 caetero
1364 1527 1587 1599 aliquid
1619 1527 1693 1583 ab
1724 1542 1791 1583 eo
1841 1526 2131 1581 dictorum

2246 1544 2347 1579 των
2399 1522 2535 1600 δοκῇ
2581 1527 2719 1599 ἡμῖν
2763 1528 2809 1563 ⁸ο
2860 1527 2935 1599 μή
2991 1523 3173 1588 καλῶς
3225 1523 3495 1602 εἷρῆσθαι,
3540 1522 3737 1581 εἷδέναι
3780 1526 3901 1600 χρὴ

486 1615 656 1672 nobis
682 1632 798 1671 non
830 1619 982 1671 recte
1013 1615 1233 1671 dictum
1260 1616 1544 1688 videatur,
1577 1616 1727 1672 scire
1756 1619 1996 1684 ooortet,
2017 1631 2131 1670 non

2246 1610 2324 1667 ὅτι
2384 1612 2482 1668 οὐκ
2545 1612 2694 1687 αὖτῷ
2742 1616 2782 1652 ¹⁵¹
2838 1610 3050 1690 εἴρηται
3110 1619 3312 1683 κακῶς,
3361 1612 3489 1670 ἀλλ’
3538 1613 3667 1669 αὐτὸ
3733 1616 3908 1687 ἡμεῖς

485 1704 557 1761 ab
589 1719 655 1759 eo
699 1720 875 1776 prave
925 1703 1146 1758 dictum
1194 1719 1341 1775 esse,
1371 1705 1473 1761 sed
1518 1721 1626 1761 nos
1675 1705 1732 1760 id
1784 1703 1939 1775 quod
1988 1702 2131 1759 bene

2246 1700 2427 1763 καλῶς
2458 1697 2586 1779 ἔχον
2639 1702 2739 1759 οὐκ
2787 1701 3107 1777 ἐνοήσαμεν.
3142 1707 3373 1778 νΑγνοια
3412 1702 3513 1779 γὰρ
3560 1707 3760 1779 γνῶσιν
3804 1701 3909 1756 οὐκ

484 1792 706 1849 dictum
755 1796 897 1859 erat,
931 1809 1045 1847 non
1078 1792 1453 1850 intellexisse.
1509 1793 1709 1866 Neque
1756 1793 1912 1849 enim
1965 1793 2131 1865 igno-

2250 1790 2428 1867 ὀρθῶς
2458 1790 2649 1866 κρίνει,
2681 1792 2774 1847 ἅτε
2805 1789 2872 1862 δὴ
2906 1788 3029 1847 οὔτε
3057 1795 3257 1867 γνῶσις
3310 1790 3616 1868 πρόγνωσιν
3677 1789 3905 1860 ἀληθῶς

483 1881 674 1938 rantia
718 1885 871 1938 recte
937 1881 1325 1953 cognitionem
1393 1883 1735 1954 dijudicat:
1789 1882 1962 1938 sicuti
2029 1897 2131 1936 nec

2246 1878 2440 1955 κρίνειν
2485 1878 2739 1958 πέφυκεν·
2785 1878 2914 1935 ἀλλ’
2943 1882 2989 1918 ⁸³
3038 1882 3073 1950 ἡ
3117 1879 3430 1955 πρόγνωσις
3478 1885 3594 1942 τοῖς
3644 1880 3909 1956 ἀγνοοῦσι

484 1970 731 2027 scientia
759 1986 892 2026 vere
936 1974 1096 2042 potst
1114 1970 1383 2041 judicare
1432 1971 1899 2044 prescientiam;
1932 1986 2131 2027 verum

2246 1968 2472 2047 παρέχει
2501 1969 2603 2039 τὴν
2632 1974 2858 2045 γνῶσιν.

482 2058 846 2132 praescientia
874 2059 1282 2132 ignorantibus
1311 2060 1518 2117 tribuit
1547 2060 1882 2116 scientiam.

554 2148 674 2203 XII.
706 2147 1005 2217 Quocirca,
1040 2148 1225 2205 amice
1256 2149 1547 2216 Clemens,
1581 2150 1629 2205 si
1664 2166 1791 2222 quae
1822 2148 1893 2205 ad
1948 2147 2131 2203 Deum

2311 2152 2426 2204 XII.
2460 2149 2637 2217 Ὅθεν,
2669 2148 2713 2201 ὦ
2739 2145 2867 2226 φίλε
2896 2146 3011 2219 Κλή
3026 2167 3151 2221 μῃς,
3184 2144 3293 2223 εἷ’γε
3320 2146 3387 2202 τὰ
3421 2151 3502 2219 τῷ
3550 2150 3667 2219 Θεῷ
3718 2144 3911 2224 διαφέ-

484 2238 779 2311 pertinent
808 2253 1157 2310 cognoscere
1206 2239 1473 2311 cupis,ab
1507 2239 1620 2295 isto
1674 2238 1798 2294 solo
1830 2242 1994 2310 potes
2044 2237 2131 2292 di-

2246 2256 2405 2312 ροντα
2432 2241 2633 2314 γνῶναι
2664 2236 2839 2302 θέλεις
2868 2239 2934 2308 ⁸³,
2966 2240 3063 2297 51
3100 2238 3247 2313 παρὰ
3271 2236 3467 2292 τούτου
3502 2232 3666 2310 μόνου
3710 2238 3900 2309 μαθεῖν

489 2342 672 2396 scere,
715 2326 855 2399 quia
883 2326 1045 2383 solus
1094 2328 1253 2382 novit
1300 2328 1624 2383 veritatem.
1667 2326 1928 2384 Aliorum
1976 2326 2131 2383 enim

2246 2323 2415 2403 ἔχεις,
2443 2325 2527 2381 ὅτι
2582 2325 2749 2400 μόνος
2794 2323 2907 2382 οἶδε
2953 2326 3053 2396 τὴν
3100 2324 3384 2397 ἀλήθειαν.
3413 2330 3528 2381 Τῶν
3570 2327 3674 2401 γὰρ
3706 2322 3902 2380 ἄλλων

490 2415 541 2473 si
567 2414 702 2487 quis
727 2415 950 2487 aliquid
982 2415 1301 2489 cognoscit,
1334 2415 1407 2472 ab
1438 2432 1526 2482 eo,
1558 2419 1662 2472 aut
1691 2417 1763 2472 ab
1795 2416 1925 2487 ejus
1958 2415 2131 2470 disci-

2246 2412 2297 2470 εἷ’
2340 2435 2424 2477 τις
2470 2412 2746 2471 ἐπίσταταί
2791 2436 2867 2485 τι,
2898 2415 3046 2490 παρὰ
3070 2414 3290 2482 τούτου,
3322 2414 3357 2485 ἢ
3388 2419 3494 2469 τῶν
3541 2412 3742 2470 τούτου
3797 2434 3908 2486 μα-

488 2503 646 2578 pulis
675 2504 956 2560 traditum
983 2504 1224 2576 accepit.
1242 2505 1345 2561 Est
1371 2508 1567 2561 autem
1598 2506 1727 2577 ejus
1758 2503 2049 2560 sententia
2079 2506 2131 2559 et

2246 2507 2426 2576 θητῶν
2458 2500 2641 2561 λαϐὼν
2676 2501 2813 2581 ἔχει.
2855 2506 3008 2560 Ἔστι
3041 2503 3100 2559 δὲ
3127 2507 3173 2541 ⁸⁸
3200 2503 3365 2559 αὐτοῦ
3411 2499 3475 2559 τό
3522 2524 3583 2559 τε
3633 2501 3904 2579 βούλημα

487 2608 627 2651 vera
654 2593 988 2667 praedicatio
1020 2612 1034 2651 :
1066 2598 1249 2651 Deum
1282 2610 1467 2650 unum
1498 2610 1646 2665 esse,
1670 2594 1840 2665 cujus
1871 2593 2130 2649 mundus

2246 2593 2337 2650 καὶ
2368 2592 2569 2665 ἀληθὲς
2600 2596 2877 2671 κήρυγμα,
2909 2591 3013 2650 δτι’
3044 2594 3121 2656 εἷς
3161 2592 3309 2666 Θεὸς,
3343 2593 3406 2649 οὗ
3455 2592 3663 2667 κόσμος
3713 2591 3900 2668 ἔργον,

488 2697 637 2754 opus
683 2685 791 2750 est,
819 2681 1038 2755 quique
1075 2683 1278 2753 justus
1327 2698 1462 2738 cum
1488 2682 1586 2753 sit,
1630 2682 1946 2754 aliquando
1977 2684 2130 2737 certe

2248 2683 2330 2756 ὃς,
2380 2680 2587 2746 δίκαιος
2639 2680 2731 2753 ὢν,
2780 2681 2997 2747 πάντως
3063 2681 3270 2757 ἑκάστῳ
3332 2682 3473 2759 πρὸς
3538 2682 3635 2745 τὰς
3680 2681 3908 2758 πράξεις

488 2769 809 2843 unicuique
839 2788 943 2843 pro
973 2771 1303 2827 actionibus
1334 2771 1637 2828 retribuet.

2246 2770 2517 2828 ἀποδώσει
2549 2773 2700 2829 ποτὲ.

558 2859 707 2916 ΧΙΙΙ.
759 2859 1006 2916 Necesse
1054 2860 1270 2933 quippe
1311 2864 1401 2916 est
1430 2865 1496 2916 ut
1542 2860 1644 2933 qui
1694 2859 1904 2917 asserit
1949 2858 2131 2916 Deum

2314 2864 2456 2917 XIII.
2498 2864 2736 2934 ’Δνάγκη
2810 2861 2937 2936 γὰρ,
2986 2861 3131 2935 πᾶσῃ
3190 2858 3345 2938 φύσει
3394 2861 3438 2896 ³⁸
3486 2856 3691 2914 δίκαιον
3763 2858 3905 2913 εἶναι

486 2953 701 3007 natura
726 2948 966 3005 omnino
996 2965 1123 3005 esse
1140 2949 1579 3020 justum,etiam
1611 2950 1808 3006 credat
1836 2948 2131 3005 immorta-

2246 2947 2473 3024 λέγοντα
2517 2947 2609 3004 τὸν
2659 2949 2812 3020 Θεὸν,
2842 2948 2934 3004 καὶ
2975 2949 3072 3012 τὰς
3120 2949 3423 3023 ἀνθρώπων
3466 2949 3647 3024 ψυχὰς
3702 2947 3905 3002 ἀθανά-

490 3036 577 3096 les
606 3054 735 3095 esse
763 3038 1071 3093 hominum
1104 3038 1352 3096 animas.
1386 3039 1674 3106 Quoniam
1704 3039 1801 3095 ubi
1824 3039 1935 3095 erit
1955 3040 2128 3109 justi-

2246 3059 2366 3100 τους
2398 3037 2530 3094 εἶναι
2568 3038 2856 3096 πιστεύειν.
2892 3038 3061 3109 Ἐπεὶ,
3093 3042 3199 3092 ποῦ
3245 3038 3308 3092 τὸ
3358 3040 3403 3073 ⁵⁸
3455 3035 3660 3091 δίκαιον
3708 3036 3901 3108 αὐτοῦ,

488 3126 571 3183 tia
601 3127 1000 3199 ejus,quando
1023 3127 1367 3200 aliqui,cum
1399 3128 1491 3201 pie
1514 3128 1813 3196 vixissent,
1836 3127 2129 3184 interdum

2246 3126 2377 3182 ὅπου
2414 3127 2577 3197 τινὲς,
2611 3122 2845 3190 εὐσεϐῶς
2903 3127 3216 3204 βιώσαντες,
3246 3126 3678 3202 κακουχηθέντες
3730 3124 3909 3181 ἐνίοτε

489 3215 642 3272 male
670 3216 855 3274 habiti
887 3233 989 3289 per
1020 3218 1134 3275 vim
1166 3236 1197 3275 e
1227 3219 1417 3276 medio
1448 3218 1665 3274 sublati
1697 3222 1858 3289 sunt,
1892 3216 2131 3290 quidam

2248 3215 2437 3293 βιαίως
2476 3216 2822 3292 ἀνῃρέθησαν,
2856 3214 2990 3271 ἔνιοι
3042 3213 3119 3286 δὲ,
3151 3210 3363 3278 ἀσεϐεῖς
3409 3216 3548 3269 πάνυ
3595 3217 3910 3292 γεγενημέ-

490 3305 755 3374 vero,ubi
786 3306 1025 3363 omnino
1057 3306 1225 3381 impii
1255 3307 1780 3379 extitissent,atque
1811 3307 1940 3362 vita
1974 3306 2131 3362 luxui

2246 3327 2349 3377 νοι,
2412 3304 2463 3361 ὲν
2527 3303 2857 3378 πολυτελείᾳ
2921 3304 3040 3381 βίου
3107 3306 3498 3383 τρυφήσαντες,
3561 3304 3653 3359 τὸν
3718 3304 3907 3359 κοινὸν

496 3410 563 3450 ac
583 3392 809 3450 deliciis
842 3395 1249 3465 indulsissent,
1270 3396 1570 3452 communi
1601 3400 1797 3452 tamen
1829 3394 2131 3451 hominum

2246 3394 2542 3472 ἀνθρώπων
2610 3393 2832 3449 θάνατον
2894 3391 3289 3464 ὲτελεύτησαν;
3341 3393 3492 3447 Ἐπεὶ
3558 3389 3649 3447 οὖν
3715 3392 3904 3468 χωρὶς

2244 3484 2423 3554 πάσης
2462 3482 2770 3560 ἀντιλογίας
2828 3484 2856 3537 6
2916 3483 3046 3545 Θεὸς
3105 3482 3302 3557 ἀγαθὸς
3376 3479 3448 3537 ὢν
3516 3482 3605 3536 καὶ
3682 3479 3903 3545 δίκαιὸς

491 3572 970 3642 contradictione,
1004 3574 1181 3643 Deus,
1215 3576 1403 3633 bonus
1431 3592 1563 3632 cum
1597 3576 1695 3643 sit,
1720 3576 1923 3647 justus
1961 3574 2131 3630 etiam

2246 3572 2404 3643 ἐστιν,
2436 3572 2534 3628 οὐκ
2562 3571 2750 3634 ἄλλως
2781 3569 2844 3627 δὲ
2873 3571 3079 3633 δίκαιος
3109 3571 3242 3627 εἶναι
3274 3572 3667 3645 γνωσθήσεται,
3696 3569 3783 3624 ἐὰν
3826 3572 3908 3644 μὴ

488 3666 708 3727 est,nec
740 3662 976 3718 aliunde
991 3665 1195 3735 justus
1220 3681 1349 3721 esse
1379 3663 1904 3738 cognoscetur,nisi
1937 3664 2131 3719 anima

2246 3664 2281 3732 ἡ
2315 3663 2467 3737 ψυχὴ
2504 3662 2639 3735 μετὰ
2664 3661 2755 3717 τὸν
2784 3661 3070 3737 χωρισμὸν
3100 3664 3197 3714 τοῦ
3246 3661 3499 3732 σώματος
3549 3658 3805 3721 ἀθάνατος
3839 3659 3905 3734 ᾗ,

491 3754 625 3823 post
671 3753 1103 3824 separationem
1154 3770 1189 3809 a
1236 3770 1476 3826 corpore
1527 3753 1608 3809 sit
1654 3752 2023 3821 immortalis,
2075 3756 2131 3807 ut

2246 3748 2313 3806 ἵν’
2343 3752 2370 3807 6
2401 3752 2495 3825 μὲν
2538 3753 2581 3787 ⁵⁷
2610 3751 2792 3819 κακὸς,
2848 3749 2901 3806 ἐν
2950 3744 3053 3822 ᾇδη
3104 3748 3412 3827 γενόμενος,
3445 3748 3521 3811 ὡς
3570 3746 3793 3803 ἐνταῦθα
3840 3747 3917 3803 τὰ

492 3836 683 3895 malus
735 3839 995 3911 quidem,
1029 3841 1087 3895 in
1138 3841 1365 3897 inferno
1414 3841 1665 3913 positus,
1706 3846 1987 3913 tanquam
2039 3840 2131 3912 qui

2247 3839 2423 3917 ἀγαθᾶ
2469 3834 2787 3910 ἀπολαϐὼν,
2837 3838 2948 3895 ἐκεῖ
2994 3838 3119 3913 περὶ
3168 3839 3242 3893 ὧν
3301 3838 3513 3912 ἥμαρτε
3559 3835 3830 3911 κολασθῇ,
3879 3838 3913 3892 6

492 3925 588 3983 hic
619 3928 772 3983 bona
801 3929 1102 4001 receperit,
1136 3929 1215 3985 ibi
1250 3947 1352 4002 pro
1385 3930 1459 3986 iis
1486 3947 1612 4002 quis
1642 3928 1912 4002 deliquit,
1932 3930 2139 4001 punia-

490 4020 608 4085 tur,
641 4017 830 4073 bonus
862 4023 1079 4087 autem,
1110 4018 1206 4074 hic
1239 4035 1340 4091 pro
1373 4018 1602 4076 delictis
1649 4018 1988 4091 castigatus,
2021 4019 2141 4075 illic

490 4104 659 4178 quasi
692 4105 751 4160 in
784 4105 915 4161 sinu
940 4106 1242 4177 justorum
1274 4108 1671 4165 constituatur
1700 4108 1991 4163 bonorum
2021 4108 2140 4163 hm-

493 4209 609 4249 res.
643 4194 927 4260 Quoniam
958 4196 1139 4268 igitur
1171 4198 1321 4253 Deus
1338 4198 1542 4269 justus
1587 4200 1697 4267 est,
1731 4201 1963 4254 constat
1990 4197 2145 4254 inter

496 4298 626 4351 nos,
670 4282 963 4354 judicium
1017 4301 1249 4358 quoque
1297 4287 1439 4358 fore,
1470 4288 1530 4343 et
1575 4286 1808 4343 animas
1855 4302 1984 4344 esse
2034 4286 2144 4343 im-

500 4370 797 4428 mortales.

572 4458 713 4516 XIV.
746 4459 806 4516 Si
829 4461 962 4532 quis
982 4478 1135 4531 vero,
1155 4462 1653 4535 quemadmodum
1685 4463 1910 4521 Simoni
1942 4465 2131 4522 Sama-

2323 4464 2464 4522 XIV.
2495 4463 2558 4518 Εἰ
2612 4460 2670 4519 δέ
2717 4482 2823 4536 τις,
2856 4462 2931 4525 ὡς
2974 4460 3055 4535 τῷ
3098 4464 3346 4536 Σαμαρεῖ
3376 4458 3582 4533 Σίμωνι
3635 4456 3806 4531 δοκεῖ,
3848 4459 3917 4515 τὸ

501 4548 691 4605 ritano
722 4548 1054 4621 placet,Deo
1078 4553 1311 4624 justum
1342 4568 1471 4608 esse
1499 4552 1646 4608 nolit
1682 4554 2019 4620 concedere,
2052 4556 2131 4609 cu“

2255 4550 2447 4627 δικαίῳ
2489 4553 2623 4609 εἶναι
2674 4555 2721 4591 ⁸ο
2762 4557 2878 4625 Θεῷ
2925 4554 3027 4612 52
3076 4552 3153 4625 μή
3203 4550 3352 4606 θέλοι
3407 4546 3612 4603 δοῦναι·
3670 4546 3777 4603 τίνι
3832 4545 3916 4603 ἔτι

491 4638 621 4710 jam
652 4636 910 4694 tribuere
953 4644 1146 4711 potest
1176 4644 1241 4696 ut
1263 4642 1466 4712 justus
1514 4641 1611 4712 sit,
1642 4641 1729 4698 vel
1760 4658 1888 4699 esse
1916 4642 2131 4715 possit?

2253 4648 2414 4699 τοῦτο
2444 4645 2487 4681 ⁶¹
2522 4640 2699 4698 δοῦναι
2736 4639 2976 4709 δύναται,
3007 4642 3042 4711 ἢ
3076 4640 3163 4695 καὶ
3203 4640 3266 4694 τὸ
3317 4639 3563 4713 γενέσθαι
3611 4635 3869 4693 δύνασθαι
3898 4656 3917 4709 ς

502 4726 650 4784 Nam
683 4726 733 4784 si
781 4726 840 4783 id
890 4735 1235 4786 cunctorum
1285 4731 1451 4787 radix
1492 4748 1609 4788 non
1658 4731 1853 4804 habet,
1906 4749 2131 4801 prorsus

2253 4735 2367 4802 Τῆς
2398 4731 2501 4807 γὰρ
2536 4731 2690 4808 ῥίζης
2714 4734 2823 4788 τῶν
2866 4728 3012 4787 ὅλων
3059 4733 3220 4785 τοῦτο
3270 4728 3371 4783 οὐκ
3410 4725 3671 4803 ἐχούσης,
3702 4724 3915 4803 ἀνάγκη

492 3486 680 3539 morte
710 3484 983 3541 obierunt
1003 3486 1527 3559 ?Quandoquidem
1559 3486 1988 3559 igitur,absque
2020 3484 2140 3545 ulla

2250 3927 2308 3984 δὲ
2357 3930 2575 4006 ἀγαθὸς,
2606 3928 2832 3992 ἐνταῦθα
2880 3929 3005 4004 περὶ
3051 3929 3125 3983 ὦν
3176 3926 3390 4003 ἥμαρτε
3434 3924 3742 3995 κολασθεὶς,
3796 3925 3917 3981 ἐκεῖ

2249 4017 2323 4081 ὡς
2372 4017 2423 4073 ἐν
2472 4017 2703 4080 κόλποις
2753 4014 3001 4090 δικαίων,
3052 4017 3264 4094 ἀγαθῶν
3315 4017 3360 4053 ⁸⁸
3401 4013 3753 4091 κληρονόμος
3802 4036 3914 4069 κα-

2248 4110 2438 4181 ταστῇ.
2483 4109 2601 4161 Ὅτι
2650 4104 2829 4161 τοίνυν
2874 4107 2902 4163 6
2951 4106 3080 4169 Θεὸς
3138 4103 3364 4176 δίκαιος,
3412 4101 3696 4181 πρόδηλον
3765 4105 3909 4176 ἡμῖν

2252 4195 2393 4251 ἐστιν
2441 4194 2523 4252 ὅτι
2571 4194 2661 4251 καὶ
2704 4194 2883 4273 κρίσις
2929 4197 2977 4233 ⁸⁸
3017 4194 3222 4271 γίνεται
3272 4193 3363 4249 καὶ
3412 4190 3586 4269 ψυχαὶ
3650 4193 3914 4249 ἀθάνατοι

2249 4287 2637 4362 τυγχάνουσιν.

1851 4892 2092 4949 VARI/E
2130 4892 2540 4951 LECTIONES.

569 5011 617 5055 ⁵³
644 5008 708 5065 τό
738 5014 808 5091 O._
868 5011 927 5091 _‘_°
955 5012 1194 5091 Yvdvm,“
1228 5012 1321 5091 οὖν
1378 5013 1440 5084 C,
1498 5016 1671 5091 cujus
1726 5016 2120 5091 conjecturam
2174 5014 2367 5091 γνόντα
2424 5012 2539 5082 οὗν,
2598 5012 2682 5091 ὅτι
2723 5014 2974 5091 Αθκὶξίὶιϐῤ
3002 5015 3109 5091 HO;
3141 5012 3334 5091 γνόντα
3357 5012 3459 5091 ,ὃτι
3479 5012 3590 5091 S._
3614 5011 3659 5047 ⁵ο
3689 5010 3819 5091 ὑμῖν
3850 5014 3921 5091 Ο,

495 5097 748 5167 quocum
778 5084 906 5167 dedi
940 5082 1258 5167 μὴκαλῶς.
1296 5082 1701 5167 Deestlpwfap:
1730 5082 1921 5167 C,_qui
1960 5082 2264 5167 propterea
2294 5090 2682 5167 conj._xax_&ic.
2707 5087 2755 5167 ‘S
2786 5086 2863 5167 06_
2878 5082 3105 5167 καλῶς(
3241 5082 3369 5167 avi-'56
3538 5084 3696 5167 'TuAm
3725 5083 3927 5167 deest

495 5107 748 5152 QUUUUUI
778 5107 906 5139 UBQI
1052 5107 1258 5147 καΛως.
1296 5107 1463 5142 υθθει
1538 5107 1569 5157 η
1606 5107 1701 5160 ap.
1730 5107 1789 5155 υ,
1823 5107 1921 5158 ραι
1960 5107 2264 5161 propterea
2294 5107 2447 5160 OODJ.
2480 5107 2682 5149 κακως.
2717 5107 2755 5144 δ
2786 5107 2848 5140 ου
2878 5107 3086 5147 καΛως.
3164 5107 3206 5122 ’³
3241 5107 3369 5138 αυτο
3424 5107 3483 5139 U.
3555 5107 3696 5139 ιυω
3754 5107 3919 5140 υθῧδι

494 5157 677 5234 κακῶς
708 5155 862 5234 in_0,
906 5153 1160 5234 ἠαλλά
1328 5159 1375 5234 ξ³
1433 5107 1594 5231 θέλῃς
1651 5159 1719 5234 βξ
1790 5160 1836 5234 δέ
1866 5160 1948 5234 Ita
2004 5163 2070 5227 Ο,
2122 5161 2310 5234 c.__S;,
2356 5180 2417 5215 τε
2575 5160 2626 5234 ξι
2658 5159 2763 5234 γμάρ
2792 5157 3117 5234 πᾶσα,ιρ’3σει
3287 5158 3463 5234 δεκποῦ
3491 5153 3553 5208 τό
3609 5158 3743 5234 (let

498 5242 549 5302 cn.
582 5226 673 5291 23,
704 5228 865 5302 τοξτο
888 5228 958 5302 _C.
992 5230 1104 5302 Cfr.
1135 5229 1498 5302 etiamphom.
1534 5224 1617 5298 in,
1653 5231 1720 5302 17
1750 5230 1867 5302 sub
1891 5224 2089 5287 finem.
2166 5232 2210 5267 ⁸⁷
2263 5224 2354 5284 ’ίνα
2415 5229 2508 5302 μέν
2565 5231 2628 5297 C,
2672 5224 2774 5284 ’ἵνα
2830 5224 3003 5302 μὲν-ὂ
3047 5231 3101 5302 γε
3152 5230 3289 5302 Dein
3342 5224 3455 5302 ἃδει
3488 5234 3553 5297 0,
3629 5228 3671 5261 ⁵⁸
3702 5224 3920 5302 Οιαόᾀ.

500 5296 575 5375 εἶὲν
608 5302 743 5375 ante
773 5296 1011 5375 ἀγαθῶ-ν.
1045 5301 1194 5375 Tum
1222 5299 1336 5375 ἐπεὶ
1368 5301 1546 5375 τοίνυν
1671 5299 1753 5375 ὅτι
1783 5301 1975 5375 τοίνυν
1993 5304 2141 5375 Epit.
2177 5320 2227 5359 c.
2258 5304 2349 5372 23,
2383 5296 2536 5374 q'uod
2574 5296 2739 5359 unice
2768 5296 3013 5375 rectum.
3044 5298 3195 5375 Ἐπεί
3237 5298 3494 5375 protasin
3540 5296 3820 5353 resumit.
3854 5298 3915 5354 S.

500 5318 575 5348 ων
608 5318 743 5353 ωηο
773 5318 806 5350 α
847 5318 1011 5356 αυων.
1046 5318 1194 5356 "rum
1222 5318 1336 5354 επει
1368 5318 1546 5356 τοινυν
1580 5319 1637 5375 p.
1671 5318 1753 5355 οτι
1783 5318 1961 5356 τοινυν
1993 5318 2141 5375 ιςριι.
2177 5320 2227 5359 c.
2258 5318 2349 5372 κδ,
2383 5318 2536 5374 quou
2574 5320 2739 5359 unice
2768 5318 3013 5358 rectum.
3045 5318 3195 5355 mret
3237 5318 3494 5371 pronasm
3553 5318 3820 5353 resumit.
3854 5318 3915 5354 δ.

500 5368 547 5453 ξξ
576 5318 874 5453 κρίσεις.
950 5372 995 5407 ⁸ο
1022 5368 1313 5453 *εδ-δικαίῳ
1344 5372 1476 5427 εἶναι
1508 5374 1569 5440 C,
1599 5370 1662 5426 τὸ
1691 5370 2070 5453 ΔδΞιαιον-εῖνοιι
2099 5376 2252 5453 Epig.
2286 5392 2347 5453 ο..
2368 5375 2471 5453 23..-
2514 5375 2727 5453 Notum
2792 5378 2882 5429 est
2926 5372 3070 5453 illud
3103 5371 3394 5453 loquendi
3444 5386 3631 5453 genus
3680 5385 3752 5424 ex
3802 5386 3920 5425 usu

504 5438 1041 5519 Peripateticorum,
1076 5445 1147 5499 de
1177 5438 1707 5519 quo-expssuerunt
1721 5438 2303 5519 :I‘rendelenburgius
2335 5446 2393 5519 in
2425 5448 2601 5502 Musca
2632 5445 2893 5519 Numano
2915 5445 3075 5519 48:28,
3100 5438 3252 5499 iii-'40
3275 5444 3375 5497 457
3399 5438 3558 5519 δέρᾳ.
3583 5444 3918 5519 {quaecum-

508 5512 791 5588 mentatio
824 5514 1104 5588 inscripta
1132 5512 1220 5569 est
1240 5533 1259 5569 :
1305 5512 1405 5572 ὓαὲ
1450 5516 1513 5569 τὸ
1565 5514 1638 5569 ἐνὶ
1696 5516 1845 5587 εῖναι,
1876 5518 1938 5571 τὸ
1969 5516 2152 5588 ἀγαθῳ
2172 5512 2327 5570 *εἶναι
2351 5518 2441 5573 bez’
2494 5518 2824 5585 Aristoteles,
2856 5519 2945 5572 ein
2978 5518 3199 5585 Beitrag
3254 5532 3356 5570 sur
3388 5516 3544 5588 urist.
3576 5513 3916 5588 βεᾳνξηζςιιε-

509 5538 791 5566 umutuuu
826 5538 1104 5585 lusurlpta
1132 5538 1259 5569 CSL:
1305 5538 1405 5572 uas
1450 5538 1513 5569 το
1565 5538 1638 5569 ενι
1696 5538 1845 5587 εἰναι,
1876 5538 1938 5571 το
1969 5538 1999 5571 α
2042 5538 2152 5588 Imp
2192 5538 2327 5570 ειναι
2351 5538 2437 5573 σει
2494 5538 2824 5585 Amwmes,
2856 5538 2945 5572 ειη
2978 5538 3199 5585 ueurag
3254 5538 3356 5570 mur
3388 5538 3544 5568 artu.
3577 5538 3907 5584 chl'zua'nc-

509 5584 814 5665 alimmung.
836 5586 949 5638 und
976 5602 1076 5640 κω·
1112 5589 1313 5657 griech,
1348 5588 1592 5713 Syntax;
1614 5592 1671 5644 et
1695 5590 1767 5645 ad
1798 5591 1972 5645 Arist.
2003 5538 2081 5645 Le
2109 5591 2282 5645 anim.
2320 5606 2377 5660 p.
2409 5589 2507 5644 471
2543 5606 2727 5661 seqq.,
2760 5588 2971 5644 deinde
2998 5588 3189 5644 Waitz
3218 5589 3292 5644 ad
3321 5586 3500 5643 Arist.
3563 5584 3690 5654 Org.
3723 5586 3816 5653 67,
3848 5587 3907 5637 C.

510 5653 599 5709 12.
635 5654 772 5711 Vide
802 5656 955 5712 Infra
983 5656 1141 5712 hom.
1175 5675 1231 5713 ι.
1265 5659 1365 5713 19;
1398 5662 1511 5713 Θεῶ
1541 5676 1566 5712 ε
1588 5679 1692 5713 ναι.
1723 5677 1836 5713 xvx.
1872 5662 1978 5713 i7:
2007 5658 2216 5713 ἀπείοω
2247 5658 2383 5713 εἶναι
2414 5662 2473 5713 S.
2548 5661 2590 5698 ⁸⁸
2616 5657 2778 5713 τοῦτό
2806 5679 2891 5713 τις
2920 5659 2983 5713 C.

510 5653 599 5709 12.
635 5653 955 5712 νὶᾶθίὶηΐιυα
983 5653 1141 5712 ὴοωῖ
1175 5675 1231 5729 x,
1265 5659 1331 5713 19
1352 5676 1365 5728 ;
1386 5653 1511 5730 ’Θεῷ
1541 5653 1692 5732 εἶναι,
1723 5677 1836 5728 XVI,
1872 5662 1978 5731 17;
2007 5658 2216 5735 ἀπείρῳ
2247 5653 2383 5715 εἷνάι
2414 5662 2473 5719 S.
2548 5661 2590 5698 “
2616 5653 2778 5715 τοῦτό
2806 5679 2891 5722 τις
2920 5659 2983 5716 C.
