4064 6330
501 351 578 414 8⁸1
1329 352 1397 414 S.
1440 349 1885 416 GLEMENTIS
1929 351 1956 413 Ῑ
1999 351 2194 415 ROM.
2239 351 2472 414 PONT.
2518 351 2779 415 OPERA
2820 351 3090 415 DUBIA.
3837 351 3923 415 88

506 484 670 550 sunt,
695 480 1207 555 impuri,inquam,
1230 480 1452 555 etpuri,
1475 499 1685 556 nempe
1731 484 1897 557 niger
1924 499 2153 551 corvus,

2293 501 2356 544 Ιες
2397 478 2493 536 δύο
2534 484 2638 541 54
2687 479 3088 550 ἀπεστάλησαν,
3135 479 3437 556 ἀκαθάρτου
3487 478 3636 556 λέγω
3683 482 3771 536 καὶ
3822 501 3919 537 κα-

513 574 573 628 et
601 571 810 627 deinde
839 571 1111 628 columba
1142 572 1294 629 alba.
1348 574 1493 629 Item
1541 589 1611 629 ex
1654 574 1916 646 principe
1966 572 2160 647 gentis

2293 573 2454 646 ιαροῦ,
2487 568 2519 626 ὅ
2570 591 2630 626 τε
2676 568 2838 645 κόραξ
2888 570 2916 624 6
2970 568 3161 643 μέλας,
3210 567 3299 624 καὶ
3348 571 3383 639 ἡ
3434 567 3603 638 λευκὴ
3630 569 3919 645 περιστερᾶ

511 664 723 716 nostra;
761 660 1096 717 Abrahamo
1148 662 1262 717 duo
1311 661 1487 734 primi
1537 662 1659 717 nati
1708 668 1868 733 sunt,
1931 662 2161 735 primus

2293 660 2509 736 ἱευτὲρα.
2570 658 2666 714 Καὶ
2723 658 2829 713 ἀπὸ
2888 659 2982 732 μὲν
3040 663 3138 713 τοῦ
3198 656 3501 735 ἀρχηγέτου
3568 663 3665 714 τοῦ
3732 656 3918 724 ἔθνους

516 748 745 820 Ismael,
778 752 979 821 postea
1008 750 1169 805 Isaae
1200 749 1300 821 qui
1332 768 1367 806 a
1397 750 1511 805 Deo
1545 751 1886 806 benedictus
1913 754 2020 806 est.
2080 750 2162 805 Ex

2293 752 2430 822 δμῶν
2482 742 2733 824 ’Δϐραὰμ
2778 744 2874 803 δύο
2922 750 3133 823 πρῶτοι
3190 746 3491 824 γεγόνασιν,
3542 751 3755 820 πρῶτος
3815 749 3921 803 Ἰσ-

516 838 719 894 eodem
751 836 1024 894 similiter
1053 842 1252 894 Isaaco
1283 839 1398 894 duo
1429 838 1620 894 adhuc
1650 840 2013 908 exstiterunt,
2051 838 2161 895 im-

516 926 651 998 pius
680 926 855 993 Esau,
887 931 944 982 et
971 929 1102 999 pius
1132 927 1332 983 Jacob.
1360 927 1445 983 Ad
1477 927 1632 983 hunc
1664 928 1904 984 modum
1962 928 2164 984 ordine

519 1015 769 1087 primus,
804 1019 869 1070 ut
898 1016 1118 1071 mundo
1150 1015 1596 1090 primogenitus,
1627 1016 1905 1089 pontifex,
1957 1018 2166 1073 deinde

517 1103 840 1181 legislator.

589 1283 771 1340 XVII.
803 1285 889 1339 Ita
908 1282 1081 1340 etiam
1099 1300 1225 1357 qum
1253 1288 1497 1342 ventura
1518 1288 1643 1342 erat
1663 1286 1996 1359 conjugatio
2017 1287 2170 1343 circa

523 1372 729 1441 Eliam,
762 1377 968 1445 sponte
996 1374 1244 1430 dimissa
1270 1378 1361 1430 est
1389 1374 1462 1430 ad
1502 1373 1660 1431 aliud
1711 1379 1964 1448 tempus,
2016 1392 2170 1432 com-

523 1466 722 1519 menta
751 1479 814 1518 se
845 1461 991 1519 alias
1022 1467 1345 1535 opportune
1376 1463 1571 1536 seipsa
1600 1464 1931 1521 fruituram.
1981 1466 2171 1529 Quare

525 1551 751 1623 primus
781 1551 955 1622 venit,
990 1551 1089 1623 qui
1131 1553 1281 1607 inter
1300 1555 1457 1607 nato:
1486 1553 1778 1609 mulierem
1796 1570 1817 1616 ;
1848 1552 2056 1610 deinde
2087 1570 2173 1610 se-

528 1639 757 1696 cundus
789 1638 1038 1706 advenit,
1069 1641 1169 1712 qui
1200 1642 1350 1696 inter
1377 1639 1521 1711 ﬁlio:
1552 1640 1856 1697 hominum.
1893 1645 2055 1698 Hunc
2088 1658 2174 1698 se-

528 1728 757 1801 quendo
782 1729 1046 1785 ordinem
1073 1729 1193 1784 ﬁeri
1210 1730 1883 1803 poterit,utintelligatur
1898 1733 1970 1788 ad
1992 1749 2171 1804 quam

531 1817 742 1874 seriem
776 1816 1061 1889 pertineat
1088 1818 1309 1889 Simon,
1344 1818 1445 1891 qui
1476 1824 1609 1875 ante
1640 1835 1733 1875 me
1764 1821 1991 1893 primus
2018 1821 2175 1877 venit

534 1907 607 1962 ad
640 1911 876 1980 gentes;
909 1910 965 1961 et
993 1906 1064 1961 ad
1099 1922 1273 1979 quam
1305 1923 1409 1980 ego
1441 1908 1721 1981 pertineo,
1759 1909 1858 1980 qui
1884 1909 2014 1965 veni
2046 1914 2177 1982 post

532 1995 726 2063 illum,
757 1997 814 2051 et
841 1996 1097 2051 successi
1128 1994 1288 2052 velut
1314 1995 1515 2053 lumen
1536 1996 1813 2069 tenebris,
1835 1997 1991 2054 velut
2011 1998 2176 2071 igno-

536 2083 741 2140 rantia:
768 2083 1033 2152 scientia,
1069 2083 1228 2140 velut
1256 2086 1459 2142 morbo
1483 2086 1730 2143 sanitas.
1756 2086 1840 2143 Ita
1856 2086 2089 2160 quippe,
2114 2092 2181 2143 ut

536 2172 707 2229 nobis
720 2172 862 2228 dixit
880 2190 1051 2229 verus
1073 2174 1376 2247 propheta,
1401 2174 1590 2239 primo
1611 2176 1805 2231 venire
1824 2180 2053 2248 oportet
2075 2175 2180 2233 fal-

534 2278 668 2319 sum
689 2261 1053 2334 evangelium
1068 2263 1471 2335 abimpostore
1483 2264 1759 2335 quodam,
1783 2264 1935 2319 etsic
1948 2265 2178 2337 deinde,

534 2353 669 2422 post
698 2350 885 2405 sancti
914 2349 1026 2405 loci
1056 2351 1436 2419 eversionem,
1469 2368 1670 2408 verum
1701 2352 2077 2426 Evangelium
2108 2354 2180 2409 ad

537 2437 951 2494 correctionem
983 2438 1315 2495 futurorum
1347 2439 1641 2496 haereseon
1690 2439 1839 2496 clam
1884 2442 2060 2497 mitti.
2112 2442 2184 2498 Et

537 2530 670 2599 post
698 2526 839 2582 haec:
874 2526 1027 2583 circa
1054 2526 1252 2596 ﬁnem,
1285 2528 1497 2585 iterum
1530 2529 1756 2600 primus
1785 2530 1977 2587 veniet
2013 2531 2183 2586 Anti-

539 2615 815 2685 christus,
841 2619 1100 2689 tuncque
1122 2633 1294 2673 verus
1312 2616 1580 2674 Christus
1597 2623 1797 2674 noster
1812 2618 1988 2681 Jews
2005 2636 2183 2692 appa-

540 2702 721 2772 rebit;
750 2708 883 2775 post
906 2720 1103 2776 quem,
1135 2708 1261 2762 orto
1284 2706 1405 2762 sole
1434 2710 1669 2774 aeterno,
1692 2710 1903 2765 cuncta
1922 2709 2186 2765 tenebra-

543 2808 674 2849 rum
704 2793 949 2863 evanida
987 2794 1147 2851 ﬁent.

614 2970 811 3028 XVIII.
844 2971 987 3027 Cum
1021 2988 1180 3045 ergo,
1205 2973 1358 3030 sicut
1382 2972 1520 3045 dixi,
1551 2973 1981 3048 conjugationis
2014 2992 2187 3035 cano-

2275 834 2448 911 μαὴλ,
2516 836 2628 892 εἶτα
2682 837 2860 894 Ἰσαὰκ
2916 838 2945 891 6
3004 836 3110 891 ὑπὸ
3172 840 3270 891 τοῦ
3331 840 3464 892 Θεοῦ
3522 836 3923 911 εὐλογημένος.

2269 924 2403 983 Ἀπὸ
2462 922 2521 981 δὲ
2574 929 2673 981 τοῦ
2718 928 2763 962 ⁷³
2835 923 3004 980 αὐτοῦ
3075 925 3257 980 Ἰσαὰκ
3313 924 3521 998 ὁμοίως
3578 924 3743 981 πάλιν
3803 923 3926 1000 δύο,

2275 1015 2439 1070 Ἠσαῦ
2482 1014 2511 1069 6
2569 1010 2767 1083 ἀσεϐὴς
2818 1014 2909 1069 καὶ
2965 1008 3161 1071 Ἰακὼϐ
3210 1014 3238 1068 6
3298 1009 3546 1085 εὐσεϐής.
3615 1014 3799 1078 Οὕτως
3855 1019 3928 1089 τῇ

2273 1103 2416 1175 τάξει
2448 1105 2494 1143 ⁷³
2522 1106 2761 1179 πρῶτος,
2791 1102 2868 1165 ὡς
2894 1101 3245 1178 πρωτότοκος
3274 1106 3355 1176 τῷ
3382 1102 3596 1178 κόσμῳ,
3649 1104 3679 1158 6
3734 1104 3932 1183 ἀρχιε-

2278 1192 2419 1270 ρεὺς,
2452 1192 2564 1247 εἶτα
2594 1193 2623 1247 6
2652 1190 2957 1265 νομοθέτης
2984 1194 3053 1249 ⁷⁸.

2347 1283 2515 1338 XVII.
2572 1280 2804 1355 Ὁμοίως
2853 1282 2889 1350 ἡ
2968 1279 3072 1357 γάρ
3144 1281 3280 1357 πρὸς
3353 1278 3543 1335 ’Πλίαν
3602 1283 3647 1319 ⁷⁸
3701 1281 3935 1359 συζυγία

2280 1368 2577 1448 ὀφείλουσα
2623 1367 2795 1424 ἐλθεῖν
2846 1368 3039 1424 ἑκοῦσα
3084 1368 3385 1448 ἀπελείφθη
3439 1368 3517 1432 εἷς
3575 1368 3757 1446 ἓτερον
3807 1391 3933 1426 και-

2280 1459 2370 1535 ρὸν
2422 1456 2624 1513 ἄλλοτε
2670 1455 2935 1535 εὐκαίρως
2981 1456 3149 1528 αὐτὴν
3214 1457 3511 1515 ἀπολαύειν
3543 1459 3587 1497 ⁷⁸
3639 1458 3939 1535 βουλευσα-

2283 1546 2436 1621 μένη.
2496 1548 2590 1602 Διὸ
2646 1546 2734 1602 καὶ
2792 1548 2820 1602 6
2879 1546 2931 1602 ἐν
3001 1552 3284 1624 γεννητοῖς
3369 1553 3638 1624 γυναικῶν
3716 1554 3939 1625 πρῶτος

2278 1634 2470 1709 ἦλθεν,
2521 1636 2633 1692 εἶτα
2680 1638 2709 1691 6
2769 1636 2821 1692 ἐν
2874 1637 3013 1700 υἱοῖς
3057 1637 3357 1714 ἀνθρώπων
3392 1635 3641 1714 δεύτερος
3673 1637 3939 1708 ἐπῆλθεν.

2281 1725 2464 1801 Ταύτῃ
2516 1728 2586 1800 τῇ
2632 1724 2774 1798 τάξει
2824 1728 2868 1764 ⁷⁷
2927 1724 3331 1782 ἀκολουθοῦντα
3375 1724 3600 1783 δυνατὸν
3664 1728 3730 1797 ἦν
3790 1734 3938 1784 νοεῖν

2279 1815 2421 1878 τίνος
2468 1814 2578 1870 ἐστὶ
2625 1814 2833 1888 Σίμων,
2894 1816 2921 1870 6
2970 1814 3076 1892 πρὸ
3130 1814 3267 1889 ἐμοῦ
3313 1815 3389 1879 εἷς
3436 1815 3503 1872 τὰ
3548 1812 3670 1886 ἔθνη
3714 1821 3941 1893 πρῶτος

2288 1902 2481 1977 ἐλθὼν,
2512 1904 2601 1959 καὶ
2638 1903 2786 1967 τίνος
2818 1901 2890 1959 ὥν
2920 1902 3197 1980 τυγχάνω,
3239 1906 3267 1960 6
3320 1906 3435 1978 μετ’
3484 1904 3681 1961 ἐκεῖνον
3726 1904 3939 1975 ἐληλυ‹

2287 1994 2418 2066 θὼς,
2468 1992 2557 2048 καὶ
2606 1992 2846 2049 ἐπελθὼν
2894 1992 2969 2056 ὡς
3010 1993 3188 2066 σκὸτῳ
3219 1996 3355 2072 φῶς,
3387 1993 3462 2056 ὡς
3495 1994 3683 2070 ἀγνοίᾳ
3710 1999 3940 2069 γνῶσις,

2288 2082 2362 2145 ὡς
2387 2082 2533 2156 νόσῳ
2576 2078 2739 2145 ἴασις.
2791 2082 2949 2141 Οὕτω
2996 2078 3085 2154 δὴ,
3118 2082 3193 2145 ὡς
3225 2083 3253 2138 6
3284 2084 3327 2119 ⁷⁸
3395 2080 3606 2154 ἀληθής
3632 2086 3766 2157 ἡμῖν
3798 2105 3946 2160 προ-

2288 2173 2468 2251 φήτης
2516 2168 2751 2246 εἷ’ρηκεν,
2799 2175 3011 2247 πρῶτον
3062 2168 3253 2245 ψευδὲς
3320 2168 3402 2227 δεῖ
3466 2171 3639 2237 ἐλθεῖν
3709 2172 3946 2249 εὐαγγέ-

2288 2259 2409 2318 λιον
2440 2263 2486 2299 ⁷⁹
2515 2261 2619 2316 ὑπὸ
2647 2258 2858 2316 πλάνου
2886 2260 3058 2330 τινὸς,
3086 2259 3178 2316 καὶ
3216 2260 3312 2317 εἶθ’
3358 2259 3529 2323 οὕτως
3576 2262 3709 2335 μετὰ
3753 2262 3951 2327 καθαί-

2291 2371 2435 2428 ρεσιν
2464 2354 2562 2405 τοῦ
2590 2349 2745 2427 ἀγίου
2772 2348 2943 2405 τόπου
2990 2349 3321 2427 Εὖαγγέλιον
3374 2348 3576 2420 ἀληθὲς
3612 2351 3790 2429 κρύφα
3823 2349 3945 2406 δια-

2289 2440 2603 2517 πεμφθῆναι
2633 2437 2710 2501 εἰς
2759 2438 3126 2516 ἐπανόρθωσιν
3167 2444 3273 2496 τῶν
3327 2438 3597 2513 ἐσομένων
3657 2439 3946 2516 αἱρέσεων·

2290 2529 2381 2585 καὶ
2435 2529 2569 2601 μετᾶ
2607 2532 2774 2583 ταῦτα
2820 2530 2956 2604 πρὸς
3004 2533 3085 2601 τῷ
3130 2528 3276 2584 τέλει
3326 2527 3490 2584 πάλιν
3524 2532 3737 2604 πρῶτον
3766 2529 3949 2588 ’Δντί-

2291 2637 2516 2696 χριστον
2561 2614 2738 2683 ἐλθεῖν
2788 2614 2889 2687 δεῖ,
2936 2618 3027 2673 καὶ
3073 2616 3198 2673 τότε
3241 2618 3334 2673 τὸν
3375 2620 3475 2678 55
3510 2613 3682 2681 ὄντως
3712 2619 3951 2695 Χρισ-τνὸ

2292 2706 2454 2779 ἡμῶν
2484 2709 2690 2772 Ἰησοῦν
2722 2704 3076 2783 ἀναφανῆναι,
3116 2704 3205 2760 καὶ
3259 2706 3393 2779 μετά
3436 2709 3627 2761 τοῦτον
3678 2708 3744 2775 ⁸ο,
3802 2707 3948 2762 αἰω-

2291 2792 2411 2850 νίου
2437 2794 2615 2872 φωτὸς
2647 2794 3047 2869 ἀνατείλαντος,
3077 2793 3248 2851 πάντα
3274 2796 3343 2850 τὰ
3364 2798 3462 2851 τοῦ
3492 2794 3716 2857 σκότους
3762 2796 3949 2873 ἀφανῆ

2294 2884 2558 2961 γενέσθαι.

2368 2974 2559 3031 XVIII.
2609 2971 2761 3028 Ἐπεὶ
2804 2971 2918 3042 οὗν,
2967 2971 3042 3035 ὡς
3085 2970 3241 3051 ἔφην,
3287 2972 3381 3029 τὸν
3419 2971 3619 3028 κανόνα
3646 2977 3746 3041 τῆς
3778 2978 3950 3042 συζυ-

546 3077 681 3118 nem
705 3062 945 3134 quidam
978 3062 1262 3133 nesciant,
1294 3062 1428 3119 inde
1455 3063 1728 3137 ignorant
1756 3064 1949 3137 qualis
1979 3066 2180 3123 existat

2294 3060 2419 3137 γίας
2467 3059 2719 3138 ἀγνοοῦσί
2764 3081 2924 3131 τινες,
2973 3057 3117 3125 ἔνθεν
3166 3060 3267 3117 ούιι
3294 3060 3711 3123 ἐπίστανταιτίς
3737 3061 3955 3138 τυγχά-

542 3150 767 3218 Simon,
799 3151 899 3223 qui
929 3155 1063 3208 ante
1094 3167 1187 3207 me
1218 3152 1457 3224 prodiit.
1476 3156 1623 3208 Nam
1647 3154 1696 3209 si
1719 3159 2185 3227 cognosceretur,

2296 3170 2375 3205 νει
2406 3151 2434 3206 6
2468 3149 2603 3225 ἐμοῦ
2631 3147 2964 3227 προοδεύσας
2997 3148 3209 3223 Σίμων.
3242 3150 3305 3206 Ei
3334 3151 3438 3225 γὰρ
3471 3148 3811 3227 ἐγινώσκετο,
3850 3150 3957 3206 οὐκ

541 3254 658 3296 non
711 3240 763 3295 ei
794 3240 1108 3296 haberetur
1137 3240 1301 3297 ﬁdes.
1330 3240 1464 3297 Jam
1494 3258 1627 3297 vero
1676 3241 1815 3314 quia
1863 3242 2180 3315 ignoratur,

2297 3239 2358 3296 ἂν
2407 3226 2734 3298 ἐπιστεύετο.
2784 3242 2889 3294 Νῦν
2937 3235 2995 3294 δὲ
3043 3238 3412 3314 ἀγνοούμενος
3467 3226 3800 3315 οὐχ’ὀρθῶς
3854 3261 3957 3295 πι-

540 3345 657 3385 non
689 3334 843 3385 recte
872 3329 1158 3386 creditur:
1192 3334 1249 3385 et
1278 3329 1377 3403 qui
1404 3346 1580 3402 opera
1626 3330 1998 3388 inimicorum
2032 3332 2185 3402 facit,

540 3417 821 3489 diligitur,
858 3422 915 3474 et
942 3418 1131 3474 hostis
1169 3418 1339 3491 quasi
1369 3418 1594 3475 amicus
1629 3425 1897 3494 receptus
1946 3422 2078 3491 fuit,
2129 3427 2188 3479 et

538 3506 640 3579 qui
671 3511 761 3563 est
790 3524 971 3577 mors,
998 3507 1155 3564 velut
1184 3508 1439 3565 salvator
1469 3509 1837 3567 dosideratus
1865 3514 1973 3582 est,
2006 3514 2064 3566 et
2084 3511 2185 3583 qui

538 3594 694 3667 ignis
723 3596 922 3653 lumen
954 3598 1346 3667 existimatus,
1377 3598 1599 3671 quique
1628 3599 1904 3655 seductor
1932 3603 2041 3666 est,
2082 3616 2186 3655 au-

539 3684 697 3740 ditur
725 3685 893 3757 quasi
926 3702 1057 3741 vera
1115 3686 1462 3757 praedicans.
1505 3686 1607 3743 His
1659 3686 1874 3742 auditis
1914 3704 2021 3759 ego
2060 3687 2186 3743 Cle-

538 3790 733 3830 mens:
754 3775 1035 3838 Quisnam
1048 3780 1153 3842 est,
1177 3775 1319 3842 dixi,
1342 3775 1452 3831 iste
1473 3779 1675 3831 tantus
1696 3776 1988 3847 deceptor,
2039 3776 2189 3833 seire

537 3862 766 3919 vellem.
803 3868 867 3918 Et
902 3864 1104 3919 Petrus
1136 3863 1471 3937 respondit:
1506 3864 1566 3919 Si
1599 3864 1766 3936 cupis
1787 3864 2029 3934 discere,
2056 3865 2190 3921 licet

538 3951 644 4007 tibi
679 3968 1026 4024 cognossem
1072 3952 1145 4007 ab
1176 3951 1249 4008 iis
1282 3969 1316 4008 a
1347 3951 1561 4024 quibus
1591 3956 1648 4009 et
1666 3966 1772 4024 ego
1801 3956 2011 4009 cuncta
2026 3952 2186 4010 illius

540 4046 809 4097 accurate
832 4041 1058 4097 rescivi.

611 4128 754 4185 XIX.
786 4129 958 4185 Justa
994 4130 1263 4201 quaedam
1286 4129 1439 4203 apud
1460 4144 1566 4186 nos
1586 4132 1695 4199 est,
1727 4129 2184 4203 Syrophtenissa,

537 4232 745 4290 genere
774 4218 1134 4286 Chananitis,
1167 4221 1337 4289 cujus
1368 4218 1549 4275 ﬁliola
1575 4220 1735 4291 gravi
1784 4220 1987 4276 morbo
2036 4220 2185 4277 deti-

536 4306 814 4377 nebatur;
848 4324 1090 4380 quaeque
1122 4309 1194 4364 ad
1236 4306 1552 4363 Dominum
1600 4312 1868 4364 nostrum
1917 4309 2184 4377 accessit,

534 4394 798 4453 clamans
826 4402 883 4453 et
912 4396 1251 4468 supplicans
1283 4401 1346 4452 ut
1366 4395 1557 4452 ﬁliolae
1586 4413 1705 4453 sua;
1738 4397 2086 4453 mederetur.
2115 4402 2187 4454 At

534 4484 654 4551 ille,
687 4485 860 4542 etiam
894 4503 927 4541 a
957 4487 1125 4542 nobis
1157 4475 1415 4558 rogatus,
1450 4485 1624 4541 dixit:
1663 4490 1789 4542 Non
1815 4485 1950 4543 licet
1978 4504 2187 4544 sanare

536 4580 758 4648 gentes,
792 4591 918 4647 quae
941 4574 1185 4664 canibus
1212 4574 1339 4664 ideo
1362 4573 1584 4631 similes
1605 4579 1744 4631 sunt
1760 4576 1914 4647 quod
1940 4576 2184 4632 diversis
2216 4599 2262 4664 Ι)

538 4667 789 4719 utuntur
816 4668 872 4718 et
901 4663 1047 4718 cibis
1074 4668 1131 4718 et
1160 4663 1454 4734 operibus,
1480 4680 1614 4720 cum
1638 4664 1801 4736 regni
1824 4680 2027 4722 mensa
2045 4665 2183 4721 ﬁliis

542 4751 775 4809 Israelis
802 4754 1017 4808 tradita
1048 4752 1141 4808 sit.
1169 4751 1273 4808 Illa
1296 4768 1429 4808 vero
1459 4756 1772 4825 postquam
1793 4753 1851 4808 id
1878 4753 2181 4823 audiisset,

540 4846 598 4898 et
625 4859 726 4914 per
754 4841 899 4898 illud
930 4842 1084 4913 quod
1116 4842 1186 4897 de
1211 4842 1475 4911 ejusdem
1497 4857 1711 4897 mensa
1737 4841 1905 4898 micis
1927 4842 2184 4898 cadenti-

540 4930 654 4987 bus
698 4931 878 5005 (velut
907 4930 1091 5002 canis)
1148 4930 1437 5003 particeps
1495 4931 1649 4986 facta
1704 4931 1839 5002 fuit,
1898 4935 2187 4988 mutasset

2295 3326 2533 3383 στεύεται
2564 3330 2631 3366 ⁸¹·
2680 3328 2769 3384 καὶ
2814 3329 2842 3384 6
2888 3329 2956 3383 τὰ
2988 3327 3291 3403 μισούντων
3317 3332 3489 3384 ποιῶν
3522 3328 3823 3405 ἡγάπηται,
3858 3331 3956 3387 καὶ

2294 3417 2323 3472 6
2355 3416 2548 3493 ἐχθρὸς
2600 3415 2675 3479 ὡς
2724 3415 2887 3495 φίλος
2939 3414 3314 3487 ἀποδέδεκται,
3365 3417 3455 3472 καὶ
3510 3417 3734 3481 θάτατος
3767 3416 3847 3473 ὣν
3879 3420 3957 3483 ὡς

2293 3506 2483 3575 σώζων
2542 3504 2869 3575 πεπόθηται,
2922 3504 3013 3560 καὶ
3059 3509 3165 3581 πῦρ
3212 3504 3284 3561 ὥν
3318 3510 3433 3585 φῶς
3463 3505 3798 3580 νενόμισται,
3859 3510 3955 3565 καὶ

2292 3592 2498 3657 πλάνος
2529 3592 2602 3649 ὧν
2632 3594 2706 3657 ὡς
2737 3594 3020 3662 ἀληθεύων
3057 3594 3325 3654 ἀκούεται.
3357 3599 3533 3650 Ταῦτα
3556 3595 3789 3658 ἀκούσας
3838 3597 3955 3674 ἐγὼ

2294 3684 2551 3756 Κλήμης.
2600 3682 2693 3746 Τίς
2740 3682 2842 3760 ἄρα
2885 3684 3170 3759 τυγχάνει,
3221 3681 3378 3763 ἔφην,
3427 3682 3636 3746 οὗτοςὸ
3682 3690 3955 3750 τοσοῦτος

2296 3770 2369 3827 ὢν
2400 3771 2645 3827 ἀπατεὼν
2678 3774 2746 3842 ⁸³,
2792 3773 2979 3847 μαθεῖν
3028 3769 3250 3842 ἤθελον.
3292 3773 3391 3828 Καὶ
3424 3774 3452 3829 6
3486 3773 3688 3850 Πέτρος
3720 3770 3851 3852 ἔφη·
3890 3778 3954 3832 Εἰ

2296 3859 2471 3926 θέλεις
2506 3861 2716 3933 μαθεῖν,
2762 3860 2988 3937 παρεστί
3038 3882 3122 3916 σοι
3161 3860 3225 3917 τὸ
3274 3866 3497 3939 γνῶναι,
3528 3863 3654 3939 παρ’
3686 3863 3761 3918 ὧν
3792 3868 3954 3944 καγὼ

2291 3950 2360 4006 τὰ
2387 3950 2504 4005 κατ’
2533 3948 2693 4005 αὐτὸν
2715 3950 2890 4007 πάντα
2917 3945 3226 4029 ήκρίϐωκα.

2364 4128 2502 4185 XIX'
2536 4125 2741 4184 Ἰοῦστά
2784 4148 2870 4191 τις
2918 4127 2970 4184 ἐν
3014 4129 3151 4203 ἡμῖν
3186 4126 3298 4186 ἐστι
3346 4125 3822 4209 Συροφοινίκισσα,
3886 4129 3955 4186 τὸ

2293 4217 2451 4294 γένος
2486 4220 2787 4285 Χανανῖτις,
2826 4216 2895 4287 ἦς
2925 4217 2988 4273 τὸ
3019 4219 3307 4295 θυγάτριον
3337 4218 3439 4274 ὑπὸ
3482 4216 3734 4294 χαλεπῆς
3784 4217 3955 4275 νόσου

2293 4304 2591 4382 συνείχετο,
2640 4304 2675 4375 ἢ
2725 4304 2816 4361 καὶ
2861 4304 2943 4379 τῷ
2992 4306 3173 4384 Κυρίῳ
3219 4307 3379 4381 ἡμῶν
3423 4307 3706 4384 προσῆλθε
3760 4308 3956 4381 βοῶσα

2291 4396 2381 4452 καὶ
2437 4393 2767 4463 ἱκετεύουσα,
2818 4393 2966 4457 ὅπως
3019 4395 3184 4465 αὐτῆς
3210 4396 3274 4452 τὸ
3303 4398 3584 4474 θυγάτριὸν
3617 4395 3952 4473 θεραπεύσῃ.

2290 4486 2349 4543 Ὀ
2399 4480 2477 4553 δὲ,
2535 4484 2624 4539 καὶ
2667 4484 2753 4562 ὑφ’
2798 4485 2957 4557 ἡμῶν
3008 4483 3274 4557 ἀξιωθεὶς,
3327 4484 3493 4540 εἶπεν
3562 4484 3677 4543 Οὐκ
3746 4482 3955 4556 ἔξεστιν

2294 4573 2471 4629 ῗᾶσθαι
2512 4574 2580 4628 τά
2629 4570 2775 4642 ἔθνη,
2844 4571 3058 4628 ἐοικότα
3120 4573 3293 4641 κυσὶν,
3367 4572 3456 4630 διὰ
3526 4573 3589 4629 τὸ
3657 4572 3952 4653 διαφόροις

2293 4663 2528 4741 χρῆσθαι
2560 4664 2604 4698 ⁸⁸
2654 4666 2881 4740 τροφαῖς
2920 4661 3011 4717 καὶ
3059 4662 3331 4735 πράξεσιν,
3383 4657 3794 4737 ἀποδεδομένης
3842 4670 3954 4733 τῆς

2291 4753 2428 4809 κατά
2474 4752 2572 4819 τήν
2628 4749 2904 4826 βασιλείαν
2935 4752 2982 4789 ⁸⁸
3037 4750 3308 4829 τραπέζης
3355 4756 3472 4816 τοῖς
3520 4753 3661 4815 υἱοῖς
3692 4752 3951 4828 Ἰσραήλ.

2291 4843 2353 4900 Ἠ
2385 4838 2443 4896 δὲ
2487 4844 2649 4895 τοῦτο
2698 4838 2989 4913 ἀκούσασα,
3033 4841 3124 4896 καὶ
3168 4843 3268 4911 τῆς
3313 4839 3480 4912 αὐτῆς
3525 4838 3821 4917 τραπέζης,
3872 4841 3955 4903 ὡς

2292 4950 2466 5007 κειων,
2528 4925 2730 5004 ψιχίων
2796 4928 3221 4985 ἀποπιπτόκτων
3282 4922 3837 5004 συμμεταλαμϐάνειν
3884 4931 3958 5001 ⁸⁸,

1885 5073 2129 5131 VARIIE
2166 5072 2581 5132 LECTIONES.

604 5190 652 5261 7?
681 5193 777 5245 τοῦ
810 5190 1055 5247 accessit
1084 5205 1151 5245 ex
1182 5191 1245 5245 Ο.
1322 5190 1369 5226 ⁷³
1398 5184 1557 5249 οὗτος
1584 5190 1654 5261 τῇ
1684 5186 1818 5261 τέξει
1851 5190 1913 5260 C,
1946 5190 2006 5246 in
2038 5206 2223 5261 marg.
2258 5187 2431 5249 οὕτως
2457 5208 2507 5243 τ.
2540 5207 2593 5245 τ.
2624 5204 2727 5260 pro
2755 5187 3135 5261 conjectura:
3172 5187 3344 5249 οὕτως
3386 5187 3515 5261 (sic)
3563 5189 3659 5261 τῇ,
3684 5187 3833 5258 τάξει
3887 5188 3961 5246 Ο,

539 5260 681 5317 Dein
711 5263 1046 5344 προτόξοκοί
1194 5263 1258 5344 ,τι
1289 5263 1477 5344 Aaron
1528 5265 1595 5344 et.
1632 5260 1835 5344 postea
1881 5262 2128 5344 Moyses:

538 5348 739 5395 xxxm,
775 5334 927 5388 13.0.

538 5403 687 5457 Tum
723 5403 940 5457 inserui
974 5403 1001 5455 6
1032 5420 1079 5457 ο.
1112 5404 1336 5459 eodem.
1370 5405 1482 5458 Ci‘r.

2227 5262 2357 5317 xod.
2394 5277 2470 5331 v1,
2501 5261 2593 5331 20,
2626 5259 2726 5325 vn,
2756 5261 2812 5330 7,
2846 5259 3022 5317 Num.
3055 5278 3205 5330 xxw,
3237 5263 3329 5323 59,
3361 5266 3419 5316 et
3448 5259 3468 5315 Ι
3506 5259 3867 5331 Paral_ip._v1,
3902 5262 3961 5329 3,

1004 5334 1048 5368 7‘
1080 5333 1157 5386 De
1185 5333 1402 5387 Jornne
1433 5331 1695 5400 Baptista
1725 5333 1878 5389 dicto
1912 5331 2034 5388 Elia
2064 5333 2270 5391 Matth.
2304 5350 2383 5400 x1,
2420 5333 2521 5396 14ς
2557 5348 2693 5395 xvn,
2730 5332 2816 5399 12,
2855 5332 2959 5398 13;
2996 5336 3131 5388 Luc.
3167 5350 3204 5400 ι,
3239 5336 3325 5388 17.
3356 5335 3416 5386 C.

1578 5403 1725 5459 atth.
1773 5421 1850 5469 χι,
1906 5405 1987 5460 il.
2042 5405 2311 5470 Credner,
2365 5404 2624 5475 Beitrage
2677 5404 2719 5476 Ι,
2767 5403 3071 5476 28,6,‘365.
3148 5404 3190 5438 ’⁸⁷
3241 5404 3326 5476 Ita
3377 5402 3441 5476 Ο,
3492 5405 3701 5474 utjam
3735 5420 3963 5476 propo-

3493 5334 3536 5365 ῖδ
3558 5324 3861 5385 ἀπολαϐεῖν
3888 5324 3958 5390 Οξ

544 5478 743 5547 suerat
773 5475 841 5547 Ι)Σ
868 5476 1016 5547 Tum
1050 5474 1254 5547 scripsi
1286 5473 1351 5541 ἦν
1385 5490 1454 5547 ex
1483 5477 1750 5547 conject.,
1780 5476 1818 5546 ᾗ
1847 5478 1912 5542 Ο,
1944 5477 2007 5542 ἦν
2042 5478 2107 5531 Ο.
2186 5477 2228 5511 ⁷⁸
2260 5475 2288 5530 6
2320 5473 2743 5547 adjunxi'c._0.
2821 5474 2867 5547 7"
2899 5473 3013 5530 Cir.
3048 5474 3520 5547 Baur.,ﬂPaulus
3577 5473 3632 5547 ρ.
3666 5475 3820 5547 219.
3849 5473 3953 5532 ’8.

542 5545 587 5580 ⁸ο
616 5546 776 5623 τοῦτο
808 5543 864 5597 C.
913 5546 985 5623 ‘3‘!
1019 5520 1366 5623 πεπίοῖεευται
1395 5544 1512 5623 C.__
1533 5520 1694 5602 "dita
1724 5520 2175 5623 deic‘ohjectzﬂ.‘
2199 5520 2413 5623 inucuj?
2436 5542 2940 5623 textuncizrrcaiwv,
2995 5552 3059 5602 ut
3231 5520 3316 5623 ’ᾖξεΔ
3355 5520 3611 5623 χρῆσθαί,
3640 5546 3737 5623 Ο,Δ
3779 5561 3830 5602 o.
3864 5551 3952 5623 ¹8,

546 5615 870 5691 mulceant}.
906 5617 1017 5691 (llr.
1054 5622 1247 5691 tamen
1276 5617 1416 5691 Loh:
1446 5615 1682 5691 Phry/73.,
1714 5634 1770 5690 p.
1803 5618 1893 5674 61.
1928 5610 1987 5674 L.
2063 5619 2109 5654 ⁸⁴
2150 5610 2424 5690 βασίλειον
2448 5618 2513 5673 Ο.
2589 5617 2634 5653 ⁸⁸
2684 5617 2819 5673 Post
2877 5610 3429 5691 συμμεταλαμϐάνειν
3456 5610 3466 5616 ’
3490 5620 3655 5677 deest
3704 5610 3955 5691 ’δεομένη

546 5682 850 5760 sequentis
879 5688 951 5745 ob
990 5687 1145 5745 vocis
1175 5682 1581 5760 ὁμοιοτὲλευιον
1610 5682 1679 5745 DL
