4100 6334
218 380 298 443 89
1366 382 1873 448 CLEMENTINA

1995 414 2014 428 -
2040 381 2377 447 HOMILIA
2417 383 2495 447 II.
3554 378 3635 443 90

219 517 323 574 58
358 515 700 587 μεταθεμένή
736 512 870 593 ὅπερ
899 515 1082 589 ἦν,τῷ
1108 516 1154 555 ⁸⁸
1184 512 1395 590 ὁμοίως
1429 512 1729 571 διαιτᾶσθαι
1758 518 1878 578 τοῖς

1995 516 2148 589 quod
2180 520 2322 586 erat,
2356 520 2557 590 utpote
2586 517 2789 574 eodem
2820 532 2888 573 ac
2919 514 3023 572 filii
3080 512 3243 589 regni
3300 529 3411 571 usa
3450 511 3631 580 victu,

215 607 319 671 τῆς
357 602 639 678 βασιλείας
667 605 942 675 υἱοῖς,τῆς
974 605 1049 667 εἷς
1080 606 1178 674 τὴν
1211 605 1593 681 θυγατέρα,ὠς
1623 604 1875 675 ἠξίωσεν,

1986 605 2117 660 ﬁliae
2152 606 2464 663 sanitatem
2498 623 2676 679 quam
2702 606 2945 678 petierat
2964 603 3443 676 obtinnit.Neque
3471 602 3630 660 enim

214 691 413 769 ἔτυχεν
448 692 663 755 ἰάσεως.
696 695 769 749 Ού
826 694 930 769 γὰρ
988 695 1047 749 ἂν
1102 694 1315 764 ἐθνικήν
1362 693 1521 749 οὖσαν
1554 694 1643 748 καὶ
1674 693 1760 749 ἐπὶ
1808 697 1877 767 τῇ

1995 694 2301 765 ethnicam,
2339 700 2515 767 atque
2544 696 2749 751 eodem
2784 696 2839 750 in
2872 695 2997 749 vitae
3030 709 3237 767 genere
3268 708 3628 765 permanen-

216 782 356 855 αὐτῇ
416 782 677 854 πολιτείᾳ
723 785 768 819 ⁸⁷
819 782 1079 856 μένουσαν
1130 784 1157 838 ὁ
1204 785 1303 853 τὴν
1354 784 1530 860 ἀρχὴν
1574 780 1663 838 διὰ
1706 783 1769 837 τὸ
1799 784 1876 856 μὴ

1995 784 2382 851 tem,sanitate
2404 785 2681 840 donasset
2703 783 2803 855 qui
2825 784 2881 839 id
2907 784 3071 840 initio
3094 799 3209 839 non
3232 781 3629 854 fecerat,quod

216 869 417 942 ἐξεῖναι
484 872 797 947 θεραπεύειν
842 874 885 909 ⁸⁸
955 872 1030 936 ὡς
1098 871 1310 941 έθνικὴν
1378 873 1628 946 μείνασαν
1694 871 1879 947 ἐθερά-

214 981 436 1016 πευσεν.

291 1054 408 1107 ΚΧ.
445 1047 597 1119 Αύτή
651 1047 887 1121 οῦν,τήν
927 1049 1164 1124 νόμιμον
1214 1052 1260 1088 ⁸⁸
1306 1046 1668 1124 ἁναδεξαμένη
1716 1046 1881 1104 πολι-

213 1135 360 1191 τείαν
399 1138 508 1191 ὑπὸ
557 1142 659 1193 τοῦ
708 1135 848 1193 ἰδίου
890 1136 1082 1213 ἀνδρὸς
1130 1137 1343 1195 ἐναντία
1372 1143 1697 1217 φρονοῦντος
1744 1140 1879 1213 ἡμῖν

216 1227 355 1297 μετᾶ
388 1234 496 1296 τῆς
527 1226 773 1295 ἷαθείσης
808 1225 1069 1304 θυγατρὸς
1121 1225 1272 1283 ἰδίων
1319 1225 1482 1283 οἷ’κων
1532 1222 1880 1298 ἐκϐέϐληται.

210 1316 285 1372 Ἠ
341 1311 407 1369 δὲ
466 1315 890 1390 εύγνωμονοῦσα
944 1318 1081 1393 πρὸς
1155 1316 1254 1379 τὰς
1329 1318 1621 1388 συνθήκας,
1680 1316 1771 1371 καὶ
1830 1315 1880 1370 έν

210 1404 514 1479 περιουσίᾳ
566 1404 685 1477 βίου
735 1403 1075 1481 ὑπάρχουσα,
1108 1404 1244 1473 αὐτὴ
1293 1408 1337 1443 θο
1391 1406 1484 1479 μὲν
1533 1407 1687 1482 χήρα
1732 1402 1886 1479 ἔμει-

207 1494 422 1560 νεν,τὸ
454 1490 514 1547 δὲ
542 1492 826 1569 θυγάτριον
878 1493 1043 1563 αὐτῆς
1093 1491 1245 1571 ἀνδρί
1294 1516 1403 1549 τινι
1450 1494 1885 1572 εύγνωμονοῦντι

210 1584 358 1651 πρὸς
383 1584 489 1652 τὴν
524 1580 707 1653 ἀληθῆ
734 1582 912 1638 πίστιν
938 1582 1028 1639 καὶ
1078 1584 1273 1655 πένητι
1316 1579 1427 1639 ὄντι
1479 1581 1881 1660 συνηρμόσστο.

210 1675 274 1724 Ἦ
310 1669 375 1726 δὲ
422 1673 515 1725 καὶ
565 1679 665 1740 τῆς
716 1673 975 1748 θυγατρὸς
1026 1672 1293 1750 προφάσει
1331 1671 1514 1748 γάμου
1547 1678 1882 1748 στερηθεῖσα,

213 1759 319 1815 δύο
383 1757 587 1823 παῖδας
646 1760 972 1834 ὠνησαμένη
1045 1762 1137 1817 καὶ
1212 1760 1561 1833 παιδεύσασα,
1622 1762 1698 1826 είς
1754 1764 1884 1819 υἱῶν

1988 890 2105 930 non
2137 873 2338 930 liceret
2370 874 2427 929 in
2460 874 2694 930 ethnica
2724 874 2933 929 facere.

2060 1053 2176 1109 ΧΧ.
2214 1052 2318 1109 Illa
2347 1069 2504 1126 ergo,
2538 1053 2736 1123 vitam,
2771 1068 2902 1125 qua:
2948 1054 3120 1125 juxta
3162 1050 3349 1123 legem
3380 1049 3634 1120 ducitur,

1992 1142 2279 1215 amplexa,
2304 1159 2339 1197 a
2358 1159 2466 1199 suo
2490 1143 2631 1211 viro,
2658 1142 2947 1198 contraria
2963 1140 3129 1196 nobis
3160 1140 3470 1205 sentiente,
3503 1155 3640 1195 cum

1992 1236 2202 1287 sanata
2232 1232 2351 1288 {ilia
2378 1248 2408 1288 e
2440 1232 2612 1288 domo
2646 1229 2879 1303 propria
2907 1232 3091 1301 ejecta
3112 1234 3222 1286 est.
3247 1228 3509 1300 Diligens
3539 1243 3643 1284 au-

1991 1324 2110 1376 tem
2144 1337 2212 1377 ea
2241 1337 2368 1393 quae
2403 1320 2721 1394 pepigerat,
2753 1324 2810 1376 et
2864 1320 3171 1375 abundans
3228 1318 3458 1390 opibus,
3510 1316 3641 1389 ipsa

1993 1409 2231 1481 quidem
2272 1411 2491 1466 mansit
2520 1410 2713 1480 vidua,
2755 1408 2935 1466 filiam
2991 1424 3124 1463 vero
3184 1423 3352 1462 suam
3409 1406 3534 1461 viro
3565 1405 3639 1461 ad

1992 1515 2189 1554 veram
2223 1500 2395 1555 ﬁdem
2428 1516 2720 1571 propenso
2752 1516 2818 1555 ac
2851 1497 3091 1571 pauperi
3124 1497 3431 1568 conjugem
3454 1494 3640 1551 dedit.

1994 1588 2258 1660 Cumque
2290 1594 2525 1660 propter
2550 1587 2731 1643 ﬁliam
2765 1588 2989 1660 nuptiis
3024 1604 3084 1643 se
3117 1585 3456 1655 abstineret,
3490 1584 3639 1639 duos

1996 1694 2208 1751 pueros
2239 1694 2439 1734 emens
2470 1694 2535 1733 ac
2566 1678 2822 1733 educans
2856 1694 2959 1750 pro
3025 1675 3225 1731 liberis
3276 1673 3499 1729 habuit.
3528 1672 3641 1737 Qui

1996 1768 2162 1840 pueri
2185 1784 2303 1822 una
2323 1783 2455 1822 cum
2478 1767 2715 1823 Simone
2738 1767 2905 1840 Mago
2932 1784 2966 1821 a
2995 1764 3211 1821 teneris
3234 1764 3404 1819 annis
3424 1761 3640 1829 educti,

214 1848 356 1953 ἔσχε
388 1849 582 1906 τόπον.
615 1853 809 1905 "Arma
838 1855 915 1923 τῷ
950 1850 1111 1926 μάγῳ
1142 1850 1350 1925 Σίμωνι
1381 1852 1440 1907 ἐκ
1485 1850 1694 1908 παίδων
1747 1874 1881 1925 συμ-

1998 1861 2212 1913 cuncta
2241 1856 2401 1911 illius
2432 1856 2781 1911 didicerunt.
2841 1856 3031 1913 Tanta
3089 1854 3305 1926 quippe
3356 1851 3508 1907 inter
3545 1866 3646 1906 eos

212 1937 607 2011 παιδευθέντα,
640 1938 811 1994 πάντα
856 1942 922 1995 τὰ
966 1942 1085 1996 κατ’
1132 1941 1291 1997 αὐτὸν
1342 1942 1782 2015 ἐκμεμαθήκασιν
1815 1945 1881 2001 θί.

215 2028 479 2098 Τοσαύτη
538 2030 641 2104 γὰρ
690 2028 864 2084 αὐτῶν
912 2031 980 2098 ἦν
1028 2032 1063 2100 ἡ
1114 2029 1291 2108 φιλία,
1334 2030 1408 2092 ὡς
1453 2032 1543 2086 καὶ
1594 2036 1883 2087 συσπεῦσαι

221 2117 383 2187 αὐτῷ
418 2117 467 2171 έν
499 2124 658 2171 πᾶσιν
692 2120 777 2179 οἷς
812 2116 1069 2194 βούλοντο
1100 2122 1144 2156 ⁸³
1169 2119 1355 2182 αὐτοῖς
1385 2119 1559 2176 ἑνοῦν.

296 2211 446 2262 XXI.
498 2207 661 2264 Οὗτοι
727 2212 807 2278 τῷ
869 2207 1094 2272 ἐνταῦθα
1160 2206 1561 2281 ἐπιδημήσαντι
1629 2208 1884 2285 Ζακχαίῳ

218 2296 612 2370 συντυχόντες,
641 2294 730 2350 καὶ
759 2301 856 2351 τοῦ
884 2300 983 2366 τῆς
1017 2297 1273 2367 ἀληθείας
1322 2295 1389 2353 δι’
1429 2298 1593 2353 αὐτοῦ
1645 2297 1883 2372 μεταλα-

216 2380 424 2446 ϐόντες
463 2383 653 2458 λόγου,
691 2385 780 2441 ἐπὶ
834 2390 947 2448 τοῖς
996 2386 1237 2459 πρώτοις
1281 2394 1669 2464 νεωτερισμοῖς
1720 2409 1881 2463 μετα-

223 2473 593 2545 μεληθέντες,
624 2473 838 2550 ταχέως
868 2479 964 2530 τοῦ
996 2475 1248 2549 Σίμωνος
1302 2476 1680 2552 καταγνόντες,
1711 2477 1885 2534 πάντα

220 2562 388 2633 αὐτῷ
444 2560 761 2634 συνειδότες,
795 2563 909 2637 ἅμα
953 2569 1034 2637 τῷ
1088 2563 1425 2639 έπιὸημῆσαί
1466 2569 1510 2605 ⁸³
1544 2587 1611 2639 με
1640 2566 1881 2637 ἐνταῦθα,

225 2652 381 2723 μετὰ
433 2658 533 2721 τῆς
600 2652 1037 2729 ἀναθρεψαμένης
1100 2654 1296 2717 αὐτοὺς
1347 2656 1441 2713 67
1493 2654 1884 2732 προσελθόντες

227 2762 364 2812 μοι,
402 2741 488 2795 ὑπ’
542 2740 705 2798 αὐτοῦ
762 2742 1101 2806 συσταθέντες
1158 2764 1272 2817 μοι,
1303 2742 1392 2799 καὶ
1447 2740 1628 2799 ἔκτοτε
1654 2744 1885 2802 πάντοτε

220 2829 466 2884 σύνεισίν
500 2832 619 2873 ⁹⁴·⁹⁹
652 2852 766 2903 μοι,
797 2836 905 2886 τῶν
934 2838 1037 2901 τῆς
1071 2829 1329 2903 ἀληθείας
1361 2830 1726 2897 ἀπολαύοντες
1786 2856 1885 2907 μα-

218 2919 521 2989 θημάτων.
566 2923 739 2975 Ταῦτα
792 2920 957 2975 εἰπὼν
1020 2921 1048 2976 ὁ
1098 2921 1322 2996 Πέτρος,
1377 2921 1882 2999 μεταπεμψάμενος,

217 3006 517 3062 ἐκέλευσεν
548 3007 731 3070 αὐτοῖς
759 3012 828 3047 ¹⁰⁰
856 3011 1031 3065 πάντα
1064 3031 1157 3083 μοι
1184 3011 1250 3065 τὰ
1280 3014 1298 3049 ί
1329 3012 1466 3066 κατὰ
1518 3011 1610 3067 τὸν
1660 3012 1885 3087 Σίμωνα

217 3091 473 3169 ἀκριϐῶς
530 3097 845 3164 ἐκτίθεσθαι.
905 3100 966 3154 0t
1025 3097 1083 3155 δὲ
1127 3100 1220 3155 τὸν
1274 3100 1402 3157 Θεὸν
1479 3103 1883 3179 μαρτυράμενοι

220 3184 405 3261 μηδὲν
437 3187 729 3260 ψεύσασθαι
762 3187 1071 3258 ἐξετίθεντο.

292 3252 472 3334 XXIII.
504 3282 590 3339 Ὡς
618 3252 834 3353 πρῶτος
862 3280 890 3334 ὁ
923 3276 1155 3342 Ἀκύλας
1183 3274 1384 3355 ἤρξατο
1444 3277 1623 3355 λέγειν
1681 3279 1877 3345 οὕτως·
1912 3252 1957 3322 c

211 3366 517 3436 'Axouaov,
549 3368 595 3421 ὧ
634 3370 655 3404 ²
704 3367 927 3445 φίλτατε
972 3370 1107 3441 ἡμῖν
1156 3366 1376 3445 ἀδελφέ,
1427 3368 1576 3433 ὅπως
1640 3365 1879 3444 ἀκριϐῶς

212 3456 401 3510 πάντα
456 3456 526 3511 τὰ
580 3457 715 3511 κατὰ
767 3458 858 3511 τὸν
913 3455 1078 3531 ἄνδρα
1125 3454 1298 3532 εἰδῇς,
1328 3455 1478 3521 τίνος
1528 3478 1586 3514 τε
1642 3456 1739 3529 ὢν,
1787 3461 1878 3516 καὶ

209 3544 298 3606 τίς
362 3546 457 3599 καὶ
514 3545 701 3614 πόθεν,
750 3544 873 3601 τίνα
926 3548 983 3602 τέ
1042 3546 1181 3601 ἐστιν
1243 3546 1275 3601 ἃ
1313 3548 1557 3621 πράττει,
1615 3550 1705 3603 καὶ
1758 3554 1878 3613 πῶς

213 3636 308 3687 καὶ
347 3631 437 3689 διὰ
487 3634 560 3690 τί.
600 3635 785 3707 Σίμων
820 3636 979 3698 οὗτος
1009 3636 1214 3712 πατρὸς
1251 3637 1345 3710 μὲν
1378 3632 1519 3691 ἔστιν
1561 3638 1876 3712 Ἀντωνίου,

218 3725 436 3795 μητρὸς
472 3721 530 3778 δὲ
558 3722 791 3800 Ῥαχὴλ,
825 3724 1111 3801 Σαμαρεὺς
1156 3726 1218 3780 τὸ
1268 3722 1441 3797 ἔθνος,
1471 3724 1580 3782 διπὸ
1630 3730 1828 3783 Γιτθῶν
1856 3730 1879 3765 ⁸

211 3813 442 3884 κώμης,
477 3820 574 3883 τῆς
606 3812 822 3875 πόλεως
857 3814 1171 3891 ἀπεχούσης
1199 3814 1453 3890 σχοίνους
1599 3818 1793 3888 Οὗτος,
1826 3816 1878 3873 ἐν

213 3899 605 3975 Ἀλεξανδρείᾳ
648 3907 717 3977 τῇ
766 3904 902 3979 πρὸς
956 3901 1231 3977 Αἴγυπτον
1279 3905 1541 3981 γεγονὼς,
1573 3904 1876 3982 Ἐλληνικῇ

212 3989 440 4063 παιδεία
468 3994 490 4027 ⁸
517 3991 655 4046 πάνυ
685 3990 977 4063 έξασκήσας
1010 3994 1195 4047 ἑαυτὸν
1216 3992 1305 4047 καὶ
1352 3994 1549 4069 μαγείᾳ
1592 3994 1739 4051 πολὺ
1790 3994 1878 4051 δυ-

210 4080 400 4149 νηθεὶς
429 4080 522 4134 καὶ
554 4081 843 4157 φρενωθείς
870 4085 911 4155 ⁸,
944 4079 1091 4138 θέλει
1128 4082 1439 4155 νομίζεσθαι
1488 4082 1736 4155 ἂνωτάτη
1789 4106 1876 4149 τις

214 4170 348 4225 εἶναι
383 4167 614 4243 δύναμις
644 4170 733 4225 καὶ
766 4170 928 4226 αὐτοῦ
957 4175 1053 4225 τοῦ
1081 4172 1172 4226 τὸν
1190 4171 1395 4245 κόσμον
1418 4171 1696 4237 κτίσαντος
1718 4179 1873 4233 Θεοῦ.

217 4258 427 4317 Ένίοτε
460 4257 519 4314 δὲ
546 4258 637 4314 καὶ
667 4261 895 4336 Χριστὸν
930 4260 1115 4315 ἑαυτὸν
1160 4259 1555 4335 αἶνισσόμενος,
1586 4264 1826 4319 Ἐστῶτα
1853 4266 1876 4302 ⁸

212 4348 634 4425 προσαγορεύει.
667 4348 842 4423 Ταύτῃ
895 4346 952 4404 δὲ
1004 4354 1073 4424 τῇ
1129 4350 1493 4427 προσαγορείᾳ
1522 4354 1543 4388 ⁷
1580 4353 1872 4428 κέχρηται,

210 4436 289 4498 ὡς
350 4436 421 4505 δὴ
483 4438 820 4510 στησόμενος
877 4438 1101 4508 ἀεὶ,καὶ
1160 4439 1335 4495 αἰτίαν
1389 4446 1617 4519 φθορᾶς,
1676 4440 1816 4499 ὥστε
1852 4445 1873 4481 ⁸

210 4527 274 4580 τὸ
334 4531 499 4598 σῶμα
558 4532 758 4599 πεσεῖν,
818 4526 918 4582 οὐκ
981 4526 1148 4603 ἔχων.
1211 4528 1307 4585 Καὶ
1365 4525 1490 4586 οὕτε
1573 4531 1722 4601 Θεὸν,
1776 4532 1869 4588 τὸν

1993 1950 2119 2003 erat
2151 1946 2429 2012 amicitia,
2456 1954 2521 1999 ul
2543 1961 2675 2000 cum
2703 1944 2802 2001 illo
2825 1945 2883 2000 in
2907 1945 3181 2000 omnibus
3208 1943 3641 2005 concurrerent,

1994 2035 2051 2091 in
2084 2035 2302 2109 quibus
2332 2033 2503 2090 vellet
2533 2052 2594 2091 se
2625 2034 2741 2090 illis
2772 2035 3051 2091 adunare.

2063 2214 2207 2270 XXI.
2231 2213 2299 2270 Hi
2349 2213 2684 2269 Zaccbaaum
2730 2213 2810 2269 ibi
2867 2216 3135 2285 agentem
3169 2211 3347 2276 nacti,
3380 2225 3445 2265 ac
3489 2207 3638 2264 veri-

1991 2304 2132 2359 tatis
2163 2319 2493 2358 sermonem
2522 2304 2593 2359 ab
2625 2319 2690 2358 eo
2723 2304 3035 2367 discentes,
3067 2306 3195 2358 acta
3224 2301 3295 2356 de
3340 2298 3634 2371 prioribus

1994 2393 2351 2448 facinoribus
2376 2391 3023 2464 ptenitentia,brevique
3036 2391 3333 2447 Simonem
3353 2390 3640 2444 damnan-

1992 2486 2104 2547 tes,
2129 2485 2194 2536 ut
2222 2480 2489 2537 omnium
2522 2479 2682 2536 illius
2713 2480 2823 2537 sibi
2856 2479 3095 2547 conscii,
3128 2478 3327 2535 statim
3350 2494 3417 2533 ac
3437 2493 3545 2550 ego
3572 2491 3639 2532 eo

1993 2573 2288 2644 profectus
2320 2586 2475 2636 sum,
2501 2574 2867 2625 accesserunt
2898 2569 2972 2625 ad
3004 2585 3097 2624 me
3127 2585 3245 2623 una
3274 2583 3407 2623 cum
3435 2579 3639 2622 eorum

1992 2659 2344 2727 educatrice,
2374 2663 2433 2715 et
2462 2674 2496 2713 a
2523 2657 2789 2714 Zacchaao
2848 2657 2994 2713 mihi
3042 2661 3184 2713 sunt
3222 2652 3634 2723 commendati,

1992 2752 2168 2820 atque
2199 2764 2268 2804 ex
2296 2764 2363 2804 eo
2385 2752 2646 2820 tempore
2664 2764 2893 2804 mecum
2918 2762 3152 2819 semper
3170 2748 3632 2811 commorantur,

1993 2841 2412 2910 praeceptorum
2439 2837 2702 2893 veritatis
2725 2836 3058 2909 participes.
3076 2835 3205 2891 Haec
3230 2851 3362 2890 cum
3389 2832 3636 2889 dixisset

1992 2928 2218 2995 Petrus,
2249 2926 2471 2983 vocatis
2525 2925 2644 2984 illis
2701 2926 2990 2999 praecepit,
3022 2929 3087 2981 ut
3139 2923 3285 2979 mihi
3330 2922 3529 2980 omnia
3558 2921 3633 2977 ad

1992 3016 2293 3074 Simonem
2358 3015 2712 3087 pertinentia
2766 3014 3075 3087 diligenter
3136 3016 3509 3085 exponerent.
3562 3012 3637 3067 At

1991 3104 2300 3176 illi,Deum
2333 3106 2691 3177 attestati,se
2719 3103 3059 3161 nullatenus
3089 3102 3636 3170 mentituros,enar-

1994 3212 2127 3251 raru
2136 3199 2218 3251 nt.

2064 3284 2234 3341 XXII.
2270 3284 2336 3339 Et
2366 3283 2521 3356 prior
2548 3283 2759 3355 Aquila
2816 3282 2989 3356 ccepit
3042 3282 3126 3338 ita
3174 3280 3405 3338 dicere:
3461 3277 3636 3347 Audi,

1991 3372 2339 3430 cbarissime
2396 3373 2566 3429 nobis
2616 3373 2811 3440 frater,
2869 3376 2935 3429 ut
2990 3374 3257 3428 accurate
3315 3383 3636 3442 cognoscas

1988 3464 2188 3520 omnia
2217 3463 2321 3518 viri
2352 3460 2535 3527 illius,
2566 3463 2876 3533 cujusnam
2908 3462 3002 3532 sit,
3034 3465 3091 3517 et
3119 3460 3251 3534 quis
3282 3464 3340 3517 et
3368 3458 3543 3528 unde,
3575 3460 3634 3513 et

1988 3569 2259 3626 quamam
2290 3552 2411 3608 sint
2441 3568 2567 3623 quas
2599 3552 2758 3619 facit,
2787 3555 2843 3607 et
2873 3568 2987 3623 quo
3010 3551 3205 3617 modo,
3230 3564 3526 3621 quamque
3556 3547 3630 3603 ob

1987 3659 2248 3699 causam.
2284 3642 2385 3697 Hic
2416 3641 2618 3697 Simon
2650 3645 2814 3713 patre
2844 3641 3077 3710 quidem
3132 3638 3400 3704 Antonio,
3444 3640 3632 3694 matre

1986 3749 2119 3789 vero
2153 3730 2402 3787 Rachele
2430 3734 2592 3787 ortus
2624 3734 2749 3799 est;
2812 3731 3047 3785 natione
3102 3728 3530 3797 Samaritanus,
3562 3741 3635 3781 ex

1988 3820 2224 3887 Gittbis,
2261 3820 2384 3876 vico
2416 3819 2514 3891 qui
2547 3835 2648 3874 sex
2704 3817 2957 3874 schmnis
3017 3818 3089 3873 ab
3146 3816 3289 3871 urbe
3328 3814 3525 3870 distat.
3558 3814 3633 3884 Is,

1985 3908 2345 3966 Alexandria:
2378 3908 2447 3964 ad
2479 3908 2676 3963 Nilum
2735 3911 3023 3974 versatus,
3083 3905 3279 3962 Graeca
3317 3901 3636 3974 disciplina

1987 4015 2121 4056 cum
2154 3998 2405 4054 multum
2440 4014 2502 4053 se
2532 3997 2876 4067 exercuerit,
2900 4000 2957 4051 et
2987 4000 3111 4051 arte
3140 3994 3368 4066 magica
3396 3991 3631 4065 polleat,

1988 4092 2182 4144 mente
2212 4086 2422 4158 elatus,
2456 4103 2519 4143 se
2548 4086 2672 4141 vult
2700 4085 3023 4142 existimari
3055 4101 3183 4140 esse
3230 4083 3503 4139 virtutem
3534 4097 3632 4137 su-

1987 4193 2273 4250 premam,
2304 4176 2435 4248 ipso
2466 4191 2701 4248 quoque
2732 4179 2845 4230 Deo
2876 4173 3082 4229 mundi
3112 4172 3409 4229 conditore
3450 4184 3629 4242 supe-

1984 4266 2219 4322 riorem.
2255 4265 2557 4321 Interdum
2614 4280 2749 4320 vero
2806 4278 2867 4319 se
2924 4262 3223 4319 Christum
3264 4260 3627 4333 significans,

1984 4355 2248 4411 Stantem
2279 4353 2553 4427 appellat.
2587 4354 2727 4409 Eam
2761 4356 2954 4408 autem
2989 4350 3439 4424 appellationem
3463 4364 3630 4403 usur-

1985 4445 2160 4517 pavit,
2186 4443 2354 4516 quasi
2387 4444 2487 4515 qui
2516 4443 2838 4499 exstiturus
2869 4457 3103 4513 semper
3132 4440 3227 4504 sit,
3260 4455 3365 4494 nec
3418 4437 3631 4493 habeat

1984 4532 2377 4604 corruptionis
2416 4548 2678 4599 causam,
2712 4536 2778 4586 ut
2809 4546 3048 4602 corpore
3103 4527 3389 4584 concidat.
3431 4525 3630 4596 Neque

210 4615 469 4669 κτίσαντα
521 4616 614 4670 τὸν
670 4615 899 4689 κόσμον,
930 4616 1201 4672 ἀνώτατον
1262 4617 1396 4673 εἶναι
1458 4617 1629 4695 λέγει,
1688 4618 1813 4677 οὔτε
1850 4624 1873 4659 ⁹

1995 4640 2113 4680 vero
2146 4623 2351 4689 Deum,
2382 4621 2588 4676 mundi
2608 4625 2950 4684 creatorem,
2976 4632 3317 4689 supremum
3358 4630 3484 4670 esse
3507 4613 3625 4681 ait;

210 4704 438 4778 νεκροὺς
479 4704 857 4780 ἐγερθήσεσθαι
910 4705 1169 4763 πιστεύει.
1202 4708 1304 4766 58
1352 4708 1459 4775 Τὴν
1506 4708 1871 4784 Ἰερουσαλὴμ

1981 4727 2087 4768 nec
2121 4715 2387 4767 mortuos
2418 4709 2732 4765 excitatum
2796 4707 2863 4763 iri
2922 4706 3124 4763 credit.
3165 4701 3625 4775 Hierosolymam

209 4793 477 4868 ἀρνεῖται,
524 4793 591 4849 τὸ
636 4794 849 4870 Γαριζὶν
901 4797 945 4833 ³ο
989 4794 1119 4871 ὅρος
1181 4796 1530 4875 ἀντεισφέρει,
1577 4798 1728 4854 Ἀντὶ
1772 4804 1870 4855 τοῦ

1995 4804 2175 4874 negat,
2200 4803 2577 4871 montemque
2604 4797 2960 4854 Garizimum
2992 4793 3315 4851 substituit.
3350 4793 3457 4849 Pro
3494 4806 3625 4847 vere

1568 4956 1818 5014 VARUE
1855 4959 2268 5021 LECTIONES.

278 5079 498 5116 ωερΑο
593 5079 639 5114 ετ

278 5077 422 5133 ⁸⁶τό
452 5077 518 5135 0.
593 5079 639 5114 ⁸⁷
667 5078 767 5147 τὴν
824 5077 991 5149 αὐτὴν
1045 5077 1325 5134 πολιτείαν
1371 5080 1437 5138 0.
1511 5081 1557 5117 ⁸⁸
1615 5081 1690 5155 μὴ
1750 5089 1754 5126 l

210 5148 432 5225 έθδιῇμ
497 5150 750 5225 μείνασαν
808 5152 1094 5225 mutanda
1144 5158 1284 5225 sunt
1340 5152 1401 5209 in
1457 5155 1617 5207 τοῦτο
1678 5153 1754 5225 μὴ

208 5217 420 5296 βαῦτη
481 5217 575 5276 οῦν
636 5217 1231 5296 αῦτηῗὴννόμιμονΟ.
1309 5225 1353 5260 ⁹⁰
1408 5229 1493 5281 lla
1547 5225 1608 5291 S,
1667 5217 1801 5296 αὕτη
1854 5228 1896 5284 C

667 5078 767 5147 τὴν
824 5076 991 5159 αὐτὴν
1034 5076 1437 5159 ςπολιτείᾳνᾯ.
1511 5081 1557 5159 εξ
1615 5081 1690 5155 μὴ
1732 5081 2057 5159 ’θεραπεύων
2117 5082 2492 5159 scribendum
2552 5083 2891 5159 esseuconj.
2955 5082 3029 5159 D._
3079 5082 3192 5134 Aut
3216 5079 3393 5159 etiam
3448 5078 3627 5159 verba

1812 5148 2069 5225 ποιήσας.
2129 5161 2182 5211 S.
2231 5155 2382 5210 Tum
2414 5152 2652 5223 έθνικήν,
2692 5148 2904 5221 έθνικῆν
2943 5151 3188 5223 μείνασαν
3213 5148 3527 5226 ἐθεράπευεν
3560 5151 3624 5208 C.

1824 5227 2161 5330 .9.-.9.'-..°.'
2193 5224 2837 5330 ἐκιειιαθέξεξξίῒένρρ·
2867 5223 3320 5330 integit“?
3353 5223 3627 5330 causa?!

360 5273 573 5384 gesti...
592 5273 1127 5384 Emendyavit.
1144 5273 1493 5384 ’ἅθροῳρὲῖ
1517 5273 1801 5384 ﬁxo.”
1824 5273 2161 5384 ξίῖῖίοξλοιτο
2193 5273 2837 5384 ὁζτξξλέςᾝρὶξλὰὶτξ’ρῖ’
2867 5273 3124 5379 ὀὶξέἇὲέὲή
3336 5273 3506 5384 [ζει-οῖ
3520 5273 3625 5384 Et;

204 5362 335 5427 τοὺς
360 5362 770 5441 προσελθόντες
800 5365 983 5441 ἔκτοτε
1012 5362 1307 5441 σύνεισιᾯ,
1340 5362 1704 5441 interpdsitts
1735 5362 2254 5441 verbisomissis.’
2294 5368 2364 5406 ¹⁰ο
2410 5362 2655 5423 ἐκέλευσε
2697 5364 2869 5441 πάντα
2916 5369 3041 5423 sine
3093 5362 3277 5441 αὐτοῖς
3334 5364 3401 5422 0.
3555 5362 3623 5420 τά

207 5455 323 5495 οω.
358 5437 424 5493 C.
503 5440 526 5473 ⁵
556 5438 602 5491 ὦ
633 5440 794 5494 deest
809 5440 867 5493 in
899 5438 963 5495 0.
999 5437 1350 5494 Cotelerium
1380 5437 1635 5495 edidisse

206 5521 347 5566 eral.
389 5580 398 5584 Δ
429 5510 451 5544 ³
482 5510 570 5584 Ita
599 5510 731 5565 Ruf.
782 5517 839 5565 et
867 5511 963 5584 O.,_
1005 5508 1178 5584 γένος,
1208 5509 1555 5584 ἀπὸηΓετθῷν-
1578 5511 1635 5566 C.
1672 5508 1742 5566 Et
1768 5512 1913 5584 Epit.
1945 5528 1994 5568 c.
2027 5513 2099 5568 25
2131 5510 2352 5578 Γιτθῶν,
2413 5528 2531 5584 var.
2579 5511 2720 5584 _lect.
2753 5582 2762 5584 _
2792 5510 3009 5584 ibidem
3066 5510 3285 5584 Γητθῶν

206 5584 269 5653 τῇ
290 5577 751 5669 ἱρὸξρῗγυπὶτον
766 5577 1592 5669 ,γεγονόὲς’ἕλληγικῇπαιξείὲ
1622 5577 1823 5664 recepi
1867 5600 1936 5669 ex
1992 5584 2055 5640 0.
2133 5584 2153 5618 ⁵

1892 5656 1995 5710 404
2049 5672 2170 5727 sep.
2213 5656 2319 5710 508
2370 5656 2429 5709 S.
2532 5656 2553 5689 ⁸
2584 5656 2933 5729 προσηγορίᾳ
2989 5658 3047 5709 G.
3122 5656 3144 5690 ⁸
3175 5656 3313 5706 ὥστε
3369 5656 3478 5707 inSt

1883 5727 1996 5785 nde
2022 5696 2399 5802 έγερθήσεσθαι
2427 5741 2485 5798 p.
2518 5723 2812 5804 ἐγηγὲροαι
2843 5742 2894 5786 c.
2926 5726 2994 5785 Ο.
3070 5725 3115 5762 ¹θ
3142 5722 3384 5799 Γαριζείν
3414 5723 3478 5780 C.

210 5636 269 5710 οἴ
288 5636 383 5720 25‘,
415 5636 595 5707 θέλείν
629 5654 689 5709 c.
766 5636 925 5715 δἐὲθν
959 5636 1049 5707 ὅτε
1078 5654 1143 5710 o.
1178 5636 1290 5721 (in,
1322 5636 1517 5711 baurii
1549 5636 1777 5709 (ἰοδέίό
1845 5696 1859 5709 .

210 5725 262 5781 8.
295 5742 367 5783 ex
399 5726 549 5783 Epit.
580 5724 622 5780 1.
654 5741 705 5782 ο.
780 5725 803 5760 ⁸
834 5726 920 5782 Ita
945 5725 1007 5783 S.
1038 5741 1107 5782 ex
1134 5724 1278 5783 Epit.
1310 5724 1349 5781 l.
1382 5742 1456 5783 ο..
1490 5722 1552 5779 οὕ
1581 5724 1645 5783 0.
1676 5726 1743 5783 0.
1774 5671 1873 5783 Dpei

1826 5741 1877 5784 ΘΙ

90 5722 99 5799 ξ
207 5725 262 5781 8.
295 5742 367 5783 ex
399 5726 549 5798 Epit.
580 5724 622 5780 1.
654 5741 705 5782 ο.
780 5725 803 5760 ⁸
834 5726 920 5782 Ita
945 5725 1007 5795 S,
1038 5741 1107 5782 ex
1134 5724 1278 5797 Epit.
1310 5724 1349 5781 l.
1382 5742 1456 5795 c.,
1490 5722 1552 5779 οὕ
1581 5724 1645 5796 0,
1676 5726 1743 5783 0.

1671 5437 1806 5509 μετᾶ
1832 5460 1883 5495 τ.
1918 5438 1997 5495 ἂν.
2057 5442 2207 5496 male
2266 5445 2429 5495 notat
2486 5441 2561 5497 S:
2597 5442 2652 5494 in
2684 5440 2971 5496 Clericum
3031 5437 3616 5509 animadvertendum

3388 5509 3412 5543 ‘
3466 5508 3614 5563 Vbb.

2210 5581 2531 5710 ἓὸἓορωθείς
2565 5582 2629 5649 0,
2665 5582 2765 5653 qui
2800 5582 3051 5656 subinde
3078 5579 3225 5635 θέλει
3277 5594 3411 5636 cum
3468 5580 3615 5651 Epit.

2326 5696 2340 5710 .
2370 5655 2429 5709 S.
2532 5656 2553 5689 ⁸
2584 5652 2933 5710 προσηγορία
2989 5658 3047 5709 G.
3122 5654 3144 5690 ⁸
3175 5650 3313 5706 ὥστε
3369 5652 3615 5708 inseruit

2370 5655 2429 5709 S.
2522 5656 2553 5729 _3
2584 5650 2957 5729 «po—cnyopii
2989 5658 3047 5709 Ο.
3074 5654 3144 5729 --⁸
3175 5650 3313 5729 ὥστε
3344 5650 3619 5729 _in_seruit
