4100 6334
529 364 608 426 95
1349 369 1416 431 S.
1461 367 1904 432 CLEMENTIS
1945 368 1972 432 Ι
2016 368 2210 431 ROM.
2255 369 2486 431 PONT.
2533 368 2798 432 OPERA
2841 370 3114 432 DUBIA.
3855 372 3945 434 96

529 497 805 571 guinem:
840 501 898 554 et
952 515 1018 555 ex
1076 500 1360 574 sanguine
1417 506 1684 559 concreto
1736 518 1969 559 carnem
2003 502 2172 572 fecit;

2289 505 2387 570 τῆς
2418 500 2614 576 σαρκὸς
2643 501 2923 578 παγείσης,
2965 496 3245 578 ἄνθρωπον
3281 501 3379 557 οὐκ
3409 502 3513 557 ἀπὸ
3557 507 3684 576 γῆς,
3717 499 3863 557 ἀλλά
3896 505 3946 538 ⁸⁸

530 587 730 658 sicque
762 592 962 658 postea
984 605 1152 645 carne
1184 589 1454 658 solidata,
1487 592 1782 648 hominem
1809 609 1923 648 non
1955 596 2176 648 eterra.

529 676 632 732 sed
663 691 730 730 ex
761 692 890 732 aere
917 677 1176 748 protulit.
1226 684 1419 751 Atque
1473 680 1631 736 hunc
1681 681 1739 736 in
1794 681 2033 736 modum
2067 680 2178 736 sibi

531 765 890 836 persuadens
923 768 1183 836 potuisse
1215 785 1248 822 a
1279 785 1342 824 se
1389 770 1569 824 creari
1602 786 1814 825 novum
1859 769 2176 836 hominem,

532 852 612 909 ait
640 869 702 909 se
732 869 888 920 eum,
922 853 1194 911 resolutis
1243 856 1742 928 conversionibus,
1790 875 2025 914 rursum
2061 858 2178 915 aeri

531 941 878 998 reddidisse.
912 945 1045 1009 Quze
1093 961 1225 999 cum
1277 944 1406 1002 aliis
1455 945 1689 1016 diceret,
1728 947 2113 1016 credebatur;
2146 965 2180 1003 a

531 1031 702 1086 nobis
730 1047 884 1102 vero,
918 1032 1016 1103 qui
1048 1033 1426 1091 adfueramus
1447 1035 1574 1105 ejus
1605 1035 1915 1109 mysteriis,
1948 1037 2041 1108 pie
2062 1054 2175 1093 non

529 1119 892 1175 credebatur.
954 1122 1336 1195 QuaprOpter,
1389 1124 1684 1194 damnata,
1732 1125 2031 1198 impietate
2075 1125 2177 1182 ab-

527 1208 814 1264 cessimus
847 1209 918 1263 ab
949 1224 1037 1265 eo.

598 1296 815 1352 XXVII.
849 1297 978 1353 Haec
1009 1315 1142 1354 cum
1175 1300 1385 1370 Aquila
1415 1301 1677 1371 dixisset,
1713 1303 1890 1359 frater
1918 1304 2047 1375 ejus
2072 1303 2178 1360 Ni-

527 1389 683 1442 cetas
715 1387 830 1442 ait:
868 1387 1112 1444 Necesse
1144 1394 1251 1460 est,
1310 1391 1484 1447 frater
1542 1397 1738 1448 noster
1785 1393 2073 1464 Clemens,
2113 1410 2177 1450 ea

528 1490 623 1532 me
640 1490 1117 1546 commemorare,
1141 1495 1265 1549 quae
1285 1480 1357 1534 ab
1383 1479 1592 1552 Aquila
1614 1481 2004 1552 praetermissa
2017 1485 2172 1538 sunt.

530 1564 726 1620 Primo
758 1565 1028 1636 equidem
1069 1571 1215 1623 Deus
1247 1569 1413 1624 testis
1444 1575 1552 1636 est,
1586 1587 1690 1626 nos
1721 1571 1779 1625 in
1813 1570 1971 1627 nullo
2005 1587 2176 1643 opere

529 1652 711 1725 impio
770 1670 902 1710 eum
962 1656 1277 1726 adjuvisse,
1325 1659 1446 1725 sed,
1479 1658 1577 1715 illo
1636 1659 1899 1726 faciente,
1945 1665 2173 1715 tantum

529 1746 862 1815 spectasse;
895 1748 952 1799 et
983 1745 1241 1815 quandiu
1273 1763 1445 1819 opera
1493 1747 1722 1805 innoxia
1752 1749 1980 1821 edebat,
2013 1748 2171 1805 dele-

2290 586 2341 659 ἐξ
2393 589 2549 664 ἀέρος
2607 588 2896 661 ἀναδεῖξαι.
2952 591 3049 645 Καὶ
3101 588 3274 653 οὕτως
3319 591 3505 648 ἑαυτὸν
3537 591 3722 653 πείσας
3753 592 3940 646 καινὸν

2288 675 2560 753 ἕνθρωπτν
2591 680 2691 737 62
2725 677 2980 734 δύνασθαι
3009 686 3261 752 ποιῆσαι,
3289 681 3386 742 τάς
3425 680 3627 754 τροπὰς
3687 678 3944 736 ἀναλύων

2286 767 2450 823 πάλιν
2496 764 2894 824 ἀποδεδωκέναι
2945 767 3096 845 ἔλεγε
3148 774 3228 840 τῷ
3282 768 3420 842 ἀέρι.
3471 769 3573 825 Καὶ
3619 772 3787 824 ταῦτα
3839 769 3943 841 μὲν

2288 853 2483 920 ἄλλοις
2535 853 2705 933 λέγῶν
2765 855 3093 929 ἐπιστεύετο,
3145 857 3231 936 ὑφ’
3277 859 3438 931 ἡμῶν
3491 855 3547 913 δέ
3593 861 3700 912 τῶν
3728 856 3818 912 ἐπὶ
3848 878 3944 913 τε-

2288 942 2421 1020 λετῇ
2453 945 2845 1022 συμπαρόντων
2895 941 3129 1009 εὐσεϐῶς
3177 948 3479 1016 ἡπιστεῖτο.
3531 947 3644 1016 Διὸ,
3689 941 3946 1008 ἀσεϐείας

2286 1035 2661 1112 καταγνόντες,
2692 1033 3000 1109 ἀπέστημεν
3033 1035 3195 1091 αὐτοῦ
3227 1039 3292 1094 ⁸⁷.

2358 1303 2572 1358 XXVII.
2605 1305 2780 1358 Ταῦτα
2798 1305 2896 1357 τοῦ
2927 1300 3133 1358 ’Δκύλα
3164 1296 3429 1371 εἰπόντος,
3462 1302 3490 1356 6
3512 1299 3744 1379 ἀδελφὸς
3765 1301 3944 1357 αὐτοῦ

2287 1391 2532 1461 Νικήτης
2579 1387 2704 1468 ἔφη·
2750 1391 3064 1467 Ἀναγκαῖόν
3115 1390 3277 1462 ἐστιν,
3333 1388 3532 1469 ἀδελφὲ
3572 1393 3730 1464 ἡμῶν
3777 1392 3947 1462 Κλή-

2292 1500 2421 1553 μης,
2463 1481 2530 1535 τὰ
2575 1481 3009 1556 παραλειφθέντα
3063 1485 3142 1553 τῷ
3191 1479 3399 1553 Ἀκύλᾳ
3447 1479 3546 1553 ἐμὲ
3594 1481 3940 1554 ὑπομνῆσαι.

2287 1573 2508 1644 Πρῶτον
2545 1569 2638 1642 μὲν
2669 1570 2770 1646 γὰρ
2807 1571 3010 1645 μάρτυς
3042 1571 3070 1625 ὁ
3096 1570 3247 1642 Θεὸς,
3289 1571 3363 1633 ὡς
3397 1568 3548 1625 οὐδὲν
3587 1568 3732 1641 αύτῷ
3763 1572 3941 1642 ἡμεῖς

2286 1659 2742 1734 ωνειργασάμεθα
2787 1654 2994 1728 ἀσεϐὲς,
3044 1656 3169 1714 ἀλλ’
3231 1658 3338 1728 ἀτι,
3369 1658 3533 1713 αὐτοῦ
3561 1657 3936 1733 πράσσοντος,

2283 1746 2647 1822 ἱστορήσαμεν
2680 1750 2745 1784 ιε’
2794 1746 2884 1802 καὶ
2939 1748 3133 1824 μέχρις
3184 1746 3273 1802 ὅτε
3322 1743 3540 1816 ἀϐλαϐῆ
3581 1751 3752 1802 ποιῶν
3806 1744 3940 1802 ἐπε-

528 1830 836 1888 ctabamur
882 1849 1060 1899 sane;
1093 1836 1324 1905 quando
1380 1840 1573 1892 autem
1623 1853 1749 1908 quae
1787 1855 1890 1910 per
1919 1839 2172 1911 magiam

2289 1832 2550 1903 δείκνυτο,
2598 1834 2687 1890 καὶ
2733 1835 3063 1911 ἔτερπόμεθα
3091 1855 3103 1868 ·
3156 1836 3246 1892 ὅτε
3271 1834 3331 1892 δὶ
3355 1837 3422 1892 τὰ
3454 1837 3646 1913 μαγείᾳ
3671 1835 3944 1912 γινόμενοι

527 1920 768 1988 ﬂebant,
803 1937 905 1993 per
934 1921 1293 1979 divinitatem
1315 1941 1376 1980 se
1409 1926 1610 1994 facere,
1645 1927 1715 1982 ad
1750 1927 1875 2000 pios
1907 1926 2175 1985 homines

531 2008 1232 2079 decipiendos,dixit,non
1261 2012 1515 2085 amplius
1562 2030 1693 2070 eum
1736 2015 1891 2087 passi
1944 2033 2175 2085 sumus,

533 2096 802 2168 quamvis
834 2098 1023 2154 multa
1038 2100 1204 2156 nobis
1230 2103 1629 2174 promitteret;
1659 2104 1917 2176 primum
1939 2105 2173 2177 quidem

531 2185 652 2241 fore
679 2189 746 2241 ut
769 2186 1052 2258 templum
1076 2190 1244 2244 nobis
1275 2195 1332 2245 et
1363 2196 1567 2246 statua:
1592 2193 1974 2265 erigerentur,
1999 2198 2174 2266 atque

535 2273 615 2330 dii
637 2275 1128 2349 existimaremur,
1159 2284 1216 2334 et
1246 2297 1278 2334 a
1303 2280 1532 2351 populis
1563 2281 1906 2352 coleremur,
1930 2289 1987 2338 et
2017 2301 2050 2338 a
2083 2301 2170 2341 re-

531 2363 706 2436 gibus
755 2366 1286 2441 magniﬁcaremur,
1337 2374 1511 2442 atque
1542 2371 1895 2427 donaremur
1925 2372 2174 2444 publicis

526 2451 871 2523 honoribus,
907 2472 1010 2511 nec
1040 2473 1156 2513 non
1206 2457 1440 2514 inﬁnita
1466 2460 1521 2516 vi
1572 2460 1830 2532 pecunia:
1861 2461 2172 2520 ditescere-

523 2555 682 2600 mus.

599 2631 818 2690 XXVII.
853 2632 1000 2705 Hac,
1033 2639 1089 2692 et
1116 2634 1230 2692 alia
1259 2653 1385 2710 qua:
1420 2644 1700 2711 putantur
1731 2643 1969 2714 majora,
2006 2642 2172 2700 nobis

529 2720 933 2794 pollicebatur,
967 2725 1138 2780 modo
1167 2731 1232 2782 ut
1251 2743 1382 2784 cum
1417 2745 1481 2785 eo
1505 2729 1757 2787 viventes
1779 2748 2022 2802 pravum
2045 2733 2173 2802 ejus

529 2809 809 2868 molimen
835 2816 1182 2882 taceremus,
1215 2833 1329 2888 quo
1359 2817 1518 2874 fraus
1547 2820 1598 2876 ei
1629 2821 1990 2890 succederet;
2025 2826 2174 2878 atta-

532 2915 667 2956 men
700 2902 924 2958 assensi
959 2919 1073 2959 non
1122 2921 1368 2963 sumus:
1413 2908 1679 2979 quinimo
1728 2910 2038 2968 consilium
2073 2911 2173 2968 de-

529 2987 748 3059 dimus,
774 2995 836 3045 ut
865 2991 937 3046 ab
964 2992 1077 3048 ista
1104 2996 1371 3052 vecordia
1411 2997 1735 3066 desisteret,
1794 2999 2051 3056 dicentes
2081 3000 2132 3055 ei
2157 3016 2171 3057 :

528 3077 668 3149 Nos,
701 3079 922 3148 Simon,
958 3082 1252 3152 amicitiae,
1285 3101 1462 3157 quam
1485 3090 1678 3144 tecum
1710 3105 1744 3144 a
1763 3088 2016 3161 pueritia
2044 3106 2176 3146 con-

523 3167 833 3236 traximus,
868 3185 1175 3238 memores,
1221 3176 1393 3246 teque
1423 3181 1709 3248 amantes,
1743 3178 1911 3235 utilia
1958 3196 2170 3236 consu-

2286 1923 2527 1994 θειότητι
2555 1927 2601 1962 ⁴⁹
2627 1929 2801 1980 ποιεῖν
2830 1925 2959 1999 αρὸς
2992 1925 3199 1997 ἀπάτην
3234 1921 3498 1981 θεοσεϐῶν
3548 1923 3756 2000 ἔλεγεν,
3800 1924 3938 1980 οὐκ·

2285 2013 2362 2070 έτι
2392 2016 2438 2052 ⁵ο
2482 2012 2648 2069 αὐτοῦ
2703 2013 3067 2090 ἠνεσχόμεθα,
3113 2013 3290 2070 καίτοι
3335 2013 3522 2070 πολλὰ
3585 2011 3940 2090 ἐπαγγελλο-

2287 2103 2447 2176 μένου
2498 2105 2658 2176 ἡμῖν,
2711 2108 2927 2178 πρῶτον
2981 2105 3074 2178 μὶν
3121 2106 3248 2160 ναὸν
3288 2105 3377 2159 καὶ
3427 2103 3734 2178 ἀνδριάντας
3768 2105 3941 2177 ἡμῶν

2282 2199 2771 2263 κατασκευασθῆναι
2805 2195 2872 2266 ⁸1,
2921 2194 3009 2248 καὶ
3053 2193 3208 2255 θεοὺς
3257 2194 3603 2267 νομισθῆναι,
3665 2192 3756 2246 καὶ
3826 2192 3940 2248 ὑπὸ

2284 2277 2472 2339 ὄχλων
2503 2284 2967 2360 προσκυνηθῆναι.
2999 2281 3089 2338 καί
3121 2282 3224 2338 ὑπὸ
3275 2280 3543 2359 βασιλέων
3583 2280 3940 2353 δοξασθῆναι,

2281 2371 2370 2426 καὶ
2403 2369 2681 2445 δημοσίων
2707 2375 2884 2446 τιμῶν
2913 2374 3306 2446 καταξιωθῆναι
3359 2371 3450 2427 καὶ
3481 2373 3760 2449 χρήμασιν
3797 2371 3935 2426 ἀπε-

2283 2460 2580 2538 ριορίστοις
2609 2460 2939 2532 πλουτῆσαι.

2351 2640 2592 2697 XXVIII.
2636 2640 2820 2698 Ταῦτά
2845 2661 2905 2695 τε
2942 2640 3125 2697 καὶτά
3160 2638 3382 2702 τούτοις
3426 2638 3646 2713 μείζονα
3673 2639 3720 2676 ⁸³
3761 2658 3930 2712 νομι-

2284 2728 2484 2802 ζόμενα
2511 2730 2646 2803 ἡμῖν
2679 2728 2946 2806 ὑπέσχετο
2976 2732 3040 2797 ⁸³,
3076 2729 3237 2804 μόνον
3266 2728 3352 2784 ἳνα
3382 2728 3627 2791 συνόντες
3675 2727 3824 2799 αὐτῷ
3861 2727 3934 2783 τὸ

2280 2823 2381 2888 τῆς
2411 2816 2779 2895 ἐγχειρήσεως
2827 2820 2990 2875 κακὸν
3037 2823 3350 2893 σιωπῶμεν,
3401 2817 3490 2872 ἳνα
3518 2817 3667 2888 αύυῷ
3710 2818 3777 2872 τὰ
3822 2823 3930 2885 τῆς

2281 2906 2494 2977 ἀπάτης
2532 2906 2835 2984 προκόπτῃ,
2887 2907 2977 2964 καὶ
3024 2906 3179 2982 ὅμως
3241 2906 3303 2963 οὐ
3373 2906 3714 2981 συνεθέμεθα,
3779 2903 3938 2961 ἀλλὰ

2281 2995 2371 3052 καὶ
2428 2997 2587 3052 αὑτὸν
2645 2999 2747 3056 68
2792 2999 2890 3068 τῆς
2945 2996 3202 3068 τοιαύτης
3261 2995 3520 3058 ἀπονοίας
3580 2994 3841 3051 παύεσθαι
3887 2998 3944 3033 ⁵⁸

2284 3080 2804 3161 συνεϐουλεύσαμεν,
2883 3084 3139 3164 λέγοντες
3194 3085 3360 3159 αὐτῷ.
3433 3087 3649 3159 Ἡμεῖς,
3717 3084 3938 3158 Σίμων,

2280 3180 2383 3246 τῆς
2415 3173 2474 3231 ἐκ
2501 3172 2708 3231 παίδων
2760 3173 2949 3255 φιλίας
2993 3175 3131 3249 πρὸς
3181 3176 3240 3231 σὶ
3291 3174 3644 3249 μεμνημένοι,
3676 3173 3944 3250 στέργον-

526 3253 745 3312 limus:
781 3274 946 3314 cessa
971 3259 1044 3315 ab
1083 3260 1421 3333 hujusmodi
1465 3266 1671 3322 audaci
1708 3267 1992 3324 facinore:
2026 3269 2170 3325 deus

2289 3264 2368 3327 τές
2397 3285 2454 3321 σε
2482 3267 2548 3334 ⁸⁸,
2575 3262 2645 3320 τὰ
2689 3233 3047 3344 συμφέροντα.
3072 3233 3542 3340 συμϐουλεύομέν
3589 3233 3786 3318 παῦσαΙι
3817 3233 3942 3333 ’τῆς

529 3361 660 3402 esse
689 3363 802 3402 non
833 3351 997 3419 potes
1026 3366 1039 3417 ;
1072 3350 1212 3407 time
1241 3368 1376 3408 eum
1428 3354 1527 3426 qui
1559 3371 1690 3412 vere
1732 3360 1882 3413 Deus
1914 3363 2042 3428 est;
2075 3373 2171 3414 co-

533 3450 745 3508 gnosce
765 3439 820 3491 te
841 3453 969 3493 esse
993 3437 1311 3509 hominem,
1335 3443 1621 3516 breveque
1643 3462 1770 3503 esse
1791 3451 2023 3518 tempus
2044 3447 2172 3504 vitae

531 3528 667 3581 tuae.
697 3527 1042 3598 Quanquam
1090 3530 1410 3589 admodum
1459 3533 1718 3607 locuples
1748 3535 1834 3592 vel
1867 3537 2044 3592 etiam
2075 3554 2176 3593 rex

528 3614 762 3686 evadas,
795 3615 1002 3688 exiguo
1031 3617 1160 3674 vita:
1183 3621 1374 3692 spatio
1405 3640 1589 3695 pauca
1618 3629 1755 3681 sunt
1785 3624 2000 3696 quibus
2028 3627 2176 3682 frue-

527 3701 732 3758 ris:et
760 3720 886 3775 quae
935 3705 1113 3778 impie
1171 3714 1334 3778 parta
1390 3717 1548 3778 sunt,
1605 3729 1738 3767 cum
1779 3714 1893 3769 cito
1925 3715 2172 3787 fugiant,

525 3794 804 3847 aeternum
833 3795 1189 3867 supplicium
1222 3797 1447 3855 homini
1492 3799 1779 3858 sceleroso
1811 3808 2170 3875 comparant.

527 3879 718 3944 Quare
747 3886 1012 3940 auctores
1043 3885 1146 3940 tibi
1180 3903 1412 3957 sumus,
1464 3889 1647 3945 Deum
1686 3891 1956 3960 verearis,
1993 3910 2028 3948 a
2058 3909 2174 3964 quo

521 3968 776 4041 judicari
805 3971 978 4028 debet
999 3974 1460 4050 uniuscujusque
1491 3979 1687 4036 anima
1707 3997 1812 4053 pro
1840 3981 1913 4038 iis
1935 3998 2060 4054 qua:
2083 3982 2178 4039 hic

533 4058 735 4130 gessit.

606 4145 798 4205 XXIX.
828 4153 960 4207 Hac
1013 4152 1111 4209 ille
1140 4155 1387 4212 audiens
1443 4156 1591 4214 risit.
1643 4158 1906 4232 Cumque
1958 4160 2176 4217 dicere-

534 4251 706 4293 mus:
736 4242 848 4294 Cur
905 4257 1011 4298 nos
1059 4242 1286 4312 irrides,
1319 4247 1418 4318 qui
1467 4247 1572 4303 tibi
1603 4247 1771 4304 utilia
1816 4250 2179 4306 suademus?

532 4323 734 4394 Rideo,
785 4327 996 4401 inquit,
1033 4332 1275 4390 stultam
1331 4334 1662 4408 opinionem
1712 4343 1985 4407 vestram,
2017 4339 2172 4411 quod

529 4415 779 4472 credatis
809 4417 1199 4478 immortalem
1222 4439 1350 4480 esse
1380 4425 1634 4481 animam
1657 4426 1938 4482 hominis.
1971 4428 2039 4482 Et
2071 4443 2175 4500 ego

527 4505 844 4575 respondi:
877 4507 1001 4563 Non
1061 4511 1365 4582 miramur,
1417 4531 1450 4570 ο
1506 4514 1730 4585 Simon,
1763 4515 1813 4571 si
1847 4515 2043 4572 fallere
2069 4533 2176 4572 nos

2278 3353 2538 3425 τοιαύτης
2587 3350 2824 3427 τόλμης·
2875 3353 2994 3418 θεὸς
3047 3353 3180 3409 εἶναι
3242 3353 3306 3409 οὐ
3365 3350 3606 3408 δύνασαιο
3657 3346 3938 3430 φοϐήθητι

2279 3444 2372 3500 τὸν
2414 3442 2584 3506 ὅντῶς
2631 3443 2782 3500 Θεόν⁰
2827 3445 2998 3520 γνῶθι
3045 3441 3130 3499 ὅτι
3173 3442 3457 3517 ἅνθρωπος
3504 3441 3554 3498 εἶ
3589 3441 3677 3497 καὶ
3716 3440 3795 3497 ὅτι
3833 3462 3938 3496 σου

2285 3532 2478 3609 μικρός
2506 3532 2645 3589 ἐστιν
2677 3533 2705 3589 ὁ
2732 3538 2833 3604 τῆς
2865 3537 3011 3603 ζωῆς
3039 3528 3263 3609 χρόνος.
3295 3530 3401 3588 Κᾶἱν
3437 3529 3650 3608 μεγάλα
3677 3533 3722 3569 ⁸⁸
3749 3529 3936 3586 πλουο

2279 3625 2383 3697 τῇς
2413 3622 2448 3692 ἢ
2480 3621 2568 3677 καὶ
2605 3623 2949 3699 βασιΛεύσῃς,
2977 3626 3056 3694 τῷ
3082 3629 3183 3692 τῆς
3218 3627 3362 3691 ζωῆς
3395 3642 3491 3676 σου
3527 3624 3707 3694 μικρῷ
3738 3618 3934 3696 χρόνῳ

2286 3708 2452 3786 ὀλίγα
2497 3712 2758 3787 τυγχάνει
2801 3710 2939 3786 πρὸς
3003 3709 3324 3780 ἀπόλαυσιν,
3373 3708 3464 3764 καί
3513 3703 3722 3771 ἀσεϐῶς
3767 3728 3934 3784 πορι-

2282 3800 2473 3856 σθέντα
2519 3800 2715 3865 εὐθέως
2765 3799 3047 3879 φεύγοντα,
3095 3798 3312 3854 αἰωνίαν
3387 3797 3611 3854 κόλασιν
3675 3818 3937 3874 περιποι-

2284 3894 2420 3945 εῖται
2474 3894 2555 3962 τῷ
2599 3888 2989 3963 τετολμηκότι.
3040 3890 3133 3944 Διὸ
3181 3883 3464 3967 φοϐεῖσθαί
3509 3908 3594 3943 σοι
3641 3887 3732 3942 τὸν
3795 3888 3933 3943 Θεὸν

2283 3973 2750 4054 συμϐουλεύομεν,
2784 3978 2872 4057 ὑφ’
2900 3978 2962 4034 οὗ
2991 3980 3245 4053 κριθῆναι
3273 3977 3389 4054 ἔχει
3419 3979 3456 4049 ἡ
3507 3975 3734 4034 ἑκάστου
3771 3979 3934 4054 ψυχὴ

2283 4069 2408 4144 περὶ
2439 4068 2512 4123 ῶν
2541 4065 2763 4142 ἔπραξεν
2794 4067 3039 4126 ἐνταῦθα.

2355 4162 2586 4215 XXXIX.
2619 4157 2676 4212 Ὀ
2721 4154 2798 4230 δὲ,
2843 4161 3012 4213 ταῦτα
3053 4156 3305 4227 ἀκούσας,
3355 4154 3626 4234 ἐγέλασεν.
3653 4157 3839 4230 Ἡμῶν
3875 4153 3940 4212 δὶ

2286 4244 2570 4302 εἰπόντωνο
2619 4245 2681 4301 Τί
2727 4246 2889 4320 ἡμῶν
2936 4251 3004 4302 τά
3033 4266 3118 4301 σοι
3162 4244 3502 4324 συμφέροντα
3531 4240 3942 4320 συμϐουλευόν-

2281 4356 2390 4391 των
2421 4333 2765 4411 καταγελᾷς;
2797 4337 2970 4413 Ἔφη·
3030 4333 3182 4391 Γελῶ
3231 4334 3383 4409 ὑμῶν
3428 4335 3528 4404 τὴν
3564 4333 3749 4411 μωρὰν
3803 4333 3942 4388 ὑπό-

2285 4421 2474 4500 ληψιν,
2524 4422 2608 4480 ὅτι
2655 4423 2933 4479 πιστεύετε
2976 4422 3236 4479 ἀθάνατον
3287 4425 3422 4478 εἶναι
3469 4426 3568 4493 τῆν
3598 4421 3693 4478 τοῦ
3723 4423 3939 4500 ἀνθρώ-

2283 4534 2390 4569 που
2419 4514 2603 4590 ψυχήν
2626 4514 2691 4571 ⁵⁷.
2744 4513 2903 4591 Κάγὼ
2951 4511 3103 4591 ἔφην·
3137 4512 3210 4568 Οὐ
3242 4512 3608 4587 θαυμάζομεν,
3639 4513 3685 4567 ὦ
3717 4513 3934 4586 Σίμων,

530 4592 800 4663 conaris;
861 4598 960 4652 sed
1003 4599 1496 4673 obstupescimus,
1547 4621 1664 4676 qua
1719 4605 1943 4660 ratione
1997 4605 2174 4662 etiam

2289 4601 2336 4658 εἷ’
2385 4605 2535 4677 ἡμᾶς
2591 4601 2795 4674 ἀπατᾷν
2855 4600 3174 4678 ἐπιχειρεῖς,
3217 4599 3344 4658 ἀλλ’
3374 4600 3793 4678 ἐκπεπλήγμεθα
3820 4601 3933 4657 τίνι

531 4681 790 4753 teipsum
821 4685 1092 4758 decipias.
1129 4689 1312 4746 Effare
1340 4692 1504 4764 mihi,
1529 4692 1756 4760 Simon,
1787 4694 1897 4751 etsi
1929 4693 2177 4750 aliorum

532 4787 706 4828 nemo
735 4780 1096 4846 compertum
1147 4778 1358 4837 habeat
1404 4782 1662 4839 animam
1714 4800 1844 4839 esse
1874 4783 2178 4841 immorta-

533 4859 673 4930 lem,
705 4866 767 4918 tu
799 4868 993 4922 tamen
1026 4871 1080 4922 et
1109 4884 1214 4924 nos
1255 4869 1576 4937 habemus;
1602 4877 1666 4928 tu
1699 4873 1959 4946 quidem,
1982 4877 2049 4930 ut
2077 4872 2179 4947 qui

534 4965 665 5007 eam
698 4968 732 5008 a
777 4969 1014 5027 corpore
1054 4956 1314 5016 humano
1362 4960 1673 5030 diremisti,
1727 4961 1826 5035 qui
1857 4961 2179 5020 collocutus

531 5055 616 5113 es,
649 5041 748 5114 qui
781 5042 1120 5117 imperasti;
1169 5064 1275 5104 nos
1322 5065 1478 5119 vero,
1529 5054 1594 5106 ut
1637 5051 1738 5123 qui
1771 5051 2092 5120 adfuimus,
2124 5056 2181 5108 et

523 5127 841 5202 Imperium
870 5134 1220 5210 audivimus,
1253 5142 1310 5195 et
1338 5141 1490 5211 quod
1516 5141 1754 5211 jussum
1784 5144 1873 5196 est
1919 5139 2178 5197 vidimus

2287 4689 2439 4768 λόγῳ
2466 4690 2556 4746 καὶ
2595 4691 2778 4746 ἑαυτὸν
2811 4693 3037 4761 άπατᾷς.
3070 4691 3209 4766 Λέγε
3247 4712 3362 4764 μοι.
3393 4690 3439 4745 ὦ
3483 4690 3693 4764 Σίμων,
3743 4689 3788 4745 εἰ
3839 4691 3937 4746 καὶ

2283 4783 2392 4836 τῶν
2420 4778 2606 4835 ἄλλων
2631 4776 2808 4841 οὐδεὶς
2853 4777 3346 4857 πεπληροφόρηται
3375 4779 3631 4835 ἀθάνατον
3663 4778 3796 4834 εἶναι
3825 4780 3933 4848 τὴν

2285 4869 2493 4945 ψυχὴν,
2544 4866 2670 4925 ἀλλ’
2717 4869 2809 4924 οὗν
2853 4889 2916 4947 γε
2959 4868 3023 4923 σὺ
3060 4869 3151 4924 καὶ
3179 4871 3366 4943 ἡμεῖς,
3396 4867 3461 4924 σὺ
3492 4868 3587 4943 μὲν
3615 4869 3690 4932 ὡς
3720 4867 3938 4943 ἀνθρω-

2284 4958 2440 5016 πείου
2470 4959 2724 5033 σώματος
2753 4957 2999 5036 χωρίσας
3031 4956 3196 5028 αὐτὴν
3237 4957 3328 5013 καὶ
3374 4957 3793 5035 προσομιλήσας
3841 4957 3939 5014 καὶ

2286 5047 2558 5121 έπιτάεας,
2616 5049 2781 5123 ἡμεῖς
2833 5046 2892 5104 δὲ
2945 5047 3020 5111 ὡς
3077 5045 3450 5124 συμπαρόντες
3502 5045 3594 5103 καὶ
3623 5049 3722 5118 τῆν
3753 5046 3942 5103 ἐπιτα-

2285 5138 2391 5215 γὴν
2449 5136 2773 5202 ἀκούσαντες
2834 5137 2926 5194 καὶ
2978 5136 3044 5193 τὸ
3096 5135 3378 5193 κελευσθὲν
3405 5138 3450 5175 ⁸⁸
3505 5136 3742 5216 ἐναργῶς
3787 5136 3941 5193 ἱστο-

1873 5289 2115 5348 νΑΒΙιιε
2151 5289 2565 5350 LECTIONES.

601 5421 658 5510 ‘5,
675 5418 801 5476 ἀλλ’
831 5426 887 5479 C.
967 5425 1009 5460 ‘7
1039 5423 1352 5498 ἀπάστημεν
1384 5423 1475 5480 ἀπ’
1505 5425 1670 5481 αὐτοῦ
1697 5426 1757 5483 C.
1836 5426 1880 5463 ‘3
1911 5424 2275 5503 ἱστορήκαμεν
2307 5428 2368 5484 C.
2403 5429 2571 5484 Deest
2597 5424 2687 5481 καί
2717 5431 2851 5483 ante
2905 5421 3237 5534 ἐτερπόμεθα
3277 5425 3338 5482 in
3368 5423 3434 5480 0.
3511 5424 3556 5460 ‘9
3601 5421 3816 5495 θεότητι
3867 5427 3930 5483 C.

604 5511 697 5534 mw
733 5491 802 5534 ἔτι.
839 5499 876 5534 ρ
975 5498 1016 5533 ιι
1054 5498 1130 5534 ῐια
1175 5501 1299 5534 mm
1353 5516 1381 5534 ρ
1434 5499 1505 5534 90
1534 5504 1585 5534 οι
1617 5502 1662 5534 n
1713 5500 1852 5534 ....::...
1887 5495 2203 5534 κηκηυιυρηρ
2232 5501 2392 5534 sua...
2425 5499 2811 5534 νηηηεηηοσυη.
2847 5498 2887 5534 n
3011 5498 3032 5534 ε
3067 5496 3287 5534 ..ριγηυη
3330 5494 3487 5534 mut}
3550 5497 3668 5534 rm?
3746 5514 3776 5534 ιι
3859 5501 3930 5534 oo

527 5492 575 5528 ⁸ο
604 5490 702 5546 οὐκ
731 5491 807 5547 ἔτι
839 5499 919 5574 (1ζ
975 5498 1016 5533 ⁸¹
1047 5498 1140 5574 Ita
1353 5516 1401 5554 ο.
1434 5499 1505 5552 29
1534 5504 1590 5574 et
1617 5502 1683 5564 Ο,
1713 5500 1852 5552 ναῶν
1887 5490 2203 5574 ανδρίάντας
2232 5501 2392 5572 ἡμῶν
2425 5499 2815 5574 καταξιωθῆναι

3066 5494 3289 5570 μείζονα
3330 5494 3503 5570 θᾼκὶὶῒ,Δ
3545 5497 3686 5570 Ερ-ἰε.
3845 5501 3934 5570 729

529 5580 704 5635 quam
737 5583 852 5638 seq.
888 5568 942 5622 S.
1019 5571 1064 5611 83
1096 5565 1398 5635 Non'Cot.,
1434 5575 1496 5625 ut
1527 5573 1564 5627 S
1596 5587 1799 5677 parum
1832 5565 2102 5655 accurate
2134 5565 2372 5628 adnotat
2425 5572 2524 5627 sed
2557 5565 2634 5653 Cl.
2652 5565 2834 5654 edidit
2861 5567 2963 5623 ὐπὲ
3012 5565 3148 5655 ab;
3175 5565 3242 5605 7“
3269 5565 3567 5654 παύσασθαι
3583 5565 3659 5624 Ὀ.
3737 5569 3784 5604 ⁸⁵
3840 5569 3932 5626 Ita

529 5637 653 5691 cod.
687 5638 790 5691 804
822 5644 876 5693 et
903 5639 966 5696 Ο.
994 5658 1052 5692 τε
1083 5640 1142 5695 C.
1219 5642 1264 5675 ⁸⁸
1299 5641 1434 5696 μέγα
1464 5648 1522 5696 (η
1624 5647 1641 5679 ⁷
1661 5643 1759 5696 τῆν
1790 5662 1887 5695 του
1919 5641 2206 5696 ἀνθρώπου
2235 5616 2421 5696 theyer
2448 5647 2508 5696 Ο.
2537 5658 2637 5696 qui
2667 5643 2944 5696 deincens
2966 5588 3178 5696 ἀπαταν
3207 5641 3378 5696 ἡμας.
3453 5639 3497 5676 ⁸⁸
3527 5639 3612 5696 Ita
3655 5640 3724 5696 Ο.
3781 5658 3832 5696 c.
3863 5645 3922 5696 S.

525 5637 653 5716 0°51-
687 5638 790 5716 ?94
820 5637 876 5716 et
903 5639 966 5716 0.,
994 5658 1052 5716 τε
1083 5640 1154 5716 (³ο.
1219 5642 1264 5675 ⁸⁸
1299 5641 1441 5716 μέγα,
1464 5648 1522 5716 (:-

523 5703 796 5764 κελευθένο
825 5714 884 5766 G.
914 5712 1060 5767 Ante
1090 5709 1277 5784 Σίμων
1299 5703 1508 5771 ἀάὶίἰάὶ
1538 5712 1626 5768 καὶ
1668 5713 1696 5768 6
1718 5703 1775 5772 δ.
1808 5714 1874 5771 Ο.

1624 5647 1641 5679 ⁷
1661 5643 1759 5718 τήν
1790 5616 1896 5718 τρξ
1919 5616 2421 5718 ἀυνθράῖπξῖᾜοχήν
2537 5616 2944 5716 quideinceps

3010 5644 3178 5712 πατᾷν
3207 5641 3378 5713 ἡμᾶς.
3453 5639 3497 5676 ⁸⁸
3527 5639 3612 5696 Ita
3655 5640 3724 5712 Ο,
3781 5658 3832 5698 c.
3863 5645 3922 5711 S,
