4064 6330
515 419 595 479 99
1338 418 1405 477 8.
1452 416 1897 477 CLEMENTIS
1944 417 1968 477 I
2016 416 2206 477 ROM.
2249 416 2482 478 PONT.
2529 416 2793 478 OPERA
2838 418 3109 480 DUBIA.

3819 426 3943 486 100

516 551 656 623 quia
681 549 834 606 malo
892 549 1133 606 facinori
1175 549 1648 620 adjuramentum
1690 548 2026 621 praetulerit.
2077 548 2155 604 Si-

2275 547 2395 619 σθη,
2446 547 2669 611 θάνατον
2715 550 2850 622 ἡμῖν
2898 548 3217 622 ἀπειλήσας,
3271 550 3315 605 εἷ
3365 553 3438 623 μὴ
3502 551 3569 607 τὰ
3631 554 3719 608 ὑπ’
3766 555 3937 611 αὐτοῦ

511 655 648 695 mon
674 656 806 695 vero
839 639 930 694 his
984 638 1221 709 auditis,
1285 637 1369 693 ira
1425 638 1705 710 percitus,
1750 642 2021 705 mortem,
2058 637 2167 693 nisi

513 744 640 803 quae
672 736 929 801 gesserat
959 732 1306 794 taceremus,
1336 727 1595 781 minatus
1628 730 1735 782 est.

582 816 798 873 XXXII.
834 818 1151 889 Postquam
1182 815 1393 887 Aquila
1423 816 1545 870 haec
1569 815 1736 883 dixit,
1766 832 1871 887 ego
1900 815 2165 871 Clemens

508 905 884 978 interrogavi,
914 923 1184 977 quisnam
1217 909 1414 961 essent
1445 905 1731 959 miracula
1760 922 1886 975 quaa
1927 904 2158 960 faceret.

509 993 600 1049 llli
630 1012 765 1049 vero
797 994 1225 1066 responderunt
1255 993 1428 1049 mihi:
1468 993 1623 1048 Facit
1645 997 1708 1047 ut
1729 997 1935 1048 statuae
1955 994 2160 1048 ambu-

507 1081 655 1138 lent:
689 1083 749 1137 in
781 1083 915 1154 igne
944 1082 1215 1137 volutans
1237 1098 1322 1149 se,
1346 1099 1460 1137 non
1494 1081 1721 1150 uritur;
1746 1082 2038 1136 interdum
2063 1099 2157 1137 vo-

507 1170 613 1240 lat,
648 1189 715 1227 ex
772 1170 1066 1243 lapidibus
1124 1187 1307 1243 panes
1359 1170 1515 1237 facit,
1570 1187 1810 1242 serpens
1842 1172 1924 1237 fit,
1963 1172 2021 1226 in
2063 1188 2158 1226 ca-

504 1275 674 1331 pram
719 1260 1192 1330 transformatur,
1243 1260 1390 1314 duas
1442 1260 1623 1315 facies
1659 1258 1934 1325 ostendit,
1968 1260 2027 1314 in
2061 1277 2161 1315 au-

504 1364 635 1404 rum
664 1348 1040 1415 convertitur,
1060 1352 1257 1420 portas
1279 1347 1548 1403 occlusas
1570 1348 1777 1419 aperit,
1801 1349 2019 1405 ferrum
2043 1348 2157 1405 sol-

503 1436 605 1503 vit,
637 1437 698 1491 in
742 1436 1020 1493 conviviis
1059 1435 1378 1493 simulacra
1409 1437 1731 1492 formarum
1777 1437 2158 1509 omnigenum

506 1525 776 1593 exhibet;
811 1525 948 1581 facit
987 1530 1051 1581 ut
1078 1525 1138 1580 in
1168 1525 1342 1582 domo
1372 1542 1511 1581 vasa
1540 1530 1748 1597 sponte
1774 1526 1911 1581 ferri
1944 1527 2017 1582 ad
2046 1527 2157 1581 mi-

509 1614 816 1670 nisterium
850 1614 1178 1683 videantur,
1203 1631 1307 1670 nec
1332 1618 1646 1670 cernantur
1667 1614 1767 1686 qui
1800 1615 2015 1671 ferunt.
2042 1617 2158 1671 Ista

506 1708 897 1759 memorantes
927 1704 1173 1759 audiens
1208 1704 1486 1759 mirabar.
1542 1704 1931 1760 Testabantur
1960 1708 2154 1761 autem

506 1790 691 1847 multa
719 1791 857 1848 talia
888 1809 951 1849 se
979 1792 1194 1848 vidisse
1220 1792 1334 1864 ipsi
1367 1791 1467 1864 qui
1511 1792 1771 1848 aderant.

574 1967 792 2023 XXXII.
817 1968 916 2023 IIis
947 1967 1028 2023 ita
1048 1968 1353 2033 enarratis,
1387 1968 1701 2040 praeclarus
1729 1970 1934 2025 Petrus
1957 1975 2014 2025 et
2033 1970 2156 2042 ipse

506 2057 682 2129 ccepit
712 2057 939 2113 dicere:
975 2057 1352 2112 Considerare
1397 2074 1498 2113 vos
1532 2062 1775 2130 oportet,
1805 2059 2032 2129 fratres,
2066 2075 2153 2114 re-

506 2145 655 2219 gule:
680 2146 1111 2218 conjugationis
1143 2147 1465 2217 veritatem,
1492 2162 1654 2218 aqua
1680 2146 1880 2219 regula
1910 2148 2010 2218 qui
2041 2165 2155 2203 non

502 2233 761 2302 recessit,
796 2252 908 2289 non
945 2235 1156 2306 poterit
1213 2251 1423 2290 errare.
1484 2235 1769 2300 Quoniam
1803 2234 2043 2301 scilicet,
2092 2240 2157 2292 ut

497 2322 776 2391 diximus,
809 2322 1008 2379 omnia
1037 2323 1341 2378 cernimus
1376 2339 1503 2378 sese
1534 2322 1749 2379 habere
1782 2323 2056 2396 bipartito
2089 2342 2155 2380 ac

499 2412 808 2482 contrarie,
841 2416 897 2466 et
930 2412 1426 2483 quemadmodum
1452 2411 1641 2483 primo
1666 2416 1755 2467 est
1786 2429 1920 2476 nox,
1946 2412 2156 2468 deinde

505 2500 650 2567 dies,
685 2504 739 2555 et
763 2499 1018 2570 primum
1051 2500 1400 2572 ignorantia,
1439 2504 1637 2571 postea
1666 2501 1942 2571 cognitio,
1966 2505 2021 2555 et
2050 2501 2161 2571 pri-

507 2604 603 2643 mo
617 2589 879 2653 morbus,
896 2589 1026 2644 inde
1041 2592 1292 2655 sanitas;
1320 2589 1397 2642 ita
1412 2588 1665 2660 primum
1688 2605 1848 2643 error
1870 2591 2158 2645 mundum

509 2682 775 2749 occupat,
810 2677 1009 2747 sicque
1041 2682 1174 2750 post
1216 2677 1426 2732 veritas
1470 2678 1823 2746 supervenit,
1870 2683 1935 2733 ut
1974 2679 2155 2733 medi-

517 2782 624 2821 cus
655 2767 877 2821 morbo.
904 2766 1111 2821 Statim
1136 2766 1331 2837 itaque
1354 2782 1419 2821 ac
1452 2768 1561 2821 Deo
1584 2766 1772 2821 amica
1796 2782 1938 2838 gens
1962 2772 2160 2823 nostra

519 2855 592 2910 ab
623 2856 1014 2927 [Egyptiorum
1046 2855 1342 2910 vexatione
1374 2854 1675 2910 liberanda
1706 2855 1833 2919 fuit,
1865 2856 2027 2926 prius
2059 2872 2161 2927 per

516 2960 645 2999 eam
686 2944 907 3013 virgam
940 2959 1068 3014 quae
1099 2943 1157 2997 in
1202 2947 1531 3015 serpentem
1565 2960 1729 2999 versa
1756 2944 1963 3015 fuerat,
1998 2962 2159 3016 quaa-

518 3048 629 3104 que
658 3032 873 3087 tradita
908 3038 1032 3087 erat
1075 3032 1309 3100 Aaroni,
1359 3032 1546 3087 morbi
1594 3033 1726 3087 facti
1759 3037 1917 3100 sunt,
1960 3034 2159 3105 sicque

515 3126 717 3193 postea
742 3122 1015 3193 precibus
1049 3120 1263 3193 Moysis
1294 3121 1574 3177 sanitates
1624 3126 1764 3177 sunt
1788 3121 2062 3177 inductae.
2093 3124 2161 3179 Et

514 3226 669 3265 nunc
700 3226 952 3280 quoque,
986 3226 1117 3264 cum
1150 3215 1352 3282 gentes
1402 3210 1473 3265 ab
1505 3209 1794 3266 idolorum
1825 3212 1983 3267 cultu
2016 3211 2158 3268 libe-

2277 635 2617 710 πραττόμενα
2646 641 2959 711 σιωπῶμεν.

2346 818 2557 871 XXXII.
2588 818 2762 869 Ταῦτα
2815 819 2912 869 τοῦ
2960 815 3165 870 Ἀκύλα
3223 818 3493 886 εἰπόντος,
3526 819 3633 892 ἐγὼ
3689 820 3933 893 Κλήμης

2271 899 2571 975 ἐπυθόμην,
2615 904 2735 959 τίνα
2784 902 2885 979 ἄρα
2933 903 3072 958 ἐστὶν
3123 905 3155 958 ἃ
3202 913 3349 961 ποιεῖ
3406 908 3695 979 θαυμάσια.
3747 910 3807 963 Οἱ
3871 907 3933 964 δὲ

2270 987 2454 1067 ἔλεγόν
2489 1014 2604 1064 μοι,
2638 991 2720 1047 ὅτι
2751 990 3069 1067 ἀνδριάντας
3115 996 3228 1065 (51)
3276 1000 3424 1048 ποιεῖ
3471 1002 3782 1070 περιπατεῖν
3835 999 3932 1052 καὶ

2270 1077 2355 1133 ἐπὶ
2407 1084 2512 1155 πῦρ
2562 1078 2891 1155 κυλιόμενος
2940 1081 3001 1135 οὐ
3049 1080 3275 1136 καίεται·
3313 1081 3480 1137 ἐνίοτε
3510 1081 3568 1139 δὲ
3623 1084 3711 1139 καὶ
3761 1085 3931 1140 πέτα-

2265 1186 2373 1221 ται·
2407 1167 2497 1222 καί
2528 1168 2585 1222 ἐκ
2616 1168 2780 1224 λίθων
2814 1168 3008 1245 ἄρτους
3049 1176 3215 1225 ποιεῖ’
3249 1167 3373 1249 ὄφις
3404 1171 3629 1246 γίνεται,
3662 1172 3737 1235 εἷς
3796 1174 3935 1249 αἶγα

2272 1262 2734 1334 μεταμορφοῦται,
2788 1255 3135 1334 διπρόσωπος
3181 1258 3405 1335 γίνεται,
3448 1260 3525 1323 εἷς
3576 1262 3779 1336 χρυσὸν
3836 1283 3933 1335 με-

2264 1339 2614 1400 ταϐάλλεται·
2649 1344 2812 1423 θύρας
2861 1345 3246 1420 κεκλεισμένας
3297 1348 3521 1424 ἀνοίγει,
3564 1346 3787 1425 σίδηρον
3821 1352 3930 1408 66

2266 1430 2406 1505 λύει,
2440 1432 2493 1489 ἐν
2540 1434 2776 1498 δείπνοις
2828 1433 3032 1491 εἷ’δωλα
3068 1434 3427 1493 παντοδαπῶν
3486 1435 3640 1493 ἰδεῶν
3693 1441 3738 1477 ⁷ο
3767 1440 3940 1515 παρίο

2266 1542 2475 1593 στησιψ
2533 1523 2601 1577 τὰ
2657 1522 2709 1577 ἐν
2766 1523 2913 1595 οἰκίᾳ
2968 1524 3132 1595 σκεύη
3185 1525 3260 1587 ὡς
3310 1525 3589 1600 αὐτόματα
3654 1527 3935 1606 φερόμενα

2266 1612 2406 1688 πρὸς
2457 1612 2751 1688 ὑπηρεσίαν
2807 1611 3097 1688 βλέπεσθαι
3144 1619 3310 1687 ποιεῖ,
3361 1619 3468 1670 τῶν
3526 1615 3796 1693 φερόντων
3860 1617 3928 1672 οὔ

2271 1698 2653 1778 βλεπομένων.
2703 1703 2883 1759 Ταῦτα
2947 1701 3121 1757 αὐτῶν
3168 1700 3443 1778 λεγόντων
3499 1702 3708 1760 ἀκούων
3770 1704 3931 1761 ἐθαύ-

2269 1794 2459 1863 μαζον.
2488 1790 2857 1866 Ἐμαρτύρουν
2892 1787 2949 1845 δὲ
2979 1787 3165 1845 πολλὰ
3193 1794 3237 1830 τί
3264 1792 3331 1847 τὰ
3358 1797 3582 1847 τοιαῦτα
3605 1792 3758 1849 αὐτοὶ
3787 1816 3932 1872 παρ-

2266 1878 2414 1940 όντες
2447 1882 2493 1915 ’⁷²
2524 1879 2888 1954 ἱπορηκὲναι.

2336 1973 2570 2023 XXXIII.
2595 1967 2807 2022 Τούτων
2843 1967 3017 2030 οὕτως
3052 1967 3315 2045 ῥηθέντων
3349 1971 3377 2024 ὁ
3406 1968 3574 2033 καλὸς
3610 1970 3807 2048 Πέτρος
3829 1972 3927 2027 καὶ

2264 2055 2423 2118 αὐτὸς
2453 2060 2550 2111 τοῦ
2585 2056 2762 2131 λέγειν
2795 2054 3015 2130 ἤρξατο·
3052 2062 3285 2133 Συνορᾷν
3336 2058 3477 2131 ὑμᾶς
3527 2056 3628 2125 δεῖ,
3667 2057 3922 2138 ἀδελφοὶ,

2262 2150 2359 2200 τοῦ
2407 2152 2506 2214 τῆς
2557 2146 2806 2220 συζυγίας
2854 2144 3075 2207 κανόνος
3114 2146 3213 2214 τὴν
3249 2146 3534 2216 ἀλήθειαν,
3566 2147 3628 2201 οὗ
3665 2149 3740 2221 μὴ
3792 2150 3925 2227 ἀφι-

2265 2233 2527 2307 στάμενὸς
2564 2255 2647 2296 τις
2680 2234 2779 2288 οὐκ
2812 2230 2927 2309 ἔχει
2960 2232 3328 2304 πλανηθῆναι.
3364 2235 3510 2290 Ἐπεὶ
3544 2237 3670 2311 γὰρ,
3692 2236 3765 2298 ὡς
3796 2233 3929 2315 ἔφα-

2268 2344 2361 2396 μεν
2410 2326 2477 2391 73,
2529 2320 2725 2384 δυϊκῶς
2765 2322 2854 2377 καὶ
2898 2322 3150 2385 ἐναντίως
3202 2322 3373 2377 πάντα
3431 2322 3631 2399 ἔχοντα
3675 2326 3922 2401 ὁρῶμεν,

2266 2411 2356 2466 καὶ
2413 2412 2485 2474 ὡς
2543 2413 2735 2487 πρώτη
2786 2411 2898 2481 νὺξ,
2933 2412 3047 2466 εἶτα
3094 2411 3292 2485 ἡμέρα,
3325 2413 3414 2466 καὶ
3463 2418 3678 2485 πρῶτον
3710 2412 3921 2491 ἄγνοια,

2269 2500 2384 2555 εἶτα
2438 2506 2653 2577 γνῶσις,
2686 2500 2775 2555 καὶ
2807 2503 2851 2536 7‘
2899 2505 3114 2577 πρῶτον
3165 2500 3338 2572 νόσος,
3383 2500 3495 2556 εἶτα
3552 2498 3708 2571 ἷάσις,
3744 2502 3923 2566 οὕτως

2268 2594 2457 2662 πρῶτα
2485 2591 2551 2643 τὰ
2578 2596 2677 2658 τῆς
2709 2591 2922 2658 πλάνης
2953 2594 3031 2661 τῷ
3064 2589 3166 2664 βίῳ
3201 2587 3443 2664 ἔρχεται,
3487 2592 3583 2644 εἷθ’
3632 2590 3804 2653 οὓτως
3856 2594 3927 2647 τὸ

2270 2676 2471 2747 ἀληθὲς
2502 2677 2807 2754 ἐπέρχεται,
2840 2679 2915 2739 ὠς
2943 2682 3011 2751 τῇ
3037 2678 3179 2750 νόσῳ
3211 2679 3237 2733 ὁ
3286 2678 3491 2754 ἱατρός.
3541 2679 3744 2736 Αὐτίκα
3783 2686 3919 2755 γοῦν

2265 2771 2363 2822 τοῦ
2393 2766 2680 2842 θεοφιλοῦς
2728 2769 2887 2837 ἡμῶν
2934 2764 3118 2828 ἔθνους
3168 2767 3272 2821 ἀπὸ
3323 2774 3424 2837 τῆς
3467 2771 3574 2822 τῶν
3611 2767 3925 2843 Αἲγυπτίων

2267 2855 2564 2930 κακουχίας
2619 2853 2920 2928 μέλλοντος
2968 2853 3312 2931 λυτροῦσθαι,
3381 2861 3597 2932 πρῶτον
3661 2855 3748 2912 διὰ
3811 2866 3921 2930 τῆς

2271 2943 2601 3021 ὀφιωθείσης
2636 2939 2857 3020 ῥάϐδου,
2887 2941 3009 3013 ἥτις
3048 2949 3127 3016 τῷ
3167 2944 3375 3019 Ἀαρὼν
3422 2942 3603 3017 ἐδόθη,
3656 2947 3709 3000 αἱ
3763 2946 3923 3003 νόσοι

2269 3031 2525 3108 ἐγίνοντο,
2558 3032 2645 3088 καὶ
2680 3034 2775 3097 εἷθ’
2806 3032 2978 3094 οὕτως
3012 3032 3198 3108 εὐχαῖς
3252 3034 3527 3096 Μωΰσὲως
3552 3036 3597 3070 ’⁷⁸
3648 3034 3698 3088 αἶ
3750 3034 3923 3100 ἰάσεις

2268 3120 2610 3201 ἐπεφέροντο,
2645 3119 2740 3175 Καὶ
2771 3126 2861 3176 νῦν
2896 3118 2953 3176 δὲ
2976 3126 3080 3176 τῶν
3116 3121 3279 3185 ἐθνῶν
3326 3121 3644 3194 μελλόντων
3677 3124 3783 3178 ἀπὸ
3812 3132 3920 3196 τῆς

2265 3212 2401 3266 κατὰ
2430 3214 2474 3249 ’⁷⁸
2500 3211 2567 3265 τὰ
2598 3208 2799 3266 εἶ’δωλα
2831 3210 3153 3286 λυτροῦσθαι
3195 3211 3501 3285 θρησκείας,
3535 3214 3569 3282 ἡ
3619 3213 3778 3267 κακία
3817 3216 3922 3269 πά-

510 3297 627 3353 rari
658 3298 954 3365 deberent,
977 3298 1191 3354 iterum
1212 3298 1455 3368 malitia,
1485 3299 1653 3371 quasi
1677 3300 1807 3372 ipsa
1837 3300 2151 3372 imperans,

2270 3298 2375 3370 λιν,
2428 3300 2502 3362 ὡς
2550 3299 2683 3368 αὐτὴ
2750 3297 3127 3373 βασιλεύουσα,
3197 3297 3550 3371 προλαϐοῦσα
3580 3304 3623 3338 ’⁷⁷
3692 3323 3914 3378 πρῶτον

511 3386 869 3458 anticipavit,
904 3404 1197 3459 suumque
1219 3386 1375 3443 velut
1404 3392 1736 3459 serpentem
1768 3388 1933 3444 misit
1966 3389 2022 3443 in
2056 3390 2156 3445 ad-

499 3475 813 3547 jutorium,
864 3475 1129 3532 videlicet
1178 3494 1349 3549 quem
1400 3477 1634 3533 cernitis
1683 3478 1999 3545 Simonem,
2051 3479 2152 3549 qui

508 3564 659 3620 mira
688 3565 823 3620 facit
852 3566 924 3620 ad
947 3571 1245 3637 stuporem
1269 3583 1333 3621 ac
1356 3567 1776 3638 deceptionem,
1812 3584 1924 3622 non
1953 3572 2150 3623 tamen

504 3654 676 3726 signa
704 3653 984 3709 salutaria
1015 3656 1084 3708 ad
1119 3655 1551 3710 conversionem
1586 3672 1650 3710 ac
1683 3655 1953 3711 salutem.
1998 3658 2147 3722 Quo-

503 3742 657 3797 circa
677 3759 777 3798 vos
807 3746 1051 3814 oportet,
1086 3759 1153 3797 ex
1196 3742 1496 3799 miraculis
1545 3760 1669 3814 qua:
1705 3745 1872 3812 fiunt,
1907 3746 2149 3801 factores

504 3831 823 3897 attendere,
856 3832 989 3903 quis
1021 3832 1331 3901 cujusnam
1362 3831 1439 3886 sit
1480 3831 1801 3902 operarius.
1835 3833 1893 3887 Si
1924 3833 2153 3889 inutilia

504 3919 793 3975 miracula
813 3920 951 3987 edit,
981 3919 1219 3975 malitize
1237 3924 1325 3975 est
1349 3919 1651 3987 minister;
1679 3920 1769 3974 sin
1801 3937 1931 3975 vero
1965 3921 2148 3987 utilia,

502 4007 639 4062 boni
670 4012 759 4063 est
786 4025 1019 4079 praeses.

574 4095 810 4152 XXXIV.
845 4101 1019 4152 Porro
1049 4096 1281 4152 inutilia
1312 4095 1611 4163 miracula,
1646 4101 1803 4163 sunt,
1856 4114 1985 4169 quae
2030 4098 2151 4155 edi-

502 4182 659 4239 disse
680 4184 972 4240 Simonem
996 4185 1249 4256 dixistis,
1281 4185 1456 4256 quod,
1490 4184 1755 4257 inquam,
1810 4190 2042 4242 statuas
2071 4187 2151 4242 fa-

502 4271 617 4326 ciat
634 4272 959 4341 ambulare,
989 4274 1141 4345 quod
1185 4291 1357 4346 supra
1384 4273 1664 4329 carbones
1688 4273 1905 4345 ignitos
1935 4275 2154 4332 volutet

503 4376 586 4430 se,
620 4361 774 4432 quod
796 4362 968 4417 draco
992 4363 1185 4431 fiat,in
1209 4379 1443 4434 capram
1462 4363 1932 4436 transformetur,
1962 4365 2152 4436 quod-

502 4463 615 4521 que
646 4449 703 4503 in
739 4465 868 4506 aere
898 4450 1069 4517 volet,
1114 4467 1179 4506 ac
1210 4449 1425 4506 similia
1463 4449 1597 4522 alia,
1633 4468 1758 4523 qua:
1791 4469 1924 4507 cum
1955 4454 2025 4509 ad
2060 4470 2151 4509 sa-

504 4536 733 4593 nandos
762 4538 1031 4595 homines
1064 4556 1177 4595 non
1211 4540 1373 4608 fiant,
1407 4540 1476 4595 ad
1512 4538 1730 4595 multos
1752 4540 2034 4597 fallendos
2056 4559 2154 4598 na-

498 4627 633 4681 tura
662 4631 999 4700 comparata
1036 4632 1195 4684 sunt.
1248 4627 1525 4684 Miracula
1572 4645 1706 4684 vero
1756 4630 2150 4687 misericordis

495 4714 758 4770 veritatis
790 4714 1175 4771 humanitatis
1208 4716 1378 4788 plena
1413 4721 1571 4783 sunt,
1606 4717 1802 4789 qualia
1832 4718 2149 4777 Dominum

2259 3390 2348 3444 τὸν
2401 3389 2594 3458 ἑαυτῆς
2644 3386 2823 3465 ὣσπερ
2872 3385 2994 3465 ὄφιν
3044 3386 3250 3461 ἔπεμψε
3301 3388 3620 3465 σύμμσχον,
3658 3385 3715 3443 ὅν
3751 3392 3917 3467 ὁρᾶτε

2263 3478 2507 3551 Σίμωνα,
2538 3482 2798 3532 ποιοῦντα
2840 3478 3110 3550 θαυμάσια
3139 3478 3273 3549 πρὸς
3306 3477 3642 3549 κατάπληξιν
3676 3479 3763 3534 καὶ
3807 3485 3909 3539 67

2261 3567 2488 3639 ἀπάτην,
2522 3566 2582 3621 οὐ
2616 3572 2815 3638 σημεῖα
2848 3566 3026 3621 ἰατικα
3056 3568 3191 3642 πρὸς
3226 3565 3553 3645 ἐπιστροφὴν
3586 3568 3675 3622 καὶ
3726 3591 3911 3638 σωτη-

2260 3656 2398 3732 ρίαν.
2435 3656 2528 3711 Διὸ
2576 3655 2665 3710 καὶ
2716 3656 2854 3728 ὑμᾶς
2900 3655 3004 3709 ἀπὸ
3042 3659 3149 3709 τῶν
3181 3655 3479 3730 γινομένων
3508 3658 3743 3727 τεράτων
3775 3657 3907 3721 τοὺς

2259 3750 2549 3807 ποιοῦντας
2598 3750 2736 3799 νοεῖν
2786 3741 2885 3816 δεῖ,
2943 3744 3025 3806 τίς
3074 3742 3217 3806 τίνος
3279 3743 3418 3798 ἐστίν
3471 3745 3725 3820 ἐργάτης.
3785 3748 3909 3803 Ἐὰν

2262 3833 2513 3910 ἀνωφελῆ
2564 3837 2696 3905 ποιῇ
2743 3833 2959 3909 τέρατα,
2991 3832 3181 3894 κακίας
3222 3831 3362 3887 ἐστὶν
3401 3833 3693 3909 ὑπουργός’
3728 3833 3817 3889 ἐὰν
3854 3833 3916 3891 δὲ

2261 3920 2517 4001 ἐπωφελῆ
2550 3921 2779 3998 πράττῃ,
2809 3927 2907 3977 τοῦ
2938 3923 3139 3998 ἀγαθοῦ
3173 3922 3310 3976 ἐστὶν
3341 3924 3583 3998 ἡγεμῶν.

2331 4097 2564 4153 XXXIV.
2616 4098 2691 4152 Τὰ
2743 4097 2835 4171 μὲν
2903 4098 2993 4152 οῦν
3041 4096 3294 4174 ἀνωφελῆ
3363 4098 3470 4153 ἐστὶ
3537 4104 3764 4172 σημεῖα,
3818 4096 3922 4157 ὅσα

2260 4184 2413 4240 αὐτοὶ
2448 4184 2671 4259 Σίμωνα
2702 4185 2955 4262 εἰρήκατε
2983 4185 3374 4255 πεποιηκέναι·
3410 4185 3559 4263 λέγω
3611 4185 3668 4242 δὲ
3715 4189 3778 4243 τὸ
3822 4190 3919 4244 ἆν-

2262 4270 2510 4351 δριάντας
2563 4273 2719 4329 αὐτὸν
2771 4280 2947 4330 ποιεῖν
2994 4280 3328 4351 περιπατεῖν,
3360 4277 3449 4330 καὶ
3496 4276 3558 4331 τὸ
3607 4276 3690 4331 ἐπ’
3718 4276 3924 4355 ἀνθρά-

2260 4384 2370 4418 κων
2420 4362 2577 4419 αὖτὸν
2628 4363 3035 4438 πεπυρωμένων
3055 4366 3097 4401 ’⁷⁸
3139 4363 3438 4435 κυλιέσθαι,
3503 4364 3593 4420 καὶ
3652 4362 3928 4439 δράκοντα

2262 4451 2524 4527 γίνεσθαι,
2559 4452 2633 4515 εἷς
2664 4454 2793 4529 αἶγα
2842 4455 3359 4531 μεταμορφωθῆναι,
3414 4454 3490 4515 εἷς
3531 4453 3661 4530 ἀέρα
3690 4462 3924 4526 πτῆναι,

2261 4542 2350 4598 καὶ
2382 4540 2481 4596 ὅσα
2533 4543 2755 4597 τοιαῦτά
2800 4562 2941 4615 τινα,
2994 4542 3070 4605 εἷς
3130 4539 3272 4597 ἷάσιν
3311 4542 3608 4617 ἀνθρώπων
3646 4545 3722 4616 μὴ
3758 4547 3923 4618 γινό-

2266 4652 2418 4704 μενα,
2472 4636 2818 4706 προσαπατᾷν
2843 4634 2887 4668 79
2946 4630 3101 4708 φύσιν
3158 4630 3274 4707 ἔχει
3322 4630 3587 4695 πολλούς.
3619 4632 3693 4687 Τὰ
3724 4630 3782 4689 δὲ
3814 4642 3924 4705 τῆς

2260 4719 2611 4797 οἷκτίρμονος
2643 4718 2903 4790 ἀληθείας
2935 4721 3138 4793 σημεῖά
3167 4719 3275 4775 ἐστι
3325 4719 3704 4798 φιλάνθρωπα,
3757 4723 3922 4778 ἅτινα

1855 4871 2096 4928 νΑΗιιΕ
2143 4873 2553 4931 LECTIONES.

567 4991 613 5027 7°
645 4986 828 5045 εἰδεῶν
863 4992 924 5047 C.

1002 4994 1043 5027 ⁷¹
1080 4990 1283 5048 πολλοί
1324 4994 1383 5050 C.

1461 4995 1696 5091 “AHanlc
1729 4996 2221 5091 cqnstructionem
2255 5016 2368 5081 non
2401 4998 2659 5091 admittit
2688 4998 3108 5091 lingu’aGrzeca
3132 5017 3264 5055 nam
3290 4998 3921 5091 scribijdehuitadrobc

498 5056 789 5145 παρᾴντας.
813 5064 1192 5145 βοάκΐδιοὶιίρτ
1217 5072 1305 5145 est
1335 5066 1685 5145 emendandi
1717 5068 1862 5145 ratio
1890 5086 1902 5124 :
1939 5086 2180 5145 prorsus
2211 5072 2367 5145 enim
2402 5072 2712 5145 legendum
2740 5056 2921 5145 αξτόοι
2956 5070 3236 5145 παρόντες.
3273 5077 3334 5126 D.
3370 5072 3478 5145 Sed
3514 5077 3706 5145 potest
3735 5056 3919 5130 etiam

499 5132 673 5218 lectio
727 5135 854 5218 eqd.
915 5136 1053 5218 Reg.
1111 5138 1268 5218 ferri,
1318 5142 1407 5218 est
1456 5137 1611 5218 enim
1671 5138 1810 5192 ordo
1843 5132 3293 5218 ‘venrborum_nolkotadtotnatpévraqﬁpapsjipow
3325 5143 3392 5195 τὰ
3419 5132 3642 5218 τοιαῦτα
3674 5144 3919 5218 (nempe

493 5201 742 5287 ἑαυτοὺς)
777 5201 1137 5287 ἷσταρ-ηκέναι.
1342 5210 1628 5287 Fortasseh
1663 5226 1769 5287 pro
1800 5207 1951 5287 αὐτοί
1976 5214 2318 5287 ponendum
2346 5220 2434 5287 est
2463 5214 2699 5287 adverb.
2734 5201 2867 5287 loci
2902 5201 3077 5287 άύέῇ·
3107 5201 3282 5286 (idem
3316 5230 3382 5270 ac
3402 5210 3554 5287 τῇδε)
3614 5201 3701 5270 vel
3745 5201 3919 5269 az.st

492 5275 543 5309 τε
568 5276 679 5352 Cfr.
708 5293 839 5352 cap.
877 5275 944 5332 f5
977 5296 1141 5352 seqq.

1246 5281 1301 5358 τε
1318 5279 1406 5358 κῌαί
1437 5296 1551 5358 om.
1573 5267 1683 5358 9.:
1726 5280 1771 5358 ys
1800 5267 2054 5358 Μωυσέος
2458 5267 2899 5358 {nassa-ian
2925 5267 3036 5351 ci,"
3058 5267 3405 5358 repetatque
3435 5267 3473 5341 ἑ
3504 5267 3705 5342 causa
3738 5267 3917 5343 codd.

499 5345 945 5433 auctoritatem.‘
1004 5345 1399 5433 ἰς”τξρολαξοῦς
1432 5351 1497 5408 Ο.
1573 5351 1617 5387 ⁷⁸
1648 5356 1692 5406 0
1721 5350 1780 5406 in
1812 5356 1969 5409 textu
1999 5345 2473 5431 πεπληρωμένων,
2506 5358 2567 5414 in
2598 5345 2802 5430 [πλατεῖ
2816 5358 2943 5414 ead.
2978 5345 3142 5415 man:
3168 5345 3492 5415 correctum
3543 5359 3602 5414 in
3653 5376 3919 5433 πεπυρω-

503 5414 700 5487 μένων.
774 5419 820 5453 ⁷ο
847 5418 984 5492 πρὸς
1016 5414 1218 5492 ἁπάτᾷν
1255 5423 1312 5477 C.

1874 5541 2248 5603 VARIORUM
2295 5547 2525 5606 NOTIE.

562 5661 619 5747 (ξ)
636 5654 1217 5747 1λξΑν¹δριαὶνιοιςῂεροἈ
1223 5664 1572 5722 Anastasius
1602 5666 1928 5733 Quaestione
1956 5670 2046 5727 20.
2078 5688 2138 5745 p.
2167 5673 2293 5730 242.
2326 5654 2622 5733 Cedrenus
2648 5677 2947 5747 Synopseos
3001 5690 3134 5747 pag.
3168 5675 3291 5732 173.
3340 5672 3702 5746 Nicephorus
3761 5674 3904 5731 Hist.

496 5730 635 5792 eccl.
669 5730 773 5791 lib.
804 5730 869 5803 ιι,
899 5748 1026 5807 cap.
1054 5734 1147 5792 27.
1179 5736 1312 5794 Co'r.
