4100 6334
176 436 286 495 101
1341 430 1868 492 CLEMENTINA.

2012 431 2344 492 HOMILIA
2388 432 2466 491 ll.
3486 434 3605 494 102

167 563 453 630 ἠκούσατε
484 562 579 617 τὸν
628 560 825 637 Κύριον
880 560 1239 632 πεποιηκότα,
1288 560 1431 635 κάμὲ
1482 566 1595 633 μετ’
1644 559 1844 616 ἐκεῖνον

1990 563 2169 618 scisse
2199 562 2490 632 audiistis,
2524 578 2731 634 meque
2761 568 2892 634 post
2931 563 3095 618 illum
3132 582 3295 635 prece
3326 566 3599 634 edidisse,

169 652 373 727 εὐχαῖς
404 655 777 727 κατορθοῦντα
802 669 814 681 ·
869 651 941 704 ὧν
973 652 1018 687 ⁸ο
1057 651 1109 704 οἱ
1138 650 1387 706 πλεῖστοι
1448 653 1840 725 παρεστήκατε,

1995 650 2350 707 uibusmulti
2382 651 3229 725 adfuistis,aliimultiplicibus
3262 654 3480 709 morbis
3502 658 3605 709 aut

172 742 223 794 οἱ
260 742 364 812 μὲν
400 740 575 795 νόσων
607 737 880 793 παντοίων
911 736 1333 814 ἀπαλλαγέντες,
1367 739 1419 793 οἱ
1469 734 1526 792 δὲ
1555 740 1599 775 εί
1654 735 1845 809 δαιμό-

1996 756 2217 795 nemone
2248 739 2500 807 liberati,
2532 739 2628 795 alii
2678 738 2765 795 vel
2798 741 3072 797 manibus
3102 741 3187 797 vel
3222 743 3466 813 pedibus
3497 744 3603 798 ﬁr-

170 852 306 896 νων,
346 830 402 883 οἱ
436 825 498 883 Si
530 826 854 903 ὀρθωθέντες
885 833 1097 904 χεῖρας,
1132 827 1183 881 οἱ
1216 824 1273 881 δὲ
1303 822 1495 897 πόδας,
1529 828 1580 881 οἱ
1614 824 1670 881 δὲ
1716 825 1841 887 τοὺς

1990 829 2117 895 iati,
2152 828 2249 883 alii
2280 829 2408 884 visu
2455 827 2547 883 vel
2598 828 2799 883 auditu
2849 830 3077 884 donati:
3139 835 3196 886 et
3239 846 3602 902 quiscunque

174 916 359 995 ἐφθαλ
372 917 516 989 μους
551 912 939 985 ἀπολαϐόντες,
974 917 1022 971 οἳ
1055 914 1113 971 δὲ
1141 917 1236 977 τὰς
1266 915 1432 977 ἀκοὰς
1462 914 1551 969 καὶ
1584 912 1728 968 ἄλλα
1748 912 1847 968 ὅσα

1992 917 2072 971 lia
2100 918 2268 972 edere
2301 921 2484 987 potest
2516 916 2601 972 vir
2640 918 2709 972 ad
2743 918 3017 990 spiritum
3060 918 3365 975 hominum
3398 936 3602 975 aman-

178 1008 483 1081 ὶνθρωπος
544 1010 719 1060 ποιεῖν
776 1003 1017 1073 δύναται,
1088 1002 1477 1083 φιλανθρώπου
1537 1001 1846 1076 πνεύματος

1990 1022 2073 1061 em
2092 1006 2413 1077 pertinens.

174 1093 319 1157 ἴδιος
348 1097 401 1132 ⁸³
434 1094 751 1170 γενόμενος.

247 1185 484 1241 XXXV.
545 1180 721 1238 Ταῦτα
767 1187 867 1238 τοῦ
911 1182 1119 1259 Πὲτρου
1171 1182 1441 1251 εἰπόντος,
1503 1182 1604 1236 ὑπὸ
1635 1181 1726 1235 τὸν
1759 1180 1849 1255 δρ-

174 1276 309 1347 θρον
347 1272 609 1328 ἐπεισιὼν
640 1274 775 1345 ἡμῖν
809 1276 1078 1347 Ζακχαῖος
1106 1270 1544 1348 προσαγορεύσας
1593 1266 1694 1347 ἔφη
1746 1268 1849 1324 Πέ-

173 1383 321 1437 τρῳ.
382 1361 720 1418 Ἀνατίθεται
771 1360 959 1433 Σίμων
1012 1362 1111 1430 τὴν
1162 1362 1387 1431 ζήτησιν
1439 1358 1514 1422 εἷς
1535 1360 1635 1428 τὴν
1667 1358 1853 1434 αὔριον

178 1450 427 1526 ἡμέραν·
463 1452 501 1518 ἡ
535 1448 638 1524 γὰρ
671 1452 914 1525 σήμερον
964 1446 1026 1504 τὰ
1074 1446 1145 1503 δι’
1184 1447 1375 1504 ἕνδεκα
1414 1451 1637 1524 ἡμερῶν
1688 1443 1853 1502 αὐτοῦ

180 1537 462 1614 τυγχάνει
499 1539 599 1595 08
636 1532 915 1592 Σάϐϐατον
956 1539 1090 1611 (52).
1123 1538 1225 1593 Καὶ
1256 1538 1394 1611 πρὸς
1438 1541 1630 1593 τοῦτον
1682 1537 1710 1591 6
1758 1534 1859 1591 Πέ-

182 1648 321 1702 τρος
356 1626 699 1701 ἐπεκρίνατο.
734 1625 875 1699 Λέγε
906 1626 1137 1698 Σίμωνι·
1173 1625 1321 1680 Ἐπεὶ
1340 1624 1567 1688 τελείως
1593 1624 1769 1687 θέλεις
1791 1626 1856 1697 ⁸³,

194 1718 341 1789 μετὰ
373 1713 477 1768 τοῦ
523 1714 828 1791 γινώσκειν,
874 1713 956 1769 ὅτι
990 1736 1074 1769 σοι
1125 1716 1312 1789 ⁴ἡμεῖς,
1372 1713 1461 1770 ὅτε
1495 1714 1705 1791 βούλει,
1740 1726 1859 1777 θεο-

190 1805 353 1879 ςιλεῖ
403 1802 644 1879 Προνοίᾳ
691 1804 928 1874 ἀπαντᾷν
978 1802 1215 1877 ἑτοίμως
1261 1802 1482 1880 ἔχομεν,
1534 1804 1632 1858 Καὶ
1673 1804 1701 1857 6
1765 1804 1858 1875 μὲν

193 1898 482 1968 Ζακχαῖος
536 1890 705 1948 ταῦτα
751 1892 979 1955 ἀκούσας
1024 1888 1369 1949 ἀντιϐάλλειν
1427 1892 1569 1967 ἐξῄει
1598 1893 1698 1962 τὴν
1733 1890 1863 1946 ἀπό-

193 2003 408 2057 κρισιν.

266 2075 518 2128 XXXVI.
549 2072 611 2128 Ὀ
658 2067 737 2139 δὲ,
790 2068 921 2125 ἰδών
985 2090 1052 2144 με
1099 2070 1413 2143 ἀθυμοῦντα
1440 2070 1531 2125 καὶ
1559 2071 1659 2139 τὴν
1690 2069 1862 2125 αἰτίαν

194 2155 519 2231 πυθόμενος
549 2161 639 2213 καὶ
693 2160 880 2231 μαθὼν
928 2166 1053 2237 παρ’
1102 2156 1238 2233 ἐμοῦ
1287 2160 1387 2215 οὐκ
1432 2158 1664 2223 ἄλλοθέν
1704 2160 1863 2213 ποθεν

198 2249 371 2304 οὖσαν
403 2250 439 2317 ἢ
501 2248 609 2303 ἀπὸ
654 2251 753 2318 τῆς
797 2250 933 2304 κατὰ
977 2250 1077 2319 τὴν
1130 2251 1354 2319 ζήτησιν
1408 2244 1707 2317 ἀναϐολῆς,
1740 2245 1867 2325 ἔφη’

199 2340 421 2412 Ἀγαθῇ
453 2340 567 2409 (53)
600 2341 733 2392 Θεοῦ
764 2336 996 2413 προνοίᾳ
1028 2338 1056 2392 6
1086 2340 1134 2375 ⁸⁴
1164 2336 1523 2415 προειληφὼς
1554 2334 1871 2391 διοικεῖσθαι

200 2428 297 2482 τὸν
336 2426 572 2498 κόσμον,
605 2427 650 2480 ὧ
704 2424 833 2503 φίλε
881 2427 1144 2500 Κλήμης,
1196 2426 1355 2489 αὐτὸς
1396 2425 1496 2481 οὐκ
1525 2424 1745 2501 ἄχθεται
1786 2423 1873 2480 ἐπὶ

207 2522 333 2577 τοῖς
372 2513 525 2576 ὅπως
554 2514 691 2569 ποτὶ
718 2516 764 2551 ⁸⁵
822 2516 1094 2570 ἀπαντῶσι
1125 2514 1462 2591 πράγμασιν,
1514 2511 1869 2575 ἀποδεδωκὼς

1990 2515 2516 2587 quomodocumque
2553 2514 2917 2569 occurrentia
2958 2514 3206 2585 negotia,
3241 2531 3438 2569 secum
3471 2531 3639 2587 repu-

212 2606 303 2660 ὅτι
339 2604 448 2658 ὑπὸ
478 2611 578 2673 τῆς
618 2600 715 2658 τοῦ
772 2603 1079 2679 κρείττονος
1128 2603 1445 2676 οἰκονομίας
1492 2603 1869 2682 συμφερόντως

1990 2609 2141 2674 tans,
2177 2604 2331 2675 quod
2381 2620 2481 2676 per
2524 2603 2796 2658 Numinis
2827 2603 3323 2672 dispensationem
3374 2620 3465 2659 res
3496 2620 3635 2659 con-

216 2695 324 2761 τήν
382 2687 601 2746 ’ἑκϐασιν
644 2692 713 2747 τὰ
752 2694 1049 2767 πράγματα
1076 2695 1120 2731 ⁸⁸
1168 2688 1456 2765 λαμϐάνει·
1507 2688 1625 2748 ὄθεν
1676 2690 1869 2747 δίκαιοι

1991 2697 2266 2765 gruenter
2286 2693 2504 2747 exitum
2524 2692 2889 2747 sortiuntur:
2918 2692 3070 2747 unde
3091 2692 3281 2747 sciens
3299 2698 3476 2748 Deum
3508 2708 3636 2749 esse

222 2781 393 2835 αὐτὸν
424 2781 558 2835 εἶναι
613 2779 777 2854 γνοὺς
822 2782 909 2835 καὶ
943 2778 1331 2851 εὐσυνειδήτως
1366 2780 1537 2855 βιοὺς,
1592 2781 1655 2835 τὸ
1712 2800 1869 2856 προσ-

1990 2782 2241 2853 justum,
2288 2785 2345 2835 et
2384 2782 2528 2836 bene
2562 2781 2671 2836 sibi
2707 2780 2978 2836 conscius
3025 2781 3247 2847 vivens,
3280 2782 3637 2838 accidentern

221 2870 431 2923 πίπτον
463 2869 508 2903 ⁸τ
566 2867 815 2943 λυπηρὸν
862 2867 1003 2923 οἶδεν
1052 2868 1198 2944 ὀρθῷ
1241 2873 1321 2940 τῷ
1364 2868 1615 2945 λογισμῷ
1646 2867 1869 2923 ἀποσείε·

1996 2870 2323 2926 molestiam
2366 2869 2525 2925 novit
2565 2870 2637 2925 ab
2678 2871 2874 2925 animo
2907 2874 3064 2925 recta
3106 2870 3331 2926 ratione
3363 2872 3633 2943 abjicere,

219 2960 415 3013 ιτθςιι⁸⁸
473 2964 574 3026 τῆς
624 2960 828 3032 ψυχῆς,
878 2957 962 3013 ὅτι
1008 2958 1145 3033 πρὸς
1198 2955 1396 3034 ἀγαθοῦ
1423 2979 1573 3020 τινος
1602 2957 1869 3032 ἀγνώστοι

1994 2960 2271 3031 quoniam
2303 2974 2371 3014 ea
2402 2959 2461 3014 in
2480 2960 2594 3015 ﬁne
2625 2960 2694 3015 ad
2715 2958 2948 3030 aliquod
2975 2959 3195 3014 bonum
3225 2959 3489 3031 ignotum
3514 2977 3639 3033 per-

2030 1182 2229 1239 XXXV.
2265 1185 2398 1248 Quae
2432 1198 2566 1237 cum
2615 1182 2868 1237 dixisset
2919 1186 3144 1250 Petrus,
3189 1184 3298 1239 sub
3348 1198 3621 1239 auroram

1962 1271 2033 1326 ad
2066 1288 2171 1326 nos
2201 1272 2507 1343 ingressus
2539 1270 2846 1326 Zacchasus
2868 1270 3134 1327 salutans
3166 1272 3327 1327 Petro
3358 1272 3467 1328 ait:
3499 1271 3618 1326 Dif-

1963 1360 2075 1415 fert
2103 1359 2305 1415 Simon
2329 1360 2788 1431 disputationem
2812 1360 2870 1415 in
2904 1360 3056 1415 diem
3089 1361 3409 1416 crastinum
3437 1386 3451 1428 ;
3479 1376 3618 1416 nam

1963 1449 2284 1504 hodiernus
2316 1449 2467 1504 inter
2498 1436 2769 1505 undecim
2801 1448 2923 1504 dies
2945 1448 3135 1521 ipsius
3164 1450 3484 1506 Sabbatum
3512 1453 3622 1505 est.

1966 1538 2052 1593 Ad
2072 1554 2246 1609 quem
2276 1538 2484 1593 Petrus
2508 1538 2837 1610 respondit:
2868 1539 2964 1594 Dic
2992 1538 3245 1595 Simoni:
3268 1540 3510 1606 Quando
3534 1538 3627 1595 de-

1970 1643 2136 1682 mum
2164 1625 2349 1682 voles:
2383 1630 2439 1682 et
2469 1626 2643 1695 scias,
2678 1643 2780 1682 nos
2803 1631 3033 1699 paratos
3064 1643 3193 1683 esse
3224 1627 3349 1693 tibi,
3375 1643 3509 1682 cum
3530 1643 3625 1682 vo-

1969 1715 2171 1786 lueris,
2204 1715 2399 1770 divina
2428 1716 2802 1771 Providentia
2824 1732 3143 1771 occurrere.
3176 1716 3459 1788 Equidem
3490 1717 3622 1772 Zac-

1972 1805 2186 1872 cbaaus,
2218 1804 2311 1861 his
2340 1805 2578 1877 auditis,
2625 1821 2975 1878 responsum
3022 1810 3086 1860 ut
3130 1805 3313 1876 daret,
3346 1821 3620 1878 egressus

1894 1944 1941 2009 B
1973 1898 2082 1950 est.

2046 2070 2289 2127 XXXVI.
2321 2071 2527 2127 Petrus
2556 2088 2713 2137 vero,
2737 2088 2831 2126 me
2860 2072 3062 2126 videns
3094 2070 3342 2142 tristem,
3367 2088 3631 2128 causam-

1978 2177 2091 2232 que
2125 2176 2358 2232 rogans,
2403 2176 2535 2215 cum
2582 2177 2615 2214 a
2645 2176 2737 2215 me
2783 2160 3063 2215 audiisset
3106 2177 3216 2216 non
3274 2160 3507 2215 aliunde
3536 2177 3632 2215 or-

1980 2254 2101 2305 tam
2138 2266 2311 2318 quam
2365 2266 2433 2305 ex
2479 2249 2900 2320 disputationis
2949 2248 3244 2315 dilatione,
3279 2249 3359 2303 ita
3398 2248 3629 2305 locutus

1983 2343 2099 2393 est:
2134 2337 2242 2401 Qui
2273 2338 2563 2392 mundum
2595 2337 2817 2408 optima
2871 2337 2971 2392 Dei
3021 2338 3384 2409 providentia
3425 2338 3633 2409 guber-

1985 2426 2111 2482 nari
2138 2425 2451 2491 existimat,
2510 2426 2695 2480 amice
2751 2424 3036 2496 Clemens,
3080 2426 3128 2479 is
3177 2442 3289 2481 non
3331 2442 3480 2497 aegre
3528 2426 3638 2481 fert

220 3045 654 3119 συντελούμενον
704 3044 878 3109 ἐλθεῖν
929 3042 1066 3122 ἔχει.
1101 3046 1196 3101 Καὶ
1247 3044 1337 3101 νῦν
1367 3044 1425 3101 δὲ
1452 3051 1549 3101 τοῦ
1580 3046 1757 3122 μάγου
1790 3045 1882 3101 Σί-

223 3156 410 3207 μωνος
470 3137 507 3203 ἡ
566 3142 665 3204 τῆς
718 3137 995 3206 ζητήσεως
1046 3136 1323 3212 ὑπέρθεσις
1377 3138 1451 3209 μή
1512 3157 1571 3190 σε
1618 3135 1881 3193 λυπείτω.

220 3228 387 3286 Ἴσως
449 3224 554 3299 γὰρ
605 3223 664 3278 ἐκ
716 3231 819 3294 τῆς
864 3222 961 3279 τοῦ
992 3229 1126 3280 Θεοῦ
1150 3223 1411 3300 προνοίας
1442 3224 1518 3287 είς
1546 3225 1645 3293 τὴν
1676 3229 1775 3293 σὴν
1804 3222 1886 3300 γὲ-

1991 3047 2200 3102 veniet.
2234 3048 2303 3102 Et
2342 3062 2496 3103 nunc
2535 3048 2718 3119 igitur
2756 3047 3166 3119 disputationis
3214 3064 3349 3103 cum
3400 3048 3637 3105 Simone

1995 3137 2162 3207 Mago
2194 3135 2394 3191 dilatio
2426 3143 2479 3191 te
2503 3154 2613 3192 non
2649 3137 2972 3193 contristet.
2999 3137 3286 3193 Fortassis
3306 3137 3461 3193 enim
3485 3155 3517 3192 a
3538 3138 3641 3194 Dei

1994 3225 2353 3298 providentia
2384 3225 2443 3280 in
2475 3230 2636 3281 tuam
2672 3226 2984 3281 utilitatem
3028 3226 3291 3297 contigit.
3336 3226 3637 3298 Quocirca,

217 3335 374 3388 γονεν
408 3311 698 3388 ὠφέλειαν.
749 3313 843 3368 Διὸ
890 3314 964 3376 ὡς
1012 3311 1136 3387 ἰδίῳ
1184 3334 1268 3369 σοι
1310 3308 1487 3369 ὅντιθθ
1534 3313 1634 3370 οὐκ
1661 3314 1869 3385 ὀκνήσω

1992 3331 2124 3370 cum
2158 3313 2302 3369 mihi
2346 3313 2428 3370 sis
2480 3315 2706 3371 amicus
2735 3314 3069 3387 peculiaris,
3115 3331 3230 3370 non
3262 3316 3503 3372 tardabo
3530 3315 3639 3372 tibi

224 3401 433 3477 λέγειν.

295 3491 575 3547 XXXVII.
633 3495 750 3545 Τῶν
780 3491 1062 3565 ἡμετέρων
1092 3492 1233 3553 τινὲς
1268 3491 1472 3567 ἑταῖροι
1494 3493 1540 3529 ⁸ο
1567 3490 1645 3563 τῷ
1669 3490 1881 3564 Σίμωνι

234 3582 628 3652 προσποιητῶς
678 3578 932 3652 σύνεισιν,
980 3580 1055 3642 ὡς
1099 3578 1400 3643 πεισθέντες
1427 3584 1496 3653 τῇ
1528 3580 1806 3655 ἀθεωτάτῃ
1838 3583 1880 3617 ⁰¹

230 3667 395 3721 αὐτοῦ
427 3665 623 3740 πλάνῃ,
656 3666 831 3740 ὅμως,
869 3668 1223 3741 μανθάνοντες
1252 3668 1417 3723 αὐτοῦ
1448 3671 1547 3725 89
1595 3668 1691 3730 τὰς
1751 3669 1885 3744 βου-

232 3754 354 3823 λᾶς,
389 3756 713 3832 ἐκφαίνωσιν
742 3759 899 3828 ἡμῖν,
947 3757 1083 3832 πρὸς
1131 3757 1195 3811 τὸ
1241 3754 1489 3821 δύνασθαι
1538 3753 1695 3828 δεινῷ
1734 3754 1884 3833 ἀνδρὶ

233 3843 454 3906 οἰκείως
506 3845 963 3918 συναρμόσασθαι.
1014 3844 1113 3899 Καὶ
1142 3849 1234 3899 νῦν
1290 3846 1417 3918 παρ’
1449 3845 1623 3900 αὐτῶν
1658 3843 1884 3917 ἔμαθον,

232 3935 295 3999 ἧς
330 3933 527 4004 μέλλει
566 3937 846 4004 ζητήσεως
876 3936 1146 3989 ποιεῖσθαι
1174 3933 1300 3996 τοὺς
1333 3932 1559 4010 λόγους⁶
1590 3932 1680 3988 καί
1727 3933 1887 4010 γνοὺς

238 4021 326 4074 ξπῖ
354 4022 539 4093 τούτῳ
579 4020 657 4094 τῷ
706 4023 802 4095 μὲν
849 4027 964 4095 Θεῷ
1008 4022 1392 4098 ηὖχαρίστησα
1419 4026 1485 4061 π’
1521 4023 1579 4078 σὲ
1599 4020 1657 4078 δὲ
1688 4022 1889 4096 ἐμακά-

1992 3420 2230 3459 narrare
2260 3403 2401 3459 hac.

2062 3492 2338 3547 XXXVII.
2364 3492 2561 3548 Nostri
2581 3492 2814 3563 quidam
2846 3492 3077 3549 sodales
3102 3509 3236 3550 cum
3263 3494 3501 3549 Simone
3516 3510 3640 3550 ver-

1993 3589 2200 3637 santur
2232 3580 2525 3645 simulate,
2559 3583 2724 3652 quasi
2762 3581 3111 3652 impiissimo
3136 3582 3292 3637 illius
3323 3583 3502 3638 errori
3536 3583 3638 3638 ad-

1994 3670 2272 3737 hazreant,
2293 3686 2431 3740 quo,
2457 3669 2613 3725 illius
2636 3670 2895 3725 consiliis
2918 3671 3428 3742 compertis,nobis
3448 3688 3515 3727 ea
3545 3672 3646 3728 de-

1996 3758 2241 3823 clarent,
2272 3758 2472 3830 sicque
2502 3775 2636 3813 cum
2667 3759 2790 3814 viro
2827 3758 3036 3814 callido
3068 3765 3200 3831 apte
3232 3763 3289 3814 et
3318 3776 3644 3831 congruen-

1994 3851 2084 3903 ter
2112 3847 2410 3920 possimus
2424 3863 2615 3919 agere.
2638 3852 2837 3918 Atque
2869 3864 3025 3903 nunc
3058 3848 3131 3903 ab
3153 3847 3271 3903 illis
3303 3848 3517 3919 accepi,
3533 3864 3648 3919 qua

1997 3938 2070 3992 de
2094 3952 2154 3991 re
2185 3936 2244 3991 in
2275 3937 2672 4009 disputatione
2702 3935 3005 3992 locuturus
3038 3938 3142 3993 sit:
3179 3938 3250 3992 ob
3280 3953 3458 4008 quam
3499 3938 3647 3993 noti-

1994 4026 2136 4081 tiam
2165 4026 2281 4081 Deo
2321 4026 2540 4097 gratias
2571 4026 2695 4098 egi:
2730 4030 2786 4081 te
2809 4042 2939 4081 vero
2968 4027 3198 4082 beatum
3225 4026 3450 4097 judico,
3483 4026 3642 4097 quod

1595 4122 1835 4178 VARI/E
1874 4122 2286 4178 LECTIONES.

302 4210 343 4243 ³ο
374 4209 453 4261 ὧν
485 4226 599 4264 non
633 4210 846 4280 pendet
870 4226 903 4265 a
932 4229 1004 4263 πα

302 4226 343 4243 συ
374 4230 453 4261 ων
485 4226 599 4264 non
633 4226 846 4280 pendet
870 4226 903 4265 a
932 4229 1004 4263 πα
1045 4229 1067 4263 ε

236 4282 385 4351 quod
422 4280 568 4335 latet
600 4282 655 4335 iu
688 4279 974 4349 ἠκούσατε.

1045 4210 1321 4285 εστήκοιτε,
1356 4213 1422 4264 ut
1460 4226 1771 4285 perperam
1804 4214 1974 4285 vertit
2002 4213 2066 4277 C,
2110 4213 2223 4285 sed"
2259 4211 2332 4266 ab
2364 4210 2417 4285 oi
2445 4208 2715 4285 πλεῖστοι,
2766 4216 2821 4267 et
2869 4212 3069 4285 referri
3119 4212 3291 4267 debet
3347 4210 3642 4285 αᾶίὺμῴεῖς,

1145 4276 1282 4353 διηδὲ
1318 4298 1413 4353 ap.
1445 4276 1486 4338 (Σ
1515 4276 1737 4353 deesse,
1772 4283 1923 4338 male
1953 4276 2267 4353 asserit__S;
2301 4283 2739 4353 exciditautem
2767 4300 2836 4338 ex
2874 4282 3074 4353 Clerici
3134 4300 3354 4353 recens.
3431 4284 3475 4353 iis
3497 4276 3645 4345 ’ἴδιος

232 4348 445 4424 excidit
477 4369 571 4423 ap.
604 4353 661 4405 Cl
696 4361 752 4407 et
782 4354 840 4408 S.
916 4354 962 4388 ⁸³
1012 4350 1100 4424 ἐπὶ
1140 4348 1311 4419 τέλει,
1346 4348 1444 4424 Δὡς
1488 4349 1663 4414 θέλεις
1695 4348 1863 4424 conj.
1915 4360 1997 4424 1),.
2038 4348 2289 4424 ἐπινὲλει,
2341 4352 2416 4413 ὡς
2465 4351 2640 4413 θέλεις
2691 4356 2840 4421 conj.
2888 4354 2967 4423 Cl,
3026 4352 3340 4416 ἐπιτελειὼς
3370 4350 3545 4417 θέλεις
3574 4356 3640 4412 0.

234 4424 275 4501 ξ
303 4423 332 4475 6
382 4418 761 4501 praetermisit
807 4425 887 4501 S._
944 4418 1395 4501 ⁸⁸ῌὸπως⁸ποτὲ-
1419 4422 1602 4501 0._“8°
1650 4418 1851 4501 signa.
1884 4444 1935 4480 τ.
1971 4418 2187 4501 ιῖκϐηϐ.⁸
2255 4418 2299 4464 ⁸³1
2332 4424 2417 4501 Ita
2448 4426 2514 4490 D,
2548 4418 2867 4501 accedente
2883 4418 3287 4501 Ο,’προπ.ίπτον
3532 4427 3645 4501 _Ita

230 4493 292 4558 0,
324 4490 473 4568 9:8,
498 4492 815 4568 ἆποσίεσθαι
846 4494 926 4568 C._
983 4496 1030 4530 ⁸⁹
1057 4500 1146 4568 ita
1176 4495 1239 4568 0,
1276 4511 1324 4568 ο..
1358 4494 1404 4550 D
1430 4490 1625 4568 ,ἰδίως
1658 4493 1775 4568 οἶόν
1803 4490 1866 4568 τε
1895 4496 2047 4567 conj.
2079 4500 2144 4568 Ci,
2175 4496 2232 4568 iu
2263 4496 2381 4566 cuj.
2415 4501 2571 4553 textu
2604 4492 2757 4557 ἰδίως
2788 4490 2976 4552 οἷόντί.
3024 4490 3290 4568 ’θοὲτεροι
3314 4497 3378 4554 Ο.
3455 4498 3495 4534 ⁹¹
3522 4496 3641 4553 ἀθε-

229 4564 408 4636 ωτᾶτῃ
439 4564 510 4632 0,
542 4582 592 4621 c.
627 4567 665 4622 S
695 4591 709 4634 ;
742 4565 1013 4638 ἀθεοτάτῳ
1043 4566 1105 4623 C.
1180 4567 1225 4602 θ’
1252 4563 1633 4641 ηὐχαρίσθησα
1662 4567 1727 4633 0,
1762 4567 1861 4637 qui
1894 4563 2095 4638 postea
2125 4563 2426 4639 ὑπέρθεσιν.

1616 4664 1999 4721 νΑιιιοΡιυΜ
2036 4664 2267 4719 NOT/E.

296 4753 415 4823 (⁵2)
448 4752 511 4806 Ἥ
562 4752 664 4827 γὰρ
734 4752 972 4827 σήμερον
1030 4751 1115 4827 τὸῗ
1156 4749 1225 4806 δι’
1269 4747 1455 4805 ἕνδεκα
1507 4752 1729 4823 ἡμερῶν
1787 4750 1883 4827 αθ-

296 4773 415 4823 (οι)
470 4773 509 4806 tl
562 4773 664 4827 γαρ
734 4773 972 4879 στὲμερον
1030 4773 1093 4807 το
1156 4773 1205 4806 οι
1269 4773 1455 4805 ενοεκα
1507 4773 1729 4823 ημερων
1787 4773 1882 4805 αυ-

228 4827 319 4898 τοῦ
378 4828 643 4898 τυγχάνει
706 4826 782 4878 Σά
824 4844 1006 4879 οατον.
1042 4826 1159 4898 ._ln
1219 4826 1698 4895 Recognitionibus
1755 4824 1882 4880 suis

232 4895 605 4968 Rufinusl'vel
628 4898 797 4952 aliter
826 4898 988 4968 legit,
1012 4896 1105 4950 vel
1128 4898 1738 4968 pra‘veinterpretatus
1770 4900 1877 4950 est.

228 4967 458 5039 Diﬂ'ert,
492 4966 699 5037 inquit.
732 4966 923 5024 Simoh
941 4966 1256 5023 certaminis
1274 4966 1420 5021 diem
1446 4967 1506 5021 in
1525 4966 1883 5039 undecimam

230 5037 437 5094 me:
461 5042 774 5109 praesentis,
832 5054 958 5110 quae
1011 5046 1092 5092 est
1126 5045 1256 5110 post
1283 5049 1505 5110 septem_
1532 5037 1674 5110 dies:
1700 5038 1803 5092 lib.
1839 5054 1880 5092 ιι

228 5124 350 5181 cap.
383 5112 479 5165 20.
514 5110 645 5165 Loci
697 5108 868 5182 porro
907 5109 1138 5182 obscuri
1183 5125 1253 5182 ac
1285 5108 1543 5182 difficilis
1583 5108 1676 5163 hic
1707 5114 1882 5179 queat

225 5179 351 5237 esse
404 5198 649 5237 sensus:
697 5179 1000 5237 hodiernus
1031 5181 1182 5235 enim
1221 5181 1339 5235 dies
1382 5179 1676 5251 Sabbatum
1706 5182 1880 5251 ipsius

222 5253 487 5308 Simonis
517 5261 627 5325 est,
652 5254 792 5324 quod
820 5254 1057 5325 singulis
1081 5252 1381 5325 quibusque
1400 5250 1657 5325 undecim
1688 5250 1879 5306 diebus

224 5327 488 5378 recurrit.
523 5323 633 5378 Sed
661 5321 737 5379 de
774 5326 885 5380 isto
916 5321 1167 5378 Sabbato
1189 5321 1529 5377 Simoniano
1547 5321 1761 5395 legisse
1784 5338 1877 5378 me

226 5395 519 5452 memoria
547 5411 663 5449 non
700 5401 886 5451 teneo.
911 5395 1041 5450 Cor.

290 5467 407 5535 (53)
444 5466 675 5537 Ἀγαοῇ.
739 5468 779 5523 E
835 5464 1189 5537 Clementinis
1218 5465 1344 5537 loca
1374 5463 1561 5519 multa
1590 5464 1880 5537 excerpsit

223 5535 483 5594 Joannes
510 5535 992 5607 Damascenus,ut
1011 5536 1249 5593 referret
1270 5535 1331 5592 in
1353 5552 1520 5592 sacra
1532 5552 1639 5592 sua
1660 5535 1874 5592 Flecta.

1993 4751 2111 4827 ῌοο
2135 4768 2247 4827 ego
2278 4752 2809 4827 praestantissimun
2842 4772 3016 4827 opus,
3047 4753 3349 4827 Parallelis
3366 4752 3636 4827 ejusdem

1994 4823 2311 4879 Patrisnec
2355 4825 2593 4881 omnino
2643 4826 2854 4890 simile,
2880 4823 3011 4882 'nec
3052 4842 3291 4893 prorsus
3323 4823 3631 4893 dissimile,

1990 4893 2517 4968 tractavi_quidem
2562 4914 2662 4968 pro
2705 4898 2865 4953 libito
2898 4898 2955 4951 in
2999 4893 3319 4953 bibliotheca
3349 4897 3458 4949 PP.
3509 4911 3629 4968 soc.

1990 4965 2151 5032 Jesu,
2201 4966 2372 5021 editis
2414 4965 2739 5023 acineditis
2790 4968 3477 5034 librisinstructissima;
3530 4966 3632 5021 sed

1990 5038 2131 5107 quia
2162 5036 2398 5091 maximi
2432 5038 2532 5092 otii
2566 5040 2947 5109 immensique
2998 5039 3214 5095 laboris
3264 5044 3385 5092 erat
3426 5042 3637 5109 cuncta

1990 5109 2342 5180 investigare
2369 5125 2505 5163 cum
2539 5110 2608 5164 ad
2642 5108 3018 5176 Clementem,
3062 5116 3186 5165 tum
3236 5110 3307 5164 ad
3340 5108 3632 5180 Ignatium

1988 5179 2334 5250 spectantia,
2352 5196 2532 5250 pauca
2556 5180 2923 5238 solummodo
2938 5180 3269 5246 subnotavi,
3292 5179 3415 5249 qua;
3439 5180 3629 5253 primo

1988 5256 2303 5325 conspectu
2334 5266 2491 5325 __scse
2535 5252 2907 5325 _obtulerunt.
2946 5253 3147 5325 Itaque
3195 5269 3228 5306 a
3256 5267 3393 5307 voce
3443 5251 3635 5325 ’ἀγαθῇ

1988 5316 2175 5397 usque
2227 5322 2298 5376 ab
2331 5318 2503 5397 ἐλθεῖν
2533 5316 2647 5397 ἔχει
2679 5325 2821 5379 inibi
2857 5316 3067 5397 nactus
3112 5339 3255 5397 sum
3307 5339 3442 5397 cap.
3500 5316 3631 5397 Περὶ

1988 5338 2175 5446 υειιδυο
2227 5338 2298 5376 an
2331 5338 2503 5373 εΛυειν
2533 5340 2647 5397 εχει
2679 5338 2821 5379 ιωυι
2857 5338 3063 5380 nactus
3124 5339 3255 5378 sum
3316 5339 3442 5393 cap.
3502 5338 3629 5397 υερι

1984 5411 2081 5516 ἷὲαι
2122 5390 2233 5453 είας
2263 5392 2408 5520 Elpei
2437 5397 2591 5464 Θεοῦ,
2624 5399 2757 5464 etc.,
2788 5396 2896 5452 sub
2931 5396 3035 5452 hoc
3082 5396 3273 5463 titulo,
3307 5391 3629 5465 Κλήμεντος

2047 5483 2228 5520 (nunc.
2333 5503 2347 5518 .

2047 5480 2228 5537 ωμης.
2265 5480 2347 5520 ιι).
