4064 6330
493 386 610 447 103
1317 386 1383 446 S.
1429 385 1872 447 CLEMENTIS
1917 387 1941 445 Ι
1989 385 2098 446 ΡιΟξ

2296 383 2453 443 )ΝΤ.
2500 382 2760 444 OPEBA
2803 382 3069 443 DUBIA.
3777 386 3901 445 104

490 516 671 573 dilata
689 516 859 572 fuerit
879 514 1227 587 disputatio;
1245 532 1379 571 nam
1405 532 1769 583 sermonum,
1795 516 1892 587 qui
1912 515 1983 571 ab
2004 514 2093 586 ips

2289 531 2366 565 ισα
2395 510 2483 566 ἐπί
2511 514 2580 585 τῇ
2608 516 2709 581 τῆς
2742 512 3017 581 ζητήσεως
3041 510 3340 583 ὑπερθέων
3376 514 3483 565 τῶν
3515 510 3617 587 γὰρ
3654 510 3894 583 μελλόν-

491 606 563 663 ad
586 604 993 677 imperitorum
1015 605 1308 675 judicium
1343 605 1727 677 proferentur,
1750 608 1833 672 tu,
1867 610 2001 660 ante
2018 604 2096 659 die

2293 621 2351 654 ον
2385 602 2428 636 9³
2460 598 2642 675 λόγων
2674 600 2760 654 ὑπ’
2790 599 2952 654 αὐτοῦ
2984 600 3119 675 πρὸς
3160 597 3426 672 διάκρισιν
3475 604 3581 653 τῶν
3633 600 3898 673 ἀγνοούν-

489 692 847 766 putationem
879 711 913 750 a
942 709 1035 749 me
1056 693 1631 765 instructus,poteris
1644 709 1771 749 esse
1791 693 2023 749 auditor
2045 692 2094 746 [ἰ]

2296 708 2349 742 υν
2383 685 2650 763 λέγεσθαι,
2685 686 2769 760 σὺ,
2802 688 2909 764 πρὸ
2937 695 3036 759 τῆς
3071 690 3347 758 ζητήσεως
3409 686 3741 766 ἐφοδιασθεὶς
3803 688 3901 744 ὑπ’

487 798 620 838 mus
652 798 718 837 ac
750 782 1001 838 stabilis.

2162 826 2171 834 .
2242 774 2399 850 ἐμοῦ,
2433 775 2681 839 ἄπτωτος
2713 776 2985 852 ἀκροατὴς
3014 776 3256 853 γενέσθαι
3290 775 3509 851 δυνήσῃ.

558 871 852 927 XXXVIII.
890 870 1074 926 Multa
1112 870 1325 942 quippe
1365 869 1669 925 mendacia
1707 874 1909 926 contra
1950 874 2129 924 Deum

2312 871 2602 922 XXXVIII.
2634 864 2829 921 Πολλᾶ
2854 864 2954 942 γὰρ
2987 863 3156 939 ψευδῆ
3208 866 3343 922 κατὰ
3388 871 3485 921 τοῦ
3534 870 3666 920 Θεοῦ
3713 886 3892 941 προσ-

486 961 709 1033 accepit
727 958 1048 1031 Scriptura,
1064 959 1172 1014 hac
1187 958 1438 1015 ratione:
1458 976 1590 1014 cum
1604 959 1888 1031 prOpheta
1902 958 2091 1027 Moyse

2289 949 2433 1009 .a60v
2484 954 2537 1008 αἱ
2587 954 2791 1033 Γραφαὶ
2840 956 2951 1028 (54)
3003 952 3156 1030 λόγῳ
3210 954 3412 1027 τούτῳο
3472 959 3569 1009 τοῦ
3598 957 3894 1032 προφήτου

482 1066 553 1105 ex
585 1050 683 1105 Dei
713 1047 956 1104 consilio
996 1047 1367 1119 septuaginta
1415 1046 1616 1103 electis
1646 1046 1831 1118 legem
1864 1063 1998 1102 cum
2030 1062 2087 1102 ex

2292 1041 2510 1105 ωϋσὲως
2539 1045 2585 1079 ⁰⁴
2612 1043 2809 1118 γνώμῃ
2837 1047 2935 1098 τοῦ
2966 1047 3099 1099 Θεοῦ
3148 1040 3426 1106 ἐκλεκτοῖς
3453 1064 3590 1099 τισιν
3642 1039 3894 1117 ἐϐδομή-

479 1137 895 1210 plicationibus
924 1136 1283 1203 tradidisset,
1317 1140 1383 1192 ut
1417 1139 1474 1191 et
1505 1137 1615 1208 ipsi
1654 1153 1753 1192 eos
1784 1136 1885 1207 qui
1913 1134 2084 1190 velle:

2291 1152 2399 1187 ιντα
2441 1131 2535 1186 τὸν
2575 1131 2744 1205 νόμον
2796 1130 2888 1186 σὺν
2936 1136 3055 1195 ταῖς
3105 1130 3385 1188 ἐπιλύσεσι
3433 1128 3896 1208 παραδεδωκότος

479 1241 511 1282 e
532 1224 747 1298 populo
778 1224 1170 1295 instituerent,
1223 1240 1339 1279 non
1383 1224 1567 1280 multo
1617 1228 1747 1297 post
1782 1223 2000 1296 scripta
2031 1222 2084 1279 le

2285 1221 2366 1283 σὸς
2394 1220 2456 1276 τὸ
2484 1220 2575 1275 καὶ
2606 1219 2801 1283 αὐτοὺς
2850 1217 3147 1299 ἐφοδιάζειν
3198 1224 3295 1277 τοῦ
3345 1220 3480 1277 λαοῦ
3518 1219 3644 1282 τοὺς
3683 1220 3890 1295 βουλο-

475 1315 693 1385 recepit
720 1313 991 1384 quaedam
1030 1312 1179 1368 falsa
1218 1316 1419 1368 contra
1450 1313 1687 1370 unicum
1718 1313 1929 1378 Deum,
1964 1327 2080 1367 cret

2288 1307 2445 1382 ἒνους,
2481 1316 2594 1382 μετ’
2634 1310 2695 1364 οὐ
2725 1306 2870 1365 πολὺ
2899 1310 3120 1388 γραφεὶς
3154 1311 3182 1364 ὁ
3211 1309 3379 1383 νόμος
3408 1304 3718 1383 προσελαϐέ
3759 1331 3893 1366 τινα

471 1408 657 1459 torem
688 1401 817 1458 coeli
838 1407 894 1457 et
913 1406 1078 1456 terrae
1101 1401 1484 1472 omniumque
1512 1402 1570 1456 in
1592 1402 1664 1457 iis
1688 1405 2076 1457 contentorun

2281 1396 2317 1452 ιὶ
2369 1398 2541 1472 ψευδῆ
2591 1398 2726 1453 κατὰ
2766 1401 2864 1453 τοῦ
2916 1399 3083 1471 μόνου
3115 1401 3158 1436 ³⁵
3206 1402 3363 1467 Θεοῦ,
3398 1403 3497 1454 τοῦ
3526 1400 3616 1454 τὸν
3650 1398 3886 1475 οὐρανὸν

472 1490 526 1547 id
557 1509 699 1547 auso
730 1490 962 1545 diabolo
994 1491 1182 1545 facere
1220 1490 1291 1545 ob
1316 1491 1540 1561 justam
1582 1490 1903 1561 quamdam
1946 1491 2077 1545 ratii

2281 1486 2319 1541 ιὶ
2358 1488 2458 1556 τὴν
2510 1490 2635 1563 γῆν,
2683 1488 2772 1542 καὶ
2820 1486 2994 1543 πάντα
3032 1488 3100 1543 τὰ
3130 1487 3181 1544 ἐν
3209 1488 3392 1551 αὐτοῖς
3424 1485 3886 1563 δημιουργήσαν-

470 1596 626 1635 nem.
654 1584 846 1650 Atque
876 1579 984 1633 hac
1016 1580 1239 1634 ratione
1278 1582 1335 1633 et
1363 1579 1590 1649 judicio
1638 1579 1871 1647 accidit,
1908 1582 1971 1632 ut
2016 1579 2075 1633 de

2274 1595 2345 1644 ος,
2378 1580 2539 1630 τοῦτο
2569 1580 2664 1630 τοῦ
2696 1580 2942 1652 πονηροῦ
2973 1573 3167 1650 δικαίῳ
3197 1576 3302 1632 τινὶ
3326 1575 3477 1653 λόγῳ
3507 1580 3551 1614 ⁹⁶
3581 1576 3879 1653 ἐνεργῆσαι

469 1667 968 1740 prehenderentur
997 1669 1095 1737 qui
1128 1666 1407 1722 auderent
1450 1672 1653 1723 contra
1683 1668 1865 1723 Deum
1897 1667 2074 1738 script

2276 1662 2655 1736 ιτολμηκότος.
2706 1663 2805 1719 Καί
2860 1669 3021 1721 τοῦτο
3078 1667 3272 1741 γέγονε
3330 1663 3481 1742 λόγῳ
3539 1666 3629 1720 καὶ
3675 1665 3881 1741 κρίσει,

470 1756 742 1811 lubenter
767 1756 988 1822 audire,
1017 1754 1186 1827 quive
1217 1756 1434 1811 amoris
1454 1772 1635 1812 causa
1654 1771 1791 1828 erga
1816 1756 1997 1811 Deum
2020 1758 2075 1811 ac

2281 1772 2377 1814 τως
2414 1750 2741 1829 ἐλεγχθῶσι,
2790 1753 2929 1816 τίνες
2975 1751 3226 1828 τολμῶσι
3270 1754 3338 1810 τὰ
3366 1755 3501 1810 κατὰ
3541 1759 3635 1809 τοῦ
3666 1760 3803 1811 Θεοῦ
3836 1758 3886 1792 ³⁷

470 1860 675 1900 versus
698 1844 893 1916 ipsum
925 1843 1082 1899 dicta
1112 1860 1230 1899 non
1271 1845 1440 1899 modo
1480 1861 1596 1900 non
1640 1845 1961 1913 crederent,
2013 1860 2075 1900 se

2278 1839 2500 1919 οαφὲντα
2549 1840 2832 1919 φιληκόως
2880 1836 3208 1917 ἔχέιν,τίνες
3253 1864 3311 1898 τε
3366 1847 3567 1919 στοργῇ
3617 1848 3685 1917 τῇ
3734 1844 3883 1919 πρὸς

482 1890 893 1916 ,νη---κημ-
927 1890 1082 1899 ..---..
1113 1890 1230 1899 _-..
1271 1890 1437 1899 ..-ην
1481 1890 1596 1900 ην..
1642 1890 1961 1913 -.---.-..-,
2013 1890 2074 1900 η

469 1949 659 2004 neque
688 1933 926 1989 omnino
956 1933 1320 1988 sustinerent
1349 1932 1572 2001 audire,
1605 1933 1715 1989 etsi
1739 1950 1870 1989 vera
1904 1933 2074 1988 foreni

2275 1890 2499 1919 Γ’”Ῐ⁷’“”
2554 1890 2831 1919 Ῐ””⁸”’“’“¹
2882 1890 3206 1917 ’Λι⁷’⁷’”“’“’
3265 1890 3311 1898 ’⁷
3370 1890 3567 1919 “””ΓΗ¹
3630 1890 3685 1917 “ἲ⁸
3741 1890 3880 1919 "t'“

2275 1930 2379 1983 itov
2432 1931 2500 1984 τὰ
2546 1930 2661 1985 κατ’
2712 1928 2875 1984 αὐτοῦ
2925 1930 3200 2007 λογόμενα
3250 1933 3327 2005 μὴ
3377 1931 3541 2004 μόνον
3603 1931 3880 2002 ἀπιστεῖν,

467 2021 652 2078 multo
683 2022 869 2077 tutius
900 2021 1009 2076 rati
1034 2019 1347 2093 periclitari
1378 2022 1451 2076 ob
1483 2022 1657 2077 fidem
1700 2021 1840 2077 boni
1872 2021 2072 2077 omini:

2270 2016 2365 2073 ⁵ιλᾶι
2399 2016 2539 2091 μηδὲ
2584 2019 2684 2087 τήν
2732 2018 2910 2095 ἀρχὴν
2964 2020 3176 2075 ἀκούειν
3210 2020 3519 2097 ἀνέχεσθαι,
3555 2021 3649 2076 κᾶν
3680 2020 3875 2093 ἀληθῆ

466 2126 645 2183 quam
676 2112 748 2166 ob
780 2126 1077 2166 sermones
1104 2110 1390 2166 infaustos
1419 2126 1485 2165 ac
1521 2109 1893 2182 biasphemos
1922 2109 2071 2165 viver

2272 2108 2481 2182 »γχάνῃ,
2528 2104 2727 2180 πολλῷ
2774 2107 3050 2184 κρίναντες
3106 2108 3499 2187 ἀσφαλέστερον
3546 2111 3668 2187 περὶ
3698 2110 3877 2189 εὐφή-

463 2215 599 2256 cum
639 2215 817 2272 prava
847 2197 1226 2255 conscientia.

2268 2214 2325 2249 ου
2372 2194 2603 2258 πίστεως
2651 2193 2994 2271 κινδυνεύειν,
3047 2197 3082 2267 ἢ
3136 2196 3223 2253 ἐπὶ
3276 2196 3629 2278 βλασφήμοις
3674 2198 3873 2277 λόγοις

2217 2280 2642 2355 δυσσυνειδήτως
2674 2287 2716 2321 ⁸⁸
2751 2286 2923 2361 βιοῦν.

535 2375 762 2432 XXXIX.
796 2378 1001 2447 Itaque
1029 2374 1227 2431 Simon
1278 2373 1532 2447 capitula
1570 2376 1773 2430 contra
1817 2378 1998 2430 Deum
2045 2373 2106 2430 in

2287 2377 2520 2430 XXXIX.
2553 2374 2610 2426 *Ο
2658 2370 2747 2429 οὗν
2800 2374 2987 2447 Σίμων
3036 2375 3132 2438 τὰς
3180 2375 3317 2431 κατᾶ
3366 2380 3464 2431 τοῦ
3495 2380 3629 2432 Θεοῦ
3661 2374 3712 2432 ὲν
3742 2384 3875 2443 ταῖς

460 2464 778 2537 Scripturis
808 2464 1067 2520 tentandi
1106 2464 1296 2535 gratia
1331 2464 1597 2536 apposita
1636 2462 1781 2531 vult,
1816 2467 1878 2518 ut
1908 2462 2065 2518 audic

2259 2466 2450 2538 ραφαῖς
2478 2466 2785 2536 πειρασμοῦ
2840 2465 2938 2519 70
2977 2463 3137 2539 χάριν
3188 2465 3585 2540 προσκειμένοις
3632 2486 3864 2540 περικο-

460 2554 803 2610 inmedium
846 2569 1190 2625 progressus
1229 2553 1535 2618 adducere,
1588 2567 1703 2623 quo
1743 2568 1777 2606 a
1818 2551 2065 2607 charitat

2259 2549 2317 2611 ἃς
2346 2549 2527 2623 αὐτὰς,
2559 2550 2634 2612 ὡς
2686 2548 2957 2624 μανθάνω,
3006 2550 3281 2627 βούλεται,
3332 2552 3506 2609 ἐλθὼν
3557 2552 3632 2616 εἷς
3670 2555 3864 2629 μέσον,

457 2658 595 2715 erga
624 2647 829 2709 Deum,
860 2645 1147 2712 quotquot
1177 2641 1423 2696 miseros
1464 2641 1699 2712 poterit,
1741 2639 1973 2711 abigere
2003 2656 2062 2695 va

2262 2636 2414 2715 ἑγειν,
2459 2637 2609 2701 ὅπως
2657 2646 2757 2710 τῆς
2788 2640 2923 2716 πρὸς
2954 2641 3045 2695 τὸν
3080 2642 3205 2695 Θεὸν
3249 2649 3481 2718 στοργῆς
3510 2642 3667 2705 ὅσους
3697 2640 3867 2699 δύνα-

455 2730 589 2787 leat.
624 2730 819 2786 Palam
852 2729 1007 2785 enim
1032 2731 1221 2786 dicere
1251 2729 1548 2796 nolumus,
1580 2729 1639 2783 in
1671 2728 2002 2800 Scripturas
2033 2744 2060 2784 e

2261 2746 2294 2779 ιι
2318 2724 2703 2799 ταλαιπώρους
2753 2727 3053 2797 ἀποστῆσαι
3079 2725 3314 2803 δυνηθῇ.
3348 2738 3422 2800 Δη
3438 2729 3601 2804 μοσίᾳ
3624 2732 3726 2806 γὰρ
3762 2730 3866 2785 αὖ-

453 2820 709 2891 capitula
738 2819 969 2874 intrusa
995 2833 1312 2886 esse;nam
1346 2818 1832 2874 conturbaremus
1862 2817 2058 2889 imper:

2262 2825 2302 2878 ις
2350 2813 2525 2891 λέγειν
2570 2822 2921 2892 προσκεῖσθαι
2965 2821 3085 2878 ταῖς
3143 2813 3359 2894 βίϐλοις
3409 2819 3469 2874 οὐ
3521 2819 3867 2896 βουλόμεθα,

454 2913 576 2964 tam
609 2907 857 2981 plebem,
890 2910 947 2963 et
988 2907 1071 2962 ita
1115 2906 1369 2979 improbi
1407 2906 1659 2962 hominis
1704 2905 1963 2963 Simonis
1994 2922 2059 2962 vo

2257 2903 2320 2957 rei
2349 2904 2641 2979 πτύραντες
2671 2907 2715 2942 ⁹⁰
2759 2904 2981 2978 ἀμαθεῖς
3013 2900 3219 2982 ὄχλους
3255 2910 3322 2945 ¹⁰⁰
3348 2912 3446 2962 τοῦ
3478 2912 3723 2985 πονηροῦ
3755 2908 3862 2964 Σί-

450 2997 738 3055 luntatem
772 2996 1114 3052 faceremus.
1147 2994 1416 3051 Nondum
1447 2994 1598 3050 enim
1632 2994 2002 3050 discernendi
2039 3011 2055 3049 ι

2254 3013 2387 3056 ωνος
2417 2992 2479 3047 τὸ
2510 2991 2727 3066 θέλημα
2757 2997 3043 3066 ποιοῦμεν.
3077 2996 3287 3065 Μήπως
3324 3001 3341 3034 ¹
3373 3002 3474 3073 γὰρ
3516 2997 3579 3051 τὸ
3629 2995 3859 3075 διακρι-

447 3086 694 3158 praediti,
726 3088 829 3140 aut
866 3084 1091 3156 fugient
1130 3100 1237 3139 nos
1278 3082 1435 3138 velut
1475 3084 1710 3154 impios,
1753 3088 1874 3153 aut,
1925 3099 2052 3155 qua:

2255 3081 2348 3135 κὸν
2381 3078 2600 3156 ἔχοντες
2650 3081 2927 3159 φεύξονται
2977 3083 3125 3155 ἡμᾶς
3177 3084 3248 3146 ὡς
3287 3080 3610 3148 ἀσεϐοῦντας
3637 3104 3651 3118 ·
3702 3087 3736 3156 ἢ
3772 3087 3860 3151 ὡς

448 3192 564 3230 non
595 3173 787 3230 solum
815 3172 1159 3245 blaspheme
1188 3171 1444 3244 capitula
1475 3171 1622 3228 falsa
1667 3172 1809 3239 sint,
1840 3171 2019 3228 etiam

2257 3172 2306 3220 ι²
2368 3170 2531 3244 μόνον
2579 3168 2685 3225 τῶν
2730 3168 3074 3246 βλασφήμων
3123 3172 3434 3248 περικοπῶν
3480 3171 3691 3248 ψευδῶν
3757 3176 3862 3231 οὖ-

444 3263 709 3319 doctrina
729 3266 931 3318 nostra
959 3261 1249 3317 secedent.
1283 3264 1472 3328 Quare
1503 3277 1743 3317 necesse
1775 3261 2049 3316 habemus

2255 3261 2329 3330 iw,
2379 3258 2775 3329 ἀποστήσονται
2826 3264 2921 3314 τοῦ
2971 3258 3164 3335 λόγου.
3211 3262 3304 3317 Διὸ
3355 3263 3587 3338 ἀνάγκην
3628 3257 3860 3339 ἔχομεν,

444 3352 718 3409 assentiri
746 3350 908 3406 falsis
937 3349 1230 3423 capitulis,
1264 3354 1321 3406 et
1362 3351 1431 3406 de
1462 3350 1670 3406 iisdem
1709 3350 1967 3407 vicissim
1998 3350 2049 3405 in

2257 3348 2711 3423 ιγκατατιθὲμενοι
2792 3353 2911 3410 ταῖς
2996 3346 3209 3422 ψευδέσι
3297 3357 3642 3427 περικοπαῖς,
3723 3356 3862 3431 περί

443 3441 792 3513 terrogando
823 3440 894 3494 ad
927 3439 1236 3512 angustias
1271 3438 1437 3494 illum
1470 3440 1761 3511 redigere;
1794 3439 2048 3495 benevoli

2216 3437 2370 3492 ιΰτῶν
2406 3435 2940 3509 ἀντιπυνθανόμενοι,
2992 3437 3067 3499 εἰς
3116 3439 3342 3515 ἀπορίαν
3389 3440 3548 3496 αὐτὸν
3607 3442 3697 3514 μὲν
3748 3444 3821 3521 cpi:

445 3532 641 3587 autem
670 3532 729 3584 et
758 3527 1043 3596 candidis,
1072 3534 1200 3598 post
1231 3527 1695 3599 experimentum
1739 3528 1895 3596 fidei,
1928 3543 2050 3583 seor

2247 3547 2330 3599 ειν,
2355 3530 2473 3589 τοῖς
2522 3523 2581 3581 δὲ
2634 3524 3035 3600 εὐγνωμονοῦσι
3067 3531 3171 3581 τῶν
3203 3530 3339 3584 κατὰ
3364 3551 3461 3584 του
3492 3534 3623 3585 Θεοῦ
3656 3531 3852 3607 ῥηθει-

442 3618 555 3675 sim
587 3619 812 3673 tradere
841 3615 1192 3671 solutionem
1232 3615 1621 3688 capitulorum
1668 3617 1956 3672 dictorum
1986 3617 2047 3671 ad

2246 3619 2303 3670 ὒν
2353 3619 2690 3686 πεπικοπῶν,
2745 3615 2880 3688 μετὰ
2922 3615 3111 3692 πείραν
3160 3617 3392 3680 πίστεως
3425 3617 3533 3690 ἰδίᾳ
3580 3621 3851 3696 παρέχειν

443 3724 647 3764 versus
683 3707 880 3776 Deum,
912 3721 1039 3776 quas
1070 3705 1307 3775 quidem
1342 3722 1518 3760 unum
1568 3721 1633 3761 ac
1663 3705 1895 3761 brevem
1933 3706 2048 3761 viai

2247 3708 2291 3773 iv
2325 3706 2347 3742 ³
2378 3702 2642 3778 ἐπίλυσιν,
2673 3702 2794 3774 ἥτις
2830 3703 2954 3778 μίαν
2983 3704 3072 3759 καὶ
3104 3704 3369 3780 σόντομον
3400 3705 3513 3784 ἔχει
3543 3709 3643 3777 τήν
3692 3706 3852 3769 ὁδόν.

440 3801 498 3853 et
527 3798 811 3852 rationem
834 3794 1029 3849 habet.
1063 3794 1182 3849 Ista
1213 3798 1408 3850 autem
1442 3798 1547 3849 est.

974 3798 1029 3848 et.
1063 3794 1182 3849 Ista
1213 3798 1408 3850 autem
1442 3798 1547 3849 est.
2191 3793 2341 3848 Ἔστι
2373 3790 2430 3848 δὲ
2460 3790 2579 3862 ἥδε.

507 3884 620 3941 XL.
660 3884 845 3939 Omne
884 3883 1108 3938 dictum
1163 3880 1250 3937 vel
1301 3883 1581 3953 scriptum
1636 3884 1840 3937 contra
1895 3881 2082 3939 Deum

2263 3883 2378 3938 XL.
2413 3888 2521 3936 Πᾶν
2565 3881 2756 3957 λεχθὲν
2806 3883 2842 3951 ἢ
2886 3883 3086 3960 γραφὲν
3133 3882 3269 3938 κατὰ
3314 3886 3409 3938 τοῦ
3459 3888 3592 3939 Θεοῦ
3639 3883 3848 3959 ψεῦδός

435 3972 808 4031 mendacium
842 3975 947 4027 est.
983 3970 1146 4035 Quod
1181 3976 1377 4026 autem
1406 3972 1459 4025 id
1492 3985 1642 4037 vere,
1687 3987 1800 4026 non
1832 3987 1964 4027 vero
1996 3988 2040 4027 ε(

2249 3990 2353 4027 τιν.
2383 3975 2503 4025 ’Ότι
2543 3968 2599 4025 δὲ
2643 3969 2862 4041 ἀληθῶς
2910 3976 3071 4026 τοῦτο
3117 3972 3177 4027 οὐ
3231 3971 3395 4044 μόνον
3441 3972 3709 4046 εὐφημίας
3734 3972 3854 4033 ἔνε-

434 4061 559 4118 lum
589 4060 826 4116 honoris
874 4060 1062 4131 gratia
1105 4058 1396 4131 dicamus,
1429 4059 1528 4115 sed
1575 4058 1749 4114 etiam
1796 4059 2039 4114 veritati:

2241 4078 2276 4114 εν
2312 4056 2570 4135 λὲγομεν,
2622 4057 2770 4113 ἀλλὰ
2798 4060 2887 4113 καὶ
2917 4059 3197 4131 ἀληθείας,
3233 4061 3367 4132 μετά
3402 4061 3580 4137 βραχὺ
3612 4066 3846 4139 προϊόν-

435 4149 610 4223 paulo
642 4152 775 4222 post
812 4148 1155 4220 procedente
1204 4164 1472 4204 sermone
1528 4154 1743 4203 certam
1792 4149 2040 4204 ratione:

2243 4167 2277 4209 ις
2305 4145 2402 4202 τοῦ
2446 4144 2616 4222 λόγου
2658 4146 3094 4225 πληροφορήσω.
3145 4150 3297 4203 Ὅθεν
3348 4148 3430 4223 σὺ,
3482 4148 3708 4228 φίλτατε
3739 4176 3848 4226 μοι

435 4240 694 4298 afferam.
730 4238 889 4296 Unde
921 4241 1008 4305 tu,
1042 4236 1387 4293 charissime
1424 4236 1710 4307 Clemens,
1744 4237 2040 4293 contristai

2242 4235 2448 4309 λήμης,
2498 4234 2583 4291 ἐπὶ
2631 4240 2710 4308 τῷ
2754 4236 2847 4291 τὸν
2896 4235 3122 4309 Σίμωνα
3153 4238 3287 4313 πρὸς
3317 4239 3416 4308 τήν
3454 4242 3675 4311 ζήτησιν
3708 4244 3847 4317 μίαν

1780 4333 2028 4389 VARle
2067 4334 2481 4391 LECTIONES.

502 4426 548 4463 ⁸⁸
574 4425 682 4480 τῶν
713 4419 1260 4500 μγελλόντωνᾼγάρᾼβε
1288 4491 1300 4500 ⁸
1335 4423 1380 4459 ⁹⁴
1411 4421 1673 4500 Μωυσέος
1838 4423 1889 4500 ξδ
1914 4420 2080 4500 μόνμου
2100 4423 2177 4500 ρ.
2210 4426 2297 4478 Ita
2324 4423 2633 4500 legendum
2658 4422 2959 4500 j_am_vidi_t
2988 4424 3053 4500 ξ).
3088 4426 3201 4500 Cir.
3231 4424 3385 4500 infra
3409 4444 3549 4500 Acap.
3602 4430 3689 4500 40,
3724 4432 3801 4487 45
3830 4452 3842 4500 ;

432 4479 601 4570 hom.
621 4479 792 4570 III,‘6,
822 4493 997 4570 νόμου
1026 4479 1085 4550 C:
1134 4479 1532 4570 .”_Mytp_0m.
1565 4496 1630 4550 Ο.
1660 4479 1671 4484 ⁷
1708 4496 1749 4570 °_"
1773 4496 1869 4547 τοῦ
1891 4479 2035 4570 ,Θεοῦ
2092 4493 2159 4563 Ο,
2218 4510 2270 4564 0,
2321 4479 2413 4570 is,”
2446 4494 2538 4570 τόν
2577 4479 2749 4570 μθεόνι,
2781 4498 2842 4552 C.
2918 4497 2963 4570 f”
2988 4479 3071 4552 Ita
3404 4479 3843 4570 δύῖῖσὸνῆἑέξὲὧέ

432 4575 490 4628 C.
566 4569 612 4641 99
642 4559 795 4641 Itaé
850 4559 910 4641 in
942 4582 1173 4641 marg.,_
1208 4559 1438 4641 in__'ciij.
1465 4570 1689 4641 ‘textu_
1711 4563 2119 4641 ἐπιπτύραντες,
2144 4559 2153 4563 ⁷
2181 4559 2274 4641 ιη’,
2302 4559 2386 4623 Ο.’
2415 4568 2514 4641 -ίοδ
2548 4564 2665 4641 dy:
2720 4559 2843 4641 3x._
2873 4564 3037 4620 αὐτοῦ
3092 4571 3151 4636 C,
3213 4567 3246 4641 ᾀ
3278 4559 3370 4635 ὄ.,’
3416 4569 3530 4624 ὅθεν
3566 4559 3728 4626 adre?»
3763 4559 3834 4631 Οξ

432 4646 453 4681 ι
497 4640 683 4718 ,μήπω
711 4638 776 4696 Ο.
852 4639 875 4675 ³
903 4635 966 4692 οὐ
992 4633 1108 4694 οιῐῇ
1135 4633 1207 4693 ⁷0.
1262 4633 1596 4694 Μοκόὐσῶν
1636 4633 1764 4692 ἀλλ’
1790 4633 2178 4708 ἀποίτήσονται
2210 4634 2376 4713 ..όγου
2405 4637 2468 4696 C.
2545 4639 2567 4675 ³
2606 4633 2793 4695 Ἐι-ικειῖ
2818 4639 2856 4695 S
2903 4643 2974 4695 de
3030 4642 3089 4707 C,
3138 4633 3249 4711 qui
3295 4633 3425 4697 exh.
3487 4642 3586 4712 τήν
3647 4650 3712 4700 ut
3762 4647 3839 4718 Ο,

429 4710 547 4776 ταῖς
574 4710 658 4769 Cl.

1807 4796 2181 4855 VARIORUM
2218 4796 2453 4855 ΝΟΤΛΕ.

512 4889 625 5013 (542
681 4883 874 4942 Πολλὰ
918 4881 1020 5011 γὰρ
1076 4880 1246 4967 ψευδῇ
1304 4885 1441 4939 κατᾶ
1479 4887 1577 4970 ’ξοῦ
1629 4888 1762 4969 Θεοῦ
1840 4883 2085 4968 προσέλα
2193 4886 2561 4943 contumeliis
2594 4885 2936 4955 incessunt;
2978 4886 3376 4946 Abrahamun:
3424 4891 3657 4961 quidem
3699 4909 3847 4953 cum

512 4982 534 5013 ν
566 4982 599 5013 α
652 4955 875 5013 Γοαωαί.
913 4963 985 5013 b‘a
1012 4973 1077 5013 sa
1104 4974 1258 5013 veris
1316 4963 1596 5013 nermtsta
1654 4958 1835 5013 fuisse
1892 4975 1951 5013 in
1985 4975 2081 5013 sa-
2195 4959 2414 5013 Isaaco.
2451 4958 2691 5013 Jacobo.
2722 4962 2917 5013 Movse
2941 4964 2999 5013 et
3027 4964 3275 5013 Aarone.
3310 4979 3492 5013 usque
3522 4964 3591 5013 ad
3623 4964 3839 5013 Jesnm

436 4955 534 5036 δον
566 4955 621 5015 αἳ
652 4955 875 5036 Γραφαίτ
913 4955 1258 5036 Ε’ᾳίεανθιείε
1315 4958 1616 5036 permista_
1654 4958 1835 5036 fuisse
1885 4955 1951 5013 in
1978 4975 2081 5036 _sa-
2187 4958 2694 5036 _I_saaco,__Jacobo,_
2722 4962 2917 5036 Moyse
2941 4964 2999 5015 et
3027 4964 3275 5036 A_arone,
3310 4955 3492 5036 usque
3522 4964 3593 5018 ad
3623 4964 3843 5024 Jesum

439 5034 557 5090 cris
597 5028 912 5102 Scripturis
945 5028 1161 5103 dicitur
1212 5028 1432 5101 passim
1462 5029 1572 5103 hoc
1602 5028 1661 5084 in
1709 5028 2076 5103 Apocrypho,
2187 5028 2339 5103 Nave
2361 5030 2551 5085 {ilium
2584 5030 2950 5103 recipientes,
2974 5032 3072 5086 sed
3107 5036 3310 5103 postea
3341 5028 3706 5103 Simsonem,
3733 5038 3845 5094 Sa-

434 5104 615 5179 impie
637 5098 807 5179 jugita
835 5117 911 5179 ac_
926 5098 1103 5179 stulte
1122 5117 1136 5156 :
1150 5098 1231 5179 erg
1248 5106 1511 5179 veterum
1540 5098 1956 5179 hereticorum
1977 5098 2079 5157 de;
2187 5098 2804 5179 mu_elem,_David_ém,
2851 5098 3265 5179 ξειιοωρῐῐεωΔ
3294 5104 3498 5179 Eliam,
3546 5098 3837 5179 Eliseum,

430 5171 780 5251 liramentis,
815 5172 1114 5251 qui,texte.
1146 5171 1423 5251 S._Iren_aeo
1452 5171 1553 5226 lib.
1587 5188 1830 5251 111..cap.
1862 5174 1916 5243 2,
1941 5189 2075 5228 cum
2187 5171 2421 5239 Isaiam,
2447 5171 2805 5251 'Jeremiam,
2859 5174 3177 5251 Danielem,
3226 5176 3607 5251 Ezechielem,
3656 5171 3835 5251 alios,

432 5262 502 5302 ex
545 5242 862 5317 Scripturis
912 5247 1297 5317 arguerentur
1338 5243 1396 5297 in
1444 5242 1872 5317 accusationem
1904 5242 2076 5298 'con-
2186 5242 3512 5317 omnesqueprophetasdetestati.Ptolemaitaa
3535 5242 3669 5305 vero
3693 5242 3844 5307 Pen;

430 5313 1083 5386 vertebanturipsarum
1116 5313 1746 5386 Scripturarum,quasi
1772 5331 1883 5369 non
1919 5321 2075 5369 recte
2182 5313 2685 5386 tateuch‘um'cuin
2738 5315 2960 5386 legibus
2990 5316 3198 5371 divinis
3255 5317 3513 5376 humana
3547 5321 3836 5379 mandata.

433 5384 933 5455 haberent,neq'ue
953 5390 1160 5458 essent
1194 5384 1263 5441 ei
1290 5384 1649 5458 auctoritate,
1674 5389 1731 5439 et
1753 5386 1890 5456 quia
1917 5385 2076 5458 varie
2184 5385 2490 5458 complecti
2515 5384 2834 5441 afﬁrmant.
2851 5388 2919 5441 Et
2946 5387 3302 5458 Appelleiani
3327 5406 3360 5443 a
3380 5391 3609 5447 Christo
3627 5391 3839 5451 volunt

434 5462 634 5534 essent
672 5454 873 5534 dictos.
907 5456 999 5534 Sic
1058 5458 1212 5534 apud
1272 5458 1328 5512 S.
1365 5454 2073 5534 EpiphaniumiEbiontei
2183 5454 2366 5534 fuisse
2391 5458 2922 5534 i_ndicatum,_quid_
2946 5454 3012 5513 in
3033 5454 3214 5534 sacris
3242 5458 3449 5534 litteris
3481 5463 3551 5518 ab
3582 5463 3708 5534 ipso
3740 5467 3836 5520 di-

434 5528 649 5605 Moysjs
672 5526 1129 5605 Pentateuchum
1154 5526 1444 5605 integrum
1468 5542 1582 5580 non
1601 5528 2071 5605 ad_mittunt,sed
2180 5531 2343 5605 ctum
2392 5529 2585 5605 fuerit.
2633 5526 2849 5605 quidla
2892 5529 3235 5605 damiurgo.
3268 5531 3416 5605 Lege
3447 5535 3516 5589 de
3540 5526 3835 5594 Ebionasis

436 5596 705 5676 quaedam
727 5597 885 5653 illius
914 5596 1205 5666 rejiciunt,
1238 5596 1636 5668 majoremque
1666 5596 1811 5669 legis
1842 5596 2068 5670 partem
2179 5598 2455 5655 Methodii
2486 5596 2813 5655 Convibium
2842 5617 2926 5657 0r.
2959 5601 3013 5655 8.
3046 5617 3104 5673 p.
3131 5596 3264 5658 Ῑ1Ο.
3296 5596 3415 5659 Cot.
