4100 6334
174 346 265 405 ius
1276 341 1802 405 CLEMENTINA.
1836 374 1911 387 —
1953 339 2281 406 HOMILIA
2324 345 2402 406 II.

3423 352 3536 415 106

167 478 249 539 τῆν
292 474 577 529 ἐνεστῶσαν
630 473 944 549 ὑπερθέσθαι
992 475 1201 549 ἡμέραν
1252 474 1353 529 οὐκ
1403 473 1641 552 ὀφείλεις
1689 471 1783 527 λυ-

1900 492 2013 530 non
2045 476 2242 543 debes,
2274 479 2428 549 quod
2474 478 2673 536 Simon
2722 480 2793 537 ad
2841 481 3301 554 disputationem
3352 502 3536 541 unum

170 565 387 620 πεῖσθαι.
447 565 701 639 Σήμερον
758 564 861 638 γὰρ
917 564 1022 638 πρὸ
1070 567 1168 633 τῆς
1217 566 1497 634 ζητήσεως
1547 582 1784 640 προεφο-

171 650 461 723 διαζόμενος
493 652 615 727 περὶ
654 656 765 707 τῶν
798 651 889 707 δέν
935 657 1056 713 ταῖς
1097 658 1331 730 Γραφαῖς
1378 650 1783 728 προσκειμένων

169 746 472 815 περικοπῶν,
506 738 593 794 ἐπὶ
612 742 709 809 τῆς
732 742 1009 811 ζητήσεως
1027 740 1151 816 περὶ
1180 745 1279 795 τοῦ
1312 740 1479 814 μόνου
1501 744 1633 795 Θεοῦ
1654 742 1675 776 ⁵
1694 738 1785 794 κάῖ

165 830 361 903 ἀγαθοῦ,
410 834 510 884 τοῦ
556 850 647 884 και
691 830 787 884 τὸν
833 828 1038 902 κόσμον
1087 828 1475 899 πεποιηκότος,
1529 832 1619 886 71
1671 826 1785 883 δια-

164 921 379 989 κριθῆναι
436 920 539 974 οὐκ
586 918 846 996 ὀφείλεις
898 917 1043 974 ἀλλὰ
1089 918 1177 973 καθ
1228 919 1517 991 θαομάσεις
1560 917 1647 972 ἐπὶ
1683 919 1783 986 τῆς

166 1010 436 1078 ζητήσεως,
473 1030 593 1071 πως
640 1009 692 1063 οἱ
740 1002 974 1075 ἀσεϐεῖς,
1002 1008 1071 1062 τὰ
1117 1006 1305 1078 πλήθη
1338 1012 1446 1062 τῶν
1487 1007 1617 1080 ὑπὲρ
1651 1010 1785 1062 Θεοῦ

167 1098 440 1171 εἰρημένων
495 1096 546 1151 έν
595 1102 715 1159 ταῖς
764 1102 998 1173 Γραφαῖς
1047 1096 1444 1171 παραλιπόντες
1474 1098 1516 1167 ⁸,
1558 1094 1627 1150 τὰ
1667 1096 1786 1149 κατ’

166 1186 302 1240 αὐτοῦ
348 1184 615 1258 εἰρημένα
661 1179 1121 1256 περιϐλεπόμενοι
1166 1184 1452 1260 χαίροντες
1508 1185 1780 1262 φέρουσιν·

163 1276 233 1327 καὶ
260 1274 429 1336 οὕτως
463 1274 517 1328 oi
547 1273 804 1349 ἀκροαταῖ
835 1272 1050 1348 ἀγνοίας
1080 1272 1317 1343 αἷτιᾳ,τὰ
1352 1271 1488 1327 κατά
1524 1277 1620 1327 τοῦ
1650 1275 1783 1327 Θεοῦ

160 1364 531 1434 πιστεύσαντες,
556 1369 657 1432 τῆς
703 1362 872 1418 αὑτοῦ
906 1359 1182 1436 βασιλείας
1213 1356 1523 1431 ἀπόϐλητοι
1553 1363 1576 1397 ⁷
1603 1359 1783 1437 γίνον-

160 1473 243 1506 ται.
292 1453 382 1507 Διὸ
434 1451 503 1506 σὺ
551 1453 816 1529 προφάσει
868 1450 1198 1527 ὑπερθέσεως
1243 1451 1305 1505 τὸ
1346 1452 1644 1526 μυστήριον
1675 1453 1781 1505 τῶν

162 1546 355 1618 Γραρῶν
410 1542 626 1614 μαθὼν,
670 1538 938 1617 κερδήσας
985 1539 1063 1602 είς
1111 1539 1240 1594 Θεὸν
1289 1540 1365 1613 μὴ
1418 1538 1781 1613 ἁμαρτάνειν,

162 1627 539 1705 ἆπῳαὸλήτως
570 1632 807 1706 χαρήσῃ.

210 1722 336 1776 XLI.
370 1720 537 1795 Κάγὼ
588 1717 825 1791 Κλήμης
877 1718 1108 1781 ἀκούσας
1158 1716 1311 1796 ἔφην’
1360 1716 1615 1787 ’Δληθῶς
1663 1715 1786 1792 χαί-

1894 565 2051 622 buno
2081 565 2237 622 diem
2272 566 2675 625 intermiserit.
2704 569 2885 627 Hodie
2912 571 3070 627 enim
3102 577 3235 628 ante
3265 572 3536 646 disputa-

1893 655 2110 711 tionem
2144 656 2465 712 instructus
2494 658 2565 714 de
2595 658 2869 731 capitulis
2900 660 3211 732 Scriptura;
3229 663 3535 734 appositis,

1895 743 2047 799 inter
2075 744 2496 817 disputandum
2528 747 2600 802 de
2630 763 2747 803 uno
2778 746 2894 804 Deo
2923 752 2981 805 et
3011 749 3186 818 bono,
3215 751 3540 824 mundique

1895 838 2169 900 creatore,
2201 832 2469 889 haesitare
2498 851 2614 890 non
2666 836 2841 891 debes
2874 852 2887 891 :
2924 837 3022 893 sed
3055 842 3110 892 et
3141 838 3198 893 in
3248 839 3537 912 discepta-

1893 921 2050 976 tione
2083 922 2411 989 miraberis,
2443 939 2559 994 quo
2592 928 2759 994 pacto
2791 924 2955 996 impii
2988 926 3241 998 plurima
3290 927 3348 982 in
3382 928 3537 984 Scri-

1894 1009 2084 1082 pturis
2115 1026 2218 1082 pro
2249 1010 2367 1066 Deo
2396 1012 2551 1067 dicta
2582 1010 2944 1084 relinquunt,
2977 1017 3036 1070 et
3064 1015 3441 1087 respicientes
3464 1017 3535 1072 ad

1892 1115 1980 1163 ea,
2003 1115 2133 1171 quas
2163 1104 2366 1156 contra
2393 1100 2590 1172 ipsum
2620 1102 2839 1173 scripta
2870 1106 3027 1169 sunt,
3048 1102 3169 1159 haec
3200 1103 3313 1161 laeti
3346 1105 3536 1177 profe-

1893 1192 2049 1258 runt,
2083 1189 2283 1261 sicque
2316 1189 2610 1247 auditores
2642 1190 2984 1263 ignorantia:
3012 1206 3306 1265 ergo,quaa
3335 1199 3540 1249 contra

1895 1277 2076 1332 Deum
2115 1282 2274 1344 sunt,
2309 1278 2629 1346 credentes,
2664 1278 2737 1334 ab
2784 1278 2942 1334 illius
2976 1295 3153 1352 regno
3201 1280 3535 1353 ejiciuntur.

1892 1364 2172 1429 Quocirca
2226 1368 2314 1437 tu,
2370 1366 2673 1422 occasione
2728 1366 3028 1423 dilationis
3101 1368 3539 1440 Scripturarum

1895 1453 2236 1526 mysterium
2268 1454 2788 1518 discens,luoratus
2820 1472 2937 1511 non
2966 1472 3204 1528 peccare
3234 1457 3295 1513 in
3325 1458 3547 1528 Deum,

1892 1542 2333 1614 incomparabili
2362 1544 2575 1616 gaudio
2605 1544 2897 1601 afﬂcieris.

1962 1721 2101 1777 XLI.
2136 1722 2203 1776 Et
2250 1737 2356 1793 ego
2397 1720 2687 1788 Clemens,
2734 1738 2800 1777 eo
2849 1722 3073 1789 audito,
3121 1722 3291 1780 dixi:
3321 1724 3539 1779 Revera

156 1829 217 1879 ρω
264 1810 348 1862 καὶ
406 1806 577 1884 χάριν
629 1807 900 1882 ὁμολογῶ
951 1813 1031 1879 τῷ
1104 1809 1241 1862 κατὰ
1308 1806 1481 1861 πάντα
1533 1805 1784 1881 εὐεργέτῃ

1900 1811 2141 1881 gaudeo,
2168 1816 2226 1866 et
2254 1812 2473 1883 gratias
2504 1809 2689 1866 habeo
2724 1811 2978 1867 benefico
3009 1828 3250 1884 prorsus
3277 1813 3415 1876 Deo,
3439 1812 3540 1884 qui

156 1902 264 1967 Θεῷ·
294 1897 443 1965 πλὴν
491 1897 650 1958 αὐτὸς
701 1893 843 1951 οἶδεν
893 1896 975 1952 ὅτι
1027 1895 1167 1952 ἄλλο
1195 1917 1249 1952 τι
1288 1900 1499 1973 φρονεῖν
1529 1895 1590 1949 ού
1623 1892 1783 1965 δυνή-

156 2008 312 2058 σομαι,
344 1987 379 2055 ἢ
415 1989 439 2023 ⁸
467 1987 536 2041 τὰ
566 1990 735 2040 πάντα
768 1986 900 2058 ὑπὲρ
952 1990 1086 2041 Θεοῦ
1135 1990 1370 2062 φρονεῖν.
1397 1985 1554 2042 ’Ὀθεν
1607 1986 1680 2057 μή
1719 2004 1785 2057 με

159 2070 412 2149 ὑπολάϐῃς
464 2075 540 2137 ὡς
608 2070 1027 2152 ἀμφιϐάλλοντα
1072 2080 1191 2136 τοῖς
1258 2075 1363 2129 ὑπὸ
1410 2079 1543 2129 Θεοῦ
1594 2073 1789 2148 ῥηθεῖ-

155 2166 266 2216 σιν⁹
304 2165 338 2233 ἢ
386 2163 486 2218 καὶ
536 2162 938 2238 ῥηθησομένοις
991 2166 1035 2202 ¹⁰
1084 2162 1475 2235 πυνθάνεσθαι,
1525 2161 1653 2219 ἀλλ’
1701 2162 1788 2218 ίνα

159 2254 316 2321 μαθὼν
347 2252 442 2306 καὶ
480 2252 636 2313 αὐτὸς
668 2250 838 2307 ἄλλον
882 2251 1243 2326 εὐγνωμόνως
1292 2255 1335 2291 ¹¹
1389 2252 1573 2324 μαθεῖν
1607 2252 1787 2306 θέλον·

153 2361 207 2393 τα
230 2338 435 2412 διδάξαι
480 2338 715 2411 δυνηθῶ.
749 2340 841 2395 Διὸ
875 2339 1008 2415 λόγε
1058 2361 1173 2414 μοι,
1212 2340 1333 2395 τίνα
1380 2339 1491 2395 icti
1528 2341 1594 2394 τὰ
1624 2361 1789 2415 προσ-

154 2430 349 2500 κείμενα
394 2433 443 2468 ³³
490 2427 660 2502 ψευδῆ
709 2435 828 2491 ταῖς
877 2434 1116 2505 Γραφαῖς
1162 2428 1251 2483 καὶ
1294 2433 1433 2490 πῶς.
1484 2427 1566 2483 ὅτι
1615 2423 1785 2491 ὅντως

156 2516 301 2589 ᾴευδῆ
359 2516 647 2594 τυγχάνει.
697 2518 794 2573 Καὶ
846 2519 875 2573 ὁ
926 2518 1129 2591 Πέτρα,
1178 2516 1539 2593 ἀπεκρίνατοο
1593 2517 1691 2571 Καὶ
1740 2515 1786 2572 εἷ

159 2609 219 2676 μή
253 2628 353 2678 μου
386 2606 614 2670 ἐπύθου,
647 2605 753 2681 ἐγὼ
779 2606 849 2680 τῇ
897 2606 1041 2676 τάξει
1090 2606 1242 2679 ἐξιὼν
1291 2610 1397 2660 τῶν
1450 2604 1628 2682 λόγων
1656 2626 1789 2679 παρ-

158 2700 289 2769 εῖχον
318 2698 422 2765 τήν
478 2693 766 2767 ἀπόδειξιν,
816 2695 882 2763 ἢν
936 2695 1280 2770 ὑπεσχόμην.
1333 2693 1485 2764 Πλὴν
1532 2697 1787 2764 ἄκουσον,

157 2791 255 2847 πῶς
301 2785 475 2840 αὑτοῦ
521 2782 707 2839 πολλά
751 2782 1173 2857 καταψεύδονται
1221 2786 1277 2839 αἱ
1308 2783 1535 2863 Γραφαὶ,
1567 2784 1642 2846 ὡς
1674 2781 1789 2857 εἷ’σῃ

158 2873 329 2950 ἔργα
334 2876 396 2928 ἀν
403 2896 485 2929 ων
516 2874 721 2935 αὐταῖς.

211 2966 365 3020 XLII.
410 2960 860 3037 Παραδείγματος
908 2960 965 3016 δὶ
1010 2959 1187 3017 ἕνεκεν
1236 2966 1282 3000 ¹³
1327 2961 1393 3017 τὰ
1439 2961 1790 3038 ῥηθησόμενα

158 3053 415 3126 τότάρκως
446 3049 576 3123 ἕξει.
608 3051 718 3106 Οὐκ
750 3055 846 3109 72
878 3053 1032 3124 οἶμαι
1077 3048 1154 3123 δὲ,
1189 3052 1234 3106 ὦ
1280 3050 1406 3129 φίλε
1453 3049 1709 3124 Κλήμης,
1741 3052 1787 3108 εἶ

154 3139 421 3211 Εττνήσεταί
474 3161 597 3209 τις,
645 3140 740 3194 κᾶν
796 3138 1054 3216 βραχεῖάν
1101 3160 1221 3194 τινα
1268 3140 1403 3215 πρὸς
1448 3140 1576 3196 Θεὸν
1627 3161 1785 3216 στορ-

152 3230 236 3302 γῆν
296 3229 387 3284 καὶ
463 3227 876 3301 εὐγνωμοσύνην
929 3228 1269 3300 ἀποσώζων,
1312 3226 1705 3303 παραδέξασθαι
1747 3229 1783 3297 ἢ

152 3318 229 3370 κᾶν
272 3319 503 3372 ἀκοῦσαι
551 3317 617 3371 τὰ
664 3318 779 3371 κατ’
826 3316 991 3371 αὐτοῦ
1041 3314 1333 3392 λεγόμενα.
1367 3322 1488 3379 Πῶς
1542 3315 1599 3372 δὲ
1646 3316 1787 3372 ἔστιν

156 3406 290 3459 αὐτόν
336 3426 471 3460 τινα
523 3405 863 3480 μοναρχικήν
910 3405 1095 3480 ψυχὴν
1146 3401 1292 3480 ἔχειν
1501 3406 1589 3460 καὶ
1638 3405 1787 3460 ὅσιον

152 3496 393 3565 γενέσθαι,
449 3492 828 3569 προειληφότα
875 3492 957 3547 δτι
1008 3490 1213 3548 πολλοί
1261 3493 1363 3548 εἰσι
1411 3493 1523 3548 θεοὶ
1560 3495 1650 3548 καὶ
1683 3494 1791 3571 οὐχ

156 3585 248 3650 εἶςς
282 3584 342 3639 Ei
376 3582 441 3638 δὲ
483 3582 573 3636 καὶ
621 3584 719 3651 εἷς,
756 3580 809 3636 ἐν
853 3581 1089 3643 πολλοῖς
1135 3582 1480 3655 ἀτοπήμασιν
1529 3582 1787 3656 εὑρίσκων

399 3672 496 3732 τίς
553 3669 699 3733 ὅσιος
756 3673 801 3706 ¹⁴
858 3668 1148 3725 σπουδάσει
1204 3666 1469 3746 γενέσθαι,
1531 3672 1628 3739 τήν
1682 3675 1791 3725 τῶν

156 3760 279 3815 ὅλων
311 3761 503 3835 ἀρχὴν
537 3756 627 3813 διὰ
670 3759 738 3813 τὰ
784 3755 895 3814 ἴδια
940 3766 1040 3828 τῆς
1081 3758 1289 3836 φύσεως
1320 3759 1666 3832 ἀτοπήματα,
1699 3756 1789 3813 ἐλ-

155 3848 293 3911 πίσας
327 3850 407 3921 μη
448 3847 769 3923 ἐπέρχεσθαι
794 3847 862 3902 τὰ
890 3844 1075 3902 ἄλλων
1109 3844 1421 3921 ἀδικήματα
1451 3864 1467 3917 ;

158 3671 290 3726 αὖτὸν
326 3718 341 3743 ν

212 4029 397 4084 XLIII.
437 4025 535 4080 Διὸ
570 4023 729 4095 ἀπείη
782 4026 828 4062 ¹⁶
875 4023 1167 4098 πιστεύειν,
1200 4024 1284 4079 ὅτι
1315 4024 1343 4079 ὁ
1370 4029 1478 4080 τῶν
1530 4024 1674 4080 ὅλων
1704 4034 1792 4081 Δε-

156 4116 361 4185 στότης,
396 4116 463 4175 ὃς
510 4113 735 4187 οὐρανὸν
778 4110 955 4168 ἰκτισε
1000 4111 1091 4168 καὶ
1138 4119 1241 4188 γῆν
1290 4113 1380 4168 καὶ
1428 4114 1600 4169 πάντα
1639 4116 1707 4169 τὰ
1736 4114 1787 4170 έν

156 4200 339 4270 αὐτοῖς,
374 4201 589 4276 ἑτέροις
635 4203 914 4276 συνάρχει,
944 4202 981 4271 ἢ
1014 4200 1097 4256 ὅτι
1144 4198 1416 4275 ψεύδεταιο
1448 4203 1494 4258 εί
1523 4204 1627 4279 γὰρ
1659 4203 1786 4278 ψεύ-

158 4289 303 4365 δεται,
332 4292 427 4347 καὶ
478 4292 567 4353 τίς
606 4290 865 4361 ἀληθεύει
897 4311 911 4360 ;
943 4292 978 4359 ἢ
1031 4292 1115 4345 δτι
1162 4290 1401 4367 πειράζει
1454 4290 1529 4354 ὠς
1561 4293 1788 4368 ἀγνοῶν,

156 4381 225 4433 ui
269 4381 350 4444 τίς
398 4380 777 4454 προγινώσκει
825 4398 840 4449 ;
892 4378 955 4433 Ei
1006 4376 1063 4434 δὶ
1110 4378 1413 4452 ἐνθυμεῖται
1462 4382 1550 4435 καὶ
1602 4402 1737 4453 μετα
1767 4414 1789 4426 -

160 4468 384 4537 μελεῖται
422 4472 489 4541 1⁸,
522 4468 615 4522 καὶ
644 4467 726 4529 τίς
773 4466 853 4540 νῷ
896 4465 1107 4529 τέλειος
1156 4467 1244 4521 καὶ
1274 4470 1467 4543 γνώμῃ
1506 4466 1742 4542 ἕμμονος
1774 4488 1789 4539 ;

1893 1899 2066 1954 etiam
2102 1900 2212 1955 scit
2244 1915 2333 1954 me
2366 1898 2519 1954 aliud
2556 1899 2775 1955 sentire
2804 1917 2916 1955 non
2954 1917 3145 1971 posse,
3178 1901 3288 1955 nisi
3329 1906 3541 1957 cuncta

1894 2004 1997 2059 pro
2026 2004 2114 2042 eo.
2148 1987 2430 2051 Quocirca
2462 2004 2534 2043 ne
2562 1989 2786 2058 credas,
2816 2004 2931 2053 me,
2964 1989 3132 2059 quasi
3165 1991 3235 2045 de
3289 1991 3382 2045 Dei
3414 2006 3543 2045 ver-

1893 2075 1986 2131 bis
2013 2074 2097 2131 vel
2133 2077 2205 2132 de
2235 2077 2306 2132 iis
2335 2094 2463 2145 quae
2496 2077 2761 2132 dicturus
2788 2093 2849 2132 es
2867 2078 3536 2151 dubitem,inlerrogare;

1895 2165 1994 2220 sed
2030 2169 2092 2219 ut
2121 2165 2413 2221 audiendo
2437 2166 2558 2237 ipse
2589 2181 2820 2237 quoque
2851 2165 3028 2221 alium
3062 2167 3306 2221 candide
3336 2168 3540 2222 audire

1896 2253 2321 2309 desiderantem
2353 2254 2559 2309 docere
2586 2253 2833 2309 valeam.
2883 2254 3101 2311 Idcirco
3132 2271 3354 2326 expone
3393 2254 3537 2311 mihi

1896 2357 2167 2412 quaenam
2200 2344 2322 2397 sint
2353 2342 2659 2398 mendacia
2688 2343 2747 2398 in
2778 2343 3095 2414 Scripturis
3148 2343 3453 2414 exstantia,
3485 2348 3543 2399 et

1896 2446 2013 2502 quo
2045 2432 2216 2487 modo
2245 2447 2376 2487 vere
2395 2432 2699 2487 mendacia
2727 2432 2952 2487 sint.Ac
2987 2432 3190 2487 Petrus
3208 2432 3535 2504 respondit:

1899 2518 2055 2573 Licet
2085 2535 2178 2574 me
2228 2536 2343 2574 non
2375 2520 2815 2592 interrogasses,
2863 2535 2970 2592 ego
3021 2520 3285 2576 ordinem
3338 2537 3540 2593 prose-

1896 2624 2084 2678 quens
2140 2624 2479 2663 sermonum
2510 2608 2905 2664 exbibuissem
2953 2610 3536 2677 demonstrationem,

1897 2712 2075 2766 quam
2108 2697 2511 2767 promiseram.
2537 2697 2721 2769 Igitur
2750 2698 3031 2769 audi,quo
3065 2702 3229 2770 pacto
3262 2698 3447 2753 multa
3477 2698 3536 2753 in

1898 2789 2078 2840 Deum
2130 2784 2488 2841 mentiantur
2537 2785 2869 2857 Scriptura,
2898 2786 3395 2859 quemadmodum
3436 2802 3536 2842 eas

1895 2873 2142 2944 legendo
2172 2872 2485 2945 intelliges.

1966 2962 2133 3018 XLII.
2172 2962 2423 3034 Exempli
2453 2972 2644 3019 autem
2673 2964 2882 3035 gratia,
2915 2981 3043 3036 quae
3092 2964 3379 3036 dicentur,
3412 2966 3537 3021 suf-
3597 3030 3608 3040 .

1898 3051 2114 3107 ﬁcient.
2149 3050 2217 3105 Et
2260 3067 2413 3117 vero,
2444 3046 2629 3108 amice
2677 3052 2966 3123 Clemens,
3018 3053 3211 3108 nescio
3255 3070 3326 3109 an
3376 3052 3537 3125 quis-

1897 3156 2096 3212 quam,
2132 3140 2228 3211 qui
2278 3140 2367 3198 vel
2398 3141 2666 3212 exiguam
2716 3158 2853 3214 erga
2884 3147 3062 3197 Deum
3107 3142 3451 3197 charitatem
3483 3146 3541 3198 et

1899 3228 2358 3284 benevolentiam
2390 3228 2933 3301 conservet,poterit
2964 3229 3218 3300 recipere
3244 3228 3333 3284 vel
3362 3229 3538 3285 etiam

1898 3318 2100 3373 audire
2132 3333 2259 3388 quae
2290 3321 2492 3372 contra
2511 3334 2644 3373 eum
2676 3318 3101 3383 dicuntur.Qua
3130 3317 3285 3373 enim
3319 3317 3542 3373 ratione

1898 3404 1948 3459 is
1978 3404 2131 3459 idem
2165 3404 2421 3459 animam
2449 3404 2881 3459 monarcbicam
2905 3405 3119 3460 habeat
3150 3410 3207 3460 et
3236 3410 3435 3461 sancte
3458 3405 3543 3459 vi-

1895 3496 2013 3564 vat,
2046 3494 2147 3565 qui
2178 3498 2269 3548 est
2299 3498 2625 3565 praeventus
2655 3492 2950 3565 opinione,
2973 3492 3190 3549 multos
3220 3510 3348 3549 esse
3378 3495 3541 3559 deos,

1898 3599 2013 3637 non
2047 3598 2227 3637 unum
2248 3580 2383 3637 ?Vel
2400 3581 2448 3637 si
2474 3598 2629 3636 unus
2645 3585 2894 3651 est,eum
2914 3581 2973 3637 in
2994 3581 3199 3636 multis
3217 3581 3540 3637 defectibus

1897 3670 2199 3726 inveniens
2230 3669 2364 3741 quis
2393 3670 2612 3725 nitetur
2656 3686 2786 3725 esse
2816 3674 3075 3737 sanctus,
3109 3670 3345 3741 quando
3401 3669 3538 3740 qui-

1898 3759 2029 3814 dem
2062 3759 2339 3830 sperabit,
2373 3758 2638 3813 omnium
2684 3757 3039 3830 principium
3068 3758 3250 3813 Deum
3304 3761 3540 3829 propter

1897 3850 2118 3902 naturai
2166 3863 2284 3901 suis
2333 3846 2496 3915 vitia,
2528 3862 2644 3902 non
2681 3845 3001 3902 vindictam
3044 3852 3416 3919 sumpturum
3466 3844 3538 3901 de

1897 3934 2149 3990 aliorum
2181 3933 2407 3991 delictis
2431 3938 2455 3990 Ρ

1969 4024 2168 4078 XLIII.
2200 4025 2388 4090 Quare
2434 4023 2611 4093 absit,
2646 4028 2710 4079 ut
2739 4024 3030 4094 credatur,
3068 4024 3220 4095 quod
3270 4021 3537 4079 omnium

1898 4128 2094 4167 rerum
2124 4112 2429 4180 Dominus,
2463 4112 2562 4184 qui
2610 4113 2822 4168 cmlum
2853 4129 2920 4168 ac
2958 4117 3175 4169 terram
3230 4112 3541 4184 omniaque

1897 4199 2015 4255 illis
2044 4204 2315 4255 contenta
2342 4200 2624 4271 condidit,
2657 4217 2789 4256 cum
2823 4199 2953 4257 aliis
2982 4200 3356 4273 imperet,aut
3384 4200 3539 4273 quod

1899 4288 2220 4344 mentiatur
2251 4305 2264 4345 :
2301 4304 2437 4344 nam
2471 4288 2520 4345 si
2552 4289 2994 4360 mentitur,quis
3022 4305 3223 4345 verum
3255 4289 3545 4345 dicitYaut

1899 4378 2054 4447 quod
2085 4382 2288 4446 tentet,
2308 4378 2475 4449 quasi
2508 4378 2785 4450 ignorans
2816 4394 2829 4433 :
2863 4377 2997 4448 quis
3027 4378 3182 4433 enim
3216 4394 3546 4450 praecogno-

1899 4465 2050 4521 acet?
2070 4465 2129 4521 Si
2161 4470 2359 4521 autem
2390 4466 2807 4536 considerat,et
2828 4465 3169 4537 poenitentia
3196 4466 3549 4531 ducitur,ec-

160 4557 211 4612 Εἴ
250 4556 304 4612 ἴε
354 4557 545 4629 ζηλοῖ,
596 4556 685 4611 καὶ
732 4555 812 4618 τίς
861 4555 1179 4632 ἀσύγκριτος
1222 4574 1237 4625 ;
1283 4555 1347 4612 Ei
1396 4553 1454 4610 δὲ
1499 4556 1786 4633 σκληρύνει

1903 4555 2036 4626 quis
2086 4559 2279 4609 mente
2328 4555 2619 4626 perfectus
2666 4558 2843 4624 atque
2892 4553 3134 4609 consilio
3184 4552 3545 4609 stabilisPSi

158 4643 382 4718 ιιρδίας,
415 4646 507 4700 καὶ
562 4644 644 4706 τίς
702 4644 909 4722 σοφίζει
946 4663 960 4714 ;
992 4644 1055 4698 Ei
1110 4640 1167 4697 δὲ
1221 4642 1424 4721 τυφλοῖ
1450 4644 1539 4699 καὶ
1585 4651 1786 4724 κωφοῖ,

158 4734 231 4786 ui
258 4735 339 4797 τίς
393 4732 628 4789 δέδωκεν
678 4734 806 4809 ὁρᾷν
854 4731 943 4787 καί
975 4731 1187 4787 ἀκούειν
1222 4751 1235 4802 ;
1270 4732 1334 4787 Εἰ
1385 4730 1442 4787 δὲ
1470 4733 1785 4811 ἀποστερεῖν

160 4819 533 4894 συμϐουλεύει,
582 4822 672 4877 καὶ
718 4822 802 4884 τίς
851 4819 1196 4891 δικαιοσύνην
1241 4822 1545 4893 νομιστεύει
1578 4842 1592 4892 ;
1621 4824 1681 4879 Ei
1731 4822 1789 4880 δὶ

158 4910 415 4986 ἐμπαίζει,
446 4912 540 4966 καὶ
573 4912 656 4973 τίς
686 4908 989 4986 εἰλικρινής
1022 4929 1035 4980 ;
1069 4909 1134 4967 Ei
1166 4906 1224 4964 δὶ
1271 4907 1536 4982 ἀδυνατεῖ,
1568 4911 1657 4966 καὶ
1704 4912 1787 4975 τίς

1897 4642 2229 4709 ωωυιειυιι,
2263 4644 2395 4715 quis
2443 4641 2920 4715 incomparabilis
2943 4646 2966 4698 Ρ
2991 4643 3047 4696 Si
3080 4642 3319 4698 indurat
3348 4643 3543 4711 corda,

1898 4732 2033 4803 quis
2064 4731 2365 4787 erudit?Si
2384 4731 2700 4787 caecitatem
2722 4737 2779 4787 et
2794 4730 3138 4787 surditatem
3162 4730 3544 4801 inducit,quis

1898 4821 2060 4876 dedit
2086 4820 2278 4876 visum
2310 4824 2368 4876 et
2412 4820 2683 4876 auditum
2707 4824 2731 4875 Ρ
2759 4820 2819 4875 Si
2848 4820 3119 4875 fraudare
3148 4819 3374 4886 suadet,
3405 4818 3581 4891 quis'

1891 4910 2184 4980 justitiam
2209 4908 2584 4965 administrat
2602 4909 2704 4964 ἹΒὶ
2737 4908 3092 4979 illudit,quis
3121 4914 3210 4963 est
3236 4907 3542 4963 sincerus?

1488 5036 1733 5094 VARIIE
1769 5036 2075 5096 LECTION
2080 5036 2184 5091 ES.

213 5143 235 5176 ‘
258 5145 358 5212 τήν
385 5143 456 5200 0.
489 5144 512 5178 ⁸
541 5145 674 5196 Θεοῦ
703 5141 950 5215 ascripsi
990 5159 1059 5199 ex
1102 5141 1166 5198 0.
1197 5142 1220 5179 ⁸
1250 5140 1674 5216 παραλείποντες
1722 5148 1781 5200 C.
1832 5146 1853 5181 ⁷
1902 5135 2209 5197 ἀπόϐλττοι
2258 5140 2320 5196 C.
2351 5139 2373 5175 ⁸
2400 5134 2437 5207 ἤ
2468 5155 2586 5194 om.
2628 5138 2691 5195 0.
2744 5136 2846 5211 qui
2891 5138 3101 5193 deinde
3148 5139 3364 5213 φρονῶν
3396 5138 3418 5174 ⁸
3450 5134 3548 5213 ῥή-

213 5233 296 5266 σεν
329 5216 392 5266 C.
432 5213 537 5266 ὑπὸ
570 5217 662 5266 σοῦ
694 5218 930 5266 οτιθεῖσιν
959 5215 1334 5266 scribendum
1384 5219 1581 5266 censet
1634 5216 1693 5266 D.
1742 5216 1786 5251 ³ο
1830 5178 2216 5266 ὁηθησομίνων
2250 5212 2316 5266 0.
2347 5214 2388 5247 “
2437 5207 2737 5266 γνωμόνως
2780 5209 2850 5265 0.
2905 5210 3059 5264 Idem
3110 5204 3336 5266 δυνηθῆ.
3393 5209 3439 5244 ¹²
3467 5209 3548 5265 Ita

158 5216 392 5291 gusto.
432 5213 537 5267 ὑπὸ
570 5217 662 5291 σοῦ
693 5213 930 5287 ρηθεῖσιν
959 5213 1339 5291 scribendum
1384 5216 1693 5291 censet_D.
1742 5213 2087 5291 “{p‘nencop

154 5276 271 5373 Ret;
367 5302 463 5373 ex,
490 5276 760 5373 conjec},
803 5283 1135 5373 προκείμενα
1268 5285 1402 5373 Post
1439 5288 1554 5347 πῶς
1586 5286 1624 5341 S
1656 5276 1975 5373 crediderit,
2022 5276 2243 5373 aliquid
2286 5276 2593 5373 sapidisse',
2641 5280 2799 5373 ἴοιμι
2839 5276 2932 5373 ςίνα

2115 5204 2216 5265 νων
2250 5212 2316 5267 0.
2347 5204 2737 5283 ¹¹Αίγνωμόνως
2764 5204 2865 5283 Ὀζ
2905 5210 3059 5283 Idem
3110 5204 3336 5283 δύνῃ-θῇ.
3393 5204 3553 5265 ¹²Ὶί8

2983 5278 3158 5351 μάθω.
3212 5281 3257 5317 ⁸⁸
3283 5277 3455 5351 ίξνεκα

155 5358 193 5389 ¹⁶
218 5356 375 5410 αδότόν
408 5355 515 5427 τίς,
551 5348 657 5431 ούχ
686 5348 929 5417 ὅσιοςΌ.
961 5348 1110 5412 Τύω
1157 5356 1471 5429 legendum
1519 5363 1676 5413 esset
1704 5356 1882 5423 αὐτὸν,
1913 5352 1975 5411 οὕ
2020 5348 2298 5417 τις’ὅσιος
2329 5354 2374 5389 ¹⁶
2403 5352 2496 5406 Διὸ
2525 5348 2696 5423 είίμὶν
2729 5348 2889 5418 ἀπείη
2920 5348 2993 5407 Οξ
3019 5352 3060 5387 ¹⁶
3094 5349 3451 5423 μεταμέλεται
3481 5350 3550 5407 0.

1532 5480 1912 5537 VARIORUM
1951 5480 2181 5537 NOTAE.

216 5588 322 5658 (55)
367 5587 739 5662 Hovqpxzxﬁv
767 5586 950 5661 ψυχὴν
982 5583 1150 5662 ἔχειν.
1195 5585 1636 5662 Monarchicum
1686 5586 1810 5642 ani-

164 5671 307 5717 mum
340 5658 625 5736 appellat,
655 5658 746 5717 vel
774 5658 908 5715 eum
935 5658 1050 5732 qui
1071 5659 1414 5718 dominetur
1465 5658 1526 5716 in
1572 5674 1808 5734 corpus,

432 5787 700 5851 Ριτιοι..
734 5786 847 5850 Gn.
892 5786 971 5850 II.

1918 5586 2007 5661 vel
2056 5585 2157 5659 qui
2203 5582 2553 5643 monarcbie
2607 5586 2663 5643 et
2709 5582 2886 5641 unius
2933 5582 3287 5661 principatui
3344 5583 3552 5643 faveat.

1918 5656 2049 5719 Cor.

3239 5784 3279 5847 4
