4100 6334
578 376 689 431 107

1405 375 1467 429 S.
1516 372 1954 430 CLFI‘JENTIS
2001 372 2021 429 I
2074 368 2259 429 ΗΘΜ.
2310 370 2540 430 ΡΟΝΤ.
2590 374 2845 432 (IPI'ZIIA
2898 372 3159 433 DUBIA.

3870 374 3989 435 108

574 504 633 559 Si
667 504 954 559 invalidus
985 507 1091 571 est,
1127 504 1258 575 quis
1289 506 1376 558 est
1422 503 1836 575 omnipotens?
1865 503 1925 557 Si
1957 502 2198 573 injustu:

2336 499 2496 555 πάντα
2529 499 2745 557 δύναται
2773 523 2787 572 ;
2820 504 2885 559 Ei
2918 500 2975 557 δὲ
3004 500 3202 572 ἀδικεῖ,
3252 502 3343 557 καὶ
3395 502 3476 563 τίς
3526 498 3738 565 δίκαιος
3772 522 3786 573 ;
3819 504 3883 559 Εἰ
3928 502 3986 559 δὲ

576 598 688 661 est,
720 593 851 665 quis
872 594 1075 664 justus
1097 593 1124 647 ?
1155 593 1213 647 Si
1246 592 1399 647 mala
1431 598 1606 660 creat,
1642 592 1773 664 quis
1805 592 1954 648 bona
2003 590 2223 647 faciet?

577 682 637 740 Si
671 682 823 738 mala
854 682 1009 748 facit,
1042 682 1177 753 quis
1206 683 1360 736 bona
1382 681 1409 735 ?

650 772 840 828 XLIV.
875 771 935 827 Si
965 788 1099 827 vero
1131 775 1389 825 montem
1424 770 1701 842 pinguem
1749 770 1991 842 appetit,
2024 771 2221 842 cujus-

580 879 717 917 nam
744 866 915 918 erunt
944 865 1153 916 cuncta
1171 861 1199 914 ?
1230 860 1290 915 Si
1319 860 1619 926 mentitur,
1640 861 1775 931 quis
1806 876 1976 915 verax
2005 860 2141 915 est?
2166 860 2221 914 Si

581 951 641 1007 in
670 949 1045 1006 tabernaculo
1075 948 1319 1015 habitat,
1339 949 1473 1019 quis
1502 948 1829 1003 immensus
1851 949 1879 1003 ‘P
1906 949 1963 1002 Si
1995 949 2221 1004 deside-

580 1044 671 1096 rat
726 1041 1014 1107 nidorem,
1069 1038 1372 1105 sacrificia,
1440 1038 1705 1092 victimas
1775 1042 1853 1104 et,
1889 1037 2219 1105 Iibationes,

582 1130 715 1202 quis
763 1128 985 1184 nullius
1034 1127 1325 1200 indigens,
1359 1126 1491 1198 quis
1538 1130 1799 1193 sanctus,
1837 1126 1970 1197 quis
2016 1143 2219 1197 purus,

581 1219 714 1291 quis
742 1218 1029 1289 perfectus
1048 1215 1075 1269 ?
1098 1216 1157 1271 Si
1179 1215 1505 1271 luminibus
1524 1231 1589 1269 ac
1607 1215 1861 1270 lucernis
1879 1214 2217 1286 delectatur,

578 1308 708 1379 quis
740 1306 1053 1362 luminaria
1086 1305 1143 1359 in
1176 1304 1316 1359 cmlo
1346 1304 1651 1358 constituit
1673 1304 1767 1359 ?Si
1800 1304 1859 1358 in
1891 1303 2136 1375 caligine
2154 1320 2220 1359 ac

576 1382 833 1451 tenebris
860 1400 917 1450 et
948 1393 1201 1467 procella
1230 1398 1402 1463 atque
1435 1393 1595 1449 fumo
1626 1392 2058 1464 versatur,quis
2091 1398 2218 1448 tan-

578 1500 753 1555 quam
787 1483 984 1537 lumen
1036 1481 1358 1536 maximum
1390 1498 1573 1535 aevum
1606 1480 1948 1535 illuminat?
1975 1480 2033 1536 Si
2084 1498 2218 1537 cum

575 1572 733 1627 tubis
764 1577 822 1627 et
850 1569 1359 1626 vociferationibus
1383 1576 1438 1624 et
1464 1569 1673 1639 jaculis
1703 1574 1757 1624 et
1788 1570 2017 1641 sagittis
2049 1571 2217 1624 adve-

578 1660 683 1726 nit,
716 1661 848 1731 quis
878 1665 967 1715 est
1014 1658 1277 1714 omnium
1309 1662 1640 1730 exspectata
1690 1659 2132 1729 tranquillitas?
2162 1659 2217 1713 Si

578 1750 703 1821 ipse
734 1748 1248 1819 belladiligit,quis
1279 1764 1481 1818 pacem
1502 1747 1655 1801 vult?
1675 1747 1902 1801 Simala
1935 1752 2057 1817 ipse
2089 1765 2220 1803 con-

577 1838 830 1909 dit,quis
865 1838 1002 1892 facit
1032 1836 1224 1892 bona?
1255 1836 1314 1891 Si
1344 1836 1527 1891 durus
1558 1836 1841 1907 ipse,quis
1874 1836 2216 1892 humanus?

576 1927 635 1981 Si
669 1926 856 1981 fidelis
889 1944 1001 1981 non
1034 1931 1125 1981 est
1154 1925 1210 1979 in
1231 1924 1657 1997 promissis,cui
1680 1925 2053 1980 credeturPSi
2090 1942 2213 1980 ma-

574 2013 662 2071 los
693 2019 850 2070 amat
878 2019 935 2069 et
964 2013 1259 2069 adulteros
1286 2019 1343 2069 et
1372 2012 1856 2083 homicidas,quis
1887 2013 1993 2069 erit
2012 2014 2215 2084 justus

564 2104 746 2175 judex
771 2103 797 2157 ‘I
825 2103 882 2156 Si
916 2119 1048 2157 eum
1081 2101 1480 2173 pcnnitet,quis
1510 2107 1599 2156 est
1628 2106 1903 2156 constans
1922 2101 2019 2157 ?Si
2051 2103 2213 2157 deni-

570 2210 682 2264 que
715 2192 900 2247 malos
932 2191 1113 2263 eligit,
1146 2190 1419 2262 quisnam
1452 2190 1707 2245 admittit
1738 2190 1966 2246 bonos?

637 2458 795 2514 XLV.
829 2457 1167 2528 Quocirca,o
1200 2455 1282 2511 ﬁli
1314 2455 1809 2526 Clemens,inhibe
1838 2460 1915 2524 te,
1947 2474 2016 2512 ne
2049 2457 2208 2514 aliud

566 2548 637 2603 de
668 2554 780 2603 Deo
812 2548 1049 2613 sentias,
1084 2562 1260 2617 quam
1311 2546 1464 2617 quod
1497 2546 1621 2616 ipse
1652 2545 1812 2601 solus
1844 2547 1920 2601 sit
1968 2546 2121 2602 Deus
2154 2552 2210 2602 et

565 2635 848 2692 Dominus
879 2640 935 2691 et
960 2640 1124 2708 pater
1149 2636 1339 2690 bonus
1368 2651 1431 2689 ac
1454 2634 1659 2704 justus
1692 2639 1932 2701 creator,
1955 2634 2207 2706 patiens,

566 2724 917 2789 misericors,
955 2722 1941 2791 nutritor,beneiicus,humanitatis
1974 2723 2204 2795 legisla-

562 2816 674 2877 tor,
732 2812 1019 2867 castitatis
1078 2810 1471 2877 consiliarius,
1532 2816 1803 2879 aeternus,
1862 2814 2204 2869 aeternitatis

562 2906 782 2968 auctor,
818 2900 1312 2971 incomparabilis,
1348 2900 1405 2954 in
1453 2900 1732 2955 bonorum
1769 2901 1982 2956 animis
2031 2902 2203 2957 habi-

560 2994 712 3057 tans,
747 2989 1135 3060 imperceptus
1168 2993 1223 3043 et
1254 2988 1697 3059 perceptus,qui
1728 2989 1786 3043 in
1820 2990 2045 3046 inﬁnito
2079 3009 2199 3047 ma-

556 3094 737 3150 gnum
771 3095 954 3133 aevum
990 3083 1265 3147 tanquam
1288 3084 1551 3132 centrum
1586 3078 1834 3148 fixit,qui
1860 3078 2071 3133 cmlum
2104 3098 2197 3135 ex-

555 3167 761 3238 pandit
791 3171 847 3221 et
876 3170 1090 3221 terram
1124 3167 1655 3237 compegit,aquam
1690 3167 2199 3232 recondidit,astra

2330 590 2469 643 κακά
2496 591 2684 661 κτίζει,
2717 592 2805 645 xui
2855 590 2937 651 τίς
2987 590 3157 666 ἀγαθά
3206 591 3430 668 πράξει;
3465 591 3527 647 Ei
3575 589 3631 645 δὲ
3676 591 3765 647 καὶ
3818 595 3860 630 ³⁷
3890 613 3984 646 xu-

2330 677 2398 731 κά
2426 684 2593 746 ποιεῖ,
2624 679 2711 733 xui
2744 680 2825 740 τίς
2859 679 3032 753 ἀγαθά
3076 699 3089 747 ;

2402 768 2589 822 XLIV.
2624 767 2687 821 Ei
2731 765 2787 822 δὲ
2825 769 2887 822 τὸ
2934 774 3057 822 πῖον
3099 764 3224 844 ὄρος
3272 768 3546 842 ἐπιθυμεῖ,
3596 770 3685 824 καὶ
3723 767 3871 832 τίνος
3916 771 3986 825 τά

2391 857 2399 871 ,
2630 857 2643 875 ν
2772 854 2821 875 ,κ
3076 858 3088 871 .
3465 859 3477 877 ,
3664 858 3679 877 ς
3718 858 3731 874 .
3952 863 3979 874 ..

2330 875 2503 909 παντα
2536 875 2549 923 ;
2582 861 2645 910 Ει
2690 860 2960 930 ψεύσεται,
3002 879 3092 912 και
3139 858 3221 919 τίς
3275 857 3530 927 ἀληθευει
3570 878 3582 927 ;
3616 861 3680 915 Ει
3714 881 3766 913 εν
3808 881 3981 934 σκηνῃ

2332 943 2491 1013 οἰκεῖ,
2541 944 2630 999 xui
2679 945 2759 1006 τίς
2808 947 3137 1022 ἀχώρτ,τος;
3170 947 3234 1001 Ei
3284 944 3341 1000 δὲ
3392 946 3636 1022 ὀρέγεται
3692 951 3788 1004 73
3828 947 3981 1002 κνίσ-

2330 1053 2429 1100 σης
2466 1035 2510 1069 ¹⁸
2557 1033 2647 1087 xui
2691 1036 2888 1088 θυσιῶν
2939 1034 3027 1089 xui
3076 1034 3327 1107 θυμάτων
3372 1036 3463 1089 xui
3512 1036 3853 1112 προχύσεων,
3889 1037 3983 1091 xui

2330 1120 2413 1183 τίς
2444 1120 2754 1196 ἀπροσδεής
2797 1125 2887 1177 xui
2932 1124 3012 1185 τίς
3062 1126 3210 1200 ἅγιος
3257 1125 3345 1179 xui
3391 1124 3477 1187 τίς
3518 1125 3748 1197 καθαρὸς
3777 1127 3869 1180 καὶ
3898 1126 3985 1188 τίς

2330 1209 2544 1273 τέλειος
2578 1232 2590 1280 ;
2619 1212 2680 1266 Ei
2729 1211 2954 1288 λύχνοις
3003 1214 3091 1267 καὶ
3140 1212 3391 1288 λυχνίαις
3438 1215 3710 1289 τέρπεται,
3758 1216 3849 1269 xui
3897 1216 3985 1277 τίς

2326 1299 2452 1361 τοὺς
2492 1309 2782 1378 φωστῆρας
2830 1299 3006 1372 ἓταξεν
3061 1302 3111 1357 ἐν
3158 1302 3371 1379 οὐρανῷ
3406 1322 3418 1372 ;
3452 1303 3514 1357 Ei
3570 1303 3621 1358 ἐν
3671 1305 3858 1382 γνόφῳ
3889 1305 3983 1359 xui

2328 1388 2505 1462 σκότῳ
2552 1391 2639 1444 καὶ
2691 1388 2893 1465 θυέλλῃ
2940 1392 3032 1445 xui
3081 1391 3269 1464 καπνῷ
3321 1392 3581 1461 σύνεστιν,
3612 1393 3703 1447 καὶ
3752 1394 3833 1455 τίς
3866 1399 3985 1471 φῶς

2330 1474 2403 1530 ὢν
2444 1480 2663 1555 φωτίζει
2706 1480 2798 1534 τὸν
2863 1479 3109 1556 μέγιστον
3164 1480 3332 1535 αἰῶνα
3367 1502 3380 1549 ;
3411 1481 3477 1535 Ei
3523 1480 3613 1536 διά
3660 1482 3985 1559 σαλπίγγων

2327 1566 2417 1619 καὶ
2449 1566 2786 1641 ἀλαλαγμῶν
2822 1572 2866 1605 ¹⁰
2894 1569 2982 1623 καὶ
3037 1567 3273 1645 βολίδων
3315 1570 3405 1623 xui
3435 1570 3776 1643 τοξευμάτων
3804 1592 3980 1647 προσ-

2330 1655 2566 1729 έρχεται,
2602 1658 2687 1711 καὶ
2721 1658 2801 1718 τίς
2830 1660 2863 1727 ἡ
2903 1664 3009 1712 τῶν
3042 1658 3185 1712 ὅλων
3231 1656 3602 1733 προσδόκιμος
3630 1658 3843 1735 γαλήνη
3885 1688 3899 1727 ς,
3932 1662 3982 1715 εἱ

2328 1743 2607 1816 πολέμους
2638 1746 2795 1808 αὐτὸς
2845 1746 3041 1822 ἀγαπᾷ,
3092 1748 3178 1801 xui
3226 1748 3307 1810 τίς
3348 1747 3569 1823 εἰρήνην
3604 1748 3746 1804 θέλει
3784 1771 3797 1802 ι
3834 1748 3883 1803 εἲ
3911 1751 3982 1804 τά

2249 1865 2295 1928 Β
2327 1834 2465 1887 xuxu
2502 1834 2659 1896 αὐτὸς
2691 1836 2880 1908 κτίζει,
2907 1836 2995 1890 καὶ
3046 1836 3129 1898 τίς
3174 1837 3343 1912 ἀγαθά
3375 1834 3705 1913 δημιουργεῖ
3736 1857 3748 1906 ;
3784 1838 3846 1892 Ei
3879 1838 3979 1893 αὐ-

2323 1922 2414 1983 τὸς
2448 1920 2706 1999 ἄστοργος
2737 1928 2801 1996 ²⁰,
2848 1926 2936 1979 xui
2984 1925 3063 1987 τίς
3110 1925 3489 2002 φιλάνθρωπος
3526 1945 3540 1996 ;
3571 1927 3634 1981 Ei
3686 1926 3843 1988 αὐτὸς
3882 1949 3977 1981 πι-

2326 2013 2447 2073 στὸς
2499 2012 2597 2065 οὐκ
2644 2010 2750 2066 ἔστι
2802 2012 2924 2088 περὶ
2974 2014 3047 2067 ὧν
3100 2014 3463 2090 ὑπισχνεῖται,
3510 2014 3600 2069 xui
3647 2015 3732 2076 τίς
3762 2036 3981 2070 πιστευο

2323 2100 2539 2169 θήσεται
2576 2119 2589 2168 ;
2624 2100 2685 2154 Εἰ
2718 2100 2875 2163 αὐτὸς
2915 2102 3186 2177 πονηροὺς
3236 2104 3327 2158 xui
3384 2102 3620 2178 μοιχοὺς
3669 2104 3757 2158 xui
3789 2111 3981 2182 φονεῖς

2324 2188 2527 2263 ἀγαπᾷ,
2557 2190 2646 2243 καὶ
2676 2190 2758 2251 τίς
2789 2187 2934 2244 ἔσται
2966 2194 3010 2229 ²¹
3046 2189 3251 2253 δίκαιος
3281 2194 3473 2267 κριτής
3499 2211 3511 2260 ;
3539 2192 3601 2248 Ei
3633 2191 3789 2254 αὐτὸς
3818 2213 3980 2263 μεταο

2326 2276 2589 2349 μελεῖται,
2622 2278 2710 2332 καὶ
2757 2279 2841 2340 τίς
2894 2274 3109 2354 βέϐαιος
3143 2299 3155 2348 ;
3188 2280 3250 2333 Ei
3303 2279 3459 2342 αὐτὸς
3510 2280 3707 2341 κακοὺς
3751 2278 3976 2355 ἐκλέγε-

2318 2387 2426 2437 ται,
2459 2367 2546 2421 xui
2576 2366 2659 2429 τίς
2685 2367 2917 2442 ἀγαθοὺς
2948 2368 3227 2445 προσίεται
3252 2388 3265 2437 ;

2391 2458 2555 2513 XLV.
2592 2456 2706 2522 Διὸ,
2739 2458 2783 2510 ὧ
2830 2456 3011 2511 τέκνον
3064 2456 3325 2529 Κλήμης,
3377 2454 3559 2532 ἔπεχε,
3615 2459 3690 2530 μή
3741 2455 3886 2513 ἄλλο
3916 2480 3972 2513 τι

2318 2546 2590 2621 φρονήσῃς
2618 2544 2741 2620 περὶ
2771 2550 2868 2599 τοῦ
2899 2549 3051 2616 Θεοῦ,
3153 2545 3236 2599 ὅτι
3284 2545 3443 2607 αὐτὸς
3476 2546 3645 2617 μόνος
3697 2544 3807 2600 έστῖ
3838 2547 3975 2609 Θεὸς

2316 2633 2404 2685 καὶ
2437 2632 2633 2707 Κύριος
2663 2633 2750 2687 xui
2780 2634 2960 2708 πατὴρ
2992 2634 3188 2709 ἀγαθὸς
3219 2633 3309 2687 xui
3341 2632 3546 2697 δίκαιος
3598 2632 3967 2709 δημιουργὸς,

2321 2722 2688 2797 μακρόθυμος,
2739 2722 3022 2794 ἐλεήμων,
3081 2721 3344 2800 τροφεὺς,
3404 2722 3711 2799 εὐεργέτης,
3765 2722 3966 2799 φιλαν-

2314 2810 2551 2885 θρωπίαν
2598 2810 2951 2883 νομιστεύων,
3001 2810 3211 2884 ἁγνείαν
3259 2806 3672 2883 συμϐουλεύων,
3713 2811 3968 2882 αἰώνιος,

2315 2899 2566 2961 αἰωνίους
2597 2905 2794 2971 ποιῶν,
2828 2899 3172 2976 ἀσύγκριτος,
3203 2905 3321 2962 ταῖς
3352 2904 3458 2954 τῶν
3494 2900 3707 2973 ἀγαθῶν
3754 2904 3970 2977 ψυχαῖς

2312 2988 2675 3060 οἷκιζόμενος,
2725 2988 3019 3063 ἀχώρητος
3068 2990 3156 3043 xui
3204 2987 3579 3063 χωρούμενος,
3614 2990 3641 3042 6
3674 2988 3724 3044 έν
3753 2989 3972 3063 ἀπείρῳ

2308 3079 2398 3131 τὸν
2456 3079 2616 3152 μέγαν
2681 3076 2845 3131 αἷῶνα
2896 3077 2970 3138 ὡς
3018 3078 3237 3153 κέντρον
3287 3080 3333 3114 ²²
3380 3078 3592 3147 πήξας,
3645 3078 3673 3131 6
3731 3077 3969 3152 οὐρανὸν

2310 3166 2633 3244 ἐφαπλώσας
2689 3166 2780 3220 xui
2836 3173 2937 3241 γῆν
2996 3164 3266 3236 πιλώσας,
3330 3163 3476 3238 ὕδωρ
3528 3167 3840 3237 ταμιεύσας,
3898 3168 3968 3221 ἁ-

552 3255 613 3309 in
664 3255 807 3311 cwlo
859 3255 1170 3327 disposuit,
1223 3259 1433 3310 terram
1470 3255 1603 3309 fecit
1647 3259 1866 3311 scatere
1918 3257 2195 3327 fontibus,

2320 3230 2441 3331 ςτρα
2472 3255 2520 3309 ἐν
2571 3254 2780 3329 οὐρανῷ
2830 3230 3048 3323 διαθεὶς,
3098 3256 3277 3330 πηγὰς
3326 3259 3397 3329 γῇ
3453 3254 3672 3330 βρύσας,
3715 3254 3967 3330 καρποὺς

553 3343 781 3400 fructus
829 3344 1123 3416 produxit,
1158 3349 1386 3398 montes
1434 3345 1491 3398 in
1526 3343 1710 3399 altum
1753 3344 2011 3414 sustulit,
2046 3347 2196 3402 mari

552 3433 834 3488 terminos
861 3433 1044 3500 dedit,
1074 3437 1277 3489 ventos
1308 3450 1371 3488 ac
1406 3433 1578 3488 ﬂatus
1624 3433 1907 3489 ordinavit
1934 3453 1947 3503 ;
1981 3435 2198 3507 quique

553 3522 778 3594 corpori
811 3522 1089 3578 ambienti
1119 3522 1175 3577 in
1210 3522 1498 3578 immenso
1530 3522 1752 3595 pelago,
1788 3541 1891 3596 per
1920 3525 2193 3596 spiritum

554 3610 778 3666 consilii
811 3612 926 3678 sui,
959 3610 1329 3667 securitatem
1365 3612 1588 3667 tribuit.

625 3699 809 3756 XLVI.
849 3701 946 3755 llic
978 3706 1174 3755 noster
1213 3701 1393 3770 judex
1440 3706 1547 3770 est,
1581 3702 1640 3755 in
1690 3696 1863 3772 quem
1913 3703 2193 3761 intuendo

550 3794 779 3861 oportet
830 3788 1057 3844 animas
1107 3794 1337 3844 nostras
1368 3790 1698 3857 emendare,
1732 3792 1931 3847 omnia
1971 3810 2071 3864 pro
2126 3810 2192 3849 eo

549 3878 822 3949 cogitare,
859 3878 969 3949 ipsi
1000 3877 1337 3933 benedicere
1367 3897 1379 3943 ;
1409 3884 1585 3949 atque
1619 3896 1719 3950 pro
1751 3886 1906 3935 certo
1957 3881 2189 3951 habere,

546 3968 699 4037 quod
735 3984 841 4021 sua
872 3966 1153 4037 patientia
1181 3966 1612 4037 improbitatem
1637 3973 1980 4024 cunctorum
2006 3971 2061 4024 in
2088 3989 2191 4042 pu-

544 4056 763 4111 blicum
796 4057 1093 4111 abducens
1124 4055 1285 4110 solus
1316 4056 1542 4111 exsistit
1572 4057 1956 4127 bonus.Isque
1983 4060 2041 4114 in
2074 4062 2188 4115 fine

545 4142 797 4199 universi
830 4142 1147 4216 unicuique
1179 4143 1503 4199 facinorum
1536 4150 1735 4201 contra
1766 4146 2049 4203 rationem
2078 4149 2184 4204 ad-

541 4231 858 4313 missorum
884 4232 1086 4301 justus
1118 4232 1451 4304 prtesidebit
1474 4234 1674 4304 judex.

610 4320 821 4375 XLVII.
860 4320 955 4376 His
995 4338 1098 4393 ego
1129 4320 1393 4377 Clemens
1424 4322 1638 4378 auditis
1670 4322 1798 4378 dico
1824 4341 1836 4379 :
1861 4324 2005 4380 Vere
2036 4326 2180 4383 illud

538 4408 740 4481 religio
772 4414 1016 4476 est,vere
1046 4409 1189 4465 illud
1221 4410 1427 4483 pietas.
1454 4412 1790 4484 lterumque
1821 4413 1910 4469 aio
1947 4430 1958 4469 ε
1991 4415 2180 4487 Cupe-

536 4514 657 4552 rem
691 4498 871 4569 igitur
900 4498 1067 4565 scire,
1102 4504 1457 4571 quapropter
1504 4516 1570 4555 eo
1602 4501 1772 4555 modo
1806 4502 2007 4573 scripti
2039 4510 2179 4560 sunt

2308 3345 2556 3422 ἐκφύσας,
2608 3340 2709 3419 ὅρη
2762 3345 2999 3417 ὑψώσας,
3031 3342 3295 3397 θάλασσαν
3341 3342 3677 3419 περιορίσας,
3721 3344 3965 3416 ἀνέμους

2304 3454 2363 3486 τε
2398 3436 2496 3489 74
2525 3432 2613 3487 xui
2646 3432 2922 3505 πνεύματα
2954 3429 3222 3501 διατάξας,
3256 3433 3283 3486 6
3312 3432 3375 3486 τὸ
3404 3431 3660 3507 περιέχον
3709 3437 3867 3504 σῶμα
3900 3433 3959 3488 ἐν

2306 3521 2512 3598 ἀπείρῳ
2542 3521 2765 3596 πελάγει
2799 3520 3059 3594 πνεύματι
3098 3521 3305 3595 βουλῆς
3337 3522 3383 3557 ³³
3418 3518 3875 3597 ἀσφαλισάμενος.

2375 3701 2569 3755 XLVI.
2603 3699 2771 3761 Οὗτος
2803 3701 2961 3771 ἡμῶν
3014 3696 3290 3767 δικαστῆς,
3340 3697 3416 3760 εἷς
3448 3699 3505 3752 ’ὸν
3538 3693 3960 3764 ἀποϐλέποντας
4048 3700 4049 3703 “

2301 3791 2414 3865 χρὴ
2444 3789 2539 3851 τὰς
2568 3789 2769 3843 ἑαυτῶν
2817 3789 3109 3860 κατορθοῦν
3159 3788 3362 3862 ψυχὰς,
3404 3787 3574 3842 πάντα
3615 3788 3747 3864 ὑπὲρ
3780 3792 3829 3824 ²⁴
3858 3791 3958 3844 αὖ·

2299 3883 2394 3931 τοῦ
2438 3882 2715 3948 νοοῦντας,
2768 3876 2925 3931 αὐτὸν
2977 3876 3371 3954 εὐφημοῦντας,
3421 3880 3820 3950 πεπεισμένους
3862 3880 3954 3935 ὃτι

2296 3969 2367 4039 τῇ
2396 3966 2559 4022 αὐτοῦ
2594 3966 2937 4038 μακροθυμίᾳ
2978 3967 3190 4020 πάντων
3237 3967 3336 4034 τὴν
3379 3965 3702 4041 προπέτειαν
3733 3967 3808 4029 εἷς
3844 3989 3951 4043 φα-

2296 4057 2446 4132 νερὸν
2484 4055 2624 4130 ἄγων
2672 4055 2834 4127 μόνος
2884 4054 3079 4129 ἀγαθός
3132 4052 3292 4109 ἐστιν.
3335 4055 3438 4109 Καὶ
3470 4054 3627 4117 οὗτος
3678 4054 3762 4110 ἐπὶ
3793 4055 3949 4111 τέλει

2292 4149 2389 4199 τοῦ
2420 4144 2616 4205 παντὸς
2652 4143 2859 4214 έκάετῳ
2888 4146 2995 4196 τῶν
3021 4141 3443 4214 τετολμηκότων
3472 4141 3505 4196 ἃ
3540 4143 3615 4217 μὴ
3658 4144 3827 4219 ἐχρῆν
3858 4142 3954 4199 δί-

2292 4254 2444 4296 καιος
2471 4234 2961 4308 προκαθεσθήσεται
2992 4232 3200 4306 κριτής.

2363 4324 2573 4379 XLVII.
2606 4325 2779 4374 Ταῦτα
2824 4319 2929 4395 ἐγὼ
2979 4319 3213 4391 Κλήμης
3260 4318 3510 4391 ἀκούσας,
3558 4314 3713 4395 ἔφην·
3766 4320 3949 4392 Ἀλη-

2290 4414 2395 4473 θῶς
2425 4415 2583 4465 τοῦτο
2617 4404 2909 4478 θεοσέϐεια,
2942 4413 3101 4463 τοῦτο
3142 4407 3362 4478 ἀληθῶς
3398 4411 3442 4445 ²⁸
3472 4405 3731 4463 εὐσέϐεια.
3765 4409 3948 4465 Πάλιν

2285 4522 2344 4556 τε
2377 4497 2529 4577 ἔφην·
2566 4499 2793 4556 ’Ἠθελον
2832 4499 3016 4571 μαθεῖν
3062 4496 3176 4568 οῦν,
3211 4495 3298 4552 8ιά
3334 4497 3387 4551 τί
3418 4495 3591 4560 οὕτως
3631 4499 3947 4576 ἐγράφησαν

534 4586 668 4641 libri
699 4588 868 4643 sacri.
904 4587 1137 4643 Memini
1173 4588 1390 4660 quippe
1420 4593 1474 4645 te
1506 4588 1721 4645 dixisse
1755 4590 1810 4645 id
1858 4591 2075 4647 factum
2108 4596 2178 4650 ad

2320 4591 2342 4644 i
2378 4585 2589 4643 Βίϐλοι.
2642 4589 2939 4660 Μέμνημαι
2985 4587 3085 4662 γὰρ
3139 4586 3214 4647 ὡς
3263 4584 3420 4663 ἔφης,
3472 4585 3554 4641 ὅτι
3588 4586 3665 4649 εἷς
3704 4585 3946 4664 ἔλεγχον

533 4677 932 4748 coarguendos
959 4692 1059 4733 eos
1090 4679 1188 4747 qui
1235 4676 1476 4747 aliquid,
1508 4678 1663 4749 quod
1696 4679 1919 4734 dictum
1973 4681 2049 4736 sit
2079 4683 2179 4738 ad-

528 4781 732 4820 versus
764 4765 969 4836 Deum,
1006 4770 1223 4821 temere
1256 4766 1529 4821 credituri
1563 4768 1862 4823 erant.Sed
1898 4770 2176 4840 quoniam

529 4854 799 4909 concedis
832 4854 1284 4926 nobis,quaarere
1315 4872 1384 4909 ex
1414 4859 1467 4910 te
1499 4855 1584 4910 uti
1617 4855 1797 4923 lubet,
1825 4857 2178 4929 interrogare

528 4943 836 5008 audemus,
870 4948 925 4997 te
949 4944 1212 5013 jubente.
1251 4943 1310 4999 Si
1343 4944 1496 5014 quis,
1522 4944 1869 5000 charissima
1903 4948 2081 5014 Petre,
2116 4949 2176 5003 in

527 5032 789 5087 animum
824 5032 1115 5087 induxerit
1146 5033 1339 5087 dicere
1373 5033 1541 5087 nobis
1577 5049 1588 5086 ι
1623 5032 1938 5089 Veritatem
1991 5038 2171 5091 conti-

525 5126 665 5175 nent
692 5138 817 5193 quze
857 5121 918 5176 in
950 5126 1130 5175 Deum
1166 5120 1323 5175 dicta
1357 5136 1422 5175 ac
1457 5120 1675 5193 scripta
1722 5128 1877 5191 sunt,
1905 5122 2039 5179 licet
2068 5124 2173 5181 tibi

523 5208 829 5266 videantur
856 5210 1005 5267 falsa
1036 5226 1049 5266 :
1085 5226 1197 5282 quo
1230 5210 1401 5266 modo
1432 5208 1517 5264 illi
1549 5212 2033 5283 respondebimus
2059 5220 2082 5271 Ρ

2284 4684 2392 4735 τῶν
2430 4675 2744 4750 μελλόντων
2778 4673 2989 4747 τολμᾷν
3018 4674 3282 4729 πιστεύειν
3312 4695 3362 4727 τι
3393 4676 3438 4711 ²⁶
3472 4673 3768 4751 λεγόμενον
3800 4679 3950 4733 κατά

2284 4773 2381 4823 τοῦ
2429 4764 2580 4822 Θεοῦ.
2637 4766 2785 4832 [ἰλὴν
2836 4764 2950 4819 ἐπεὶ
3001 4764 3197 4840 χαρίζῃ
3249 4765 3384 4835 ἡμῖν
3435 4765 3787 4819 πυνθάνεσθαί
3838 4788 3947 4822 σου
4020 4764 4027 4840 1

2286 4857 2358 4918 ὡς
2394 4854 2701 4931 βουλόμεθα
2731 4857 2794 4919 ²“¹,
2828 4854 3176 4915 πυνθάνεςθαι
3226 4849 3547 4924 τολμῶμεν,
3601 4856 3696 4906 σοῦ
3736 4852 3947 4908 κελεύ-
4004 4874 4009 4931 τ

2285 4967 2495 5007 σαντοςο
2526 4942 2577 4999 εἷ’
2599 4965 2680 5005 τις
2717 4941 3034 5018 βουληθείη,
3069 4939 3293 5019 φίλτατε
3324 4940 3510 5017 Πέτρε,
3546 4940 3719 5017 λέγειν
3766 4944 3937 5015 ἡμῖν’

2283 5035 2491 5105 Ἀληθῆ
2526 5033 2633 5088 ἐστι
2662 5033 2729 5086 τὰ
2758 5032 3128 5108 γεγραμμένα,
3162 5028 3257 5085 κᾶν
3292 5033 3338 5068 ³⁸
3370 5051 3453 5085 σοι
3494 5028 3667 5104 ψευδῆ
3698 5028 3833 5101 δοκῆ
3864 5034 3943 5088 τὰ

2280 5124 2416 5180 κατά
2435 5127 2529 5177 τοῦ
2560 5126 2693 5177 Θεοῦ
2726 5120 2973 5197 ῥηθέντα·
3006 5124 3120 5182 πῶς
3152 5120 3530 5196 ἀποκριθῶμεν
3560 5118 3705 5192 αὐτῷ
3739 5138 3753 5190 ;

1876 5320 2116 5378 VARle
2154 5321 2449 5383 LECTION
2459 5318 2563 5374 ES.

592 5406 633 5440 ιτ
669 5400 725 5458 δέ
754 5407 915 5462 deest
938 5406 995 5461 in
1028 5406 1091 5462 0.
1129 5407 1170 5441 ¹⁸
1200 5404 1387 5477 κνίσης
1421 5408 1509 5476 C.,
1544 5423 1721 5477 quam
1754 5408 2001 5466 formam
2035 5414 2073 5467 Β
2104 5417 2277 5472 tacite
2309 5406 2685 5469 commutavit
2716 5406 2774 5461 in
2822 5404 3175 5477 xvtaanc,_ut
3203 5422 3314 5461 scr.
3369 5404 3435 5460 0.
3487 5403 3631 5460 Vide
3678 5402 3930 5461 Dindor.

518 5475 661 5531 Ilum
696 5477 753 5531 in
787 5478 952 5533 Hom.
986 5479 1135 5533 Tum
1165 5476 1518 5579 προσγύσεων
1561 5475 1633 5533 Ὀ.
1687 5480 1730 5513 ¹⁹
1779 5477 2110 5556 ὀλολυγμῶν
2156 5487 2217 5542 C.
2271 5488 2316 5522 ²⁰
2361 5483 2620 5553 ἄστοργος
2661 5476 2819 5538 αὐτός
2868 5478 2929 5533 C.
2979 5480 3022 5513 ²¹
3075 5475 3183 5530 ἐστι
3232 5481 3296 5533 Ο.
3346 5477 3393 5511 ³³
3444 5477 3523 5531 Ad
3578 5490 3739 5531 oram
3789 5477 3927 5533 cod.

518 5547 688 5579 ank
744 5548 792 5579 ηι
855 5566 984 5579 πων.
1045 5568 1110 5579 ..Α
1166 5569 1194 5579 .,
1229 5568 1431 5579 ......._.....
1487 5550 1531 5579 23
1561 5549 1619 5579 με
1657 5547 1903 5579 2.-..-Ὶ.ι-
1936 5562 2061 5579 ...Α-Δ
2098 5551 2147 5579 ρν
2201 5555 2269 5579 η-
2294 5578 2301 5579 ,
2328 5553 2755 5579 ιιηιηημηηροη..
2783 5549 2999 5579 ..ηΑηιηι
3050 5549 3424 5579 ηι-...ηιιηιηηη
3450 5566 3461 5576 .
3496 5545 3729 5579 Luam.
3760 5549 3897 5579 ηηηξ

516 5547 710 5601 Ottob.
743 5548 821 5629 al.
855 5566 1009 5603 man.
1045 5568 1133 5678 γρ
1166 5547 1531 5632 κέντριλυον..³³
1561 5549 1622 5604 Ci
1656 5547 1903 5626 ἀσφαλής
1936 5547 2067 5626 post
2097 5551 2304 5625 ϐουλῆς
2328 5547 2758 5633 Metapbrasten
2783 5549 3022 5611 redolet,
3050 5549 3239 5604 abund
3253 5553 3424 5632 atque
3450 5547 3729 5631 quem;
3760 5549 3929 5619 conj.

516 5619 573 5674 S.
614 5620 779 5674 Deest
809 5636 866 5673 in
898 5623 962 5675 Ο.
996 5620 1041 5654 ²⁴
1100 5637 1134 5674 n
1165 5624 1210 5675 Ο
1240 5637 1325 5678 nr.
1358 5637 1433 5676 m.
1467 5634 1525 5676 1n
1553 5637 1737 5678 marg.
1773 5620 1922 5678 ἔγον.
1951 5627 2163 5678 Eadem
2188 5630 2437 5678 varietas
2456 5628 2707 5678 occurrit
2732 5621 2884 5677 infra
2906 5638 2956 5677 c.
2977 5621 3067 5675 52.
3098 5621 3142 5654 ³⁵
3162 5617 3384 5678 ἀληθως
3414 5637 3572 5672 τουτο
3603 5618 3665 5674 0.
3704 5618 3749 5652 ³⁸
3780 5616 3929 5675 Post

516 5619 573 5674 S.
614 5620 779 5674 Deest
809 5619 866 5673 in
898 5623 962 5675 Ο.
996 5620 1041 5654 ²⁴

1165 5624 1210 5695 0
1240 5604 1325 5693 pr.
1358 5621 1525 5695 main
1548 5604 1745 5695 marg:
1773 5604 2709 5695 axéi.E'Jdehi'éiiiéi'isatéuirii
2732 5604 2956 5695 intra
3098 5621 3142 5654 ³⁵
3162 5604 3384 5695 ἀληθῶς
3406 5604 3585 5695 ’τοῦτο’
3603 5618 3665 5674 0.
3704 5618 3749 5652 ³⁸
3769 5604 3929 5695 Ροέἑ

514 5707 564 5749 τι
596 5690 641 5748 Ο
671 5689 888 5765 Ρτωῢθι
914 5688 995 5747 τό·
1029 5691 1074 5730 ³⁷
1103 5684 1259 5749 νὺδῖ
1281 5686 1629 5749 πυνθάνεσθαί
1658 5684 1753 5749 σῖυ
1802 5684 1875 5759 ἱῧς
1924 5684 2255 5777 βουλόμζὲθά
2272 5684 2647 5760 accesserunt
2676 5709 2745 5751 ex
2774 5693 2840 5755 0.
2870 5693 2914 5731 ³⁸
2943 5689 3039 5750 κᾶν
3069 5707 3186 5751 om.
3220 5684 3286 5766 0,
3320 5690 3421 5768 qui
3458 5694 3586 5751 tum
3617 5704 3731 5751 sor.
3766 5684 3928 5750 δοκεῖ

4040 4080 4041 4127 ι

4034 4394 4035 4447 l

4032 4494 4033 4553 l

4029 4594 4031 4659 I

4027 4680 4029 4765 ι

4026 4772 4027 4826 ι
