4100 6334
663 488 765 549 ill

1486 492 1552 551 S.
1600 489 2044 553 CLEMENTIS
2090 491 2113 552 Ι
2163 491 2350 553 HOM.
2401 492 2626 555 PONT.
2676 492 2937 556 OPERA
2982 490 3249 555 DUBIA.

3954 499 4071 557 ΗΞ

732 621 846 676 LII.
880 621 1201 692 Respondit
1235 623 1435 677 Petrus
1470 638 1484 677 :
1523 623 1696 679 Recte
1745 624 1944 697 itaque
1973 640 2087 680 non
2135 625 2295 681 credc

2496 630 2609 681 LII.
2644 625 2745 682 Καὶ
2782 628 2810 681 6
2841 623 3046 700 Πέτρος
3096 621 3415 701 ἀπεκρίνατο
3445 624 3508 662 ⁸⁸·
3563 622 3771 683 Οὐκοῦν
3825 626 4072 704 εὐλόγως

659 710 937 767 adversus
968 710 1174 776 Deum,
1202 727 1304 766 nec
1337 712 1618 767 adversus
1642 713 1839 782 justos
1860 712 2064 786 inlege
2096 730 2311 770 memo-

658 799 1087 873 ratos,impiam
1120 816 1482 871 praesumens
1503 800 1862 872 opinionem.
1889 801 1961 857 Ut
1983 803 2140 858 enim
2166 802 2311 859 mihi

658 890 1001 963 persuadeo,
1028 904 1217 961 neque
1246 890 1506 945 Ariamus
1540 894 1943 962 transgressor
1974 890 2101 961 fuit,
2134 908 2309 964 quem

658 979 758 1036 Dei
805 995 1010 1034 manus
1056 977 1503 1051 parturicrunt:
1554 994 1743 1050 neque
1773 978 1893 1035 Noe
1938 979 2157 1046 ebrius,
2210 980 2309 1052 qui

660 1086 775 1142 pra:
806 1067 966 1124 omni
1000 1068 1218 1123 mundo
1242 1068 1442 1138 justus
1473 1066 1745 1124 inventus
1773 1072 1893 1123 est:
1921 1084 2108 1140 neque
2132 1069 2311 1124 Abra-

660 1158 873 1214 hamus
900 1163 1017 1213 tres
1049 1155 1222 1212 simul
1255 1155 1463 1211 habuit
1492 1172 1723 1219 uxores,
1747 1156 1845 1227 qui
1880 1162 2113 1229 propter
2133 1157 2307 1213 casti-

658 1253 837 1303 tatem
877 1248 1126 1303 donatus
1166 1249 1255 1301 est
1301 1243 1616 1301 liberorum
1664 1244 2040 1301 multitudine
2072 1263 2086 1301 :
2121 1261 2309 1317 neque

657 1337 909 1393 Jacobus
959 1340 1210 1408 quatuor
1256 1334 1444 1395 duxit,
1487 1350 1737 1406 quarum
1780 1338 1838 1389 et
1883 1334 2011 1389 dum
2056 1350 2307 1401 sorores,

659 1423 756 1497 qui
791 1424 1099 1479 duodecim
1147 1421 1407 1477 tribuum
1443 1426 1607 1494 pater
1653 1420 1893 1488 exstitit,
1940 1426 1998 1476 et
2044 1420 2307 1494 Magistri

659 1513 842 1570 nostri
882 1513 1197 1568 adventum
1240 1511 1503 1566 futurum
1536 1510 1884 1583 designavit.
1932 1510 2159 1583 Moyses
2189 1527 2305 1566 non

658 1606 779 1658 erat
810 1600 1127 1669 homicida,
1160 1616 1266 1655 nec
1297 1600 1367 1655 ab
1416 1599 1705 1655 idolorum
1757 1599 2055 1655 sacerdote
2102 1599 2308 1655 didicit

648 1692 941 1763 judicare,
974 1689 1075 1761 qui
1100 1688 1376 1744 omnibus
1399 1686 1628 1743 saeculis
1652 1687 1839 1760 legem
1866 1687 1960 1743 Dei
1994 1687 2303 1759 propheta-

654 1780 824 1847 vit,et
853 1781 924 1835 ob
956 1783 1175 1834 rectam
1208 1776 1648 1849 intelligentiam
1684 1777 2090 1833 testimonium
2114 1775 2302 1833 fidelis

657 1866 1077 1939 dispensatoris
1108 1866 1350 1938 accepit.

729 1957 870 2012 LIII.
905 1956 1014 2012 Sed
1070 1960 1127 2011 et
1155 1955 1364 2010 horum
1414 1952 1819 2027 similiumque
1861 1953 2208 2010 solutionem
2241 1954 2300 2011 in

656 2052 917 2118 tempore
946 2045 1051 2099 tibi
1084 2043 1385 2099 exhibebo.
1422 2048 1496 2099 De
1530 2048 1757 2109 caetero,
1792 2044 2091 2115 quoniam,
2125 2049 2189 2099 ut
2219 2044 2301 2098 vi-

656 2135 968 2202 des,instat
994 2149 1389 2205 vespera,quae
1422 2131 1593 2187 hodie
1624 2132 1778 2187 dicta
1798 2138 1957 2199 sunt,
1982 2133 2298 2189 sufficiant.

658 2228 928 2279 Attamen
963 2222 1191 2293 quoties
1237 2222 1415 2290 voles,
1448 2223 1518 2277 de
1564 2221 1779 2293 quibus
1812 2221 2084 2294 placebit,
2119 2223 2303 2277 fiden-

655 2318 745 2368 ter
774 2317 1112 2384 percontare
1146 2330 1159 2368 :
1194 2327 1300 2367 nos
1331 2310 1444 2364 laeti
1494 2310 1798 2365 confestim
1851 2309 2298 2382 explicabimus.

656 2401 879 2466 Quibus
911 2399 1085 2456 dictis
1109 2398 1377 2455 surrexit.
1404 2398 1613 2470 Sicque
1637 2403 1873 2470 sumpto
1903 2399 2031 2455 cibo
2054 2399 2111 2453 in
2144 2415 2299 2455 som-

654 2506 797 2545 num
828 2488 980 2548 versi
1012 2505 1259 2558 sumus;
1293 2504 1405 2544 nox
1435 2488 1593 2544 enim
1626 2487 1959 2544 advenerat.

1251 2771 1555 2829 HOMILIA
1594 2772 1694 2828 ΙΙΙ.

732 2882 774 2938 Ι.
836 2881 971 2937 Post
1018 2881 1163 2936 duas
1207 2879 1387 2951 igitur
1432 2878 1577 2951 dies,
1635 2878 1807 2935 tertio
1854 2882 2049 2935 autem
2106 2879 2303 2936 illuce-

656 2976 852 3028 scente
907 2987 1022 3042 quo
1072 2969 1493 3041 disputandum
1560 2974 1685 3024 erat
1730 2985 1862 3024 cum
1910 2968 2145 3024 Simone
2194 2986 2299 3042 ego

655 3060 924 3116 Clemens
952 3058 1387 3131 expergefactus
1424 3057 1802 3128 comitesque,
1835 3059 1944 3113 sub
1975 3059 2298 3113 secundum

655 3149 944 3221 gallorum
964 3153 1199 3203 cantum
1215 3146 1548 3202 invenimus
1572 3145 1868 3201 lucernam
1892 3146 2083 3201 adhuc
2105 3147 2299 3203 lucen-

655 3242 794 3304 tem,
836 3242 1065 3292 Petrum
1114 3252 1249 3291 vero
1295 3234 1544 3307 genibus
1592 3234 1755 3289 ﬂexis
1804 3240 2086 3290 orantem.
2133 3238 2295 3292 Com-

653 3327 810 3399 pleta
838 3326 1021 3399 igitur
1042 3340 1549 3397 prece,conversus
1578 3339 1938 3395 cernensque
1960 3341 2065 3379 nos
2096 3325 2167 3379 ad
2190 3342 2292 3380 au-
2325 3359 2368 3426 C

653 3415 933 3471 diendum
964 3420 1198 3486 paratos
1228 3413 1375 3469 dixit
1406 3430 1419 3469 :

724 3592 797 3648 ΙΙ.
828 3592 987 3648 Scire
1025 3608 1127 3648 vos
1166 3590 1316 3657 volo,
1347 3591 1502 3661 quod
1552 3588 1654 3662 qui
1701 3606 1769 3645 ex
1801 3593 2002 3645 nostro
2051 3589 2295 3647 consilio

654 3686 894 3737 manent
920 3698 1050 3737 cum
1081 3680 1336 3751 Simone,
1371 3686 1435 3734 ut
1480 3679 1677 3750 inepta
1726 3677 1887 3734 illius
1929 3678 2296 3736 addiscentes

656 3771 824 3827 nobis
854 3770 1187 3840 subjiciant,
1222 3785 1337 3840 quo
1368 3769 1439 3822 ad
1471 3767 1689 3823 variam
1715 3768 1846 3838 ejus
1875 3767 2157 3825 malitiam
2191 3785 2295 3840 ap-

655 3866 777 3915 tare
808 3876 915 3914 nos
956 3858 1252 3929 possimus
1283 3857 1393 3928 ipsi
1428 3857 1731 3923 miserunt,
1765 3862 1821 3911 et
1853 3857 2022 3912 nobis
2054 3857 2167 3913 ista
2197 3857 2294 3914 de-

656 3948 953 4004 clararunt
985 3964 998 4003 :
1030 3946 1224 4001 Simon
1259 3945 1451 4013 hodie,
1479 3946 1972 4016 quemadmodum
2004 3946 2292 4019 promisit,

655 4043 895 4108 paratus
926 4043 1035 4107 est,
1070 4036 1264 4091 venire
1293 4051 1487 4090 coram
1520 4034 1817 4104 omnibus,
1839 4042 1903 4089 ut
1929 4037 2197 4091 ostendat
2224 4052 2293 4092 ex

650 4125 998 4197 Scripturis:
1035 4125 1192 4180 hunc
1222 4124 1321 4196 qui
1374 4123 1582 4178 oculum
1634 4129 1690 4179 et
1720 4130 1933 4178 terram
1975 4124 2291 4196 omniaque

645 4215 704 4269 in
735 4214 808 4269 iis
834 4215 1122 4269 exstantia
1142 4212 1543 4276 condidit,non
1561 4229 1690 4268 esse
1710 4211 1894 4267 Deum
1920 4229 2283 4284 supremum;

642 4302 743 4357 sed
793 4302 971 4357 alium
1022 4301 1265 4357 existere
1312 4301 1623 4373 quemdam
1671 4300 2033 4372 incognitum
2080 4307 2138 4356 et
2185 4319 2284 4357 su-

640 4390 1078 4462 premum,utin
1110 4390 1507 4445 ineﬂ‘abilibus
1548 4389 1924 4445 exsistentem
1949 4390 2132 4445 Deum
2155 4390 2285 4447 deo-

638 4480 898 4551 rum,qui
930 4480 1078 4534 duos
1110 4478 1335 4533 miserit
1363 4478 1523 4544 deos,
1560 4495 1627 4533 ex
1652 4478 1868 4549 quibus
1900 4477 2046 4533 alter
2078 4480 2281 4535 mundi

634 4573 880 4638 creator,
911 4567 1057 4623 alter
1088 4567 1231 4640 legis
1280 4567 1464 4623 dator.
1515 4570 1704 4638 Atque
1736 4566 1857 4621 haec
1888 4568 2079 4623 dicere
2111 4567 2277 4624 moli-

633 4662 748 4725 tur,
774 4663 837 4712 ut
854 4665 1069 4713 rectam
1104 4656 1276 4712 ﬁdem
1311 4673 1512 4712 eorum
1545 4655 1972 4728 subvertat,qui
2006 4673 2187 4711 unum
2212 4673 2277 4712 ac

2422 710 2545 769 οὕτε
2595 716 2733 770 κατᾶ
2785 719 2883 770 τοῦ
2936 717 3070 769 Θεοῦ
3120 712 3380 786 πιστεύω,
3415 710 3539 769 οὔτε
3587 714 3723 770 κατά
3770 720 3879 770 τῶν
3912 716 3967 772 ἐν
4000 722 4072 790 τῷ

2418 802 2572 876 νόμῳ
2621 803 3030 882 ἀναγραφέντων
3084 800 3330 876 δικαίων,
3376 798 3586 860 ἀσεϐῶς
3650 810 3867 882 φρονεῖν
3934 827 4071 882 προ-

2419 886 2716 964 λαμϐάνων
2745 895 2807 950 ⁸⁸.
2840 893 2930 954 Ὠς
2979 891 3083 967 γὰρ
3133 889 3448 963 πέπεισμαι,
3499 888 3624 947 οὔτε
3666 890 3848 966 Ἀδὰμ
3895 914 4071 970 παραο

2419 974 2589 1050 ϐάτης
2623 982 2707 1050 ἦν,
2742 982 2769 1035 6
2803 981 2906 1036 ὑπὸ
2944 985 3052 1036 τῶν
3100 984 3198 1035 τοῦ
3249 984 3382 1035 Θεοῦ
3436 985 3631 1057 χειρῶν
3677 984 4066 1061 κυοφορηθείς·

2418 1065 2541 1124 οὕτε
2589 1075 2709 1125 Νῶε
2768 1070 2995 1142 μέθυσος
3051 1070 3196 1139 ἧν,ὁ
3230 1069 3359 1142 ὑπὲρ
3393 1072 3439 1107 ⁴⁰
3484 1069 3658 1125 πάντα
3706 1071 3797 1126 τὸν
3854 1072 4068 1145 κόσμον

2417 1154 2624 1220 δίκαιος
2683 1158 2932 1233 εὑρεθείς’
2968 1154 3090 1213 οὕτε
3139 1154 3197 1212 δὲ
3246 1152 3501 1233 Ἀϐραὰμ
3542 1160 3716 1231 τρισὶν
3770 1162 3883 1233 ἅμα
3939 1182 4071 1215 συν-

2415 1246 2501 1319 ῄει
2536 1251 2576 1284 ⁸¹
2629 1247 2889 1323 γυναιξὶν,
2932 1248 2959 1301 6
3001 1244 3090 1302 διὰ
3130 1246 3481 1324 σωφροσύνην
3526 1245 3882 1310 πολυτεκνίας
3928 1270 4071 1305 κατ-

2415 1335 2681 1405 αξιωθείς·
2728 1333 2851 1391 οὕτε
2907 1330 3102 1391 Ἰακὼϐ
3157 1335 3401 1411 τετράσιν
3473 1335 3768 1408 ἐκοινώνει,
3832 1340 3909 1393 ὧν
3972 1337 4071 1393 δύο

2413 1424 2502 1478 καὶ
2534 1422 2763 1502 ἀδελφαὶ
2794 1428 2840 1462 ⁸⁸
2872 1423 3191 1501 ἐτύγχανον,
3223 1426 3281 1487 ὃς
3313 1422 3539 1480 δεκαδύο
3588 1424 3773 1503 φυλῶν
3830 1427 4072 1500 ὑπάρξας

2412 1514 2592 1589 πατὴρ
2622 1514 2710 1568 καὶ
2740 1514 2840 1583 τὴν
2872 1518 2968 1568 τοῦ
3001 1512 3336 1569 Διδασκάλού
3379 1515 3541 1586 ἡμῶν
3591 1516 3888 1591 παρουσίαν
3940 1516 4072 1588 ἰσήε

2416 1623 2577 1675 μανεν
2606 1602 2801 1657 ἐλθεῖνο
2837 1602 2898 1658 οὐ
2932 1610 3169 1673 Μωϋσῆς
3199 1602 3390 1681 φονεὺς
3420 1606 3509 1671 ἦν,
3543 1603 3630 1658 καὶ
3674 1606 3821 1681 παρά
3870 1606 4072 1681 ἱερέως

2416 1689 2661 1746 εἰδώλων
2687 1693 2731 1727 ⁴³
2759 1691 2959 1765 κρίνειν
2996 1690 3350 1764 ἐμάνθανεν,ὁ
3380 1690 3535 1745 παντῖ
3564 1694 3656 1748 71
3688 1695 3768 1764 τῷ
3799 1692 3960 1748 αἰῶνι
3982 1696 4072 1749 τὸν

2410 1783 2509 1833 τοῦ
2538 1783 2669 1834 Θεοῦ
2720 1779 2885 1853 νόμον
2940 1779 3317 1858 προφητεύσας
3346 1779 3436 1834 καὶ
3467 1775 3538 1834 δι’
3570 1779 3739 1857 ὀρθὴν
3797 1781 4071 1859 φρόνησιν

2410 1867 2599 1931 πιστὸς
2634 1868 2925 1942 οἰκονόμος
2960 1867 3340 1945 μαρτυρηθείς.

2484 1958 2623 2013 LIII.
2663 1955 2815 2026 Πλήν
2841 1958 2931 2012 καὶ
2960 1956 3168 2012 τούτων
3203 1977 3288 2011 σοι
3320 1956 3419 2025 τὴν
3470 1955 3715 2012 έπίλυσιν
3771 1959 3911 2030 μετὰ
3957 1964 4071 2013 τῶν

2411 2045 2617 2117 ὁμοίων
2655 2045 2739 2100 ἐπὶ
2770 2050 2961 2121 καιροῦ
2989 2046 3223 2117 παρέξω.
3272 2049 3377 2100 Τοῦ
3427 2042 3485 2101 δὲ
3530 2044 3750 2114 λοιποῦ,
3782 2048 3862 2109 ὡς
3914 2050 4072 2124 ὁρᾷς,

2411 2132 2596 2204 ἔπειδή
2631 2133 2829 2211 ἑσπέρα
2873 2133 3219 2213 κατείληφεν,
3252 2133 3317 2188 τὰ
3373 2136 3611 2210 σήμερον
3681 2134 3911 2212 ῥηθέντα
3970 2138 4071 2191 αύ-

2407 2222 2619 2299 τάρκως
2670 2222 2863 2299 ἐχέτω.
2916 2220 3155 2279 ’Ἀλλοτε
3204 2219 3259 2277 δὲ
3304 2221 3349 2276 εί
3380 2223 3427 2259 ⁸⁸
3458 2222 3669 2298 βούλει,
3700 2224 3821 2299 περῖ
3867 2224 3944 2280 ὧν
3984 2226 4072 2289 θὲ-

2411 2308 2550 2378 λεις,
2585 2310 2797 2387 θαρῥῶν
2854 2314 3014 2384 ἡμῶν
3072 2310 3360 2379 πυνθάνου,
3411 2312 3500 2366 καὶ
3551 2314 3716 2384 ἡμεῖς
3770 2314 4071 2390 χαίροντες

2410 2394 2617 2461 ἀόκνως
2679 2398 3029 2473 ἐπιλύσομεν.
3092 2399 3190 2454 Καὶ
3264 2403 3433 2454 ταῦτα
3507 2398 3671 2454 εἰπὼν
3749 2401 4072 2479 ἐγήγερται.

2410 2486 2508 2541 Καὶ
2559 2487 2732 2550 οὕτως
2774 2494 2981 2566 τροφῆς
3029 2482 3425 2560 μεταλαϐόντες
3475 2487 3551 2551 είς
3600 2488 3763 2545 ὕπνον
3824 2490 4072 2567 ἐτράπη-

2414 2596 2529 2649 μεν.
2564 2575 2891 2656 Κατειλήφει
2924 2576 3029 2653 γὰρ
3060 2578 3095 2647 ἠ
3128 2575 3237 2647 νύξ.

3047 2774 3287 2827 ΟΜΙΛῙΑ
3327 2772 3398 2828 Γ’.

2480 2883 2522 2935 I.
2554 2876 2658 2933 Δύο
2692 2878 2787 2951 μὲν
2820 2874 2911 2932 οῦν
2967 2874 3295 2933 διελθουσῶν
3348 2878 3588 2955 ἡμερῶν,
3641 2877 4072 2956 ἐπιφωσκούσῃ

2411 2962 2467 3020 δὲ
2511 2965 2721 3039 τρίτης,
2767 2966 2903 3039 πρὸς
2940 2966 3004 3021 τὸ
3054 2962 3411 3042 διαλεχθῆναι
3451 2971 3531 3039 τῷ
3582 2968 3788 3042 Σίμωνι
3842 2968 4072 3041 ἐξυπνι-

2409 3052 2551 3115 σθεὶς
2576 3051 2684 3126 ἐγὼ
2717 3051 2954 3125 Κλήμης
2984 3051 3071 3106 καί
3105 3053 3158 3107 οἱ
3188 3052 3431 3115 συνόντες
3481 3054 3684 3129 ἑταῖροι
3718 3058 3763 3091 ⁴⁶
3792 3055 3905 3111 ὑπὸ
3970 3059 4072 3121 τὶς

2408 3137 2656 3216 δευτέρας
2704 3145 2810 3196 τῶν
2860 3140 3234 3216 ἀλεκτρυόνων
3274 3143 3473 3219 φωνὰς,
3524 3142 3749 3219 εὕρομεν
3803 3146 3904 3199 τὸν
3970 3148 4072 3219 μὶν

2407 3228 2611 3305 λύχνον
2640 3227 2717 3284 ἔτι
2750 3229 3025 3308 φαίνοντα,
3055 3231 3147 3285 τὸν
3190 3227 3247 3285 δὶ
3298 3232 3498 3304 Πέτρον
3542 3230 3834 3307 γονυκλινῆ
3885 3256 4068 3310 προσ-

2408 3319 2727 3395 ευχόμενον.
2764 3318 3093 3382 Συντελέσας
3151 3320 3243 3375 οὗν
3299 3322 3398 3390 τὴν
3454 3318 3657 3391 δέησιν,
3707 3322 4066 3402 ἐπιστραφεὶς

2404 3408 2492 3463 καὶ
2544 3406 2672 3463 ἰδὼν
2737 3411 2884 3481 ἡμᾶς
2936 3408 3071 3485 πρὸς
3125 3409 3187 3464 τὸ
3249 3409 3470 3465 ἀκοῦσαι
3522 3409 3756 3484 ἑτοίμως
3799 3410 4056 3488 ἔχοντας

2403 3494 2526 3575 ἔφη’

2481 3593 2545 3643 II.
2582 3587 2867 3641 Γινώσκειν
2900 3587 3036 3659 ὑμᾶς
3061 3586 3227 3656 θέλω,
3260 3585 3343 3643 δτι
3375 3588 3427 3642 οἳ
3456 3589 3576 3652 καθ’
3603 3586 3878 3663 ἡμετέραν
3930 3593 4057 3665 πρά

2404 3696 2550 3729 νοιαν
2597 3675 2841 3738 συνόντες
2888 3680 2967 3747 τῷ
3020 3682 3254 3749 Σίμωνι,
3286 3676 3437 3738 ὅπως
3480 3677 3574 3738 τὰς
3631 3675 3836 3753 βουλὰς
3891 3680 4056 3737 αὐτοὶ

2408 3765 2761 3861 μανθάνοντες
2804 3759 3195 3861 ,ὑποϐἀλλωσιν
3245 3767 3405 3861 ἡμῖν,
3442 3762 3535 3819 ’ίνα
3582 3762 3875 3861 δῦνώμεθα
3929 3772 4052 3861 ττρῆ

2402 3854 2499 3921 τήν
2542 3860 2642 3922 τῆς
2691 3854 2882 3915 κακίας
2933 3852 3095 3908 αύτοῦ
3153 3851 3428 3908 ποικιλίαν
3482 3852 3844 3929 ἁρμόσασθαι,
3904 3858 4050 3935 αὐτα

2402 3942 2709 4015 πέμψαντες
2737 3939 3017 4012 ἐδήλωσαν
3057 3944 3193 4015 ἡμῖν
3242 3940 3515 4017 λέγοντες’
3553 3941 3737 4015 Σίμων
3785 3945 4048 4021 σήμεραί

2402 4032 2538 4086 καθά
2567 4030 2903 4101 συνετάξατο,
2935 4028 3158 4104 ἕτοιμός
3190 4030 3328 4086 ἐστιν
3375 4031 3480 4085 ἀπὸ
3525 4035 3635 4086 τῶν
3685 4036 3927 4108 Γραφῶν
3984 4036 4046 4133 ἐς

2400 4119 2612 4175 πάντων
2673 4119 2844 4183 ἐλθὼν
2904 4117 3296 4189 ἀποδεικνύειν,
3362 4121 3436 4193 μὴ
3494 4123 3686 4175 τοῦτον
3749 4122 3853 4178 78
3928 4112 4033 4185 sivi

2397 4211 2524 4265 Θεὸν
2556 4209 2851 4279 ἀνώτατον,
2882 4210 2942 4271 ὃς
2974 4208 3194 4285 οὐρανὸν
3228 4207 3401 4264 ἔκτισε
3440 4207 3530 4263 καὶ
3580 4216 3683 4284 γῆν
3734 4210 3828 4264 καὶ
3883 4216 4003 4267 πάν

2393 4298 2459 4353 τά
2487 4302 2530 4335 ⁴⁸
2560 4297 2611 4353 ἐν
2645 4297 2851 4365 αὐτοῖς,
2884 4295 3030 4352 ἀλλὰ
3059 4296 3228 4353 ἄλλον
3274 4297 3395 4352 τινὰ
3441 4295 3714 4373 ἄγνωστον
3762 4299 3864 4353 καὶ
3927 4304 3997 4357 ἀν

2389 4408 2572 4458 τατον,
2632 4386 2705 4449 ὡς
2756 4385 2808 4440 ἐν
2864 4385 3198 4463 ἀπορβήτοις
3251 4381 3379 4441 ὄντα
3429 4387 3559 4441 Θεὸν
3617 4388 3767 4441 θεῶν·
3838 4389 3909 4451 ὃς

2391 4472 2599 4549 ἔπεμψε
2629 4474 2802 4547 θεοὺς,
2835 4474 2925 4552 ἀφ’
2954 4476 3027 4529 ὦν
3061 4476 3088 4529 ὁ
3124 4476 3218 4548 μὲν
3270 4476 3345 4537 εἷς
3393 4474 3533 4531 ἐστιν
3582 4475 3611 4530 6
3660 4475 3877 4548 κόσμον
3949 4502 3989 4535 κ

2390 4586 2502 4636 σας,
2540 4566 2568 4619 6
2601 4562 2657 4619 δὲ
2683 4560 2866 4639 ἕτερος
2896 4565 2924 4619 6
2955 4565 3045 4618 τὸν
3088 4562 3255 4636 νόμον
3309 4563 3457 4626 δούς.
3487 4564 3585 4618 Καὶ
3632 4567 3801 4618 ταῦτα
3860 4589 3952 4639 μη

2391 4660 2542 4708 νᾶται
2576 4652 2775 4728 λέγειν,
2808 4651 2956 4715 ὅπως
2988 4657 3096 4707 τῶν
3124 4653 3214 4708 τὸν
3246 4650 3339 4707 ἕνα
3368 4651 3458 4707 καί
3492 4652 3656 4726 μόνον
3711 4650 4026 4743 μελλόντη

3969 4237 4003 4267 ιν

3969 4231 4040 4432 ἒ]

3959 4432 4034 4675 ii

630 4746 819 4802 solum
869 4746 1052 4803 Deum
1099 4751 1419 4802 creatorem
1484 4744 1609 4801 caeli
1658 4748 1717 4801 et
1772 4749 1934 4801 terrea
1976 4745 2273 4802 adoraturi

2410 4738 2556 4797 ’έϐειν
2617 4744 2768 4809 Θεὸν,
2800 4742 2858 4803 ’ὸς
2915 4741 3144 4817 οὐρανὸν
3178 4740 3354 4797 ἔκτισε
3402 4740 3493 4797 καὶ
3540 4748 3663 4817 γῆν,
3711 4742 3817 4811 τήν
3887 4745 4024 4822 ὀρθῇ

627 4842 789 4891 sunt.

2410 4830 2690 4908 τροεκλύσῃ
2719 4834 2761 4868 ⁴⁷
2792 4830 2994 4887 πίστιν.
3930 4820 3939 4822 ἡ

696 4925 791 4980 ΙΙΙ.
812 4925 942 4980 Haec
962 4924 1206 4980 audiens
1227 4941 1343 4996 quo
1366 4923 1540 4979 modo
1563 4940 1679 4978 non
1704 4921 1945 4979 moleste
1969 4922 2270 4980 tulissem?

2448 4926 2548 4977 Ill.
2572 4924 2746 4975 Ταῦτα
2776 4918 3006 4982 ἀκούσας
3037 4924 3155 4982 πῶς
3206 4919 3304 4974 ούκ
3352 4918 3410 4974 ἃν
3462 4918 3757 4992 ἠθύμησας
3807 4924 3921 4979 Διὸ

621 5013 901 5079 Quocirca
930 5018 986 5069 et
1027 5030 1127 5068 vos
1161 5028 1390 5067 mecum
1442 5011 1829 5067 consistentes
1881 5011 2088 5068 fratres
2118 5011 2268 5068 scire

2414 5015 2518 5083 μᾶς
2551 5011 2616 5078 ⁸⁸,
2647 5008 2775 5071 τοὺς
2805 5007 3057 5071 συνόντας
3090 5029 3183 5081 μοι
3217 5004 3511 5085 ἀδελφοὺς,
3534 5005 3727 5063 εἰδέναι
3754 5008 3964 5083 ἠθὲλτ,

2374 5099 2448 5161 ὡς
2480 5097 2542 5153 ού
2577 5097 2808 5174 μετρίως
2836 5109 2934 5166 την
2967 5097 3151 5172 ψυχὴν
3184 5096 3361 5173 ἀλγῶ,
3393 5096 3591 5172 ἐνορῶν
3624 5096 3711 5151 τὸν
3781 5100 3897 5170 μὶν

2371 5188 2536 5261 νηρὸν
2578 5187 2713 5257 πρὸς
2765 5183 2999 5259 δοκιμὴν
3047 5185 3347 5262 ἀνθρώπων
3395 5184 3753 5263 ἐγρηγορότα,
3789 5188 3946 5253 τοὺς

2372 5276 2687 5352 ἀνθρώπους
2720 5280 2821 5345 τῆς
2872 5275 3074 5329 δαυτῶν
3130 5273 3401 5351 σωτηρίας
3461 5271 3599 5329 πάνυ
3656 5262 4001 5347 ἀμελοῦντι-ά

3994 5366 4005 5423 ι

617 5102 794 5173 volui,
828 5121 941 5158 non
975 5102 1341 5157 mediocriter
1369 5101 1565 5155 animo
1598 5116 1691 5154 me
1739 5098 1953 5170 dolere,
1986 5101 2129 5155 dum
2180 5100 2265 5155 vi-

616 5192 744 5260 deo,
768 5192 1066 5247 diabolum
1100 5192 1339 5263 quidem
1371 5190 1442 5245 ad
1474 5189 1746 5244 homines
1775 5189 2090 5244 tentandos
2120 5188 2263 5261 vigi-

612 5279 734 5336 lare
762 5280 1032 5338 homines
1080 5295 1214 5336 vero
1243 5278 1415 5352 plane
1447 5276 1741 5350 negligere
1781 5278 2033 5334 salutem
2066 5294 2257 5336 suam.

1967 5482 2208 5540 VARIIE
2248 5482 2668 5540 LECTIONES.

674 5632 719 5714 ξθ
747 5634 1062 5714 νὺὺκπάνυ
1119 5631 1332 5714 καλῶς..
1356 5630 1456 5686 Καὶ
1502 5631 1530 5686 6
1577 5628 1782 5714 ρέτρος
1836 5630 2155 5714 ἀπεκρίνατο
2212 5634 2334 5691 des.
2377 5633 2547 5714 in_9.
2619 5632 2670 5714 ξ’
2694 5625 3096 5714 ’προλαμϐάνει
3144 5633 3210 5714 ρ,
3241 5632 3326 5714 ἱιι⁸
3354 5634 3472 5714 cui.
3526 5646 3711 5714 marg.
3741 5628 3801 5686 al
3850 5652 3977 5714 ’ως

674 5651 719 5670 δ’
757 5651 895 5690 VDD.
926 5651 1062 5687 πανυ
1119 5651 1323 5695 καΛως.
1359 5651 1456 5686 nat
1502 5651 1530 5686 ο
1578 5651 1782 5705 ιιετρος
1836 5651 1973 5686 απεκ
2014 5654 2155 5688 ινατο
2212 5651 2334 5691 aes.
2377 5652 2437 5690 1n
2482 5651 2547 5689 U.
2624 5651 2670 5667 ο·
2719 5651 3096 5704 προλαμοανει
3144 5651 3210 5702 υ,
3241 5651 3302 5689 ιιι
3357 5651 3472 5699 cu).
3526 5651 3711 5701 marg.
3741 5651 3801 5686 al
3872 5652 3941 5691 tn

600 5704 729 5789 νόθα
789 5706 923 5789 κατὰ
970 5703 1497 5789 ,νόμουιλεγόμενω
1540 5698 1776 5789 ..ω’ἒξχρν
1831 5710 1911 5789 0;
1947 5651 2308 5789 \fid.“su_pra
2356 5722 2408 5789 ξς
2585 5705 2675 5789 η⁴¹η
2694 5704 2902 5789 Melius
2953 5710 3117 5789 συνῆν
3281 5706 3326 5739 ⁴²
3354 5704 3504 5787 Vbh.
3554 5698 3947 5789 πολυτεκνίας

598 5774 828 5855 ἀδελφαί
860 5770 1363 5834 ἀθεὶάόιθαοιιιιιῖῑί
1609 5770 1843 5855 εἰδώλου
1873 5779 1931 5829 C.
1952 5842 1970 5855 ς
2003 5777 2053 5855 _“
2084 5770 2217 5855 60.)"
2238 5776 2327 5855 ὅτε
2354 5772 2416 5855 δέ
2526 5846 2559 5855 Α
2580 5776 2624 5812 ⁴⁸
2649 5770 2825 5851 ἴτεροι
2852 5779 2912 5832 C.
2986 5776 3031 5812 “
3058 5770 3125 5830 τά
3154 5775 3502 5850 transcripsi
3527 5791 3597 5832 ex
3614 5778 3676 5843 0,
3705 5774 3819 5850 qui
3858 5794 3943 5837 vo

598 5842 1044 5929 bula'avaatov
1075 5868 1165 5904 και
1194 5864 1311 5906 non
1342 5844 1595 5905 exhibet.
1670 5845 1714 5882 ‘7
1744 5842 2100 5923 προσεκλύσει
2132 5848 2194 5906 C.
2269 5848 2315 5885 ⁴³
2344 5848 2491 5923 ἡμᾶς
2521 5846 2586 5904 Ο.
2739 5842 2750 5851 ’
3411 5842 3431 5850 ⁷
3662 5842 3667 5843 ⁷
3723 5842 3742 5850 ⁷
