4064 6330
120 389 229 449 H3

1242 390 1767 454 CLEMENTINA.
1809 420 1883 434 —
1924 388 2257 451 HOMILIA
2303 390 2408 453 Ill.

3415 393 3530 455 114

118 523 547 598 Ὲμηχανήσατο
606 525 714 600 γὰρ
772 529 891 587 τοῖς
950 525 1052 579 ἀπὸ
1109 522 1273 580 ἐθνῶν
1336 522 1604 597 μέλλουσι
1655 522 1776 597 περὶ

1895 523 2223 581 Gentilibus
2251 527 2428 593 enim,
2466 527 2563 600 qui
2595 532 2827 584 terrena
2879 525 3198 585 simulacra
3251 526 3530 585 credituri

113 616 217 666 τῶν
244 612 506 687 ἐπιγείων
562 614 767 683 ξοάνων
817 613 1091 669 πείθεσθαῖ
1142 617 1187 650 ⁸³
1236 613 1319 668 ὅτι
1367 612 1465 668 οὐκ
1511 611 1612 668 εἶσὶ
1641 611 1775 682 θεοὶ,

117 700 307 774 ὶτὲρων
361 701 603 759 πολλῶν
659 704 793 757 θεῶν
850 700 1007 775 δόξας
1064 703 1375 779 εἰσενεγκεῖν
1406 747 1419 771 ,
1478 701 1627 763 ὅπως
1688 700 1774 756 ἐὰν

117 789 427 846 παῦσωνται
485 798 594 860 τῆς
652 792 804 847 κάτω
854 794 899 829 ⁸ο
953 790 1422 864 πολυθεομανίας,
1484 790 1679 865 ἑτέρως
1738 790 1773 859 ἢ

119 880 195 933 καὶ
228 886 425 956 χεῖρον
459 880 602 935 κατὰ
634 883 734 949 τῆς
778 885 877 936 τοῦ
924 885 1056 936 Θεοῦ
1091 880 1391 957 μοναρχίας
1424 878 1602 955 λέγειν
1638 881 1775 933 ἀπα-

116 970 465 1039 τηθεζσονται·
494 968 595 1024 ’ἶνα
628 968 904 1043 μηδέποτε
932 971 999 1024 τὰ
1038 976 1138 1039 τῆς
1174 969 1473 1044 μοναρχίας
1506 969 1776 1044 προτιμή-

117 1078 290 1120 σαντες
342 1058 652 1114 οὐπώποτε
703 1057 889 1120 ἐλέους
937 1064 1120 1134 τυχεῖν
1172 1055 1511 1128 δυνηθῶσιν.
1566 1056 1775 1125 Ταύτης

116 1144 163 1202 ἃ
188 1153 291 1216 τῆς
322 1146 559 1219 τόλμης
588 1144 746 1203 ἓνεκα
775 1147 804 1202 ὁ
838 1146 1025 1220 Σίμων
1072 1152 1189 1209 ταῖς
1237 1144 1453 1221 ψευδέσι
1499 1150 1607 1201 τῶν
1640 1152 1772 1221 Γρα-

116 1242 214 1314 φῶν
249 1242 599 1312 περικοπαῖς
650 1235 996 1310 ὡπλισμένος
1042 1236 1307 1310 πολεμεῖν
1356 1238 1491 1309 ἡμῖν
1542 1236 1772 1311 προσερ-

113 1345 283 1399 χεται.
316 1325 427 1380 Καὶ
454 1327 527 1381 τὸ
561 1320 885 1401 δεινότερον,
919 1325 999 1381 ὅτι
1033 1326 1121 1403 ἀφ’
1151 1322 1225 1379 ὧν
1254 1324 1315 1379 οὐ
1360 1328 1401 1361 ⁸¹
1454 1324 1774 1379 πεπίστευκε

112 1420 410 1491 προφητῶν
466 1419 697 1470 τοιαῦτα
744 1411 1086 1491 δογματίζειν
1132 1413 1267 1469 κατᾶ
1291 1418 1389 1470 τοῦ
1437 1409 1607 1475 ὅντως
1639 1417 1772 1468 Θεοῦ

114 1503 166 1557 οὐ
193 1498 545 1581 πεφόϐηται.

176 1594 272 1651 [ν.
308 1592 414 1646 Καὶ
462 1595 604 1664 ἡμῖν
657 1590 753 1665 μὶν
798 1596 917 1654 τοῖς
965 1591 1024 1648 ἐκ
1070 1591 1356 1667 προγόνων
1404 1589 1770 1666 παρειληφόσι

114 1682 189 1733 τὸν
218 1681 293 1735 τὰ
341 1678 530 1735 πάντα
574 1679 831 1735 κτίσαντα
885 1682 979 1737 πο
1028 1675 1202 1735 σέϐειν
1253 1681 1403 1753 Θεὸν,
1457 1677 1536 1734 ἔτι
1582 1676 1639 1734 δὲ
1681 1677 1771 1733 καὶ

115 1775 206 1823 τῶν
284 1769 506 1839 ἆπατᾷν
598 1766 907 1841 δυναμένων
989 1766 1197 1846 βίϐλων
1274 1770 1337 1824 τὸ
1423 1770 1719 1844 μυστήριον
1754 1813 1769 1841 ,

117 1856 257 1912 ὠδὶν
310 1856 654 1928 δυνήσεται,
698 1863 816 1920 τοῖς
867 1854 924 1913 δὲ
973 1859 1077 1913 ἀπὸ
1127 1857 1306 1929 ἐθνῶν,
1356 1864 1453 1926 τήν
1506 1856 1770 1912 πολύθεον

115 1945 389 2020 ὑπόληψιν
442 1945 748 2022 σύντροφον
800 1944 1017 2020 ἔχουσιν
1053 1990 1067 2013 ,
1118 1945 1207 1999 καὶ
1254 1950 1362 1999 τῶν
1426 1950 1648 2023 1“ραφῶν
1708 1945 1775 2000 τὰ

113 2033 276 2106 ψευδῆ
308 2038 419 2090 οὐκ
448 2032 673 2103 εἰδόσιν,
705 2032 852 2088 πολὺ
900 2032 1201 2104 δυνήσεται·
1255 2033 1321 2088 οὐ
1374 2034 1538 2106 μόνον
1589 2033 1772 2105 αὐτὸς,

114 2122 225 2178 ἀλλ’
258 2124 304 2178 εί
335 2123 435 2177 καὶ
490 2122 664 2184 ἄλλος
693 2144 778 2185 τις
827 2128 943 2185 τοῖς
994 2122 1099 2177 ἀπὸ
1131 2122 1297 2177 ἐθνῶν
1349 2124 1484 2177 κατὰ
1513 2128 1609 2176 τοῦ
1641 2127 1775 2177 Θεοῦ

114 2214 255 2267 κενόν
287 2216 336 2251 ⁸³
370 2233 498 2267 τινα
548 2211 741 2283 ὅμοιον
793 2210 1011 2288 ὀνείρῳ,
1043 2211 1322 2273 πλουσίως
1361 2214 1774 2284 κεκοσμημὲνον

116 2304 458 2378 ὗφηγήσεται
516 2303 711 2375 μῦθον,
761 2302 1194 2371 πιστευθήσεται,
1222 2298 1303 2372 τῷ
1335 2299 1394 2354 ἐκ
1441 2298 1649 2354 παίδων
1680 2299 1771 2355 τὸν

114 2396 227 2445 νοῦν
278 2390 468 2446 αὐτῶν
522 2390 591 2444 τὰ
635 2391 771 2445 κατᾶ
834 2394 931 2445 τοῦ
988 2394 1123 2445 Θεοῦ
1181 2388 1453 2462 λεγόμενα
1504 2387 1776 2458 ἐθισθῆναι

117 2475 417 2552 λαμϐάνειν
447 2482 521 2535 ⁸³.
556 2480 785 2533 Σπάνιοι
834 2476 892 2534 δέ
937 2498 1077 2540 τινες
1126 2478 1177 2532 οἱ
1209 2478 1305 2550 μὶν
1339 2477 1512 2532 αὐτῶν
1545 2475 1775 2549 ἔσονται,

124 2570 191 2629 ὡς
222 2569 283 2623 bc
317 2568 585 2638 πλήθους
637 2565 843 2643 ὀλίγοι,
894 2564 1088 2629 οἵτινες
1138 2564 1209 2621 δι’
1254 2565 1672 2642 εὐγνωμοσύνην
1715 2566 1778 2623 οῦ

122 2657 419 2727 Θελήσουσι
468 2658 609 2711 κατᾶ
652 2661 750 2711 τοῦ
795 2658 862 2711 τὰ
890 2657 1063 2711 πάντα
1108 2655 1386 2717 κτίσαντος
1435 2659 1569 2711 Θεοῦ
1613 2656 1776 2712 κακὸν

124 2746 278 2822 λόγον
343 2747 484 2801 αὐτὸ
520 2749 567 2782 ⁸⁸
612 2745 707 2800 κᾶν
761 2745 983 2800 ἀκοῦσαι
1044 2740 1231 2817 μόνον·
1291 2747 1372 2807 οἷς
1426 2744 1613 2818 μόνοις
1673 2744 1779 2801 ἀπὸ

122 2835 280 2891 ἑθιῶν
346 2834 474 2891 οὖσι
527 2842 764 2904 σωθῆναι
814 2836 1120 2909 γενήσεται.
1174 2834 1261 2903 Μὴ
1312 2831 1403 2889 οὖν
1449 2836 1584 2907 ἡμῖν
1614 2836 1659 2871 ⁸⁵
1692 2855 1777 2897 τις

118 2926 200 2978 τξη
230 2925 476 2997 Σίμωνα
525 2921 806 2984 παντελῶς
862 2922 1179 3001 μεμφέσθω,
1212 2924 1247 2991 ἢ
1297 2921 1387 2978 καὶ
1438 2920 1609 2977 ἄλλον
1638 2925 1776 2978 τινά·

120 3012 263 3069 ὠδὶν
292 3016 408 3089 γὰρ
460 3009 663 3074 eam;
717 3011 939 3088 γίνεται,
987 3011 1124 3067 ὅπου
1172 3011 1261 3066 καὶ
1309 3011 1376 3066 τὰ
1402 3015 1509 3066 τῶν
1552 3016 1777 3091 Γραφῶν

118 3101 281 3173 ψευδῆ
317 3100 581 3175 εὐλόγως
615 3101 751 3177 πρὸς
783 3098 1017 3174 δοκιμὴν
1050 3098 1253 3176 ἔχοντα
1281 3101 1562 3175 τυγχάνει.

182 3192 247 3248 ν.
277 3190 454 3264 Κάγὼ
488 3187 730 3261 Κλήμης
782 3187 1012 3251 ἀκούσας
1059 3186 1211 3265 ἔφην·
1263 3194 1388 3251 Πῶς
1440 3188 1640 3264 λὲγεις,
1688 3186 1778 3242 κύ-

120 3300 214 3352 ριε,
244 3281 342 3335 καὶ
373 3250 445 3333 τὰ
474 3250 844 3355 τῶνῖράφῶν
874 3275 1045 3351 ψευδῆ
1082 3250 1328 3351 έῦλόγως
1357 3278 1493 3353 πρὸς
1519 3250 1774 3351 ¹δοκιμὴν
1808 3250 1852 3319 C

120 3369 429 3443 ἀνθρώπων
463 3364 615 3442 ἔχειν
639 3386 654 3437 ;
688 3368 747 3424 Ὁ
779 3363 836 3421 δὶ
865 3366 1207 3441 ἀπεκρίνατο.
1230 3366 1305 3421 Τὰ
1324 3364 1493 3441 ψευδῆ
1524 3371 1629 3421 τῶν
1650 3373 1783 3444 Γραο

122 3464 228 3534 φῶν
290 3458 569 3529 αἰτήματι
636 3454 824 3517 κακίας
879 3452 1074 3527 δικαίῳ
1131 3454 1238 3510 τινὶ
1298 3454 1453 3531 λόγῳ
1508 3463 1780 3534 γραφῆναι

122 3548 516 3623 συνεχωρήθη.
576 3542 838 3619 Εὗλόγως
896 3541 953 3599 δὲ
1002 3546 1048 3581 ⁵⁸
1094 3542 1245 3619 λέγω
1293 3544 1495 3607 οὕτως.
1537 3547 1621 3600 Ἐν
1661 3551 1780 3609 ταῖς

125 3636 440 3710 θεολογίαις
472 3635 504 3689 ὁ
532 3633 774 3709 πονηρὸς
812 3636 910 3688 τοῦ
956 3632 1159 3708 ἀγαθοῦ
1187 3633 1277 3687 τὸν
1328 3633 1456 3689 Θεὸν
1497 3634 1597 3690 οὐκ
1625 3630 1781 3690 ἔλατ-

122 3746 206 3779 τον
257 3726 501 3800 ἀγαπῶν
550 3722 629 3777 ενι
680 3721 832 3794 μόνῳ
881 3720 1234 3777 ἀπολείπεται
1282 3727 1380 3777 τοῦ
1426 3723 1649 3799 ἀγαθοῦ,
1698 3723 1783 3780 ὅτι

125 3816 207 3867 καὶ
254 3818 373 3868 τῶν
418 3810 637 3888 ἀγνοίας
685 3809 833 3881 αἰτίᾳ
879 3805 1214 3865 ἀσεϐούντων
1266 3810 1327 3864 οῦ
1377 3812 1783 3887 συγγινώσκων,

125 3906 327 3977 στοργῇ
379 3904 451 3975 τῇ
503 3901 639 3975 πρὸς
686 3900 748 3955 τὸ
791 3894 1184 3972 άσεϐούμενον,
1234 3901 1337 3957 80
1372 3904 1480 3955 τῶν
1531 3896 1783 3955 ἀσεϐούν-

121 4012 221 4047 των
280 3991 547 4063 ἐπιθυμεῖ
595 3990 687 4044 τὸν
732 3985 977 4063 ὄλεθρον,
1027 3990 1057 4043 ὁ
1104 3985 1162 4043 δὲ
1190 3991 1232 4026 ⁸⁷
1273 3990 1374 4058 τὴν
1419 3987 1557 4044 ἴασιν
1598 3992 1781 4053 αὐτοῖς

124 4078 477 4159 προσφέρειν.
508 4080 571 4136 Ὀ
600 4078 705 4154 γὰρ
734 4077 931 4154 ἀγαθὸς
974 4077 1154 4142 ἰᾶσθαι
1191 4079 1392 4141 πάντας
1421 4076 1565 4134 θέλει
1595 4080 1638 4115 ⁸³
1668 4084 1783 4142 ταῖς

127 4167 554 4242 μεταμελείαις,
602 4168 762 4237 σώζει
812 4164 871 4222 δὲ
919 4166 1120 4241 μόνους
1167 4165 1295 4229 τοὺς
1342 4166 1642 4244 ἐγνωκότας
1688 4168 1781 4223 τὸν

125 4259 270 4314 Θεόνθ
304 4256 441 4319 τοῦς
475 4252 531 4311 δὲ
560 4256 889 4330 ἀγνοοῦντας
922 4254 1022 4311 οῦκ
1070 4255 1236 4325 ἰᾶται,
1270 4254 1377 4331 οὐχ
1406 4254 1493 4311 ὅτι
1521 4255 1583 4312 οὗ
1614 4254 1779 4329 θέλει,

127 4348 246 4403 ἀλλ’
280 4346 371 4403 ὅτι
406 4344 509 4401 οὐκ
544 4343 741 4415 ἔξεστιν
786 4344 855 4400 τὰ
901 4343 1282 4418 ἠτοιμασμὲνα
1327 4350 1447 4407 τοῖς
1495 4345 1635 4408 υἱοῖς
1679 4353 1783 4415 τῆς

130 4434 411 4508 βασιλείας
442 4432 613 4510 ἀγαθὰ
638 4438 756 4495 τοῖς
787 4431 876 4488 διὰ
901 4434 964 4489 τὸ
996 4430 1305 4509 ἀδιάκριτον
1352 4431 1580 4508 ἀλόγοις
1617 4433 1783 4504 ζώοις

128 4525 535 4600 παρεικασθεῖσι
565 4526 885 4598 παρασχεῖν.

193 4702 295 4759 VI.
330 4703 438 4755 Τοῦ
469 4698 580 4761 ἑνὸς
607 4698 697 4754 καὶ
748 4697 915 4773 μόνου
965 4702 1119 4771 Θεοῦ,
1149 4702 1248 4753 τοῦ
1290 4697 1384 4753 τὸν
1428 4697 1634 4772 κόσμον
1676 4720 1773 4756 πε-

128 4790 434 4861 ποιηκότος
483 4788 570 4844 καὶ
617 4790 766 4860 ἡμᾶς
814 4789 1095 4851 κτίσαντος
1142 4788 1231 4843 καὶ
1280 4787 1454 4843 πάντα
1500 4808 1780 4865 παρεσχη-

125 4879 312 4948 κότος,
364 4875 592 4947 τοιαύτη
640 4875 872 4953 πέφυκεν
918 4875 1098 4954 φύσις,
1146 4878 1345 4939 παντὸς
1394 4874 1505 4947 ἤδη
1554 4877 1688 4932 ποτὶ
1733 4881 1778 4916 ⁸⁸

128 4967 278 5030 ἐντὸς
312 4966 459 5039 ὅρων
489 4960 789 5028 θεοσεϐείας
831 4960 1011 5034 ὄντος,
1060 4964 1150 5020 καὶ
1204 4966 1280 5039 μὴ
1316 4963 1775 5041 βλασφημοῦντος

129 5057 294 5111 αῖοτοῦ
342 5055 407 5111 τὸ
456 5056 603 5130 ἅγιον
648 5057 885 5129 Πνεῦμα,
932 5058 1133 5131 στοργῇ
1192 5053 1261 5129 τῇ
1310 5053 1446 5131 πρὸς
1492 5054 1651 5110 αὐτὸν
1699 5056 1775 5120 εἰς

1887 618 2054 668 erant
2086 632 2198 669 non
2230 632 2359 671 esse
2383 617 2543 685 deos,
2590 618 2963 674 machinatus
3011 623 3102 675 est
3158 619 3526 674 introducere

1886 702 2189 774 Opiniones
2229 705 2298 759 de
2348 705 2548 759 multis
2598 707 2731 761 aliis
2780 707 2940 774 diis;
2974 710 3039 762 ut
3083 707 3130 761 si
3185 726 3219 762 a
3262 706 3526 763 terrestri

1887 791 2202 847 multorum
2237 794 2477 849 deorum
2501 801 2799 850 cessarent
2831 795 3199 859 insania,alia
3230 796 3314 851 vel
3347 796 3529 867 pejori

1886 880 2088 935 fraude
2111 887 2313 936 contra
2349 884 2439 937 Dei
2479 884 2878 939 monarchiam
2928 901 2995 939 ac
3044 886 3323 939 unitatem
3368 884 3528 956 loqui

1884 969 2390 1039 compellerentur,
2425 988 2516 1039 ne,
2545 973 2871 1028 doctrinam
2916 974 2987 1028 de
3034 990 3148 1028 uno
3199 974 3527 1045 principatu

1885 1058 2123 1112 maximi
2157 1060 2721 1132 facientes,unquam
2751 1061 2976 1133 possint
3004 1063 3525 1133 consequimiseri-

1883 1147 2162 1202 cordiam.
2201 1147 2316 1203 Hoc
2348 1148 2419 1203 ob
2453 1150 2642 1204 audax
2674 1150 2903 1205 facinus
2934 1150 3132 1205 Simon
3176 1151 3337 1206 falsis
3370 1151 3525 1206 Sci-i-

1882 1240 2187 1307 pturarum
2220 1237 2575 1293 sectionibus
2609 1244 2871 1294 armatus
2906 1239 3063 1294 venit
3092 1240 3162 1294 ad
3197 1256 3301 1295 nos
3332 1257 3520 1313 oppu-

1881 1325 2170 1396 gnandos.
2202 1326 2484 1397 Quodque
2515 1326 2931 1398 gravissimum
2961 1332 3071 1393 est,
3103 1328 3216 1385 ista
3244 1330 3525 1385 adversus

1882 1412 2067 1469 Deum
2097 1431 2297 1469 verum
2328 1431 2397 1471 ex
2427 1416 2748 1487 pr0phetis,
2782 1416 2999 1488 quibus
3025 1422 3220 1473 tamen
3252 1434 3366 1474 non
3400 1434 3528 1474 cre—

1882 1501 1985 1567 dit,
2022 1503 2226 1559 docere
2254 1520 2368 1559 non
2401 1510 2650 1560 veretur.

1953 1589 2047 1644 IV.
2082 1596 2149 1645 Et
2174 1591 2410 1663 quidem
2444 1594 2753 1649 adversum
2787 1611 2913 1665 nos,
2964 1595 3064 1666 qui
3108 1612 3142 1650 a
3204 1595 3527 1667 majoribus

1880 1677 2105 1734 cultum
2136 1680 2400 1736 omnium
2434 1682 2754 1738 conditoris
2776 1682 2875 1738 Dei
2910 1684 3245 1755 accepimus
3273 1700 3376 1739 nec
3407 1701 3522 1741 non

1880 1765 2314 1838 Scripturarum
2348 1770 2613 1842 decipere
2641 1771 2967 1839 valentium,
2985 1772 3352 1845 mysterium,
3378 1773 3525 1830 nihil

1807 1889 1850 1953 Β
1884 1855 2092 1925 poterit
2124 1873 2137 1910 :
2171 1863 2375 1913 contra
2402 1876 2533 1915 vero
2564 1860 2897 1930 gentiles,in
2933 1860 3251 1916 multorum
3275 1862 3521 1918 deorum

1884 1945 2158 2015 opinione
2191 1947 2465 2015 nutritos,
2499 1948 2953 2021 ignorantesque
3000 1950 3310 2022 Scriptura
3363 1968 3525 2007 men-

1884 2033 2070 2099 dacia,
2104 2034 2317 2089 valebit
2349 2037 2668 2107 plurimum
2705 2055 2718 2093 :
2756 2055 2868 2093 non
2902 2039 3073 2094 modo
3106 2038 3357 2109 ipse,sed
3389 2044 3447 2095 et
3475 2040 3525 2096 si

1885 2127 2019 2190 quis
2051 2122 2200 2177 alius
2230 2124 2479 2180 ethnicis
2510 2143 2713 2181 vanam
2749 2128 3009 2199 aliquam
3040 2126 3099 2181 in
3141 2127 3323 2183 Deum
3358 2129 3523 2185 fabu-

1884 2208 2024 2279 lam,
2057 2211 2311 2267 similem
2343 2215 2571 2269 somnio
2602 2215 3030 2287 opulenterque
3061 2221 3325 2272 ornatam
3357 2234 3524 2273 enar-

1886 2300 2393 2367 raverit,credetur
2425 2320 2439 2370 ;
2473 2304 2629 2373 quod
2661 2321 2695 2358 a
2727 2304 2976 2375 pueritia
3006 2322 3174 2362 mens
3196 2322 3394 2361 eorum
3428 2324 3524 2362 so-

1886 2391 1991 2448 lita
2020 2395 2110 2446 est
2138 2406 2440 2446 sermones
2469 2393 2750 2449 adversus
2788 2393 2973 2449 Deum
3032 2394 3349 2467 suscipere.
3392 2397 3525 2451 Bari

1887 2484 2081 2536 autem
2115 2478 2263 2535 inter
2293 2497 2392 2535 eos
2421 2488 2617 2551 erunt,
2648 2486 2713 2537 ut
2742 2498 2773 2537 e
2804 2482 3181 2538 multitudine
3215 2485 3403 2555 pauci,
3428 2486 3527 2557 qui

1886 2568 1961 2623 ob
1992 2584 2223 2639 aequum
2257 2568 2519 2624 animum
2551 2569 2748 2625 nolent
2771 2571 2925 2627 malo
2949 2571 3007 2626 in
3040 2571 3301 2627 omnium
3333 2574 3527 2629 condi-

1885 2660 2071 2712 torem
2104 2661 2286 2713 Deum
2316 2658 2572 2714 sermoni
2602 2658 2689 2715 vel
2717 2676 2919 2715 aurem
2949 2661 3233 2716 duntaxat
3245 2662 3522 2733 prabere;

1886 2745 2102 2817 quibus
2122 2746 2265 2802 solis
2293 2746 2548 2803 ethnicis
2579 2747 2788 2804 salvari
2811 2749 3125 2821 continget.
3148 2750 3327 2807 Nemo
3348 2752 3528 2824 igitur

1886 2833 2057 2890 nobis
2088 2834 2158 2889 de
2187 2835 2422 2891 Simone
2452 2836 2685 2907 penitus
2714 2843 3128 2909 conqueratur,
3163 2839 3249 2895 vel
3281 2841 3352 2896 de
3382 2858 3529 2912 quo-

1887 2937 2063 2994 quam
2089 2922 2221 2978 alio.
2246 2923 2400 2979 Nihil
2431 2924 2585 2979 enim
2618 2924 2835 2996 injuste
2873 2926 3082 2982 accidit
3108 2945 3122 2993 ;
3156 2929 3531 3001 quandoqui-

1887 3010 2022 3066 dem
2051 3014 2109 3067 et
2135 3012 2564 3083 Scripturarum
2596 3014 2903 3069 mendacia
2922 3017 3057 3085 jure
3085 3016 3158 3072 ad
3219 3016 3530 3074 hominum

1887 3099 2293 3171 probationem
2327 3100 2515 3173 posita
2539 3106 2702 3158 sunt.

1962 3189 2028 3245 V.
2062 3190 2184 3253 Quo
2214 3191 2414 3246 audito
2449 3208 2554 3264 ego
2603 3190 2870 3249 Clemens
2931 3193 3049 3249 dixi
3083 3210 3097 3249 :
3130 3194 3254 3259 Qua
3288 3193 3531 3264 ratione,

1891 3278 1998 3347 ais,
2032 3279 2288 3350 domine,
2320 3286 2377 3336 et
2405 3281 2835 3353 Scripturarum
2884 3283 3196 3338 mendacia
3225 3284 3428 3339 merito
3459 3285 3534 3340 ad

1890 3366 2200 3423 hominum
2239 3369 2640 3440 probationem
2671 3370 2858 3441 posita
2889 3370 3071 3426 fuisse
3091 3370 3118 3425 ?
3151 3370 3252 3426 Ille
3283 3388 3416 3428 vero
3443 3388 3533 3428 re-

1890 3456 2468 3513 saondit:Mendacia
2498 3457 3035 3529 Scripturarum,ex
3067 3459 3303 3515 malitia:
3335 3466 3537 3532 postu-

1891 3544 2130 3616 latione,
2157 3548 2319 3616 justa
2347 3545 2570 3601 ratione
2600 3546 2885 3617 permissa
2933 3551 3072 3602 sunt
3098 3548 3298 3603 scribi.
3337 3549 3536 3605 Merito

1893 3643 2089 3693 autem
2111 3637 2239 3691 dico
2266 3634 2370 3691 sic.
2403 3636 2463 3689 In
2498 3633 2788 3707 theologia
2816 3640 2873 3691 et
2899 3634 3176 3707 religione
3198 3637 3535 3707 malus,non

1895 3728 2093 3783 minus
2123 3725 2374 3796 diligens
2408 3726 2585 3779 Deum
2617 3740 2795 3795 quam
2828 3726 3093 3781 bonusin
3122 3741 3237 3781 uno
3260 3730 3539 3783 tantuma

1894 3818 2046 3874 bono
2080 3818 2410 3885 superatur,
2443 3812 2596 3883 quod
2631 3812 2838 3867 nolens
2896 3828 3131 3884 parcere
3191 3813 3286 3884 iis,
3337 3814 3436 3885 qui
3470 3831 3540 3870 ex

1892 3902 2226 3979 ignorantia
2258 3902 2422 3972 impii
2453 3904 2819 3969 sunt,amore
2848 3900 2907 3956 in
2940 3900 3084 3956 illud
3115 3903 3269 3974 quod
3299 3919 3412 3958 non
3444 3919 3540 3959 co-

1891 3995 2054 4061 litur,
2086 3990 2549 4063 irreligiosorum
2605 3989 2900 4045 desiderat
2956 3989 3285 4060 interitum,
3346 3991 3539 4048 bonus

1890 4100 2023 4141 vero
2055 4081 2199 4152 ipsis
2233 4079 2438 4134 olIerre
2457 4077 2937 4133 sanitatem.Vult
2967 4078 3125 4134 enim
3147 4083 3390 4137 cunctos
3414 4097 3539 4152 pce-

1893 4170 2138 4228 nitentia
2166 4182 2403 4224 sanare:
2435 4170 2627 4222 servat
2642 4171 2839 4222 autem
2858 4184 2958 4223 eos
2978 4171 3211 4224 tantum
3233 4168 3329 4240 qui
3352 4174 3535 4225 Deum

1892 4260 2293 4332 cognoscunt;
2325 4260 2386 4312 at
2430 4270 2531 4311 eos
2584 4255 2686 4327 qui
2743 4272 2880 4311 eum
2936 4255 3212 4328 ignorant
3268 4274 3384 4313 non
3443 4275 3538 4314 sa-

1892 4352 2014 4415 nat,
2041 4363 2156 4404 non
2188 4345 2345 4417 quod
2377 4342 2544 4410 nolit,
2573 4344 2677 4400 sed
2707 4344 2849 4415 quia
2878 4362 2990 4400 non
3026 4344 3158 4401 licet
3189 4346 3343 4402 bona
3399 4346 3538 4403 ﬁliis

1892 4436 2055 4509 regni
2087 4438 2411 4509 prwparata
2432 4432 2691 4488 tribuere
2719 4431 3192 4506 hominibus,qui
3217 4435 3291 4489 ob
3320 4435 3538 4491 discre-

1890 4525 2071 4583 tionis
2101 4522 2487 4596 privationem
2519 4520 2830 4578 assimilati
2861 4528 3004 4578 sunt
3048 4522 3240 4578 brutis
3268 4523 3536 4577 animan-

1811 4617 1857 4684 D
1892 4616 2070 4672 tibus.

1957 4702 2053 4759 VI.
2087 4699 2272 4757 Unius
2301 4715 2368 4754 ac
2427 4696 2611 4754 solius
2666 4698 2789 4765 Dei,
2853 4698 2955 4771 qui
2989 4697 3278 4753 mundum
3310 4697 3449 4754 fecit
3478 4703 3537 4754 et

1886 4808 1994 4849 nos
2025 4787 2239 4847 creavit
2269 4791 2327 4843 et
2355 4786 2555 4843 omnia
2601 4786 2873 4858 praebuit,
2921 4802 2990 4842 ea
3042 4790 3251 4842 natura
3307 4789 3417 4855 est,
3473 4792 3536 4843 ut

1885 4881 2145 4937 animam
2175 4876 2490 4948 cujuslibet
2518 4875 2673 4930 intra
2703 4874 2936 4947 pietatis
2994 4873 3212 4930 limites
3271 4874 3445 4946 positi
3481 4878 3539 4930 et

1886 4975 2156 5026 sanctum
2170 4967 2296 5037 ejus
2306 4964 2584 5036 Spiritum
2603 4980 2719 5020 non
2738 4962 3303 5036 blasphemantis,ad
3318 4962 3539 5031 se,cha-

1884 5059 2057 5114 ritate
2088 5072 2226 5128 erga
2255 5055 2412 5110 hunc
2442 5052 2766 5124 hominem,
2792 5053 3176 5125 adducat,per
3204 5056 3533 5126 respectum

1490 5189 1732 5247 VARl/E
1772 5190 2181 5249 LECTIONES.

193 5292 240 5326 ⁸³
271 5286 695 5368 πείσθξσθαμρ.
725 5284 1136 5368 ,ιοαάτωιηοιι
1187 5287 1457 5368 omittere
1497 5286 1864 5368 debebabs.
1902 5288 2161 5368 Subinde
2322 5281 2814 5368 πολυθεουμανίας.
2864 5284 2925 5368 ⁸1,
2955 5280 3017 5337 οὖ
3053 5299 3181 5368 _non
3229 5289 3319 5368 est
3360 5283 3422 5368 in

200 5358 387 5415 καινόν
421 5359 487 5440 Q,
519 5360 619 5431 qui
650 5358 857 5414 deinde
889 5356 1081 5440 ὀνείρω
1112 5376 1161 5440 c_.
1193 5358 1372 5440 D_.‘('6_v
1401 5354 1530 5440 εἴρω
1561 5358 1775 5440 C_).Ase.d
1819 5362 2017 5415 statim
2050 5355 2300 5440 πλουσίω
2332 5352 2611 5440 (πλουσίω
2631 5352 3004 5440 0,.πλουσίωξ
3036 5356 3107 5410 de
3154 5356 3531 5440 conjectura).

128 5423 554 5514 κεκοσμηθέἧᾴ
576 5448 633 5514 p:
665 5423 1074 5514 κεκοσμημένον
1122 5431 1186 5514 O_.
1237 5423 1306 5465 ⁶³’
1328 5432 1415 5486 Ita
1542 5423 1614 5514 Et
1731 5433 1787 5514 in
1809 5423 2417 5514 _marg._}qp3ivci'ii1
2459 5423 2740 5514 textpg'“
2780 5424 2926 5514 αιξτέ.
2962 5427 3025 5514 ΟΛ
3053 5423 3278 5514 mgtari
3315 5427 3439 5483 vult
3474 5423 3535 5514 in

130 5492 428 5560 εἰκόν’νοί
472 5492 649 5556 αὐτόί.
697 5492 952 5558 Frustra.
1002 5502 1113 5558 Cfr.
1167 5503 1323 5557 hom.
1360 5519 1445 5564 iu,
1476 5502 1513 5554 9
1542 5500 1600 5556 S.
1633 5501 1678 5536 ⁸⁵
1725 5501 1877 5572 ὑμῶν
1924 5492 2005 5560 Οἵ
2034 5504 2079 5539 ⁸⁸
2110 5492 2167 5555 δ’ἐ.
2196 5517 2312 5556 om.
2362 5502 2423 5553 Ο.
2458 5498 2501 5533 ⁸⁷
2552 5492 2677 5551 οῦδὲ
2727 5515 2782 5570 p.
2818 5497 2845 5551 ὁ
2877 5493 2936 5552 δέ
2983 5498 3065 5581 Ο..
3100 5499 3250 5554 Tum
3296 5498 3529 5576 προσφέ-

133 5596 240 5638 ρειν
283 5592 366 5632 ω.
402 5572 662 5638 ἐπιθυμεῖ
689 5572 749 5638 S,
797 5590 846 5629 c.
898 5580 965 5638 υ,
1009 5574 1327 5638 προσφέρων
1377 5575 1441 5636 C,
1485 5571 1549 5628 Ο.
1582 5572 1626 5607 ⁵³
1673 5571 1818 5634 θέλει
1867 5573 2067 5633 πάντας
2118 5575 2183 5629 Ο.
2234 5573 2281 5607 ⁸⁸
2328 5575 2409 5625 [ta
2441 5569 2519 5638 VS,
2569 5587 2618 5624 0.
2671 5569 2738 5638 Ι),
2791 5569 2893 5626 [lle
2937 5587 3091 5638 conj.
3142 5567 3418 5638 είδήποτε,
3468 5572 3529 5626 C.

133 5596 240 5652 ρειν
283 5592 366 5632 ω.
402 5572 662 5643 ἐπιθυμεῖ
689 5572 749 5653 β,
797 5590 846 5629 c.
898 5580 965 5640 υ,
1009 5574 1327 5659 προσφέρων
1377 5575 1441 5636 C,
1485 5571 1549 5628 Ο.
1582 5572 1626 5607 ⁵³
1673 5571 1818 5634 θέλει
1867 5573 2067 5633 πάντας
2118 5575 2195 5661 0;,
2234 5573 2281 5607 ”
2328 5575 2409 5657 ita
2459 5571 2519 5631 S,
2569 5587 2618 5624 0.
2671 5571 2759 5651 1.3,.
2791 5571 3091 5654 [lle‘conj
3142 5571 3418 5638 είδήποτε,
3451 5571 3529 5626 ⁷0.

132 5656 196 5707 υ.
226 5643 525 5716 οῦδήποτε.
559 5644 821 5721 Subinde
850 5641 996 5699 ἆντὸς
1026 5646 1171 5721 δρων
1197 5655 1242 5703 U
1271 5662 1333 5701 in
1366 5650 1543 5709 textu,
1570 5642 1643 5699 ad
1671 5660 1834 5701 oram
1867 5662 2024 5703 man.
2058 5645 2134 5702 al.
2175 5662 2299 5702 ισως
2326 5637 2502 5701 εκτός.
2537 5640 2579 5697 C
2608 5641 2791 5698 edidit
2819 5639 2970 5703 ἐντος
3016 5641 3150 5716 ὅρῳ.
3184 5644 3331 5699 Tum
3375 5641 3536 5715 βλασ-

136 5713 438 5797 φομοῦντος
469 5734 590 5775 lor.
630 5713 699 5773 Ο.
