4064 6330
151 412 256 470 H7

1288 419 1819 480 CLEMENTINA.
1840 451 1916 461 —
1947 418 2278 479 HOMILIA
2321 420 2428 480 Ill.

3451 425 3561 485 “8

147 543 428 619 ἀνθρώπων
509 549 748 623 στοργή.
807 546 986 612 Εῗδὼς
1036 547 1092 605 δὲ
1147 555 1192 588 ’⁷³
1250 553 1278 606 6
1334 553 1587 625 πονηρὸς,
1642 554 1783 622 ἡμᾶν

1920 553 2142 608 minum
2175 570 2312 625 erga
2341 553 2544 609 Deum.
2577 555 2796 610 Videas
2829 558 3022 611 autem
3054 555 3248 611 malus
3288 556 3562 614 festinare

147 630 475 689 πευδὸντων
503 642 627 697 τοῖς
659 637 770 691 ἀπὸ
797 637 963 692 ἐθνῶν
1015 639 1280 694 πιστεύειν
1333 639 1626 714 μὲλλουσιν
1680 639 1795 701 ἐνὸς

141 721 225 775 καὶ
257 722 422 796 μόνου
453 729 595 779 Θεοῦ
620 724 674 779 ἐν
723 729 932 801 ψυχαῖς
981 727 1210 802 σπείρειν
1259 730 1358 797 τὴν
1412 728 1794 782 ἀθανατοποιὸν

143 812 270 886 πρὸς
318 811 478 867 αὐτὸν
527 813 836 889 ἀνθρώπων
897 818 942 850 ’¹⁴
992 818 1248 892 στοργήν,
1283 817 1444 878 αὐτὸς
1479 818 1506 870 6
1556 815 1794 890 πονηρὸς

141 901 268 955 κατὰ
294 906 401 954 τῶν
433 900 789 976 ἀγνοούντων
841 903 1022 958 ἱκανὸν
1072 903 1243 959 ὅπλον
1295 904 1440 980 ἔχων
1490 905 1622 977 πρὸς
1671 900 1792 958 ὄλε-

141 991 258 1064 θρον
290 987 590 1059 σπουδάζει
622 990 855 1047 πολλῶν
897 994 1028 1047 Θεῶν
1061 995 1096 1062 ἢ
1128 994 1217 1048 καὶ
1268 994 1386 1056 ἑνὸς
1433 994 1504 1054 ὡς
1551 992 1793 1068 κρείττο-

136 1098 222 1138 νος
267 1080 367 1136 82
400 1084 624 1156 σπεῖραι
672 1081 772 1148 τήν
807 1079 1106 1155 ὑπόληψιν,
1157 1079 1246 1136 ’ἶνα
1298 1077 1662 1143 συλλαϐόντες
1704 1080 1793 1134 καὶ

137 1168 555 1239 συμπεισθέντες
587 1169 623 1222 ’ἀ
676 1171 752 1242 μὴ
801 1171 976 1242 θέμις,
1009 1170 1366 1233 ἀποθανόντες
1413 1171 1486 1232 ὡς
1535 1169 1620 1224 ἐπὶ
1675 1191 1794 1243 μοι·

133 1256 285 1333 χείας
317 1255 662 1333 ἐγκλήματι,
692 1261 793 1328 τῆς
834 1259 999 1313 αὐτοῦ
1053 1258 1328 1335 βασιλείας
1378 1254 1790 1330 ἀποϐληθῶσιν.

196 1436 289 1493 ΙΧ.
321 1436 514 1506 Ἄξιος
563 1433 656 1491 οὗν
705 1443 805 1506 τῆς
872 1431 1156 1508 ἀποϐολῆς
1201 1442 1306 1500 πᾶς
1361 1438 1497 1492 κατά
1540 1444 1639 1507 τῆς
1693 1441 1791 1492 τοῦ

135 1529 262 1578 Θεοῦ
294 1524 614 1600 μοναρχίας
646 1524 775 1580 αὐτὸ
809 1523 974 1598 μόνον
1025 1525 1120 1580 κᾶν
1174 1525 1396 1580 ἀκοῦσαί
1444 1547 1493 1580 τι
1539 1530 1787 1581 τοιοῦτον

133 1611 388 1682 θελήσας.
439 1614 505 1668 Εἰ
568 1611 625 1668 δὲ
682 1615 760 1676 ὡς
811 1619 1045 1692 Γραφαῖς
1093 1614 1445 1690 τεθαρῥηκώς
1503 1615 1639 1669 κατὰ
1692 1619 1789 1668 τοῦ

131 1702 256 1756 Θεοῦ
288 1700 484 1775 τολμᾷ
514 1724 597 1764 τις
629 1702 723 1757 κᾶν
759 1702 992 1775 ἀκούειν,
1017 1708 1234 1780 πρῶτον
1294 1704 1465 1758 ἐκεῖνό
1519 1725 1611 1776 μοι
1662 1725 1787 1757 συν-

133 1792 431 1864 ενθυμείτω
485 1794 559 1860 π,
586 1789 691 1863 δτι,
723 1789 784 1845 ἄν
839 1813 924 1854 τις
966 1790 1187 1869 εὔλογον
1247 1793 1420 1864 ἑαυτῷ
1479 1790 1660 1867 δόγμα
1715 1793 1788 1853 ὡς

1911 658 2038 709 nos,
2073 648 2136 696 ut
2167 643 2221 696 in
2256 660 2458 698 eorum
2493 644 2726 710 animis,
2748 644 2845 716 qui
2874 661 2940 698 ex
2972 645 3246 716 gentibus
3279 647 3554 703 credituri

1908 732 2500 799 sunt,inseminemus
2532 732 2987 788 immortalitatis
3014 735 3393 804 operatricem
3426 736 3559 792 cha-

1907 819 2137 873 ritatem
2169 820 2469 875 hominum
2505 821 2564 875 in
2598 839 2780 876 unum
2829 839 2894 876 ac
2927 822 3118 877 solum
3153 823 3358 894 Deum,
3411 824 3556 896 ipse,

1906 907 2172 979 inquam,
2207 909 2494 975 diabolus,
2530 919 2730 964 contra
2762 911 3066 982 imperitos
3099 911 3456 968 sufﬁcienter
3485 916 3556 969 ad

1905 1013 2104 1052 necem
2154 1003 2438 1064 armatus,
2491 999 2697 1053 nititur
2745 999 3066 1054 multorum
3141 1000 3382 1056 deorum
3440 1003 3559 1060 sive

1905 1086 2081 1140 unius
2114 1090 2392 1157 tanquam
2429 1087 2854 1158 praestantioris
2886 1088 3218 1160 Opinionem
3253 1090 3507 1146 inserere
3542 1109 3554 1146 :

1905 1192 2018 1247 quo
2053 1176 2341 1242 homines,
2375 1178 2626 1232 tenendo
2661 1195 2726 1232 ac
2754 1178 3043 1234 credendo
3099 1196 3224 1249 qua:
3259 1196 3372 1234 non
3402 1179 3553 1247 licet,

1905 1264 2232 1320 moriantur
2261 1266 2427 1337 quasi
2461 1267 2517 1320 in
2542 1266 2814 1322 adulterii
2848 1266 3171 1333 crimine,et
3198 1285 3230 1323 a
3251 1285 3426 1341 regno
3458 1270 3556 1324 Dei

1906 1353 2236 1424 cjiciantur.

1973 1441 2065 1496 IX.
2100 1443 2298 1514 Itaque
2329 1443 2544 1514 dignus
2574 1447 2662 1498 est
2694 1443 2791 1516 qui
2852 1444 3184 1514 abjiciatur,
3217 1445 3554 1519 quicunque

1900 1534 2102 1584 contra
2146 1530 2243 1584 Dei
2293 1531 2695 1586 monarchiam
2747 1530 2834 1585 vel
2888 1536 3116 1587 tantum
3165 1533 3303 1605 quid
3359 1534 3552 1591 simile

1899 1618 2101 1674 audire
2130 1618 2391 1674 voluerit.
2426 1620 2484 1674 Si
2518 1637 2672 1686 vero,
2707 1619 2874 1692 quasi
2909 1621 3226 1692 Scripturis
3275 1623 3548 1693 confidat,

1899 1711 2098 1761 contra
2129 1707 2312 1762 Deum
2344 1707 2429 1762 vel
2459 1709 2662 1763 audire
2694 1708 2909 1780 aliquis
2941 1711 3136 1777 audet,
3173 1711 3362 1782 primo
3404 1711 3550 1769 illud

1899 1812 2128 1850 mecum
2159 1796 2578 1852 consideretzsi
2613 1798 2746 1868 quis
2779 1799 2992 1869 dogma
3010 1797 3244 1870 aliquod
3279 1800 3390 1854 sibi
3421 1817 3554 1872 pro-

133 1880 386 1953 βοῦλεται
449 1878 761 1954 ἀναπλάσῃ,
798 1879 981 1936 ἔπειτα
1039 1881 1224 1943 αὐταῖς
1279 1881 1482 1957 ἐγκύψῃ
1532 1884 1596 1952 ⁷⁸,
1630 1879 1783 1935 δυνα-

159 1971 169 1983 .
268 1968 292 1985 .
555 1968 657 1985 η.
763 1970 776 1985 .
832 1970 846 1985 .
990 1971 1010 1985 ..
1074 1969 1087 1985 ς
1141 1970 1203 1985 ς.
1389 1967 1443 1985 ρ..
1705 1969 1717 1984 .
1773 1971 1783 1985 .

1900 1884 2087 1939 habile
2102 1901 2201 1955 pro
2225 1885 2521 1940 voluntate
2543 1886 2891 1941 conﬁnxerit
2918 1891 2975 1942 et
3007 1893 3207 1958 postea
3219 1889 3548 1960 Scripturas

127 1971 209 2031 τὸς
268 1968 421 2024 ἐἶπαι
475 1968 695 2031 πολλὰς
758 1970 894 2043 ὑπὲρ
951 1971 1012 2024 οὗ
1070 1969 1341 2025 ἐπλάσατο
1385 1967 1658 2044 δόγματος
1693 1969 1786 2023 ἀπ’

133 2058 297 2112 αὐτῶν
335 2058 646 2134 μαρτυρίας
676 2059 873 2136 φερειν·
909 2063 1026 2120 πῶς
1078 2057 1169 2113 οὗν
1227 2059 1312 2114 έπῖ
1372 2058 1592 2120 ταύταις
1650 2059 1786 2113 κατά

131 2153 222 2201 τοῦ
253 2152 392 2203 Θεοῦ
424 2147 644 2224 θαρῥεῖν
677 2146 840 2220 ἔστιν,
874 2147 927 2204 ἐν
961 2150 1044 2210 αῖς
1098 2150 1132 2218 ἡ
1182 2149 1395 2202 πάντων
1449 2146 1624 2223 βουλή
1676 2147 1784 2202 εἰσ-

134 2235 433 2306 ευρίσκεται
460 2256 476 2305 ;

195 2327 262 2382 Χ.
294 2323 519 2380 Αὐτίκα
572 2329 698 2400 γοῦν
758 2325 945 2398 Σίμων
1003 2321 1189 2399 αὔριον
1249 2328 1384 2397 ἡμῖν
1446 2329 1692 2394 συζητεῖν
1739 2327 1783 2362 ’⁷⁷

133 2412 351 2484 μέλλων
387 2411 637 2486 δημοσίᾳ
662 2414 798 2468 κατᾶ
823 2421 922 2482 τῆς
961 2419 1056 2468 τοῦ
1116 2418 1273 2469 Θεοῦ·
1301 2412 1602 2488 μοναρχίας
1653 2413 1784 2469 τολ-

133 2508 204 2572 μᾷ
227 2505 292 2568 ⁷³,
327 2501 513 2566 θέλων
572 2501 788 2564 πολλάς
848 2501 898 2574 ἐξ
957 2501 1130 2557 αὐτῶν
1184 2507 1290 2557 τῶν
1344 2507 1568 2580 Γραφῶν
1601 2504 1783 2581 φωνάς

130 2590 383 2665 ἐνεγκεῖν,
417 2591 507 2645 ὅτι
532 2593 576 2626 ’³⁸
606 2589 808 2645 πολλοὶ
843 2590 942 2644 εἰσὶ
974 2591 1107 2661 θεοὶ,
1138 2593 1213 2652 εἷς
1266 2588 1322 2645 δὲ.
1369 2613 1452 2652 τις
1496 2593 1603 2667 οὐχ
1635 2593 1663 2646 ὁ
1692 2591 1784 2645 τὸν

129 2678 325 2751 ιιὸσμον
359 2678 576 2750 κτίσας,
609 2676 754 2733 ἀλλὰ
783 2681 828 2715 ⁸ο
853 2679 1051 2734 τούτου
1081 2679 1476 2755 ἀνώτερος·καὶ
1510 2681 1661 2752 ὁμῶς
1689 2681 1783 2741 τὰς

133 2766 428 2838 imae-Eat;
463 2768 771 2844 ἐγγράφους
805 2767 920 2844 ἔχει
955 2774 1275 2844 παρασχεῖν,
1310 2769 1407 2823 Καὶ
1439 2771 1602 2842 ἡμεῖς
1635 2766 1691 2823 δὲ
1731 2768 1782 2840 ἐξ

133 2857 294 2911 τῦτῶν
329 2855 557 2918 πολλ’ὶς
587 2859 887 2932 περικοπὰς
921 2855 1088 2927 δεῖξαι
1121 2862 1302 2935 σαφῶς
1335 2853 1560 2932 ἔχομεν,
1595 2857 1676 2912 ὅτι
1710 2859 1784 2920 εἷς

133 2946 259 3000 ἐστιν
289 2947 319 3001 ὁ
348 2949 392 2984 ⁸¹
427 2945 560 3007 Θεὸς
587 2946 749 3007 οὗτος
784 2945 811 3000 ὀ
840 2947 932 3000 τὸν
963 2946 1167 3018 κόσμον
1196 2945 1509 3011 κτίσας,καὶ
1543 2944 1714 3009 ἄλλος
1736 2949 1782 2984 ⁸⁵³

131 3035 219 3089 οὐκ
244 3035 358 3090 ἔστι
389 3033 542 3102 πλὴν
577 3034 759 3089 αὑτοῦ.
792 3032 966 3090 ’Λλλᾶ
998 3034 1086 3088 καὶ
1121 3032 1275 3095 εἶ’τις
1305 3033 1492 3096 ἄλλως
1540 3056 1656 3090 πως
1707 3035 1782 3089 εἷ-

131 3130 237 3178 πεῖν
272 3122 529 3193 θελήσει,
556 3121 662 3193 ’ἐξει
689 3123 776 3177 καὶ
808 3123 965 3184 αὐτὸς
996 3123 1045 3196 ἐξ
1079 3122 1250 3177 αὐτῶν
1283 3125 1356 3184 ὡς
1395 3121 1648 3197 βούλεται
1683 3127 1783 3182 83

130 3213 243 3288 περὶ
277 3214 357 3267 ὧν
422 3211 683 3288 βούλεται
738 3212 832 3274 τὰς
892 3209 1189 3282 ἀποδείξεις
1249 3217 1570 3288 παρασχεῖν.
1607 3211 1784 3266 Πάντα

127 3303 221 3376 γάρ
254 3303 312 3356 αἱ
347 3300 564 3378 Γραφαὶ
597 3299 868 3376 λέγουσιν,
894 3299 984 3354 ’ἱνα
1032 3298 1226 3372 μηδεὶς
1284 3305 1391 3355 τῶν
1444 3300 1777 3376 ἀγνωμόνως
1811 3288 1854 3354 C

130 3390 442 3458 ζητούντων
502 3390 566 3443 τὸ
624 3387 823 3460 ἀληθὲς
883 3389 1050 3466 εὕροι,
1094 3387 1219 3444 ἀλλ’
1267 3389 1296 3442 ’ὁ
1349 3387 1628 3464 βούλεται,
1685 3395 1781 3444 τοῦ

131 3479 369 3548 ἀληθοῦς
399 3483 522 3539 τοῖς
582 3476 884 3553 εὐγνώμοσι
940 3478 1345 3551 τετηρημένου.
1378 3477 1778 3552 Εὖγνωμοσύνη

129 3564 178 3620 ἒέ
202 3567 351 3621 ἐστιν
381 3568 447 3621 τὸ
475 3568 521 3602 ⁸³
549 3565 686 3639 πρὸς
716 3566 806 3620 τὸν
837 3563 932 3619 τοῦ
963 3564 1093 3620 εἶναι
1115 3567 1261 3638 ἡμᾶς
1283 3563 1452 3620 αἶ’τιον
1480 3567 1776 3636 ἀποσώζειν

132 3659 389 3732 στοργήν.

189 3752 281 3802 X1.
315 3747 480 3798 ’ὈΘεν
529 3743 635 3820 πρὸ
681 3745 892 3798 πάντων
938 3741 1136 3799 εἰδέναι
1201 3743 1430 3822 ὀφείλει,
1482 3743 1563 3800 ὅτι
1617 3743 1778 3800 οὖδα-

131 3834 287 3902 μὸθεν
321 3833 496 3901 αὐτὴν
535 3831 791 3908 εὑρίσκει,
825 3832 873 3886 εἶ’
924 3834 998 3905 μὴ
1048 3832 1106 3887 ἂν
1155 3833 1259 3887 ἀπὸ
1303 3835 1589 3909 προφήτου
1639 3833 1780 3904 ἀλη-

127 3924 281 3984 Βεὶας.
317 3922 620 3998 Προφήτης
678 3918 736 3975 δὲ
794 3919 1005 3992 ἀληθής
1064 3920 1204 3975 ἐστιν
1249 3922 1276 3976 6
1326 3921 1494 3976 πάντα
1549 3923 1779 3976 πάντοτε

128 4010 300 4081 εὲὂὼς,
339 4009 418 4066 ἔτι
469 4007 528 4065 δὲ
568 4009 658 4064 καὶ
696 4010 793 4071 τὰς
836 4009 1048 4064 πάντων
1101 4009 1329 4082 ἐννοίας,
1372 4011 1774 4086 ἀναμάρτητοςο

129 4102 196 4164 ὡς
244 4101 374 4177 περὶ
419 4107 522 4170 τῆς
574 4100 929 4176 προγνώσεως
975 4099 1140 4154 αὐτοῦ
1194 4101 1268 4174 μὴ
1317 4098 1504 4162 ἁπλῶς
1539 4098 1773 4173 διαλαμ-

129 4185 321 4262 εά-τιεῖν,
358 4188 487 4245 ἀλλ’
518 4189 565 4243 εἰ
612 4186 834 4243 δύναται
882 4190 1000 4243 ἄνευ
1051 4189 1234 4264 ἒτέρας
1283 4188 1604 4266 προφάσεως
1656 4211 1774 4244 συν-

131 4281 338 4335 εστάναι
378 4277 545 4332 αὐτοῦ
574 4281 609 4347 ἡ
640 4277 967 4353 πρόγνωσις.
1000 4281 1067 4334 Ἃ
1105 4279 1209 4353 γὰρ
1261 4279 1313 4332 οἱ
1359 4279 1537 4355 ἱατροὶ
1578 4278 1776 4355 προλέ-

127 4391 328 4443 γουσιν,
362 4361 821 4440 ὑποϐεϐλημένην
870 4365 1006 4435 ὕλην
1062 4365 1279 4442 ἔχοντες
1338 4372 1433 4422 τοῖ’)
1487 4373 1773 4431 νοσοῦντος

126 4459 209 4512 τὸν
242 4457 521 4536 σφυγμὸν,
552 4455 638 4510 καὶ
701 4456 752 4510 οἳ
813 4455 904 4528 μὲν
961 4457 1158 4528 πτηνά,
1193 4457 1244 4510 οἱ
1300 4453 1356 4511 δὲ
1412 4455 1641 4529 θύματα,
1683 4457 1772 4512 καὶ

129 4545 287 4602 ἄλλοι
319 4545 498 4607 ἄλλας
527 4543 660 4607 ὕλας
705 4543 921 4607 πολλὰς
976 4542 1268 4622 διαφόρους
1320 4541 1771 4621 ὑποϐεϐλημένας

129 4633 344 4712 ἔχοντες
373 4633 762 4711 προλέγουσιν,
793 4635 882 4688 καὶ
917 4636 1188 4712 προφῆται
1221 4633 1320 4690 οὐκ
1349 4634 1501 4693 εἰσίν.

193 4820 308 4873 XII.
335 4814 401 4872 Ei
435 4811 494 4868 δὲ
524 4810 822 4887 βουληθείη
855 4833 939 4875 τις
970 4810 1168 4890 λέγειν,
1198 4813 1298 4882 τὴν
1327 4810 1418 4867 διὰ
1445 4817 1552 4869 τῶν
1581 4813 1766 4869 τοιού-

1897 1973 2070 2028 fuerit
2100 1974 2374 2037 intuitus,
2405 1991 2473 2029 ex
2503 1974 2575 2030 iis
2626 1974 2833 2046 poterit
2867 1976 3052 2031 multa
3083 1977 3418 2033 testimonia
3444 1996 3546 2050 pro

1895 2061 2098 2116 ﬁctitio
2131 2078 2237 2116 suo
2267 2063 2538 2133 dogmate
2569 2064 2824 2134 proferre
2855 2081 2868 2130 ;
2903 2081 3017 2135 quo
3069 2067 3241 2121 modo
3272 2066 3452 2138 igitur
3483 2068 3542 2123 in

1893 2149 1966 2204 iis
1997 2150 2275 2205 adversus
2305 2150 2487 2205 Deum
2521 2152 2810 2206 conﬁdere
2834 2152 2920 2208 fas
2953 2152 3116 2221 sit,in
3149 2155 3366 2225 quibus
3398 2173 3543 2211 cun-

1894 2243 2120 2293 ctorum
2157 2237 2435 2308 placitum
2470 2238 2810 2294 invenitur?

1964 2325 2030 2380 Χ.
2063 2326 2231 2382 Nunc
2259 2343 2396 2400 ergo
2429 2327 2790 2395 Simon,cras
2825 2329 3131 2386 nobiscum
3166 2332 3396 2405 publice
3427 2333 3544 2390 dis-

1893 2418 2266 2487 ceptaturus,
2318 2423 2522 2472 contra
2578 2417 2678 2474 Dei
2731 2420 3132 2474 monarchiam
3185 2421 3542 2494 aggreditur,

1893 2503 2230 2576 multasque
2266 2522 2333 2560 ex
2362 2506 2508 2577 ipsis
2537 2506 2852 2579 Scripturis
2883 2525 3054 2564 voces
3085 2510 3287 2566 afferre
3314 2511 3546 2576 vull,de

1892 2609 1958 2648 eo
1992 2594 2148 2664 quod
2181 2593 2448 2649 multidii
2480 2595 2599 2650 sint
2627 2601 2684 2651 et
2706 2613 2859 2652 unus
2889 2598 3273 2670 quidam,non
3308 2601 3544 2671 quidem

1893 2688 2117 2737 creator
2172 2684 2400 2750 mundi,
2434 2685 2535 2739 sed
2566 2684 2667 2739 illo
2700 2686 2986 2757 superior.
3021 2688 3328 2760 Simulque
3371 2705 3544 2762 argu-

1893 2777 2092 2826 menta
2121 2788 2188 2826 ex
2210 2773 2528 2844 Scripturis
2548 2775 2942 2830 exhibebit.Et
2973 2793 3078 2831 nos
3109 2794 3342 2850 quoque
3377 2796 3445 2833 ex
3475 2779 3546 2837 iis

1892 2861 2039 2932 ipsis
2072 2861 2256 2915 multa
2286 2861 2575 2917 evidentia
2597 2863 2851 2935 capitula
2881 2866 3186 2920 ostendere
3207 2883 3546 2938 possumus,

1894 2951 2050 3021 quod
2101 2967 2255 3006 unus
2287 2950 2364 3006 sit
2413 2951 2566 3006 Deus
2598 2953 2690 3007 hic
2745 2953 2845 3026 qui
2877 2955 3076 3009 orbem
3124 2956 3408 3023 condidit,
3441 2974 3544 3014 nec

1892 3039 2044 3095 alius
2077 3039 2151 3094 sit
2184 3046 2387 3112 praeter
2418 3042 2694 3097 eum.Sed
2727 3047 2785 3097 et
2814 3045 2864 3099 si
2886 3043 3018 3114 quis
3049 3044 3162 3100 alio
3194 3061 3545 3118 quocunque

1894 3129 2063 3183 modo
2107 3130 2299 3185 dicere
2346 3131 2610 3196 voluerit,
2645 3131 2881 3188 habebit
2933 3133 3107 3188 etiam
3160 3134 3210 3189 is
3252 3150 3321 3189 ex
3371 3135 3539 3206 ipsis,

1893 3222 2066 3288 prout
2093 3217 2243 3272 volet
2290 3222 2350 3273 et
2379 3218 2449 3273 de
2498 3218 2714 3290 quibus
2743 3219 2914 3288 volet,
2969 3220 3346 3292 probationes
3378 3222 3538 3277 dare.

1891 3306 2100 3361 Omnia
2129 3307 2343 3378 quippe
2381 3307 2689 3379 Scripturae
2721 3308 2924 3364 dicunt
2958 3327 2970 3364 :
3024 3326 3094 3364 ne
3121 3309 3278 3365 ullus
3309 3327 3538 3378 eorum,

1892 3395 1994 3466 qui
2027 3395 2251 3466 ingrate
2280 3401 2567 3466 quzerunt,
2601 3395 2857 3452 inveniat
2885 3398 3210 3466 veritatem,
3244 3400 3346 3454 sed
3382 3400 3539 3456 inve-

1892 3483 2014 3538 niat
2044 3484 2198 3556 quod
2246 3484 2407 3554 cupit
2435 3501 2448 3550 ;
2475 3484 2714 3540 veritate
2747 3485 2932 3556 gratis
2982 3485 3324 3543 hominibus
3356 3505 3543 3545 reser-

1887 3577 2040 3627 vata.
2075 3572 2377 3628 Gratitudo
2409 3578 2605 3628 autem
2637 3577 2745 3641 est,
2772 3590 3002 3629 servare
3032 3574 3380 3632 charitatcm
3405 3594 3545 3651 erga

1888 3677 2020 3716 eum
2054 3661 2153 3734 qui
2185 3660 2503 3716 exsistendi
2540 3661 2708 3717 nobis
2740 3667 2946 3718 auctor
2976 3663 3105 3719 fuit.

1959 3750 2048 3804 ΧΙ.
2085 3749 2247 3805 Unde
2277 3755 2412 3806 ante
2443 3749 2643 3805 omnia
2677 3751 2825 3806 scire
2856 3756 3102 3823 oportet,
3139 3768 3254 3807 non
3307 3752 3544 3810 aliunde

1888 3839 2133 3893 inveniri
2189 3839 2512 3902 veritatem,
2570 3857 2748 3910 quam
2806 3857 2840 3894 a
2899 3840 3162 3897 veritatis
3234 3842 3539 3914 propheta.

1887 3927 2174 4000 Propheta
2203 3932 2396 3983 autem
2427 3944 2601 3984 verus
2632 3929 2681 3984 is
2711 3932 2799 3983 est
2831 3929 2929 4001 qui
2961 3929 3160 3984 omnia
3190 3931 3548 3998 omnino,at-

1885 4033 2001 4089 que
2046 4017 2221 4072 etiam
2270 4022 2618 4072 cunctorum
2673 4017 3055 4090 cogitationes
3105 4019 3283 4087 novit,
3334 4024 3542 4092 estque

1887 4105 2379 4178 impeccabilis,ut
2407 4106 2508 4178 qui
2538 4107 2609 4162 de
2641 4107 2738 4162 Dei
2762 4107 2988 4177 judicio
3021 4107 3100 4162 sit
3128 4109 3496 4165 certissimus
3523 4128 3535 4178 ;

1885 4195 2157 4266 quocirca
2187 4212 2292 4250 nos
2324 4196 2606 4251 debemus
2631 4197 2702 4251 de
2720 4197 2848 4266 ejus
2865 4196 3232 4268 praescientia
3250 4215 3363 4254 non
3395 4198 3538 4254 sim-

1884 4282 2113 4355 pliciter
2147 4283 2433 4353 judicare,
2466 4284 2569 4338 sed
2615 4284 2664 4339 si
2699 4285 2922 4356 absque
2952 4284 3069 4340 alia
3112 4301 3294 4341 causa
3341 4287 3534 4342 consi-

1883 4376 2036 4426 stere
2067 4375 2258 4443 potest
2287 4370 2654 4442 prascientia
2675 4370 3174 4443 ipsius.Quaedam
3209 4373 3368 4428 enim
3398 4391 3539 4445 pm-

1881 4462 2087 4518 dicunt
2135 4460 2370 4528 medici,
2402 4460 2542 4533 quia
2593 4461 2917 4532 subjectam
2961 4461 3265 4517 materiam
3320 4461 3540 4518 habent

1881 4550 2216 4624 zegrotantis
2248 4549 2483 4621 pulsum
2509 4567 2524 4617 ;
2558 4550 2697 4605 item
2729 4549 2826 4605 alii
2857 4549 3113 4615 aves,alii
3142 4549 3535 4616 victimas,alii

1800 4661 1848 4726 D
1879 4637 2025 4694 alias
2060 4637 2274 4694 multas
2305 4643 2361 4693 et
2389 4637 2580 4694 varias
2611 4638 2884 4694 materias
2915 4639 3215 4710 subjectas
3260 4639 3402 4693 dum
3430 4639 3533 4693 ha-

1879 4727 2037 4794 bent,
2072 4727 2418 4798 praedicunt,
2451 4742 2556 4782 nec
2589 4731 2729 4782 sunt
2759 4726 3075 4799 prophetae.

1947 4816 2068 4871 XII.
2103 4817 2264 4880 Quod
2295 4816 2342 4872 si
2377 4815 2511 4888 quis
2561 4815 2750 4872 dicere
2798 4815 3069 4884 voluerit,
3101 4815 3529 4889 praescientiam

1476 4993 1719 5050 νΑΡιΙᾸε]
1758 4993 2173 5050 LECTIONES.

191 5140 324 5197 ⁷³δὲ
351 5142 553 5200 addidi
584 5159 636 5199 c.
665 5142 731 5209 0,
763 5141 792 5196 ’ὁ
843 5138 1000 5205 εἳδώς
1049 5144 1200 5271 coni.
1254 5144 1316 5210 D,
1391 5144 1438 5178 τι
1469 5143 2067 5227 ἀνθρώπωνοοοοεεὶι
2120 5162 2188 5200 ex
2237 5145 2301 5202 0.

191 5216 361 5271 ιθῆτω
417 5219 482 5270 Ο.
558 5215 601 5251 ⁷⁸
661 5212 868 5271 ἐγκῦψη
923 5221 986 5271 Ο.
1042 5231 1093 5271 c.
1167 5215 1211 5271 Ἰ.
1268 5212 1487 5271 ἐγκῦψει
1547 5221 1604 5271 C.
1661 5217 1922 5271 Subinde
1979 5213 2200 5271 δυνατόν
2259 5217 2301 5271 Ο

746 5212 870 5302 ιῦψχλ
923 5221 986 5284 0,
1042 5231 1093 5271 c.
1152 5212 1211 5283 Β,
1268 5212 1604 5300 ἐγκῦψειαϐ.
1661 5217 1922 5273 Subinde
1979 5213 2200 5271 δυνατόν
2400 5219 2646 5300 ’Πισυνζη⁴

746 5287 792 5322 ⁸ο
821 5283 965 5341 αΑλά
994 5304 1110 5343 om.
1141 5287 1206 5344 Ο.
1239 5288 1386 5344 Tum
1423 5287 1572 5360 ὅμως
1604 5289 1663 5356 S,
1696 5285 1849 5360 ὅμως
1877 5293 1935 5359 C,
1970 5289 2035 5346 0.
2112 5289 2155 5327 ⁸¹
2191 5287 2218 5342 ὁ
2250 5304 2471 5345 inserui
2503 5305 2552 5346 c.
2581 5289 2646 5345 Ο.

131 5216 361 5302 μιθῇῑω
417 5219 518 5302 0-.
558 5212 868 5302 πηέτδεὲψῖι

131 5221 361 5300 μηθήτω
417 5221 482 5270 Ο.
558 5221 601 5251 ’⁸⁵
661 5221 870 5302 ὲγκύψξρ
923 5221 986 5284 0,
1042 5231 1093 5271 c.

127 5289 249 5359 (sic)
279 5286 364 5340 ότι
395 5303 455 5359 p.
487 5283 570 5340 ὅτι
600 5285 666 5344 0.
746 5287 792 5322 ⁸ο
821 5283 965 5341 αΑλά
994 5304 1088 5343 om

2378 5147 2423 5181 ⁷⁵
2449 5146 2534 5201 Ita
2590 5146 2673 5214 8.,
2736 5146 3119 5219 συνενθομήτω
3167 5147 3230 5214 C,
3284 5147 3530 5201 συνενθο-

2400 5219 2443 5253 ⁷⁷
2473 5221 2750 5285 συνζητεῖν
2781 5223 2839 5273 C.
2915 5215 3198 5290 ἠ’τολμᾷν
3221 5221 3286 5274 Ο.
3363 5219 3410 5254 7°
3439 5237 3525 5294 εχ.

2400 5290 2471 5345 'ui
2503 5305 2552 5346 c.
2581 5289 2646 5345 Ο.
2724 5290 2774 5326 ⁸³
2804 5286 2944 5344 ἄλλο
2977 5289 3042 5348 Ο.
3118 5290 3162 5326 ⁸³
3191 5290 3290 5360 τήν
3322 5289 3385 5347 C.

1509 5456 1889 5513 VARIORUM
1928 5457 2150 5516 NOTIE.

129 5618 227 5677 της
260 5596 352 5677 λαὶ
384 5592 570 5677 p661»:-
595 5596 720 5674 περῖ
754 5596 925 5677 Θειξνκ
949 5602 1056 5654 etc.
1090 5600 1203 5677 Τοῦ
1249 5597 1400 5674 ἁγίου
1452 5597 1769 5677 μεντος

129 5668 419 5746 ἐπισκόπου
456 5668 750 5746 ΑῬώμηῖς..
789 5668 1071 5746 Αὐτάρκης
1129 5669 1234 5746 εἷς.
1264 5668 1628 5746 σωτηρίανςή
1691 5671 1767 5746 εἰς

129 5743 248 5797 Θεὸν
303 5738 598 5817 ἁνθρώπων
642 5738 855 5814 ἀγάπη.
903 5738 1343 5815 Εὐγνωμοσύνης
1390 5738 1494 5817 γάρ
1543 5738 1674 5813 ἐστι,
1705 5742 1767 5796 τὸ

1877 5599 2028 5680 προς
2051 5600 2140 5654 τὸν
2164 5603 2288 5680 ποῦ
2323 5599 2471 5680 *εἶναι
2520 5602 2670 5680 ἡμᾶς
2707 5597 2908 5680 ,ατίτιοη
2941 5599 3242 5680 ᾀποσώζειν
3287 5603 3524 5680 στοργήν

2091 5670 2288 5800 xaiieolt
2303 5667 2674 5800 ίἔιδεύτιερονκαὶ
2696 5667 2900 5749 ἀγήρων
2923 5672 3094 5729 αἰῶνα
3125 5667 3518 5746 δῖασωζόμεῦα.

1908 5762 1940 5798 Π
1976 5786 1988 5798 .
2022 5761 2146 5800 COD.
2258 5785 2270 5798 ο
2346 5761 2434 5800 ΟΤ.

1908 5761 1988 5798 ω.
2022 5761 2146 5815 cap.
2187 5761 2270 5800 1U.
2303 5761 2434 5800 uo'r.
