4064 6330
203 409 312 469 129
1341 394 1874 458 CLEMENTINA.

2011 388 2338 452 HOMlLlA
2384 388 2488 451 lll.
3493 393 3612 453 130

196 537 374 616 χςίαις
412 531 633 604 ἡδοναῖς
663 537 766 588 τοῦ
817 531 1088 608 λογισμοῦ
1124 531 1225 600 τήν
1282 528 1439 606 ἰσχὺν
1500 526 1847 598 ὕποσυλῶσα,
1880 578 1888 591 ι

2007 539 2076 578 ue
2107 522 2502 594 voluptatibus
2530 521 2649 578 vim
2680 523 2897 580 mentis
2927 524 3259 596 deprmdata
3316 524 3514 596 plures
3547 525 3606 580 in

196 610 321 688 τοὺς
350 622 607 685 πλείονας
641 621 718 683 είς
755 619 1009 697 μοιχείαν
1043 621 1177 695 ἄγει,
1210 620 1300 675 καὶ
1350 618 1525 683 οὕτως
1568 626 1665 677 τοῦ
1720 623 1856 697 μέλ-

2005 611 2318 668 dulterium
2371 612 2551 682 ducit,
2576 610 2772 684 sicque
2802 613 2992 685 privat
3050 614 3325 685 praeclaro
3368 632 3606 686 sponso,

200 718 395 777 λοντος
450 709 623 770 καλοῦ
669 710 939 788 στερίσκει
988 708 1239 786 νυμφίου.
1285 709 1486 788 Ν·3μφη
1537 709 1637 789 γάρ
1685 711 1798 768 ἔστι
1830 714 1860 770 δ

2013 718 2143 756 uem
2176 700 2433 755 habituri
2462 706 2646 756 erant.
2684 701 2827 757 Nam
2860 701 3108 775 quilibet
3164 702 3337 758 homo
3395 719 3614 776 sponsa

202 810 306 867 πᾶς
354 807 403 840 ⁸³
451 800 762 878 ἄνθρωπος,
796 798 996 853 ὁπόταν
1050 802 1148 853 τοῦ
1193 796 1433 868 ἀληθοῦς
1483 800 1530 837 ⁸³
1574 805 1863 879 προφήτου

2005 790 2318 861 st,quando
2336 790 2453 846 veri
2469 789 2762 862 propheta;
2785 791 3035 847 candido
3065 791 3323 847 veritatis
3344 809 3614 852 sermone

203 894 387 964 λευκῷ
413 892 569 966 λόγῳ
600 888 865 959 ἀληθείας
898 886 1255 963 σπειρόμενος
1277 888 1575 964 φωτίζηται
1598 890 1690 945 τὸν
1713 896 1862 951 νοῦν.

274 982 524 1040 XXVIII.
558 979 653 1033 Διὸ
680 981 727 1014 ⁸⁸
755 977 871 1038 ἑνὸς
908 975 1076 1049 μόνου
1129 980 1226 1031 τοῦ
1272 982 1372 1046 τῆς
1423 977 1681 1049 ἀληθείας
1727 1002 1863 1057 προ-

210 1073 385 1149 φήτου
441 1068 657 1123 ἀκούειν
714 1063 819 1133 δεῖ,
852 1062 1032 1120 εἷ’δότα
1061 1062 1143 1119 ὅτι
1179 1065 1203 1119 3
1236 1067 1362 1139 παρ’
1395 1066 1581 1143 ἑτέρου
1642 1070 1866 1147 σπαρείς

210 1148 397 1235 λόγος,
430 1156 686 1233 μοιχείας
717 1152 974 1231 ἔγκλημα
1004 1148 1187 1209 λαϐὼν
1219 1156 1281 1221 ⁸⁸,
1316 1154 1393 1217 ὡς
1426 1154 1528 1211 ὑπὸ
1557 1158 1795 1236 νυμφίου
1826 1161 1871 1197 u

209 1254 309 1317 τῆς
346 1244 629 1321 βασιλείας
660 1242 825 1299 αὐτοῦ
882 1237 1227 1300 ἐκϐάλλεται.
1258 1248 1388 1306 Τοῖς
1442 1241 1499 1299 δὲ
1546 1246 1607 1301 τὸ
1662 1248 1868 1321 pug-:15-

214 1358 327 1412 ριον
359 1333 565 1390 εἰδόσιν
600 1333 703 1388 ὑπὸ
731 1336 976 1408 ψυχικῆς
1009 1330 1260 1407 μοιχείας
1308 1331 1399 1387 καί
1454 1334 1677 1399 θάνατος
1728 1337 1870 1412 γίνε-

211 1446 319 1480 ται.
351 1423 586 1478 Ὀπόταν
622 1425 662 1458 ⁸⁷
706 1424 741 1491 ἡ
801 1422 953 1496 ψυχὴ
1015 1420 1101 1499 ὑφ’
1142 1419 1337 1497 ἑτέρων
1394 1428 1593 1500 σπαρῇ,
1625 1420 1748 1481 τότε
1797 1426 1871 1489 ὡς

216 1512 568 1589 πορνεύσασα
598 1511 634 1579 ἢ
670 1508 1077 1584 μοιχευσαμένη
1112 1508 1217 1564 ὑπὸ
1245 1514 1343 1564 τοῦ
1373 1511 1680 1587 πνεύματος
1714 1513 1872 1589 ἐγκα-

216 1600 565 1670 ταλείπεται,
597 1603 699 1658 98
755 1600 846 1654 καὶ
898 1596 1069 1661 οὕτως
1127 1599 1190 1654 τὸ
1240 1596 1489 1676 ἔμψυχον
1549 1606 1731 1675 σῶμα,
1778 1605 1876 1657 τοῦ

225 1695 505 1761 ζωοποιοῦ
562 1687 873 1762 πνεύματος
930 1686 1311 1763 χωρισθέντος,
1360 1690 1438 1753 εἰς
1493 1691 1538 1727 ⁸⁸
1594 1697 1700 1766 γῆν
1755 1691 1877 1746 ἀνα.

227 1780 437 1852 λύεται,
467 1778 559 1833 καὶ
612 1782 709 1833 τοῦ
766 1778 1160 1851 ἁμαρτήματος
1212 1778 1247 1846 ἡ
1280 1779 1396 1832 κατ’
1448 1778 1592 1852 ἀξίαν
1651 1778 1878 1842 κόλασις

230 1869 281 1924 ἓν
306 1873 389 1941 τῷ
413 1874 518 1937 τῆς
547 1866 777 1943 κρίσεως
807 1869 981 1938 καιρῷ
1024 1862 1337 1921 ἀποδίδοται
1395 1866 1474 1940 τῷ
1528 1872 1681 1944 ψυχῇ
1746 1869 1880 1943 μετᾶ

228 1960 327 2026 τὴν
384 1961 486 2012 τοῦ
543 1956 798 2027 σώματος
856 1951 1129 2008 ἀνάλυσιν·
1166 1953 1346 2031 ὥσπερ
1396 1955 1480 2011 ἐπ’
1511 1958 1809 2034 ἀνθρώπων
1841 1960 1877 2029 ἡ

233 2046 319 2103 ἰπὶ
355 2045 586 2121 μοιχείᾳ
616 2049 924 2122 φωραθεῖσα
951 2047 1167 2119 πρῶτον
1198 2048 1305 2099 τῶν
1333 2042 1495 2101 οἷ’κων
1531 2042 1879 2121 ἐκϐάλλεται,

235 2135 331 2200 εἷθ’
361 2134 587 2209 ὕστερον
620 2132 710 2188 ἐπὶ
738 2130 998 2206 καταδίκῃ
1026 2131 1285 2208 κρίνεται.

307 2225 505 2281 XXIX.
537 2226 647 2278 Τοῦ
679 2221 885 2298 Πέτρου
910 2225 1101 2276 τοῦτον
1137 2219 1437 2295 μέλλοντος
1468 2226 1602 2297 ἡμῖν
1658 2222 1885 2288 τελείως

235 2312 505 2390 ἐκφαίνειν
535 2312 629 2366 τὸν
664 2310 918 2383 μυστικὸν
951 2309 1113 2386 Λόγον
1145 2313 1209 2380 δ’,
1242 2316 1512 2387 Ζακχαῖος
1542 2313 1643 2383 ἧκε
1682 2312 1881 2390 λέγων’

236 2380 383 2468 ’Ἤδη
417 2400 638 2472 λοιπὸν,
666 2380 718 2453 *ὧ
749 2400 935 2474 Πέτρε,
970 2380 1157 2475 καιρὸς
1205 2380 1445 2476 πρὸςνῖτὸ
1499 2380 1726 2458 ἐκϐάντα
1759 2380 1888 2459 ¹δια-

239 2489 507 2567 λεχθῆναί
538 2508 615 2545 σε.
652 2486 831 2549 Πολὺς
860 2488 962 2563 γάρ
994 2487 1081 2543 ἐπὶ
1111 2494 1212 2558 τῆς
1256 2487 1431 2559 αὐλῆς
1488 2493 1885 2568 συναθροισθεὶς

241 2579 495 2653 ἀναμένει
529 2598 588 2633 σε
618 2572 816 2653 ὄχλος,
848 2577 915 2631 οὗ
968 2575 1020 2633 ἒν
1074 2575 1223 2651 μέσῳ
1270 2578 1345 2641 ὡς
1390 2579 1749 2657 πολέμαρχος
1801 2582 1888 2637 ὁπ’

242 2669 407 2725 αὐτοῦ
468 2665 945 2745 δορυφορούμενος
1004 2662 1194 2737 ἔστηκε
1253 2665 1560 2740 Σίμων.Ὁ
1582 2666 1640 2723 δὶ
1688 2671 1889 2745 Πέτρος

243 2755 503 2828 ἀκούσας,
536 2754 709 2831 εὐχῆς
737 2754 898 2830 χάριν
930 2755 1239 2831 ὑποχωρεῖν
1272 2758 1318 2793 ⁶⁰
1359 2777 1451 2828 μοι
1505 2755 1763 2820 κελεύσας
1817 2758 1892 2821 ὡς

250 2848 420 2918 μήπω
454 2843 709 2921 εἰληφότι
740 2844 803 2898 τὸ
833 2844 968 2919 πρὸς
1003 2843 1275 2917 σωτηρίαν
1309 2843 1605 2919 βάπτισμα,
1634 2852 1752 2909 τοῖς
1782 2844 1893 2918 ἤδη

243 2934 485 2995 τελείοις
516 2932 640 3010 ἔφη·
672 2933 1007 3007 Ἐγερθὲντες
1057 2931 1474 3005 εὖξώμεθα,²ίνα
1522 2935 1551 2989 ό
1594 2936 1725 2998 Θεὸς
1780 2941 1899 2998 τοῖς

251 3022 632 3082 ἀνεκλείπτοις
664 3020 828 3075 αὐτοῦ
859 3019 1165 3096 οἰκτιρμοῖς
1194 3023 1491 3098 συνεργήσῃ
1525 3044 1616 3095 μοι
1662 3025 1899 3100 ὁρμῶντι

255 3112 389 3186 πρὸς
419 3108 694 3185 σωτηρίαν
724 3130 831 3164 των
880 3108 969 3163 ὑπ’
996 3108 1162 3163 αὐτοῦ
1215 3111 1535 3175 κτισθέντων
1582 3111 1899 3187 ἀνθρώπων.

257 3202 351 3254 Καὶ
379 3200 533 3255 τοῦτ’
563 3201 607 3236 ⁶¹
641 3197 806 3253 εἰπὼν
836 3197 1145 3269 εὐξάμενος,
1181 3197 1323 3272 ἐξῄει
1382 3199 1459 3264 εἰς
1504 3201 1596 3255 τὸν
1639 3201 1899 3276 ὕπαιθρον

1973 895 2325 951 conspersus
2356 884 2550 934 mente
2579 877 2964 935 illuminatur.

2044 967 2657 1040 XXVIII.Quapropter
2696 984 2877 1023 unum
2938 968 3129 1025 solum
3189 970 3448 1028 veritatis
3479 990 3609 1045 pro-

1976 1055 2211 1128 pbetam
2244 1056 2574 1112 auscultare
2604 1062 2849 1129 oportet,
2882 1058 3304 1132 sciendumque
3333 1068 3423 1117 est
3454 1062 3610 1135 quod

1978 1146 2049 1201 ab
2082 1145 2195 1201 alio
2226 1145 2549 1202 seminatus
2579 1146 3075 1214 sermo,adulterii
3108 1155 3341 1222 sumpto
3372 1151 3616 1209 crimine

1980 1238 2257 1304 tanquam
2290 1251 2323 1289 a
2350 1251 2564 1307 sponso
2595 1251 2625 1290 e
2657 1251 2833 1307 regno
2864 1236 2991 1307 ejus
3030 1237 3280 1307 ejicitur.
3309 1239 3386 1295 lis
3417 1246 3615 1298 autem

1980 1322 2081 1394 qui
2110 1320 2451 1393 mysterium
2475 1327 2997 1397 cognoverunt,per
3027 1325 3233 1381 anima:
3263 1326 3618 1385 adulterium

1982 1416 2039 1467 et
2069 1426 2229 1465 mors
2241 1409 2785 1482 contingit.Scilicet
2808 1428 2939 1467 cum
2965 1412 3245 1469 animaab
3266 1414 3396 1471 aliis
3417 1432 3621 1473 semen

1983 1498 2288 1570 acceperit,
2321 1502 2459 1553 tunc
2491 1497 2647 1554 velut
2677 1499 2960 1557 fornicata
2991 1507 3091 1557 aut
3112 1504 3464 1560 adulterium
3491 1522 3626 1577 ope-

1986 1592 2111 1643 rata
2139 1586 2427 1642 deseritur
2456 1604 2487 1642 a
2519 1587 2731 1660 spiritu
2766 1606 2779 1644 :
2814 1594 2990 1661 atque
3022 1590 3101 1646 ita
3157 1609 3369 1664 corpus
3398 1594 3629 1650 anima-

1982 1680 2133 1741 tum,
2166 1674 2360 1731 ablato
2389 1676 2739 1733 viviﬁcatore
2766 1677 3001 1749 spiritu,
3032 1679 3089 1734 in
3117 1686 3333 1737 terram
3365 1681 3631 1738 dissolvi-

1986 1769 2103 1830 tur,
2137 1768 2194 1818 et
2220 1764 2434 1835 peccati
2486 1766 2776 1837 condigna
2817 1767 3107 1839 supplicia
3135 1772 3395 1842 tempore
3416 1770 3626 1837 judicii

1988 1851 2393 1907 retribuuntur
2422 1852 2628 1908 animae
2661 1859 2794 1927 post
2822 1858 3247 1928 separationem
3279 1876 3314 1915 a
3361 1876 3622 1932 corpore.

1989 1941 2495 2006 Quemadmodum
2530 1942 2679 1998 inter
2715 1942 3005 2012 homines,
3038 1964 3163 2019 quae
3223 1948 3282 2004 in
3340 1949 3626 2007 adulterio

1992 2030 2353 2103 deprehensa
2382 2035 2488 2102 est,
2507 2032 2760 2103 primum
2788 2034 3011 2091 sedibus
3039 2036 3291 2110 ejicitur,
3324 2055 3389 2096 ac
3420 2039 3630 2097 deinde

1992 2118 2477 2176 condemnatione
2508 2120 2810 2176 multatur.

2064 2206 2255 2263 XXIX.
2289 2208 2551 2281 Cumque
2596 2213 2800 2266 Petrus
2854 2210 3009 2268 hunc
3069 2212 3264 2285 ipsum
3319 2218 3631 2289 mysticum

1995 2312 2325 2353 sermonem
2360 2300 2613 2369 perfecte
2644 2299 2811 2355 nobis
2854 2300 3258 2360 declaraturus
3286 2312 3459 2371 esset,
3491 2308 3633 2364 Zac-

1997 2385 2187 2442 chaaus
2217 2386 2374 2441 venit
2394 2386 2652 2459 dixitque
2685 2404 2697 2444 :
2731 2388 2862 2444 Jam
2896 2407 3075 2459 nunc,
3096 2392 3520 2467 Petre,tempus
3546 2402 3635 2453 est

1998 2480 2066 2531 ut
2093 2491 2262 2531 exeas
2283 2476 2353 2531 ad
2378 2476 2998 2535 disserendum.Multa
3025 2481 3180 2537 enim
3204 2484 3375 2539 turba
3402 2482 3463 2538 in
3490 2484 3638 2539 atrio

1999 2569 2352 2637 congregata
2382 2564 2641 2638 operitur
2667 2570 2744 2633 te,
2796 2568 2851 2623 in
2886 2570 3054 2641 cujus
3104 2570 3296 2627 medio
3354 2576 3637 2645 tanquam

2001 2652 2137 2709 belli
2167 2654 2284 2709 dux
2314 2654 2385 2709 ab
2416 2655 2619 2710 eadem
2650 2661 2942 2728 protectus
2973 2675 3037 2714 ac
3069 2658 3320 2731 stipatus
3376 2662 3641 2718 constitit

2004 2741 2356 2807 Simun.Quo
2383 2743 2818 2812 sudito,Petrus
2849 2746 3131 2803 orationis
3161 2750 3349 2821 gratia
3373 2751 3642 2807 secedere

2007 2847 2100 2886 me
2121 2832 2325 2903 jussit,
2360 2838 2424 2887 ut
2452 2832 2552 2905 qui
2584 2834 2848 2891 nondum
2879 2836 3233 2908 accepissem
3293 2838 3501 2895 salutis
3536 2840 3641 2897 ba-

2009 2920 2243 2990 ptisma,
2277 2924 2334 2974 et
2362 2920 2433 2975 ad
2469 2921 2594 2991 jam
2643 2922 2933 2995 baptismo
2980 2925 3235 2996 pefectos
3283 2926 3427 2983 dixit
3457 2944 3470 2982 ε
3505 2929 3646 2985 Sur-

2010 3012 2211 3077 gentes
2239 3024 2493 3075 oremus,
2522 3015 2587 3065 ut
2614 3016 2761 3066 Deus
2794 3029 2895 3082 pro
2928 3013 3050 3069 suis
3084 3015 3379 3087 perpetuis
3411 3018 3650 3074 misera-

2011 3096 2272 3151 tionibus
2302 3097 2619 3169 opituletur
2650 3099 2813 3167 mihi,
2846 3100 2945 3171 qui
3006 3103 3221 3173 prodeo
3277 3105 3351 3159 ob
3392 3105 3646 3162 salutem

2012 3184 2319 3240 hominum
2352 3202 2497 3257 quos
2527 3187 2963 3261 creavit.thue
2989 3189 3109 3246 haec
3130 3190 3359 3248 locutus
3382 3198 3489 3261 est,
3522 3211 3650 3253 ora-

252 3292 350 3357 τῆς
409 3285 587 3355 αὐλῆς
640 3286 806 3341 τόπον
869 3288 1035 3360 μὲγαν
1095 3282 1244 3359 ὄντα,
1295 3285 1417 3352 ἔνθα
1472 3255 1888 3359 συνεληλυθότες

2015 3275 2172 3329 tione
2223 3255 2393 3340 facta,
2454 3274 2595 3329 exiit
2650 3274 2708 3329 in
2768 3255 2901 3330 atrii
2960 3276 3154 3333 locum
3208 3255 3536 3337 subdialem
3593 3286 3653 3340 et

251 3378 387 3446 ἦσαν
417 3374 625 3431 πολλοὶ
652 3379 749 3429 τοῦ
779 3374 1101 3430 ἐποπτεῦσαι
1150 3376 1333 3451 χάριν,
1361 3383 1463 3446 τῆς
1512 3375 1828 3453 διακρίσεως
1855 3382 1901 3416 ⁸³

250 3464 416 3519 αὐτοῦ
478 3463 568 3518 ἐπὶ
621 3464 684 3517 τὸ
743 3460 990 3518 σπεύδειν
1046 3468 1145 3519 τοῦ
1202 3464 1415 3521 ἀκούειν
1448 3463 1899 3541 σπουδαιοτέρους

252 3551 641 3622 πεποιηκυίας.

324 3642 487 3697 XXX.
525 3641 663 3701 Στὰς
711 3638 827 3712 οὖν,
858 3640 948 3694 καὶ
999 3638 1128 3695 ἰδὼν
1178 3641 1312 3713 μετὰ
1367 3638 1542 3712 πάσης
1572 3644 1618 3680 ⁸³
1667 3643 1902 3718 ἡσυχίας

251 3730 342 3784 τὸν
375 3729 550 3783 πάντα
585 3726 715 3783 λαὸν
751 3728 827 3791 εἲς
858 3729 1016 3783 αὐτὸν
1052 3729 1379 3800 ἀτενίζοντα,
1413 3730 1638 3803 Σίμωνα
1697 3729 1754 3786 δὲ
1808 3732 1900 3787 τὸν

253 3818 438 3893 Μάγον
480 3816 557 3879 εἰς
602 3818 763 3891 μέσον
816 3817 1039 3879 ἑστῶτα.
1070 3822 1167 3873 τοῦ
1227 3816 1403 3894 λέγειν
1458 3817 1659 3894 ἤρξατο
1709 3820 1907 3883 οὕτως·

255 3907 467 3980 Εἰρήνη
499 3904 583 3976 εἴη
617 3912 777 3961 πᾶσιν
811 3907 937 3978 ὑμῖν
968 3912 1085 3969 τοῖς
1141 3905 1376 3980 ἑτοίμως
1406 3910 1453 3944 ⁶⁴
1483 3904 1672 3984 ἔχουσι
1731 3906 1904 3980 δεξιὰς

258 3993 467 4050 διδόναι
499 3997 604 4051 94
631 3998 700 4067 τῇ
730 3998 828 4049 τοῦ
852 3999 986 4049 Θεοῦ
1032 3992 1282 4066 ἀληθείᾳ,
1314 3996 1376 4065 ἣν
1433 3995 1596 4050 αὐτοῦ
1657 3996 1903 4072 μεγάλην

257 4105 317 4139 τε
339 4085 432 4139 καὶ
462 4083 785 4159 ἀσύγκριτον
814 4081 866 4137 ἐν
896 4087 975 4154 τῷ
1021 4087 1113 4138 νῦν
1161 4083 1354 4157 κόσμῳ
1406 4085 1753 4162 ὑπάρχουσαν
1807 4084 1909 4142 δω-

262 4174 385 4249 ρεὰν
421 4174 450 4226 ὁ
482 4170 808 4233 ἀποστείλας
836 4173 1007 4245 ἡμᾶς,
1035 4176 1134 4227 τοῦ
1174 4171 1225 4227 ἰν
1261 4173 1508 4249 ὑπεροχῇ
1539 4174 1908 4252 συμφέροντος

261 4259 501 4335 ἀψευδής
536 4260 796 4337 ὑπάρχων
838 4263 1153 4339 προφήτης,
1184 4261 1385 4332 ταύτην
1433 4264 1567 4335 ἡμῖν
1611 4262 1909 4319 ὶνετείλατο

260 4353 530 4428 προφάσει
603 4348 980 4425 προσηγορίας
1051 4350 1158 4425 πρὸ
1240 4355 1345 4405 τῶν
1406 4357 1507 4420 τῆς
1565 4348 1913 4415 διδασκαλίας

2012 3378 2316 3434 magnum,
2351 3379 2464 3434 quo
2499 3362 2665 3419 multi
2697 3370 3087 3421 convenerant
3115 3370 3416 3439 spectandi
3449 3388 3649 3441 causa;

2010 3467 2145 3505 nam
2178 3452 2305 3522 ejus
2336 3451 2652 3523 disputatio
2685 3453 2914 3525 fecerat,
2948 3457 3013 3508 ut
3043 3453 3444 3529 diligentiores
3488 3459 3650 3516 festi-

2011 3546 2218 3595 narent
2249 3541 2318 3595 ad
2356 3540 2734 3596 audiendum.

2083 3630 2246 3686 XXX.
2277 3636 2451 3685 Stans
2494 3646 2650 3701 ergo,
2684 3646 3044 3703 cernensque
3094 3632 3431 3689 universum
3468 3651 3649 3707 popu-

2012 3720 2135 3776 lum
2170 3720 2437 3775 universo
2468 3735 2603 3775 cum
2634 3717 2864 3775 silentio
2895 3720 3093 3776 oculos
3122 3720 3181 3775 in
3239 3720 3433 3793 ipsum
3467 3724 3649 3795 conji-

2014 3824 2163 3878 cere,
2190 3825 2255 3863 ac
2287 3808 2583 3863 Simonem
2617 3807 2850 3880 Magum
2883 3809 2943 3864 in
2974 3810 3166 3865 medio
3195 3814 3369 3879 stare,
3403 3812 3560 3866 hunc
3590 3812 3650 3868 in

2017 3898 2256 3953 modum
2290 3896 2447 3967 loqui
2481 3897 2653 3969 coepit
2686 3914 2699 3951 :
2737 3902 2850 3953 Pax
2882 3897 2959 3953 sit
3009 3899 3284 3954 omnibus
3332 3900 3520 3969 vobis,
3553 3899 3655 3972 qui

2017 3986 2199 4056 parati
2233 3986 2375 4040 estis
2405 3985 2672 4040 dexteras
2702 3986 2841 4040 dare
2871 3986 3102 4040 veritati
3144 3986 3266 4053 Dei,
3298 4003 3498 4058 quam,
3533 4004 3656 4043 ma-

2017 4090 2197 4146 gnum
2233 4090 2440 4145 nempe
2471 4090 2536 4128 ac
2568 4073 3027 4146 incomparabile
3052 4075 3181 4146 eius
3211 4092 3431 4132 munus
3459 4076 3519 4132 in
3554 4077 3663 4133 hoc

2019 4165 2261 4225 mundo,
2298 4167 2361 4216 ut
2394 4163 2765 4219 salutationis
2797 4180 2975 4219 causa
3005 4163 3167 4220 vobis
3197 4169 3335 4221 ante
3364 4182 3664 4223 sermones

2020 4254 2294 4309 doctrinae
2324 4251 3021 4323 acclamemus,praicepit
3042 4252 3213 4308 nobis
3235 4254 3335 4325 qui
3369 4255 3533 4311 misit
3559 4272 3667 4310 nos

2020 4358 2191 4397 verus
2228 4340 2563 4396 excellentis
2623 4340 2755 4394 boni
2816 4341 3142 4411 propheta;
3177 4358 3293 4413 quo
3344 4343 3394 4398 si
3451 4342 3664 4413 aliquis

262 4439 444 4515 λόγων
504 4440 632 4510 ὑμῖν
693 4438 1119 4514 ἐπιφθέγγεσθαι,
1146 4436 1257 4508 ἵνα,
1313 4439 1401 4494 ἐὰν
1451 4438 1488 4513 ᾖ
1536 4461 1619 4502 τις
1678 4440 1729 4494 ἐν
1783 4442 1888 4513 ὑμῖε

2023 4432 2175 4485 inter
2203 4447 2302 4485 vos
2333 4430 2411 4484 sit
2439 4429 2595 4483 filius
2647 4430 2829 4500 pacis,
2871 4446 2973 4500 per
3027 4430 3351 4484 doctrinam
3403 4437 3664 4486 nostram

263 4529 489 4602 είρὴνης
520 4530 725 4593 τέκνον,
757 4524 847 4581 διὰ
873 4534 974 4596 τῆς
1023 4525 1372 4589 διδασκαλίας
1418 4531 1579 4601 ἡμῶν
1633 4525 1888 4584 καταλάόι

2023 4535 2133 4590 pax
2162 4535 2297 4573 eum
2319 4518 2762 4589 complectatur;
2788 4518 2835 4572 si
2869 4518 3001 4587 quis
3028 4522 3223 4574 autem
3246 4524 3505 4573 vestrum
3537 4535 3665 4573 eam

265 4618 425 4673 αὐτὸν
483 4619 521 4686 ἡ
585 4614 872 4692 εῗρήνη,εί
930 4613 988 4672 δὲ
1039 4616 1240 4687 ταύτην
1302 4611 1488 4671 λαϐεῖν
1518 4617 1668 4689 ὑμῶν
1701 4637 1783 4680 τις
1835 4640 1888 4691 μη

2024 4609 2283 4677 accipere
2313 4606 2477 4675 nolit,
2511 4611 2649 4661 tunc
2683 4622 2811 4670 nos,
2854 4622 3097 4662 excusso
3154 4607 3212 4661 in
3264 4606 3665 4663 testimonium

268 4707 442 4775 θέλοι,
474 4705 600 4761 τότε
629 4709 790 4777 ἡμεῖς
822 4705 1272 4777 ἀποτιναξάμενοι
1324 4704 1401 4767 εἰς
1459 4706 1752 4780 μαρτυρίαν
1810 4710 1888 4761 τῶ

2030 4696 2262 4767 pulvere
2294 4696 2506 4768 pedum
2541 4700 2897 4766 nostrorum,
2924 4712 3099 4766 quem
3141 4694 3447 4752 collectum
3475 4711 3543 4750 ex
3572 4695 3679 4768 iti-~

270 4792 450 4850 ποδῶν
486 4796 650 4866 ἡμῶν
675 4794 768 4847 τὸν
796 4794 853 4847 ἐκ
879 4798 989 4848 τῶν
1030 4791 1172 4848 ὁδῶν
1220 4795 1519 4869 κονιορτὸν,
1553 4793 1610 4849 ὅν
1659 4792 1747 4849 διὰ
1788 4794 1888 4850 τοὺ

2030 4800 2237 4840 nerum
2272 4784 2569 4840 laboribus
2599 4784 2811 4839 salutis
2843 4788 3041 4840 vestra;
3062 4801 3199 4856 ergo
3231 4783 3560 4848 attulimus,
3594 4784 3667 4838 ad

272 4883 548 4957 καμάτους
598 4882 942 4957 βαστάξαντες
970 4885 1015 4919 ⁸⁸
1043 4882 1345 4957 ἠνέγκαμεν
1390 4884 1523 4955 πρὸς
1584 4884 1722 4956 ὑμᾶς
1771 4882 1888 4939 ὅπω

2030 4873 2279 4929 aliorum
2312 4874 2519 4930 domos
2547 4890 2614 4929 ac
2644 4874 2908 4930 civitates
2937 4874 3217 4930 abeamus
3246 4872 3348 4944 (α).

276 4980 506 5045 σωθῆτε,
538 4971 613 5032 εἷς
643 4969 836 5047 ἑτέρων
870 4971 1115 5044 ἀπίωμεν
1148 4970 1322 5033 οἰκίας
1353 4971 1443 5026 καὶ
1470 4970 1679 5035 πόλεις.

345 5125 423 5199 (α)
454 5123 659 5181 Matth.
693 5141 749 5192 x,
785 5124 887 5196 12;
918 5124 1098 5182 Marc.
1129 5141 1208 5196 v1,
1241 5124 1301 5180 11
1328 5140 1343 5194 ;
1378 5124 1517 5181 Luc.
1547 5141 1604 5193 ι,
1633 5125 1688 5181 5.

1620 5301 1859 5360 VARIE
1916 5296 2327 5360 LECTIONES.

346 5445 399 5539 '1
415 5444 1184 5539 abacnversitxqaaaiksi
1199 5443 1458 5539 39.133911?!
1475 5444 1661 5539 tist-
1696 5448 1932 5539 εμτέιη)
1961 5440 2205 5539 ἑιάτῑηεεν
2231 5432 2869 5539 Χυέξιθ-⁸³ηάλ.η3,εξ³.2;
2927 5429 3237 5539 iiii.“
3272 5432 3677 5539 attigi;

279 5514 344 5585 D,
378 5510 564 5595 λαβεῖν
590 5502 657 5572 VC.
688 5502 691 5503 ν
733 5519 779 5595 ‘_‘
808 5502 1363 5595 ln'Q'ess‘eridetur
1382 5502 1669 5595 μοιχείας.
2004 5516 2063 5571 ἄν
2096 5518 2160 5572 C.
2234 5512 2278 5548 ⁵⁸
2306 5502 2472 5595 τᾶιεῗς
2618 5502 2874 5595 legerim
2927 5502 3195 5595 tdts'eij.
3268 5504 3317 5595 2:
3370 5504 3433 5595 Ei

280 5574 411 5668 ante
439 5585 611 5662 λόγον
648 5589 900 5668 omisi_c.
928 5592 989 5643 Ο.
1063 5589 1109 5624 ⁶⁰
1140 5574 1591 5668 ὑποχωρῆσαίῒυ.
1627 5574 1762 5668 Πθὶη
1794 5589 1869 5668 ᾡς
1904 5590 2201 5668 μήπω-μοι
2236 5599 2335 5656 pro
2366 5580 2440 5668 dic
2477 5579 2645 5668 PETW
2668 5574 2774 5668 ρι’
2829 5578 2876 5668 2
2930 5575 3085 5668 τξξτέ
3237 5666 3247 5668 Α
3268 5574 3316 5668 ’τ
3365 5576 3672 5668 2‘th9.57“:

281 5644 543 5733 διάκρισις
574 5660 718 5715 verti
748 5660 867 5733 vult
896 5676 997 5732 per
1023 5644 1417 5733 εαρςίίεγῇἰὰτῂ
1444 5659 1530 5715 vel
1555 5644 1935 5733 eminentiam,
1967 5644 2041 5733 'ci',
2076 5644 2254 5715 I'Gor:
2288 5670 2361 5725 ιν,
2386 5654 2441 5709 7.
2477 5644 2487 5652 ’
2517 5644 2563 5687 ⁸³
2590 5648 2807 5720 πολλῆς
2836 5649 2899 5706 C.
2975 5650 3021 5686 ⁶⁴
3067 5646 3311 5723 ἑτοίμοις
3359 5646 3496 5704 edit.
3530 5644 3589 5701 οι
3620 5649 3678 5703 et

282 5730 320 5791 8
347 5727 553 5789 contra
580 5727 989 5788 auctoritath
1020 5731 1189 5789 codd.
1265 5730 1311 5769 ⁸⁸
1336 5727 1590 5805 κάμπους
1622 5731 1973 5812 βαστάσαντες
2004 5732 2076 5788 Ο.
