  <div class='ocr_page' id='page_1' title='image "/cluster/home/n/w/nwhite01/storage/ocr_20150623/2/hvd.32044073501421/075.png"; bbox 0 0 4100 6334; ppageno 0'>
   <div class='ocr_carea' id='block_1_1' title="bbox 420 351 525 409">
    <p class='ocr_par' dir='ltr' id='par_1_1' title="bbox 420 351 525 409">
     <span class='ocr_line' id='line_1_1' title="bbox 420 351 525 409; baseline -0.038 1"><span class='ocrx_word' id='word_1_1' title='bbox 420 351 525 409; x_wconf 81' lang='grc'>131</span> 
     </span>
    </p>
   </div>
   <div class='ocr_carea' id='block_1_2' title="bbox 416 559 2064 637">
    <p class='ocr_par' dir='ltr' id='par_1_2' title="bbox 416 559 2064 637">
     <span class='ocr_line' id='line_1_2' title="bbox 416 559 2064 637; baseline -0.008 -12"><span class='ocrx_word' id='word_1_2' title='bbox 416 570 476 625; x_wconf 90' lang='lat' dir='ltr'>in</span> <span class='ocrx_word' id='word_1_3' title='bbox 510 568 603 624; x_wconf 91' lang='lat' dir='ltr'>die</span> <span class='ocrx_word' id='word_1_4' title='bbox 644 565 874 637; x_wconf 89' lang='lat' dir='ltr'>judicii,</span> <span class='ocrx_word' id='word_1_5' title='bbox 934 579 1168 617; x_wconf 88' lang='lat' dir='ltr'>manere</span> <span class='ocrx_word' id='word_1_6' title='bbox 1225 560 1286 615; x_wconf 91' lang='lat' dir='ltr'>in</span> <span class='ocrx_word' id='word_1_7' title='bbox 1346 565 1502 615; x_wconf 89' lang='lat' dir='ltr'>terra</span> <span class='ocrx_word' id='word_1_8' title='bbox 1562 559 1948 615; x_wconf 82' lang='lat' dir='ltr'>Sodomorum</span> <span class='ocrx_word' id='word_1_9' title='bbox 2008 560 2064 613; x_wconf 88' lang='lat' dir='ltr'>et</span> 
     </span>
    </p>
   </div>
   <div class='ocr_carea' id='block_1_3' title="bbox 418 646 2063 724">
    <p class='ocr_par' dir='ltr' id='par_1_3' title="bbox 418 646 2063 724">
     <span class='ocr_line' id='line_1_3' title="bbox 418 646 2063 724; baseline -0.009 -10"><span class='ocrx_word' id='word_1_10' title='bbox 418 656 772 719; x_wconf 76' lang='lat' dir='ltr'>Gomorrhae,</span> <span class='ocrx_word' id='word_1_11' title='bbox 824 668 1000 724; x_wconf 91' lang='lat' dir='ltr'>quam</span> <span class='ocrx_word' id='word_1_12' title='bbox 1060 651 1119 705; x_wconf 87' lang='lat' dir='ltr'>in</span> <span class='ocrx_word' id='word_1_13' title='bbox 1175 649 1299 705; x_wconf 92' lang='lat' dir='ltr'>loco</span> <span class='ocrx_word' id='word_1_14' title='bbox 1361 647 1792 703; x_wconf 80' lang='lat' dir='ltr'>incredulitatis</span> <span class='ocrx_word' id='word_1_15' title='bbox 1826 664 1840 702; x_wconf 73' lang='grc' dir='ltr'>ε</span> <span class='ocrx_word' id='word_1_16' title='bbox 1874 646 2063 717; x_wconf 92' lang='lat' dir='ltr'>primo</span> 
     </span>
    </p>
   </div>
   <div class='ocr_carea' id='block_1_4' title="bbox 419 734 2062 819">
    <p class='ocr_par' dir='ltr' id='par_1_4' title="bbox 419 734 2062 819">
     <span class='ocr_line' id='line_1_4' title="bbox 419 734 2062 819; baseline -0.008 -17"><span class='ocrx_word' id='word_1_17' title='bbox 419 747 676 819; x_wconf 87' lang='lat' dir='ltr'>quidem,</span> <span class='ocrx_word' id='word_1_18' title='bbox 713 743 851 815; x_wconf 90' lang='lat' dir='ltr'>quia</span> <span class='ocrx_word' id='word_1_19' title='bbox 878 741 1029 812; x_wconf 92' lang='lat' dir='ltr'>quod</span> <span class='ocrx_word' id='word_1_20' title='bbox 1064 739 1277 794; x_wconf 81' lang='lat' dir='ltr'>rationi</span> <span class='ocrx_word' id='word_1_21' title='bbox 1308 737 1594 806; x_wconf 84' lang='lat' dir='ltr'>convenit,</span> <span class='ocrx_word' id='word_1_22' title='bbox 1649 753 1717 792; x_wconf 81' lang='lat' dir='ltr'>ex</span> <span class='ocrx_word' id='word_1_23' title='bbox 1757 734 1915 791; x_wconf 88' lang='lat' dir='ltr'>vobis</span> <span class='ocrx_word' id='word_1_24' title='bbox 1949 752 2062 790; x_wconf 87' lang='lat' dir='ltr'>non</span> 
     </span>
    </p>
   </div>
   <div class='ocr_carea' id='block_1_5' title="bbox 427 824 2062 899">
    <p class='ocr_par' dir='ltr' id='par_1_5' title="bbox 427 824 2062 899">
     <span class='ocr_line' id='line_1_5' title="bbox 427 824 2062 899; baseline -0.009 -7"><span class='ocrx_word' id='word_1_25' title='bbox 427 833 790 892; x_wconf 84' lang='lat' dir='ltr'>intellexistis</span> <span class='ocrx_word' id='word_1_26' title='bbox 824 850 836 899; x_wconf 91' lang='lat'><strong>;</strong></span> <span class='ocrx_word' id='word_1_27' title='bbox 871 830 1146 897; x_wconf 90' lang='lat' dir='ltr'>secundo,</span> <span class='ocrx_word' id='word_1_28' title='bbox 1182 827 1455 899; x_wconf 89' lang='lat' dir='ltr'>quoniam</span> <span class='ocrx_word' id='word_1_29' title='bbox 1498 842 1629 882; x_wconf 87' lang='lat' dir='ltr'>cum</span> <span class='ocrx_word' id='word_1_30' title='bbox 1662 826 1733 881; x_wconf 93' lang='lat' dir='ltr'>de</span> <span class='ocrx_word' id='word_1_31' title='bbox 1761 824 1928 880; x_wconf 90' lang='lat' dir='ltr'>nobis</span> <span class='ocrx_word' id='word_1_32' title='bbox 1958 841 2062 880; x_wconf 89' lang='lat' dir='ltr'>au-</span> 
     </span>
    </p>
   </div>
   <div class='ocr_carea' id='block_1_6' title="bbox 414 913 2061 991">
    <p class='ocr_par' dir='ltr' id='par_1_6' title="bbox 414 913 2061 991">
     <span class='ocr_line' id='line_1_6' title="bbox 414 913 2061 991; baseline -0.01 -8"><span class='ocrx_word' id='word_1_33' title='bbox 414 925 690 991; x_wconf 85' lang='lat' dir='ltr'>diissetis,</span> <span class='ocrx_word' id='word_1_34' title='bbox 725 938 842 977; x_wconf 86' lang='lat' dir='ltr'>non</span> <span class='ocrx_word' id='word_1_35' title='bbox 892 919 1134 975; x_wconf 86' lang='lat' dir='ltr'>venistis</span> <span class='ocrx_word' id='word_1_36' title='bbox 1182 918 1253 972; x_wconf 93' lang='lat' dir='ltr'>ad</span> <span class='ocrx_word' id='word_1_37' title='bbox 1306 933 1411 972; x_wconf 89' lang='lat' dir='ltr'>nos</span> <span class='ocrx_word' id='word_1_38' title='bbox 1443 933 1456 985; x_wconf 90' lang='lat'><strong>;</strong></span> <span class='ocrx_word' id='word_1_39' title='bbox 1491 915 1669 970; x_wconf 88' lang='lat' dir='ltr'>tertio</span> <span class='ocrx_word' id='word_1_40' title='bbox 1701 913 1840 985; x_wconf 84' lang='lat' dir='ltr'>quia</span> <span class='ocrx_word' id='word_1_41' title='bbox 1886 914 2061 968; x_wconf 90' lang='lat' dir='ltr'>etiam</span> 
     </span>
    </p>
   </div>
   <div class='ocr_carea' id='block_1_7' title="bbox 415 1002 2066 1078">
    <p class='ocr_par' dir='ltr' id='par_1_7' title="bbox 415 1002 2066 1078">
     <span class='ocr_line' id='line_1_7' title="bbox 415 1002 2066 1078; baseline -0.008 -7"><span class='ocrx_word' id='word_1_42' title='bbox 415 1032 551 1072; x_wconf 87' lang='lat' dir='ltr'>cum</span> <span class='ocrx_word' id='word_1_43' title='bbox 619 1012 1006 1078; x_wconf 86' lang='lat' dir='ltr'>venissemus,</span> <span class='ocrx_word' id='word_1_44' title='bbox 1068 1005 1238 1063; x_wconf 90' lang='lat' dir='ltr'>nobis</span> <span class='ocrx_word' id='word_1_45' title='bbox 1299 1022 1417 1060; x_wconf 90' lang='lat' dir='ltr'>non</span> <span class='ocrx_word' id='word_1_46' title='bbox 1479 1002 1828 1060; x_wconf 78' lang='lat' dir='ltr'>credidistis.</span> <span class='ocrx_word' id='word_1_47' title='bbox 1881 1002 2066 1064; x_wconf 84' lang='lat' dir='ltr'>Quare</span> 
     </span>
    </p>
   </div>
   <div class='ocr_carea' id='block_1_8' title="bbox 416 1095 2064 1178">
    <p class='ocr_par' dir='ltr' id='par_1_8' title="bbox 416 1095 2064 1178">
     <span class='ocr_line' id='line_1_8' title="bbox 416 1095 2064 1178; baseline -0.009 -18"><span class='ocrx_word' id='word_1_48' title='bbox 416 1103 812 1178; x_wconf 83' lang='lat' dir='ltr'>gratiﬁcantes</span> <span class='ocrx_word' id='word_1_49' title='bbox 842 1098 1003 1154; x_wconf 89' lang='lat' dir='ltr'>vobis</span> <span class='ocrx_word' id='word_1_50' title='bbox 1034 1095 1213 1161; x_wconf 88' lang='lat' dir='ltr'>ultro,</span> <span class='ocrx_word' id='word_1_51' title='bbox 1274 1110 1531 1160; x_wconf 89' lang='lat' dir='ltr'>oramus,</span> <span class='ocrx_word' id='word_1_52' title='bbox 1593 1096 1653 1147; x_wconf 85' lang='lat' dir='ltr'>ut</span> <span class='ocrx_word' id='word_1_53' title='bbox 1699 1108 1807 1163; x_wconf 86' lang='lat' dir='ltr'>pax</span> <span class='ocrx_word' id='word_1_54' title='bbox 1866 1096 2064 1146; x_wconf 84' lang='lat' dir='ltr'>nostra</span> 
     </span>
    </p>
   </div>
   <div class='ocr_carea' id='block_1_9' title="bbox 415 1179 2063 1261">
    <p class='ocr_par' dir='ltr' id='par_1_9' title="bbox 415 1179 2063 1261">
     <span class='ocr_line' id='line_1_9' title="bbox 415 1179 2063 1261; baseline -0.011 -11"><span class='ocrx_word' id='word_1_55' title='bbox 415 1193 611 1250; x_wconf 82' lang='lat' dir='ltr'>veniat</span> <span class='ocrx_word' id='word_1_56' title='bbox 640 1206 814 1261; x_wconf 90' lang='lat' dir='ltr'>super</span> <span class='ocrx_word' id='word_1_57' title='bbox 844 1204 966 1242; x_wconf 91' lang='lat' dir='ltr'>vos.</span> <span class='ocrx_word' id='word_1_58' title='bbox 1001 1184 1059 1240; x_wconf 89' lang='lat' dir='ltr'>Si</span> <span class='ocrx_word' id='word_1_59' title='bbox 1091 1200 1226 1255; x_wconf 86' lang='lat' dir='ltr'>ergo</span> <span class='ocrx_word' id='word_1_60' title='bbox 1260 1198 1388 1237; x_wconf 88' lang='lat' dir='ltr'>eam</span> <span class='ocrx_word' id='word_1_61' title='bbox 1423 1181 1636 1237; x_wconf 89' lang='lat' dir='ltr'>habere</span> <span class='ocrx_word' id='word_1_62' title='bbox 1666 1179 1866 1246; x_wconf 85' lang='lat' dir='ltr'>vultis,</span> <span class='ocrx_word' id='word_1_63' title='bbox 1899 1195 2063 1249; x_wconf 88' lang='lat' dir='ltr'>opor-</span> 
     </span>
    </p>
   </div>
   <div class='ocr_carea' id='block_1_10' title="bbox 415 1267 2059 1342">
    <p class='ocr_par' dir='ltr' id='par_1_10' title="bbox 415 1267 2059 1342">
     <span class='ocr_line' id='line_1_10' title="bbox 415 1267 2059 1342; baseline -0.011 -4"><span class='ocrx_word' id='word_1_64' title='bbox 415 1286 499 1339; x_wconf 89' lang='lat' dir='ltr'>tet</span> <span class='ocrx_word' id='word_1_65' title='bbox 527 1298 628 1335; x_wconf 85' lang='lat' dir='ltr'>vos</span> <span class='ocrx_word' id='word_1_66' title='bbox 660 1276 831 1332; x_wconf 87' lang='lat' dir='ltr'>alacri</span> <span class='ocrx_word' id='word_1_67' title='bbox 866 1274 1059 1330; x_wconf 87' lang='lat' dir='ltr'>animo</span> <span class='ocrx_word' id='word_1_68' title='bbox 1110 1272 1427 1342; x_wconf 81' lang='lat' dir='ltr'>suscipere,</span> <span class='ocrx_word' id='word_1_69' title='bbox 1487 1276 1549 1324; x_wconf 91' lang='lat' dir='ltr'>ut</span> <span class='ocrx_word' id='word_1_70' title='bbox 1606 1267 1885 1339; x_wconf 85' lang='lat' dir='ltr'>injuriam</span> <span class='ocrx_word' id='word_1_71' title='bbox 1946 1284 2059 1321; x_wconf 89' lang='lat' dir='ltr'>non</span> 
     </span>
    </p>
   </div>
   <div class='ocr_carea' id='block_1_11' title="bbox 421 1356 2059 1429">
    <p class='ocr_par' dir='ltr' id='par_1_11' title="bbox 421 1356 2059 1429">
     <span class='ocr_line' id='line_1_11' title="bbox 421 1356 2059 1429; baseline -0.011 -1"><span class='ocrx_word' id='word_1_72' title='bbox 421 1368 648 1428; x_wconf 81' lang='lat' dir='ltr'>faciatis</span> <span class='ocrx_word' id='word_1_73' title='bbox 679 1372 736 1423; x_wconf 91' lang='lat' dir='ltr'>et</span> <span class='ocrx_word' id='word_1_74' title='bbox 760 1365 926 1420; x_wconf 87' lang='lat' dir='ltr'>vobis</span> <span class='ocrx_word' id='word_1_75' title='bbox 957 1363 1168 1418; x_wconf 87' lang='lat' dir='ltr'>factam</span> <span class='ocrx_word' id='word_1_76' title='bbox 1215 1361 1412 1415; x_wconf 83' lang='lat' dir='ltr'>feratis</span> <span class='ocrx_word' id='word_1_77' title='bbox 1471 1358 1694 1414; x_wconf 82' lang='lat' dir='ltr'>fortiter</span> <span class='ocrx_word' id='word_1_78' title='bbox 1722 1374 1736 1413; x_wconf 87' lang='lat'><strong>:</strong></span> <span class='ocrx_word' id='word_1_79' title='bbox 1772 1357 1927 1429; x_wconf 82' lang='lat' dir='ltr'>quod</span> <span class='ocrx_word' id='word_1_80' title='bbox 1958 1356 2059 1411; x_wconf 90' lang='lat' dir='ltr'>bo-</span> 
     </span>
    </p>
   </div>
   <div class='ocr_carea' id='block_1_12' title="bbox 422 1445 2059 1518">
    <p class='ocr_par' dir='ltr' id='par_1_12' title="bbox 422 1445 2059 1518">
     <span class='ocr_line' id='line_1_12' title="bbox 422 1445 2059 1518; baseline -0.01 -3"><span class='ocrx_word' id='word_1_81' title='bbox 422 1459 598 1515; x_wconf 90' lang='lat' dir='ltr'>minis</span> <span class='ocrx_word' id='word_1_82' title='bbox 646 1460 855 1512; x_wconf 88' lang='lat' dir='ltr'>natura</span> <span class='ocrx_word' id='word_1_83' title='bbox 886 1469 999 1508; x_wconf 88' lang='lat' dir='ltr'>non</span> <span class='ocrx_word' id='word_1_84' title='bbox 1032 1449 1365 1518; x_wconf 88' lang='lat' dir='ltr'>sustinebit,</span> <span class='ocrx_word' id='word_1_85' title='bbox 1398 1446 1512 1502; x_wconf 90' lang='lat' dir='ltr'>nisi</span> <span class='ocrx_word' id='word_1_86' title='bbox 1555 1446 1717 1518; x_wconf 90' lang='lat' dir='ltr'>prius</span> <span class='ocrx_word' id='word_1_87' title='bbox 1749 1445 2059 1501; x_wconf 79' lang='lat' dir='ltr'>eminentis</span> 
     </span>
    </p>
   </div>
   <div class='ocr_carea' id='block_1_13' title="bbox 419 1538 2059 1615">
    <p class='ocr_par' dir='ltr' id='par_1_13' title="bbox 419 1538 2059 1615">
     <span class='ocr_line' id='line_1_13' title="bbox 419 1538 2059 1615; baseline -0.01 -11"><span class='ocrx_word' id='word_1_88' title='bbox 419 1547 556 1605; x_wconf 87' lang='lat' dir='ltr'>boni</span> <span class='ocrx_word' id='word_1_89' title='bbox 582 1543 866 1615; x_wconf 90' lang='lat' dir='ltr'>acceperit</span> <span class='ocrx_word' id='word_1_90' title='bbox 898 1540 1190 1606; x_wconf 85' lang='lat' dir='ltr'>notitiam,</span> <span class='ocrx_word' id='word_1_91' title='bbox 1224 1538 1283 1592; x_wconf 90' lang='lat' dir='ltr'>id</span> <span class='ocrx_word' id='word_1_92' title='bbox 1316 1541 1511 1592; x_wconf 86' lang='lat' dir='ltr'>autem</span> <span class='ocrx_word' id='word_1_93' title='bbox 1542 1540 1648 1606; x_wconf 88' lang='lat' dir='ltr'>est,</span> <span class='ocrx_word' id='word_1_94' title='bbox 1710 1549 2059 1607; x_wconf 84' lang='lat' dir='ltr'>cognoscere</span> 
     </span>
    </p>
   </div>
   <div class='ocr_carea' id='block_1_14' title="bbox 414 1623 2055 1710">
    <p class='ocr_par' dir='ltr' id='par_1_14' title="bbox 414 1623 2055 1710">
     <span class='ocr_line' id='line_1_14' title="bbox 414 1623 2055 1710; baseline -0.009 -18"><span class='ocrx_word' id='word_1_95' title='bbox 414 1640 642 1710; x_wconf 87' lang='lat' dir='ltr'>justam</span> <span class='ocrx_word' id='word_1_96' title='bbox 677 1637 803 1703; x_wconf 81' lang='lat' dir='ltr'>ejus</span> <span class='ocrx_word' id='word_1_97' title='bbox 835 1632 935 1702; x_wconf 88' lang='lat' dir='ltr'>qui</span> <span class='ocrx_word' id='word_1_98' title='bbox 967 1634 1177 1685; x_wconf 90' lang='lat' dir='ltr'>cuncta</span> <span class='ocrx_word' id='word_1_99' title='bbox 1206 1630 1517 1697; x_wconf 84' lang='lat' dir='ltr'>exsuperat</span> <span class='ocrx_word' id='word_1_100' title='bbox 1574 1629 1865 1690; x_wconf 90' lang='lat' dir='ltr'>naturam,</span> <span class='ocrx_word' id='word_1_101' title='bbox 1900 1623 2055 1694; x_wconf 91' lang='lat' dir='ltr'>quod</span> 
     </span>
    </p>
   </div>
   <div class='ocr_carea' id='block_1_15' title="bbox 422 1712 2046 1798">
    <p class='ocr_par' dir='ltr' id='par_1_15' title="bbox 422 1712 2046 1798">
     <span class='ocr_line' id='line_1_15' title="bbox 422 1712 2046 1798; baseline -0.009 -18"><span class='ocrx_word' id='word_1_102' title='bbox 422 1724 611 1798; x_wconf 81' lang='lat' dir='ltr'>punit,</span> <span class='ocrx_word' id='word_1_103' title='bbox 640 1728 704 1779; x_wconf 89' lang='lat' dir='ltr'>ut</span> <span class='ocrx_word' id='word_1_104' title='bbox 732 1720 949 1791; x_wconf 86' lang='lat' dir='ltr'>injuria</span> <span class='ocrx_word' id='word_1_105' title='bbox 978 1718 1212 1773; x_wconf 75' lang='lat' dir='ltr'>aﬁ‘ectos</span> <span class='ocrx_word' id='word_1_106' title='bbox 1263 1714 1598 1782; x_wconf 86' lang='lat' dir='ltr'>ulciscatur,</span> <span class='ocrx_word' id='word_1_107' title='bbox 1632 1718 1688 1768; x_wconf 92' lang='lat' dir='ltr'>et</span> <span class='ocrx_word' id='word_1_108' title='bbox 1718 1712 1845 1784; x_wconf 89' lang='lat' dir='ltr'>pios</span> <span class='ocrx_word' id='word_1_109' title='bbox 1874 1713 2046 1767; x_wconf 86' lang='lat' dir='ltr'>bene-</span> 
     </span>
    </p>
   </div>
   <div class='ocr_carea' id='block_1_16' title="bbox 424 1805 1347 1882">
    <p class='ocr_par' dir='ltr' id='par_1_16' title="bbox 424 1805 1347 1882">
     <span class='ocr_line' id='line_1_16' title="bbox 424 1805 1347 1882; baseline -0.013 -12"><span class='ocrx_word' id='word_1_110' title='bbox 424 1814 569 1870; x_wconf 84' lang='lat' dir='ltr'>ﬁciis</span> <span class='ocrx_word' id='word_1_111' title='bbox 600 1814 657 1866; x_wconf 91' lang='lat' dir='ltr'>in</span> <span class='ocrx_word' id='word_1_112' title='bbox 693 1810 1111 1882; x_wconf 85' lang='lat' dir='ltr'>sempiternum</span> <span class='ocrx_word' id='word_1_113' title='bbox 1146 1805 1347 1861; x_wconf 88' lang='lat' dir='ltr'>afﬁcit.</span> 
     </span>
    </p>
   </div>
   <div class='ocr_carea' id='block_1_17' title="bbox 492 1891 2057 1970">
    <p class='ocr_par' dir='ltr' id='par_1_17' title="bbox 492 1891 2057 1970">
     <span class='ocr_line' id='line_1_17' title="bbox 492 1891 2057 1970; baseline -0.008 -13"><span class='ocrx_word' id='word_1_114' title='bbox 492 1902 701 1957; x_wconf 81' lang='lat' dir='ltr'>XXXII.</span> <span class='ocrx_word' id='word_1_115' title='bbox 733 1898 849 1953; x_wconf 90' lang='lat' dir='ltr'>Vos</span> <span class='ocrx_word' id='word_1_116' title='bbox 902 1896 1101 1970; x_wconf 83' lang='lat' dir='ltr'>igitur.</span> <span class='ocrx_word' id='word_1_117' title='bbox 1135 1899 1199 1949; x_wconf 91' lang='lat' dir='ltr'>ut</span> <span class='ocrx_word' id='word_1_118' title='bbox 1229 1898 1427 1966; x_wconf 82' lang='lat' dir='ltr'>gratos</span> <span class='ocrx_word' id='word_1_119' title='bbox 1487 1892 1588 1947; x_wconf 91' lang='lat' dir='ltr'>Dei</span> <span class='ocrx_word' id='word_1_120' title='bbox 1639 1907 1837 1946; x_wconf 89' lang='lat' dir='ltr'>servos</span> <span class='ocrx_word' id='word_1_121' title='bbox 1870 1891 2057 1957; x_wconf 89' lang='lat' dir='ltr'>decet,</span> 
     </span>
    </p>
   </div>
   <div class='ocr_carea' id='block_1_18' title="bbox 422 1975 2060 2059">
    <p class='ocr_par' dir='ltr' id='par_1_18' title="bbox 422 1975 2060 2059">
     <span class='ocr_line' id='line_1_18' title="bbox 422 1975 2060 2059; baseline -0.009 -13"><span class='ocrx_word' id='word_1_122' title='bbox 422 2008 490 2046; x_wconf 85' lang='lat' dir='ltr'>ex</span> <span class='ocrx_word' id='word_1_123' title='bbox 516 1989 681 2045; x_wconf 89' lang='lat' dir='ltr'>vobis</span> <span class='ocrx_word' id='word_1_124' title='bbox 713 1987 866 2059; x_wconf 92' lang='lat' dir='ltr'>quod</span> <span class='ocrx_word' id='word_1_125' title='bbox 896 1984 1108 2041; x_wconf 86' lang='lat' dir='ltr'>rationi</span> <span class='ocrx_word' id='word_1_126' title='bbox 1130 1986 1584 2038; x_wconf 88' lang='lat' dir='ltr'>consentaneum</span> <span class='ocrx_word' id='word_1_127' title='bbox 1616 1975 2060 2050; x_wconf 75' lang='lat' dir='ltr'>estintelligen-</span> 
     </span>
    </p>
   </div>
   <div class='ocr_carea' id='block_1_19' title="bbox 421 2068 2058 2146">
    <p class='ocr_par' dir='ltr' id='par_1_19' title="bbox 421 2068 2058 2146">
     <span class='ocr_line' id='line_1_19' title="bbox 421 2068 2058 2146; baseline -0.008 -12"><span class='ocrx_word' id='word_1_128' title='bbox 421 2084 530 2143; x_wconf 80' lang='lat' dir='ltr'>tes,</span> <span class='ocrx_word' id='word_1_129' title='bbox 584 2078 761 2132; x_wconf 89' lang='lat' dir='ltr'>vitam</span> <span class='ocrx_word' id='word_1_130' title='bbox 822 2075 871 2129; x_wconf 89' lang='lat' dir='ltr'>ei</span> <span class='ocrx_word' id='word_1_131' title='bbox 929 2073 1251 2146; x_wconf 86' lang='lat' dir='ltr'>placentem</span> <span class='ocrx_word' id='word_1_132' title='bbox 1312 2068 1761 2142; x_wconf 86' lang='lat' dir='ltr'>amplectimini,</span> <span class='ocrx_word' id='word_1_133' title='bbox 1824 2071 1889 2122; x_wconf 90' lang='lat' dir='ltr'>ut</span> <span class='ocrx_word' id='word_1_134' title='bbox 1953 2068 2058 2133; x_wconf 91' lang='lat' dir='ltr'>sic,</span> 
     </span>
    </p>
   </div>
   <div class='ocr_carea' id='block_1_20' title="bbox 422 2158 2059 2229">
    <p class='ocr_par' dir='ltr' id='par_1_20' title="bbox 422 2158 2059 2229">
     <span class='ocr_line' id='line_1_20' title="bbox 422 2158 2059 2229; baseline -0.008 -6"><span class='ocrx_word' id='word_1_135' title='bbox 422 2172 683 2224; x_wconf 89' lang='lat' dir='ltr'>amantes</span> <span class='ocrx_word' id='word_1_136' title='bbox 714 2182 846 2221; x_wconf 91' lang='lat' dir='ltr'>eum</span> <span class='ocrx_word' id='word_1_137' title='bbox 879 2167 935 2217; x_wconf 87' lang='lat' dir='ltr'>et</span> <span class='ocrx_word' id='word_1_138' title='bbox 965 2163 1036 2217; x_wconf 90' lang='lat' dir='ltr'>ab</span> <span class='ocrx_word' id='word_1_139' title='bbox 1066 2178 1131 2216; x_wconf 91' lang='lat' dir='ltr'>eo</span> <span class='ocrx_word' id='word_1_140' title='bbox 1160 2158 1360 2225; x_wconf 86' lang='lat' dir='ltr'>amati,</span> <span class='ocrx_word' id='word_1_141' title='bbox 1384 2160 1535 2229; x_wconf 91' lang='lat' dir='ltr'>quod</span> <span class='ocrx_word' id='word_1_142' title='bbox 1567 2159 1785 2213; x_wconf 89' lang='lat' dir='ltr'>bonum</span> <span class='ocrx_word' id='word_1_143' title='bbox 1815 2160 1905 2211; x_wconf 90' lang='lat' dir='ltr'>est</span> <span class='ocrx_word' id='word_1_144' title='bbox 1928 2173 2059 2227; x_wconf 88' lang='lat' dir='ltr'>pos-</span> 
     </span>
    </p>
   </div>
   <div class='ocr_carea' id='block_1_21' title="bbox 422 2245 2060 2326">
    <p class='ocr_par' dir='ltr' id='par_1_21' title="bbox 422 2245 2060 2326">
     <span class='ocr_line' id='line_1_21' title="bbox 422 2245 2060 2326; baseline -0.007 -14"><span class='ocrx_word' id='word_1_145' title='bbox 422 2256 659 2312; x_wconf 84' lang='lat' dir='ltr'>sideatis</span> <span class='ocrx_word' id='word_1_146' title='bbox 686 2257 981 2326; x_wconf 90' lang='lat' dir='ltr'>perpetuo.</span> <span class='ocrx_word' id='word_1_147' title='bbox 1044 2249 1192 2304; x_wconf 85' lang='lat' dir='ltr'>Illud</span> <span class='ocrx_word' id='word_1_148' title='bbox 1226 2248 1382 2303; x_wconf 90' lang='lat' dir='ltr'>enim</span> <span class='ocrx_word' id='word_1_149' title='bbox 1433 2248 1557 2318; x_wconf 88' lang='lat' dir='ltr'>ipse</span> <span class='ocrx_word' id='word_1_150' title='bbox 1608 2245 1769 2301; x_wconf 89' lang='lat' dir='ltr'>solus</span> <span class='ocrx_word' id='word_1_151' title='bbox 1811 2245 2060 2300; x_wconf 84' lang='lat' dir='ltr'>maxime</span> 
     </span>
    </p>
   </div>
   <div class='ocr_carea' id='block_1_22' title="bbox 424 2333 2061 2417">
    <p class='ocr_par' dir='ltr' id='par_1_22' title="bbox 424 2333 2061 2417">
     <span class='ocr_line' id='line_1_22' title="bbox 424 2333 2061 2417; baseline -0.005 -20"><span class='ocrx_word' id='word_1_152' title='bbox 424 2348 615 2417; x_wconf 78' lang='lat' dir='ltr'>potest</span> <span class='ocrx_word' id='word_1_153' title='bbox 644 2339 1045 2415; x_wconf 72' lang='lat' dir='ltr'>praestare,qui</span> <span class='ocrx_word' id='word_1_154' title='bbox 1081 2355 1190 2393; x_wconf 88' lang='lat' dir='ltr'>non</span> <span class='ocrx_word' id='word_1_155' title='bbox 1206 2336 1542 2392; x_wconf 86' lang='lat' dir='ltr'>exsistentia</span> <span class='ocrx_word' id='word_1_156' title='bbox 1563 2335 1634 2389; x_wconf 89' lang='lat' dir='ltr'>ad</span> <span class='ocrx_word' id='word_1_157' title='bbox 1657 2333 2061 2389; x_wconf 83' lang='lat' dir='ltr'>exsistentiam</span> 
     </span>
    </p>
   </div>
   <div class='ocr_carea' id='block_1_23' title="bbox 422 2424 2063 2501">
    <p class='ocr_par' dir='ltr' id='par_1_23' title="bbox 422 2424 2063 2501">
     <span class='ocr_line' id='line_1_23' title="bbox 422 2424 2063 2501; baseline -0.007 -12"><span class='ocrx_word' id='word_1_158' title='bbox 422 2434 681 2501; x_wconf 84' lang='lat' dir='ltr'>adduxit,</span> <span class='ocrx_word' id='word_1_159' title='bbox 734 2430 943 2486; x_wconf 77' lang='lat' dir='ltr'>coelum</span> <span class='ocrx_word' id='word_1_160' title='bbox 1007 2426 1243 2493; x_wconf 87' lang='lat' dir='ltr'>creavit,</span> <span class='ocrx_word' id='word_1_161' title='bbox 1298 2430 1513 2480; x_wconf 88' lang='lat' dir='ltr'>terram</span> <span class='ocrx_word' id='word_1_162' title='bbox 1564 2424 1855 2495; x_wconf 86' lang='lat' dir='ltr'>conpegit,</span> <span class='ocrx_word' id='word_1_163' title='bbox 1901 2439 2063 2478; x_wconf 91' lang='lat' dir='ltr'>mare</span> 
     </span>
    </p>
   </div>
   <div class='ocr_carea' id='block_1_24' title="bbox 422 2512 2065 2592">
    <p class='ocr_par' dir='ltr' id='par_1_24' title="bbox 422 2512 2065 2592">
     <span class='ocr_line' id='line_1_24' title="bbox 422 2512 2065 2592; baseline -0.007 -14"><span class='ocrx_word' id='word_1_164' title='bbox 422 2521 726 2587; x_wconf 88' lang='lat' dir='ltr'>conclusit,</span> <span class='ocrx_word' id='word_1_165' title='bbox 751 2537 877 2592; x_wconf 68' lang='lat' dir='ltr'>quae</span> <span class='ocrx_word' id='word_1_166' title='bbox 909 2518 967 2572; x_wconf 91' lang='lat' dir='ltr'>in</span> <span class='ocrx_word' id='word_1_167' title='bbox 991 2516 1192 2572; x_wconf 82' lang='lat' dir='ltr'>inferis</span> <span class='ocrx_word' id='word_1_168' title='bbox 1224 2518 1363 2571; x_wconf 86' lang='lat' dir='ltr'>sunt</span> <span class='ocrx_word' id='word_1_169' title='bbox 1386 2512 2065 2582; x_wconf 86' lang='lat' dir='ltr'>recondidit,cunctaque</span> 
     </span>
    </p>
   </div>
   <div class='ocr_carea' id='block_1_25' title="bbox 421 2611 843 2683">
    <p class='ocr_par' dir='ltr' id='par_1_25' title="bbox 421 2611 843 2683">
     <span class='ocr_line' id='line_1_25' title="bbox 421 2611 843 2683; baseline -0.009 -16"><span class='ocrx_word' id='word_1_170' title='bbox 421 2611 663 2683; x_wconf 86' lang='lat' dir='ltr'>replevit</span> <span class='ocrx_word' id='word_1_171' title='bbox 694 2624 843 2665; x_wconf 89' lang='lat' dir='ltr'>aere.</span> 
     </span>
    </p>
   </div>
   <div class='ocr_carea' id='block_1_26' title="bbox 491 2689 2060 2763">
    <p class='ocr_par' dir='ltr' id='par_1_26' title="bbox 491 2689 2060 2763">
     <span class='ocr_line' id='line_1_26' title="bbox 491 2689 2060 2763; baseline -0.007 -10"><span class='ocrx_word' id='word_1_172' title='bbox 491 2699 751 2753; x_wconf 86' lang='lat' dir='ltr'>XXXIII.</span> <span class='ocrx_word' id='word_1_173' title='bbox 782 2696 884 2751; x_wconf 86' lang='lat' dir='ltr'>Hic</span> <span class='ocrx_word' id='word_1_174' title='bbox 916 2694 1076 2750; x_wconf 89' lang='lat' dir='ltr'>solus</span> <span class='ocrx_word' id='word_1_175' title='bbox 1109 2708 1286 2748; x_wconf 88' lang='lat' dir='ltr'>unam</span> <span class='ocrx_word' id='word_1_176' title='bbox 1319 2708 1383 2747; x_wconf 93' lang='lat' dir='ltr'>ac</span> <span class='ocrx_word' id='word_1_177' title='bbox 1414 2690 1668 2763; x_wconf 87' lang='lat' dir='ltr'>primam</span> <span class='ocrx_word' id='word_1_178' title='bbox 1702 2689 2060 2761; x_wconf 89' lang='lat' dir='ltr'>simplicem-</span> 
     </span>
    </p>
   </div>
   <div class='ocr_carea' id='block_1_27' title="bbox 420 2778 2066 2862">
    <p class='ocr_par' dir='ltr' id='par_1_27' title="bbox 420 2778 2066 2862">
     <span class='ocr_line' id='line_1_27' title="bbox 420 2778 2066 2862; baseline -0.009 -16"><span class='ocrx_word' id='word_1_179' title='bbox 420 2806 534 2862; x_wconf 89' lang='lat' dir='ltr'>que</span> <span class='ocrx_word' id='word_1_180' title='bbox 563 2784 958 2845; x_wconf 86' lang='lat' dir='ltr'>substantiam</span> <span class='ocrx_word' id='word_1_181' title='bbox 990 2781 1449 2853; x_wconf 89' lang='lat' dir='ltr'>quadrupliciter</span> <span class='ocrx_word' id='word_1_182' title='bbox 1496 2784 1554 2834; x_wconf 93' lang='lat' dir='ltr'>et</span> <span class='ocrx_word' id='word_1_183' title='bbox 1602 2778 1893 2834; x_wconf 89' lang='lat' dir='ltr'>contrarie</span> <span class='ocrx_word' id='word_1_184' title='bbox 1934 2794 2066 2833; x_wconf 85' lang='lat' dir='ltr'>con-</span> 
     </span>
    </p>
   </div>
   <div class='ocr_carea' id='block_1_28' title="bbox 424 2865 2066 2939">
    <p class='ocr_par' dir='ltr' id='par_1_28' title="bbox 424 2865 2066 2939">
     <span class='ocr_line' id='line_1_28' title="bbox 424 2865 2066 2939; baseline -0.006 -9"><span class='ocrx_word' id='word_1_185' title='bbox 424 2879 593 2934; x_wconf 78' lang='lat' dir='ltr'>vertit</span> <span class='ocrx_word' id='word_1_186' title='bbox 624 2894 637 2932; x_wconf 91' lang='lat'><strong>:</strong></span> <span class='ocrx_word' id='word_1_187' title='bbox 672 2893 739 2932; x_wconf 93' lang='lat' dir='ltr'>ac</span> <span class='ocrx_word' id='word_1_188' title='bbox 771 2873 980 2929; x_wconf 90' lang='lat' dir='ltr'>deinde</span> <span class='ocrx_word' id='word_1_189' title='bbox 1011 2871 1401 2927; x_wconf 87' lang='lat' dir='ltr'>commiscens</span> <span class='ocrx_word' id='word_1_190' title='bbox 1428 2868 1587 2923; x_wconf 91' lang='lat' dir='ltr'>mille</span> <span class='ocrx_word' id='word_1_191' title='bbox 1627 2868 1762 2923; x_wconf 88' lang='lat' dir='ltr'>inde</span> <span class='ocrx_word' id='word_1_192' title='bbox 1793 2865 2066 2939; x_wconf 84' lang='lat' dir='ltr'>produxit</span> 
     </span>
    </p>
   </div>
   <div class='ocr_carea' id='block_1_29' title="bbox 431 2960 2065 3036">
    <p class='ocr_par' dir='ltr' id='par_1_29' title="bbox 431 2960 2065 3036">
     <span class='ocr_line' id='line_1_29' title="bbox 431 2960 2065 3036; baseline -0.007 -14"><span class='ocrx_word' id='word_1_193' title='bbox 431 2967 622 3036; x_wconf 88' lang='lat' dir='ltr'>mista,</span> <span class='ocrx_word' id='word_1_194' title='bbox 656 2981 771 3035; x_wconf 88' lang='lat' dir='ltr'>quo</span> <span class='ocrx_word' id='word_1_195' title='bbox 821 2960 1141 3018; x_wconf 85' lang='lat' dir='ltr'>contrarias</span> <span class='ocrx_word' id='word_1_196' title='bbox 1174 2960 1230 3013; x_wconf 89' lang='lat' dir='ltr'>in</span> <span class='ocrx_word' id='word_1_197' title='bbox 1289 2964 1528 3013; x_wconf 88' lang='lat' dir='ltr'>naturas</span> <span class='ocrx_word' id='word_1_198' title='bbox 1574 2961 1807 3011; x_wconf 73' lang='lat' dir='ltr'>mutatae</span> <span class='ocrx_word' id='word_1_199' title='bbox 1840 2972 1904 3012; x_wconf 90' lang='lat' dir='ltr'>ac</span> <span class='ocrx_word' id='word_1_200' title='bbox 1936 2971 2065 3028; x_wconf 91' lang='lat' dir='ltr'>per-</span> 
     </span>
    </p>
   </div>
   <div class='ocr_carea' id='block_1_30' title="bbox 430 3045 2064 3121">
    <p class='ocr_par' dir='ltr' id='par_1_30' title="bbox 430 3045 2064 3121">
     <span class='ocr_line' id='line_1_30' title="bbox 430 3045 2064 3121; baseline -0.008 -8"><span class='ocrx_word' id='word_1_201' title='bbox 430 3058 617 3113; x_wconf 73' lang='lat' dir='ltr'>mistae</span> <span class='ocrx_word' id='word_1_202' title='bbox 646 3071 739 3110; x_wconf 90' lang='lat' dir='ltr'>res</span> <span class='ocrx_word' id='word_1_203' title='bbox 770 3052 894 3107; x_wconf 59' lang='lat' dir='ltr'>vita</span> <span class='ocrx_word' id='word_1_204' title='bbox 918 3050 1274 3121; x_wconf 90' lang='lat' dir='ltr'>voluptatem</span> <span class='ocrx_word' id='word_1_205' title='bbox 1306 3064 1407 3118; x_wconf 85' lang='lat' dir='ltr'>per</span> <span class='ocrx_word' id='word_1_206' title='bbox 1458 3045 1884 3118; x_wconf 88' lang='lat' dir='ltr'>oppositionem</span> <span class='ocrx_word' id='word_1_207' title='bbox 1934 3062 2064 3117; x_wconf 63' lang='lat' dir='ltr'>pro~</span> 
     </span>
    </p>
   </div>
   <div class='ocr_carea' id='block_1_31' title="bbox 429 3133 2068 3213">
    <p class='ocr_par' dir='ltr' id='par_1_31' title="bbox 429 3133 2068 3213">
     <span class='ocr_line' id='line_1_31' title="bbox 429 3133 2068 3213; baseline -0.009 -11"><span class='ocrx_word' id='word_1_208' title='bbox 429 3147 717 3201; x_wconf 83' lang='lat' dir='ltr'>curarent.</span> <span class='ocrx_word' id='word_1_209' title='bbox 750 3142 881 3213; x_wconf 91' lang='lat' dir='ltr'>Ipse</span> <span class='ocrx_word' id='word_1_210' title='bbox 910 3138 1082 3195; x_wconf 90' lang='lat' dir='ltr'>etiam</span> <span class='ocrx_word' id='word_1_211' title='bbox 1133 3136 1294 3193; x_wconf 89' lang='lat' dir='ltr'>solus</span> <span class='ocrx_word' id='word_1_212' title='bbox 1345 3135 1588 3207; x_wconf 87' lang='lat' dir='ltr'>populos</span> <span class='ocrx_word' id='word_1_213' title='bbox 1636 3133 1977 3206; x_wconf 88' lang='lat' dir='ltr'>angelorum</span> <span class='ocrx_word' id='word_1_214' title='bbox 2011 3138 2068 3189; x_wconf 87' lang='lat' dir='ltr'>et</span> 
     </span>
    </p>
   </div>
   <div class='ocr_carea' id='block_1_32' title="bbox 1175 335 2993 403">
    <p class='ocr_par' dir='ltr' id='par_1_32' title="bbox 1175 335 2993 403">
     <span class='ocr_line' id='line_1_32' title="bbox 1175 335 2993 403; baseline -0.003 0"><span class='ocrx_word' id='word_1_215' title='bbox 1175 400 1178 403; x_wconf 79' lang='lat'>.</span> <span class='ocrx_word' id='word_1_216' title='bbox 1241 342 1305 400; x_wconf 88' lang='lat' dir='ltr'>S.</span> <span class='ocrx_word' id='word_1_217' title='bbox 1353 338 1793 401; x_wconf 80' lang='lat' dir='ltr'>CLEMENTIS</span> <span class='ocrx_word' id='word_1_218' title='bbox 1837 339 1861 398; x_wconf 95' lang='grc' dir='ltr'>Ι</span> <span class='ocrx_word' id='word_1_219' title='bbox 1908 335 2097 399; x_wconf 79' lang='lat' dir='ltr'>BOM.</span> <span class='ocrx_word' id='word_1_220' title='bbox 2146 338 2381 399; x_wconf 88' lang='lat' dir='ltr'>PONT.</span> <span class='ocrx_word' id='word_1_221' title='bbox 2428 340 2685 400; x_wconf 79' lang='lat' dir='ltr'>OPERA</span> <span class='ocrx_word' id='word_1_222' title='bbox 2732 340 2993 402; x_wconf 87' lang='lat' dir='ltr'>DUBIA.</span> 
     </span>
    </p>
   </div>
   <div class='ocr_carea' id='block_1_33' title="bbox 485 468 2062 547">
    <p class='ocr_par' dir='ltr' id='par_1_33' title="bbox 485 470 2061 536">
     <span class='ocr_line' id='line_1_33' title="bbox 485 470 2061 536; baseline -0.008 -1"><span class='ocrx_word' id='word_1_223' title='bbox 485 479 670 536; x_wconf 85' lang='lat' dir='ltr'>XXXI.</span> <span class='ocrx_word' id='word_1_224' title='bbox 705 480 776 531; x_wconf 87' lang='lat' dir='ltr'>Ac</span> <span class='ocrx_word' id='word_1_225' title='bbox 806 491 937 531; x_wconf 88' lang='lat' dir='ltr'>vere</span> <span class='ocrx_word' id='word_1_226' title='bbox 989 473 1242 528; x_wconf 90' lang='lat' dir='ltr'>dicimus</span> <span class='ocrx_word' id='word_1_227' title='bbox 1298 473 1463 527; x_wconf 88' lang='lat' dir='ltr'>vobis</span> <span class='ocrx_word' id='word_1_228' title='bbox 1498 487 1510 526; x_wconf 87' lang='lat'><strong>:</strong></span> <span class='ocrx_word' id='word_1_229' title='bbox 1545 470 1908 526; x_wconf 86' lang='lat' dir='ltr'>tolerabilius</span> <span class='ocrx_word' id='word_1_230' title='bbox 1952 471 2061 523; x_wconf 87' lang='lat' dir='ltr'>erit</span> 
     </span>
    </p>
   </div>
   <div class='ocr_carea' id='block_1_34' title="bbox 2178 468 3381 547">
    <p class='ocr_par' dir='ltr' id='par_1_34' title="bbox 2241 468 3381 547">
     <span class='ocr_line' id='line_1_34' title="bbox 2241 468 3381 547; baseline 0.006 -26"><span class='ocrx_word' id='word_1_231' title='bbox 2241 473 2404 524; x_wconf 87' lang='lat' dir='ltr'>XXX.</span> <span class='ocrx_word' id='word_1_232' title='bbox 2455 472 2556 525; x_wconf 86' lang='lat' dir='ltr'>Kui</span> <span class='ocrx_word' id='word_1_233' title='bbox 2634 468 2855 540; x_wconf 80' lang='grc' dir='ltr'>ἀληθῶς</span> <span class='ocrx_word' id='word_1_234' title='bbox 2922 471 3047 544; x_wconf 84' lang='grc' dir='ltr'>ὑμῖν</span> <span class='ocrx_word' id='word_1_235' title='bbox 3130 470 3381 547; x_wconf 81' lang='grc' dir='ltr'>λέγομεν·</span> 
     </span>
    </p>
   </div>
   <div class='ocr_carea' id='block_1_35' title="bbox 2088 1838 2136 1903">
    <p class='ocr_par' dir='ltr' id='par_1_35' title="bbox 2088 1838 2136 1903">
     <span class='ocr_line' id='line_1_35' title="bbox 2088 1838 2136 1903; baseline 0 0"><span class='ocrx_word' id='word_1_236' title='bbox 2088 1838 2136 1903; x_wconf 90' lang='grc' dir='ltr'>Β</span> 
     </span>
    </p>
   </div>
   <div class='ocr_carea' id='block_1_36' title="bbox 3470 473 3843 551">
    <p class='ocr_par' dir='ltr' id='par_1_36' title="bbox 3470 473 3843 551">
     <span class='ocr_line' id='line_1_36' title="bbox 3470 473 3843 551; baseline 0.003 -24"><span class='ocrx_word' id='word_1_237' title='bbox 3470 473 3843 551; x_wconf 78' lang='grc' dir='ltr'>ἀνεκτότερον</span> 
     </span>
    </p>
   </div>
   <div class='ocr_carea' id='block_1_37' title="bbox 2174 552 3831 638">
    <p class='ocr_par' dir='ltr' id='par_1_37' title="bbox 2174 552 3831 638">
     <span class='ocr_line' id='line_1_37' title="bbox 2174 552 3831 638; baseline 0.007 -29"><span class='ocrx_word' id='word_1_238' title='bbox 2174 552 2320 611; x_wconf 81' lang='grc' dir='ltr'>ἔσται</span> <span class='ocrx_word' id='word_1_239' title='bbox 2348 557 2422 632; x_wconf 77' lang='grc' dir='ltr'>γῇ</span> <span class='ocrx_word' id='word_1_240' title='bbox 2454 560 2497 595; x_wconf 81' lang='grc'><strong>⁶⁶</strong></span> <span class='ocrx_word' id='word_1_241' title='bbox 2525 556 2787 631; x_wconf 82' lang='grc' dir='ltr'>Σοδόμων</span> <span class='ocrx_word' id='word_1_242' title='bbox 2815 560 2903 615; x_wconf 81' lang='grc' dir='ltr'>καὶ</span> <span class='ocrx_word' id='word_1_243' title='bbox 2934 559 3216 637; x_wconf 71' lang='grc' dir='ltr'>Γομόρῥας</span> <span class='ocrx_word' id='word_1_244' title='bbox 3250 562 3301 617; x_wconf 84' lang='grc' dir='ltr'>έν</span> <span class='ocrx_word' id='word_1_245' title='bbox 3333 562 3515 638; x_wconf 75' lang='grc' dir='ltr'>ἡμέρᾳ</span> <span class='ocrx_word' id='word_1_246' title='bbox 3561 564 3831 638; x_wconf 82' lang='grc' dir='ltr'>κρίσεως,</span> 
     </span>
    </p>
   </div>
   <div class='ocr_carea' id='block_1_38' title="bbox 2171 643 3833 726">
    <p class='ocr_par' dir='ltr' id='par_1_38' title="bbox 2171 643 3833 726">
     <span class='ocr_line' id='line_1_38' title="bbox 2171 643 3833 726; baseline 0.004 -28"><span class='ocrx_word' id='word_1_247' title='bbox 2171 643 2315 717; x_wconf 72' lang='grc' dir='ltr'>ἢτῷ</span> <span class='ocrx_word' id='word_1_248' title='bbox 2344 653 2443 715; x_wconf 81' lang='grc' dir='ltr'>τῆς</span> <span class='ocrx_word' id='word_1_249' title='bbox 2502 646 2772 710; x_wconf 77' lang='grc' dir='ltr'>ἀπειθείας</span> <span class='ocrx_word' id='word_1_250' title='bbox 2830 648 2985 722; x_wconf 84' lang='grc' dir='ltr'>τόπῳ</span> <span class='ocrx_word' id='word_1_251' title='bbox 3045 647 3383 706; x_wconf 82' lang='grc' dir='ltr'>ἐνδιατελεῖν’</span> <span class='ocrx_word' id='word_1_252' title='bbox 3430 656 3643 726; x_wconf 89' lang='grc' dir='ltr'>πρῶτον</span> <span class='ocrx_word' id='word_1_253' title='bbox 3702 654 3833 726; x_wconf 77' lang='grc' dir='ltr'>μὲν,</span> 
     </span>
    </p>
   </div>
   <div class='ocr_carea' id='block_1_39' title="bbox 2172 731 3827 817">
    <p class='ocr_par' dir='ltr' id='par_1_39' title="bbox 2172 731 3827 817">
     <span class='ocr_line' id='line_1_39' title="bbox 2172 731 3827 817; baseline 0.006 -31"><span class='ocrx_word' id='word_1_254' title='bbox 2172 731 2253 787; x_wconf 84' lang='grc' dir='ltr'>ὅτι</span> <span class='ocrx_word' id='word_1_255' title='bbox 2284 734 2347 788; x_wconf 80' lang='grc' dir='ltr'>τὸ</span> <span class='ocrx_word' id='word_1_256' title='bbox 2379 732 2602 811; x_wconf 69' lang='grc' dir='ltr'>εὔλογον</span> <span class='ocrx_word' id='word_1_257' title='bbox 2636 736 2725 815; x_wconf 78' lang='grc' dir='ltr'>ἀφ’</span> <span class='ocrx_word' id='word_1_258' title='bbox 2755 737 2956 792; x_wconf 80' lang='grc' dir='ltr'>ἒαυτῶν</span> <span class='ocrx_word' id='word_1_259' title='bbox 2985 741 3100 810; x_wconf 87' lang='grc'>(66)</span> <span class='ocrx_word' id='word_1_260' title='bbox 3122 738 3220 794; x_wconf 79' lang='grc' dir='ltr'>οὐκ</span> <span class='ocrx_word' id='word_1_261' title='bbox 3249 738 3525 811; x_wconf 74' lang='grc' dir='ltr'>ἐνοήσατε·</span> <span class='ocrx_word' id='word_1_262' title='bbox 3544 738 3827 817; x_wconf 67' lang='grc' dir='ltr'>δεύτερον,</span> 
     </span>
    </p>
   </div>
   <div class='ocr_carea' id='block_1_40' title="bbox 2173 822 3825 905">
    <p class='ocr_par' dir='ltr' id='par_1_40' title="bbox 2173 822 3825 905">
     <span class='ocr_line' id='line_1_40' title="bbox 2173 822 3825 905; baseline 0.004 -27"><span class='ocrx_word' id='word_1_263' title='bbox 2173 822 2276 894; x_wconf 75' lang='grc' dir='ltr'>ὅτι,</span> <span class='ocrx_word' id='word_1_264' title='bbox 2309 822 2627 887; x_wconf 83' lang='grc' dir='ltr'>ἀκούσαντες</span> <span class='ocrx_word' id='word_1_265' title='bbox 2656 827 2722 879; x_wconf 86' lang='grc' dir='ltr'>τὰ</span> <span class='ocrx_word' id='word_1_266' title='bbox 2753 828 2867 880; x_wconf 84' lang='grc' dir='ltr'>καθ’</span> <span class='ocrx_word' id='word_1_267' title='bbox 2897 828 3045 899; x_wconf 75' lang='grc' dir='ltr'>ἡμᾶς</span> <span class='ocrx_word' id='word_1_268' title='bbox 3079 826 3177 882; x_wconf 74' lang='grc' dir='ltr'>οὐκ</span> <span class='ocrx_word' id='word_1_269' title='bbox 3205 826 3403 897; x_wconf 76' lang='grc' dir='ltr'>ἤλθετε</span> <span class='ocrx_word' id='word_1_270' title='bbox 3450 830 3585 905; x_wconf 84' lang='grc' dir='ltr'>πρὸς</span> <span class='ocrx_word' id='word_1_271' title='bbox 3641 832 3825 902; x_wconf 72' lang='grc' dir='ltr'>ἡμᾶς’</span> 
     </span>
    </p>
   </div>
   <div class='ocr_carea' id='block_1_41' title="bbox 2173 912 3830 997">
    <p class='ocr_par' dir='ltr' id='par_1_41' title="bbox 2173 912 3830 997">
     <span class='ocr_line' id='line_1_41' title="bbox 2173 912 3830 997; baseline 0.004 -30"><span class='ocrx_word' id='word_1_272' title='bbox 2173 913 2375 988; x_wconf 83' lang='grc' dir='ltr'>τρίτον,</span> <span class='ocrx_word' id='word_1_273' title='bbox 2408 912 2491 968; x_wconf 77' lang='grc' dir='ltr'>ὅτι</span> <span class='ocrx_word' id='word_1_274' title='bbox 2520 914 2608 969; x_wconf 89' lang='lat' dir='ltr'>xui</span> <span class='ocrx_word' id='word_1_275' title='bbox 2638 913 2881 970; x_wconf 70' lang='grc' dir='ltr'>ἐλθοῦσιν</span> <span class='ocrx_word' id='word_1_276' title='bbox 2932 918 3068 988; x_wconf 71' lang='grc' dir='ltr'>ἡμῖν</span> <span class='ocrx_word' id='word_1_277' title='bbox 3118 918 3465 988; x_wconf 75' lang='grc' dir='ltr'>ἠπειθήσατε.</span> <span class='ocrx_word' id='word_1_278' title='bbox 3500 920 3597 974; x_wconf 85' lang='grc' dir='ltr'>Διὸ</span> <span class='ocrx_word' id='word_1_279' title='bbox 3623 923 3666 957; x_wconf 80' lang='grc'>⁵⁷</span> <span class='ocrx_word' id='word_1_280' title='bbox 3697 942 3830 997; x_wconf 77' lang='grc' dir='ltr'>φει-</span> 
     </span>
    </p>
   </div>
   <div class='ocr_carea' id='block_1_42' title="bbox 2174 998 3826 1083">
    <p class='ocr_par' dir='ltr' id='par_1_42' title="bbox 2174 998 3826 1083">
     <span class='ocr_line' id='line_1_42' title="bbox 2174 998 3826 1083; baseline 0.005 -28"><span class='ocrx_word' id='word_1_281' title='bbox 2174 998 2393 1074; x_wconf 87' lang='grc' dir='ltr'>δόμενοι</span> <span class='ocrx_word' id='word_1_282' title='bbox 2430 1003 2582 1076; x_wconf 86' lang='grc' dir='ltr'>ὑμῶν</span> <span class='ocrx_word' id='word_1_283' title='bbox 2610 1010 2812 1079; x_wconf 89' lang='grc' dir='ltr'>προῖκα</span> <span class='ocrx_word' id='word_1_284' title='bbox 2860 1004 3134 1080; x_wconf 81' lang='grc' dir='ltr'>εὐχόμεθα</span> <span class='ocrx_word' id='word_1_285' title='bbox 3161 1009 3204 1043; x_wconf 77' lang='grc'>⁵⁸</span> <span class='ocrx_word' id='word_1_286' title='bbox 3233 1008 3330 1075; x_wconf 77' lang='grc' dir='ltr'>τήν</span> <span class='ocrx_word' id='word_1_287' title='bbox 3384 1007 3599 1083; x_wconf 75' lang='grc' dir='ltr'>εἰρήνην</span> <span class='ocrx_word' id='word_1_288' title='bbox 3653 1010 3826 1082; x_wconf 79' lang='grc' dir='ltr'>ἡμῶν</span> 
     </span>
    </p>
   </div>
   <div class='ocr_carea' id='block_1_43' title="bbox 2170 1088 3835 1171">
    <p class='ocr_par' dir='ltr' id='par_1_43' title="bbox 2170 1088 3835 1171">
     <span class='ocr_line' id='line_1_43' title="bbox 2170 1088 3835 1171; baseline 0.006 -28"><span class='ocrx_word' id='word_1_289' title='bbox 2170 1088 2343 1144; x_wconf 80' lang='grc' dir='ltr'>ἐλθεῖν</span> <span class='ocrx_word' id='word_1_290' title='bbox 2402 1090 2482 1168; x_wconf 77' lang='grc' dir='ltr'>ἐφ’</span> <span class='ocrx_word' id='word_1_291' title='bbox 2524 1092 2683 1165; x_wconf 78' lang='grc' dir='ltr'>ὑμᾶς.</span> <span class='ocrx_word' id='word_1_292' title='bbox 2740 1093 2802 1147; x_wconf 79' lang='lat' dir='ltr'>Ei</span> <span class='ocrx_word' id='word_1_293' title='bbox 2862 1091 2951 1149; x_wconf 76' lang='grc' dir='ltr'>οὖν</span> <span class='ocrx_word' id='word_1_294' title='bbox 3009 1096 3209 1166; x_wconf 77' lang='grc' dir='ltr'>ταύτην</span> <span class='ocrx_word' id='word_1_295' title='bbox 3269 1093 3415 1171; x_wconf 79' lang='grc' dir='ltr'>ἔχειν</span> <span class='ocrx_word' id='word_1_296' title='bbox 3485 1096 3682 1168; x_wconf 83' lang='grc' dir='ltr'>θέλετε,</span> <span class='ocrx_word' id='word_1_297' title='bbox 3741 1096 3835 1153; x_wconf 85' lang='grc' dir='ltr'>δεῖ</span> 
     </span>
    </p>
   </div>
   <div class='ocr_carea' id='block_1_44' title="bbox 2173 1178 3830 1256">
    <p class='ocr_par' dir='ltr' id='par_1_44' title="bbox 2173 1178 3830 1256">
     <span class='ocr_line' id='line_1_44' title="bbox 2173 1178 3830 1256; baseline 0.006 -24"><span class='ocrx_word' id='word_1_298' title='bbox 2173 1178 2311 1252; x_wconf 82' lang='grc' dir='ltr'>ὑμᾶς</span> <span class='ocrx_word' id='word_1_299' title='bbox 2353 1179 2648 1254; x_wconf 75' lang='grc' dir='ltr'>προθύμως</span> <span class='ocrx_word' id='word_1_300' title='bbox 2693 1182 2783 1242; x_wconf 71' lang='grc' dir='ltr'>τὸῗ</span> <span class='ocrx_word' id='word_1_301' title='bbox 2810 1184 2883 1255; x_wconf 79' lang='grc' dir='ltr'>μή</span> <span class='ocrx_word' id='word_1_302' title='bbox 2946 1179 3148 1238; x_wconf 81' lang='grc' dir='ltr'>ἀδικεῖν</span> <span class='ocrx_word' id='word_1_303' title='bbox 3212 1182 3579 1256; x_wconf 77' lang='grc' dir='ltr'>ἀναδέξασθαι,</span> <span class='ocrx_word' id='word_1_304' title='bbox 3624 1189 3712 1241; x_wconf 81' lang='grc' dir='ltr'>καὶ</span> <span class='ocrx_word' id='word_1_305' title='bbox 3760 1187 3830 1242; x_wconf 85' lang='grc' dir='ltr'>τὸ</span> 
     </span>
    </p>
   </div>
   <div class='ocr_carea' id='block_1_45' title="bbox 2171 1266 3831 1355">
    <p class='ocr_par' dir='ltr' id='par_1_45' title="bbox 2171 1266 3831 1355">
     <span class='ocr_line' id='line_1_45' title="bbox 2171 1266 3831 1355; baseline 0.005 -33"><span class='ocrx_word' id='word_1_306' title='bbox 2171 1266 2465 1323; x_wconf 82' lang='grc' dir='ltr'>ἀδικεῖσθαι</span> <span class='ocrx_word' id='word_1_307' title='bbox 2532 1270 2785 1345; x_wconf 80' lang='grc' dir='ltr'>γενναίως</span> <span class='ocrx_word' id='word_1_308' title='bbox 2842 1272 3039 1347; x_wconf 81' lang='grc' dir='ltr'>φέρειν,</span> <span class='ocrx_word' id='word_1_309' title='bbox 3099 1271 3231 1348; x_wconf 81' lang='grc' dir='ltr'>ὅπερ</span> <span class='ocrx_word' id='word_1_310' title='bbox 3311 1275 3596 1350; x_wconf 84' lang='grc' dir='ltr'>ἀνθρώπου</span> <span class='ocrx_word' id='word_1_311' title='bbox 3663 1276 3831 1355; x_wconf 75' lang='grc' dir='ltr'>φύσις</span> 
     </span>
    </p>
   </div>
   <div class='ocr_carea' id='block_1_46' title="bbox 2170 1356 3826 1442">
    <p class='ocr_par' dir='ltr' id='par_1_46' title="bbox 2170 1356 3826 1442">
     <span class='ocr_line' id='line_1_46' title="bbox 2170 1356 3826 1442; baseline 0.006 -31"><span class='ocrx_word' id='word_1_312' title='bbox 2170 1356 2269 1411; x_wconf 77' lang='grc' dir='ltr'>οὐκ</span> <span class='ocrx_word' id='word_1_313' title='bbox 2299 1357 2356 1412; x_wconf 79' lang='grc' dir='ltr'>ἂν</span> <span class='ocrx_word' id='word_1_314' title='bbox 2389 1358 2652 1429; x_wconf 81' lang='grc' dir='ltr'>ὑποσταίη</span> <span class='ocrx_word' id='word_1_315' title='bbox 2686 1362 2752 1428; x_wconf 67' lang='grc'>⁸9,</span> <span class='ocrx_word' id='word_1_316' title='bbox 2784 1359 2870 1414; x_wconf 76' lang='grc' dir='ltr'>ἐὰν</span> <span class='ocrx_word' id='word_1_317' title='bbox 2926 1362 3001 1433; x_wconf 78' lang='grc' dir='ltr'>μὴ</span> <span class='ocrx_word' id='word_1_318' title='bbox 3063 1361 3322 1438; x_wconf 88' lang='grc' dir='ltr'>πρότερον</span> <span class='ocrx_word' id='word_1_319' title='bbox 3354 1368 3451 1418; x_wconf 78' lang='grc' dir='ltr'>τοῦ</span> <span class='ocrx_word' id='word_1_320' title='bbox 3484 1364 3535 1419; x_wconf 84' lang='grc' dir='ltr'>ἐν</span> <span class='ocrx_word' id='word_1_321' title='bbox 3570 1364 3826 1442; x_wconf 81' lang='grc' dir='ltr'>ὑπεροχῇ</span> 
     </span>
    </p>
   </div>
   <div class='ocr_carea' id='block_1_47' title="bbox 2170 1430 3824 1527">
    <p class='ocr_par' dir='ltr' id='par_1_47' title="bbox 2170 1430 3824 1527">
     <span class='ocr_line' id='line_1_47' title="bbox 2170 1430 3824 1527; baseline 0.005 -28"><span class='ocrx_word' id='word_1_322' title='bbox 2170 1443 2538 1523; x_wconf 72' lang='grc' dir='ltr'>συμφέροντος</span> <span class='ocrx_word' id='word_1_323' title='bbox 2565 1449 2666 1517; x_wconf 87' lang='grc' dir='ltr'>τήν</span> <span class='ocrx_word' id='word_1_324' title='bbox 2699 1449 2897 1523; x_wconf 84' lang='grc' dir='ltr'>γνῶσιν</span> <span class='ocrx_word' id='word_1_325' title='bbox 2927 1430 3256 1527; x_wconf 33' lang='grc' dir='ltr'>λάϐῃίδπερ</span> <span class='ocrx_word' id='word_1_326' title='bbox 3311 1450 3449 1507; x_wconf 79' lang='grc' dir='ltr'>ἐστὶν</span> <span class='ocrx_word' id='word_1_327' title='bbox 3504 1453 3564 1508; x_wconf 83' lang='grc' dir='ltr'>τὸ</span> <span class='ocrx_word' id='word_1_328' title='bbox 3618 1430 3824 1509; x_wconf 61' lang='grc' dir='ltr'>εἰδέναι</span> 
     </span>
    </p>
   </div>
   <div class='ocr_carea' id='block_1_48' title="bbox 2166 1533 3823 1615">
    <p class='ocr_par' dir='ltr' id='par_1_48' title="bbox 2166 1533 3823 1615">
     <span class='ocr_line' id='line_1_48' title="bbox 2166 1533 3823 1615; baseline 0.005 -28"><span class='ocrx_word' id='word_1_329' title='bbox 2166 1538 2263 1587; x_wconf 78' lang='grc' dir='ltr'>τοῦ</span> <span class='ocrx_word' id='word_1_330' title='bbox 2320 1533 2490 1589; x_wconf 74' lang='grc' dir='ltr'>πάντα</span> <span class='ocrx_word' id='word_1_331' title='bbox 2552 1535 2909 1610; x_wconf 68' lang='grc' dir='ltr'>ὑπερέχοντος</span> <span class='ocrx_word' id='word_1_332' title='bbox 2966 1538 3066 1605; x_wconf 84' lang='grc' dir='ltr'>τήν</span> <span class='ocrx_word' id='word_1_333' title='bbox 3115 1535 3321 1592; x_wconf 88' lang='grc' dir='ltr'>δικαίαν</span> <span class='ocrx_word' id='word_1_334' title='bbox 3371 1538 3548 1615; x_wconf 77' lang='grc' dir='ltr'>φύσιν,</span> <span class='ocrx_word' id='word_1_335' title='bbox 3581 1539 3661 1595; x_wconf 79' lang='grc' dir='ltr'>ὅτι</span> <span class='ocrx_word' id='word_1_336' title='bbox 3693 1538 3823 1595; x_wconf 81' lang='grc' dir='ltr'>ἀδι-</span> 
     </span>
    </p>
   </div>
   <div class='ocr_carea' id='block_1_49' title="bbox 2166 1620 3825 1702">
    <p class='ocr_par' dir='ltr' id='par_1_49' title="bbox 2166 1620 3825 1702">
     <span class='ocr_line' id='line_1_49' title="bbox 2166 1620 3825 1702; baseline 0.005 -27"><span class='ocrx_word' id='word_1_337' title='bbox 2166 1622 2462 1694; x_wconf 84' lang='grc' dir='ltr'>κουμένους</span> <span class='ocrx_word' id='word_1_338' title='bbox 2518 1620 2741 1677; x_wconf 80' lang='grc' dir='ltr'>ἐκδικῶν</span> <span class='ocrx_word' id='word_1_339' title='bbox 2774 1627 2818 1661; x_wconf 77' lang='grc' dir='ltr'>⁷ο</span> <span class='ocrx_word' id='word_1_340' title='bbox 2855 1631 3108 1702; x_wconf 83' lang='grc' dir='ltr'>τιμωρεῖ,</span> <span class='ocrx_word' id='word_1_341' title='bbox 3142 1625 3231 1680; x_wconf 86' lang='grc' dir='ltr'>καὶ</span> <span class='ocrx_word' id='word_1_342' title='bbox 3287 1626 3416 1690; x_wconf 80' lang='grc' dir='ltr'>τοὺς</span> <span class='ocrx_word' id='word_1_343' title='bbox 3468 1623 3825 1691; x_wconf 78' lang='grc' dir='ltr'>εὐσεϐοῦντας</span> 
     </span>
    </p>
   </div>
   <div class='ocr_carea' id='block_1_50' title="bbox 2170 1708 2675 1786">
    <p class='ocr_par' dir='ltr' id='par_1_50' title="bbox 2170 1708 2675 1786">
     <span class='ocr_line' id='line_1_50' title="bbox 2170 1708 2675 1786; baseline 0.01 -24"><span class='ocrx_word' id='word_1_344' title='bbox 2170 1708 2244 1772; x_wconf 84' lang='grc' dir='ltr'>εἷς</span> <span class='ocrx_word' id='word_1_345' title='bbox 2274 1709 2356 1764; x_wconf 84' lang='grc' dir='ltr'>ἀεὶ</span> <span class='ocrx_word' id='word_1_346' title='bbox 2388 1710 2675 1786; x_wconf 79' lang='grc' dir='ltr'>εὐεργετεῖ.</span> 
     </span>
    </p>
   </div>
   <div class='ocr_carea' id='block_1_51' title="bbox 2238 1888 3827 1971">
    <p class='ocr_par' dir='ltr' id='par_1_51' title="bbox 2238 1888 3827 1971">
     <span class='ocr_line' id='line_1_51' title="bbox 2238 1888 3827 1971; baseline 0.003 -27"><span class='ocrx_word' id='word_1_347' title='bbox 2238 1888 2336 1945; x_wconf 74' lang='lat'><strong>95</strong></span> <span class='ocrx_word' id='word_1_348' title='bbox 2370 1889 2579 1946; x_wconf 81' lang='lat' dir='ltr'>XXXII.</span> <span class='ocrx_word' id='word_1_349' title='bbox 2613 1890 2795 1962; x_wconf 82' lang='grc' dir='ltr'>Ὑμεῖς</span> <span class='ocrx_word' id='word_1_350' title='bbox 2850 1889 2939 1945; x_wconf 72' lang='grc' dir='ltr'>οὖν</span> <span class='ocrx_word' id='word_1_351' title='bbox 2991 1892 3064 1955; x_wconf 84' lang='grc' dir='ltr'>ὡς</span> <span class='ocrx_word' id='word_1_352' title='bbox 3111 1897 3244 1948; x_wconf 80' lang='grc' dir='ltr'>Θεοῦ</span> <span class='ocrx_word' id='word_1_353' title='bbox 3300 1891 3487 1950; x_wconf 78' lang='grc' dir='ltr'>δοῦλοι</span> <span class='ocrx_word' id='word_1_354' title='bbox 3542 1894 3827 1971; x_wconf 76' lang='grc' dir='ltr'>εὐγνώμο-</span> 
     </span>
    </p>
   </div>
   <div class='ocr_carea' id='block_1_52' title="bbox 2168 1976 3826 2059">
    <p class='ocr_par' dir='ltr' id='par_1_52' title="bbox 2168 1976 3826 2059">
     <span class='ocr_line' id='line_1_52' title="bbox 2168 1976 3826 2059; baseline 0.006 -31"><span class='ocrx_word' id='word_1_355' title='bbox 2168 1995 2271 2043; x_wconf 82' lang='grc' dir='ltr'>νες,</span> <span class='ocrx_word' id='word_1_356' title='bbox 2303 1976 2389 2054; x_wconf 73' lang='grc' dir='ltr'>ἀφ’</span> <span class='ocrx_word' id='word_1_357' title='bbox 2429 1976 2627 2032; x_wconf 83' lang='grc' dir='ltr'>ἐαυτῶν</span> <span class='ocrx_word' id='word_1_358' title='bbox 2673 1980 2735 2033; x_wconf 88' lang='grc' dir='ltr'>τὸ</span> <span class='ocrx_word' id='word_1_359' title='bbox 2786 1977 3014 2054; x_wconf 66' lang='grc' dir='ltr'>εὔλογον</span> <span class='ocrx_word' id='word_1_360' title='bbox 3061 1986 3326 2054; x_wconf 76' lang='grc' dir='ltr'>νοοῦντες,</span> <span class='ocrx_word' id='word_1_361' title='bbox 3357 1984 3454 2050; x_wconf 71' lang='grc' dir='ltr'>τὴν</span> <span class='ocrx_word' id='word_1_362' title='bbox 3500 1983 3644 2055; x_wconf 78' lang='grc' dir='ltr'>αὐτῴ</span> <span class='ocrx_word' id='word_1_363' title='bbox 3695 1984 3826 2059; x_wconf 81' lang='grc' dir='ltr'>ἀρέ-</span> 
     </span>
    </p>
   </div>
   <div class='ocr_carea' id='block_1_53' title="bbox 2169 2064 3823 2150">
    <p class='ocr_par' dir='ltr' id='par_1_53' title="bbox 2169 2064 3823 2150">
     <span class='ocr_line' id='line_1_53' title="bbox 2169 2064 3823 2150; baseline 0.006 -33"><span class='ocrx_word' id='word_1_364' title='bbox 2169 2084 2397 2119; x_wconf 84' lang='grc' dir='ltr'>σκουσαν</span> <span class='ocrx_word' id='word_1_365' title='bbox 2452 2064 2769 2138; x_wconf 75' lang='grc' dir='ltr'>ἀναδέξασθε</span> <span class='ocrx_word' id='word_1_366' title='bbox 2814 2067 3120 2137; x_wconf 79' lang='grc' dir='ltr'>πολιτείαν,</span> <span class='ocrx_word' id='word_1_367' title='bbox 3160 2069 3251 2125; x_wconf 68' lang='grc' dir='ltr'>’ίνα</span> <span class='ocrx_word' id='word_1_368' title='bbox 3299 2071 3471 2134; x_wconf 75' lang='grc' dir='ltr'>οὕτως</span> <span class='ocrx_word' id='word_1_369' title='bbox 3521 2071 3675 2126; x_wconf 77' lang='grc' dir='ltr'>αὐτὸν</span> <span class='ocrx_word' id='word_1_370' title='bbox 3726 2095 3823 2150; x_wconf 69' lang='grc' dir='ltr'>ιρι-</span> 
     </span>
    </p>
   </div>
   <div class='ocr_carea' id='block_1_54' title="bbox 2171 2150 3826 2239">
    <p class='ocr_par' dir='ltr' id='par_1_54' title="bbox 2171 2150 3826 2239">
     <span class='ocr_line' id='line_1_54' title="bbox 2171 2150 3826 2239; baseline 0.005 -31"><span class='ocrx_word' id='word_1_371' title='bbox 2171 2150 2387 2215; x_wconf 84' lang='grc' dir='ltr'>λοῦντες</span> <span class='ocrx_word' id='word_1_372' title='bbox 2416 2156 2504 2209; x_wconf 88' lang='lat' dir='ltr'>xui</span> <span class='ocrx_word' id='word_1_373' title='bbox 2536 2154 2860 2234; x_wconf 75' lang='grc' dir='ltr'>φιλούμενοι</span> <span class='ocrx_word' id='word_1_374' title='bbox 2895 2158 2980 2213; x_wconf 82' lang='grc' dir='ltr'>ὑπ’</span> <span class='ocrx_word' id='word_1_375' title='bbox 3007 2160 3172 2214; x_wconf 77' lang='grc' dir='ltr'>αὐτοῦ</span> <span class='ocrx_word' id='word_1_376' title='bbox 3204 2161 3279 2222; x_wconf 80' lang='grc' dir='ltr'>εἷς</span> <span class='ocrx_word' id='word_1_377' title='bbox 3311 2161 3389 2215; x_wconf 79' lang='grc' dir='ltr'>ἀεὶ</span> <span class='ocrx_word' id='word_1_378' title='bbox 3439 2161 3501 2216; x_wconf 89' lang='grc' dir='ltr'>τὸ</span> <span class='ocrx_word' id='word_1_379' title='bbox 3546 2162 3826 2239; x_wconf 68' lang='grc' dir='ltr'>συμφέρον</span> 
     </span>
    </p>
   </div>
   <div class='ocr_carea' id='block_1_55' title="bbox 2173 2240 3823 2326">
    <p class='ocr_par' dir='ltr' id='par_1_55' title="bbox 2173 2240 3823 2326">
     <span class='ocr_line' id='line_1_55' title="bbox 2173 2240 3823 2326; baseline 0.004 -28"><span class='ocrx_word' id='word_1_380' title='bbox 2173 2240 2354 2318; x_wconf 76' lang='grc' dir='ltr'>ἔχοιτε</span> <span class='ocrx_word' id='word_1_381' title='bbox 2382 2247 2448 2299; x_wconf 69' lang='grc' dir='ltr'>τί.</span> <span class='ocrx_word' id='word_1_382' title='bbox 2481 2244 2640 2316; x_wconf 83' lang='grc' dir='ltr'>Αὐτῷ</span> <span class='ocrx_word' id='word_1_383' title='bbox 2671 2247 2773 2321; x_wconf 78' lang='grc' dir='ltr'>γὰρ</span> <span class='ocrx_word' id='word_1_384' title='bbox 2810 2247 2955 2321; x_wconf 83' lang='grc' dir='ltr'>μόνῳ</span> <span class='ocrx_word' id='word_1_385' title='bbox 2984 2249 3044 2303; x_wconf 87' lang='grc' dir='ltr'>τὸ</span> <span class='ocrx_word' id='word_1_386' title='bbox 3091 2255 3391 2326; x_wconf 83' lang='grc' dir='ltr'>παρασχεῖν</span> <span class='ocrx_word' id='word_1_387' title='bbox 3445 2248 3823 2306; x_wconf 86' lang='grc' dir='ltr'>δυνατώτατόν</span> 
     </span>
    </p>
   </div>
   <div class='ocr_carea' id='block_1_56' title="bbox 2172 2331 3825 2412">
    <p class='ocr_par' dir='ltr' id='par_1_56' title="bbox 2172 2331 3825 2412">
     <span class='ocr_line' id='line_1_56' title="bbox 2172 2331 3825 2412; baseline 0.004 -27"><span class='ocrx_word' id='word_1_388' title='bbox 2172 2331 2334 2405; x_wconf 84' lang='grc' dir='ltr'>ἐστιν,</span> <span class='ocrx_word' id='word_1_389' title='bbox 2392 2338 2470 2405; x_wconf 81' lang='grc' dir='ltr'>τῷ</span> <span class='ocrx_word' id='word_1_390' title='bbox 2524 2335 2589 2388; x_wconf 82' lang='grc' dir='ltr'>τὰ</span> <span class='ocrx_word' id='word_1_391' title='bbox 2650 2337 2723 2408; x_wconf 76' lang='grc' dir='ltr'>μὴ</span> <span class='ocrx_word' id='word_1_392' title='bbox 2784 2332 2912 2392; x_wconf 76' lang='grc' dir='ltr'>ὄντα</span> <span class='ocrx_word' id='word_1_393' title='bbox 2961 2337 3037 2400; x_wconf 83' lang='grc' dir='ltr'>εἷς</span> <span class='ocrx_word' id='word_1_394' title='bbox 3094 2339 3154 2392; x_wconf 87' lang='grc' dir='ltr'>τὸ</span> <span class='ocrx_word' id='word_1_395' title='bbox 3215 2338 3347 2393; x_wconf 76' lang='grc' dir='ltr'>εἶναι</span> <span class='ocrx_word' id='word_1_396' title='bbox 3407 2341 3825 2412; x_wconf 77' lang='grc' dir='ltr'>συστησαμένῳ,</span> 
     </span>
    </p>
   </div>
   <div class='ocr_carea' id='block_1_57' title="bbox 2172 2419 3822 2503">
    <p class='ocr_par' dir='ltr' id='par_1_57' title="bbox 2172 2419 3822 2503">
     <span class='ocr_line' id='line_1_57' title="bbox 2172 2419 3822 2503; baseline 0.005 -28"><span class='ocrx_word' id='word_1_397' title='bbox 2172 2420 2397 2495; x_wconf 76' lang='grc' dir='ltr'>οὐρανὸν</span> <span class='ocrx_word' id='word_1_398' title='bbox 2457 2419 2941 2500; x_wconf 87' lang='grc' dir='ltr'>δημιουργήσαντι,</span> <span class='ocrx_word' id='word_1_399' title='bbox 3001 2433 3103 2503; x_wconf 81' lang='grc' dir='ltr'>γῆν</span> <span class='ocrx_word' id='word_1_400' title='bbox 3162 2426 3486 2499; x_wconf 89' lang='grc' dir='ltr'>πιλώσαντι,</span> <span class='ocrx_word' id='word_1_401' title='bbox 3551 2428 3822 2484; x_wconf 76' lang='grc' dir='ltr'>θάλασσαν</span> 
     </span>
    </p>
   </div>
   <div class='ocr_carea' id='block_1_58' title="bbox 2171 2510 3823 2589">
    <p class='ocr_par' dir='ltr' id='par_1_58' title="bbox 2171 2510 3823 2589">
     <span class='ocr_line' id='line_1_58' title="bbox 2171 2510 3823 2589; baseline 0.005 -25"><span class='ocrx_word' id='word_1_402' title='bbox 2171 2511 2561 2586; x_wconf 86' lang='grc' dir='ltr'>περιορίσαντι,</span> <span class='ocrx_word' id='word_1_403' title='bbox 2608 2513 2674 2567; x_wconf 80' lang='grc' dir='ltr'>τὰ</span> <span class='ocrx_word' id='word_1_404' title='bbox 2729 2512 2779 2569; x_wconf 78' lang='grc' dir='ltr'>ἐν</span> <span class='ocrx_word' id='word_1_405' title='bbox 2841 2510 2941 2589; x_wconf 73' lang='grc' dir='ltr'>ᾅδῃ</span> <span class='ocrx_word' id='word_1_406' title='bbox 2971 2516 3319 2589; x_wconf 70' lang='grc' dir='ltr'>ταμιεύσαντι</span> <span class='ocrx_word' id='word_1_407' title='bbox 3376 2515 3462 2572; x_wconf 82' lang='lat' dir='ltr'>xui</span> <span class='ocrx_word' id='word_1_408' title='bbox 3519 2518 3585 2572; x_wconf 79' lang='grc' dir='ltr'>τὰ</span> <span class='ocrx_word' id='word_1_409' title='bbox 3644 2518 3823 2573; x_wconf 78' lang='grc' dir='ltr'>πάντα</span> 
     </span>
    </p>
   </div>
   <div class='ocr_carea' id='block_1_59' title="bbox 2173 2598 2806 2675">
    <p class='ocr_par' dir='ltr' id='par_1_59' title="bbox 2173 2598 2806 2675">
     <span class='ocr_line' id='line_1_59' title="bbox 2173 2598 2806 2675; baseline 0.008 -22"><span class='ocrx_word' id='word_1_410' title='bbox 2173 2598 2330 2675; x_wconf 84' lang='grc' dir='ltr'>ἀέρος</span> <span class='ocrx_word' id='word_1_411' title='bbox 2350 2602 2395 2636; x_wconf 74' lang='grc'>⁷³</span> <span class='ocrx_word' id='word_1_412' title='bbox 2432 2600 2546 2670; x_wconf 88' lang='grc' dir='ltr'>πλη</span> <span class='ocrx_word' id='word_1_413' title='bbox 2557 2602 2806 2675; x_wconf 87' lang='grc' dir='ltr'>ρώσαντι.</span> 
     </span>
    </p>
   </div>
   <div class='ocr_carea' id='block_1_60' title="bbox 2244 2687 3823 2771">
    <p class='ocr_par' dir='ltr' id='par_1_60' title="bbox 2244 2687 3823 2771">
     <span class='ocr_line' id='line_1_60' title="bbox 2244 2687 3823 2771; baseline 0.005 -29"><span class='ocrx_word' id='word_1_414' title='bbox 2244 2694 2480 2746; x_wconf 84' lang='lat' dir='ltr'>XXXIII.</span> <span class='ocrx_word' id='word_1_415' title='bbox 2514 2687 2683 2752; x_wconf 77' lang='grc' dir='ltr'>Οὗτος</span> <span class='ocrx_word' id='word_1_416' title='bbox 2717 2692 2880 2764; x_wconf 87' lang='grc' dir='ltr'>μόνος</span> <span class='ocrx_word' id='word_1_417' title='bbox 2928 2694 3025 2762; x_wconf 79' lang='grc' dir='ltr'>τὴν</span> <span class='ocrx_word' id='word_1_418' title='bbox 3084 2693 3207 2767; x_wconf 81' lang='grc' dir='ltr'>μίαν</span> <span class='ocrx_word' id='word_1_419' title='bbox 3251 2695 3340 2749; x_wconf 81' lang='grc' dir='ltr'>καὶ</span> <span class='ocrx_word' id='word_1_420' title='bbox 3379 2696 3605 2771; x_wconf 85' lang='grc' dir='ltr'>πρώτην</span> <span class='ocrx_word' id='word_1_421' title='bbox 3639 2698 3682 2732; x_wconf 76' lang='grc'>⁷³</span> <span class='ocrx_word' id='word_1_422' title='bbox 3715 2717 3823 2767; x_wconf 88' lang='grc' dir='ltr'>μο-</span> 
     </span>
    </p>
   </div>
   <div class='ocr_carea' id='block_1_61' title="bbox 2172 2775 3829 2858">
    <p class='ocr_par' dir='ltr' id='par_1_61' title="bbox 2172 2775 3829 2858">
     <span class='ocr_line' id='line_1_61' title="bbox 2172 2775 3829 2858; baseline 0.005 -27"><span class='ocrx_word' id='word_1_423' title='bbox 2172 2775 2353 2846; x_wconf 83' lang='grc' dir='ltr'>νοειδῆ</span> <span class='ocrx_word' id='word_1_424' title='bbox 2411 2777 2593 2832; x_wconf 77' lang='grc' dir='ltr'>οὐσίαν</span> <span class='ocrx_word' id='word_1_425' title='bbox 2646 2785 2926 2857; x_wconf 83' lang='grc' dir='ltr'>τετραχῶς</span> <span class='ocrx_word' id='word_1_426' title='bbox 2979 2783 3067 2837; x_wconf 89' lang='lat' dir='ltr'>xui</span> <span class='ocrx_word' id='word_1_427' title='bbox 3123 2782 3375 2847; x_wconf 77' lang='grc' dir='ltr'>ἐναντίως</span> <span class='ocrx_word' id='word_1_428' title='bbox 3436 2782 3673 2858; x_wconf 68' lang='grc' dir='ltr'>ἔτρεψεν*</span> <span class='ocrx_word' id='word_1_429' title='bbox 3706 2783 3829 2839; x_wconf 69' lang='grc' dir='ltr'>εἶτα</span> 
     </span>
    </p>
   </div>
   <div class='ocr_carea' id='block_1_62' title="bbox 2178 2866 3831 2941">
    <p class='ocr_par' dir='ltr' id='par_1_62' title="bbox 2178 2866 3831 2941">
     <span class='ocr_line' id='line_1_62' title="bbox 2178 2866 3831 2941; baseline 0.005 -22"><span class='ocrx_word' id='word_1_430' title='bbox 2178 2866 2333 2939; x_wconf 73' lang='grc' dir='ltr'>μίξας</span> <span class='ocrx_word' id='word_1_431' title='bbox 2392 2866 2607 2941; x_wconf 79' lang='grc' dir='ltr'>κράσεις</span> <span class='ocrx_word' id='word_1_432' title='bbox 2638 2867 2690 2938; x_wconf 79' lang='grc' dir='ltr'>ἐξ</span> <span class='ocrx_word' id='word_1_433' title='bbox 2721 2869 2895 2925; x_wconf 82' lang='grc' dir='ltr'>αὐτῶν</span> <span class='ocrx_word' id='word_1_434' title='bbox 2957 2871 3231 2941; x_wconf 79' lang='grc' dir='ltr'>ἐποίησεν,</span> <span class='ocrx_word' id='word_1_435' title='bbox 3260 2870 3351 2926; x_wconf 70' lang='grc' dir='ltr'>’ἕνα</span> <span class='ocrx_word' id='word_1_436' title='bbox 3400 2873 3477 2935; x_wconf 81' lang='grc' dir='ltr'>εἷς</span> <span class='ocrx_word' id='word_1_437' title='bbox 3510 2872 3742 2934; x_wconf 81' lang='grc' dir='ltr'>ἐναντίας</span> <span class='ocrx_word' id='word_1_438' title='bbox 3779 2876 3831 2910; x_wconf 79' lang='grc'>⁷⁸</span> 
     </span>
    </p>
   </div>
   <div class='ocr_carea' id='block_1_63' title="bbox 2176 2954 3829 3035">
    <p class='ocr_par' dir='ltr' id='par_1_63' title="bbox 2176 2954 3829 3035">
     <span class='ocr_line' id='line_1_63' title="bbox 2176 2954 3829 3035; baseline 0.004 -27"><span class='ocrx_word' id='word_1_439' title='bbox 2176 2954 2356 3031; x_wconf 70' lang='grc' dir='ltr'>φύσεις</span> <span class='ocrx_word' id='word_1_440' title='bbox 2388 2956 2748 3029; x_wconf 71' lang='grc' dir='ltr'>τετραμμέναι</span> <span class='ocrx_word' id='word_1_441' title='bbox 2793 2958 2881 3013; x_wconf 77' lang='grc' dir='ltr'>καὶ</span> <span class='ocrx_word' id='word_1_442' title='bbox 2943 2962 3274 3033; x_wconf 71' lang='grc' dir='ltr'>μεμιγμέναι</span> <span class='ocrx_word' id='word_1_443' title='bbox 3328 2966 3425 3015; x_wconf 76' lang='grc' dir='ltr'>τοῦ</span> <span class='ocrx_word' id='word_1_444' title='bbox 3483 2965 3577 3035; x_wconf 82' lang='grc' dir='ltr'>ζῇν</span> <span class='ocrx_word' id='word_1_445' title='bbox 3619 2959 3829 3031; x_wconf 69' lang='grc' dir='ltr'>ἡδονὴν</span> 
     </span>
    </p>
   </div>
   <div class='ocr_carea' id='block_1_64' title="bbox 2176 3043 3829 3123">
    <p class='ocr_par' dir='ltr' id='par_1_64' title="bbox 2176 3043 3829 3123">
     <span class='ocr_line' id='line_1_64' title="bbox 2176 3043 3829 3123; baseline 0.003 -24"><span class='ocrx_word' id='word_1_446' title='bbox 2176 3043 2235 3099; x_wconf 79' lang='grc' dir='ltr'>ἐκ</span> <span class='ocrx_word' id='word_1_447' title='bbox 2296 3051 2397 3113; x_wconf 83' lang='grc' dir='ltr'>τῆς</span> <span class='ocrx_word' id='word_1_448' title='bbox 2461 3044 2831 3122; x_wconf 81' lang='grc' dir='ltr'>ἀντισυζυγίας</span> <span class='ocrx_word' id='word_1_449' title='bbox 2906 3047 3259 3123; x_wconf 80' lang='grc' dir='ltr'>ἐργάσωνται.</span> <span class='ocrx_word' id='word_1_450' title='bbox 3329 3051 3510 3122; x_wconf 88' lang='grc' dir='ltr'>Ὁμῶς</span> <span class='ocrx_word' id='word_1_451' title='bbox 3563 3053 3607 3087; x_wconf 78' lang='grc'>⁷⁸</span> <span class='ocrx_word' id='word_1_452' title='bbox 3664 3050 3829 3112; x_wconf 80' lang='grc' dir='ltr'>αὐτὸς</span> 
     </span>
    </p>
   </div>
   <div class='ocr_carea' id='block_1_65' title="bbox 2182 3130 3833 3215">
    <p class='ocr_par' dir='ltr' id='par_1_65' title="bbox 2182 3130 3833 3215">
     <span class='ocr_line' id='line_1_65' title="bbox 2182 3130 3833 3215; baseline 0.004 -28"><span class='ocrx_word' id='word_1_453' title='bbox 2182 3132 2346 3205; x_wconf 89' lang='grc' dir='ltr'>μόνος</span> <span class='ocrx_word' id='word_1_454' title='bbox 2380 3130 2592 3206; x_wconf 79' lang='grc' dir='ltr'>δήμους</span> <span class='ocrx_word' id='word_1_455' title='bbox 2623 3134 2865 3211; x_wconf 81' lang='grc' dir='ltr'>ἀγγέλων</span> <span class='ocrx_word' id='word_1_456' title='bbox 2894 3138 2983 3192; x_wconf 83' lang='grc' dir='ltr'>καὶ</span> <span class='ocrx_word' id='word_1_457' title='bbox 3005 3136 3326 3211; x_wconf 80' lang='grc' dir='ltr'>πνευμάτων</span> <span class='ocrx_word' id='word_1_458' title='bbox 3369 3140 3575 3215; x_wconf 83' lang='grc' dir='ltr'>βουλῆς</span> <span class='ocrx_word' id='word_1_459' title='bbox 3598 3140 3833 3211; x_wconf 75' lang='grc' dir='ltr'>νεύματι</span> 
     </span>
    </p>
   </div>
   <div class='ocr_carea' id='block_1_66' title="bbox 427 3204 2062 3306">
    <p class='ocr_par' dir='ltr' id='par_1_66' title="bbox 427 3204 2062 3306">
     <span class='ocr_line' id='line_1_66' title="bbox 427 3204 2062 3306; baseline -0.007 -17"><span class='ocrx_word' id='word_1_460' title='bbox 427 3233 739 3306; x_wconf 84' lang='lat' dir='ltr'>spirituum</span> <span class='ocrx_word' id='word_1_461' title='bbox 774 3204 917 3285; x_wconf 77' lang='lat' dir='ltr'>nutu</span> <span class='ocrx_word' id='word_1_462' title='bbox 948 3225 1266 3282; x_wconf 89' lang='lat' dir='ltr'>voluntatis</span> <span class='ocrx_word' id='word_1_463' title='bbox 1288 3204 1567 3290; x_wconf 77' lang='lat' dir='ltr'>condidit,</span> <span class='ocrx_word' id='word_1_464' title='bbox 1588 3204 1778 3295; x_wconf 79' lang='lat' dir='ltr'>iisque</span> <span class='ocrx_word' id='word_1_465' title='bbox 1808 3222 2062 3294; x_wconf 77' lang='lat' dir='ltr'>implevit</span> 
     </span>
    </p>
   </div>
   <div class='ocr_carea' id='block_1_67' title="bbox 2178 3204 3833 3306">
    <p class='ocr_par' dir='ltr' id='par_1_67' title="bbox 2181 3204 3833 3304">
     <span class='ocr_line' id='line_1_67' title="bbox 2181 3204 3833 3304; baseline 0.004 -28"><span class='ocrx_word' id='word_1_466' title='bbox 2181 3219 2609 3298; x_wconf 79' lang='grc' dir='ltr'>δημιουργήσας,</span> <span class='ocrx_word' id='word_1_467' title='bbox 2684 3222 2889 3296; x_wconf 77' lang='grc' dir='ltr'>ἔπλησε</span> <span class='ocrx_word' id='word_1_468' title='bbox 2957 3226 3084 3289; x_wconf 82' lang='grc' dir='ltr'>τοὺς</span> <span class='ocrx_word' id='word_1_469' title='bbox 3160 3204 3435 3304; x_wconf 67' lang='grc' dir='ltr'>οὖρανοός’</span> <span class='ocrx_word' id='word_1_470' title='bbox 3487 3204 3562 3292; x_wconf 81' lang='grc' dir='ltr'>ὡς</span> <span class='ocrx_word' id='word_1_471' title='bbox 3627 3204 3715 3283; x_wconf 76' lang='lat' dir='ltr'>xui</span> <span class='ocrx_word' id='word_1_472' title='bbox 3761 3229 3833 3283; x_wconf 88' lang='grc' dir='ltr'>τὸ</span> 
     </span>
    </p>
   </div>
   <div class='ocr_carea' id='block_1_68' title="bbox 428 3314 2065 3388">
    <p class='ocr_par' dir='ltr' id='par_1_68' title="bbox 428 3314 2065 3388">
     <span class='ocr_line' id='line_1_68' title="bbox 428 3314 2065 3388; baseline -0.007 -10"><span class='ocrx_word' id='word_1_473' title='bbox 428 3323 602 3378; x_wconf 66' lang='lat' dir='ltr'>caelos</span> <span class='ocrx_word' id='word_1_474' title='bbox 633 3337 647 3376; x_wconf 91' lang='lat'>:</span> <span class='ocrx_word' id='word_1_475' title='bbox 682 3321 835 3375; x_wconf 87' lang='lat' dir='ltr'>sicut</span> <span class='ocrx_word' id='word_1_476' title='bbox 866 3323 922 3374; x_wconf 92' lang='lat' dir='ltr'>et</span> <span class='ocrx_word' id='word_1_477' title='bbox 950 3316 1103 3388; x_wconf 92' lang='lat' dir='ltr'>quod</span> <span class='ocrx_word' id='word_1_478' title='bbox 1136 3315 1403 3371; x_wconf 88' lang='lat' dir='ltr'>videmus</span> <span class='ocrx_word' id='word_1_479' title='bbox 1460 3314 1895 3368; x_wconf 83' lang='lat' dir='ltr'>ﬁrmamentum</span> <span class='ocrx_word' id='word_1_480' title='bbox 1930 3329 2065 3368; x_wconf 88' lang='lat' dir='ltr'>con-</span> 
     </span>
    </p>
   </div>
   <div class='ocr_carea' id='block_1_69' title="bbox 427 3402 2068 3478">
    <p class='ocr_par' dir='ltr' id='par_1_69' title="bbox 427 3402 2068 3478">
     <span class='ocr_line' id='line_1_69' title="bbox 427 3402 2068 3478; baseline -0.007 -10"><span class='ocrx_word' id='word_1_481' title='bbox 427 3406 1157 3478; x_wconf 86' lang='lat' dir='ltr'>decoravitstellis,quibus</span> <span class='ocrx_word' id='word_1_482' title='bbox 1174 3404 1417 3459; x_wconf 85' lang='lat' dir='ltr'>semitas</span> <span class='ocrx_word' id='word_1_483' title='bbox 1430 3402 2068 3472; x_wconf 88' lang='lat' dir='ltr'>deﬁnivitcursumque</span> 
     </span>
    </p>
   </div>
   <div class='ocr_carea' id='block_1_70' title="bbox 428 3492 2067 3566">
    <p class='ocr_par' dir='ltr' id='par_1_70' title="bbox 428 3492 2067 3566">
     <span class='ocr_line' id='line_1_70' title="bbox 428 3492 2067 3566; baseline -0.007 -10"><span class='ocrx_word' id='word_1_484' title='bbox 428 3498 719 3556; x_wconf 90' lang='lat' dir='ltr'>ordinavit</span> <span class='ocrx_word' id='word_1_485' title='bbox 752 3516 763 3552; x_wconf 94' lang='lat'>:</span> <span class='ocrx_word' id='word_1_486' title='bbox 797 3501 1033 3560; x_wconf 90' lang='lat' dir='ltr'>terram,</span> <span class='ocrx_word' id='word_1_487' title='bbox 1063 3498 1299 3566; x_wconf 82' lang='lat' dir='ltr'>propter</span> <span class='ocrx_word' id='word_1_488' title='bbox 1348 3494 1583 3564; x_wconf 84' lang='lat' dir='ltr'>frugum</span> <span class='ocrx_word' id='word_1_489' title='bbox 1636 3492 2067 3546; x_wconf 85' lang='lat' dir='ltr'>incrementum</span> 
     </span>
    </p>
   </div>
   <div class='ocr_carea' id='block_1_71' title="bbox 428 3579 2064 3660">
    <p class='ocr_par' dir='ltr' id='par_1_71' title="bbox 428 3579 2064 3660">
     <span class='ocr_line' id='line_1_71' title="bbox 428 3579 2064 3660; baseline -0.007 -16"><span class='ocrx_word' id='word_1_490' title='bbox 428 3587 717 3660; x_wconf 80' lang='lat' dir='ltr'>compegit</span> <span class='ocrx_word' id='word_1_491' title='bbox 747 3603 759 3641; x_wconf 93' lang='lat'><strong><em>:</em></strong></span> <span class='ocrx_word' id='word_1_492' title='bbox 798 3601 954 3640; x_wconf 89' lang='lat' dir='ltr'>mare</span> <span class='ocrx_word' id='word_1_493' title='bbox 986 3588 1181 3638; x_wconf 88' lang='lat' dir='ltr'>autem</span> <span class='ocrx_word' id='word_1_494' title='bbox 1212 3580 1519 3648; x_wconf 84' lang='lat' dir='ltr'>conclusit,</span> <span class='ocrx_word' id='word_1_495' title='bbox 1554 3579 1971 3635; x_wconf 85' lang='lat' dir='ltr'>habitationem</span> <span class='ocrx_word' id='word_1_496' title='bbox 2006 3580 2064 3634; x_wconf 93' lang='lat' dir='ltr'>in</span> 
     </span>
    </p>
   </div>
   <div class='ocr_carea' id='block_1_72' title="bbox 429 3669 2067 3741">
    <p class='ocr_par' dir='ltr' id='par_1_72' title="bbox 429 3669 2067 3741">
     <span class='ocr_line' id='line_1_72' title="bbox 429 3669 2067 3741; baseline -0.005 -8"><span class='ocrx_word' id='word_1_497' title='bbox 429 3678 599 3733; x_wconf 88' lang='lat' dir='ltr'>siccis</span> <span class='ocrx_word' id='word_1_498' title='bbox 638 3675 777 3731; x_wconf 93' lang='lat' dir='ltr'>locis</span> <span class='ocrx_word' id='word_1_499' title='bbox 836 3672 1235 3729; x_wconf 88' lang='lat' dir='ltr'>secernendo:</span> <span class='ocrx_word' id='word_1_500' title='bbox 1273 3687 1400 3741; x_wconf 71' lang='lat' dir='ltr'>qua:</span> <span class='ocrx_word' id='word_1_501' title='bbox 1451 3670 1605 3740; x_wconf 89' lang='lat' dir='ltr'>apud</span> <span class='ocrx_word' id='word_1_502' title='bbox 1661 3669 1877 3723; x_wconf 90' lang='lat' dir='ltr'>inferos</span> <span class='ocrx_word' id='word_1_503' title='bbox 1928 3672 2067 3724; x_wconf 88' lang='lat' dir='ltr'>sunt</span> 
     </span>
    </p>
   </div>
   <div class='ocr_carea' id='block_1_73' title="bbox 428 3758 2066 3831">
    <p class='ocr_par' dir='ltr' id='par_1_73' title="bbox 428 3758 2066 3831">
     <span class='ocr_line' id='line_1_73' title="bbox 428 3758 2066 3831; baseline -0.005 -10"><span class='ocrx_word' id='word_1_504' title='bbox 428 3764 774 3831; x_wconf 87' lang='lat' dir='ltr'>recondidit,</span> <span class='ocrx_word' id='word_1_505' title='bbox 807 3761 1138 3818; x_wconf 89' lang='lat' dir='ltr'>animarum</span> <span class='ocrx_word' id='word_1_506' title='bbox 1198 3758 1389 3813; x_wconf 90' lang='lat' dir='ltr'>locum</span> <span class='ocrx_word' id='word_1_507' title='bbox 1438 3773 1821 3828; x_wconf 84' lang='lat' dir='ltr'>nuncupans;</span> <span class='ocrx_word' id='word_1_508' title='bbox 1856 3762 2066 3813; x_wconf 88' lang='lat' dir='ltr'>cuncta</span> 
     </span>
    </p>
   </div>
   <div class='ocr_carea' id='block_1_74' title="bbox 426 3845 2063 3926">
    <p class='ocr_par' dir='ltr' id='par_1_74' title="bbox 426 3845 2063 3926">
     <span class='ocr_line' id='line_1_74' title="bbox 426 3845 2063 3926; baseline -0.004 -18"><span class='ocrx_word' id='word_1_509' title='bbox 426 3872 560 3911; x_wconf 78' lang='lat' dir='ltr'>vero</span> <span class='ocrx_word' id='word_1_510' title='bbox 593 3852 830 3926; x_wconf 90' lang='lat' dir='ltr'>replevit</span> <span class='ocrx_word' id='word_1_511' title='bbox 859 3852 1080 3917; x_wconf 90' lang='lat' dir='ltr'>aere,ut</span> <span class='ocrx_word' id='word_1_512' title='bbox 1101 3847 1295 3903; x_wconf 88' lang='lat' dir='ltr'>omnia</span> <span class='ocrx_word' id='word_1_513' title='bbox 1325 3846 1601 3902; x_wconf 85' lang='lat' dir='ltr'>animalia</span> <span class='ocrx_word' id='word_1_514' title='bbox 1623 3845 2063 3916; x_wconf 81' lang='lat' dir='ltr'>respirationem</span> 
     </span>
    </p>
   </div>
   <div class='ocr_carea' id='block_1_75' title="bbox 424 3935 1575 3998">
    <p class='ocr_par' dir='ltr' id='par_1_75' title="bbox 424 3935 1575 3998">
     <span class='ocr_line' id='line_1_75' title="bbox 424 3935 1575 3998; baseline -0.009 0"><span class='ocrx_word' id='word_1_515' title='bbox 424 3944 551 3998; x_wconf 66' lang='lat' dir='ltr'>vitae</span> <span class='ocrx_word' id='word_1_516' title='bbox 578 3939 967 3997; x_wconf 87' lang='lat' dir='ltr'>necessariam</span> <span class='ocrx_word' id='word_1_517' title='bbox 1000 3936 1281 3992; x_wconf 87' lang='lat' dir='ltr'>haberent</span> <span class='ocrx_word' id='word_1_518' title='bbox 1310 3935 1575 3990; x_wconf 91' lang='lat' dir='ltr'>liberam.</span> 
     </span>
    </p>
   </div>
   <div class='ocr_carea' id='block_1_76' title="bbox 497 4023 2062 4098">
    <p class='ocr_par' dir='ltr' id='par_1_76' title="bbox 497 4023 2062 4098">
     <span class='ocr_line' id='line_1_76' title="bbox 497 4023 2062 4098; baseline -0.006 -12"><span class='ocrx_word' id='word_1_519' title='bbox 497 4028 741 4085; x_wconf 80' lang='lat' dir='ltr'>XXXlV.</span> <span class='ocrx_word' id='word_1_520' title='bbox 775 4028 818 4083; x_wconf 93' lang='grc' dir='ltr'>Ο</span> <span class='ocrx_word' id='word_1_521' title='bbox 854 4042 1125 4098; x_wconf 84' lang='lat' dir='ltr'>magnam</span> <span class='ocrx_word' id='word_1_522' title='bbox 1157 4024 1258 4080; x_wconf 90' lang='lat' dir='ltr'>Dei</span> <span class='ocrx_word' id='word_1_523' title='bbox 1292 4040 1357 4079; x_wconf 93' lang='lat' dir='ltr'>ac</span> <span class='ocrx_word' id='word_1_524' title='bbox 1403 4023 1748 4094; x_wconf 88' lang='lat' dir='ltr'>prudentem</span> <span class='ocrx_word' id='word_1_525' title='bbox 1800 4039 2062 4095; x_wconf 88' lang='lat' dir='ltr'>manum,</span> 
     </span>
    </p>
   </div>
   <div class='ocr_carea' id='block_1_77' title="bbox 427 4109 2066 4183">
    <p class='ocr_par' dir='ltr' id='par_1_77' title="bbox 427 4109 2066 4183">
     <span class='ocr_line' id='line_1_77' title="bbox 427 4109 2066 4183; baseline -0.005 -8"><span class='ocrx_word' id='word_1_526' title='bbox 427 4122 486 4175; x_wconf 88' lang='lat' dir='ltr'>in</span> <span class='ocrx_word' id='word_1_527' title='bbox 518 4119 793 4176; x_wconf 87' lang='lat' dir='ltr'>omnibus</span> <span class='ocrx_word' id='word_1_528' title='bbox 823 4116 1021 4171; x_wconf 90' lang='lat' dir='ltr'>omnia</span> <span class='ocrx_word' id='word_1_529' title='bbox 1043 4114 1349 4169; x_wconf 89' lang='lat' dir='ltr'>facientem</span> <span class='ocrx_word' id='word_1_530' title='bbox 1385 4109 1397 4166; x_wconf 85' lang='grc' dir='ltr'>ι</span> <span class='ocrx_word' id='word_1_531' title='bbox 1432 4112 1663 4166; x_wconf 86' lang='lat' dir='ltr'>Inﬁnita</span> <span class='ocrx_word' id='word_1_532' title='bbox 1680 4111 1897 4183; x_wconf 90' lang='lat' dir='ltr'>quippe</span> <span class='ocrx_word' id='word_1_533' title='bbox 1917 4111 2066 4167; x_wconf 87' lang='lat' dir='ltr'>vola-</span> 
     </span>
    </p>
   </div>
   <div class='ocr_carea' id='block_1_78' title="bbox 426 4200 2062 4275">
    <p class='ocr_par' dir='ltr' id='par_1_78' title="bbox 426 4200 2062 4275">
     <span class='ocr_line' id='line_1_78' title="bbox 426 4200 2062 4275; baseline -0.006 -11"><span class='ocrx_word' id='word_1_534' title='bbox 426 4208 617 4264; x_wconf 90' lang='lat' dir='ltr'>tilium</span> <span class='ocrx_word' id='word_1_535' title='bbox 650 4205 965 4261; x_wconf 88' lang='lat' dir='ltr'>multitudo</span> <span class='ocrx_word' id='word_1_536' title='bbox 996 4220 1099 4275; x_wconf 88' lang='lat' dir='ltr'>per</span> <span class='ocrx_word' id='word_1_537' title='bbox 1128 4218 1261 4257; x_wconf 91' lang='lat' dir='ltr'>eum</span> <span class='ocrx_word' id='word_1_538' title='bbox 1302 4200 1544 4269; x_wconf 84' lang='lat' dir='ltr'>exstitit,</span> <span class='ocrx_word' id='word_1_539' title='bbox 1596 4201 1855 4271; x_wconf 87' lang='lat' dir='ltr'>adeoque</span> <span class='ocrx_word' id='word_1_540' title='bbox 1884 4200 2062 4271; x_wconf 89' lang='lat' dir='ltr'>varia,</span> 
     </span>
    </p>
   </div>
   <div class='ocr_carea' id='block_1_79' title="bbox 426 4289 2066 4369">
    <p class='ocr_par' dir='ltr' id='par_1_79' title="bbox 426 4289 2066 4369">
     <span class='ocr_line' id='line_1_79' title="bbox 426 4289 2066 4369; baseline -0.005 -16"><span class='ocrx_word' id='word_1_541' title='bbox 426 4300 693 4369; x_wconf 89' lang='lat' dir='ltr'>respectu</span> <span class='ocrx_word' id='word_1_542' title='bbox 727 4292 968 4350; x_wconf 90' lang='lat' dir='ltr'>alterius</span> <span class='ocrx_word' id='word_1_543' title='bbox 998 4291 1233 4347; x_wconf 90' lang='lat' dir='ltr'>omnino</span> <span class='ocrx_word' id='word_1_544' title='bbox 1264 4289 1654 4357; x_wconf 90' lang='lat' dir='ltr'>diversa,dico</span> <span class='ocrx_word' id='word_1_545' title='bbox 1687 4294 1880 4345; x_wconf 89' lang='lat' dir='ltr'>autem</span> <span class='ocrx_word' id='word_1_546' title='bbox 1911 4290 2066 4345; x_wconf 93' lang='lat' dir='ltr'>colo-</span> 
     </span>
    </p>
   </div>
   <div class='ocr_carea' id='block_1_80' title="bbox 428 4384 2064 4454">
    <p class='ocr_par' dir='ltr' id='par_1_80' title="bbox 428 4384 2064 4454">
     <span class='ocr_line' id='line_1_80' title="bbox 428 4384 2064 4454; baseline -0.004 -13"><span class='ocrx_word' id='word_1_547' title='bbox 428 4403 542 4452; x_wconf 90' lang='lat' dir='ltr'>res,</span> <span class='ocrx_word' id='word_1_548' title='bbox 605 4388 811 4451; x_wconf 89' lang='lat' dir='ltr'>rostra,</span> <span class='ocrx_word' id='word_1_549' title='bbox 871 4398 1119 4454; x_wconf 84' lang='lat' dir='ltr'>ungues,</span> <span class='ocrx_word' id='word_1_550' title='bbox 1177 4384 1499 4452; x_wconf 89' lang='lat' dir='ltr'>aspectum,</span> <span class='ocrx_word' id='word_1_551' title='bbox 1561 4395 1792 4445; x_wconf 83' lang='lat' dir='ltr'>sensus,</span> <span class='ocrx_word' id='word_1_552' title='bbox 1871 4395 2064 4448; x_wconf 90' lang='lat' dir='ltr'>voces,</span> 
     </span>
    </p>
   </div>
   <div class='ocr_carea' id='block_1_81' title="bbox 426 4467 2065 4546">
    <p class='ocr_par' dir='ltr' id='par_1_81' title="bbox 426 4467 2065 4546">
     <span class='ocr_line' id='line_1_81' title="bbox 426 4467 2065 4546; baseline -0.005 -16"><span class='ocrx_word' id='word_1_553' title='bbox 426 4480 750 4546; x_wconf 59' lang='lat' dir='ltr'>cateraque</span> <span class='ocrx_word' id='word_1_554' title='bbox 800 4471 1015 4527; x_wconf 88' lang='lat' dir='ltr'>omnia.</span> <span class='ocrx_word' id='word_1_555' title='bbox 1046 4474 1195 4537; x_wconf 85' lang='lat' dir='ltr'>Quot</span> <span class='ocrx_word' id='word_1_556' title='bbox 1246 4474 1444 4525; x_wconf 88' lang='lat' dir='ltr'>autem</span> <span class='ocrx_word' id='word_1_557' title='bbox 1487 4467 1661 4523; x_wconf 87' lang='lat' dir='ltr'>etiam</span> <span class='ocrx_word' id='word_1_558' title='bbox 1711 4472 1849 4521; x_wconf 92' lang='lat' dir='ltr'>sunt</span> <span class='ocrx_word' id='word_1_559' title='bbox 1896 4467 2065 4523; x_wconf 65' lang='lat' dir='ltr'>variae</span> 
     </span>
    </p>
   </div>
   <div class='ocr_carea' id='block_1_82' title="bbox 2177 3311 3832 3391">
    <p class='ocr_par' dir='ltr' id='par_1_82' title="bbox 2177 3311 3832 3391">
     <span class='ocr_line' id='line_1_82' title="bbox 2177 3311 3832 3391; baseline 0.004 -25"><span class='ocrx_word' id='word_1_560' title='bbox 2177 3311 2495 3390; x_wconf 76' lang='grc' dir='ltr'>φαινόμενον</span> <span class='ocrx_word' id='word_1_561' title='bbox 2574 3312 2854 3389; x_wconf 88' lang='grc' dir='ltr'>στερέωμα</span> <span class='ocrx_word' id='word_1_562' title='bbox 2924 3317 3141 3391; x_wconf 87' lang='grc' dir='ltr'>ἄστροις</span> <span class='ocrx_word' id='word_1_563' title='bbox 3212 3316 3533 3390; x_wconf 76' lang='grc' dir='ltr'>ἐκόσμησεν,</span> <span class='ocrx_word' id='word_1_564' title='bbox 3595 3319 3675 3381; x_wconf 83' lang='grc' dir='ltr'>οἷς</span> <span class='ocrx_word' id='word_1_565' title='bbox 3731 3318 3832 3373; x_wconf 81' lang='grc' dir='ltr'>καὶ</span> 
     </span>
    </p>
   </div>
   <div class='ocr_carea' id='block_1_83' title="bbox 2173 3396 3829 3482">
    <p class='ocr_par' dir='ltr' id='par_1_83' title="bbox 2173 3396 3829 3482">
     <span class='ocr_line' id='line_1_83' title="bbox 2173 3396 3829 3482; baseline 0.003 -26"><span class='ocrx_word' id='word_1_566' title='bbox 2173 3396 2393 3476; x_wconf 80' lang='grc' dir='ltr'>τρίϐους</span> <span class='ocrx_word' id='word_1_567' title='bbox 2451 3400 2613 3470; x_wconf 82' lang='grc' dir='ltr'>ὥρισε</span> <span class='ocrx_word' id='word_1_568' title='bbox 2656 3403 2746 3457; x_wconf 86' lang='grc' dir='ltr'>καὶ</span> <span class='ocrx_word' id='word_1_569' title='bbox 2796 3400 2998 3477; x_wconf 80' lang='grc' dir='ltr'>δρόμον</span> <span class='ocrx_word' id='word_1_570' title='bbox 3046 3401 3246 3476; x_wconf 69' lang='grc' dir='ltr'>ἔταξεν·</span> <span class='ocrx_word' id='word_1_571' title='bbox 3278 3413 3379 3482; x_wconf 83' lang='grc' dir='ltr'>γῆν</span> <span class='ocrx_word' id='word_1_572' title='bbox 3428 3405 3690 3461; x_wconf 79' lang='grc' dir='ltr'>ἐπίλωσεν</span> <span class='ocrx_word' id='word_1_573' title='bbox 3744 3407 3829 3470; x_wconf 81' lang='grc' dir='ltr'>εἰς</span> 
     </span>
    </p>
   </div>
   <div class='ocr_carea' id='block_1_84' title="bbox 2175 3488 3831 3571">
    <p class='ocr_par' dir='ltr' id='par_1_84' title="bbox 2175 3488 3831 3571">
     <span class='ocr_line' id='line_1_84' title="bbox 2175 3488 3831 3571; baseline 0.004 -28"><span class='ocrx_word' id='word_1_574' title='bbox 2175 3494 2393 3566; x_wconf 83' lang='grc' dir='ltr'>καρπῶν</span> <span class='ocrx_word' id='word_1_575' title='bbox 2453 3488 2694 3561; x_wconf 72' lang='grc' dir='ltr'>αὔξησιν·</span> <span class='ocrx_word' id='word_1_576' title='bbox 2754 3491 3020 3548; x_wconf 75' lang='grc' dir='ltr'>θάλασσαν</span> <span class='ocrx_word' id='word_1_577' title='bbox 3070 3491 3127 3548; x_wconf 70' lang='grc' dir='ltr'>δὲ</span> <span class='ocrx_word' id='word_1_578' title='bbox 3183 3495 3529 3571; x_wconf 84' lang='grc' dir='ltr'>περιώρισεν,</span> <span class='ocrx_word' id='word_1_579' title='bbox 3589 3494 3640 3550; x_wconf 84' lang='grc' dir='ltr'>έν</span> <span class='ocrx_word' id='word_1_580' title='bbox 3698 3496 3831 3550; x_wconf 77' lang='grc' dir='ltr'>ἀνύ-</span> 
     </span>
    </p>
   </div>
   <div class='ocr_carea' id='block_1_85' title="bbox 2177 3575 3817 3661">
    <p class='ocr_par' dir='ltr' id='par_1_85' title="bbox 2177 3575 3817 3661">
     <span class='ocr_line' id='line_1_85' title="bbox 2177 3575 3817 3661; baseline 0.004 -28"><span class='ocrx_word' id='word_1_581' title='bbox 2177 3575 2324 3652; x_wconf 86' lang='grc' dir='ltr'>δροις</span> <span class='ocrx_word' id='word_1_582' title='bbox 2383 3575 2591 3649; x_wconf 55' lang='grc' dir='ltr'>οἶὸιησιν</span> <span class='ocrx_word' id='word_1_583' title='bbox 2642 3579 2923 3659; x_wconf 79' lang='grc' dir='ltr'>ἀφορίσας·</span> <span class='ocrx_word' id='word_1_584' title='bbox 2954 3582 3021 3636; x_wconf 77' lang='grc' dir='ltr'>τὰ</span> <span class='ocrx_word' id='word_1_585' title='bbox 3067 3581 3117 3637; x_wconf 75' lang='grc' dir='ltr'>ἐν</span> <span class='ocrx_word' id='word_1_586' title='bbox 3165 3577 3265 3657; x_wconf 67' lang='grc' dir='ltr'>ἅδῃ</span> <span class='ocrx_word' id='word_1_587' title='bbox 3321 3583 3587 3657; x_wconf 73' lang='grc' dir='ltr'>ταμιεύει,</span> <span class='ocrx_word' id='word_1_588' title='bbox 3620 3587 3817 3661; x_wconf 76' lang='grc' dir='ltr'>ψυχῶν</span> 
     </span>
    </p>
   </div>
   <div class='ocr_carea' id='block_1_86' title="bbox 2174 3667 3821 3747">
    <p class='ocr_par' dir='ltr' id='par_1_86' title="bbox 2174 3667 3821 3747">
     <span class='ocr_line' id='line_1_86' title="bbox 2174 3667 3821 3747; baseline 0.005 -26"><span class='ocrx_word' id='word_1_589' title='bbox 2174 3672 2358 3743; x_wconf 90' lang='grc' dir='ltr'>χῶρον</span> <span class='ocrx_word' id='word_1_590' title='bbox 2420 3667 2713 3740; x_wconf 78' lang='grc' dir='ltr'>ὀνομάσας·</span> <span class='ocrx_word' id='word_1_591' title='bbox 2744 3671 2811 3724; x_wconf 81' lang='grc' dir='ltr'>τὰ</span> <span class='ocrx_word' id='word_1_592' title='bbox 2867 3667 2925 3724; x_wconf 77' lang='grc' dir='ltr'>δὲ</span> <span class='ocrx_word' id='word_1_593' title='bbox 2980 3671 3151 3726; x_wconf 80' lang='grc' dir='ltr'>πάντα</span> <span class='ocrx_word' id='word_1_594' title='bbox 3208 3670 3441 3743; x_wconf 77' lang='grc' dir='ltr'>ἔπλησεν</span> <span class='ocrx_word' id='word_1_595' title='bbox 3498 3673 3676 3747; x_wconf 82' lang='grc' dir='ltr'>ἀέρος,</span> <span class='ocrx_word' id='word_1_596' title='bbox 3723 3672 3821 3730; x_wconf 68' lang='grc' dir='ltr'>’ίνα</span> 
     </span>
    </p>
   </div>
   <div class='ocr_carea' id='block_1_87' title="bbox 2171 3756 3704 3840">
    <p class='ocr_par' dir='ltr' id='par_1_87' title="bbox 2171 3756 3704 3840">
     <span class='ocr_line' id='line_1_87' title="bbox 2171 3756 3704 3840; baseline 0.007 -30"><span class='ocrx_word' id='word_1_597' title='bbox 2171 3758 2345 3811; x_wconf 85' lang='grc' dir='ltr'>πάντα</span> <span class='ocrx_word' id='word_1_598' title='bbox 2372 3756 2438 3811; x_wconf 75' lang='grc' dir='ltr'>τὰ</span> <span class='ocrx_word' id='word_1_599' title='bbox 2468 3761 2579 3827; x_wconf 82' lang='grc' dir='ltr'>ζῶα</span> <span class='ocrx_word' id='word_1_600' title='bbox 2608 3759 2741 3834; x_wconf 79' lang='grc' dir='ltr'>πρὸς</span> <span class='ocrx_word' id='word_1_601' title='bbox 2771 3760 2833 3814; x_wconf 85' lang='grc' dir='ltr'>τὸ</span> <span class='ocrx_word' id='word_1_602' title='bbox 2866 3764 2958 3833; x_wconf 80' lang='grc' dir='ltr'>ζῇν</span> <span class='ocrx_word' id='word_1_603' title='bbox 2989 3758 3157 3823; x_wconf 84' lang='grc' dir='ltr'>ἀδεῶς</span> <span class='ocrx_word' id='word_1_604' title='bbox 3189 3762 3461 3818; x_wconf 83' lang='grc' dir='ltr'>ἀναπνέιιν</span> <span class='ocrx_word' id='word_1_605' title='bbox 3490 3758 3610 3840; x_wconf 77' lang='grc' dir='ltr'>ἔχοι</span> <span class='ocrx_word' id='word_1_606' title='bbox 3639 3766 3704 3820; x_wconf 75' lang='grc'>⁷⁸.</span> 
     </span>
    </p>
   </div>
   <div class='ocr_carea' id='block_1_88' title="bbox 2248 4025 3821 4106">
    <p class='ocr_par' dir='ltr' id='par_1_88' title="bbox 2248 4025 3821 4106">
     <span class='ocr_line' id='line_1_88' title="bbox 2248 4025 3821 4106; baseline 0.009 -26"><span class='ocrx_word' id='word_1_607' title='bbox 2248 4025 2486 4081; x_wconf 88' lang='lat' dir='ltr'>XXXIV.</span> <span class='ocrx_word' id='word_1_608' title='bbox 2521 4025 2586 4078; x_wconf 87' lang='grc' dir='ltr'>Ὢ</span> <span class='ocrx_word' id='word_1_609' title='bbox 2637 4031 2740 4095; x_wconf 80' lang='grc' dir='ltr'>τῆς</span> <span class='ocrx_word' id='word_1_610' title='bbox 2797 4028 3043 4100; x_wconf 79' lang='grc' dir='ltr'>μεγάλης</span> <span class='ocrx_word' id='word_1_611' title='bbox 3100 4026 3233 4083; x_wconf 78' lang='grc' dir='ltr'>Θεοῦ</span> <span class='ocrx_word' id='word_1_612' title='bbox 3282 4028 3550 4105; x_wconf 83' lang='grc' dir='ltr'>φρονίμου</span> <span class='ocrx_word' id='word_1_613' title='bbox 3607 4031 3821 4106; x_wconf 74' lang='grc' dir='ltr'>χειρὸς,</span> 
     </span>
    </p>
   </div>
   <div class='ocr_carea' id='block_1_89' title="bbox 2172 4113 3825 4195">
    <p class='ocr_par' dir='ltr' id='par_1_89' title="bbox 2172 4113 3825 4195">
     <span class='ocr_line' id='line_1_89' title="bbox 2172 4113 3825 4195; baseline 0.004 -27"><span class='ocrx_word' id='word_1_614' title='bbox 2172 4120 2271 4183; x_wconf 84' lang='grc' dir='ltr'>τῆς</span> <span class='ocrx_word' id='word_1_615' title='bbox 2316 4113 2366 4168; x_wconf 82' lang='grc' dir='ltr'>ἐν</span> <span class='ocrx_word' id='word_1_616' title='bbox 2415 4119 2544 4168; x_wconf 80' lang='grc' dir='ltr'>πᾶσι</span> <span class='ocrx_word' id='word_1_617' title='bbox 2597 4113 2769 4169; x_wconf 83' lang='grc' dir='ltr'>πάντα</span> <span class='ocrx_word' id='word_1_618' title='bbox 2798 4118 2901 4172; x_wconf 74' lang='lat'>90</span> <span class='ocrx_word' id='word_1_619' title='bbox 2931 4118 3225 4187; x_wconf 76' lang='grc' dir='ltr'>ποιούσηςί</span> <span class='ocrx_word' id='word_1_620' title='bbox 3262 4119 3455 4194; x_wconf 82' lang='grc' dir='ltr'>μυρίος</span> <span class='ocrx_word' id='word_1_621' title='bbox 3496 4120 3596 4195; x_wconf 74' lang='grc' dir='ltr'>γὰρ</span> <span class='ocrx_word' id='word_1_622' title='bbox 3645 4115 3825 4195; x_wconf 70' lang='grc' dir='ltr'>ὄχλος</span> 
     </span>
    </p>
   </div>
   <div class='ocr_carea' id='block_1_90' title="bbox 2172 4202 3821 4281">
    <p class='ocr_par' dir='ltr' id='par_1_90' title="bbox 2172 4202 3821 4281">
     <span class='ocr_line' id='line_1_90' title="bbox 2172 4202 3821 4281; baseline 0.004 -24"><span class='ocrx_word' id='word_1_623' title='bbox 2172 4207 2392 4273; x_wconf 87' lang='grc' dir='ltr'>πτηνῶν</span> <span class='ocrx_word' id='word_1_624' title='bbox 2454 4202 2542 4257; x_wconf 78' lang='grc' dir='ltr'>ὑπ’</span> <span class='ocrx_word' id='word_1_625' title='bbox 2594 4202 2757 4258; x_wconf 78' lang='grc' dir='ltr'>αὐτοῦ</span> <span class='ocrx_word' id='word_1_626' title='bbox 2835 4206 3135 4281; x_wconf 84' lang='grc' dir='ltr'>γεγένηται,</span> <span class='ocrx_word' id='word_1_627' title='bbox 3186 4206 3276 4261; x_wconf 88' lang='grc' dir='ltr'>καὶ</span> <span class='ocrx_word' id='word_1_628' title='bbox 3335 4204 3489 4269; x_wconf 74' lang='grc' dir='ltr'>οὗτος</span> <span class='ocrx_word' id='word_1_629' title='bbox 3543 4206 3821 4281; x_wconf 81' lang='grc' dir='ltr'>ποικίλος,</span> 
     </span>
    </p>
   </div>
   <div class='ocr_carea' id='block_1_91' title="bbox 2174 4289 3821 4374">
    <p class='ocr_par' dir='ltr' id='par_1_91' title="bbox 2174 4289 3821 4374">
     <span class='ocr_line' id='line_1_91' title="bbox 2174 4289 3821 4374; baseline 0.003 -27"><span class='ocrx_word' id='word_1_630' title='bbox 2174 4292 2309 4367; x_wconf 87' lang='grc' dir='ltr'>πρὸς</span> <span class='ocrx_word' id='word_1_631' title='bbox 2364 4292 2456 4346; x_wconf 90' lang='grc' dir='ltr'>τὸν</span> <span class='ocrx_word' id='word_1_632' title='bbox 2508 4289 2691 4368; x_wconf 75' lang='grc' dir='ltr'>ἕτερον</span> <span class='ocrx_word' id='word_1_633' title='bbox 2750 4294 2883 4347; x_wconf 87' lang='grc' dir='ltr'>κατὰ</span> <span class='ocrx_word' id='word_1_634' title='bbox 2934 4296 2977 4331; x_wconf 82' lang='grc'>⁷⁷</span> <span class='ocrx_word' id='word_1_635' title='bbox 3016 4294 3187 4349; x_wconf 79' lang='grc' dir='ltr'>πάντα</span> <span class='ocrx_word' id='word_1_636' title='bbox 3218 4293 3640 4371; x_wconf 77' lang='grc' dir='ltr'>ἐξηλλαγμένος,</span> <span class='ocrx_word' id='word_1_637' title='bbox 3674 4296 3821 4374; x_wconf 82' lang='grc' dir='ltr'>λέγω</span> 
     </span>
    </p>
   </div>
   <div class='ocr_carea' id='block_1_92' title="bbox 2176 4378 3827 4461">
    <p class='ocr_par' dir='ltr' id='par_1_92' title="bbox 2176 4378 3827 4461">
     <span class='ocr_line' id='line_1_92' title="bbox 2176 4378 3827 4461; baseline 0.002 -25"><span class='ocrx_word' id='word_1_638' title='bbox 2176 4378 2233 4437; x_wconf 70' lang='grc' dir='ltr'>δὲ</span> <span class='ocrx_word' id='word_1_639' title='bbox 2282 4381 2347 4435; x_wconf 79' lang='grc' dir='ltr'>τά</span> <span class='ocrx_word' id='word_1_640' title='bbox 2396 4402 2453 4435; x_wconf 91' lang='grc' dir='ltr'>τε</span> <span class='ocrx_word' id='word_1_641' title='bbox 2500 4381 2793 4456; x_wconf 83' lang='grc' dir='ltr'>χρώματα,</span> <span class='ocrx_word' id='word_1_642' title='bbox 2828 4381 3039 4461; x_wconf 76' lang='grc' dir='ltr'>ῥάμφη,</span> <span class='ocrx_word' id='word_1_643' title='bbox 3078 4380 3300 4459; x_wconf 76' lang='grc' dir='ltr'>ὄνυχας,</span> <span class='ocrx_word' id='word_1_644' title='bbox 3338 4383 3649 4460; x_wconf 82' lang='grc' dir='ltr'>βλέμματα,</span> <span class='ocrx_word' id='word_1_645' title='bbox 3678 4388 3827 4461; x_wconf 88' lang='grc' dir='ltr'>γνώ-</span> 
     </span>
    </p>
   </div>
   <div class='ocr_carea' id='block_1_93' title="bbox 2179 4468 3826 4547">
    <p class='ocr_par' dir='ltr' id='par_1_93' title="bbox 2179 4468 3826 4547">
     <span class='ocr_line' id='line_1_93' title="bbox 2179 4468 3826 4547; baseline 0.002 -22"><span class='ocrx_word' id='word_1_646' title='bbox 2179 4490 2301 4543; x_wconf 88' lang='grc' dir='ltr'>μας,</span> <span class='ocrx_word' id='word_1_647' title='bbox 2353 4470 2632 4547; x_wconf 80' lang='grc' dir='ltr'>φθέγματα</span> <span class='ocrx_word' id='word_1_648' title='bbox 2673 4469 2764 4524; x_wconf 85' lang='grc' dir='ltr'>καὶ</span> <span class='ocrx_word' id='word_1_649' title='bbox 2814 4472 2881 4525; x_wconf 79' lang='grc' dir='ltr'>τὰ</span> <span class='ocrx_word' id='word_1_650' title='bbox 2934 4468 3101 4527; x_wconf 84' lang='grc' dir='ltr'>λοιπᾶ</span> <span class='ocrx_word' id='word_1_651' title='bbox 3151 4472 3343 4529; x_wconf 88' lang='grc' dir='ltr'>πάντα.</span> <span class='ocrx_word' id='word_1_652' title='bbox 3407 4473 3574 4528; x_wconf 86' lang='grc' dir='ltr'>Πόσαι</span> <span class='ocrx_word' id='word_1_653' title='bbox 3622 4472 3678 4529; x_wconf 73' lang='grc' dir='ltr'>δὲ</span> <span class='ocrx_word' id='word_1_654' title='bbox 3732 4474 3826 4530; x_wconf 80' lang='grc' dir='ltr'>καὶ</span> 
     </span>
    </p>
   </div>
   <div class='ocr_carea' id='block_1_94' title="bbox 425 4555 2062 4637">
    <p class='ocr_par' dir='ltr' id='par_1_94' title="bbox 425 4556 2062 4635">
     <span class='ocr_line' id='line_1_94' title="bbox 425 4556 2062 4635; baseline -0.003 -19"><span class='ocrx_word' id='word_1_655' title='bbox 425 4562 762 4635; x_wconf 90' lang='lat' dir='ltr'>plantarum</span> <span class='ocrx_word' id='word_1_656' title='bbox 793 4560 1036 4632; x_wconf 89' lang='lat' dir='ltr'>species,</span> <span class='ocrx_word' id='word_1_657' title='bbox 1088 4557 1401 4627; x_wconf 86' lang='lat' dir='ltr'>coloribus,</span> <span class='ocrx_word' id='word_1_658' title='bbox 1435 4556 1840 4628; x_wconf 87' lang='lat' dir='ltr'>qualitatibus,</span> <span class='ocrx_word' id='word_1_659' title='bbox 1872 4557 2062 4612; x_wconf 93' lang='lat' dir='ltr'>odori-</span> 
     </span>
    </p>
   </div>
   <div class='ocr_carea' id='block_1_95' title="bbox 2178 4555 3827 4637">
    <p class='ocr_par' dir='ltr' id='par_1_95' title="bbox 2178 4555 3827 4637">
     <span class='ocr_line' id='line_1_95' title="bbox 2178 4555 3827 4637; baseline 0.003 -25"><span class='ocrx_word' id='word_1_660' title='bbox 2178 4562 2352 4637; x_wconf 75' lang='grc' dir='ltr'>φυτῶν</span> <span class='ocrx_word' id='word_1_661' title='bbox 2409 4555 2657 4636; x_wconf 77' lang='grc' dir='ltr'>διάφοροι</span> <span class='ocrx_word' id='word_1_662' title='bbox 2720 4556 2876 4628; x_wconf 76' lang='grc' dir='ltr'>ἰδέαι,</span> <span class='ocrx_word' id='word_1_663' title='bbox 2939 4562 3199 4635; x_wconf 86' lang='grc' dir='ltr'>χρώμασι</span> <span class='ocrx_word' id='word_1_664' title='bbox 3266 4561 3355 4616; x_wconf 88' lang='lat' dir='ltr'>xui</span> <span class='ocrx_word' id='word_1_665' title='bbox 3423 4562 3677 4633; x_wconf 82' lang='grc' dir='ltr'>ποιότησι</span> <span class='ocrx_word' id='word_1_666' title='bbox 3734 4563 3827 4618; x_wconf 85' lang='grc' dir='ltr'>καὶ</span> 
     </span>
    </p>
   </div>
   <div class='ocr_carea' id='block_1_96' title="bbox 426 4647 2067 4717">
    <p class='ocr_par' dir='ltr' id='par_1_96' title="bbox 426 4647 2067 4717">
     <span class='ocr_line' id='line_1_96' title="bbox 426 4647 2067 4717; baseline -0.004 -9"><span class='ocrx_word' id='word_1_667' title='bbox 426 4653 537 4708; x_wconf 89' lang='lat' dir='ltr'>bus</span> <span class='ocrx_word' id='word_1_668' title='bbox 564 4649 889 4706; x_wconf 90' lang='lat' dir='ltr'>innumeris</span> <span class='ocrx_word' id='word_1_669' title='bbox 920 4648 1205 4704; x_wconf 71' lang='lat' dir='ltr'>distinctas</span> <span class='ocrx_word' id='word_1_670' title='bbox 1231 4648 1243 4701; x_wconf 82' lang='grc' dir='ltr'>ι</span> <span class='ocrx_word' id='word_1_671' title='bbox 1272 4647 1422 4710; x_wconf 87' lang='lat' dir='ltr'>Quot</span> <span class='ocrx_word' id='word_1_672' title='bbox 1453 4662 1583 4701; x_wconf 89' lang='lat' dir='ltr'>vero</span> <span class='ocrx_word' id='word_1_673' title='bbox 1615 4650 1780 4701; x_wconf 72' lang='lat' dir='ltr'>terra:</span> <span class='ocrx_word' id='word_1_674' title='bbox 1814 4650 1870 4700; x_wconf 90' lang='lat' dir='ltr'>et</span> <span class='ocrx_word' id='word_1_675' title='bbox 1902 4663 2067 4717; x_wconf 73' lang='lat' dir='ltr'>aquas</span> 
     </span>
    </p>
   </div>
   <div class='ocr_carea' id='block_1_97' title="bbox 426 4734 2070 4811">
    <p class='ocr_par' dir='ltr' id='par_1_97' title="bbox 426 4734 2070 4811">
     <span class='ocr_line' id='line_1_97' title="bbox 426 4734 2070 4811; baseline -0.005 -14"><span class='ocrx_word' id='word_1_676' title='bbox 426 4740 725 4811; x_wconf 88' lang='lat' dir='ltr'>animalia,</span> <span class='ocrx_word' id='word_1_677' title='bbox 758 4754 1009 4811; x_wconf 90' lang='lat' dir='ltr'>quorum</span> <span class='ocrx_word' id='word_1_678' title='bbox 1042 4735 1405 4809; x_wconf 90' lang='lat' dir='ltr'>impossibile</span> <span class='ocrx_word' id='word_1_679' title='bbox 1445 4740 1534 4790; x_wconf 89' lang='lat' dir='ltr'>est</span> <span class='ocrx_word' id='word_1_680' title='bbox 1591 4750 1893 4790; x_wconf 88' lang='lat' dir='ltr'>recensere</span> <span class='ocrx_word' id='word_1_681' title='bbox 1924 4734 2070 4807; x_wconf 86' lang='lat' dir='ltr'>ﬁgu-</span> 
     </span>
    </p>
   </div>
   <div class='ocr_carea' id='block_1_98' title="bbox 426 4823 2069 4899">
    <p class='ocr_par' dir='ltr' id='par_1_98' title="bbox 426 4823 2069 4899">
     <span class='ocr_line' id='line_1_98' title="bbox 426 4823 2069 4899; baseline -0.003 -14"><span class='ocrx_word' id='word_1_682' title='bbox 426 4847 541 4899; x_wconf 91' lang='lat' dir='ltr'>ras,</span> <span class='ocrx_word' id='word_1_683' title='bbox 575 4831 813 4898; x_wconf 89' lang='lat' dir='ltr'>formas,</span> <span class='ocrx_word' id='word_1_684' title='bbox 848 4828 1021 4897; x_wconf 86' lang='lat' dir='ltr'>situs,</span> <span class='ocrx_word' id='word_1_685' title='bbox 1055 4825 1296 4893; x_wconf 90' lang='lat' dir='ltr'>colores,</span> <span class='ocrx_word' id='word_1_686' title='bbox 1317 4824 1544 4881; x_wconf 89' lang='lat' dir='ltr'>vivendi</span> <span class='ocrx_word' id='word_1_687' title='bbox 1574 4823 2069 4894; x_wconf 88' lang='lat' dir='ltr'>rationes,sensus</span> 
     </span>
    </p>
   </div>
   <div class='ocr_carea' id='block_1_99' title="bbox 2179 4645 3827 4728">
    <p class='ocr_par' dir='ltr' id='par_1_99' title="bbox 2179 4645 3827 4728">
     <span class='ocr_line' id='line_1_99' title="bbox 2179 4645 3827 4728; baseline 0.002 -25"><span class='ocrx_word' id='word_1_688' title='bbox 2179 4645 2374 4719; x_wconf 82' lang='grc' dir='ltr'>ὀδμαῖς</span> <span class='ocrx_word' id='word_1_689' title='bbox 2406 4647 2651 4721; x_wconf 86' lang='grc' dir='ltr'>ἀπείροις</span> <span class='ocrx_word' id='word_1_690' title='bbox 2682 4650 2726 4683; x_wconf 71' lang='grc'>’³⁸</span> <span class='ocrx_word' id='word_1_691' title='bbox 2756 4645 3143 4722; x_wconf 74' lang='grc' dir='ltr'>διωρισμέναιί</span> <span class='ocrx_word' id='word_1_692' title='bbox 3177 4649 3325 4705; x_wconf 81' lang='grc' dir='ltr'>Πόσα</span> <span class='ocrx_word' id='word_1_693' title='bbox 3368 4648 3426 4705; x_wconf 72' lang='grc' dir='ltr'>δὲ</span> <span class='ocrx_word' id='word_1_694' title='bbox 3470 4658 3570 4722; x_wconf 80' lang='grc' dir='ltr'>τῆς</span> <span class='ocrx_word' id='word_1_695' title='bbox 3626 4654 3827 4728; x_wconf 80' lang='grc' dir='ltr'>χέρσου</span> 
     </span>
    </p>
   </div>
   <div class='ocr_carea' id='block_1_100' title="bbox 2181 4733 3828 4817">
    <p class='ocr_par' dir='ltr' id='par_1_100' title="bbox 2181 4733 3828 4817">
     <span class='ocr_line' id='line_1_100' title="bbox 2181 4733 3828 4817; baseline 0.004 -28"><span class='ocrx_word' id='word_1_696' title='bbox 2181 4740 2294 4805; x_wconf 83' lang='grc' dir='ltr'>ζῶα</span> <span class='ocrx_word' id='word_1_697' title='bbox 2321 4735 2410 4789; x_wconf 86' lang='grc' dir='ltr'>καὶ</span> <span class='ocrx_word' id='word_1_698' title='bbox 2447 4740 2555 4790; x_wconf 93' lang='grc' dir='ltr'>τῶν</span> <span class='ocrx_word' id='word_1_699' title='bbox 2590 4735 2639 4790; x_wconf 82' lang='grc' dir='ltr'>ἐν</span> <span class='ocrx_word' id='word_1_700' title='bbox 2688 4733 2871 4791; x_wconf 77' lang='grc' dir='ltr'>ὕδασιν</span> <span class='ocrx_word' id='word_1_701' title='bbox 2924 4740 2990 4805; x_wconf 68' lang='grc'>⁷9,</span> <span class='ocrx_word' id='word_1_702' title='bbox 3023 4739 3096 4793; x_wconf 84' lang='grc' dir='ltr'>ὧν</span> <span class='ocrx_word' id='word_1_703' title='bbox 3149 4736 3409 4794; x_wconf 74' lang='grc' dir='ltr'>ἀδύνατον</span> <span class='ocrx_word' id='word_1_704' title='bbox 3459 4740 3626 4795; x_wconf 73' lang='grc' dir='ltr'>εἰπεῖν</span> <span class='ocrx_word' id='word_1_705' title='bbox 3683 4743 3828 4817; x_wconf 82' lang='grc' dir='ltr'>σχή-</span> 
     </span>
    </p>
   </div>
   <div class='ocr_carea' id='block_1_101' title="bbox 2182 4822 3825 4905">
    <p class='ocr_par' dir='ltr' id='par_1_101' title="bbox 2182 4822 3825 4905">
     <span class='ocr_line' id='line_1_101' title="bbox 2182 4822 3825 4905; baseline 0.003 -26"><span class='ocrx_word' id='word_1_706' title='bbox 2182 4845 2348 4898; x_wconf 86' lang='grc' dir='ltr'>ματα,</span> <span class='ocrx_word' id='word_1_707' title='bbox 2384 4824 2614 4899; x_wconf 77' lang='grc' dir='ltr'>μορφὰς,</span> <span class='ocrx_word' id='word_1_708' title='bbox 2678 4822 2865 4897; x_wconf 85' lang='grc' dir='ltr'>θέσεις,</span> <span class='ocrx_word' id='word_1_709' title='bbox 2924 4827 3195 4902; x_wconf 85' lang='grc' dir='ltr'>χρώματα</span> <span class='ocrx_word' id='word_1_710' title='bbox 3249 4831 3314 4901; x_wconf 84' lang='grc' dir='ltr'>⁸ο,</span> <span class='ocrx_word' id='word_1_711' title='bbox 3352 4828 3521 4903; x_wconf 83' lang='grc' dir='ltr'>βίους,</span> <span class='ocrx_word' id='word_1_712' title='bbox 3577 4830 3825 4905; x_wconf 79' lang='grc' dir='ltr'>γνώμας,</span> 
     </span>
    </p>
   </div>
   <div class='ocr_carea' id='block_1_102' title="bbox 1782 4976 2475 5034">
    <p class='ocr_par' dir='ltr' id='par_1_102' title="bbox 1782 4976 2475 5034">
     <span class='ocr_line' id='line_1_102' title="bbox 1782 4976 2475 5034; baseline 0.001 -4"><span class='ocrx_word' id='word_1_713' title='bbox 1782 4976 2021 5032; x_wconf 65' lang='grc' dir='ltr'>νΑΗΙίΕ</span> <span class='ocrx_word' id='word_1_714' title='bbox 2061 4976 2475 5034; x_wconf 88' lang='lat' dir='ltr'>LECTIONES.</span> 
     </span>
    </p>
   </div>
   <div class='ocr_carea' id='block_1_103' title="bbox 496 5099 3826 5178">
    <p class='ocr_par' dir='ltr' id='par_1_103' title="bbox 496 5099 3826 5178">
     <span class='ocr_line' id='line_1_103' title="bbox 496 5099 3826 5178; baseline -0.001 -20"><span class='ocrx_word' id='word_1_715' title='bbox 496 5106 540 5142; x_wconf 85' lang='grc'>⁶⁶</span> <span class='ocrx_word' id='word_1_716' title='bbox 568 5107 636 5178; x_wconf 75' lang='grc' dir='ltr'>τῇ</span> <span class='ocrx_word' id='word_1_717' title='bbox 804 5106 847 5140; x_wconf 76' lang='grc'>⁸⁷</span> <span class='ocrx_word' id='word_1_718' title='bbox 880 5099 947 5178; x_wconf 81' lang='grc' dir='ltr'>δι’</span> <span class='ocrx_word' id='word_1_719' title='bbox 978 5099 1008 5156; x_wconf 78' lang='grc' dir='ltr'>ὅ</span> <span class='ocrx_word' id='word_1_720' title='bbox 1042 5102 1137 5178; x_wconf 80' lang='lat' dir='ltr'>_C._</span> <span class='ocrx_word' id='word_1_721' title='bbox 1183 5103 1228 5138; x_wconf 73' lang='grc'>⁵⁸</span> <span class='ocrx_word' id='word_1_722' title='bbox 1259 5103 1344 5178; x_wconf 72' lang='lat' dir='ltr'>Ita</span> <span class='ocrx_word' id='word_1_723' title='bbox 1373 5100 1417 5157; x_wconf 90' lang='grc' dir='ltr'><strong>Ο</strong></span> <span class='ocrx_word' id='word_1_724' title='bbox 1448 5104 1511 5178; x_wconf 66' lang='lat' dir='ltr'>et</span> <span class='ocrx_word' id='word_1_725' title='bbox 1533 5100 1570 5157; x_wconf 88' lang='lat' dir='ltr'><strong>S</strong></span> <span class='ocrx_word' id='word_1_726' title='bbox 1601 5117 1657 5178; x_wconf 58' lang='grc' dir='ltr'>(ξ1</span> <span class='ocrx_word' id='word_1_727' title='bbox 1683 5101 1908 5178; x_wconf 47' lang='lat' dir='ltr'>Epit}.</span> <span class='ocrx_word' id='word_1_728' title='bbox 1942 5099 2346 5178; x_wconf 59' lang='grc' dir='ltr'>3ξ,εὗχώμεθα</span> <span class='ocrx_word' id='word_1_729' title='bbox 2372 5105 2470 5178; x_wconf 81' lang='lat' dir='ltr'>C.__</span> <span class='ocrx_word' id='word_1_730' title='bbox 2506 5102 2552 5137; x_wconf 78' lang='lat'><strong><em>°°</em></strong></span> <span class='ocrx_word' id='word_1_731' title='bbox 2582 5100 2922 5178; x_wconf 36' lang='lat'>{31103115110</span> <span class='ocrx_word' id='word_1_732' title='bbox 2954 5104 3087 5178; x_wconf 88' lang='lat' dir='ltr'>c._S,</span> <span class='ocrx_word' id='word_1_733' title='bbox 3109 5102 3359 5178; x_wconf 81' lang='grc' dir='ltr'>ὑποστείῃ</span> <span class='ocrx_word' id='word_1_734' title='bbox 3385 5106 3448 5178; x_wconf 90' lang='lat' dir='ltr'>_C.</span> <span class='ocrx_word' id='word_1_735' title='bbox 3524 5106 3569 5178; x_wconf 46' lang='lat'>7°</span> <span class='ocrx_word' id='word_1_736' title='bbox 3600 5100 3826 5178; x_wconf 82' lang='grc' dir='ltr'>ἐκδικῶν</span> 
     </span>
    </p>
   </div>
   <div class='ocr_carea' id='block_1_104' title="bbox 426 5172 1231 5246">
    <p class='ocr_par' dir='ltr' id='par_1_104' title="bbox 426 5172 1231 5246">
     <span class='ocr_line' id='line_1_104' title="bbox 426 5172 1231 5246; baseline -0.001 -16"><span class='ocrx_word' id='word_1_737' title='bbox 426 5182 465 5230; x_wconf 94' lang='grc' dir='ltr'><strong>Ο</strong></span> <span class='ocrx_word' id='word_1_738' title='bbox 496 5196 544 5233; x_wconf 90' lang='lat' dir='ltr'>c.</span> <span class='ocrx_word' id='word_1_739' title='bbox 580 5172 645 5243; x_wconf 76' lang='grc' dir='ltr'>Π,</span> <span class='ocrx_word' id='word_1_740' title='bbox 679 5172 870 5229; x_wconf 82' lang='grc' dir='ltr'>ἐδικεῖν</span> <span class='ocrx_word' id='word_1_741' title='bbox 905 5176 963 5231; x_wconf 87' lang='lat' dir='ltr'>C.</span> <span class='ocrx_word' id='word_1_742' title='bbox 1007 5243 1017 5246; x_wconf 85' lang='lat'>_</span> <span class='ocrx_word' id='word_1_743' title='bbox 1040 5176 1079 5209; x_wconf 77' lang='grc'>⁷³</span> <span class='ocrx_word' id='word_1_744' title='bbox 1116 5175 1231 5246; x_wconf 78' lang='lat' dir='ltr'>Leg</span> 
     </span>
    </p>
   </div>
   <div class='ocr_carea' id='block_1_105' title="bbox 425 5243 1361 5334">
    <p class='ocr_par' dir='ltr' id='par_1_105' title="bbox 425 5243 1361 5334">
     <span class='ocr_line' id='line_1_105' title="bbox 425 5243 1361 5334; baseline 0 0"><span class='ocrx_word' id='word_1_745' title='bbox 425 5257 480 5334; x_wconf 57' lang='grc' dir='ltr'>ἓ·</span> <span class='ocrx_word' id='word_1_746' title='bbox 517 5246 674 5334; x_wconf 65' lang='grc' dir='ltr'>διέἑυὲ</span> <span class='ocrx_word' id='word_1_747' title='bbox 700 5248 850 5334; x_wconf 67' lang='grc' dir='ltr'>στρ·</span> <span class='ocrx_word' id='word_1_748' title='bbox 908 5247 973 5334; x_wconf 59' lang='lat'>3°,</span> <span class='ocrx_word' id='word_1_749' title='bbox 1001 5243 1103 5334; x_wconf 64' lang='grc' dir='ltr'>έὶιιε</span> <span class='ocrx_word' id='word_1_750' title='bbox 1140 5243 1361 5334; x_wconf 58' lang='grc' dir='ltr'>(δίεισ-</span> 
     </span>
    </p>
   </div>
   <div class='ocr_carea' id='block_1_106' title="bbox 426 5314 1761 5390">
    <p class='ocr_par' dir='ltr' id='par_1_106' title="bbox 426 5314 1761 5390">
     <span class='ocr_line' id='line_1_106' title="bbox 426 5314 1761 5390; baseline -0.004 -12"><span class='ocrx_word' id='word_1_751' title='bbox 426 5328 491 5389; x_wconf 88' lang='grc' dir='ltr'>υ,</span> <span class='ocrx_word' id='word_1_752' title='bbox 553 5314 612 5355; x_wconf 62' lang='grc' dir='ltr'>’π</span> <span class='ocrx_word' id='word_1_753' title='bbox 640 5320 838 5376; x_wconf 84' lang='lat' dir='ltr'>Scribe</span> <span class='ocrx_word' id='word_1_754' title='bbox 865 5317 931 5371; x_wconf 74' lang='grc' dir='ltr'>τὰ</span> <span class='ocrx_word' id='word_1_755' title='bbox 956 5316 1007 5372; x_wconf 76' lang='grc' dir='ltr'>ἐν</span> <span class='ocrx_word' id='word_1_756' title='bbox 1032 5314 1210 5374; x_wconf 69' lang='grc' dir='ltr'>ῧδασι.</span> <span class='ocrx_word' id='word_1_757' title='bbox 1245 5314 1308 5374; x_wconf 79' lang='grc' dir='ltr'>Ι).</span> <span class='ocrx_word' id='word_1_758' title='bbox 1383 5316 1429 5352; x_wconf 77' lang='grc' dir='ltr'>⁸ο</span> <span class='ocrx_word' id='word_1_759' title='bbox 1458 5318 1663 5390; x_wconf 88' lang='grc' dir='ltr'>χρῶμα</span> <span class='ocrx_word' id='word_1_760' title='bbox 1700 5316 1761 5372; x_wconf 86' lang='lat' dir='ltr'>C.</span> 
     </span>
    </p>
   </div>
   <div class='ocr_carea' id='block_1_107' title="bbox 1238 5171 3831 5246">
    <p class='ocr_par' dir='ltr' id='par_1_107' title="bbox 1238 5171 3831 5246">
     <span class='ocr_line' id='line_1_107' title="bbox 1238 5171 3831 5246; baseline 0.002 -19"><span class='ocrx_word' id='word_1_761' title='bbox 1238 5217 1248 5227; x_wconf 94' lang='lat'>.</span> <span class='ocrx_word' id='word_1_762' title='bbox 1282 5171 1557 5246; x_wconf 47' lang='grc' dir='ltr'>ἔχητεβῇ</span> <span class='ocrx_word' id='word_1_763' title='bbox 1613 5173 1658 5207; x_wconf 65' lang='grc'><strong>⁷³</strong></span> <span class='ocrx_word' id='word_1_764' title='bbox 1691 5172 1805 5246; x_wconf 66' lang='grc' dir='ltr'>ᾀέρι</span> <span class='ocrx_word' id='word_1_765' title='bbox 1832 5172 1892 5227; x_wconf 87' lang='lat' dir='ltr'>C.</span> <span class='ocrx_word' id='word_1_766' title='bbox 1969 5174 2014 5208; x_wconf 74' lang='grc'>⁷³</span> <span class='ocrx_word' id='word_1_767' title='bbox 2048 5171 2319 5246; x_wconf 50' lang='grc' dir='ltr'>Ρόῐῖῐαεειᾷ</span> <span class='ocrx_word' id='word_1_768' title='bbox 2341 5173 2715 5229; x_wconf 89' lang='lat' dir='ltr'>scribendum</span> <span class='ocrx_word' id='word_1_769' title='bbox 2746 5174 2980 5246; x_wconf 83' lang='grc' dir='ltr'>πρώτως</span> <span class='ocrx_word' id='word_1_770' title='bbox 3011 5171 3082 5231; x_wconf 32' lang='lat' dir='ltr'>Sf</span> <span class='ocrx_word' id='word_1_771' title='bbox 3146 5177 3192 5211; x_wconf 71' lang='lat'>7‘</span> <span class='ocrx_word' id='word_1_772' title='bbox 3219 5171 3478 5237; x_wconf 72' lang='grc' dir='ltr'>ἐναντίοις</span> <span class='ocrx_word' id='word_1_773' title='bbox 3508 5177 3571 5234; x_wconf 91' lang='grc' dir='ltr'>Ο.</span> <span class='ocrx_word' id='word_1_774' title='bbox 3650 5178 3693 5211; x_wconf 75' lang='grc'>⁷⁸</span> <span class='ocrx_word' id='word_1_775' title='bbox 3744 5177 3831 5232; x_wconf 81' lang='lat' dir='ltr'>Ita</span> 
     </span>
    </p>
   </div>
   <div class='ocr_carea' id='block_1_108' title="bbox 1297 5241 3826 5322">
    <p class='ocr_par' dir='ltr' id='par_1_108' title="bbox 1297 5241 3826 5322">
     <span class='ocr_line' id='line_1_108' title="bbox 1297 5241 3826 5322; baseline 0 -20"><span class='ocrx_word' id='word_1_776' title='bbox 1297 5241 1361 5302; x_wconf 79' lang='grc' dir='ltr'>σ.</span> <span class='ocrx_word' id='word_1_777' title='bbox 1385 5245 1481 5322; x_wconf 45' lang='lat'>“7&quot;</span> <span class='ocrx_word' id='word_1_778' title='bbox 1501 5243 1568 5322; x_wconf 71' lang='lat' dir='ltr'>Cl</span> <span class='ocrx_word' id='word_1_779' title='bbox 1592 5241 1738 5322; x_wconf 49' lang='grc' dir='ltr'>κατέ</span> <span class='ocrx_word' id='word_1_780' title='bbox 1755 5241 1883 5300; x_wconf 81' lang='lat' dir='ltr'>sine</span> <span class='ocrx_word' id='word_1_781' title='bbox 1912 5260 2091 5304; x_wconf 87' lang='lat' dir='ltr'>causa</span> <span class='ocrx_word' id='word_1_782' title='bbox 2118 5262 2182 5303; x_wconf 88' lang='lat' dir='ltr'>ac</span> <span class='ocrx_word' id='word_1_783' title='bbox 2213 5245 2385 5302; x_wconf 89' lang='lat' dir='ltr'>tacite</span> <span class='ocrx_word' id='word_1_784' title='bbox 2416 5245 2665 5302; x_wconf 90' lang='lat' dir='ltr'>mutavit</span> <span class='ocrx_word' id='word_1_785' title='bbox 2694 5246 2752 5301; x_wconf 90' lang='lat' dir='ltr'>in</span> <span class='ocrx_word' id='word_1_786' title='bbox 2787 5241 2939 5319; x_wconf 79' lang='grc' dir='ltr'>μετά,</span> <span class='ocrx_word' id='word_1_787' title='bbox 2964 5246 3120 5320; x_wconf 91' lang='lat' dir='ltr'>quod</span> <span class='ocrx_word' id='word_1_788' title='bbox 3150 5249 3382 5322; x_wconf 90' lang='lat' dir='ltr'>repetiit</span> <span class='ocrx_word' id='word_1_789' title='bbox 3411 5249 3470 5305; x_wconf 93' lang='lat' dir='ltr'>S.</span> <span class='ocrx_word' id='word_1_790' title='bbox 3546 5250 3590 5285; x_wconf 78' lang='grc'>⁷⁸</span> <span class='ocrx_word' id='word_1_791' title='bbox 3621 5246 3826 5322; x_wconf 84' lang='grc' dir='ltr'>ἀπείρω</span> 
     </span>
    </p>
   </div>
   <div class='ocr_carea' id='block_1_109' title="bbox 1814 5467 2449 5525">
    <p class='ocr_par' dir='ltr' id='par_1_109' title="bbox 1814 5467 2449 5525">
     <span class='ocr_line' id='line_1_109' title="bbox 1814 5467 2449 5525; baseline 0 -3"><span class='ocrx_word' id='word_1_792' title='bbox 1814 5467 2192 5525; x_wconf 84' lang='lat' dir='ltr'>VARIORUM</span> <span class='ocrx_word' id='word_1_793' title='bbox 2222 5467 2449 5523; x_wconf 78' lang='lat' dir='ltr'>NOT/E.</span> 
     </span>
    </p>
   </div>
   <div class='ocr_carea' id='block_1_110' title="bbox 504 5591 3831 5675">
    <p class='ocr_par' dir='ltr' id='par_1_110' title="bbox 504 5591 3831 5675">
     <span class='ocr_line' id='line_1_110' title="bbox 504 5591 3831 5675; baseline 0.001 -24"><span class='ocrx_word' id='word_1_794' title='bbox 504 5596 616 5675; x_wconf 58' lang='lat' dir='ltr'>(Q6)</span> <span class='ocrx_word' id='word_1_795' title='bbox 644 5593 994 5675; x_wconf 44' lang='lat' dir='ltr'>npibzovp‘w</span> <span class='ocrx_word' id='word_1_796' title='bbox 1015 5593 1106 5675; x_wconf 68' lang='lat' dir='ltr'>t’n</span> <span class='ocrx_word' id='word_1_797' title='bbox 1136 5594 1198 5649; x_wconf 86' lang='grc' dir='ltr'>τὸ</span> <span class='ocrx_word' id='word_1_798' title='bbox 1226 5592 1479 5675; x_wconf 44' lang='grc' dir='ltr'>Αεῦλογον</span> <span class='ocrx_word' id='word_1_799' title='bbox 1537 5591 1626 5673; x_wconf 81' lang='grc' dir='ltr'>ἀφ’</span> <span class='ocrx_word' id='word_1_800' title='bbox 1683 5591 1909 5669; x_wconf 67' lang='grc' dir='ltr'>ἑαυτῶν,</span> <span class='ocrx_word' id='word_1_801' title='bbox 1969 5598 2078 5655; x_wconf 88' lang='lat' dir='ltr'>etc.</span> <span class='ocrx_word' id='word_1_802' title='bbox 2138 5593 2398 5669; x_wconf 81' lang='lat' dir='ltr'>Respicit</span> <span class='ocrx_word' id='word_1_803' title='bbox 2430 5593 2501 5652; x_wconf 90' lang='lat' dir='ltr'>ad</span> <span class='ocrx_word' id='word_1_804' title='bbox 2531 5593 3043 5654; x_wconf 84' lang='lat' dir='ltr'>decantatissimos</span> <span class='ocrx_word' id='word_1_805' title='bbox 3072 5597 3309 5656; x_wconf 86' lang='lat' dir='ltr'>Hesiodi</span> <span class='ocrx_word' id='word_1_806' title='bbox 3338 5614 3560 5659; x_wconf 81' lang='lat' dir='ltr'>versus.</span> <span class='ocrx_word' id='word_1_807' title='bbox 3595 5597 3831 5675; x_wconf 74' lang='lat' dir='ltr'>Operam</span> 
     </span>
    </p>
   </div>
   <div class='ocr_carea' id='block_1_111' title="bbox 433 5666 1352 5743">
    <p class='ocr_par' dir='ltr' id='par_1_111' title="bbox 433 5666 1352 5743">
     <span class='ocr_line' id='line_1_111' title="bbox 433 5666 1352 5743; baseline -0.009 -12"><span class='ocrx_word' id='word_1_808' title='bbox 433 5676 484 5731; x_wconf 80' lang='lat' dir='ltr'>et</span> <span class='ocrx_word' id='word_1_809' title='bbox 507 5666 725 5729; x_wconf 75' lang='lat' dir='ltr'>dierum</span> <span class='ocrx_word' id='word_1_810' title='bbox 752 5683 809 5725; x_wconf 83' lang='grc' dir='ltr'>ν.</span> <span class='ocrx_word' id='word_1_811' title='bbox 841 5668 941 5724; x_wconf 85' lang='grc'>291</span> <span class='ocrx_word' id='word_1_812' title='bbox 977 5673 1033 5725; x_wconf 87' lang='lat' dir='ltr'>et</span> <span class='ocrx_word' id='word_1_813' title='bbox 1063 5683 1188 5743; x_wconf 86' lang='lat' dir='ltr'>seq.</span> <span class='ocrx_word' id='word_1_814' title='bbox 1222 5666 1352 5724; x_wconf 75' lang='lat' dir='ltr'>Cor.</span> 
     </span>
    </p>
   </div>
   <div class='ocr_carea' id='block_1_112' title="bbox 3705 345 4021 405">
    <p class='ocr_par' dir='ltr' id='par_1_112' title="bbox 3705 345 4021 405">
     <span class='ocr_line' id='line_1_112' title="bbox 3705 345 4021 405; baseline -0.025 0"><span class='ocrx_word' id='word_1_815' title='bbox 3705 345 4021 405; x_wconf 19' lang='lat'>132..</span> 
     </span>
    </p>
   </div>
  </div>
