4064 6330
170 384 274 443 133

1314 376 1847 437 CLEMENTlNA.
1880 408 1953 418 —-
1988 374 2308 433 llOMlLIA
2354 373 2451 432 lll.

3458 374 3574 432 134

168 514 361 591 ’.ξ-ὅσης,
392 508 591 588 ὄχλονο
624 508 709 566 ἔτι
760 532 821 565 τε
872 508 1038 575 ὀρέων
1090 506 1279 578 πλήθη
1328 507 1415 561 καὶ
1466 506 1598 579 ὕψη,
1650 504 1816 567 λίθων

1938 522 2003 560 ac
2032 506 2368 572 instinctus,
2400 505 3103 571 naturas,multitudinem
3139 523 3151 560 :
3185 509 3249 560 ut
3280 522 3384 560 nec
3409 521 3575 559 mon-

169 601 439 680 διανροράς,
496 598 712 675 μυχοὺς
769 602 813 636 ⁸¹
875 593 1177 677 φοϐεροὺς,
1237 598 1455 670 πηγάς,
1513 593 1819 666 ποταμοὺς,

170 690 384 763 λίμνας,
416 689 713 760 Θαλάσσας,
772 687 1024 760 λιμένας,
1055 689 1272 757 νήσους,
1307 684 1459 752 ὕλας,
1493 681 1819 755 οἰκουμένην

165 800 217 833 τε
243 786 417 834 πᾶσαν
443 779 535 833 καὶ
563 778 867 848 ἀοικήτους
898 776 1119 837 τόπους.

229 980 451 1032 XXXV.
488 972 640 1028 Πόσα
678 970 736 1027 δὲ
765 972 856 1026 καὶ
912 968 1054 1025 ἄλλα
1098 968 1341 1044 άγνωστα
1388 968 1665 1043 τυγχάνει,
1698 987 1821 1020 στο-

165 1065 369 1139 χασμὸν
406 1063 717 1138 ἀνθρώπων
764 1057 1125 1137 ἒκπεφευγότα
1149 1059 1160 1113 !
1187 1062 1302 1111 Τῶν
1337 1054 1393 1111 δὲ
1423 1055 1474 1110 έν
1518 1055 1823 1129 καταλήψει

164 1153 320 1207 ὄντων
375 1153 461 1213 τίς
514 1150 823 1224 ἀνθρώπων
881 1146 972 1203 ἕνα
1022 1146 1148 1223 ὅρον
1180 1144 1319 1201 οἶδεν
1350 1148 1361 1202 !
1396 1144 1549 1221 Λέγω
1594 1142 1670 1213 δὲ,
1705 1149 1821 1207 πῶς

163 1242 384 1317 οὐρανὸς
418 1238 679 1307 εἱλεῖται,
716 1242 836 1299 πῶς
869 1234 1035 1312 ἄστρα
1066 1235 1303 1314 φέρεται,
1342 1234 1431 1289 καὶ
1465 1234 1609 1295 τίνας
1635 1232 1821 1309 ἔχουσι

162 1330 245 1391 τὶς
297 1328 525 1405 μοριράς
572 1327 666 1381 καὶ
723 1330 822 1381 τοῦ
873 1325 967 1399 ζῇν
1014 1327 1114 1393 τήν
1170 1324 1435 1394 σύστασιν,
1480 1321 1618 1384 τίνες
1667 1344 1723 1376 τε
1771 1323 1823 1377 οἱ

160 1419 361 1473 τοῦτων
414 1414 692 1492 ἀερώδεις
750 1409 952 1490 τρίϐοι.
1010 1412 1182 1476 Πόθεν
1240 1434 1298 1467 τε
1352 1412 1439 1466 καὶ
1495 1412 1561 1466 τὰ
1608 1411 1818 1484 ἀνέμων

165 1507 443 1580 πνεύματα
472 1507 850 1581 περιωθεῖται,
893 1503 982 1557 καὶ
1032 1500 1323 1580 διαφόρους
1374 1499 1487 1576 ἔχει
1534 1500 1629 1563 τάς
1675 1500 1818 1575 ἐνερ-

163 1598 328 1670 γείας.
400 1599 528 1655 Πῶς
580 1595 626 1629 ⁸³
681 1591 988 1653 ἀνελλιπως
1049 1590 1301 1667 βρύουσιν
1357 1592 1411 1644 αἱ
1469 1592 1672 1665 πηγαὶ,
1731 1591 1819 1644 καὶ

166 1686 364 1738 τὶένναοι
414 1685 463 1720 ⁸³
510 1682 751 1753 ποταμοὶ
795 1679 1070 1756 γινόμενοι
1118 1678 1194 1741 εἷς
1243 1677 1508 1733 Θάλασσαν
1554 1683 1821 1733 καταντῶ-

166 1772 377 1834 σιν,καὶ
422 1768 549 1825 οὗτε
602 1771 720 1825 ὅθεν
770 1767 1023 1845 ἔρχονται
1067 1772 1343 1823 κενοῦνται
1395 1770 1459 1834 ⁸⁸,
1510 1767 1631 1821 οὔτε
1683 1766 1818 1821 ὅπου

164 1862 499 1938 ἀπέρχονται
559 1858 867 1932 πληροῦσιν
899 1901 912 1914 .

162 1952 426 2026 ταρτάρου
458 1950 524 2003 τὸ
555 1946 777 2023 ἄπειρον
815 1947 1001 2022 βάθος’
1035 1946 1123 2001 ἐπὶ
1170 1946 1277 2000 τίνι
1328 1947 1429 2022 ἄρα
1469 1944 1816 2022 ἐπαιωρεῖται

164 2042 387 2093 ὁπάπα
436 2039 716 2113 περιέχων
775 2034 1018 2110 οὐρανός·
1069 2040 1187 2097 πῶς
1233 2039 1328 2093 97
1382 2036 1513 2114 νέφη
1563 2034 1613 2105 ἐξ
1662 2034 1817 2110 ἀέρος

168 2127 336 2202 βρόει,
367 2127 463 2182 καὶ
498 2126 575 2188 εἷς
609 2127 740 2201 ἀέρα
770 2124 1106 2198 ωμπῖνεται·
1142 2124 1220 2185 τίς
1267 2123 1423 2201 φύσις
1461 2126 1695 2200 βροντῶν
1727 2122 1817 2178 καί

167 2220 478 2294 ἀστραπῶν,
515 2216 744 2292 χιόνων,
798 2214 1071 2290 χαλάζης,
1117 2212 1386 2289 ὁμίχλης,
1436 2212 1815 2286 κρυστάλλων,

165 2304 520 2381 καταιγίδων,
574 2300 818 2379 ὄμϐρων,
867 2307 1041 2381 νεφῶν
1091 2302 1507 2379 αἰωρουμένων·
1560 2302 1649 2357 καὶ
1698 2307 1814 2365 πῶς

167 2398 316 2470 εντα,
372 2400 490 2464 ζῶα
536 2393 786 2448 πλάσσει·
828 2391 917 2446 καὶ
964 2397 1131 2447 ταῦτα
1177 2389 1459 2470 διαφοραῖς
1508 2391 1813 2468 ἀναριθμή-

166 2505 269 2547 τοις
302 2484 454 2551 πάσῃ
489 2479 735 2559 ἀκριϐείᾳ
767 2485 1011 2556 συνεχῶς
1039 2478 1450 2554 ἀποτελούμενα
1478 2483 1543 2539 ⁸⁵.
1590 2474 1593 2477 ’

225 2681 469 2738 XXXVI.
501 2680 696 2752 ’Ὀμως
744 2676 831 2732 ἐάν
882 2698 963 2738 τις
1009 2677 1071 2731 τὸ
1119 2683 1221 2731 πᾶν
1272 2672 1509 2750 ἀκριϐῶς
1558 2675 1814 2751 λογισμῷ

167 2768 351 2840 συνιδῇ
378 2772 446 2840 ⁸⁸,
494 2768 710 2841 εὑρήσει
742 2764 811 2821 δι’
842 2767 1121 2841 ἄνθρωπον
1154 2769 1244 2819 τὸν
1276 2766 1402 2821 Θεὸν
1448 2766 1808 2836 πεποιηκότα.

168 2860 223 2913 Οἱ
251 2860 356 2935 γὰρ
391 2852 600 2934 ὄμϐροι
633 2860 853 2933 καρπῶν
896 2852 1050 2911 ἕνεκα
1092 2855 1350 2931 γίνονται,
1398 2852 1485 2909 ’ἶνα
1534 2856 1814 2932 ἄνθρωπος

173 2941 449 3020 μεταλάϐῃ
480 2949 543 3013 ³⁷,
577 2945 668 2999 καὶ
726 2949 835 3014 ζῶα
882 2946 1080 3020 τραφῇ,
1132 2943 1279 3005 ὅπως
1308 2943 1580 3019 ἀνθρώπῳ
1611 2964 1814 3019 χρησι-

173 3037 318 3111 μεῦῃ·
352 3036 444 3090 καὶ
479 3034 645 3103 ἥλιος
695 3033 869 3089 φαίνει
922 3034 1009 3088 καὶ
1058 3036 1101 3070 ⁸⁸
1143 3034 1235 3088 τὸν
1282 3034 1413 3108 ἀέρα
1455 3033 1531 3095 εἰς
1560 3035 1817 3111 τέσσαρας

169 3126 367 3198 τροπάς
396 3125 608 3197 τρέπει,
657 3122 746 3177 ’ἶνα
793 3120 1013 3185 ἕκαστος
1061 3124 1245 3197 καιρὸς
1290 3125 1357 3177 τὰ
1405 3121 1516 3177 ἴδια
1545 3124 1816 3198 ἀνθρώπῳ

1932 594 2079 648 tium
2112 596 2493 666 frequentiam
2517 600 2571 648 et
2594 593 3224 666 altitudines,lapidum
3252 595 3555 651 diversita-

1930 688 2038 749 tes,
2073 689 2242 738 antra
2270 683 2573 749 terribilia,
2596 684 3039 751 fontes,ﬂuvios,
3075 684 3339 756 paludes,
3363 686 3566 753 maria,

1932 772 2612 842 portus,insulas,silvas,
2636 772 3088 845 universumque
3108 775 3307 829 orbem
3338 774 3570 831 habita-

1932 860 2132 925 bilem,
2165 878 2281 916 una
2312 878 2443 917 cum
2469 862 2609 917 locis
2634 862 3139 919 inhabitabilibus.

2002 969 2225 1022 XXXV.
2260 971 2485 1034 Quanta
2514 987 2645 1025 vero
2676 976 2733 1026 et
2761 971 2875 1027 alia
2906 971 3270 1042 ignorantur,
3303 971 3575 1027 humani-

1932 1072 2044 1127 que
2095 1058 2276 1111 animi
2349 1059 2531 1113 aciem
2580 1060 2851 1130 fugiunt!
2906 1061 3116 1115 Eorum
3189 1066 3384 1116 autem
3442 1078 3569 1134 qum

1932 1153 2381 1216 cognoscuntur,
2418 1149 2549 1219 quis
2583 1150 2882 1204 hominum
2915 1150 3001 1205 vel
3034 1167 3211 1205 unam
3244 1151 3403 1206 novit
3432 1152 3574 1206 defi-

1933 1234 2213 1289 nitionem
2245 1236 2255 1289 l
2291 1236 2411 1299 Quo
2466 1238 2658 1305 modo,
2708 1238 2972 1309 inquam,
3026 1238 3237 1293 caelum
3272 1240 3521 1294 volvitur
3552 1256 3568 1296 :

1932 1339 2047 1394 quo
2082 1325 2252 1379 modo
2284 1330 2440 1379 astra
2470 1327 2807 1395 decurrunt,
2842 1333 2897 1382 et
2927 1345 3072 1398 quas
3108 1329 3324 1383 habent
3354 1330 3571 1385 formas

1930 1413 2202 1483 undeque
2232 1414 2453 1481 vivunt,
2503 1432 2569 1469 ac
2601 1433 2871 1486 quaenam
2904 1433 3103 1471 eorum
3137 1418 3304 1473 aeriae
3330 1420 3575 1475 semitm.

1932 1502 2076 1557 Item
2111 1503 2265 1556 unde
2295 1508 2599 1558 ventorum
2632 1506 2802 1559 flatus
2830 1506 3247 1571 obtruduntur,
3274 1508 3581 1577 variasque

1932 1590 2152 1646 habent
2182 1592 2351 1646 vires.
2378 1594 2497 1656 Quo
2524 1595 2693 1647 modo
2728 1594 3123 1649 indesinenter
3146 1596 3334 1650 fontes
3356 1600 3580 1651 scatent

1930 1686 1985 1734 et
2019 1681 2174 1734 fluvii
2208 1682 2468 1753 perpetui
2498 1680 2565 1736 ad
2593 1699 2751 1737 mare
2774 1684 3131 1739 descendunt
3160 1703 3171 1752 ;
3205 1688 3388 1740 etnec
3420 1686 3576 1742 unde

1927 1770 2167 1824 veniunt
2214 1770 2474 1825 vacuitas
2524 1772 2607 1840 fit,
2664 1788 2765 1826 nec
2819 1789 2933 1842 quo
2979 1774 3198 1827 abeunt
3247 1774 3570 1845 plenitudo.

970 1857 1150 1932 Μέχρι
1205 1861 1311 1911 ποῦ
1367 1861 1463 1911 τοῦ
1521 1856 1817 1932 ἀπεράντου

1933 1858 2243 1929 Quousque
2277 1861 2534 1929 pervenit
2566 1862 2840 1915 immensi
2870 1863 3070 1916 tartari
3103 1861 3401 1917 infinitum
3434 1880 3569 1935 pro-

1928 1948 2197 2001 fundum.
2253 1948 2439 2019 Super
2505 1966 2615 2018 quo
2672 1950 3056 2021 suspenditur
3121 1951 3353 2018 ccelum,
3413 1952 3569 2024 quod

1927 2035 2121 2091 omnia
2149 2037 2556 2103 continet.Qua
2579 2039 2800 2094 ratione
2828 2041 3011 2095 nubes
3034 2058 3101 2096 ex
3123 2057 3252 2096 aere
3274 2041 3571 2109 diffluunt,

1926 2128 1981 2179 et
2010 2126 2069 2179 in
2101 2142 2290 2181 aerem
2324 2126 2710 2181 imbibuntur.
2746 2128 2879 2192 Quae
2913 2133 3123 2183 natura
3163 2129 3487 2185 tonitruum
3518 2136 3576 2187 et

1927 2213 2253 2285 fulgurum,
2303 2214 2544 2283 nivium,
2596 2218 2917 2287 grandinis,
2980 2218 3203 2273 nebulae
3254 2218 3461 2291 glaciei
3518 2225 3575 2275 et

1926 2303 2358 2374 crystallorum,
2418 2305 2823 2376 procellarum,
2885 2306 3164 2361 imbrium
3209 2308 3570 2377 nubiumque

1926 2410 2367 2463 suspensarum.
2421 2398 2488 2447 Et
2538 2411 2651 2465 quo
2702 2401 2867 2466 pacto
2900 2395 3111 2467 planta:
3145 2397 3469 2452 formentur
3509 2402 3569 2453 et

1924 2482 2219 2549 animalia,
2256 2487 2429 2554 atque
2460 2482 2580 2538 haec
2620 2483 2944 2539 innumeris
2975 2485 3412 2542 diversitatibus
3442 2503 3571 2543 om-

1924 2570 2102 2641 nique
2133 2570 2432 2643 diligentia
2464 2571 2736 2627 continue
2767 2572 3048 2628 confecta.

1994 2677 2234 2733 XXXVI.
2262 2679 2465 2749 Itaque
2497 2679 2596 2750 qui
2628 2678 2962 2733 universum
3003 2683 3271 2735 accurate
3301 2681 3572 2738 conside-

1926 2767 2154 2837 raverit,
2190 2766 2461 2835 inveniet,
2494 2767 2751 2823 hominis
2781 2784 2959 2822 causa
2988 2768 3047 2822 id
3080 2768 3293 2823 factum
3327 2770 3506 2827 fuisse
3538 2788 3573 2827 a

1924 2860 2058 2911 Deo.
2093 2856 2237 2910 Nam
2274 2854 2493 2912 imbres
2524 2862 2753 2928 propter
2784 2856 2979 2929 fruges
3006 2858 3247 2925 ﬁunt,ut
3272 2858 3447 2914 homo
3469 2877 3569 2916 su-

1927 2950 2049 3000 mat
2081 2949 2134 2999 et
2164 2945 2360 2999 bestiae
2396 2946 2753 3013 nutriantur,
2790 2963 2903 3018 quo
2937 2945 3159 3001 homini
3205 2948 3525 3004 inserviant
3556 2967 3571 3017 ;

1926 3034 2011 3089 sol
2045 3039 2284 3105 apparet
2316 3051 2380 3089 ac
2412 3034 2647 3099 lucet,et
2669 3052 2861 3090 aerem
2892 3036 2951 3088 in
2986 3041 3234 3106 quatuor
3263 3039 3399 3092 anni
3432 3041 3574 3093 tem-

1927 3128 2179 3195 pestates
2210 3124 2397 3191 vertit,
2426 3129 2487 3177 ut
2509 3141 2871 3195 unaqumque
2898 3129 3214 3195 tempestas
3246 3143 3371 3197 qua:
3394 3126 3571 3181 habet

168 3217 445 3290 παρασχῇ*
492 3214 581 3267 καὶ
632 3212 808 3287 πηγαὶ
864 3211 1115 3287 βρόουσιν
1165 3215 1229 3283 ⁸9,
1276 3209 1368 3265 ’ἱνα
1413 3213 1564 3272 πόμα
1612 3212 1817 3289 ἀνθρώ-

1933 3212 2154 3267 homini
2185 3212 2503 3283 largiatur;
2538 3214 2721 3268 fontes
2753 3214 3101 3281 scaturiunt,
3137 3217 3201 3268 ut
3224 3220 3395 3285 potus
3427 3233 3572 3287 prae-

166 3324 286 3365 ποις
337 3300 495 3373 δοθῇ.
552 3300 710 3357 Ἀλλ’
759 3297 835 3356 ἔτι
891 3302 997 3373 μὴν
1049 3301 1185 3355 κατά
1230 3302 1292 3354 τὸ
1346 3298 1567 3355 δυνατὸν
1612 3301 1693 3362 τίς
1734 3301 1823 3369 ἐπὶ

166 3399 261 3460 τῆς
319 3392 551 3452 κτίσεως
601 3389 837 3465 κυριεύει
892 3389 1089 3464 ;Οὖχῖ
1148 3388 1471 3465 ἅνθρωπος,
1528 3390 1586 3451 ὃς
1635 3391 1822 3467 σοφίαν

174 3478 424 3556 εἴληφεν,
488 3487 592 3553 γῆν
651 3484 908 3554 γεωργεῖν
944 3521 958 3546 ,
1019 3477 1284 3534 θάλασσαν
1343 3478 1547 3551 πλεῖν,
1606 3481 1821 3553 νηκτὰ,

166 3571 358 3639 πτηνά,
410 3568 580 3644 θηρία
627 3567 903 3643 ἀγρεύειν,
955 3568 1161 3642 ἄστρων
1214 3565 1414 3643 δρόμον
1466 3566 1822 3642 λογιστεύειν,

164 3665 260 3731 γῆν
320 3655 700 3727 μεταλλεόειν,
750 3655 1021 3710 θάλασσαν
1068 3658 1251 3726 σήθειν
1280 3700 1294 3725 ,
1346 3655 1535 3718 πόλεις
1574 3656 1821 3733 ἐγείρειν,

167 3745 407 3817 βασιλεῖς
458 3748 504 3781 ⁸ο
550 3745 773 3820 ὁρίζειν,
826 3744 1028 3817 νόμους
1079 3744 1313 3817 τάσσειν,
1366 3742 1599 3813 δικάζειν
1636 3790 1649 3814 ,
1696 3746 1822 3800 Θεὸν

165 3834 386 3908 ἀόρατον
420 3839 586 3904 νοεῖν,
619 3830 871 3907 ἀγγέλων
929 3833 1166 3907 ὀνόματα
1209 3833 1514 3909 γνωρίζειν,
1563 3830 1822 3907 δαίμονας

166 3921 493 3977 ἀπελαύνειν
531 3966 546 3991 ,
600 3921 792 3983 νόσους
853 3922 1180 3999 φαρμακίαις
1248 3923 1527 3998 πειρᾶσθαι
1586 3922 1818 3991 παύειν,

353 4009 376 4027 α

169 4014 301 4066 κατὰ
348 4009 397 4065 δ’
454 4006 690 4065 ἰοϐόλων
742 4011 979 4086 ἑρπετῶν
1026 4008 1281 4073 ἐπαοιδὰς
1330 4010 1622 4087 εὑρίσκειν,
1672 4011 1818 4064 ἀντι-

166 4100 382 4163 παθείας
426 4100 657 4155 ἐπινοεῖν
688 4119 701 4168 ;

230 4297 501 4353 XXXVII.
536 4295 599 4348 Εἰ
633 4292 692 4349 δὲ
725 4293 1086 4369 εὖγνωμονεῖς
1136 4297 1203 4365 θί,
1250 4290 1516 4368 ἄνθρωπε,
1549 4296 1815 4366 νενοηκὼς

164 4387 247 4437 τὸν
306 4384 358 4439 ἐν
418 4390 581 4437 πᾶσιν
643 4383 1062 4457 εὖεργετήσαντά
1116 4403 1175 4437 σε
1220 4384 1369 4452 Θεὸν,
1421 4383 1509 4437 καὶ
1556 4385 1813 4447 ἀθάνατος

167 4472 219 4527 ἂν
252 4473 339 4546 ᾖς,
368 4478 479 4527 τῶν
514 4469 603 4526 διὰ
635 4473 693 4526 σὲ
722 4472 1039 4535 κτισθέντων
1071 4468 1139 4525 δι’
1171 4470 1583 4546 εὐγνωμοσύνην
1618 4475 1716 4530 98
1750 4473 1811 4527 τὸ

166 4559 429 4634 διαμένειν
486 4560 725 4635 ἐχόντων
758 4601 772 4618 .

168 4649 454 4727 ἱερθαρτος,
506 4649 593 4703 ἐὰν
646 4648 881 4723 ἐπιγνῷς
928 4648 986 4702 ’ὸν
1037 4646 1249 4716 ἔλαθες,
1300 4648 1385 4702 έάν
1437 4649 1719 4724 ἀγαπήσῃς
1752 4652 1810 4705 ὃν

166 4738 451 4799 κατέλιπες
480 4742 547 4807 92,
591 4736 680 4792 ἐὰν
730 4737 876 4808 αὐτῷ
925 4736 1076 4809 μόνῳ
1125 4737 1427 4813 προσεύχῃ,
1457 4743 1536 4810 τῷ
1581 4742 1626 4775 ⁸³
1658 4739 1816 4811 σῶμά

170 4847 259 4881 σου
288 4828 379 4881 καὶ
432 4829 619 4902 ψυχὴν
670 4825 900 4881 κολάσαι
942 4826 1033 4879 καὶ
1084 4830 1252 4879 σῶσαι
1306 4822 1582 4899 δυναμένῳ
1626 4831 1686 4886 9‘.
1721 4830 1815 4884 Διὸ

300 4919 508 4970 πάντων
540 4915 744 4983 ἐνεδοοῦ,
775 4914 859 4969 ὅτι
907 4912 1082 4976 οὐδεὶς
1140 4913 1285 4985 αὐτῷ
1316 4916 1593 4990 συνάρχει,
1636 4914 1811 4980 οὐδεὶς

166 5011 264 5073 τῆς
314 5004 475 5059 αὐτοῦ
517 5009 769 5059 κοινωνεῖ
820 5003 1134 5077 ὀνομασίας,
1186 5006 1346 5056 τοῦτο
1395 5004 1423 5058 ’ὀ
1475 5001 1541 5072 δή
1598 5004 1811 5081 λέγεται

168 5092 317 5154 Θεός.
387 5093 564 5157 Μόνος
622 5093 725 5169 γὰρ
803 5091 962 5155 αὐτὸς
1035 5092 1125 5147 καὶ
1195 5090 1412 5168 λέγεται
1484 5092 1573 5148 καὶ
1650 5090 1810 5153 ἔστιν.

1936 3302 2141 3356 beatur
2172 3301 2527 3356 hominibus.
2554 3302 2632 3355 Ad
2667 3301 3106 3372 hac,quisnam,
3140 3306 3423 3373 quantum
3448 3303 3575 3360 fieri

1936 3391 2489 3461 potest,dominatur
2518 3391 2573 3444 in
2599 3394 2967 3445 creaturam?
2995 3390 3197 3446 Nonne
3227 3391 3445 3447 homo?
3474 3392 3580 3465 qui

1934 3478 2286 3534 industriam
2312 3478 2533 3549 accepit
2554 3477 2778 3533 colendi
2798 3483 3034 3545 terram,
3058 3479 3371 3550 navigandi
3394 3497 3578 3550 mare,

1934 3568 2196 3639 capiendi
2227 3568 2435 3639 pisces,
2468 3584 2620 3631 aves,
2668 3569 2854 3634 feras;
2888 3567 3247 3637 expendendi
3281 3573 3572 3625 astrorum

1934 3656 2495 3721 cursum,scrutandi
2534 3656 3035 3723 terram,findendi
3068 3654 3248 3722 mare,
3282 3658 3571 3713 condendi

1936 3745 2129 3813 urbes,
2162 3745 2508 3817 designandi
2549 3761 2732 3815 reges,
2762 3745 2981 3799 ferendi
3031 3744 3208 3817 leges,
3237 3745 3567 3815 judicandi,

1930 3833 2114 3889 Deum
2148 3834 2497 3888 invisibilcm
2530 3835 2939 3906 cognoscendi,
2962 3834 3183 3889 sciendi
3210 3834 3449 3890 nomina
3471 3852 3572 3889 an-

1928 3922 2212 3995 gelorum,
2246 3922 2569 3994 expellendi
2624 3924 2935 3990 dmmones,
2987 3923 3247 3978 tentandi
3298 3923 3572 3979 remediis

1930 4013 2166 4067 morbos
2198 4014 2420 4082 sedare,
2458 4010 2787 4066 inveniendi
2818 4012 3241 4067 incantationes
3263 4011 3572 4068 adversum

1926 4106 2242 4156 venenatos
2267 4105 2589 4172 serpentes,
2614 4100 3116 4155 animadvertendi
3138 4117 3334 4157 rerum
3367 4104 3574 4157 mutuo

1927 4207 1989 4245 se
2018 4191 2379 4261 abigentium
2414 4189 2885 4262 repugnantiam.

1995 4296 2259 4352 XXXVII.
2309 4296 2471 4359 Quod
2527 4296 2575 4350 si
2621 4301 2851 4367 gratum
2882 4300 2937 4352 te
2984 4301 3248 4368 praestas,
3288 4297 3485 4366 homo,
3519 4302 3579 4353 et

1925 4384 2205 4457 intelligis
2262 4384 2366 4439 tibi
2408 4384 2467 4439 in
2500 4386 2773 4441 omnibus
2806 4386 3129 4441 beneficum
3161 4386 3366 4457 Deum,
3398 4386 3574 4440 etiam

1925 4474 2274 4529 immortalis
2324 4474 2551 4540 evades,
2610 4491 2817 4545 resque
2863 4479 2963 4529 tua
3014 4491 3191 4529 causa
3220 4475 3463 4530 conditae
3498 4475 3570 4529 ob

836 4559 931 4613 Καὶ
988 4564 1077 4613 νῦν
1157 4557 1214 4614 δὲ
1285 4559 1526 4635 γενέσθαι
1596 4558 1813 4616 δύνασαι

1933 4563 2340 4635 gratitudinem
2392 4579 2758 4633 perseverare
2791 4562 3109 4618 habebunt.
3153 4564 3222 4618 Et
3252 4580 3386 4619 vero
3416 4579 3574 4618 nunc

1926 4654 2300 4724 incorruptus
2324 4652 2446 4707 fieri
2481 4652 2719 4723 potes,si
2747 4668 2921 4721 quem
2950 4651 3233 4723 ignorasti
3265 4669 3573 4724 agnoscas,

1926 4740 1975 4797 si
2008 4757 2183 4812 quem
2214 4740 2501 4810 reliquisti
2538 4738 2773 4811 diligas,
2806 4740 2852 4795 si
2888 4740 2936 4793 ei
2971 4741 3071 4794 uni
3126 4740 3442 4811 supplices,
3474 4739 3575 4811 qui

1926 4847 2137 4901 corpus
2156 4835 2322 4884 tuum
2344 4833 2400 4884 et
2417 4829 2676 4884 animam
2701 4828 2989 4901 supplicio
3012 4828 3241 4883 afﬁcere
3263 4832 3321 4883 et
3343 4844 3575 4883 servare

1925 4920 2328 4990 potest.0uare
2359 4922 2493 4973 ante
2525 4917 2723 4973 omnia
2753 4918 2963 4988 cogita,
2993 4917 3283 4972 neminem
3316 4933 3449 4970 cum
3473 4915 3570 4971 illo

1922 5006 2533 5079 imperare,neminem
2566 5023 2701 5061 cum
2729 5022 2795 5061 eo
2817 5022 3192 5061 communem
3224 5004 3437 5060 habere
3468 5021 3569 5076 ap-

1923 5095 2318 5170 pellationem,
2351 5095 2409 5151 id
2458 5111 2668 5168 nempe
2718 5096 2873 5168 quod
2912 5099 3151 5151 vocatur
3188 5094 3360 5150 Deus.
3396 5093 3569 5151 Solus

1512 5301 1753 5357 VARle
1792 5300 2208 5359 LECTIONES.

232 5461 276 5549 “l
340 5456 546 5549 μόχους
579 5466 662 5549 ‘C.
720 5456 895 5549 πηνάς

166 5604 349 5678 τρέπῃ,
398 5605 489 5661 καὶ
535 5600 770 5678 (ἔναι’κζ
796 5600 962 5678 '1'.__).._
1000 5603 1060 5659 C.
1110 5602 1154 5678 8_°
1205 5600 1455 5678 Bpﬁopo'iv
1502 5605 1558 5669 S,
1600 5612 1663 5674 υ,

169 5622 194 5655 τ
232 5622 349 5676 ’πῃ,
398 5622 489 5661 και
538 5622 643 5678 ινα,
694 5624 747 5659 κ.
796 5623 849 5657 τ.
901 5622 952 5657 Α.
1000 5622 1060 5659 u.
1110 5622 1154 5637 υ*
1205 5622 1455 5676 ppuoumv
1502 5622 1558 5669 δ,
1600 5622 1663 5674 υ,

169 5622 373 5740 ἔλειπες
420 5680 484 5740 C.
527 5679 570 5716 ⁸³
609 5676 676 5737 τό
732 5674 795 5735 C.
847 5674 893 5711 ⁸⁸
938 5670 1216 5750 δυναμένῳ
1263 5673 1353 5731 καὶ
1402 5678 1568 5733 σῶσαι
1617 5678 1682 5738 0.

1060 5458 1244 5534 πηγάς
1293 5459 1391 5534 0,-
1414 5461 1482 5534 ⁸⁸,
1516 5460 1675 5515 πόθεν
1732 5464 1793 5520 C.
1846 5461 2138 5534 ⁸³,ἀέναοι
2183 5462 2244 5518 C.
2305 5460 2376 5534 ⁸⁸,
2412 5463 2657 5534 κενοῦται
2828 5461 2874 5496 ⁸⁵
2912 5460 3009 5534 __Ita
3065 5475 3267 5534 marg.
3317 5460 3398 5534 Ci,
3451 5460 3565 5534 cuj.

166 5527 356 5605 textus
410 5527 845 5605 ἀποτελουμένίῃ,
900 5527 971 5605 pi.
1013 5534 1085 5605 ΔΟ.
1113 5527 1432 5605 ,έθᾳσυνίδῃ
1458 5532 1500 5588 Ο
1561 5551 1610 5589 c.
1645 5536 1703 5602 S,
1732 5531 1967 5605 ,συνείδη
2014 5536 2075 5591 C.
2125 5533 2168 5568 ⁸⁷

1757 5605 1953 5679 ρόωσιᾼν
1987 5612 2047 5660 G.
2073 5606 2118 5640 9°
2168 5601 2314 5679 Lege
2368 5601 2644 5679 βασιλείας
2676 5605 2754 5659 Cl.
2789 5605 2830 5640 '1
2879 5601 3238 5679 εὐγνωμόνεις
3272 5605 3335 5660 Ο.
3369 5607 3413 5640 ⁹²
3443 5626 3569 5660 κατ-

1772 5680 1865 5737 ein
1916 5675 2079 5733 ἐννοῶ
2111 5692 2167 5750 p.
2219 5672 2404 5731 ἐνενοοῦ
2452 5676 2533 5734 Cl.
2586 5693 2702 5735 non
2750 5679 2811 5748 Ο,
2855 5687 2916 5735 ut
2951 5672 3113 5738 'falso
3163 5679 3458 5736 annotavit
3505 5679 3563 5741 S.

2224 5526 2508 5605 μεταλάϐῃ
2547 5550 2663 5605 om.
2713 5533 2775 5588 Ο.
2824 5534 2867 5567 ⁸⁸
2909 5528 3000 5605 ξίνα
3046 5526 3279 5605 τηάέρα
3328 5526 3403 5593 εἰς
3432 5555 3482 5590 τ.
3515 5526 3566 5592 τ.
