4064 6330
126 352 229 412 I37

1247 351 1772 414 CLEMENTINA.
1806 381 1883 394 —
1923 348 2251 412 HOMILIA
2296 352 2402 413 lIl.

3406 350 3522 412 138

122 478 259 536 λεται
305 481 371 537 τὸ
416 480 579 544 τέλος
628 475 934 559 ἀκριόῶσαι
980 481 1145 555 ϐέλει,
1194 481 1230 553 ἤ
1264 481 1349 539 ἰπὶ
1398 487 1475 554 τῷ
1509 483 1584 556 μὴ
1628 482 1765 536 κατὰ

1893 481 2022 548 vult,
2056 486 2156 537 aut
2184 484 2453 539 convenit
2478 500 2606 539 eam
2637 483 2709 539 ob
2743 498 2865 538 rem
2888 481 3228 554 paenitendi,
3251 499 3382 555 quae
3402 499 3519 538 non

118 572 337 644 γνώμην
387 570 655 627 ἀποοάντι
707 568 1197 645 μεταμελομένου⁶
1230 616 1242 629 .
1306 570 1403 626 Καὶ
1456 572 1520 625 τὸ
1576 569 1768 646 γεγρά-

121 662 234 736 φθαι
286 678 300 691 ’
386 660 486 715 Καὶ
546 660 837 738 ὡσφράνθη
918 660 1114 736 Κύριος
1193 661 1370 734 ὀσμὴν
1428 662 1584 718 100
1640 658 1770 714 εὐω-

122 747 247 817 δίας,
307 747 527 811 ἐνδεοῦς
582 749 767 820 ἐστιν,
825 748 917 804 καὶ
968 749 1031 804 τὸ
1102 748 1190 804 έπὶ
1245 748 1435 823 κνίσσῃ
1474 751 1495 785 ⁷
1554 751 1765 824 σαρκῶν

121 840 368 907 ἡσθῆναι,
430 838 534 893 οὐκ
587 839 813 913 ἀγαθοῦ.
868 838 937 893 Τὸ
997 835 1055 893 δὲ
1101 837 1399 914 πειράζειν,
1450 837 1523 900 ὡς
1573 838 1767 913 γέγρα-

119 948 252 981 mar
292 928 395 982 Kal
454 926 705 1003 ἐπείρασε
761 925 961 1002 Κύριος
1012 928 1103 983 τὸν
1131 922 1403 1003 Ἀϐραὰμ,
1463 930 1632 982 κακοῦ
1676 925 1766 980 καὶ

119 1019 167 1069 τὸ
198 1015 362 1078 τέλος
393 1022 498 1085 τῆς
532 1017 816 1089 ὑπομονῆς
847 1014 1185 1092 ἀγνοοῦντος.

177 1109 292 1162 XL.
357 1107 543 1177 Ὀμῶς
592 1105 673 1159 ⁸6
733 1104 920 1177 Σίμων
977 1104 1166 1161 πολλὰ
1218 1102 1323 1159 ἀπὸ
1372 1108 1481 1160 τῶν
1538 1107 1764 1182 Γραφῶν

122 1192 281 1249 ἐδόκει
344 1191 611 1249 δεικνύειν
668 1192 759 1248 τὸν
807 1192 934 1249 Θεὸν
982 1193 1144 1248 παντὶ
1190 1192 1347 1257 πάθει
1389 1192 1763 1266 ὑποκείμενον.

122 1284 207 1336 Καὶ
258 1283 286 1337 ὁ
349 1281 565 1357 Πέτρος
609 1283 745 1357 πρὸς
793 1285 816 1320 ⁹
854 1280 1020 1338 ταῦτα
1067 1280 1191 1357 ἔφη’
1252 1283 1316 1337 El
1367 1279 1536 1356 μηδὲν
1586 1282 1769 1357 ἀγαπᾷ

122 1373 332 1434 ὁκακὸς
392 1372 490 1426 καὶ
548 1372 683 1427 πάνυ
735 1372 1017 1447 μοχθηρὸς
1068 1370 1149 1449 ἐφ’
1194 1371 1274 1433 οἷς
1324 1370 1617 1445 ἁμαρτάνει
1650 1372 1769 1426 tau-

119 1461 194 1514 τὸν
225 1460 519 1536 ἐλέγχειν,
572 1455 859 1535 ἀπόκριναί
906 1480 1021 1533 μοι.
1067 1459 1166 1514 Kal
1216 1460 1245 1514 6
1288 1459 1475 1533 Σίμων
1505 1458 1631 1538 ἔφη’
1661 1458 1771 1514 Οὐκ

124 1550 313 1623 ἀγαπᾷ.
381 1548 485 1603 Καὶ
544 1549 573 1603 6
627 1548 828 1623 Πέτρος
888 1545 1017 1626 ἔφη·
1087 1552 1211 1610 Πῶς
1264 1550 1308 1586 ¹⁰
1356 1545 1447 1603 οῦν
1493 1548 1655 1610 κακὸς
1679 1546 1769 1602 καὶ

126 1638 411 1714 μοχθηρὸς
465 1637 597 1692 εἶναι
646 1634 866 1692 δύναται
906 1638 934 1692 6
964 1637 1118 1704 Θεὸς,
1152 1633 1300 1711 εἷ’περ
1349 1636 1514 1691 αὐτοῦ
1545 1636 1773 1709 λήμμα-

122 1747 162 1778 τι
190 1732 231 1764 ¹¹
281 1728 359 1781 τὰ
404 1727 528 1781 κατ’
581 1725 745 1780 αὐτοῦ
792 1726 929 1781 κακὰ
977 1722 1219 1799 δημοσίᾳ
1258 1723 1525 1804 γραφέντα
1574 1745 1772 1801 προσε-

1880 588 2012 627 secu
2023 572 2096 626 nd
2108 588 2204 627 um
2228 572 2578 629 sententiam
2594 572 3024 644 conligit.Quod
3038 574 3214 628 etiam
3236 572 3522 644 scriptum

1844 665 1985 725 .est,
2016 664 2068 716 et
2096 661 2354 717 odoratus
2389 667 2469 716 est
2518 663 2781 717 Dominus
2826 660 3044 716 odorem
3091 661 3380 715 suavitatis
3422 660 3521 733 (ιι),

1876 749 2193 822 indigentis
2224 755 2333 818 est,
2365 754 2422 806 et
2472 750 2673 806 nidore
2728 749 2991 805 carnium
3043 749 3338 819 delectari,
3403 766 3518 805 non

1875 843 1963 895 est
1992 839 2150 894 boni.
2185 841 2432 895 Tentare
2480 844 2699 905 autem,
2748 838 2903 895 sicut
2948 838 3233 910 scriptum
3281 843 3372 894 est
3404 854 3416 894 :
3450 840 3528 894 Et

1876 929 2106 983 tentavit
2133 928 2393 983 Dominus
2422 929 2801 984 Abrahamum
2830 928 2927 999 (b),
2974 926 3113 982 mali
3144 940 3251 996 est,
3298 944 3364 983 ac
3393 928 3522 999 eius

1876 1016 1977 1087 qui
2011 1016 2239 1089 ignoret
2267 1017 2485 1072 exitum
2520 1016 2834 1088 patientiae.

1946 1105 2058 1161 XL.
2091 1106 2303 1178 Sicque
2332 1106 2531 1162 Simon
2564 1105 2767 1160 multis
2801 1121 2871 1161 ex
2920 1105 3218 1177 Scriptum
3248 1104 3391 1162 locis
3423 1123 3519 1162 as-

1876 1196 2131 1267 sumptis
2160 1196 2471 1251 videbatur
2499 1195 2954 1267 probare,Deum
2976 1194 3135 1250 omni
3165 1196 3545 1267 perpessioni

1876 1300 2004 1339 esse
2035 1284 2375 1340 obnoxium.
2410 1284 2478 1338 Et
2528 1284 2729 1339 Petrus
2779 1285 2850 1339 ad
2901 1284 3025 1339 haec
3071 1284 3215 1341 dixit
3246 1304 3259 1345 :
3294 1293 3381 1342 An
3412 1288 3523 1360 qui

1878 1372 2070 1429 malus
2101 1390 2167 1428 ac
2198 1372 2367 1445 plane
2398 1372 2703 1445 improbus
2732 1377 2841 1437 est,
2893 1372 3228 1429 nullatenus
3272 1376 3409 1431 velit
3454 1392 3518 1433 se

1880 1461 2006 1533 ipse
2033 1478 2276 1535 arguere
2307 1462 2368 1518 in
2400 1461 2472 1517 iis
2526 1478 2653 1532 quea
2702 1466 2922 1533 peccat,
2974 1465 3260 1534 responde
3310 1465 3459 1520 mihi
3491 1466 3520 1521 τ

1880 1550 2199 1623 Respondit
2229 1551 2431 1607 Simon
2466 1568 2479 1607 :
2512 1550 2752 1606 Minime
2781 1550 2936 1607 velit.
2996 1552 3234 1624 Excepit
3262 1554 3468 1609 Petrus
3504 1570 3520 1610 :

1881 1655 1996 1709 quo
2028 1640 2199 1695 modo
2229 1638 2407 1711 igitur
2454 1638 2647 1695 malus
2700 1654 2768 1695 ac
2807 1638 3112 1711 improbus
3159 1658 3288 1699 esse
3335 1646 3528 1714 potest

1882 1728 2056 1798 Deus,
2089 1745 2224 1783 cum
2268 1729 2455 1800 ipsius
2511 1728 2806 1784 voluntate
2865 1730 3180 1801 opprobria
3231 1730 3290 1786 in
3351 1730 3525 1787 illum

122 1814 278 1886 14.67,;
317 1815 428 1873 Kal
462 1816 493 1869 6
526 1812 734 1887 Σίμων·
787 1811 1095 1889 Ἐνδέχεται
1148 1814 1223 1887 μὴ
1260 1817 1305 1853 ¹²
1334 1816 1471 1870 κατὰ
1518 1813 1773 1891 προαίρεσ

1893 1816 2213 1889 conscripta
2242 1817 2474 1889 publice
2504 1817 2772 1889 apposita
2798 1818 2936 1873 sint.
2980 1824 3059 1873 Ac
3090 1819 3290 1875 Simon
3327 1838 3341 1876 :
3380 1820 3527 1876 Fieri

122 1926 189 1958 σιν
249 1901 428 1960 αὐτοῦ
491 1904 579 1981 ὑφ’
653 1902 836 1980 ἑτέρας
914 1900 1192 1976 δυνάμεως
1262 1904 1354 1958 τὸν
1429 1910 1543 1959 κατ’
1611 1903 1778 1959 αὑτοῦ

125 2000 399 2072 γραφῆναι
453 1989 708 2068 ἔλεγχον.
767 1991 874 2048 Καὶ
930 1993 959 2047 6
1012 1992 1215 2068 Πέτρος
1266 1989 1389 2070 ἔφη’
1438 1996 1659 2068 Πρῶτον
1686 1991 1777 2046 οὗν

122 2088 271 2137 τοῦτο
329 2083 687 2153 ζητήσωμεν.
741 2079 804 2135 Εἰ
859 2081 953 2153 μὲν
1006 2080 1109 2136 ὑπὸ
1164 2083 1265 2149 τῆς
1322 2081 1514 2136 ἑαυτοῦ
1568 2077 1775 2156 βουλῆς

126 2172 303 2226 ἑαυτὸν
349 2169 600 2246 ἤλεγξεν,
652 2168 727 2231 ὡς
776 2167 981 2248 φθάσας
1031 2168 1518 2244 συνωμολόγησας,
1554 2179 1777 2244 μοχθη-

126 2262 205 2335 ρὸς
239 2260 348 2315 οὐκ
396 2255 566 2329 ἔστιν,
600 2258 644 2313 εἷ
677 2256 735 2313 δὲ
791 2258 878 2336 ὑφ’
924 2256 1107 2334 ἑτέρας
1160 2254 1459 2331 δυνάμεως,
1514 2260 1775 2329 ζητητέον

123 2352 199 2403 καὶ
248 2348 423 2403 παντὶ
501 2346 669 2411 σθένει
729 2345 1063 2417 ἐξεταστέον,
1125 2348 1200 2421 μή
1252 2367 1334 2408 τις
1391 2345 1551 2401 αὐτὸν
1615 2346 1776 2419 μόνον

127 2440 320 2513 ἀγαθὸν
356 2434 489 2492 ὄντα
518 2435 606 2492 ἐπὶ
636 2442 766 2491 πᾶσι
796 2442 911 2499 τοῖς
942 2442 1130 2499 κακοῖς
1163 2430 1425 2491 ὑπέϐαλεν
1456 2437 1519 2492 ⁸⁸.

187 2627 334 2677 XLI.
377 2618 489 2676 Kal
546 2620 574 2674 6
634 2618 846 2691 Σίμων·
910 2615 1200 2692 Πρόδηλος
1256 2618 1300 2672 εί
1358 2617 1610 2695 φεύγων,
1673 2616 1778 2672 ἀπὸ

124 2716 224 2766 τῶν
288 2714 522 2787 Γραφῶν
582 2710 671 2763 τὸν
733 2709 871 2763 κατά
928 2711 1061 2763 Θεοῦ
1110 2728 1206 2762 σου
1255 2705 1479 2762 ἀκοῦσαι
1519 2704 1776 2782 ἔλεγχον.

127 2800 218 2855 Καὶ
257 2802 289 2856 ὁ
353 2800 588 2874 Πέτρος·
647 2797 820 2860 Αὐτός
883 2818 978 2871 μοι
1035 2795 1194 2874 φαίνῃ
1248 2800 1408 2851 τοῦτο
1460 2799 1662 2852 ποιῶν.
1721 2796 1778 2849 Ὀ

127 2892 222 2963 vi;
277 2887 435 2958 τάξιν
519 2888 795 2956 ζητήσεως
875 2884 1081 2963 φεύγων
1140 2883 1372 2956 ἐξέτασιν
1448 2882 1626 2953 ἀληθῆ
1681 2903 1776 2957 γε·

127 2980 303 3033 νέσθαι
337 2976 402 3031 ού
440 2974 715 3049 βούλεται.
746 2978 900 3037 Ὅθεν
934 2977 1080 3031 101
1118 2972 1226 3048 ἐγὼ
1254 2978 1323 3048 τῇ
1369 2973 1512 3043 τάξει
1552 2972 1778 3048 χρώμε-

128 3088 231 3135 νος,
279 3065 375 3121 καὶ
426 3062 768 3139 βουλόμενος
817 3067 1034 3139 πρῶτον
1087 3064 1178 3118 τὸν
1227 3061 1530 3140 συγγραφέα
1581 3062 1775 3130 νοηθῆ-

127 3176 225 3225 ναι,
274 3151 572 3230 πρόδηλός
620 3151 733 3225 είμι
776 3153 874 3221 τήν
919 3151 1123 3215 εὐθεῖαν
1175 3148 1377 3207 ὁδεύειν
1429 3149 1621 3215 θέλων.
1674 3148 1776 3207 Καὶ

1888 1909 2080 1977 potest
2110 1905 2358 1961 utillius
2384 1906 2755 1977 reprehensio
2805 1910 3009 1961 contra
3057 1907 3244 1978 ipsius
3292 1914 3533 1965 senten-

1888 1995 2030 2049 tiam
2063 1994 2137 2049 ab
2168 1993 2282 2050 alia
2306 1995 2518 2049 virtute
2547 1994 2625 2049 sit
2653 1994 2891 2066 scripta.
2924 1994 3078 2050 Dixit
3118 1996 3324 2053 Petrus
3360 2015 3372 2054 ε
3409 1998 3530 2053 Pri-

1887 2099 2051 2138 mum
2081 2099 2217 2155 ergo
2250 2082 2357 2139 hoc
2388 2100 2740 2154 quaeramus.
2773 2084 2829 2137 Si
2862 2101 2967 2139 suo
3000 2085 3236 2157 quidem
3281 2087 3525 2144 consilio

1887 2188 1949 2227 se
1990 2170 2381 2243 reprehendit,
2433 2177 2498 2226 ut
2543 2176 2605 2227 tu
2650 2172 2814 2244 prius
2864 2172 3013 2228 ultro
3080 2175 3384 2230 confessus
3440 2191 3529 2242 es,

1886 2259 2192 2332 improbus
2219 2277 2333 2316 non
2360 2265 2486 2328 est;
2519 2260 2609 2315 sin
2642 2277 2773 2316 vero
2805 2260 2917 2317 alia
2948 2263 3176 2331 virtute,
3226 2262 3529 2335 inquiren-

1888 2350 2030 2403 dum
2060 2352 2149 2404 est
2177 2365 2242 2404 ac
2271 2349 2546 2405 omnibus
2587 2349 2809 2404 viribus
2852 2350 3329 2422 examinandum,
3384 2370 3528 2409 num

1888 2438 2023 2509 quis
2053 2454 2209 2503 eum,
2243 2438 2342 2510 qui
2373 2436 2534 2493 solus
2565 2438 2753 2493 bonus
2784 2438 3012 2510 existat,
3045 2440 3320 2497 omnibus
3353 2441 3529 2498 malis

1888 2526 2221 2597 subjecerit.

1957 2616 2095 2672 XLI.
2123 2617 2194 2671 Et
2221 2616 2418 2671 Simon
2455 2634 2467 2671 :
2501 2616 2874 2672 Manifestum
2907 2620 2998 2672 est
3042 2621 3098 2672 te
3128 2619 3527 2690 reprehensio-

1888 2722 2022 2761 nem
2055 2706 2153 2761 Dei
2184 2704 2270 2760 tui
2302 2722 2370 2761 ex
2400 2705 2721 2776 Scripturis
2751 2705 2905 2760 nolle
2935 2706 3156 2762 audire.
3188 2710 3266 2763 Ac
3297 2712 3525 2765 Petrus:

1886 2794 1970 2850 Tu
2005 2794 2131 2866 ipse
2161 2794 2218 2849 id
2246 2795 2433 2849 facere
2462 2793 2609 2848 mihi
2635 2794 2871 2850 videris.
2905 2794 3011 2859 Qui
3051 2796 3208 2851 enim
3261 2798 3527 2854 ordinem

1888 2882 2229 2955 quaestionis
2260 2882 2426 2953 fugit,
2459 2899 2702 2938 examen
2758 2900 2963 2939 vorum
3023 2884 3146 2940 ﬁeri
3206 2902 3321 2941 non
3379 2886 3522 2943 vult.

1887 2972 2051 3029 Unde
2079 2988 2207 3044 ego,
2238 2972 2335 3042 qui
2366 2972 2567 3027 ordine
2598 2977 2748 3038 utor,
2781 2976 2837 3028 et
2862 2973 2990 3028 volo
3051 2974 3306 3044 primum
3338 2976 3529 3031 consi-

1887 3060 2076 3116 derari
2106 3060 2469 3131 scriptorem,
2504 3060 2812 3115 manifeste
2841 3062 3011 3133 cupio
3044 3067 3200 3118 recta
3229 3062 3319 3118 via
3371 3064 3528 3119 ince-

1888 3150 2041 3205 dere.
2074 3150 2225 3204 Tum
2255 3149 2455 3204 Simon
2483 3166 2497 3203 :
2533 3148 2725 3204 Primo
2756 3149 2955 3205 fatere.
2979 3168 3051 3205 an
3083 3168 3217 3207 vera
3247 3152 3367 3207 sint
3396 3169 3526 3225 quas

126 3244 151 3297 ὁ
209 3220 870 3317 έίμωνδὉμολόγησον
928 3244 1166 3316 πρῶτον,
1224 3237 1332 3316 εἷ’γε
1382 3244 1450 3294 τὰ
1504 3240 1640 3294 κατᾶ
1677 3242 1775 3294 τοῦ

1893 3239 2105 3310 scripta
2134 3241 2275 3293 sunt
2302 3236 2360 3292 in
2385 3238 2588 3293 mundi
2616 3238 2884 3310 opiﬁcem
2906 3255 3009 3293 nec
3042 3240 3120 3294 sit
3140 3241 3402 3296 omnium
3432 3259 3528 3297 su-

126 3330 477 3407 εημιουργοῦ
532 3330 886 3406 γεγραμμένα
944 3326 1123 3399 ἀληθῆ
1183 3327 1316 3397 ἐστι,
1370 3332 1458 3383 καί
1516 3327 1616 3383 οὐκ
1666 3325 1777 3382 ἔστι

121 3427 225 3477 τῶν
254 3421 411 3478 ὅλων
466 3420 749 3495 ἀνώτερος,
801 3418 938 3473 κατὰ
982 3418 1079 3480 τὰς
1127 3420 1339 3496 Γραφάς
1370 3419 1512 3492 πάσῃ
1556 3416 1777 3472 ὑποχεί-

130 3530 285 3581 μενος
351 3506 658 3582 μοχθηρίᾳ,
717 3505 807 3560 καὶ
868 3504 1084 3582 ὕστερον
1138 3507 1445 3577 ζητήσομεν
1500 3505 1593 3560 τὸν
1646 3526 1777 3580 συγ-

125 3598 434 3673 γράψαντα.
482 3594 587 3651 Καὶ
634 3596 663 3650 6
712 3595 936 3670 Πέτρος·
981 3597 1094 3651 ’Ίνα
1140 3595 1215 3667 μή
1262 3591 1436 3666 δόξω,
1480 3592 1776 3669 ἀντιλέγειν

127 3708 220 3741 σου
277 3685 353 3759 τῇ
411 3684 599 3755 ἀταξίᾳ
655 3685 731 3757 μὴ
792 3683 964 3748 θέλων
1028 3686 1091 3752 ιδ,
1143 3689 1341 3755 ζητεῖν,
1393 3682 1779 3758 ἀποκρίνομαι.

298 3795 450 3852 φημι
484 3771 566 3827 ὅτι
597 3772 641 3827 εί
672 3772 737 3827 τὰ
764 3772 901 3827 κατά
927 3772 1023 3827 τοῦ
1054 3776 1184 3830 Θεοῦ
1212 3772 1561 3848 γεγραμμένα
1598 3771 1778 3843 ἀληθῆ

127 3860 236 3931 εἴη,
270 3858 432 3916 οὔπω
460 3861 551 3915 τὸν
586 3861 711 3915 Θεὸν
747 3857 981 3915 δείκνυσι
1033 3859 1341 3937 μοχθηρόν.
1376 3860 1477 3919 Καὶ
1526 3861 1555 3916 6
1597 3859 1781 3933 Σίμων

126 3948 248 4029 εφη·
288 3955 415 4012 Πῶς
449 3954 609 4004 τοῦτο
639 3956 899 4018 συστῆσαι
932 3946 1189 4019 δύνασαι;

192 4042 370 4098 XLII.
403 4038 512 4095 Kal
542 4039 573 4092 6
619 4036 842 4111 Πέτροςο
891 4040 1012 4093 Ὀτι
1068 4042 1187 4099 ταῖς
1244 4035 1402 4092 αὐτὸν
1453 4040 1635 4099 κακῶς
1695 4036 1786 4093 λε-

130 4130 353 4203 γούσαις
387 4131 596 4205 φωναῖς
628 4130 673 4166 ¹⁸
699 4128 767 4182 τὰ
816 4126 1026 4182 ἐναντία
1070 4127 1388 4202 γέγραπται,
1422 4126 1484 4180 οὗ
1519 4128 1562 4164 ιθ
1593 4123 1788 4182 εἷ’νεκεν

134 4216 244 4273 οὐδ’
297 4217 567 4292 ὁπότερον
626 4210 991 4292 βεϐαιωθῆναί
1048 4212 1287 4271 δύναται.
1348 4214 1446 4269 Καὶ
1497 4215 1526 4270 6
1579 4214 1790 4289 Σίμων’

136 4312 258 4369 Πῶς
293 4303 413 4375 οῦν,
443 4310 552 4359 τῶν
607 4310 832 4381 Γραφῶν
879 4308 986 4359 τῶν
1042 4304 1136 4377 μὲν
1185 4302 1342 4358 αὐτὸν
1393 4303 1557 4358 κακὸν
1598 4302 1794 4380 λεγου-

136 4400 243 4450 σῶν
271 4398 342 4462 ίτ,
371 4398 485 4449 τῶν
535 4391 594 4449 δὶ
644 4393 866 4468 ἀγαθὸν,
914 4392 977 4446 τὸ
1024 4389 1227 4463 ἀληθὲς
1278 4387 1417 4447 ἔστιν
1455 4391 1793 4467 ἐπιγνῶναι;

136 4484 237 4540 Καὶ
273 4485 304 4539 6
336 4483 559 4556 Πέτρος·
598 4484 759 4537 Ὅσαι
804 4485 911 4535 τῶν
967 4484 1191 4558 Γραφῶν
1241 4479 1413 4558 φωναὶ
1448 4486 1798 4559 συμφωνοῦσι

1886 3343 2145 3399 premus,
2178 3343 2311 3383 cum
2335 3327 2505 3397 juxta
2532 3327 2863 3399 Scripturas
2893 3328 3050 3383 omni
3079 3329 3347 3400 nequitia;
3379 3332 3525 3386 sub-

1879 3418 2093 3489 jaceat,
2143 3421 2200 3471 et
2247 3421 2447 3488 postea
2491 3414 2833 3487 scriptorem
2900 3433 3253 3487 quaeramus.
3320 3420 3525 3475 Petrus

1889 3509 2133 3561 autem:
2187 3504 2270 3559 Ne
2318 3502 2515 3559 videar
2556 3504 2877 3575 inquirere,
2936 3505 3139 3561 nolens
3196 3508 3525 3563 confusioni

1888 3599 2007 3650 tuae
2033 3592 2929 3665 contradicere,respondeo.Ego
2959 3593 3050 3649 aio
3082 3596 3259 3665 quod,
3292 3596 3525 3653 etiamsi

1892 3701 2019 3756 quae
2050 3683 2330 3738 adversus
2363 3682 2543 3737 Deum
2574 3680 2792 3752 scripta
2821 3686 2979 3750 sunt,
3020 3688 3219 3738 essent
3246 3699 3398 3753 vera,
3415 3701 3529 3741 non

1891 3778 2089 3829 tamen
2155 3770 2332 3826 etiam
2400 3770 2485 3825 sic
2557 3772 2734 3825 Deum
2803 3772 3176 3827 ostenderent
3239 3790 3367 3829 esse
3428 3773 3534 3829 im-

1895 3861 2162 3933 probum.
2194 3860 2262 3915 Et
2288 3859 2487 3915 Simon
2518 3859 2664 3915 dixit
2694 3875 2708 3915 :
2741 3860 2863 3924 Quo
2896 3861 3066 3917 modo
3105 3866 3269 3933 potes
3299 3861 3409 3918 hoc
3438 3880 3532 3920 as-

1894 3955 2088 4006 truere
2108 3950 2137 4005 ‘I

1968 4038 2153 4095 XLIII.
2213 4040 2288 4093 At
2344 4038 2548 4094 Petrus
2582 4056 2595 4106 ;
2628 4038 2911 4105 Quoniam
2970 4042 3265 4096 contraria
3319 4038 3540 4114 scripta

1900 4132 2041 4184 sunt
2069 4128 2142 4183 iis
2171 4126 2409 4182 vocibus
2439 4143 2569 4198 quae
2602 4132 2715 4183 Deo
2736 4126 3135 4199 obloquuntur
3159 4134 3543 4201 :quapropter

1902 4223 2174 4273 neutrum
2208 4221 2399 4288 potest
2426 4221 2649 4271 certum
2676 4232 2742 4271 ac
2776 4215 3010 4271 ﬁrmum
3052 4217 3233 4273 reddi.
3269 4219 3419 4272 Tum
3451 4217 3542 4273 Si-

1904 4322 2041 4361 mon
2076 4322 2089 4360 :
2124 4306 2248 4369 Qua
2277 4320 2412 4375 ergo
2444 4303 2668 4359 ratione
2713 4320 2914 4359 verum
2973 4322 3322 4377 cognoscere
3377 4305 3535 4375 licet,

1906 4410 2041 4449 cum
2073 4410 2141 4449 ex
2170 4392 2479 4464 Scripturis
2511 4391 2636 4447 alia:
2674 4394 2852 4448 Deum
2892 4393 3114 4450 malum
3164 4396 3380 4465 dicant,
3414 4394 3541 4450 aliae

1909 4483 2130 4538 bonum
2178 4481 2303 4536 ?Et
2362 4482 2567 4537 Petrus
2621 4497 2634 4537 :
2687 4484 3058 4553 Quaecunque
3113 4483 3548 4555 Scripturarum

136 4578 205 4646 τῇ
241 4574 335 4628 ὑπ’
363 4572 531 4627 αὐτοῦ
562 4570 825 4646 γενομένῃ
870 4567 1063 4639 κτίσει,
1113 4566 1338 4639 ἀληθεῖς
1395 4568 1548 4624 εἰσιν·
1592 4568 1709 4625 ὅσαι
1742 4567 1778 4625 δῖ

1910 4571 2085 4626 verba
2116 4585 2250 4625 cum
2273 4570 2563 4626 creatione
2588 4570 2659 4625 ab
2689 4570 2816 4642 ipso
2850 4573 2999 4627 facta
3030 4572 3554 4637 concordant,vera

140 4661 397 4730 ἐναντίαι,
457 4657 669 4734 ψευδεῖς
719 4659 1122 4733 τυγχάνουσιν.
1183 4658 1283 4715 Καὶ
1341 4658 1370 4713 6
1430 4657 1619 4731 Σίμων
1671 4654 1795 4737 ἔφη·

142 4753 271 4810 Πῶς
323 4746 545 4803 δύνασαι
594 4745 1006 4818 έναντιουμένας
1057 4745 1269 4807 ἑαυταῖς
1321 4742 1488 4819 δεῖξαι
1535 4747 1631 4809 τὰς
1666 4753 1800 4821 Γρα-

142 4841 247 4916 φὰς
280 4855 298 4907 ;
333 4836 433 4893 Καὶ
483 4837 512 4891 6
560 4836 765 4911 Πέτρος
814 4832 939 4913 ἔφη·
990 4834 1088 4891 Τὸν
1139 4833 1319 4908 ’Δδὰμ
1364 4833 1570 4913 τυφλὸν
1617 4833 1802 4911 λέγεις

138 4927 490 5005 γεγενῆσθαι,
522 4923 654 5001 ὅπερ
686 4924 787 4979 οὐκ
813 4927 902 4992 ἦν.
934 4922 1006 4978 Ού
1053 4923 1154 5000 γὰρ
1204 4922 1266 4978 ’ἀν
1312 4923 1504 5001 τυφλῷ
1549 4922 1799 4980 ἐντελλό-

219 5081 307 5152 (α)
337 5082 481 5135 Gen.
512 5095 636 5148 vm,
665 5079 756 5135 21.
791 5076 872 5151 (b)
897 5076 1039 5134 Gen.
1070 5093 1186 5146 nl,
1221 5077 1272 5133 1.

1910 4663 2067 4726 sunt,
2103 4673 2465 4730 quiscunque
2485 4674 2617 4713 vero
2648 4675 2783 4714 cum
2824 4676 2891 4715 ea
2924 4664 3205 4730 pugnant,
3240 4659 3405 4714 falsa.
3438 4659 3553 4713 Ex-

1910 4747 2062 4821 cepit
2091 4746 2287 4803 Simon
2326 4763 2339 4801 :
2372 4745 2480 4810 Qui
2520 4747 2824 4803 ostendere
2873 4753 3038 4819 potes
3068 4748 3179 4803 sibi
3230 4747 3558 4803 contrarias

1911 4853 2040 4893 esse
2065 4836 2397 4908 Scripturas
2425 4835 2453 4890 ‘I
2481 4836 2765 4907 Respndit
2810 4837 3043 4893 Petrus:
3079 4838 3373 4893 Adamum
3406 4836 3557 4892 dicis

1910 4942 2128 4983 caecum
2190 4925 2504 4981 formatum
2581 4924 2797 4993 fuisse;
2849 4927 3006 4998 quod
3056 4931 3255 4983 tamen
3303 4924 3400 4980 ille
3445 4941 3561 4981 non

1526 5202 1769 5259 VARUE
1809 5200 2229 5259 LECTIONES.

220 5330 247 5408 ξ
284 5324 764 5408 μεταμελομένου,
784 5326 945 5408 quod
977 5328 1214 5408 spectat.
1230 5324 1300 5380 ad
1333 5321 1518 5408 σκέψις
1545 5329 1637 5408 ⁹[).,
1673 5322 2108 5408 μεταμελημένῳ
2123 5325 2256 5408 ΛΟἊ
2294 5320 2773 5408 μεταμελουμένου
2819 5322 3457 5408 βρίιηῆμεταμελομένῳ

145 5402 165 5435 7
197 5394 295 5457 Ῑιέ
325 5400 380 5455 8.
421 5394 582 5455 Ῐάεῐῐὶ
609 5405 701 5455 est
728 5394 1101 5455 Uttoboniani
1134 5394 1351 5465 κνίσσει,
1381 5394 1450 5453 (3.⁷
1471 5395 1643 5470 κνίσῃ.
1674 5394 1697 5432 ⁸
1728 5394 1901 5465 ιιειέ,
1934 5394 2087 5469 ὅμως
2119 5396 2180 5460 C,
2216 5394 2453 5452 OQPost
2517 5394 2695 5474 ραφῶν
2728 5394 2873 5470 Epit:
2906 5394 3056 5455 c.'38
3096 5394 3365 5472 adjungit
3394 5394 3575 5459 κακῶς

150 5464 550 5539 ἐκλαμϐάνων.
592 5473 613 5507 ο
650 5468 787 5539 πρός
817 5468 1191 5539 praetermisit
1218 5471 1274 5522 S.
1306 5485 1356 5539 cr.
1389 5468 1472 5539 βι.
1509 5470 1552 5506 ιο
1583 5470 1969 5525 Subnotatum
2016 5474 2103 5524 est
2134 5465 2318 5539 ἑαυτόν
2368 5467 2424 5522 in
2476 5416 2564 5535 ὂ,
2618 5470 2695 5539 ad
2739 5472 2853 5539 euj.
2906 5488 3064 5527 oram
3117 5471 3191 5527 al.
3242 5488 3401 5527 man.
3447 5464 3575 5530 ἴσως

150 5454 550 5543 ἐκλαμϐάνων.
592 5454 787 5545 inpii;
817 5468 1191 5545 praetermisit
1205 5471 1274 5545 _S.
1306 5454 1356 5545 οξ
1509 5470 1552 5506 ¹⁰
1583 5454 1981 5545 Subnotatum'
2016 5454 2103 5524 est
2134 5454 2318 5545 ἑαυτόν
2360 5467 2424 5545 in

2739 5464 2853 5539 e'uj.
2906 5488 3064 5527 oram
3117 5464 3191 5527 al'.
3242 5464 3401 5527 nivali.
3447 5464 3575 5530 ἴσως

144 5537 382 5603 animi“
418 5546 587 5615 ItamU
611 5537 703 5615 ,εί
737 5537 835 5609 1).ξ
882 5538 1145 5615 λείμματι
1194 5542 1280 5605 C.,
1330 5537 1599 5615 θελήματι
1650 5543 1795 5615 Epit.
1835 5538 2303 5615 Turnjtpoetélln
2349 5540 2490 5615 Epit.
2544 5540 2591 5577 ¹²
2629 5537 2719 5612 μή
2754 5537 2832 5615 _S.
2884 5560 2952 5598 ex
2999 5544 3243 5615 Epitome
3275 5542 3578 5615 ;7(7lee8tgin

145 5616 313 5688 0,9.
348 5615 395 5649 ¹²
427 5607 692 5667 ὑπέλαϐεν
720 5607 873 5688 Epit.
914 5607 1067 5668 “Ita
1095 5612 1154 5667 S.
1187 5627 1239 5667 ο.
1291 5626 1412 5677 var.
1453 5607 1593 5669 lect.
1647 5613 1919 5685 Epitomes
1966 5607 2141 5665 θέλέιν
2175 5612 2236 5682 C,
2269 5610 2335 5665 Ι).
2370 5607 2414 5646 ¹⁸
2459 5607 2804 5688 γραφαῗςο.
2854 5615 2896 5650 ⁸⁸
2940 5607 3052 5669 τοῖῖ
3085 5620 3140 5671 S.
3189 5632 3239 5671 c.
3276 5607 3373 5684 'Cl,
3406 5612 3578 5670 male.

148 5688 197 5729 ﬂ
232 5684 519 5759 λεγουσῶν
551 5689 731 5746 κακῶς
762 5684 828 5742 Ο.

452 5815 718 5878 Persen.
750 5814 866 5878 Gn.
908 5811 989 5876 II.

3267 5810 3306 5874 ὅ
