4064 6330
524 367 641 425 143

1348 363 1413 424 S.
1462 360 1906 423 CLEMENTIS
1950 361 1973 421 I
2022 361 2214 423 ROM.
2257 361 2487 424 PONT.
2534 364 2795 426 OPEBA
2839 366 3104 427 DUBIA.

3812 368 3942 426 144

522 496 743 570 templo
768 495 959 569 posita
987 494 1078 551 lex
1124 494 1428 566 reperitur,
1461 498 1517 549 et
1548 498 1678 566 post
1702 493 1847 549 alios
1896 493 2168 549 similiter

2294 514 2371 555 θος
2427 493 2746 570 εὑρίσκεται,
2804 496 2896 551 καὶ
2951 497 3066 569 μεθ’
3116 497 3264 556 105
3309 492 3469 569 ἕτερά
3512 516 3618 552 που
3675 496 3944 552 πεντακό-

524 586 878 658 quingentos
909 601 1093 639 annos
1124 584 1410 639 remansit
1442 600 1454 637 :
1490 583 1691 654 sicque
1722 583 1830 638 sub
1863 582 2169 637 Nabucho-

525 675 810 730 donosore
858 672 1032 745 periit
1077 673 1369 728 incendio.
1404 673 1472 726 Et
1518 678 1711 726 tamen
1762 676 1894 744 post
1936 672 2170 744 Moysen

524 765 742 835 scripta
783 767 839 818 et
867 779 1019 834 saepe
1049 762 1353 833 deperdita
1384 761 1561 815 etiam
1598 760 1813 832 Moysis
1864 761 2172 832 praescien-

521 854 665 910 tiam
698 854 959 926 professa
990 858 1097 922 est,
1131 852 1269 923 quia
1297 851 1395 906 ille
1435 852 1563 921 ejus
1594 850 1971 906 abolitionem
2023 867 2173 922 pra:-

523 943 731 999 videns
765 959 878 998 non
910 940 1240 1012 composuit
1269 956 1398 995 eam
1432 956 1444 995 :
1480 940 1580 1012 qui
1611 943 1807 995 autem
1837 955 2175 1011 composue-

526 1036 667 1087 runt
695 1031 849 1103 quod
880 1029 1255 1085 abolitionem
1268 1044 1383 1084 non
1418 1029 1883 1101 praeviderentﬁn
1903 1028 2174 1100 ignoran-

526 1120 611 1177 tia
638 1123 778 1175 sunt
814 1117 1183 1191 deprehensi,
1217 1117 1464 1189 ideoque
1513 1116 1807 1189 prophetas
1838 1133 1953 1172 non
1982 1120 2171 1173 erant.

600 1224 836 1281 XLVIII.
887 1224 1037 1279 Tum
1085 1222 1286 1278 Simon
1320 1238 1333 1277 :
1365 1222 1873 1294 Quandoquidem,
1920 1239 2046 1295 quae
2100 1223 2173 1279 ad

528 1316 715 1372 Deum
728 1312 1112 1386 pertinent,ut
1140 1310 1750 1383 dixisti,intelligenda
1771 1316 1910 1369 sunt
1932 1329 2001 1368 ex
2022 1329 2175 1368 com-

530 1403 831 1478 paratione
862 1401 934 1457 ad
966 1401 1341 1469 creationem,
1375 1416 1488 1472 quo
1532 1400 1704 1456 modo
1734 1399 1961 1472 reliqua
2007 1400 2172 1473 legis,

533 1510 661 1565 quin
690 1509 759 1548 ex
803 1490 1015 1562 Moysis
1044 1488 1355 1545 traditione
1401 1493 1459 1544 et
1488 1505 1622 1545 vera
1664 1494 1820 1557 sunt,
1855 1490 1955 1546 sed
2010 1489 2175 1546 falsis

532 1578 1104 1654 permista,dignosci
1136 1578 1529 1650 possunt?Ad
1563 1577 1685 1633 haec
1717 1583 1963 1634 Petrus:
1990 1579 2176 1645 Quod-

534 1671 691 1736 dam,
724 1668 934 1739 inquit,
980 1666 1301 1738 capitulum
1335 1666 1393 1721 in
1445 1666 1661 1739 scripta
1688 1665 1815 1740 lege
1849 1669 2173 1723 secundum

534 1759 633 1814 Dei
680 1756 1104 1827 providentiam
1142 1755 1455 1811 salubriter
1506 1760 2030 1811 commemoratum
2063 1762 2172 1823 est,

532 1851 600 1904 ut
634 1846 786 1902 clare
829 1848 1151 1917 appareret,
1187 1860 1453 1916 quamam
1502 1860 1533 1899 e
1563 1844 1799 1916 scriptis
1849 1861 1983 1901 vera
2034 1845 2172 1916 sint,
2206 1863 2253 1929 Β

532 1951 801 2007 quisnam
835 1934 1078 1989 falsa.Et
1107 1933 1309 1989 Simon
1346 1950 1359 1988 :
1393 1933 1700 1997 Quodnam
1729 1933 1871 1989 illud
1905 1935 2176 2003 sit,nobis

534 2023 752 2080 indica.

605 2112 791 2168 XLIX.
843 2111 1163 2183 Respondit
1210 2114 1417 2167 Petrus
1454 2127 1466 2166 :
1498 2111 1631 2167 Jam
1680 2111 1829 2167 dico.
1880 2112 2175 2184 Scriptum

532 2206 623 2259 est
649 2201 708 2256 in
742 2200 931 2274 primo
962 2199 1107 2272 legis
1140 2199 1453 2264 volumine,
1482 2199 1634 2255 circa
1665 2200 1838 2255 ﬁnem
1874 2218 1886 2256 :
1919 2202 2036 2256 Non
2082 2201 2177 2257 de-

532 2292 676 2362 ﬁciet
700 2305 953 2363 pnnceps
975 2291 1042 2345 de
1086 2288 1424 2359 Juda,neque
1454 2288 1569 2343 dux
1596 2288 1662 2343 de
1689 2290 1991 2358 femoribus
2021 2291 2178 2353 eius;

532 2380 701 2436 donec
726 2381 918 2435 veniat
933 2379 1088 2448 cuius
1106 2382 1284 2433 est:et
1307 2380 1423 2447 ipse
1452 2380 1776 2448 exspectatio
1803 2380 2050 2447 gentium
2079 2379 2176 2450 (a).

536 2468 596 2525 Si
626 2468 760 2539 quis
782 2484 918 2540 ergo
948 2466 1211 2538 eum,qui
1243 2467 1400 2521 venit
1431 2470 1562 2538 post
1593 2467 1880 2522 defectum
1898 2468 2178 2539 principis

536 2574 602 2613 ac
633 2556 798 2612 ducis
820 2558 890 2612 de
917 2556 1089 2621 Juda,
1122 2556 1340 2628 quique
1379 2572 1412 2609 a
1440 2555 1713 2627 gentibus
1756 2556 2179 2627 exspectandus

535 2649 876 2718 erat,potest
906 2643 1379 2717 cognoocere,ille
1411 2661 1513 2716 per
1542 2644 1863 2716 capitulum
1887 2650 1942 2700 et
1960 2662 2061 2716 per
2089 2662 2177 2715 ea,

535 2752 664 2808 quaa
690 2736 1026 2803 evenerunt,
1057 2737 1334 2805 agnoscet
1361 2749 1562 2787 verum
1594 2749 1721 2788 esse
1750 2732 1917 2788 illum
1949 2734 2048 2805 qui
2078 2750 2178 2789 ve-

537 2825 644 2891 nit,
677 2824 846 2894 cujus
889 2822 1167 2877 doctrinae
1200 2821 1574 2892 acquiescent
1625 2822 1788 2884 sciet.
1822 2838 2087 2892 quaenam
2122 2823 2179 2877 in

535 2911 855 2984 Scripturis
884 2926 1019 2966 vera
1054 2910 1173 2964 sint
1225 2914 1281 2965 et
1310 2926 1580 2980 quaenam
1614 2909 1776 2965 falsa.
1810 2913 1888 2967 Ac
1934 2911 2130 2966 Simon
2163 2930 2176 2968 :

540 2999 827 3071 Intelligo,
862 2998 1018 3071 quod
1048 2998 1252 3053 Jesum
1280 3002 1539 3052 vestrum
1570 2997 1718 3053 dicis
1770 3000 1936 3069 quasi
1970 3016 2003 3054 a
2031 3000 2181 3055 Scri-

540 3094 714 3163 ptura
743 3087 1261 3161 prophetatumzid
1288 3102 1425 3158 ergo
1458 3086 1539 3140 ita
1569 3085 1781 3142 habere
1811 3089 2179 3143 concedatur.

542 3179 646 3236 Dic
677 3179 872 3250 itaque
906 3193 1019 3248 quo
1051 3177 1223 3231 modo
1250 3192 1354 3231 vos
1384 3175 1645 3231 docuerit
1683 3176 2011 3233 discernere
2030 3176 2182 3233 Scri-

543 3271 769 3342 pturas.

614 3446 678 3502 L.
710 3445 780 3501 Et
808 3444 1013 3500 Petrus
1048 3459 1062 3499 :
1096 3444 1257 3509 Quod
1290 3459 1425 3499 vera
1453 3458 1586 3498 cum
1641 3442 1803 3498 falsis
1834 3443 2011 3499 mista
2058 3444 2184 3500 fue-

538 3534 678 3600 rint,
712 3532 950 3589 memini
983 3532 1053 3587 ab
1082 3547 1169 3603 eo,
1203 3548 1335 3586 cum
1367 3531 1714 3587 Sabducaaos
1746 3532 2189 3597 accusaret,dic-

537 3627 665 3680 tum
694 3623 775 3679 ita
809 3638 824 3679 :
850 3622 972 3679 Ideo
1001 3624 1217 3685 erratis,
1250 3623 1548 3676 nescientes
1594 3635 1723 3675 vera
1752 3621 2182 3693 Scripturarum,

533 3721 754 3787 prapter
798 3712 938 3785 quod
966 3711 1231 3782 ignoratis
1282 3712 1543 3765 virtutem
1587 3711 1688 3765 Dei
1737 3710 1833 3781 (b).
1882 3710 1940 3765 Si
1988 3715 2183 3765 autem

539 3800 773 3872 objecit,
806 3816 905 3855 eos
933 3814 1066 3853 vera
1094 3797 1531 3868 Scripturarum
1584 3797 1827 3863 nescire,
1860 3796 2006 3853 falsa
2036 3815 2184 3870 quo-

541 3905 655 3962 que
703 3887 1138 3958 Scripturarum
1187 3901 1312 3941 esse
1355 3890 1614 3956 apparet.
1649 3886 1759 3941 Sed
1809 3892 1865 3941 et
1895 3886 2180 3943 dicendo:

538 3980 729 4033 Estote
769 3976 929 4045 probi
975 3976 1273 4045 trapezitae,
1325 3973 1605 4043 ostendit,
1653 3974 1711 4028 in
1764 3975 2081 4045 Scripturis
2126 3979 2184 4031 et

540 4066 756 4137 probos
788 4062 1069 4119 contineri
1100 4077 1401 4117 sermones
1430 4068 1485 4116 et
1516 4061 1894 4119 adulterinos.
1920 4063 2183 4135 Cumque

541 4154 623 4210 ait
654 4172 666 4209 :
702 4153 876 4220 Quare
903 4167 1014 4207 non
1044 4152 1357 4219 intelligitis
1387 4152 1526 4221 quod
1556 4153 1618 4206 in
1649 4150 1945 4223 Scripturis
1973 4155 2185 4209 rationi

537 4257 836 4299 consonum
881 4240 1003 4297 est?
1034 4240 1349 4295 ﬁrmiorem
1399 4240 1588 4295 reddit
1617 4241 1882 4296 animum
1928 4241 2183 4298 hominis

541 4330 643 4403 qui
672 4329 918 4385 candide
948 4327 1271 4400 intelligere
1301 4328 1443 4384 vult.

612 4419 698 4477 LI.
751 4419 912 4486 Quod
963 4423 1158 4474 autem
1208 4417 1645 4490 Scripturarum
1695 4418 2058 4495 propositum
2107 4419 2180 4475 ad

606 4589 685 4664 (a)
718 4589 859 4646 Gen.
891 4604 1039 4657 χιιι,
1074 4588 1160 4645 10.
1239 4587 1308 4661 (b)
1337 4586 1539 4644 Matth.
1574 4603 1714 4656 χχιι,
1745 4587 1837 4643 29.

2281 603 2369 637 σια
2398 579 2489 654 ἔτη
2524 585 2760 661 φέρεται,
2819 585 2909 639 καὶ
2960 584 3047 640 ἐπὶ
3090 589 3187 640 τοῦ
3219 580 3705 662 Ναϐουχοδονόσορ
3756 585 3939 647 οὕτως

2282 670 2613 748 ἐμπρησθεὶς
2663 678 2708 712 ⁴³
2755 672 3092 732 ἀπόλλυται.
3142 674 3242 728 Καὶ
3292 673 3447 748 ὅμως
3507 675 3642 747 μετᾶ
3693 681 3937 745 Μωϋσῆν

2279 762 2501 839 γραφεὶς
2531 762 2620 817 καὶ
2668 762 2941 826 πολλάκις
2974 761 3285 825 ἀπολωλὼς
3313 765 3413 832 τὴν
3452 767 3549 818 τοῦ
3580 765 3857 825 Μωϋσέως
3887 767 3942 801 ⁴⁴

2280 848 2583 925 πρόγνωσιν
2615 850 2703 905 καὶ
2737 850 2894 913 οὗτος
2941 848 3324 926 ὡμολόγησεν,
3367 849 3448 906 δτι
3497 850 3588 905 τὸν
3629 850 3939 929 ἀφανισμὸν

2281 936 2446 992 αὐτοῦ
2504 936 2772 1012 προειδὼς
2825 938 2926 994 οὐκ
2976 935 3223 1015 ἔγραψεν·
3284 940 3337 994 οἱ
3396 936 3454 995 δὲ
3502 939 3805 1014 γράψαντες
3854 940 3943 1012 τῷ

2279 1026 2372 1081 τὸν
2459 1027 2761 1105 ἀφανισμὸν
2850 1029 2925 1101 μὴ
3010 1026 3406 1104 προεγνωκέναι
3503 1026 3584 1083 ἐπ’
3670 1028 3945 1105 ἀγνωσίας

2283 1112 2654 1192 ἐλεγχθέντες,
2686 1123 2964 1195 προφῆται
2996 1116 3094 1172 οὐκ
3123 1118 3279 1186 ἦσαν.

2352 1223 2587 1279 XLVIII.
2627 1223 2724 1279 Kui
2775 1221 2803 1277 ὁ
2854 1222 3062 1296 Σίμων·
3095 1220 3316 1292 Ἐπειδὴ
3370 1224 3436 1279 τὰ
3486 1224 3611 1299 περί
3655 1227 3809 1294 Θεοῦ,
3854 1224 3941 1288 ὡς

2284 1303 2441 1385 ἔφης,
2480 1305 2541 1362 ὲκ
2579 1315 2682 1378 τῆς
2713 1310 2849 1385 πρὸς
2900 1310 2996 1377 τὴν
3044 1310 3214 1365 κτίσιν
3263 1305 3591 1387 παραϐολῆς
3638 1309 3747 1366 ἔστι
3795 1318 3941 1381 νοῆ-

2284 1417 2394 1465 σαι,
2450 1401 2569 1459 πῶς
2624 1398 2692 1451 τὰ
2748 1397 2918 1453 λοιπά
2972 1398 3024 1453 ἐν
3078 1404 3157 1471 τῷ
3210 1399 3410 1473 νόμῳ,
3470 1399 3533 1456 ἐκ
3584 1398 3949 1477 παραδόσεως

2284 1487 2558 1548 Μωϋσέως
2615 1488 2660 1523 ⁸⁸
2717 1481 2845 1542 ὄντα
2889 1488 2978 1543 καὶ
3035 1486 3222 1559 ἀληθῆ
3275 1488 3621 1565 τυγχάνοντα
3675 1490 3762 1545 καὶ
3816 1496 3945 1553 τοῖς

2283 1570 2496 1647 ψευδέσι
2550 1574 2855 1651 μεμιγμένα
2912 1574 3201 1652 ἐπιγνῶναί
3260 1576 3368 1631 έστι
3429 1575 3700 1648 δυνατόν;
3752 1579 3852 1633 Καὶ
3911 1578 3945 1633 ὁ

2284 1658 2486 1738 Πέτρος
2518 1658 2641 1740 ἔφη’
2687 1666 2963 1738 Περικοπή
3014 1686 3096 1727 τις
3126 1664 3177 1720 έν
3223 1670 3302 1738 τῷ
3346 1666 3599 1744 γραφέντι
3643 1665 3800 1740 νόμῳ
3837 1688 3945 1740 με-

2281 1753 2348 1805 τὰ
2376 1752 2473 1821 τῆν
2520 1754 2564 1789 ⁸⁸
2617 1757 2715 1807 τοῦ
2763 1759 2897 1809 Θεοῦ
2953 1748 3212 1826 πρόνοιαν
3258 1754 3563 1818 ἀπταίστως
3615 1754 3946 1830 έπεμνημο-

2283 1838 2464 1913 νεύθη,
2498 1839 2625 1895 ὥστ’
2656 1840 2713 1896 ἂν
2755 1848 2938 1921 σαφῶς
2990 1841 3157 1916 δεῖξαι
3199 1848 3305 1899 τῶν
3355 1846 3749 1920 γεγραμμένων
3801 1847 3947 1901 ποῖά

2287 1926 2427 1984 ἐστιν
2458 1928 2659 2001 ἀληθῆ,
2693 1936 2826 1985 ποῖα
2856 1929 2913 1986 δὲ
2963 1929 3157 2007 ψευδῆ.
3191 1932 3290 1988 Καὶ
3338 1934 3367 1989 ὁ
3422 1933 3634 2007 Σίμων’
3669 1933 3764 1997 Τίς
3795 1933 3949 1990 ἐστιν

2285 2016 2445 2087 αὕτη,
2483 2020 2721 2091 μήνυσον
2754 2021 2913 2094 ἡμῖν.

2357 2109 2537 2164 XLIX.
2591 2106 2691 2162 Καί
2749 2109 2777 2163 ὁ
2837 2109 3040 2187 Πέτρος
3099 2109 3223 2188 ἔφη·
3282 2110 3485 2169 Αὐτίκα
3541 2111 3677 2188 ἐρῶ.
3732 2111 3945 2189 Γέγρα-

2285 2216 2414 2250 πται
2448 2194 2499 2249 tv
2527 2201 2605 2268 τῷ
2634 2198 2839 2271 πρώτῳ
2869 2203 2965 2253 τοῦ
2994 2199 3163 2273 νόμου
3213 2194 3415 2275 βιβλίῳ
3462 2202 3598 2275 πρὸς
3628 2202 3672 2237 ⁸⁷
3700 2205 3819 2263 τοῖς
3851 2221 3950 2256 τε-

2288 2281 2581 2347 λευταίοις’
2614 2285 2724 2340 Οὐκ
2771 2284 3004 2362 ἐκλείψει
3056 2286 3243 2365 ἄρχων
3294 2287 3343 2362 ἐξ
3375 2286 3571 2361 Ἰούδα,
3611 2286 3735 2345 οὐδὲ
3763 2290 3950 2366 ἡγού-

2292 2394 2450 2447 μενος
2495 2371 2556 2428 ἐκ
2600 2378 2706 2428 τῶν
2762 2380 2954 2451 μηρῶν
3004 2375 3189 2449 αὑτοῦ,
3235 2373 3341 2439 ἕως
3394 2376 3453 2431 ἂν
3505 2376 3634 2452 ἔλθῃ
3677 2376 3739 2433 οὗ
3770 2377 3949 2434 ἔστιν’

2286 2461 2375 2517 καὶ
2426 2460 2585 2525 αὐτὸς
2630 2461 2928 2538 προσδοκία
2974 2464 3159 2528 ἐθνῶν.
3206 2466 3327 2522 Ἐάν
3371 2487 3457 2529 τις
3505 2464 3595 2521 οὖν
3644 2466 3758 2537 τὸν,
3806 2467 3956 2541 μετά

2285 2552 2377 2607 τὸν
2434 2554 2477 2587 ⁸⁸
2512 2549 2563 2621 ἐξ
2622 2549 2798 2607 Ἰούδα
2855 2552 3101 2627 έκλεῖψαι
3160 2551 3398 2629 ἄρχοντα
3455 2554 3544 2609 καὶ
3602 2555 3950 2631 ἡγούμενον,

2291 2638 2597 2710 ἐληλυθότα
2653 2639 2741 2695 καὶ
2816 2641 2917 2696 ὑπὸ
2975 2641 3137 2705 ἐθνῶν
3210 2640 3608 2719 προσδοκᾶσθαι
3664 2642 3953 2718 μέλλοντα

2288 2735 2483 2797 νοῆσαι
2516 2725 2744 2803 δυνηθῇ,
2787 2730 2944 2793 οὗτος
2970 2731 3070 2799 τὴν
3102 2733 3404 2805 περικοπὴν
3448 2735 3490 2770 ⁴⁰
3547 2731 3605 2787 ἐκ
3659 2737 3765 2788 τῶν
3798 2733 3949 2788 ἀπο-

2287 2814 2639 2872 τελεσθέντων
2696 2816 2881 2887 ἀληθῆ
2921 2820 3012 2874 τὸν
3065 2818 3373 2891 ἐληλυθότα
3420 2823 3571 2878 Ιθϐ
3620 2820 3947 2896 ἐπιγνῶναι·

2291 2906 2352 2960 οὗ
2403 2905 2472 2979 τῇ
2538 2903 2859 2979 διδασκαλίᾳ
2927 2907 3249 2980 πειθόμενος
3319 2910 3578 2982 γνώσεται
3643 2911 3765 2964 τίνα
3826 2908 3953 2966 ἐστὶ

2288 2998 2394 3047 τῶν
2430 2998 2655 3071 Γραφῶν
2686 2995 2752 3049 τά
2797 2994 3005 3065 ἀληθῆ,
3038 2995 3157 3050 τίνα
3202 2993 3259 3051 δὲ
3303 2998 3371 3051 τά
3408 2995 3600 3071 ψευδῆ.
3646 2997 3743 3052 Καὶ
3777 2999 3807 3053 ὁ
3842 2998 3948 3054 Σί-

2296 3100 2434 3155 μων·
2497 3082 2733 3155 Συνίημι
2784 3078 2865 3138 ὅτι
2916 3085 3007 3138 τὸν
3061 3087 3106 3121 ⁵ο
3160 3085 3369 3154 Ἰησοῦν
3421 3086 3574 3158 ὑμῶν
3620 3084 3823 3162 λέγεις,
3866 3088 3954 3151 ὡς

2294 3170 2452 3224 αὐτὸν
2543 3171 2645 3225 ὑπὸ
2703 3178 2802 3241 τῆς
2871 3175 3083 3250 Γραφῆς
3142 3176 3582 3252 προφητευθέντα
3614 3197 3625 3210 ·
3696 3173 3951 3233 δεδόσθω

2292 3264 2583 3335 τοιγαροῦν
2618 3259 2791 3322 οὕτως
2839 3258 3007 3336 ἔχειν.
3042 3263 3178 3337 Λέγε
3221 3262 3422 3337 τοίνυν,
3471 3267 3590 3327 πῶς
3639 3265 3778 3337 ὑμᾶς
3822 3262 3955 3321 δια-

2293 3348 2489 3423 κρίνειν
2520 3348 2616 3410 τὰς
2644 3350 2852 3427 Γραφάς
2884 3347 3116 3421 ἐδιδαξεν
3142 3369 3156 3421 ;

2368 3446 2427 3493 L.
2462 3436 2559 3491 Καὶ
2617 3436 2645 3490 ὁ
2700 3437 2921 3513 Πέτρος·
2973 3440 3088 3493 Ὀτι
3151 3436 3407 3513 μέμικται
3460 3441 3527 3497 τὰ
3585 3441 3771 3513 ἀληθῆ
3823 3448 3956 3507 τοῖς

2294 3524 2561 3600 ψευδέσιν,
2597 3525 2881 3599 μέμνημαί
2921 3549 3025 3583 που
3074 3528 3229 3584 αὐτὸν
3263 3530 3587 3604 αἰτιώμενον
3639 3531 3763 3594 τοὺς
3799 3530 3955 3588 Σαδ-

2295 3613 2577 3677 δουκαίους
2634 3615 2822 3670 εἰπεῖν’
2885 3617 2981 3671 Διά
3035 3623 3197 3674 τοῦτο
3256 3616 3548 3692 πλανᾶσθε,
3604 3622 3678 3693 μή
3734 3618 3954 3687 εἰδότες

2290 3703 2358 3757 τὰ
2415 3700 2594 3773 ἀληθῆ
2644 3707 2751 3758 τῶν
2804 3710 3050 3780 Γραφῶν,
3096 3707 3159 3761 οὗ
3206 3709 3248 3744 ⁶¹
3302 3706 3495 3764 ε’ίνεκεν
3546 3709 3791 3784 ἀγνοεῖτε
3837 3713 3953 3782 τὴν

2295 3790 2520 3865 δύναμιν
2563 3796 2660 3847 τοῦ
2706 3797 2866 3878 Θεοῦ,
2912 3794 2975 3848 Ei
3025 3791 3082 3849 δὲ
3129 3795 3194 3850 τὰ
3239 3793 3422 3867 ἀληθῆ
3454 3802 3562 3851 τῶν
3606 3804 3833 3878 Γραφῶν
3880 3802 3955 3856 ἆ-

2292 3886 2469 3956 γνοεῖν
2511 3880 2706 3944 αὐτοὺς
2739 3877 3028 3954 ὑπέϐαλεν,
3063 3881 3234 3953 δῆλον
3254 3884 3327 3947 ὡς
3349 3881 3517 3941 ὄντων
3550 3877 3784 3961 ψευδῶν.
3812 3887 3960 3946 Ἀλ-

2293 3968 2364 4026 λὰ
2422 3970 2510 4026 καὶ
2568 3969 2619 4024 ὲν
2676 3974 2755 4042 τῷ
2811 3978 2999 4049 φῆναι·
3062 3971 3275 4028 Γίνεσθε
3329 3980 3642 4049 τραπεζῖται
3683 3979 3728 4013 ⁵³
3786 3975 3957 4033 δόκι-

2295 4082 2410 4134 μοι,
2472 4059 2545 4121 ὡς
2603 4056 2846 4132 δοκίμων
2904 4060 2993 4115 καὶ
3039 4056 3321 4133 κιϐδήλων
3373 4063 3551 4140 λόγων
3599 4060 3791 4123 ὄντων.
3840 4070 3955 4123 Καὶ

2289 4153 2368 4221 τῷ
2423 4151 2467 4186 ⁵³
2525 4147 2733 4202 εἷ’πεῖν·
2787 4148 2885 4203 Διά
2953 4150 3006 4205 τί
3082 4150 3143 4205 οὗ
3200 4157 3372 4207 νοεῖτε
3426 4153 3487 4207 τὸ
3546 4152 3769 4230 εῦλογον
3830 4160 3957 4211 τῶν

2291 4240 2516 4315 Γραφῶν
2790 4232 3130 4315 βεϐαιότερον
3200 4244 3295 4295 τοῦ
3352 4240 3679 4319 αὐθαιρέτως
3758 4242 3954 4320 εὖγνω

2294 4331 2587 4401 μονοῦντος
2614 4325 2797 4397 τίθησι
2828 4327 2920 4381 τὸν
2948 4332 3071 4383 νοῦν
3102 4331 3165 4384 ⁸⁸.

2361 4418 2447 4473 LI.
2501 4416 2580 4473 Τὸ
2634 4412 2691 4470 δὲ
2738 4414 2826 4471 καὶ
2882 4420 2991 4472 τῶν
3049 4421 3273 4495 Γραφῶν
3329 4418 3685 4497 προκείμενον
3741 4423 3787 4458 ⁸⁵
3847 4421 3971 4479 ἐπὶ

1892 4753 2131 4811 νΑιιιλΕ
2169 4752 2586 4811 LECTIONES.

536 4997 644 5035 ται.

606 4909 652 4945 ἰδ
681 4906 986 4983 ἐμπρησθέν
1019 4911 1083 4983 Q.
1110 4907 1157 4944 “
1184 4904 1439 4983 Μωϋσέος
1469 4909 1528 4960 0.
1563 4907 1649 4961 Ita
1670 4909 2022 4983 constanter.
2040 4905 2203 4983 _Tum
2237 4903 2661 4983 o_i5'cwclulavult
2780 4906 2825 4941 ⁸⁸
2855 4904 3113 4983 Μωῦσέος
3143 4907 3233 4983 _O.,
3266 4906 3367 4979 qui
3396 4906 3604 4963 deinde
3643 4910 3971 4983 τυνχάνον..

678 4974 1119 5054 δέτὴνόιηηοη
1153 4978 1251 5050 qui
1282 4984 1412 5054 tum
1456 4994 1567 5054 scr.
1616 4976 1841 5054 προνοίᾳ
1888 4974 2184 5054 ἀπταίστῳ,
2235 4977 2280 5011 ‘7
2326 4974 2739 5054 ﬂp6‘0._“_tdv
2794 4994 2910 5033 om.
2951 4978 3013 5033 C.
3053 4979 3099 5014 ‘9
3143 4974 3328 5035 Locus
3377 4996 3640 5036 mancus.
3673 4974 3966 5054 suppleri

538 5057 731 5123 potest
762 5043 868 5107 hoc
900 5052 1073 5107 modo
1105 5043 1118 5105 Ξ
1154 5043 1443 5123 Ᾱυνήσετοιι
1479 5043 1758 5123 οὗτος-’διὰ
1784 5043 1881 5115 τῆν
1913 5043 2238 5119 περικοπήν,
2269 5067 2321 5101 κ.
2352 5043 2403 5102 τ.
2526 5047 2591 5123 C._
2611 5048 2834 5123 pupum
2864 5065 3136 5104 mancum
3168 5066 3302 5123 esse
3335 5067 3449 5106 non
3482 5055 3641 5121 puto,
3665 5043 3781 5123 sed:
3802 5043 3965 5111 hon-

539 5114 684 5194 nihil
718 5130 1027 5194 corruptus
1058 5127 1168 5187 est,
1201 5114 1377 5191 atque
1406 5121 1514 5194 hac
1544 5121 1766 5194 ratione
1797 5114 2097 5194 sanandus
2130 5137 2143 5175 :
2171 5114 2389 5194 νοῆσαι·
2432 5114 2636 5194 δυνηθῇ
2668 5117 2922 5194 οὗτος,τῇ
2965 5123 3235 5194 περικοπῇ
3285 5119 3344 5174 ἐκ
3377 5114 3515 5194 τῶν,
3562 5114 3638 5194 κέ
3663 5142 3715 5177 τ.
3767 5119 3827 5179 λ.
3880 5127 3962 5184 Ι),

536 5193 581 5228 ⁸ο
609 5191 699 5246 τόν
734 5190 1105 5265 praetermisit
1133 5195 1184 5248 S.
1221 5190 1391 5265 δίξτοῦ
1421 5192 1473 5245 S.
1511 5208 1559 5245 c.
1593 5192 2038 5265 Gl._sinecodd.
2069 5190 2430 5247 auctoritate.
2463 5190 2508 5225 ⁸³
2540 5190 2623 5246 Ita
2645 5197 2711 5245 υ.
2744 5207 2794 5247 c.
2830 5190 2911 5260 S.,
2943 5190 3283 5264 τραπεζεῖται
3332 5193 3412 5248 Cl.
3461 5194 3506 5228 ⁵³
3552 5190 3631 5265 τῷ
3667 5198 3726 5259 S,
3755 5196 3851 5264 0.,
3885 5199 3962 5253 τό

538 5268 596 5318 C.
631 5265 676 5298 ⁵⁴
708 5259 752 5317 ιν
784 5267 865 5337 (id
897 5272 983 5321 est
1014 5262 1224 5335 ἷησοῦν)
1252 5264 1316 5320 Ο.
1352 5264 1395 5297 ³⁸
1427 5259 1799 5334 προκειμένων
1833 5264 1896 5319 C.

1912 5457 2286 5515 VARIORUM
2327 5456 2557 5516 NOTAE.

536 5670 670 5734 Co‘r.

608 5599 720 5674 (77)
751 5598 849 5653 Διά
873 5598 927 5654 τι
955 5597 1017 5653 οὐ
1046 5603 1218 5655 νοεῖτε
1249 5598 1311 5654 τὸ
1343 5594 1570 5673 εὔλογον
1601 5601 1708 5654 τῶν
1741 5603 1985 5677 Γραφῶν.
2018 5601 2209 5660 Verba
2238 5601 2555 5673 cujusdam
2604 5600 2941 5674 apocryphi.
2991 5602 3159 5661 Forte
3205 5605 3499 5679 Evangelii
3538 5604 3970 5671 Ebionitarum
