4064 6330
146 455 267 516 145

1270 454 1800 519 CLEMENTINA.
1834 486 1913 504 —
1948 455 2283 518 HOMILIA
2327 456 2435 518 III.

3443 453 3562 517 146

138 592 485 661 γραμματεῖς
534 588 628 642 καὶ
673 585 1034 650 διδασκάλους
1098 588 1350 661 πέμπειν,
1400 588 1474 649 ὡς
1544 592 1642 643 τοῦ
1707 584 1795 642 ὅν-

1919 590 2131 647 scribas
2161 595 2219 645 et
2248 591 2515 647 doctores
2546 590 2818 659 remittit,
2860 589 3085 645 clarum
3117 593 3207 645 est
3262 589 3561 645 remittere

138 697 257 737 τως
300 680 344 713 ⁸⁵
389 676 564 749 νόμου
610 674 822 739 εἰδότας
869 680 937 731 τὰ
986 675 1183 747 ἀληθῆ,
1212 675 1383 746 δῆλόν
1432 677 1591 733 ἐστιν.
1632 678 1702 731 Τὸ
1751 675 1809 731 δὲ

138 766 237 819 καὶ
303 766 473 820 εἰπεῖν
531 765 717 820 αὐτόν·
786 765 897 820 Οὐκ
969 765 1137 835 ἦλθον
1206 765 1501 820 καταλῦσαι
1563 767 1654 820 τὸν
1714 766 1805 821 νό-

146 876 274 927 μον,
316 854 409 907 καὶ
470 854 750 931 φαίνεσθαι
810 853 971 909 αὐτὸν
1027 852 1383 925 καταλύοντα,
1442 854 1804 926 σημαίνοντος

139 945 235 1013 ἦν,
264 944 372 1010 ὅτι,
418 943 453 996 ἃ
503 942 817 1009 κατέλυσεν,
870 943 969 997 οὐκ
1013 944 1080 1011 ἦν
1129 948 1224 997 τοῦ
1274 944 1463 1016 νόμου.
1495 944 1566 997 Τὸ
1614 941 1671 997 δὲ
1714 942 1803 997 καὶ

140 1032 330 1087 εἷπεῖν·
394 1038 452 1086 Ὁ
512 1032 737 1106 οὐρανὸς
795 1032 886 1086 καὶ
944 1035 979 1101 ἡ
1036 1040 1107 1107 γῆ
1177 1031 1617 1106 παρελεύσονται,
1674 1032 1806 1086 ἰῶτα

139 1120 195 1177 δὲ
226 1124 269 1157 ⁸⁷
314 1121 376 1176 ’ἐν
422 1123 459 1190 ἢ
513 1121 613 1193 μία
657 1121 847 1197 κεραία
901 1120 963 1175 οὐ
1018 1124 1093 1194 μὴ
1144 1122 1385 1196 παρέλθῃ
1433 1121 1539 1175 ἀπὸ
1574 1125 1672 1175 τοῦ
1717 1120 1803 1174 νό-

137 1233 260 1284 μου·
294 1210 368 1266 τὰ
398 1211 511 1283 πρὸ
537 1210 772 1283 οὐρανοῦ
810 1210 901 1265 καὶ
959 1218 1063 1286 γῆς
1126 1211 1514 1286 παρερχόμενα
1569 1209 1804 1282 έσήμανε

140 1302 217 1373 μὴ
247 1296 385 1353 ὄντα
410 1304 515 1354 τοῦ
547 1294 720 1360 ὅντως
748 1299 944 1372 νόμου.

204 1391 358 1445 I07
413 1390 533 1444 LII.
576 1388 729 1445 Ἐπεὶ
777 1386 869 1441 οὖν
921 1387 1151 1462 οὐρανοῦ
1199 1389 1289 1444 καὶ
1336 1395 1440 1464 γῆς
1507 1384 1586 1444 ἔτι
1657 1408 1803 1443 συνε-

134 1478 359 1533 στώτων
411 1476 699 1552 παρῆλθον
750 1477 946 1546 θυσίαι,
993 1475 1282 1553 βασιλεῖαι,
1316 1478 1371 1531 αἱ
1418 1476 1468 1532 ἐν
1518 1483 1803 1552 γεννητοῖς

134 1570 407 1643 γ’.)ναικῶν
442 1570 797 1643 προφητεῖαι,
828 1565 917 1620 καὶ
948 1566 1048 1621 ὅσα
1076 1569 1120 1603 ⁸⁸
1148 1571 1391 1637 τοιαῦτα,
1422 1566 1499 1628 ὡς
1530 1566 1629 1620 οὐκ
1674 1560 1803 1620 ὄντα

134 1660 265 1711 Θεοῦ
324 1656 754 1730 προστάγματα,
787 1652 929 1709 ἔνθεν
980 1659 1108 1730 γοῦν
1170 1654 1341 1729 λέγει·
1395 1660 1545 1709 Πᾶσα
1592 1654 1799 1731 φυτεία,

130 1746 188 1812 ἧν
270 1743 379 1798 οὐκ
452 1742 735 1820 ἐφύτευσεν
814 1743 843 1797 6
904 1744 1087 1819 Πατὴρ
1157 1744 1185 1797 6
1244 1744 1510 1819 οὐράνιος,
1569 1742 1799 1817 ἐκριζω-

134 1834 387 1903 θήσεται.
421 1833 523 1886 Διὰ
550 1835 711 1885 τοῦτο
752 1830 915 1893 αὐτὸς
965 1829 1179 1899 ἀληθὴς
1224 1828 1297 1885 ὢν
1344 1832 1633 1909 προφήτης
1681 1827 1798 1885 ἕλες

132 1942 240 1997 γεν·
294 1922 443 1996 Ἐγώ
496 1920 608 1993 εἶμι
665 1922 701 1989 ἡ
756 1918 905 1989 πύλη
966 1922 1061 1988 τῆς
1125 1925 1291 1989 ζωῆς·
1327 1921 1355 1974 6
1388 1918 1457 1973 δι’
1504 1920 1639 1992 έμοῦ
1687 1919 1796 1973 εἷσ-

137 2010 442 2085 ιρχόμενος
502 2009 804 2084 είσέρχεται
863 2007 937 2069 εἷς
1000 2009 1098 2076 τὴν
1163 2009 1328 2077 ζωήν·
1388 2008 1463 2069 ὡς
1539 2007 1638 2062 οὐκ
1704 2004 1797 2061 οὕ-

137 2119 235 2168 σης
266 2096 463 2171 ἑτέρας
493 2105 593 2167 τῆς
636 2098 825 2165 σώζειν
881 2093 1177 2170 δυναμένης
1226 2094 1596 2159 διδασκαλίας.
1632 2096 1725 2151 Διὸ
1754 2099 1799 2133 ⁸⁸

134 2188 222 2241 καὶ
278 2182 417 2242 ἐϐόα
478 2185 672 2262 λέγων’
706 2190 865 2240 Δεῦτε
916 2184 1053 2261 πρὸς
1112 2187 1178 2258 μὶ
1230 2185 1425 2248 πάντες
1456 2187 1508 2240 οἱ
1562 2189 1799 2240 κοπιῶν-

135 2298 241 2343 τες,
292 2276 599 2343 τουτέστιν,
649 2276 703 2329 oi
751 2276 851 2343 τήν
908 2273 1166 2345 ἀλήθειαν
1228 2280 1509 2344 ζητοῦντες
1576 2274 1666 2329 καὶ
1720 2276 1795 2347 μὴ

139 2367 484 2439 εὑρίσκοντες
560 2363 749 2435 αὐτήν.
810 2364 912 2421 Καὶ
987 2362 1170 2419 πάλινο
1229 2365 1304 2418 Τὰ
1371 2362 1478 2436 ἐμὰ
1552 2358 1800 2439 πρόϐατα

138 2455 329 2510 ἐκοόει
389 2457 437 2492 ⁸ο
490 2460 591 2523 τῆς
652 2452 790 2526 ἐμῆς
862 2460 1066 2531 φωνῆς.
1128 2452 1225 2508 Καὶ
1299 2450 1519 2509 ἄλλοτε·
1580 2458 1801 2523 Ζητεῖτε

139 2545 228 2599 καὶ
269 2543 571 2620 εὑρίσκετε,
604 2542 679 2605 ὡς
732 2543 809 2616 μὴ
865 2539 1162 2618 προδήλως
1206 2544 1461 2616 κειμένης
1508 2549 1608 2612 τῆς
1657 2541 1797 2613 ἀλη-

143 2633 317 2694 θείας.

214 2722 363 2779 LIII.
398 2717 578 2775 Ἀλλὰ
604 2719 694 2775 καὶ
734 2719 785 2793 ἐξ
819 2718 1060 2795 οὐρανῶν
1088 2722 1132 2757 ⁸⁸
1168 2718 1372 2795 μάρτυς
1429 2720 1579 2799 φωνὴ
1636 2718 1802 2790 ἠκού-

144 2812 239 2881 σθη
305 2809 567 2884 λέγουσα’
630 2809 798 2872 Οὗτός
858 2808 1000 2864 ἔστιν
1060 2809 1086 2863 6
1146 2808 1270 2871 Υἱός
1332 2829 1437 2882 μου
1492 2812 1539 2845 ⁵³
1588 2809 1616 2863 6
1671 2809 1799 2884 ἆγα-

147 2900 345 2972 πητὸς,
433 2898 509 2961 εἷς
592 2899 651 2953 ὃν
735 2897 1025 2969 εὐδόκησα,
1107 2897 1303 2953 τούτου
1384 2897 1625 2954 ἀκούετε.
1702 2898 1800 2952 Καὶ

146 2990 282 3063 πρὸς
357 2985 574 3049 τούτοις
648 2984 931 3041 ἑπιπλεῖον
1005 2984 1199 3047 αὐτοὺς
1254 2988 1301 3023 ⁸³
1346 2986 1802 3057 πεπλανημένους

151 3076 363 3152 ἐλέγξαι
426 3073 599 3137 θέλων
658 3073 786 3136 τοὺς
839 3076 1145 3151 προφήτας,
1178 3076 1305 3151 παρ’
1335 3076 1408 3129 ὧν
1450 3072 1516 3143 δὴ
1556 3087 1802 3148 μεμαθη-

154 3166 296 3220 κέναι
348 3158 654 3232 ἐϐεϐαίουν,
687 3162 1082 3236 ἐπιθυμοῦντας
1126 3162 1385 3234 ἀληθείας
1432 3164 1520 3219 καὶ
1574 3166 1649 3237 μὴ
1707 3184 1804 3236 με·

1916 683 2200 751 tanquam
2234 680 2305 734 ad
2338 696 2435 735 eos
2450 680 2549 751 qui
2565 696 2710 734 verae
2725 679 2869 751 legis
2890 696 3023 734 vera
3043 678 3558 751 cognoscebant(a)

1916 768 2077 833 Quod
2111 769 2285 823 etiam
2318 769 2445 839 ipsa
2475 768 2554 822 ait
2587 786 2598 823 :
2636 774 2757 825 Non
2814 770 2941 823 veni
2994 770 3199 823 solvere
3257 769 3426 839 legem
3461 767 3558 839 (b),

1914 865 1973 912 et
2005 862 2197 912 tamen
2227 857 2585 928 conspicitur
2614 856 2918 921 solvere,id
2959 857 3347 928 significantis
3377 862 3560 923 est,ea

1917 962 2043 1017 quis
2071 946 2220 1001 sovit
2251 962 2362 999 non
2413 946 2765 1017 pertinuisse
2823 946 2893 999 ad
2952 945 3161 1016 legem.
3214 946 3323 999 Sed
3382 950 3439 999 et
3468 945 3557 999 di-

1916 1036 2096 1089 cendo
2131 1052 2143 1088 :
2180 1036 2382 1090 Casium
2410 1045 2463 1090 et
2494 1040 2649 1091 terra
2698 1034 3031 1101 transibunt,
3080 1034 3172 1090 sed
3220 1036 3337 1089 iota
3384 1050 3559 1089 unum

1913 1128 2017 1178 aut
2047 1140 2190 1178 unus
2218 1141 2362 1195 apex
2390 1140 2497 1181 non
2526 1126 2839 1193 praeteribit
2862 1140 2896 1178 a
2927 1124 3041 1193 lege
3068 1125 3138 1192 (Ic)
3158 1139 3180 1185 ,·
3214 1123 3557 1178 manifesta-

1914 1212 2017 1277 vit,
2042 1228 2189 1267 vera?
2219 1212 2365 1285 legis
2396 1231 2512 1269 non
2544 1228 2672 1269 esse
2700 1211 2803 1267 illa
2830 1228 2955 1283 quea
2977 1217 3111 1267 ante
3136 1211 3341 1266 ccelum
3374 1217 3429 1267 et
3449 1215 3557 1267 ter-

1914 1317 2040 1355 ram
2074 1303 2453 1357 transierunt.

1984 1391 2351 1455 Lll.Quando
2382 1391 2564 1463 igitur
2593 1390 2734 1447 ccelo
2765 1395 2821 1445 et
2850 1395 3007 1446 terra
3037 1390 3229 1446 adhuc
3260 1391 3557 1446 stantibus

1912 1478 2272 1534 transierunt
2302 1480 2610 1551 sacriﬁcia,
2648 1496 2845 1551 regna,
2880 1479 3211 1551 prophetia,
3244 1496 3371 1551 quae
3402 1480 3555 1534 inter

1912 1572 2078 1622 natos
2110 1567 2448 1635 mulierum,
2481 1573 2538 1624 et
2559 1586 2686 1640 quae
2718 1569 2809 1624 his
2841 1568 3257 1639 similia,quasi
3287 1585 3413 1640 quae
3436 1584 3552 1623 non

1910 1662 2106 1711 essent
2138 1657 2233 1712 Dei
2267 1658 2581 1724 mandata;
2614 1658 2749 1713 inde
2776 1674 2911 1729 ergo
2958 1658 3038 1712 ait
3072 1674 3084 1712 :
3123 1658 3310 1713 Omnis
3338 1658 3553 1727 plantae

1908 1746 2004 1813 tio,
2037 1761 2202 1815 quam
2254 1762 2365 1800 non
2409 1748 2683 1815 plantavit
2732 1748 2891 1801 Pater
2938 1748 3190 1811 cazIestis,
3242 1747 3549 1801 eradicabi-

1909 1840 2003 1887 tur
2032 1834 2128 1904 (d).
2172 1834 2415 1905 Propter
2452 1835 2560 1890 hoc
2610 1836 2755 1907 ipse,
2799 1851 2970 1890 verus
3022 1834 3320 1906 propheta,
3368 1835 3551 1891 dixit:

1909 1924 2021 1987 Ego
2047 1937 2169 1975 sum
2196 1931 2354 1992 porta
2383 1924 2514 1977 vitae
2542 1941 2563 1977 .·
2594 1924 2693 1993 qui
2734 1940 2835 1994 per
2885 1939 2972 1979 me
3018 1925 3234 1990 introit,
3278 1925 3473 1979 introit
3495 1925 3557 1979 in

1908 2011 2078 2063 vitam
2109 2010 2203 2081 (e),
2238 2011 2376 2081 quia
2407 2028 2518 2066 non
2569 2016 2657 2066 est
2711 2011 2824 2067 alia
2867 2011 3150 2078 doctrina,
3201 2028 3328 2082 quas
3370 2014 3557 2084 possit

1908 2096 2132 2152 salvum
2169 2099 2372 2153 facere.
2407 2099 2692 2162 Quocirca
2721 2099 3032 2167 clamabat,
3086 2099 3331 2155 dicens:
3374 2102 3557 2157 Venite

1906 2184 1977 2240 ad
2006 2202 2113 2253 me,
2145 2202 2331 2243 omnes
2359 2190 2457 2259 qui
2478 2188 2743 2243 laboratis
2770 2191 2861 2257 (n,
2909 2188 3019 2243 hoc
3064 2193 3173 2256 est,
3208 2189 3307 2261 qui
3342 2188 3553 2261 quieri-

1905 2273 1981 2328 tis
2008 2274 2335 2341 veritatem,
2370 2293 2473 2332 nec
2504 2276 2779 2333 invenitis
2808 2294 2958 2332 eam.
3004 2281 3073 2332 Et
3122 2278 3335 2332 iterum
3370 2293 3384 2331 ε
3420 2276 3553 2333 Oves

1906 2377 2254 2419 meaevocem
2298 2381 2477 2420 meam
2522 2366 2760 2421 audiunt
2807 2366 2903 2438 (g).
2963 2366 3033 2421 Et
3088 2366 3278 2422 alias:
3313 2367 3553 2436 Quaerite

1906 2460 1957 2509 et
1987 2454 2279 2510 invenietis
2323 2455 2445 2527 (h);
2475 2456 2629 2528 quod
2682 2454 2897 2511 veritas
2944 2454 3098 2511 clare
3144 2472 3260 2510 non
3319 2456 3397 2512 sit
3448 2472 3552 2527 po-

1906 2540 2039 2601 sita.

1988 2726 2131 2780 LIII.
2162 2725 2270 2780 Sed
2302 2728 2359 2779 et
2389 2724 2457 2779 de
2491 2722 2651 2779 ccelis
2680 2722 2846 2778 testis
2876 2738 2983 2778 vox
3033 2722 3233 2778 audita
3288 2728 3399 2790 est,
3459 2721 3548 2777 di-

1909 2817 2222 2873 cens:Hic
2250 2822 2328 2870 est
2382 2814 2563 2870 Filius
2619 2829 2771 2868 meus
2824 2812 3074 2879 dilectus,
3133 2813 3195 2866 in
3257 2826 3361 2883 quo
3416 2812 3557 2867 mihi

1910 2906 2217 2977 complacui
2246 2922 2264 2959 :
2296 2906 2481 2974 ipsum
2511 2901 2697 2957 audite
2726 2902 2811 2973 (i).
2848 2901 2914 2956 Et
2969 2901 3161 2956 adhuc
3226 2900 3415 2972 magis
3462 2900 3556 2955 de—

1913 3000 2241 3052 monstrare
2272 2992 2470 3047 volens
2502 2993 2660 3063 ipsos
2692 2990 3003 3063 prophetas
3034 3006 3279 3056 errasse,
3335 3007 3368 3044 a
3424 2989 3554 3061 qui-

1913 3085 2023 3140 bus
2055 3100 2117 3139 se
2147 3082 2423 3137 didicisse
2437 3081 2938 3146 afﬁrmabant,eos
2953 3078 3427 3135 mortuosessein
3456 3078 3555 3133 de-

1914 3172 2129 3229 siderio
2145 3177 2324 3227 etnon
2344 3170 2398 3224 in
2415 3170 2747 3241 cognitione
2763 3168 3021 3224 veritatis
3042 3166 3555 3239 pronuntiavit,his

156 3252 472 3326 μαθηκότας
516 3250 939 3323 τελευτήσαντας
987 3253 1295 3331 ἀπεφήνατο
1345 3252 1532 3307 εἰπών’
1592 3251 1803 3308 Πολλοὶ

1919 3262 2106 3318 verbis
2149 3277 2162 3314 :
2212 3261 2369 3315 Multi
2422 3260 2695 3330 propheta
2742 3266 2793 3313 et
2843 3273 2995 3325 reges
3041 3258 3329 3327 cupierunt
3372 3256 3558 3312 videre

156 3349 438 3420 προφῆται
493 3340 581 3395 καί
658 3339 900 3417 βασιλεῖς
979 3340 1322 3415 ἐπεθύμησαν
1388 3338 1518 3396 ἰδεῖν
1576 3341 1607 3395 ἂ
1656 3343 1803 3414 ὑμεῖς

1920 3368 2032 3423 qua:
2056 3365 2147 3405 vos
2176 3350 2371 3404 videtis
2410 3354 2458 3403 et
2492 3346 2687 3401 audire
2718 3363 2836 3417 quo:
2879 3361 2971 3401 vos
3014 3344 3220 3400 auditis
3249 3363 3268 3399 :
3298 3353 3350 3399 et
3397 3360 3559 3400 amen

159 3431 413 3507 βλέπετε,
474 3430 562 3485 καὶ
618 3431 840 3485 ἀκοῦσαι
900 3428 932 3484 ἃ
990 3430 1142 3503 ὑμεῖς
1221 3429 1460 3497 ἀκούετε,
1512 3430 1602 3485 καὶ
1659 3431 1803 3503 ἀμὴν

160 3519 312 3595 λέγω
371 3520 526 3592 ὑμῖν,
584 3517 708 3574 οὔτε
756 3516 894 3573 εἶδον
951 3521 1015 3588 ⁸⁸,
1048 3515 1171 3573 οὕτε
1216 3516 1476 3587 ἤκουσαν.
1521 3524 1640 3573 ’Έτι
1702 3520 1809 3591 μὴν

160 3607 365 3683 ἔλεγεν·
430 3607 574 3683 Ἐγώ
632 3607 745 3682 εἶμι
794 3608 915 3683 περὶ
973 3608 1035 3662 οὗ
1108 3614 1345 3676 Μωϋσῆς
1410 3610 1809 3685 προεφήτευσεν

162 3698 350 3753 εἰπών’
414 3699 710 3774 Προφήτην
786 3696 958 3773 ἐγερεῖ
1012 3700 1057 3733 ⁸⁸
1115 3698 1241 3770 ὑμῖν
1306 3697 1502 3773 Κύριος
1564 3698 1592 3751 6
1653 3698 1806 3754 I08

163 3786 291 3849 Θεὸς
322 3790 513 3861 ἡμῶν,
546 3786 603 3841 έκ
656 3791 763 3841 τῶν
809 3783 1057 3864 ἀδελφῶν
1112 3786 1283 3859 ὑμῶν,
1316 3785 1497 3862 ὥσπερ
1552 3785 1639 3841 καί
1687 3786 1805 3860 ἐμὲ,

161 3877 325 3933 αὐτοῦ
384 3874 608 3931 ἀκούετε
670 3876 805 3930 κατὰ
860 3877 1050 3930 πάντα*
1084 3877 1146 3937 ὃς
1201 3875 1260 3930 ἃν
1313 3873 1371 3930 δὲ
1397 3878 1442 3913 ⁸⁸
1490 3876 1567 3949 μὴ
1608 3875 1809 3951 ἀκοόσῃ

160 3970 255 4020 τοῦ
284 3967 573 4042 προφήτου
603 3963 831 4032 ἐκείνου,
867 3965 1229 4021 ἀποθανεῖται.

233 4058 380 4112 LIV.
414 4056 566 4108 Ὅθεν
616 4052 874 4109 ἀδύνατόν
920 4053 1058 4108 ἐστιν
1107 4054 1229 4109 ἄνευ
1272 4060 1371 4123 τῆς
1413 4053 1609 4109 τούτου
1658 4051 1807 4109 διδα-

166 4143 392 4205 σκαλίας
423 4142 651 4213 ἀληθείᾳ
677 4141 925 4216 σωζούσῃ
943 4141 1245 4215 ἐπιστῆναι,
1276 4143 1373 4197 κᾶν
1402 4144 1494 4197 τὸν
1526 4142 1698 4198 αἶῶνά
1723 4164 1808 4205 τις

168 4234 323 4304 ζητῇ,
355 4231 480 4288 ἔνθα
496 4232 560 4287 τὸ
591 4230 920 4305 ζητούμενον
952 4231 1052 4286 οὐκ
1081 4230 1242 4287 ἔστιν⁹
1274 4233 1340 4301 ἧν
1375 4230 1433 4287 ὃὶ
1459 4232 1548 4288 καὶ
1588 4228 1728 4287 ἔστιν
1758 4231 1810 4287 έν

164 4326 241 4394 τῷ
266 4323 449 4391 ἰησοῦ
478 4324 637 4395 ἡμῶν
658 4319 828 4397 λόγῳ.
846 4319 997 4390 Πλὴν
1018 4319 1231 4391 τάληθῆ
1253 4324 1296 4358 ⁸⁷
1325 4326 1421 4377 τοῦ
1451 4321 1623 4396 νόμου
1652 4318 1811 4383 εἰδὼς

167 4409 554 4473 Σαδδουκαίοις
601 4410 1050 4483 πυνθανομένοις,
1080 4411 1196 4465 καθ’
1243 4412 1302 4466 ὃν
1360 4409 1528 4486 λόγον
1573 4418 1809 4480 Μωϋσῆς

170 4501 303 4556 ἔπτὰ
349 4500 733 4576 συνεχώρησεν
778 4503 990 4575 γαμεῖν,
1044 4496 1167 4576 ἔφη’
1229 4505 1466 4568 Μωυσῆς
1530 4499 1666 4553 κατά
1708 4501 1807 4568 την

170 4585 601 4665 σκληροκαρδίαν
687 4588 839 4661 ὑμῶν
928 4586 1210 4662 ἐπέτρεψεν
1300 4588 1450 4661 ὑμῖν.
1519 4589 1638 4644 Ἀπ’
1716 4588 1812 4663 ἀρ-

1915 3441 2034 3497 dico
2059 3440 2230 3503 vobis,
2260 3452 2433 3510 neque
2460 3437 2713 3491 viderunt
2747 3450 2919 3505 neque
2961 3435 3258 3489 audierunt
3287 3433 3374 3505 (j).
3407 3432 3560 3487 Dixit

1918 3534 2194 3603 praeterea
2227 3544 2239 3582 :
2273 3529 2379 3598 Ego
2404 3543 2525 3581 sum
2568 3525 2633 3579 de
2675 3540 2778 3595 quo
2826 3528 3036 3595 Moyses
3078 3522 3442 3594 praphetavit,
3471 3520 3558 3576 di-

1915 3636 2038 3675 cens
2078 3637 2096 3672 :
2146 3617 2479 3688 Prophetam
2525 3614 2810 3669 suscitabit
2866 3613 3015 3667 vobis
3082 3613 3346 3667 Dominus
3418 3612 3559 3666 Deus

1914 3720 2098 3763 noster
2120 3722 2189 3762 ex
2214 3705 2487 3778 fratribus
2519 3704 2733 3766 vestris,
2764 3703 2903 3757 sicut
2940 3717 3069 3769 me;
3098 3703 3283 3771 ipsum
3333 3702 3394 3754 in
3436 3715 3555 3753 om-

1914 3797 2080 3852 nibus
2102 3795 2307 3850 audite.
2344 3795 2647 3863 Quiautem
2666 3807 2775 3846 non
2791 3790 3032 3846 audierit
3048 3790 3365 3863 prophetam
3394 3789 3559 3843 illum

1916 3886 2183 3940 morietur
2210 3882 2306 3954 (Ic).

1989 4058 2126 4117 LIV.
2161 4060 2350 4123 Quare
2380 4056 2747 4129 impossibile
2775 4059 2883 4125 est,
2916 4054 3043 4111 sine
3080 4053 3267 4127 ipsius
3297 4053 3561 4109 doctrina

1919 4149 2231 4205 salutiferae
2261 4146 2531 4202 insistere
2570 4144 2818 4210 veritati,
2870 4144 3138 4215 quamvis
3187 4143 3244 4198 in
3277 4148 3559 4198 aaternum

1920 4239 2053 4310 quis
2084 4242 2325 4309 quaerat,
2360 4235 2457 4291 ubi
2489 4235 2641 4307 quod
2675 4234 2955 4305 quaeritur
2983 4250 3096 4289 non
3121 4231 3559 4299 consistit,con-

1921 4326 2070 4382 stitit
2100 4330 2294 4380 autem
2327 4329 2386 4379 et
2415 4324 2689 4379 consistit
2718 4322 2776 4376 in
2830 4322 2969 4378 Jesu
3027 4322 3212 4377 nostri
3271 4337 3557 4377 sermone.

1922 4416 2124 4487 Itaque
2157 4430 2291 4469 cum
2325 4412 2498 4469 sciret
2526 4428 2662 4467 vera
2703 4411 2869 4483 legis,
2927 4410 3258 4466 Saddueoeis
3314 4411 3561 4464 interro-

1919 4503 2223 4576 gantibus,
2257 4519 2375 4573 qua
2405 4500 2629 4556 ratione
2659 4500 2885 4573 Moyses
2931 4498 3371 4553 matrimonium
3424 4513 3559 4552 cum

1922 4599 2143 4665 septem
2177 4591 2518 4647 contrahere
2550 4586 3283 4662 permississet,respondit
3315 4602 3327 4640 :
3357 4587 3561 4655 Moyses

168 4681 272 4754 χῆς
324 4678 432 4754 γὰρ
489 4676 662 4739 οὕτως
721 4676 821 4731 οὔκ
868 4674 1103 4768 ¹ἐγένετο.
1136 4677 1192 4730 Ὀ
1221 4677 1324 4753 γὰρ
1381 4676 1564 4737 κτίσας
1594 4675 1684 4730 ἀπ’
1718 4677 1803 4752 ἀρ-

1922 4682 1993 4736 ad
2021 4680 2286 4736 duritiam
2318 4682 2554 4735 vestram
2580 4680 2839 4750 permisit
2874 4676 3039 4733 vobis.
3090 4675 3169 4731 Ab
3220 4676 3383 4729 initio
3411 4675 3561 4729 enim

167 4774 274 4844 χῆς
331 4768 424 4822 τὸν
473 4763 787 4842 ἄνθρωπον,
846 4761 1003 4841 ἄρσεν
1054 4764 1144 4819 καὶ
1204 4762 1347 4835 θῆλυ
1404 4764 1653 4835 ἐποίησεν
1716 4764 1811 4821 αὐ-

166 4855 279 4915 τόν.

261 5085 314 5153 b}
342 5086 556 5145 Matth.
587 5102 647 5153 ν,
674 5085 762 5141 17.

259 5018 314 5080 ai
345 5015 557 5074 Matth.
586 5029 747 5080 χχιιι,
776 5014 832 5069 2.

260 5034 295 5074 α
345 5018 557 5074 Matth.
586 5029 747 5080 χχιιι,
776 5018 832 5069 2.

261 5090 290 5144 b
342 5086 556 5145 Matth.
587 5102 647 5153 ν,
674 5085 762 5141 17.

260 5178 286 5218 c
328 5159 536 5217 Matth.
572 5172 729 5222 χχιν,
760 5156 869 5225 35;
898 5172 954 5225 ν,
987 5157 1075 5213 18.

298 5233 316 5288 ὶ
347 5229 552 5288 Matth.
584 5245 679 5288 xv.
713 5227 802 5285 13.

256 5178 552 5294 Ἅῇῗὶιῗ.
572 5178 802 5294 ξιῖῖὶἕῗ

266 5300 316 5368 e3
341 5306 511 5359 Joan.
544 5317 603 5368 χ,
633 5300 691 5355 9.

266 5311 316 5373 e)
341 5311 511 5359 Joan.
544 5317 603 5368 χ,
633 5311 691 5355 υ.

238 5311 305 5449 ὃ)
334 5374 544 5432 Matth.
575 5388 659 5443 χι,
686 5370 779 5426 28.

233 5023 256 5306 Ξ

1920 4786 2031 4825 ηοη
2060 4772 2169 4841 fuit
2197 4770 2410 4837 δίε.οιιί
2436 4769 2585 4824 enim
2612 4767 2679 4821 ab
2703 4768 2862 4822 initio
2882 4766 3085 4821 creavit
3109 4766 3558 4828 hominem,mas-

1920 4859 2110 4915 culum
2134 4866 2187 4914 et
2213 4858 2482 4929 feminam
2509 4857 2643 4928 fecit
2672 4871 2795 4911 eum
2822 4853 2913 4926 (ι).

2020 5018 2075 5143 ἶ)
2102 5018 2273 5074 Joan.
2304 5032 2362 5083 χ,
2391 5016 2484 5105 27:

2062 5093 2078 5143 δ
2108 5088 2315 5143 Matth.
2340 5104 2439 5143 vn.
2482 5123 2484 5138 η

2057 5087 2078 5158 )
2108 5088 2315 5145 Matth.
2340 5104 2439 5153 vn,
2471 5087 2527 5140 7.

2019 5157 2062 5227 i)
2093 5159 2295 5216 Matih.
2326 5175 2430 5227 χιι,
2459 5157 2514 5213 5.

2026 5227 2057 5297 ἱ)
2084 5230 2291 5287 Matth.
2322 5247 2447 5297 χιιι,
2476 5228 2586 5297 t7;
2619 5227 2755 5283 Luc.
2786 5243 2843 5295 χ,
2873 5227 2965 5283 24.

2016 5298 2071 5375 Ίὲ)
2101 5303 2268 5359 Joan.
2300 5319 2356 5373 v,
2390 5300 2649 5375 46;t}ot.
2680 5316 2765 5365 ιιι,
2791 5298 2887 5375 _22.

2017 5370 2061 5447 ι)
2089 5374 2293 5431 Matth.
2323 5370 2462 5440 χνιι,
2490 5372 2562 5427 23
2594 5388 2609 5441 ;
2639 5387 2756 5443 χιχ,
2785 5370 2841 5437 8,
2873 5370 2927 5425 4.

1510 5513 1754 5573 νΑΗΙιΒ
1819 5514 2234 5574 LECTIONES.

234 5628 459 5705 ⁸(ὄντος
491 5635 548 5688 C.
626 5631 678 5705 '1
703 5624 760 5682 δέ
786 5628 919 5705 add.
950 5644 999 5705 ρ.
1032 5628 1104 5705 Οἑ
1173 5630 1222 5705 “_
1234 5626 1347 5705 Δὅσα
1362 5630 1595 5705 excidit
1610 5648 1708 5705 ap.
1741 5632 1801 5686 Cl
1832 5635 1889 5687 et
1917 5632 1976 5688 S.
2054 5633 2099 5668 ⁸⁸
2129 5628 2199 5705 δι’
2226 5628 2257 5684 ὅ
2285 5636 2342 5705 0.
2374 5626 2765 5705 «ﬂaui-om.
2798 5629 2916 5705 Ο.--
2940 5628 2986 5664 ⁶⁰
3026 5626 3286 5705 ⁸ἀκούουσι
3322 5627 3468 5705 ’(εᾷρ)
3494 5627 3561 5705 0:

169 5707 209 5782 ξ
240 5704 462 5782 οὐρανοῦ
492 5707 557 5761 Ο.
634 5702 683 5737 ⁸³
718 5719 824 5773 μου
857 5698 886 5752 ὃ
913 5699 1033 5782 ηὸς
1066 5701 1126 5757 C.
1166 5703 1251 5782 __”
1279 5700 1407 5782 τούς
1439 5707 1502 5782 Οξ
1578 5703 1624 5737 ⁶⁴
1653 5696 1755 5759 ’[ῐα
1811 5704 1875 5761 0.
1929 5721 1978 5760 ο.
2030 5705 2084 5771 S,
2128 5700 2248 5757 ’ίδον
2300 5704 2357 5758 C.
2418 5696 2480 5736 ’⁸⁸
2519 5696 2700 5776 έγείρη
2734 5702 2799 5757 Ο.
2875 5701 2920 5737 ⁸⁵
2947 5698 3036 5754 καί
3067 5700 3133 5758 Ο.
3209 5701 3251 5736 ⁸⁷
3278 5696 3351 5753 τᾶ
3376 5696 3560 5770 ἀληθῆ

171 5777 234 5849 0,
262 5771 319 5835 ili
347 5778 518 5850 cuius
546 5771 738 5847 marg.
772 5777 1043 5831 monetur
1070 5790 1091 5834 .'
1121 5771 1413 5849 νόθαοκατὰ
1440 5772 1634 5848 νόμου.
