4112 6344
468 424 582 484 147
1296 424 1361 483 S.
1407 423 1848 486 CLEMENTIS
1895 426 1918 484 Ι
1965 423 2159 485 BOM.
2202 423 2435 488 P.0N'l‘.
2481 422 2742 484 OPERA
2786 419 3048 480 DUBIA.
3769 423 3893 485 148

538 556 645 611 LV.
708 554 784 611 Iis
840 572 970 612 vero
1014 556 1113 631 qui
1175 557 1555 628 arbitrantur,
1612 558 2149 630 quemadmodum,

2302 554 2414 610 LV.
2447 558 2569 615 Τοῖς
2604 551 2660 608 δὲ
2714 552 3049 626 νομίζουσιν,
3083 550 3159 613 ὡς
3217 552 3274 606 αἱ
3326 554 3532 631 Γραφαὶ
3594 550 3889 609 διδάσκου-

470 644 680 701 docent
708 645 1043 717 Scriptura,
1100 650 1283 701 Deum
1325 647 1551 718 jurare,
1610 648 1753 704 dicit
1786 666 1798 703 :
1832 649 1915 703 Sit
1943 663 2118 703 sermo

2264 662 2330 713 ιν,
2363 640 2446 697 ὅτι
2477 644 2505 698 6
2536 644 2663 704 Θεὸς
2698 640 2905 714 ὀμνύει,
2938 635 3062 718 ἔφη’
3097 641 3275 695 Ἔστω
3328 643 3480 715 ὑμῶν
3542 643 3606 698 τὸ
3635 641 3745 713 ναί,
3775 643 3891 713 ναί,

469 742 661 800 vester,
692 738 789 800 est,
823 737 901 790 est
927 752 948 797 ;
978 744 1029 791 et
1061 752 1192 805 non,
1236 752 1349 790 non
1374 752 1396 797 ,·
1429 736 1567 807 quod
1614 739 1763 792 enim
1816 738 1895 792 his
1943 736 2119 792 abun-

2263 730 2317 785 αἱ
2374 733 2416 767 ⁸⁸
2455 731 2516 785 τὸ
2573 727 2660 803 οὔ,
2697 728 2779 785 οὔθ
2828 731 2890 786 τὸ
2948 731 3051 805 γάρ
3110 731 3365 804 περισσὸν
3425 731 3634 787 τούτων
3687 731 3749 786 ἐκ
3789 736 3894 787 τοῦ

473 823 702 878 dantius
730 828 830 889 est,
860 841 896 879 a
924 825 1070 880 malo
1095 828 1174 881 est
1204 825 1302 897 (a).
1332 825 1401 880 Et
1432 825 1504 881 iis
1536 826 1636 897 qui
1668 827 1891 893 dicunt,
1939 826 2119 881 Abra-

2261 823 2473 895 τονηροῦ
2526 818 2686 876 ἐστιν.
2719 819 2816 874 Καὶ
2874 824 2989 881 τοῖς
3052 818 3301 894 λέγουσιν
3360 818 3443 875 ὅτι
3486 815 3741 895 Ἀϐραὰμ
3799 820 3895 875 καὶ

474 912 741 977 hamum,
773 913 1040 968 lsaacum
1073 918 1129 969 et
1157 914 1441 969 Jacobum
1471 931 1597 970 esse
1656 920 1938 981 mortuos,
1992 916 2072 970 ait
2105 932 2118 969 :

2261 908 2409 963 [σαάκ
2462 908 2552 963 καὶ
2608 911 2653 945 ⁸9
2692 903 2885 964 Ἰακὼϐ
2942 907 3204 971 ἀπέθανον
3263 911 3327 978 το,
3389 907 3514 986 ἔφη*
3574 909 3686 964 Οὐκ
3744 908 3895 965 ἔστιν

473 1002 591 1057 Νοη
617 1005 695 1056 est
725 1002 863 1057 Deus
892 1007 1257 1069 mortuorum,
1289 1002 1381 1058 sed
1418 1004 1720 1058 viventium
1768 1004 1864 1075 (b).
1914 1003 1990 1059 lis
2020 1021 2122 1058 au-

2261 996 2360 1059 Da6q
2415 1000 2641 1072 νεκρῶν,
2675 995 2821 1052 ἀλλά
2879 996 3118 1066 ζώντων.
3170 1002 3297 1059 Τοῖς
3348 994 3407 1052 δὲ
3463 997 3742 1071 οἲομένοις
3804 997 3898 1053 ὅτι

476 1094 594 1145 tem
628 1090 728 1163 qui
766 1092 943 1146 Deum
977 1095 1185 1162 putant
1214 1107 1341 1146 esse
1373 1095 1745 1162 tentatorem,
1778 1092 1932 1147 sicut
1960 1093 2126 1148 aiunt

2261 1119 2262 1131 ι
2294 1087 2421 1148 Θεὸς
2470 1086 2731 1161 πειράζει,
2766 1085 2842 1148 ὡς
2909 1086 2963 1140 αἱ
3004 1086 3208 1162 Γραφαῖ
3251 1084 3527 1161 λέγουσιν,
3562 1086 3687 1165 ἔφη·
3724 1088 3753 1142 ὁ
3787 1109 3900 1143 πο-

478 1178 811 1250 Scriptura),
845 1179 987 1235 dicit
1016 1184 1363 1235 tentatorem
1409 1196 1536 1236 esse
1581 1180 1904 1250 diabolum,
1939 1181 2039 1253 qui
2069 1186 2128 1238 et

2266 1174 2400 1246 ηρός
2444 1173 2582 1230 ἐστιν
2633 1176 2661 1230 6
2708 1175 2999 1249 πειράζων,
3033 1175 3061 1228 6
3091 1174 3181 1229 καὶ
3231 1174 3389 1230 αὐτὸν
3442 1174 3724 1252 πειράσας·
3772 1182 3902 1239 τοῖς

478 1268 726 1324 tentavit
757 1286 911 1325 eum.
941 1269 1017 1324 lis
1047 1285 1178 1324 vero
1212 1270 1310 1340 qui
1345 1269 1528 1324 Deum
1581 1269 1963 1343 suspicantur
2011 1288 2127 1325 non

2261 1265 2296 1320 ἱὲ
2351 1267 2391 1301 ⁷³
2438 1259 2936 1337 ὑπολαμϐάνουσιν,
2969 1262 3053 1319 ὅτι
3114 1264 3142 1318 ὁ
3198 1264 3326 1326 Θεὸς
3382 1264 3444 1319 οὐ
3502 1266 3905 1340 προγινώσκει,

484 1356 773 1429 praescire,
805 1357 936 1412 infit
960 1376 974 1424 ;
1006 1358 1117 1413 Scit
1142 1359 1295 1412 enim
1320 1359 1490 1413 Pater
1519 1366 1693 1414 vester
1719 1359 1975 1427 caelestis,
2000 1362 2131 1431 quia

2261 1352 2361 1431 Ϊφη·
2424 1350 2552 1410 Οἵδε
2606 1355 2709 1428 γὰρ
2764 1354 2792 1408 6
2851 1354 3037 1428 Πατὴρ
3097 1353 3248 1426 ὑμῶν
3307 1356 3354 1390 ⁷³
3412 1354 3441 1408 ὁ
3500 1353 3751 1429 οὐράνιος
3813 1353 3905 1410 ὅτι

484 1444 570 1499 his
596 1447 846 1500 omnibus
876 1445 1152 1516 indigetis,
1185 1450 1481 1517 antequam
1518 1448 1720 1518 petatis
1776 1462 1899 1503 eum
1941 1448 2030 1519 (c).
2064 1450 2134 1505 Et

2261 1440 2477 1517 (ρῄζετε
2557 1440 2764 1496 τούτων
2838 1438 3107 1514 ἁπάντων,
3186 1441 3311 1517 πρὶν
3388 1440 3548 1497 αὐτὸν
3620 1443 3905 1513 ἀξιώσετε.

489 1534 563 1589 iis
596 1533 889 1605 quijuxta
931 1534 1259 1606 Scripturas
1317 1536 1563 1590 credunt
1621 1537 1800 1591 Deum
1862 1554 1978 1593 non
2009 1554 2134 1594 om-

2261 1536 2370 1593 [οἷς
2427 1527 2484 1585 δὲ
2539 1528 2906 1602 πιστεύουσιν,
2940 1529 3014 1592 ὡς
3065 1531 3121 1584 αἱ
3162 1533 3315 1587 109
3365 1530 3569 1609 Γραφαὶ
3621 1530 3908 1607 λέγουσιν,

494 1622 591 1677 nia
620 1639 850 1678 cernere
884 1639 895 1678 :
932 1622 1115 1693 Orate,
1150 1622 1362 1695 inquit,
1398 1626 1459 1679 in
1487 1624 1820 1691 abscondito,
1872 1634 1928 1682 et
1979 1627 2138 1683 Pater

2261 1619 2328 1674 in
2390 1621 2464 1692 μὴ
2522 1620 2691 1675 πάντα
2748 1618 2960 1695 βλέπει,
2993 1614 3093 1697 ἔφη
3153 1621 3217 1656 ’³³⁸
3252 1620 3337 1674 Ἐν
3395 1624 3475 1691 τῷ
3531 1625 3753 1693 κρυπτῷ
3812 1617 3909 1676 εὕ-

494 1715 687 1775 vester,
721 1713 818 1783 qui
846 1711 987 1766 videt
1019 1712 1351 1779 abscondita,
1384 1712 1573 1767 reddet
1604 1712 1749 1768 vobis
1780 1713 1878 1785 (ά).

2261 1719 2432 1784 ίεσθε,
2483 1708 2597 1763 εἷπε
2652 1711 2715 1779 ⁷⁸,
2766 1709 2855 1763 καὶ
2916 1709 2944 1763 6
2998 1709 3185 1783 Πατήρ
3240 1708 3408 1782 δμῶν,
3469 1710 3497 1763 6
3558 1708 3777 1785 βλέπων
3837 1712 3912 1765 τὰ

2249 1798 2481 1873 κρυπτὰ,
2516 1795 2785 1852 ἀποδώσει
2820 1797 2971 1871 ύμῖν.

570 1889 702 1944 LVI.
736 1888 1220 1944 Existimantibus
1253 1906 1423 1960 porro
1466 1889 1650 1946 Deum
1702 1908 1816 1947 non
1867 1908 1994 1948 esse
2045 1893 2143 1948 bo-

2326 1890 2468 1945 LVI.
2498 1893 2622 1949 Τοῖς
2680 1884 2738 1942 δέ
2795 1886 3069 1960 οἰομένοις
3102 1887 3262 1942 αὐτὸν
3301 1889 3375 1960 μή
3411 1888 3608 1963 ἀγαθὸν
3643 1888 3802 1960 εἶναι,
3831 1889 3915 1951 ὡς

502 1997 667 2047 num,
703 1986 763 2033 ut
795 1979 958 2034 aiunt
988 1977 1322 2049 Scripturaa,
1354 1979 1434 2033 ita
1462 1978 1693 2035 locutus
1724 1986 1841 2035 est:
1865 1989 1911 2035 Α
1942 1998 2047 2052 quo
2075 1998 2146 2037 ea:

2261 1976 2309 2032 αἱ
2350 1977 2555 2054 Γραφαὶ
2597 1975 2864 2052 λέγουσιν,
2910 1974 3032 2054 ἔφη’
3063 1976 3190 2031 Τίνα
3240 1977 3392 2048 ὑμῶν
3439 1979 3485 2014 ⁷⁸
3531 1977 3741 2048 αἰτήσει
3787 1979 3913 2040 υἱὸς

502 2069 655 2125 vobis
683 2069 834 2139 ﬁlius
861 2070 1005 2139 petet
1033 2067 1510 2139 panem,nunquid
1530 2069 1777 2135 lapidem
1804 2071 2047 2141 porriget
2067 2072 2146 2127 ei?

502 2158 603 2213 Aul
632 2168 682 2212 et
705 2158 911 2229 piscem
938 2163 1107 2226 petet,
1136 2157 1397 2228 nunquid
1417 2165 1718 2228 serpentem
1747 2161 1799 2213 ei
1842 2162 2093 2233 porriget
2122 2162 2147 2214 .9

502 2247 564 2302 Si
592 2262 716 2317 ergo
748 2261 854 2311 vos,
886 2261 1011 2300 eum
1038 2245 1162 2300 sitis
1191 2245 1349 2311 mali,
1406 2246 1575 2301 nostis
1628 2246 1765 2302 bona
1820 2247 1961 2303 dona
2014 2249 2147 2304 dare

499 2338 636 2408 ﬁliis
668 2336 875 2400 vestris,
907 2338 1109 2406 quanto
1139 2335 1313 2404 magis
1342 2338 1512 2389 Pater
1551 2335 1779 2390 aeleslis
1820 2337 1976 2393 dabit
2007 2338 2147 2393 bona

498 2425 805 2498 petentibus
827 2440 882 2479 se
910 2428 960 2478 et
997 2423 1322 2495 facientibus
1348 2423 1683 2479 voluntatem
1710 2441 1869 2481 suam
1900 2427 1969 2497 (e)
1994 2430 2019 2481 .9
2044 2429 2145 2483 As-

501 2514 833 2570 serentibus
862 2516 1084 2575 autem,
1116 2529 1249 2567 eum
1280 2511 1340 2566 in
1373 2512 1592 2584 templo
1622 2529 1772 2580 esse,
1818 2515 1965 2571 dixit
1995 2518 2145 2573 ε,Νο-

502 2604 595 2659 lite
624 2605 813 2672 iurare
836 2619 937 2673 per
965 2601 1184 2669 celum,
1216 2603 1349 2673 quia
1390 2600 1619 2657 thronus
1674 2605 1779 2658 Dei
1827 2613 1927 2671 est,
1975 2622 2149 2679 neque

498 2708 597 2765 per
622 2692 986 2762 terram,quia
1014 2690 1315 2746 scabellum
1344 2695 1420 2745 est
1445 2690 1648 2761 pedum
1676 2693 1793 2759 ejus
1821 2694 1986 2765 (f).Et
2007 2712 2147 2766 prae-

503 2780 899 2846 sumentibus,
933 2780 1117 2834 Deum
1148 2778 1454 2834 sacriﬁciis
1487 2778 1784 2846 delectari,
1847 2782 1927 2837 ait
1958 2800 1971 2838 :
2008 2784 2148 2838 Deus

501 2869 943 2931 misericordiam
985 2868 1118 2934 vult,
1180 2872 1231 2922 et
1281 2883 1393 2923 non
1448 2868 1752 2939 sacriﬁcia,
1808 2873 2148 2941 agnitionem

502 2975 684 3026 suam,
714 2961 767 3013 et
794 2973 902 3012 non
926 2957 1241 3013 holocausta
1271 2954 1371 3027 (g).

577 3135 768 3193 LVIII.
804 3135 882 3190 Ad
915 3150 1012 3190 eos
1044 3138 1263 3199 autem,
1298 3134 1398 3205 qui
1459 3135 1781 3190 secundum
1821 3135 2147 3207 Scripturas

503 3224 687 3281 Deum
721 3239 848 3279 esse
882 3222 1102 3279 malum
1134 3224 1397 3289 credunt,
1429 3225 1510 3279 ait
1542 3241 1554 3279 :
1588 3226 1664 3280 Ne
1690 3241 1780 3280 me
1807 3225 2011 3282 dicatis
2053 3227 2144 3281 bo-

501 3330 658 3385 num,
689 3330 833 3368 unus
865 3315 1065 3368 etenim
1098 3314 1273 3367 bonus
1301 3321 1382 3368 est
1424 3312 1520 3384 (b).
1574 3313 1641 3368 Et
1687 3330 1893 3369 rursus
1926 3330 1940 3371 :
1971 3316 2147 3372 Estote

504 3402 634 3459 boni
659 3411 711 3457 et
749 3401 1147 3467 misericordes,
1175 3404 1315 3457 sicut
1366 3403 1553 3471 Pater,
1603 3404 1701 3473 qui
1745 3404 1805 3457 in
1850 3406 1998 3459 caelis
2045 3413 2147 3472 est,

504 3492 605 3563 qui
633 3492 809 3547 solem
838 3492 989 3546 oriri
1017 3492 1153 3560 facit
1178 3508 1341 3561 super
1387 3490 1549 3546 bonos
1596 3494 1649 3546 et
1690 3493 1884 3558 malos,
1944 3502 1994 3548 et
2017 3494 2148 3565 ptu-

502 3583 650 3637 viam
679 3581 919 3635 demittit
949 3596 1117 3650 super
1148 3581 1316 3649 iustos
1346 3588 1395 3634 et
1418 3580 1648 3650 injustas
1677 3581 1856 3651 (i).Ad
1887 3598 1986 3638 eos
2016 3599 2149 3638 vero

507 3671 607 3740 qui
639 3670 695 3723 in
728 3685 855 3724 eam
892 3668 1153 3723 fraudem
1188 3668 1409 3722 inducti
1443 3672 1606 3735 sunt,
1640 3673 1703 3723 ut
1733 3685 1866 3724 cum
1892 3670 2153 3742 Scriptu-

508 3758 589 3813 ris
620 3762 897 3813 censeant
930 3756 1146 3811 multos
1177 3772 1305 3812 esse
1335 3756 1495 3827 deos,
1530 3756 1614 3811 sic
1672 3756 1932 3827 loquitur
1965 3775 1978 3815 :
2010 3760 2153 3814 Audi

506 3848 700 3910 Israel,
735 3847 995 3900 Dominus
1025 3846 1164 3899 Deus
1195 3853 1317 3900 tuus
1348 3845 1484 3899 Deus
1516 3861 1659 3900 unus
1680 3848 1755 3900 est
1778 3847 1864 3918 (j).

583 3935 776 3990 LVIII.
810 3939 1008 4005 Itaque
1040 3932 1604 4004 Simon,intelligens
1622 3934 1775 4003 quod
1796 3934 1998 3991 Petrus
2016 3952 2150 3992 eum

510 4028 740 4094 cogeret
770 4021 1089 4092 Scripturis
1114 4019 1195 4074 uti
1228 4020 1726 4091 quemadmodum
1744 4019 2152 4090 docuitJesus,

511 4110 951 4182 inquisitionem
968 4108 1155 4163 noluit
1183 4108 1400 4163 versari
1423 4108 1577 4163 circa
1590 4124 1921 4165 sermonem
1947 4114 2017 4166 de
2040 4116 2154 4167 Deo

510 4200 646 4259 licet
678 4200 877 4253 Petrus
906 4202 1110 4270 rogatu
1143 4196 1330 4269 ipsius
1362 4196 1675 4253 consilium
1722 4203 2032 4270 mutasset,
2065 4200 2153 4255 in-

510 4287 1004 4361 quisitionemque
1017 4286 1401 4341 concessisset
1422 4302 1525 4357 per
1546 4286 2063 4359 interrogationem
2088 4306 2155 4345 ac

512 4376 950 4448 responsionem
991 4375 1135 4430 fieri.
1189 4376 1473 4432 Caeterum
1523 4374 1844 4446 disputatio
1893 4393 1999 4449 per
2037 4383 2156 4435 tres

512 4468 634 4523 dies
705 4465 954 4520 duravit.
1010 4466 1223 4530 Quarto
1273 4467 1467 4519 autem
1516 4462 1906 4537 illucescente,
1955 4465 2156 4523 Simon

511 4559 678 4611 nocte
706 4570 911 4610 versus
940 4554 1155 4627 Tyrum
1185 4552 1489 4609 Phoeniciis
1521 4553 1918 4627 profugit.Nec
1949 4555 2155 4613 multis

585 4698 663 4769 (α)
695 4695 900 4769 Mutlb.
932 4712 989 4762 ν,
1020 4696 1112 4750 37.

585 4766 662 4840 (b)
694 4767 901 4840 Matth.
934 4783 1072 4840 xxn,

587 4838 653 4967 (e)
684 4838 884 4894 Matth.
915 4854 993 4907 νι,
1023 4839 1078 4904 8,
1108 4838 1199 4893 32.

587 4916 607 4967 (
650 4913 665 4967 i
697 4909 902 4966 Matth.
928 4926 1008 4967 v1.
1036 4910 1093 4963 6.

586 4909 665 4981 (ά)
697 4909 902 4981 Matth.
928 4926 1008 4978 v1,
1036 4910 1093 4963 6.

584 4978 657 5056 (e)
688 4980 893 5037 Matth.
925 4997 1028 5048 vn,
1059 4979 1188 5035 9-11
1228 4996 1242 5049 ;
1274 4978 1412 5036 Luc.
1447 4996 1525 5049 x1,
1562 4979 1748 5037 11-43.
1816 5042 1819 5043 ν

2255 2066 2435 2141 ἄρτον,
2481 2066 2556 2139 μή
2617 2064 2769 2129 λίθον
2829 2062 3081 2120 ἐπιδώσει
3135 2063 3321 2137 animi);
3369 2066 3405 2134 ἢ
3462 2066 3553 2120 καὶ
3610 2067 3768 2143 ἰχθὺν
3820 2067 3913 2121 αἶ’-

2222 2156 2429 2224 “τήσει,
2494 2156 2569 2226 μὴ
2657 2149 2778 2232 ὅφιν
2857 2152 3110 2209 ἐπιδώσει
3187 2153 3372 2226 αύτῷ;
3432 2154 3479 2209 εἷ
3558 2153 3649 2209 οὖν
3717 2157 3915 2228 ἡμεῖς,

2254 2243 2487 2319 πονηροὶ
2545 2238 2713 2312 ὄντες,
2771 2240 2952 2298 οἷ’δατε
3008 2240 3218 2316 δόματα
3277 2244 3452 2318 ἀγαθὰ
3517 2240 3726 2299 διδόναι
3787 2250 3917 2306 τοῖς

2254 2332 2459 2394 τέκνοις
2538 2332 2714 2406 ὑμῶν,
2770 2331 2925 2404 πόσῳ
3002 2331 3213 2405 μᾶλλον
3294 2333 3319 2387 6
3397 2333 3583 2407 Πατὴρ
3663 2333 3816 2405 ὑμῶν
3886 2336 3919 2388 ὁ

2256 2420 2513 2495 ούράνιος
2574 2418 2737 2476 δώσει
2793 2421 2963 2497 ἀγαθὰ
3017 2426 3133 2483 τοῖς
3192 2421 3536 2493 αἶ’τουμένοις
3589 2420 3747 2476 αὑτὸν
3819 2422 3919 2477 καὶ

2253 2516 2369 2572 τοῖς
2425 2514 2642 2565 ποιοῦσι
2700 2509 2764 2564 τὸ
2820 2508 3038 2583 Θέλημα
3094 2508 3298 2577 αὐτοῦ;
3358 2514 3483 2572 Τοῖς
3532 2507 3591 2565 δὲ
3646 2509 3805 2564 αὐτὸν
3872 2512 3923 2547 ’³⁵

2257 2594 2764 2671 διαϐεϐαιουμένοις
2824 2597 2874 2653 ἐν
2932 2602 3042 2670 ναῷ
3103 2597 3257 2669 εἶναι,
3324 2596 3447 2675 ἔφη⁶
3512 2599 3605 2667 Μὴ
3666 2597 3919 2669 ὁμόσητε

2252 2688 2345 2743 τὸν
2379 2687 2625 2762 οὐρανὸν,
2654 2685 2737 2741 ὅτι
2795 2682 2982 2763 θρόνος
3041 2685 3151 2741 ἐστὶ
3203 2691 3302 2741 τοῦ
3352 2691 3485 2742 Θεοῦ
3514 2689 3581 2757 τ’,
3617 2688 3757 2759 μήτε
3808 2687 3918 2754 τήν

2254 2784 2384 2852 γῆν,
2441 2775 2523 2832 δτι
2586 2775 2880 2831 ὑποπόδιον
2934 2780 3041 2831 τῶν
3114 2772 3298 2831 ποδῶν
3348 2775 3511 2830 αὐτοῦ
3570 2774 3731 2831 ἐστιν.
3788 2780 3923 2838 Τοῖς

2257 2863 2315 2921 δὲ
2369 2860 2761 2941 προλαϐοῦσιν,
2796 2864 2880 2920 ὅτι
2941 2870 3138 2929 θυσιῶν
3201 2864 3448 2940 ὀρέγεται
3503 2865 3530 2919 6
3580 2863 3731 2935 Θεὸς,
3782 2861 3915 2941 ἔφη’

2254 2956 2311 3011 Ὀ
2340 2955 2467 3018 Θεὸς
2500 2952 2654 3017 ἕλεος
2709 2953 2852 3009 θέλει
2908 2954 2996 3008 καὶ
3052 2953 3113 3009 ού
3163 2953 3368 3027 Θυσίας,
3403 2953 3692 3029 ἐπίγνωσιν
3746 2952 3918 3007 αὐτοῦ

2254 3045 2344 3099 καὶ
2375 3043 2483 3119 οὐχ
2512 3041 2961 3116 ὁλοκαυτώματα.

2327 3135 2491 3191 LVII.
2523 3136 2654 3195 Τοῖς
2685 3130 2743 3187 δὲ
2773 3129 3118 3205 πειθομένοις
3148 3130 3314 3185 κακὸν
3346 3129 3507 3185 αὐτὸν
3540 3129 3697 3200 εἶναι,
3732 3128 3805 3191 ὡς
3858 3130 3921 3183 αἱ

2258 3222 2463 3300 Γραφαὶ
2522 3220 2792 3298 λέγουσιν,
2853 3218 2976 3297 ἔφη·
3038 3222 3127 3290 Μή
3190 3241 3257 3292 με
3314 3218 3501 3293 λέγετε
3550 3221 3594 3256 ⁷⁸
3635 3217 3849 3294 ἀγαθόν’
3886 3218 3917 3272 6

2258 3313 2362 3387 γὰρ
2413 3311 2614 3382 ἀγαθὸς
2673 3312 2748 3372 εἷς
2810 3309 2971 3366 ἐστιν.
3032 3310 3135 3365 Καὶ
3194 3308 3358 3365 πάλιν
3411 3312 3476 3365 7°.
3525 3308 3735 3371 Γίνεσθε
3789 3306 3925 3381 ἀγα-

2259 3400 2344 3456 Θοὶ
2403 3400 2493 3455 καὶ
2554 3398 2919 3476 οἰκτίρμονες,
2954 3399 3030 3460 ὡς
3077 3399 3105 3453 6
3154 3399 3341 3474 Πατήρ
3392 3398 3421 3451 6
3471 3397 3523 3452 ἐν
3581 3403 3699 3459 τοῖς
3757 3395 3921 3472 ούρα-

2257 3495 2394 3563 νοῖς,
2454 3489 2512 3550 ’ὸς
2596 3486 2879 3544 ἀνατέλλει
2963 3488 3055 3542 τὸν
3139 3485 3301 3555 ἥλιον
3389 3486 3470 3541 ἐπ’
3526 3485 3745 3561 ἀγαθοῖς
3822 3484 3920 3539 καὶ

2258 3582 2545 3652 πονηροῖς,
2604 3577 2693 3631 καὶ
2746 3575 2893 3655 φέρει
2951 3578 2996 3612 ⁸ο
3042 3577 3131 3629 τὸν
3181 3574 3331 3630 ὑετὸν
3384 3574 3471 3629 ἐπὶ
3534 3572 3768 3634 δικαίοις
3822 3573 3919 3628 καὶ

2258 3665 2486 3729 ἀδίκοις.
2518 3671 2640 3728 Τοῖς
2675 3663 2731 3720 δὲ
2762 3665 3139 3737 ἠπατημένοις
3170 3662 3420 3725 πολλοὺς
3453 3662 3608 3727 θεοὺς
3632 3663 3909 3734 ὑπονοεῖν,

2259 3758 2335 3819 ὡς
2366 3757 2422 3811 αἱ
2466 3755 2671 3832 Γραφαὶ
2719 3754 2991 3829 λέγουσιν,
3022 3749 3146 3830 ἔφη·
3182 3754 3401 3823 Ἄκουε,
3437 3750 3681 3825 Ἰσραὴλ,
3716 3750 3917 3828 Κύριος

2261 3847 2289 3900 6
2323 3845 2450 3907 Θεός
2479 3866 2575 3899 σου
2604 3847 2649 3882 ⁸1
2682 3842 2884 3918 Κύριος
2916 3843 2991 3905 είς
3026 3841 3188 3897 ἐστιν.

2334 3937 2487 3991 no
2521 3934 2702 3990 LVIII.
2735 3932 2929 4003 ⁹¹Ομως
2958 3931 2986 3984 6
3038 3930 3247 4003 Σίμων,
3295 3927 3526 3985 συνιδὼν
3576 3928 3660 3985 ὅτι
3710 3927 3919 4004 Πέτρος

2261 4021 2419 4078 αύτὸν
2470 4021 2685 4096 συνάγει
2730 4024 2848 4081 ταῖς
2897 4024 3132 4095 Γραφαῖς
3175 4025 3415 4094 χρῆσθαι
3446 4018 3521 4080 ὡς
3558 4020 3765 4088 Ἰησοῦς
3811 4016 3924 4072 ἐδί-

2264 4109 2434 4182 δαξεν,
2463 4110 2540 4172 εἷς
2594 4110 2693 4178 τήν
2725 4111 2771 4146 ⁸³
2802 4108 2925 4182 περὶ
2983 4112 3116 4163 Θεοῦ
3174 4105 3342 4183 λόγον
3404 4106 3635 4177 ἐξέτασιν
3670 4108 3917 4182 γενέσθαι

2263 4201 2363 4257 οὐκ
2415 4196 2702 4269 ἠθέλησεν,
2760 4196 2936 4252 καίτοι
2994 4217 3056 4272 γε
3114 4195 3476 4269 μεταθεμένου
3532 4200 3628 4250 τοῦ
3685 4194 3915 4271 Πέτρου,

2263 4289 2338 4351 ὡς
2368 4288 2529 4350 αὐτὸς
2562 4286 2750 4361 Σίμων
2787 4286 3034 4357 ἠξίωσεν,
3063 4285 3201 4362 πρὸς
3249 4289 3435 4340 πεῦσιν
3479 4284 3570 4339 καὶ
3629 4284 3915 4360 ἀπόκρισιν

2260 4373 2501 4453 γενέσθαι
2526 4376 2625 4444 τὴν
2659 4373 2911 4445 ἐξέτασιν.
2946 4373 3099 4445 Πλὴν
3132 4376 3167 4443 ἡ
3205 4376 3429 4445 ζήτησις
3476 4377 3644 4449 τριῶν
3697 4373 3922 4449 ἐπεκρά-

2260 4486 2421 4537 τησεν
2452 4468 2674 4540 ἡμερῶν
2708 4466 2842 4537 (78).
2876 4461 3324 4541 Ἐπιφωσκούσης
3383 4459 3443 4517 δὲ
3488 4468 3593 4531 τῆς
3649 4463 3917 4537 τετάρτης

2263 4554 2455 4630 νύχιος
2485 4554 2558 4608 ὡς
2592 4553 2680 4607 ἐπὶ
2711 4551 2878 4628 Τύρον
2908 4557 3008 4621 τῆς
3033 4551 3301 4621 Φοινίκης
3333 4549 3673 4625 ἐξώρμησεν.
3708 4549 3805 4607 Καὶ
3852 4547 3916 4606 οὐ

2340 4699 2410 4771 (n
2440 4695 2644 4771 Matth.
2677 4713 2732 4763 ν,
2763 4694 2867 4771 34,
2886 4694 2977 4750 35.

2449 4766 2656 4841 Matth.
2692 4783 2769 4832 Ix,
2805 4764 2909 4841 1:35
2940 4782 3041 4841 xix,
3071 4764 3129 4818 7,

2340 4836 2419 4910 (li)
2450 4838 2651 4895 Matth.
2686 4854 2799 4902 xxx,
2833 4837 2940 4910 l_7_;
2976 4837 3112 4910 Luc.
3135 4852 3299 4910 mu,
3340 4836 3424 4892 [9.

2362 4907 2410 4980 ἢ
2438 4911 2576 4966 Luc.
2607 4926 2683 4976 v1,
2711 4910 2819 4975 36;
2853 4907 3058 4964 Matth.
3092 4924 3145 4976 v,
3176 4908 3271 4964 45.

2362 4916 2407 4980 i)
2438 4916 2576 4966 Luc.
2607 4926 2683 4976 v1,
2711 4916 2819 4975 36;
2853 4916 2863 4963 Ι

2338 4916 2403 5055 ij)
2437 4981 2613 5037 Marc.
2640 4996 2743 5051 χιι,
2772 4980 2863 5034 29.

1864 5106 2106 5161 VARI/E
2144 5105 2554 5162 LECTIONES.

573 5200 736 5259 “xui
794 5201 1015 5259 inserui
1075 5218 1126 5257 ο.
1181 5200 1247 5258 Ο.
1321 5202 1367 5237 ⁸⁸
1422 5198 1513 5255 καί
1570 5218 1686 5258 om.
1743 5206 1804 5257 Ο.
1857 5202 1951 5259 hic
2000 5209 2058 5259 et

2112 5207 2242 5276 post
2285 5195 2498 5276 Ἰακῴϐ.
2574 5203 2619 5238 ⁷ο
2653 5202 2738 5276 Ita
2763 5201 2915 5270 conj.
2948 5196 3298 5276 C,_ojmé0av_ev
3332 5198 3415 5276 id:
3449 5199 3507 5276 in
3539 5202 3722 5276 textu,
3756 5201 3824 5253 ut
3850 5197 3919 5276 Ο.

500 5277 648 5334 Vhb.
684 5270 1423 5350 o6x_é'otw—-tbc_ulul‘paq>ai
1457 5269 1730 5350 λέγουσιν,
1760 5271 1859 5350 in};
1895 5275 2028 5350 d_es._
2054 5268 2208 5332 in'O.
2250 5349 2256 5350 ί
2287 5276 2329 5312 τί
2452 5268 2949 5350 praetermiserunt
2995 5268 3069 5326 ’Cl
3092 5277 3185 5350 “et
3235 5272 3346 5350 S.’_
3371 5270 3417 5305 ⁷³
3450 5268 3620 5350 ,ῥμζυν
3682 5286 3800 5350 om.
3827 5275 3916 5350 _0.

502 5350 652 5404 Tum
686 5347 1042 5420 agisque.
1065 5418 1080 5420 _
1120 5346 1165 5380 ⁷²
1194 5340 1298 5420 ἕλφὴ
1332 5340 1455 5420 6m._
1480 5340 1545 5400 CI
1615 5347 1661 5381 τι
1694 5340 1867 5420 lta'S,
1894 5344 2068 5420 ‘Elﬁuiw
2118 5352 2198 5420 Ο,
2221 5349 2298 5420 Ο.
2374 5347 2419 5420 ἵε
2450 5340 2600 5417 ὗμῶν
2660 5344 2874 5420 excidit
2931 5360 3040 5420 ap.
3085 5341 3146 5420 οι
3204 5347 3274 5420 et
3312 5340 3370 5420 S,
3450 5340 3526 5420 π,
3553 5342 3917 5420 Repetaptur

500 5420 648 5492 Vb_b.
682 5413 743 5472 δέ
770 5416 1015 5492 αὐτόν-ἦρ
1049 5418 1121 5492 0ἐ
1193 5413 1404 5492 ἠ’-Θεοῦ
1433 5414 1578 5492 ἐστιν
1610 5422 1741 5473 (.OT.
1818 5413 1861 5452 ⁷⁸
1893 5413 2020 5492 λέγε
2049 5422 2113 5475 Ο.
2161 5413 2234 5453 ’⁷³
2263 5413 2536 5486 Credner,
2594 5417 2771 5473 Beitr.
2833 5420 2882 5483 Ι,

502 5491 544 5526 ει
580 5489 732 5562 ὑμῶν
766 5493 822 5544 c.
899 5489 945 5523 εει
978 5489 1058 5543 Ita
1090 5488 1175 5559 s.,
1208 5485 1299 5541 τόν
1330 5488 1391 5555 ο,
1425 5488 1489 5543 0.

2938 5410 3044 5469 309
3096 5414 3156 5469 S.
3232 5413 3277 5448 ⁸ο
3307 5410 3434 5489 φέρε
3490 5416 3556 5485 Ο,
3616 5410 3914 5471 mendose.

1892 5576 2273 5634 VARIORUM
2315 5577 2543 5634 NOT/E.

576 5674 787 5765 (ῖὸ)
842 5673 1088 5765 ζήτησιὲ
1122 5675 1285 5744 τριῶν
1346 5671 1703 5745 ἐπεκράτησεν
1760 5672 2007 5748 ἡμερῶν.

509 5743 819 5821 διαλεχθεὶς
850 5743 1016 5818 αὐτῷ.
1048 5743 1180 5802 CO'r.

2067 5674 2293 5733 Constit.
2353 5674 2579 5747 apostol.
2641 5673 2738 5729 lib.
2803 5689 2880 5743 v1,
2934 5688 3060 5745 cap.
3092 5671 3127 5724 8
3162 5687 3177 5728 :
3214 5666 3313 5723 Καὶ
3368 5666 3549 5744 τρίτον
3607 5667 3693 5725 ἔπ’
3739 5666 3915 5727 αὐτῶν
