4112 6344
181 437 308 498 149

1327 437 1861 501 GLEMENTINA.
1894 471 1972 486 —
2004 439 2333 502 HOMILIA
2376 438 2481 501 III.

3503 432 3620 496 150

183 569 335 639 μετᾶ
368 565 590 630 πολλὰς
618 566 828 645 ἡμέρας
860 568 1032 638 ἦλθόν
1064 590 1207 632 τινες
1238 574 1344 624 τῶν
1374 568 1644 645 προόδων,
1673 572 1861 647 [Ιὲτρῳ

1980 577 2108 645 post
2157 574 2364 629 diebus
2411 576 2694 629 venerunt
2725 572 2961 645 quidam
3010 587 3233 635 eorum,
3266 569 3363 642 qui
3414 569 3616 642 praaire

178 655 473 731 λέγοντες*
511 657 696 729 Σίμων
761 656 973 733 μεγάλα
1032 659 1304 731 θαυμάσια
1362 658 1413 713 ἐν
1481 660 1636 734 Τύρῳ
1685 664 1856 713 ποιῶν

176 744 449 808 πολλοὺς
480 751 589 800 τῶν
624 746 733 800 ἐκεῖ
781 746 1178 818 κατεπλήξατο,
1212 747 1302 802 καί
1352 768 1409 802 σε
1455 746 1693 811 πολλαῖς
1741 746 1857 803 δια-

180 829 393 896 ϐολαῖς
431 837 705 907 μισεῖσθαι
737 833 1007 906 ἐποίησεν.

192 950 201 955 -
261 923 409 979 LIX.
456 926 637 976 Ταῦτα
683 923 918 985 ἀκούσας
966 925 993 977 6
1047 922 1269 997 Πέτρος,
1320 927 1389 997 τῇ
1439 923 1664 998 ἐπιούσῃ
1710 923 1858 978 νυκτὶ

174 1016 293 1065 τῶν
358 1012 644 1087 ἀκροατῶν
684 1013 777 1066 τὸν
835 1008 1008 1087 ὄχλον
1069 1011 1346 1066 συνελθεῖν
1404 1012 1673 1082 ἐποίησεν·
1704 1013 1859 1085 ὅμως

177 1098 547 1163 συνελθοῦσιν
610 1096 735 1176 ἔφη’
786 1101 1095 1176 Ὀρμῶντός
1147 1123 1248 1173 μου
1299 1103 1344 1137 ⁸³
1401 1102 1474 1163 εἷς
1511 1103 1579 1156 τὰ
1618 1101 1742 1171 ἔθνη
1791 1102 1860 1154 τὰ

177 1186 440 1249 πολλοὺς
474 1188 629 1250 θεοὺς
679 1188 928 1265 λέγοντα,
959 1190 1188 1263 κηρῦξαι
1236 1190 1325 1244 καὶ
1378 1187 1581 1261 διδάξαι
1639 1189 1722 1245 ὅτι
1779 1192 1857 1252 εἷς

180 1278 327 1331 ἔστιν
362 1279 392 1331 6
425 1278 586 1345 Θεὸς,
618 1277 676 1339 ὃς
738 1276 961 1350 οὐρανὸν
1022 1274 1197 1332 ἔκτισε
1251 1278 1341 1332 καὶ
1391 1285 1494 1353 γῆν
1548 1279 1637 1333 καὶ
1684 1278 1752 1333 τὰ
1803 1277 1854 1332 ἐν

180 1366 377 1427 αὐτοῖς
437 1366 637 1435 πάντα,
700 1364 850 1428 ὅπως
928 1366 1301 1442 ἀγαπήσαντες
1379 1367 1538 1422 αὐτὸν
1615 1374 1858 1437 σωθῆναι

179 1454 530 1525 δυνηθῶσιν,
562 1451 916 1527 προλαϐοῦσα
970 1457 1006 1523 ἦ
1059 1454 1222 1509 κακία
1270 1460 1349 1527 τῷ
1377 1458 1423 1492 ⁸⁸
1454 1463 1555 1525 τῆς
1605 1456 1857 1531 συζυγίας

176 1544 347 1617 νόμῳ
410 1542 814 1617 προαπέστειλε
872 1544 1117 1616 Σίμωνα,
1159 1542 1250 1598 ’ίνα
1308 1545 1361 1598 οἱ
1419 1542 1714 1616 ἅνθρωποι,
1769 1544 1855 1598 ἐὰν

176 1634 311 1694 τοὺς
371 1632 632 1695 πολλοὺς
691 1632 844 1697 θεοὺς
891 1632 1068 1707 λέγειν
1118 1633 1454 1706 παύσωνται,
1506 1632 1858 1709 καταγνόντες

175 1728 293 1778 τῶν
357 1722 454 1777 ἐπὶ
512 1726 618 1797 γῆς
681 1721 1013 1798 λεγομένων,
1049 1721 1100 1776 ἐν
1162 1721 1371 1799 οὐρανῷ
1424 1721 1672 1784 πολλοὺς
1704 1721 1857 1783 θεοὺς

181 1812 325 1866 εἶναι
358 1811 672 1884 νομίσωσιν
703 1809 886 1865 ⁸⁸’ῖνα
947 1808 1220 1884 μηδέποτε
1275 1813 1337 1866 τὸ
1392 1819 1492 1881 τῆς
1554 1812 1857 1887 μοναρχίας

179 1904 533 1974 τιμήσαντες
568 1898 735 1955 καλὸν
771 1899 847 1962 εἷς
872 1900 937 1954 τὸ
966 1900 1227 1961 παντελὲς
1276 1901 1407 1972 μετᾶ
1452 1899 1675 1955 κόλασιν
1722 1900 1859 1954 ἀπύ-

183 1989 431 2045 λωνται.
470 1988 569 2042 Καὶ
600 1989 663 2042 τὸ
696 1986 1016 2058 δεινότατον,
1053 1988 1168 2043 ἐπεὶ
1218 1987 1432 2058 ἀληθὴς
1464 1988 1631 2063 λόγος
1664 1991 1865 2065 ἀπαρά-

184 2073 407 2148 ϐλητον
445 2076 605 2153 ἰσχὺν
640 2076 779 2152 ἔχει,
810 2071 1217 2152 προλαμϐάνων
1257 2083 1376 2139 ταῖς
1412 2073 1695 2138 διαϐολαῖς
1745 2078 1863 2133 πεί-

176 2180 261 2231 θει
292 2165 505 2227 αὖτοὺς
541 2165 691 2233 αὐτὸ,
728 2169 876 2222 III
938 2162 1079 2237 μηδέ
1133 2168 1233 2235 τὴν
1293 2167 1469 2242 ἀρχὴν
1521 2155 1864 2239 ἀναδέξασθαί

180 2279 287 2329 μου
307 2258 380 2292 ⁸⁸⁸
406 2258 485 2327 μή
504 2276 625 2316 πως
643 2255 670 2308 6
691 2248 1007 2308 διαϐάλλων
1028 2253 1185 2316 αὐτὸς
1200 2256 1279 2326 τῷ
1299 2250 1413 2309 ὄντι
1436 2249 1696 2317 διάϐολος
1717 2254 1871 2331 ελεγ·

170 2349 313 2422 χθῇ,
366 2345 467 2398 καὶ
517 2345 546 2398 6
604 2342 823 2411 ἀληθὴς
885 2340 1048 2417 λόγος
1116 2341 1454 2419 ἀναδειχθεὶς
1511 2341 1864 2413 πιστευθῆναι

172 2433 421 2508 δυνηθῇ.
476 2434 592 2508 Χρὴ
654 2431 745 2487 οὖν
815 2452 880 2503 με
922 2431 1136 2507 ταχέως
1204 2431 1364 2487 αὐτὸν
1424 2428 1863 2502 ἐπικαταλαϐεῖν,

163 2524 262 2579 ἵνα
295 2526 379 2596 μή
418 2526 455 2592 ἡ
490 2517 734 2589 διαϐολὴ
770 2520 1134 2596 ἐγχρονίσασα
1160 2520 1439 2582 παντελῶς
1470 2520 1683 2576 πάντων
1746 2522 1865 2577 ἐπι-

187 2615 452 2688 κρατήσῃ
480 2614 548 2666 "-

259 2706 370 2760 LX.
407 2699 562 2755 Ἐπεὶ
605 2699 696 2753 οὗν
745 2696 830 2754 δεῖ
862 2719 984 2754 τινα
1032 2697 1208 2774 ὁρίσαι
1270 2699 1381 2753 ἀντ’
1412 2698 1549 2773 ἐμοῦ
1594 2700 1687 2755 τὸν
1736 2699 1865 2773 ἐμὸν

180 2792 617 2865 ὲναπληροῦντα
663 2790 854 2860 τόπον,
908 2793 1005 2861 μιᾷ
1048 2786 1374 2863 προαιρέσει
1426 2786 1704 2861 δεηθῶμεν
1770 2794 1867 2843 τοῦ

188 2886 326 2935 Θεοῦ
360 2882 412 2916 ⁸⁸
443 2880 497 2933 οἱ
554 2877 772 2950 πάντες,
805 2877 953 2939 ὅπως
1007 2881 1114 2931 τῶν
1172 2872 1341 2932 ὄντων
1399 2877 1451 2932 ἐν
1501 2880 1637 2950 ἡμῖν
1692 2879 1784 2932 τὸν
1823 2880 1868 2915 ⁸9

187 2970 481 3045 κρείττονα
516 2966 681 3022 αὐτὸσ
720 2964 1003 3042 πρόδηλον
1038 2969 1266 3040 ποιήσῃ,
1303 2964 1394 3021 ’ίνα
1443 2966 1528 3020 ἐπὶ
1585 2974 1685 3035 τῆς
1736 2972 1865 3039 Χρι-

188 3065 321 3113 στοῦ
379 3055 647 3131 καθέδρας
699 3056 973 3117 καθεσθεὶς
1037 3056 1138 3124 τὴν
1186 3055 1350 3110 αὐτοῦ
1401 3056 1723 3126 Ἐκκλησίαν
1779 3055 1863 3110 εὐ-

192 3143 374 3207 σεϐῶς
455 3145 749 3217 οἷκονομῆ.
802 3144 893 3206 Τίς
963 3144 1067 3220 ἄρα
1133 3145 1514 3219 ὁρισθήσεται;
1567 3150 1699 3199 Θεοῦ
1761 3147 1865 3221 γὰρ

195 3234 387 3311 βουλῇ
420 3237 466 3270 ⁹⁰
498 3232 865 3289 ἀναδείκνυται
920 3235 1183 3306 μακάριος
1232 3234 1261 3287 6
1302 3234 1587 3309 ἄνθρωπος
1638 3233 1862 3302 ἐκεῖνος,

1971 662 2319 727 solebant,et
2348 661 2617 717 dixerunt
2647 667 2814 717 Petro
2850 680 2862 718 :
2898 661 3097 718 Simon
3127 676 3368 731 magnas
3392 658 3615 732 praasti-

1966 750 2088 823 gias
2119 751 2254 824 Tyri
2283 752 2507 807 edendo
2542 751 2757 807 multos
2786 751 3112 806 incolarum
3146 749 3412 820 perculit,
3446 754 3616 819 teque

1968 840 2169 895 multis
2200 840 2512 895 calumniis
2544 840 2812 895 odiosum
2849 840 3121 894 reddidit.

2038 928 2171 984 LIX.
2207 930 2340 993 Quae
2392 932 2703 1000 postquam
2757 928 2977 982 audivit
3026 927 3251 991 Petrus,
3280 925 3613 997 insequenti

1968 1024 2134 1072 nocte
2183 1017 2516 1072 auditorum
2586 1018 2817 1071 turbam
2872 1016 3008 1071 fecit
3056 1015 3384 1083 convenire,
3438 1020 3615 1087 atque

1966 1106 2330 1177 congregatis
2362 1106 2505 1159 dixit
2541 1122 2553 1160 :
2589 1107 2731 1159 Cum
2764 1120 2869 1175 ego
2900 1120 3272 1175 properarem
3314 1104 3384 1158 ad
3413 1108 3614 1175 gentes

1966 1211 2095 1266 quae
2118 1194 2334 1249 multos
2348 1195 2484 1249 deos
2501 1193 3226 1264 asserunt,przedicaturus
3239 1197 3295 1246 et
3308 1192 3611 1263 docturus,

1968 1301 2148 1338 unum
2164 1300 2291 1339 esse
2316 1288 2496 1338 Deum
2512 1288 2833 1337 creatorem
2849 1281 2974 1336 coeli
2987 1285 3216 1337 etterrae
3231 1281 3614 1352 omniumque

1966 1389 2093 1444 quae
2126 1373 2183 1426 in
2218 1372 2289 1428 iis
2320 1372 2839 1441 continentur,quo
2858 1369 3067 1425 dilecto
3095 1374 3334 1441 possent
3364 1370 3613 1424 salutem

1967 1462 2263 1532 consequi,
2286 1461 2641 1533 praeveniens
2674 1460 2899 1514 malitia
2932 1476 2999 1514 ex
3030 1458 3457 1530 conjugationis
3488 1458 3615 1531 lege

1965 1549 2249 1622 praemisit
2294 1550 2614 1619 Simonem,
2656 1553 2720 1604 ut
2766 1548 3055 1619 homines,
3110 1549 3157 1602 si
3204 1550 3349 1603 forte
3399 1549 3615 1604 multos

1965 1639 2427 1707 deos,damnatis
2457 1638 2530 1694 iis
2560 1638 2657 1709 qui
2690 1637 2748 1692 in
2779 1642 2937 1693 terra
2965 1637 3261 1705 dicuntur,
3288 1636 3618 1692 desinerent

1966 1728 2278 1795 afﬁrmare,
2306 1728 2431 1799 jam
2491 1727 2706 1782 multos
2738 1728 2795 1781 in
2832 1727 2974 1781 cnalo
3023 1726 3272 1781 existere
3301 1730 3612 1796 putarent;

1967 1834 2103 1889 quo,
2136 1817 2276 1872 dum
2308 1816 2659 1871 monarchiaa
2691 1832 2793 1871 seu
2825 1815 3069 1871 unitatis
3102 1814 3203 1869 Dei
3234 1816 3451 1869 bonum
3483 1814 3613 1870 nul-

1970 1905 2199 1961 latenus
2228 1907 2287 1960 in
2324 1906 2508 1976 pretio
2540 1904 2843 1972 habent,in
2878 1909 3221 1975 perpetuum
3242 1908 3373 1975 post
3398 1903 3615 1975 suppli-

1972 1994 2059 2050 cia
2088 1995 2396 2049 intereant.
2450 1994 2729 2064 Quodque
2760 1992 3085 2064 pessimum
3116 1996 3222 2057 est,
3256 1992 3394 2062 quia
3422 1993 3613 2061 [verus

1974 2100 2165 2139 sermo
2211 2082 2728 2153 incomparabilem
2783 2082 2952 2137 habet
2998 2081 3137 2151 vim,
3166 2080 3493 2153 anticipans
3522 2081 3614 2136 Si-

1976 2190 2113 2227 mon
2145 2172 2456 2227 calumniis
2507 2171 2818 2243 persuadet
2846 2170 3186 2225 hominibus
3239 2186 3309 2224 ne
3353 2187 3444 2225 me
3493 2169 3613 2225 ullo

1978 2262 2149 2316 modo
2181 2262 2482 2332 recipiant,
2513 2277 2583 2315 ne
2624 2261 2787 2326 forte,
2822 2260 2918 2331 qui
2975 2258 3384 2325 calumniatur,
3420 2275 3619 2314 revera

1976 2367 2103 2406 esse
2135 2350 2523 2405 calumniator
2570 2348 3063 2420 deprehendatur,
3097 2352 3154 2403 et
3183 2365 3255 2403 ne
3284 2364 3455 2402 verus
3497 2363 3619 2402 ser-

1978 2456 2094 2508 mo,
2127 2456 2260 2493 cum
2310 2439 2485 2493 fuerit
2528 2439 2874 2509 patefactus,
2924 2436 3080 2492 credi
3129 2436 3332 2508 possit.
3388 2437 3626 2508 Oportet

1976 2544 2113 2600 ergo
2146 2544 2237 2582 me
2268 2527 2382 2584 cito
2412 2527 2712 2583 hominem
2735 2524 3061 2596 assequi,ut
3086 2540 3157 2579 ne
3183 2524 3481 2580 calumnia
3503 2524 3628 2579 diu-

1976 2619 2096 2673 tius
2126 2616 2439 2671 immorata
2468 2632 2671 2671 omnes
2704 2615 2938 2686 penitus
2967 2614 3220 2669 invadat.

2050 2706 2153 2760 LX.
2186 2705 2469 2768 Quoniam
2522 2704 2701 2776 igitur
2730 2720 2971 2759 necesse
3020 2708 3109 2758 est
3138 2700 3355 2773 aliquis
3405 2702 3625 2758 consti-

1974 2798 2176 2849 tuatur
2192 2795 2291 2867 qui
2325 2811 2521 2849 meum
2543 2792 2815 2865 suppleat
2844 2792 3187 2863 locum,uno
3220 2790 3417 2847 animo
3443 2792 3628 2847 Deum

1977 2883 2170 2939 cuncti
2200 2900 2456 2950 oremus,
2490 2887 2554 2937 ut
2605 2899 2805 2937 eorum
2840 2881 2938 2953 qui
2992 2882 3145 2937 inter
3176 2898 3281 2936 nos
3311 2885 3450 2936 sunt
3481 2898 3625 2952 prae-

1978 2972 2409 3027 stantissimum
2466 2972 2821 3041 manifestet,
2875 2988 2991 3043 quo
3039 2971 3250 3026 sedens
3298 2970 3358 3025 in
3407 2968 3626 3025 Christi

1976 3061 2253 3116 cathedra
2294 3060 2482 3132 ipsius
2536 3059 2851 3115 Ecclesiam
2907 3060 2998 3131 pie
3046 3059 3437 3114 administrat.
3485 3058 3625 3125 Quis

1977 3154 2172 3206 autem
2207 3149 2658 3221 designabitur?
2687 3149 2780 3204 Dei
2805 3149 3021 3220 quippe
3051 3147 3465 3219 pronuntiatur
3495 3163 3629 3202 con-

1976 3239 2105 3294 silio
2138 3239 2342 3293 beatus
2374 3237 2468 3293 ille
2508 3237 2706 3305 homo,
2727 3254 2898 3307 quem
2930 3235 3245 3291 constituet
3276 3236 3402 3305 ejus
3434 3235 3625 3291 domi-

189 3328 251 3381 ’ὁν
311 3325 645 3393 καταστήσει
703 3323 732 3377 6
785 3321 973 3397 κύριος
1042 3321 1207 3376 αὐτοῦ
1266 3320 1352 3375 ἐπὶ
1410 3330 1509 3390 τῆς
1581 3322 1863 3397 θεραπείας

1981 3345 2092 3383 nus
2123 3344 2300 3399 super
2328 3324 2686 3381 famulitium
2719 3340 3131 3380 conservorum
3166 3330 3503 3392 suorum,ut
3532 3324 3629 3379 det

189 3420 303 3469 τῶν
356 3410 674 3467 συνδούλων
738 3411 923 3479 αὐτοῦ,
956 3415 1053 3465 τοῦ
1110 3407 1316 3465 διδόναι
1373 3411 1557 3472 αὐτοῖς
1604 3412 1697 3473 τὰς
1746 3432 1867 3482 τρο-

194 3505 301 3581 φὰς
364 3502 418 3556 ἐν
472 3505 647 3576 καιρῷ
696 3499 894 3568 αὐτῶν,
947 3501 1023 3572 μή
1076 3498 1427 3573 ἐννοούμενον
1480 3500 1570 3554 καὶ
1636 3499 1867 3576 λέγοντα

194 3592 249 3646 ἐν
427 3587 625 3663 καρδίᾳ
672 3589 857 3643 αὐτοῦ·
915 3612 943 3639 ι(
992 3587 1240 3665 Χρονίζει
1293 3589 1320 3642 6
1367 3588 1555 3663 κύριός
1620 3611 1723 3663 μου
1770 3588 1865 3643 ἐλ-

195 3684 337 3735 θεῖν·
403 3679 496 3734 καὶ
555 3677 781 3752 ἄρξηται
824 3676 1042 3732 τύπτειν
1104 3676 1233 3738 τοὺς
1302 3675 1630 3739 συνδούλους
1679 3677 1866 3750 αὐτοῦ,

201 3770 402 3825 ἐσθίων
448 3767 540 3823 καὶ
590 3767 759 3821 πίνων
817 3765 950 3839 μετά
978 3787 1037 3820 τε
1064 3768 1103 3802 ⁰¹
1135 3765 1349 3839 πόρνων
1396 3766 1484 3821 καὶ
1539 3766 1864 3839 μεθυόντων⁵

198 3860 295 3914 καὶ
337 3856 459 3927 ἥξει
494 3858 521 3911 6
552 3856 743 3932 κύριος
773 3858 818 3892 ⁹²
846 3859 945 3910 τοῦ
993 3852 1196 3910 δούλου
1246 3855 1449 3910 ἐκείνου
1499 3854 1550 3910 ἐν
1593 3855 1710 3932 ὥρᾳ
1805 3876 1867 3910 ου

200 3944 515 4025 προσδοκᾷ,
548 3946 637 4000 καὶ
686 3944 738 3999 ἐν
790 3946 973 4019 ἡμέρᾳ
1019 3944 1055 4018 ᾖ
1103 3943 1164 3998 οὐ
1208 3945 1483 4020 γινώσκει,
1511 3944 1600 4000 καὶ
1646 3942 1867 4020 διχοτο-

204 4040 382 4110 μήσει
408 4035 592 4103 αὐτὸν,
623 4034 712 4088 καὶ
742 4034 805 4087 τὸ
844 4033 1100 4087 ἀπιστοῦν
1151 4032 1314 4087 αὐτοῦ
1368 4033 1532 4106 μέρος
1580 4035 1715 4107 μετὰ
1759 4037 1867 4089 τῶν

208 4128 527 4201 ὑποκριτῶν
555 4125 729 4193 θήσει.
766 4146 787 4172 ι

282 4217 426 4273 LXI.
462 4212 525 4270 Ei
559 4210 615 4267 δέ
638 4233 722 4274 τις
749 4214 857 4266 τῶν
887 4211 1271 4287 παρεστώτων,
1305 4208 1527 4265 διοικεῖν
1575 4208 1870 4285 δυνάμενος

202 4306 309 4374 τὴν
363 4300 758 4377 ἀγνωμοσύνην
802 4304 911 4353 τῶν
952 4299 1274 4375 ἀνθρώπων,
1326 4299 1738 4367 ὑποστέλλεται,
1769 4307 1871 4370 τῆς

212 4392 381 4450 αύτοῦ
412 4392 758 4453 ἀναπαύσεως
791 4389 1091 4467 φροντίζων
1130 4389 1324 4462 μόνης,
1354 4389 1444 4444 καὶ
1492 4389 1654 4452 αὐτὸς
1697 4411 1871 4465 προσ-

208 4482 432 4540 δοκάτω
453 4482 695 4536 ἀκοῦσαν
731 4479 904 4535 Δοῦλε
932 4478 1141 4554 πονηρὲ
1170 4478 1261 4532 καὶ
1297 4478 1516 4554 ὁκνηρὲ,
1550 4476 1657 4534 ἔδει
1698 4501 1754 4533 σε
1808 4480 1872 4533 τὸ

208 4574 373 4631 II!
404 4568 664 4645 ἀργύριόν
719 4590 822 4641 μου
872 4562 1171 4643 προϐαλεῖν
1224 4565 1309 4620 ἐπὶ
1356 4572 1462 4621 τῶν
1513 4572 1870 4643 τραπεζιτῶν,

207 4663 305 4717 καὶ
358 4660 464 4735 ἐγὼ
510 4659 569 4712 ἃν
618 4655 789 4712 ἐλθὼν
837 4653 1037 4729 ἔπραξα
1082 4656 1144 4709 τὸ
1194 4654 1342 4727 ἐμόν⁹
1386 4651 1642 4711 ἐκϐάλετε
1689 4658 1732 4693 9³
1782 4657 1872 4711 τὸν

211 4753 448 4826 ἀχρεῖον
482 4745 677 4802 δοῦλον
714 4746 788 4807 εἷς
816 4744 880 4800 τὸ
911 4744 1103 4806 σκότος
1146 4745 1209 4799 τὸ
1261 4743 1539 4819 ἐξώτερον.
1573 4745 1670 4799 Καὶ
1721 4744 1876 4800 εὐλό-

210 4860 351 4917 γως.
392 4841 501 4892 Σοῦ
547 4837 676 4911 γὰρ,
708 4833 890 4913 φησὶν,
924 4831 1193 4910 ἄνθρωπε,
1222 4833 1350 4895 τοὺς
1401 4833 1601 4907 λόγους
1651 4856 1756 4908 μου
1805 4835 1879 4897 ὡς

216 4928 485 5003 ἀργύριον
528 4925 616 4980 ἐπὶ
662 4927 995 5001 τραπεζιτῶν
1044 4921 1230 4998 βαλεῖν
1264 4925 1308 4959 9‘
1354 4923 1444 4977 καὶ
1502 4923 1575 4985 ὡς
1617 4926 1883 4999 χρήματα

216 5016 540 5090 δογιμάσαι.
571 5015 642 5069 Τὸ
698 5013 791 5068 οὗν
850 5012 1066 5081 πλῆθος
1122 5015 1229 5065 τῶν
1282 5016 1487 5066 πιστῶν
1534 5009 1616 5090 δεῖ
1657 5013 1733 5068 ὲνί
1778 5033 1883 5068 τινι

217 5088 519 5174 πείθεσθαι,
561 5101 654 5158 ’ἱνα
702 5101 875 5163 οὕτως
940 5100 990 5156 ἐν
1058 5100 1287 5173 ὁμονοίᾳ
1346 5088 1610 5156 διατελεῖν
1655 5099 1881 5175 δυνηθῇ.

210 5197 301 5253 T6
358 5195 460 5271 γὰρ
516 5192 593 5255 εἰς
652 5192 830 5267 ἀρχὴν
895 5195 1022 5263 μιᾶς
1075 5188 1244 5266 λῆγον
1292 5188 1886 5266 ἐξουσίας,μοναρχίας

300 5345 381 5418 (a)
413 5342 621 5401 Matth.
651 5359 804 5407 xxnv,
837 5341 943 5408 118;
978 5340 1116 5395 Luc.
1148 5356 1247 5411 xu,
1279 5341 1367 5396 42.

1976 3416 2091 3471 illis
2121 3416 2318 3471 cibum
2352 3415 2408 3468 in
2441 3420 2723 3485 tempore,
2758 3413 2857 3484 qui
2889 3430 3004 3467 non
3033 3412 3248 3484 cogitat
3278 3429 3343 3467 ac
3374 3412 3517 3468 dicit
3566 3413 3625 3467 in

1976 3506 2149 3562 corde
2178 3521 2285 3559 suo
2312 3520 2323 3558 :
2359 3527 2384 3557 ιι
2407 3508 2622 3558 Moram
2655 3502 2792 3557 facit
2823 3502 3100 3557 dominus
3131 3518 3302 3556 meus
3332 3501 3627 3557 venirezsi

1977 3593 2131 3649 enim
2166 3593 2248 3648 sic
2278 3592 2513 3665 coeperit
2545 3595 2844 3663 percutere
2899 3606 3230 3654 conservos,
3266 3590 3628 3644 manducans

1978 3686 2033 3738 et
2064 3683 2271 3737 bibens
2303 3699 2435 3736 cum
2468 3680 2874 3735 meretricibus
2906 3695 2971 3733 ac
3002 3677 3272 3743 ehriosis,
3304 3678 3493 3732 veniet
3524 3678 3624 3733 do-

1978 3772 2176 3826 minus
2207 3770 2355 3826 servi
2379 3769 2537 3824 illius
2582 3770 2639 3823 in
2672 3769 2816 3823 hora
2846 3784 2963 3839 qua
2991 3785 3105 3823 non
3138 3770 3333 3839 sperat
3362 3771 3416 3822 et
3445 3765 3504 3821 in
3531 3765 3625 3821 die

1978 3878 2093 3931 quo
2142 3859 2346 3925 nescit,
2378 3865 2434 3914 et
2480 3858 2699 3913 dividet
2728 3874 2885 3925 eum,
2939 3862 3281 3929 partemque
3310 3856 3438 3927 ejus
3484 3854 3622 3909 infi-

1978 3949 2166 4006 delem
2199 3953 2375 4021 ponet
2404 3965 2537 4004 cum
2568 3948 2886 4020 hypocritis
2917 3947 3015 4017 (α).
3051 3968 3079 3995 ››

2052 4216 2185 4271 LXI.
2218 4216 2377 4282 Quod
2414 4215 2463 4269 si
2494 4214 2629 4288 quis
2664 4213 3010 4280 astantium,
3044 4228 3179 4267 cum
3223 4212 3407 4283 possit
3436 4211 3627 4268 homi-

1981 4322 2123 4360 num
2155 4304 2591 4376 improbitatem
2625 4320 2840 4374 regere,
2874 4308 3068 4357 tamen
3103 4302 3490 4367 detrectat,de
3522 4317 3631 4357 sua

1981 4394 2171 4449 solum
2205 4393 2399 4465 quiete
2448 4392 2755 4456 sollicitus,
2790 4396 2847 4446 et
2875 4392 3001 4463 ipse
3048 4395 3337 4462 exspectet
3378 4390 3581 4445 audire
3612 4406 3627 4446 :

1982 4482 2145 4538 Serve
2174 4483 2325 4537 male
2374 4489 2428 4537 et
2458 4484 2646 4555 piger,
2697 4483 2936 4552 oportuit
2975 4483 3027 4534 te
3075 4480 3291 4534 tradere
3336 4481 3631 4550 pecuniam

1980 4587 2160 4627 meam
2203 4570 2617 4639 nummulariis,
2648 4577 2701 4625 et
2749 4586 2842 4640 ego
2880 4569 3098 4624 veniens
3144 4570 3446 4637 exegissem
3490 4565 3631 4638 quod

1982 4676 2165 4715 meum
2195 4662 2289 4714 est.
2324 4660 2520 4726 Eiicz’te
2549 4659 2803 4713 inutilem
2842 4674 3061 4712 servum
3090 4658 3151 4710 in
3186 4658 3431 4711 tenebras
3479 4661 3628 4710 exte-

1985 4752 2160 4805 riores
2208 4748 2304 4820 (ὁ).
2342 4748 2410 4802 Et
2459 4747 2681 4801 merilo.
2732 4747 2921 4801 Tuum
2969 4744 3147 4809 enim,
3200 4744 3412 4815 inquit,
3454 4748 3560 4811 est,
3595 4759 3628 4798 ο

1986 4838 2183 4903 homo,
2218 4838 2459 4908 probare
2489 4836 2661 4891 verba
2692 4838 3130 4905 mea,tanquam
3162 4833 3314 4905 apud
3351 4848 3629 4887 nummu-

1986 4926 2166 4982 larios
2195 4929 2589 4998 argentumet
2619 4924 2925 4997 pecuniam
2954 4923 3224 4994 pendere.
3258 4927 3457 4993 Itaque
3487 4921 3629 4976 ﬁde-

1990 5015 2134 5070 lium
2168 5014 2483 5069 multitudo
2512 5015 2613 5067 uni
2645 5013 2817 5067 debet
2846 5012 3099 5078 credere,
3135 5016 3197 5064 ut
3225 5010 3306 5065 ita
3337 5010 3521 5081 possit
3548 5009 3632 5063 vi-

1991 5120 2123 5159 vere
2171 5101 2553 5158 concorditer.
2588 5102 2749 5164 Quod
2799 5100 2957 5155 enim
2998 5101 3055 5153 in
3107 5098 3283 5153 unius
3331 5097 3635 5170 potestatis

1994 5192 2309 5264 imperium
2342 5190 2581 5258 desinit,
2613 5188 2965 5245 monarchiae
2996 5187 3526 5260 repraesentatione,
3551 5188 3640 5242 fa-

1446 5340 1522 5413 (ὁ)
1555 5342 1757 5399 Matth.
1792 5358 1919 5408 xxv,
1950 5343 2057 5410 26;
2095 5343 2225 5398 Luc.
2259 5357 2373 5408 xxx,
2406 5341 2495 5395 22.

1600 5502 1833 5558 VARIzE
1870 5501 2282 5558 LECTIONES.

305 5622 351 5657 ⁸³
372 5615 569 5705 ἑπειδῇ
617 5615 900 5705 ἑρμῶντός
934 5635 1039 5686 μου
1162 5614 1443 5705 ὁρμῶντός
1475 5637 1578 5687 μου
1602 5621 1671 5705 0r;
1738 5616 1959 5705 θξηαύτῷ
1984 5619 2053 5705 (1Ᾱ
2121 5619 2166 5653 ⁸⁵
2192 5614 2505 5705 vetationem
2538 5620 2620 5705 Ci.
2671 5613 2905 5705 “mLe'ge
2957 5612 3042 5705 pf“
3073 5618 3160 5695 8.,
3206 5614 3249 5648 ⁸⁷
3294 5611 3641 5705 ἐπιικρριτῖςσει

229 5698 299 5749 Ο.
372 5694 419 5727 ⁸⁸
458 5682 568 5744 τού
613 5682 698 5745 Θ’.’
733 5682 1013 5758 δεηθῶμεν
1073 5682 1133 5743 C.
1196 5682 1255 5723 ’⁸9
1303 5682 1409 5758 τόνΔ
1454 5682 1570 5745 om.
1631 5690 1692 5743 Ο.

1770 5690 2266 5752 θοιιθοου,

2334 5684 2531 5760 βουλή.
2583 5692 2640 5740 (ὲ.
2719 5685 2759 5720 ⁹¹
2789 5682 3375 5756 τὲρνιεῐενωίεοτυῐή
3402 5682 3461 5741 Cl
3494 5689 3551 5737 et
3579 5689 3635 5736 S.

230 5768 281 5805 ⁸⁸
310 5762 516 5818 ἐκείνου
546 5760 762 5818 excidit
791 5753 884 5831 up.
916 5753 976 5814 Cl
1008 5763 1064 5815 et
1095 5760 1153 5815 S.
1231 5760 1276 5795 '3
1306 5753 1572 5832 ἐμϐάλετε
1604 5761 1667 5817 Ο.
1744 5762 1792 5796 9⁸
1824 5757 2008 5834 βαλεῖν
2038 5761 2275 5831 adjunxi
2308 5753 2357 5814 CI.
2392 5760 2455 5815 0.
