4064 6330
466 417 572 478 151

1289 417 1356 476 8.
1403 417 1845 478 CLEMENTIS
1894 419 1916 477 Ι
1966 413 2154 476 ROM.
2205 416 2435 478 PONT.
2483 419 2743 478 OPERA
2789 419 3054 481 DUBIA.

3763 424 3888 482 152

462 547 544 605 cit
573 553 639 602 ut
668 548 916 619 subjecti
949 563 1052 619 per
1081 548 1298 604 bonum
1333 550 1592 605 ordinem
1627 550 1896 604 fruantur
1926 565 2066 622 pace
2091 564 2104 602 :

2246 545 2413 618 .ἰκόνι,
2452 547 2579 610 τοὺς
2627 549 2939 610 ὑπείκοντας
2988 548 3132 621 αἰτίᾳ
3179 549 3419 622 εὐταξίας
3469 549 3691 625 εἰρήνης
3740 553 3886 607 ἀπο-

468 638 564 708 qui
599 655 730 692 vero
779 655 982 692 omnes
1013 637 1218 693 volunt
1264 639 1572 710 imperare,
1606 656 1710 695 nec
1743 640 1840 693 uni
1883 640 1990 694 soli
2022 656 2113 694 ce-

470 729 636 793 dere,
693 728 764 781 ob
824 727 1166 783 divisionem
1229 729 1461 800 penitus
1520 728 1829 783 concidant
1884 745 2115 784 necesse

469 822 580 872 est.

546 906 820 961 LXII.Sed
853 911 911 960 et
939 911 994 960 te
1028 907 1415 977 persuadeant
1446 925 1576 979 qua:
1605 913 1738 963 ante
1787 909 1984 965 oculos
2017 926 2116 981 po-

473 995 586 1050 sita
642 996 1043 1049 observantur.
1097 995 1327 1051 Scilicet
1375 1014 1564 1058 nunc,
1612 1015 1744 1051 cum
1797 998 1964 1052 multi
2018 1015 2118 1071 per

473 1101 705 1138 omnem
739 1089 951 1138 terram
985 1084 1103 1137 sint
1139 1101 1325 1156 reges,
1359 1085 1594 1140 assidue
1626 1086 1777 1142 bella
1825 1089 2113 1143 oriuntur.

474 1173 888 1243 Unusquisque
921 1174 1073 1226 enim
1102 1175 1462 1229 occasionem
1501 1177 1569 1230 ad
1604 1175 1820 1230 bellum
1849 1178 2031 1231 sumit
2052 1195 2118 1232 ex

476 1261 716 1316 alterius
750 1262 1081 1332 imperio.Si
1115 1267 1307 1316 autem
1341 1281 1494 1318 unus
1525 1269 1678 1320 esset
1708 1266 1910 1320 mundi
1936 1267 2116 1337 impe-

477 1356 654 1418 rator,
687 1350 784 1405 ille
815 1351 1115 1405 desinente
1147 1351 1401 1406 bellandi
1449 1369 1625 1408 causa
1652 1359 1928 1409 aeternam
1969 1355 2117 1410 obti-

478 1444 643 1494 neret
675 1439 1165 1511 pacem.Denique
1194 1441 1265 1495 iis
1294 1441 1389 1511 qui
1424 1442 1600 1497 vitam
1627 1449 1965 1514 perpetuam
1989 1460 2122 1500 con-

480 1533 820 1598 sequentur,
874 1544 1055 1582 unum
1110 1534 1258 1583 Deus
1306 1532 1363 1584 in
1416 1529 1516 1584 illo
1559 1531 1766 1586 saculo
1815 1533 2120 1588 constituit

480 1617 735 1671 universi
769 1633 985 1688 regem,
1016 1623 1078 1671 ut
1107 1634 1208 1688 per
1241 1619 1638 1674 monarchiam
1674 1638 1782 1692 pax
1830 1623 2122 1677 exoriatur

480 1705 728 1762 stabilis.
767 1705 988 1760 Debent
1017 1705 1214 1776 itaque
1244 1708 1434 1761 cuncti
1469 1725 1650 1762 unum
1691 1713 1969 1780 tanquam
2019 1711 2118 1764 vim

479 1796 687 1849 ducem
736 1782 1157 1866 sequi,.sicque
1206 1795 1305 1850 Dei
1340 1796 1656 1868 imaginem
1706 1797 1990 1854 honorare
2023 1815 2034 1854 :
2069 1800 2120 1855 is

2225 633 2406 690 λαύειν
2473 637 2704 706 τίθησιν·
2751 639 2812 693 τὸ
2882 636 2940 692 δὲ
2988 641 3031 675 9‘
3079 640 3277 701 πάντας
3343 639 3740 716 φικαρχοῦντας
3802 641 3888 697 ἐνὶ

2229 723 2382 796 μόνῳ
2417 726 2619 796 ὑπεῖξαι
2659 728 2732 800 μὴ
2771 725 2965 798 θέλειν,
3000 727 3089 782 καὶ
3137 727 3285 800 αἰτίᾳ
3334 731 3377 765 ⁹⁶
3425 726 3736 804 διαιρέσεως
3767 732 3889 805 (79)

2226 814 2440 874 πάντως
2470 815 2558 868 καὶ
2591 820 2896 889 περιπεσεῖν
2930 817 2972 851 ⁸⁷
3006 814 3240 890 ἔχουσιν.

2299 908 2453 957 LXII.
2473 901 2717 958 Ἀλλ’ἔτι
2739 905 2844 977 μὴν
2865 904 3092 959 πειθέτω
3109 906 3175 958 τὰ
3195 906 3320 979 παρ’
3342 903 3648 983 ὀφθαλμοῖς
3665 908 3894 981 τιθέμε-

2234 1010 2290 1042 θα
2321 991 2515 1056 9⁸,πῶς
2547 996 2638 1045 νῦν
2667 991 2890 1047 πολλῶν
2922 994 3057 1047 κατὰ
3087 1000 3256 1048 πᾶσαν
3286 996 3387 1063 τήν
3417 1002 3517 1070 γῆν
3547 993 3711 1050 ὅντων
3731 998 3894 1072 βασι-

2229 1077 2366 1132 λέων
2394 1085 2637 1154 συνεχῶς
2658 1080 2894 1152 πόλεμοι
2917 1083 3176 1156 γίνονται.
3195 1085 3350 1158 Ἔχει
3378 1083 3482 1160 γὰρ
3511 1081 3731 1146 ἕκαστος
3752 1085 3895 1161 πρό-

2228 1188 2384 1244 φασιν
2419 1167 2494 1228 εἰς
2524 1167 2768 1241 πόλεμον
2795 1171 2895 1238 τὴν
2930 1170 3112 1246 ἐτέρου
3142 1171 3343 1246 ἀρχὴν.
3370 1174 3488 1226 Ἐὰν
3526 1171 3582 1228 δὲ
3615 1175 3689 1235 εἷς
3785 1173 3891 1229 τοῦ

2228 1257 2421 1318 παντὸς
2453 1259 2701 1331 ἡγεμὼν,
2735 1258 2795 1311 οὗ
2840 1256 3036 1314 εθίνεκεν
3082 1257 3318 1333 πολεμεῖ
3365 1260 3464 1315 οὐκ
3509 1260 3650 1336 ἔχων
3704 1259 3892 1319 ἀίδιον

2226 1347 2324 1414 τὴν
2379 1344 2598 1420 εἰρήνην
2651 1344 2786 1422 ἔχει,
2822 1347 2993 1422 Πέρας
3043 1353 3170 1423 γοῦν
3205 1349 3231 1402 6
3264 1349 3393 1411 Θεὸς
3432 1355 3549 1412 τοῖς
3599 1353 3892 1421 καταξιου-

2233 1436 2415 1507 μένοις
2443 1434 2666 1490 αἰωνίου
2700 1443 2844 1507 ζωῆς
2875 1435 2966 1492 ἕνα
2995 1437 3045 1492 ἐν
3075 1439 3156 1510 τῷ
3187 1439 3309 1494 τότε
3337 1440 3493 1493 αἰῶνι
3531 1440 3757 1516 βασιλέα
3783 1447 3892 1497 τοῦ

2229 1524 2426 1585 παντὸς
2481 1525 2819 1598 καθίστησιν,
2875 1524 2962 1580 ’ίνα
3035 1527 3180 1598 αἰτίᾳ
3258 1527 3565 1604 μοναρχίας
3631 1527 3891 1593 ἄπτωτος

2231 1611 2418 1687 εἰρήνη
2472 1613 2690 1688 γένηται
2723 1617 2786 1668 9°.
2820 1617 2935 1691 Χρή
2978 1616 3070 1670 οὗν
3127 1615 3201 1670 ὲνί
3240 1637 3345 1670 τινι
3397 1616 3471 1678 ὡς
3519 1614 3708 1692 ὁδηγῷ
3751 1619 3891 1682 τοὺς

2230 1702 2432 1763 πάντας
2460 1699 2699 1773 ἕπεσθαι,
2734 1704 2808 1765 ὡς
2838 1703 3018 1758 εἰκόνα
3061 1709 3194 1760 Θεοῦ
3244 1710 3651 1780 προτιμῶντας,
3681 1707 3774 1762 τὸν
3827 1706 3894 1763 δὶ

2232 1787 2428 1865 ὁδηγὸν
2463 1791 2594 1845 εἶναι
2627 1799 2724 1861 τῆς
2761 1792 2835 1855 εἰς
2865 1795 2965 1862 τὴν
2999 1793 3150 1869 ἁγίαν
3197 1793 3360 1849 πόλιν
3413 1794 3686 1866 εἰσιούσης
3737 1795 3889 1852 εἰσό-

475 1888 670 1938 autem
720 1884 927 1937 ductor
974 1883 1122 1938 scire
1171 1884 1340 1938 debet
1391 1885 1568 1951 viam,
1598 1902 1716 1957 qua
1761 1887 2016 1942 intratur
2061 1888 2120 1943 in

2246 1876 2326 1933 Ξου
2358 1878 2715 1953 ἐπιστήμονα.

475 1977 738 2027 sanctam
772 1971 1081 2027 civitatem.

553 2060 731 2116 LXIII.
765 2062 945 2125 Quem
996 2077 1129 2115 vero
1158 2060 1338 2116 alium
1395 2078 1460 2116 ex
1503 2064 1838 2119 astantibus
1890 2063 2123 2137 eligam,

480 2167 655 2221 quam
689 2149 1046 2214 Zacchaeum,
1083 2151 1232 2219 apud
1289 2168 1460 2222 quem
1494 2159 1550 2206 et
1596 2152 1881 2208 Dominus
1931 2160 2130 2210 noster

485 2240 787 2311 ingressus
825 2239 1343 2308 mansit,judicans
1376 2241 1617 2312 dignum
1651 2258 1782 2296 esse
1813 2242 1912 2312 qui
1944 2242 2130 2297 salva-

488 2332 693 2383 retur?
725 2329 846 2391 Quo
889 2328 1042 2382 dicto
1074 2344 1314 2383 manum
1366 2330 1633 2399 praesenti
1678 2329 1947 2386 Zacchaao
1994 2331 2128 2401 inji-

488 2417 670 2482 ciens,
720 2418 960 2490 cogebat
1029 2433 1163 2471 eum
1212 2418 1270 2471 in
1319 2435 1426 2472 sua
1475 2418 1749 2473 cathedra
1796 2420 2013 2474 sedere.
2064 2422 2135 2474 At

491 2506 797 2563 Zacchzeus
829 2506 1098 2560 accidens
1128 2507 1196 2561 ad
1232 2506 1406 2578 pedes
1437 2507 1562 2576 ejus
1594 2508 1835 2579 rogabat
1866 2508 1950 2563 uti
1985 2509 2136 2579 prin-

495 2595 688 2667 cipatu
720 2595 915 2667 ipsum
944 2595 1216 2650 liberaret
1248 2613 1259 2650 :
1300 2595 1596 2667 simulque
1641 2596 2025 2667 pollicebatur
2071 2614 2136 2651 ac

496 2685 722 2739 dicebat
754 2702 766 2738 :
796 2683 1166 2754 Quaecunque
1213 2683 1311 2754 qui
1345 2689 1552 2753 praeest
1601 2686 1785 2740 facere
1829 2685 2017 2750 debet,
2053 2686 2135 2740 fa-

495 2773 667 2838 ciam,
702 2777 928 2826 tantum
986 2771 1128 2826 mihi
1159 2773 1311 2826 dona
1341 2789 1455 2826 non
1488 2772 1700 2828 habere
1733 2773 1841 2829 hoc
1873 2791 2079 2829 nomen
2119 2791 2133 2828 :

493 2879 694 2917 vereor
724 2862 878 2916 enim
911 2861 1271 2933 principatus
1302 2877 1512 2916 nomen
1545 2862 2136 2935 inducere,quoniam

494 2952 702 3006 acerba
731 2950 949 3004 invidia
979 2955 1031 3003 et
1065 2949 1319 3021 periculo
1352 2951 1630 3006 abundat.

570 3129 745 3184 LXIV.
787 3127 938 3182 Dixit
958 3128 1164 3183 Petrus
1189 3145 1202 3182 :
1227 3127 1284 3183 Si
1308 3127 1419 3183 hoc
1446 3130 1684 3193 vereris,
1722 3128 1838 3183 noli
1873 3128 2140 3201 princeps

494 3219 816 3284 vocari,sed
851 3218 1203 3273 constitutus
1235 3217 1359 3287 (seu
1393 3218 1742 3288 praefectus),
1764 3234 1891 3274 eam
1925 3219 2141 3292 quippe

495 3307 941 3378 appellationem
977 3306 1259 3361 Dominus
1307 3309 1594 3361 concessit
1621 3324 1723 3378 per
1753 3307 1871 3362 haec
1913 3309 2128 3364 verba:
2165 3293 2206 3359 C

495 3398 688 3452 Beatus
720 3397 815 3450 ille
845 3397 1023 3462 homo,
1055 3412 1210 3466 quem
1242 3396 1356 3466 ejus
1385 3395 1637 3451 dominus
1665 3398 1949 3452 constituet
1977 3414 2137 3468 super

493 3486 842 3557 famulitium
863 3500 1243 3539 conservorum
1272 3500 1499 3539 suorum
1520 3484 1785 3556 (α).ουοᾶ
1818 3486 1865 3539 si
1898 3485 2135 3541 omnino

497 3574 716 3645 refugis
748 3575 981 3644 agnosci
1008 3591 1109 3646 pro
1139 3591 1204 3629 eo
1237 3573 1564 3644 quihabeat
1593 3574 1952 3644 gubernandi
1986 3579 2139 3646 pote-

496 3664 1006 3735 statem,ignoraro
1034 3663 1605 3733 videris,professam
1639 3663 2005 3733 presidentis
2037 3680 2137 3735 po-

492 3756 760 3806 testatem
795 3752 1048 3806 multum
1080 3751 1268 3806 valere
1301 3751 1372 3804 ad
1408 3752 1868 3822 persuadendam
1913 3752 2140 3808 flecten-

496 3842 748 3912 damque
799 3840 1047 3911 plebem.
1086 3839 1145 3895 Ei
1199 3840 1415 3910 quippe
1455 3843 1732 3909 tanquam
1791 3844 2136 3911 potestatem

495 3931 704 4001 adepto
737 3930 981 3985 credunt
1026 3927 1262 4000 singuli,
1315 3928 1728 3982 conscientiam
1774 3945 1876 4000 pro
1927 3947 2140 4001 magna

497 4019 844 4074 necessitate
896 4017 1194 4072 habentes.
1247 4016 1394 4078 Quid
1447 4033 1602 4086 vero,
1647 4033 1834 4072 nonne
1882 4023 1939 4072 et
1986 4024 2139 4074 certo

497 4107 634 4168 scis,
668 4112 722 4161 te
753 4123 865 4161 non
901 4112 964 4160 ut
995 4105 1285 4176 principes
1308 4106 1565 4174 gentium
1595 4105 1880 4177 imperare
1909 4106 2138 4177 debere,

499 4195 599 4249 sed
635 4199 697 4249 ut
747 4211 977 4249 servum
1027 4193 1361 4249 ministrare
1412 4193 1768 4261 hominibus,
1804 4200 1866 4249 ut
1914 4201 2139 4267 patrem

499 4282 647 4338 tueri
674 4283 889 4352 injuria
916 4283 1242 4349 aﬂ‘ectos,ut
1275 4283 1565 4338 medicum
1599 4283 1921 4349 visitare,ut
1954 4289 2142 4357 pasto.

499 4389 620 4428 rem
655 4372 964 4437 custodire,
1004 4389 1118 4426 uno
1146 4372 1340 4439 verbo,
1375 4377 1614 4427 cunctas
1650 4390 1750 4443 pro
1803 4374 2140 4429 eorumdem

501 4461 689 4518 salute
737 4461 1032 4533 suscipere
1079 4477 1250 4516 curas
1287 4461 1314 4516 ?
1363 4467 1450 4515 An
1498 4466 1672 4532 putas
1712 4461 1980 4533 ignorare
2028 4478 2141 4532 me,

501 4551 705 4623 quales
737 4555 792 4605 te
821 4549 1164 4621 compellam
1197 4549 1423 4606 labores
1453 4551 1859 4617 sumere,dum
1886 4555 1939 4605 te
1961 4550 2088 4605 volo
2113 4569 2144 4605 a

2311 2059 2492 2113 LXIII.
2524 2056 2649 2111 Τίνα
2697 2054 2754 2112 δὲ
2801 2056 2971 2113 ἄλλον
3017 2059 3318 2134 αἱρήσομαι
3358 2064 3466 2114 τῶν
3513 2060 3818 2137 παρόντων,
3849 2063 3891 2132 ἢ

2239 2150 2529 2220 Ζακχαῖον,
2561 2146 2698 2221 πρὸς
2731 2149 2885 2203 ’113
2918 2147 2974 2201 ’ὀν
3009 2148 3098 2201 καὶ
3129 2149 3156 2201 ὁ
3189 2148 3384 2224 Κύριος
3440 2151 3600 2222 ἡμῶν
3662 2153 3730 2188 ¹⁰⁰
3778 2151 3892 2205 εἰσ-

2243 2234 2336 2288 ιὼν
2388 2233 2748 2303 ἀνεπαύσατο,
2802 2240 2898 2290 τοῦ
2956 2237 3214 2305 σώζεσθαι
3273 2237 3459 2312 κρίνας
3509 2239 3653 2308 ἄξιον
3713 2239 3895 2308 civem;

2241 2321 2344 2379 Καὶ
2404 2327 2563 2377 τοῦτο
2634 2322 2819 2395 εἰπὼν,
2876 2330 3182 2400 παρεστῶτι
3239 2325 3320 2398 τῷ
3385 2328 3639 2402 Ζακχαίῳ
3700 2323 3900 2383 ἐπιϐα-

2242 2410 2354 2466 λὼν
2417 2413 2517 2481 τὴν
2581 2416 2762 2489 χεῖρα,
2828 2408 3068 2482 ἐϐιάζετο
3138 2413 3224 2468 ἐπὶ
3304 2418 3404 2484 τὴν
3494 2415 3658 2470 αὐτοῦ
3739 2419 3901 2471 καθε-

2244 2503 2431 2569 σθῆναι
2491 2499 2769 2574 καθέδραν.
2829 2508 2882 2556 ‘0
2951 2500 3006 2557 δὲ
3063 2509 3334 2579 Ζακχαῖος
3404 2506 3722 2577 προσπεσὼν
3770 2511 3898 2568 τοῖς

2243 2591 2398 2644 ποσὶν
2440 2590 2602 2645 αὐτοῦ
2634 2588 2829 2661 ἐδέετο,
2863 2590 3013 2653 ὅπως
3042 2597 3139 2647 τοῦ
3172 2594 3357 2668 ἄρχειν
3404 2594 3562 2648 αὐτὸν
3619 2593 3896 2669 ἀπολύσῃ,

2249 2680 2382 2753 μετά
2409 2684 2506 2733 τοῦ
2540 2680 2914 2754 ὑπισχνεῖσθαι
2942 2681 3031 2735 καὶ
3064 2679 3263 2756 λέγειν,
3297 2681 3379 2736 ὅτι
3412 2682 3582 2738 ὁπόσα
3613 2683 3744 2738 ποτὲ
3775 2686 3896 2760 χρή

2243 2769 2334 2823 τὸν
2395 2769 2634 2844 ἄρχοντα
2684 2775 2880 2838 ποιεῖν,
2932 2772 3169 2841 ποιήσω,
3228 2770 3392 2843 μόνον
3451 2793 3546 2845 μοι
3596 2773 3658 2826 τὸ
3716 2771 3902 2845 ὄνομα

2244 2862 2405 2912 τοῦτο
2457 2859 2531 2929 μὴ
2594 2854 2737 2933 ἔχειν
2798 2857 3041 2934 χάρισαι³
3102 2855 3441 2932 εὐλαϐοῦμαι
3497 2862 3598 2936 γὰρ
3670 2860 3732 2916 τὸ
3791 2869 3901 2930 τῆς

2247 2945 2426 3021 ἀρχῆς
2480 2942 2790 3000 ἐνδύσασθαι
2843 2941 3036 3019 ὄνομα*
3094 2952 3294 3024 πικροῦ
3356 2949 3460 3024 γὰρ
3535 2949 3732 3028 φθόνου
3803 2950 3903 3005 καὶ

2245 3032 2497 3089 κινδύνου
2528 3035 2704 3109 γέμει.

2323 3126 2506 3181 LXIV.
2544 3124 2640 3177 Καὶ
2673 3124 2700 3178 ὁ
2732 3123 2934 3200 Πέτρος
2973 3121 3095 3203 ἔφη·
3126 3124 3190 3179 El
3232 3130 3393 3181 τοῦτο
3443 3122 3674 3200 εὐλαϐῇ,
3706 3125 3902 3203 ἅρχων

2253 3213 2346 3285 μὲν
2397 3214 2471 3284 μὴ
2523 3211 2718 3280 καλοῦ,
2751 3211 2895 3267 ἀλλά
2938 3215 2965 3268 6
3012 3216 3303 3282 καθεστὼς,
3347 3220 3506 3270 τοῦτο
3548 3221 3646 3270 τοῦ
3695 3216 3904 3291 Κυρίου

2249 3299 2547 3362 δεδωκότος
2605 3300 2872 3375 λέγεσθαι,
2922 3306 3000 3373 τῷ
3047 3302 3237 3357 εἰπεῖν’
3298 3306 3575 3378 Μακάριος
3621 3306 3649 3359 6
3699 3302 3910 3381 Eivﬂpm-

2247 3413 2347 3453 πος
2420 3390 2644 3459 ἐκεῖνος,
2713 3391 2771 3444 ’ὸν
2835 3393 3154 3462 καταστήσει
3229 3393 3257 3447 ὁ
3323 3393 3512 3468 κύριος
3578 3393 3740 3448 αὐτοῦ
3809 3394 3906 3448 ἐπὶ

2244 3486 2344 3547 τῆς
2411 3479 2693 3554 θεραπείας
2758 3483 2865 3534 τῶν
2917 3477 3226 3535 συνδούλων
3296 3482 3479 3538 αὐτοῦ.
3533 3481 3592 3537 Εἰ
3661 3480 3719 3537 δὲ
3764 3504 3906 3536 παν-

2244 3572 2418 3629 τεΛῶς
2477 3567 2538 3622 ού
2597 3566 2771 3630 θέλεις
2829 3570 3128 3644 γνωσθῆναι
3161 3569 3244 3624 ὅτι
3294 3569 3530 3640 ἐξουσίαν
3571 3568 3906 3643 διοικήσεως

2250 3654 2420 3731 ἔχεις,
2470 3656 2688 3731 ἀγνοεῖν
2735 3677 2829 3729 μοι
2880 3655 3080 3728 ἔοικας,
3114 3657 3197 3712 ὅτι
3242 3661 3276 3727 ἡ
3327 3658 3750 3733 ὁμολογουμένη
3803 3667 3907 3715 τοῦ

2248 3746 2713 3818 προκαθεζομένου
2746 3744 2954 3814 ἐξουσία
2983 3744 3128 3800 πολύ
3176 3766 3229 3799 τι
3276 3744 3493 3802 δύναται
3543 3748 3677 3823 πρὸς
3721 3745 3907 3802 δυσω-

2247 3834 2374 3888 πίαν
2419 3838 2515 3887 τοῦ
2559 3832 2825 3902 πλήθους.
2868 3835 2955 3895 Ὡς
2991 3840 3007 3872 ί
3057 3835 3157 3911 γὰρ
3209 3833 3460 3914 εἰληφότι
3509 3838 3608 3905 τήν
3659 3836 3903 3909 ἐξουσίαν

2246 3919 2471 3984 ἕκαστος
2518 3922 2778 3994 πείθεται,
2839 3923 2912 3985 ὡς
2967 3921 3207 3999 μεγάλην
3277 3924 3512 4000 ἀνάγκην
3574 3926 3673 3994 τὴν
3724 3926 3906 3981 συνεί-

2251 4010 2405 4081 δησιν
2458 4007 2619 4087 ἔχων.
2653 4010 2713 4064 Τί
2759 4009 2816 4065 δὲ
2862 4012 2990 4086 οὐχὶ
3033 4012 3120 4066 καὶ
3169 4011 3427 4090 ἀσφαλῶς
3476 4015 3780 4088 γινώσκεις,
3815 4015 3906 4070 δτι

2251 4101 2357 4177 οὐχ
2386 4101 2462 4162 ὡς
2489 4101 2539 4154 οἱ
2573 4101 2832 4176 ἄρχοντες
2861 4104 2968 4154 τῶν
3001 4100 3163 4155 ἐθνῶν
3209 4101 3398 4177 ἄρχειν
3445 4101 3613 4178 ἔχεις,
3647 4101 3770 4158 ἀλλ’
3823 4103 3906 4166 ὠς

2252 4188 2450 4250 δοῦλος
2501 4187 2683 4251 αὐτοῖς
2736 4187 3040 4264 ὑπηρετῶν,
3074 4189 3150 4251 ὠς
3202 4192 3382 4266 πατὴρ
3426 4189 3805 4264 ἀδικουμένοις
3856 4197 3906 4265 ³,

2251 4278 2324 4340 ὠς
2384 4277 2563 4354 ἰατρὸς
2619 4276 3093 4350 ἐπισκεπτόμενος,
3149 4278 3223 4340 ὠς
3299 4280 3511 4353 ποιμὴν
3586 4278 3906 4358 φυλάσσων,

2250 4365 2488 4422 συνελὼν
2541 4365 2667 4443 ἐρῶ,
2699 4366 2792 4428 τὰς
2847 4367 3017 4427 πάσας
3073 4366 3207 4442 ὑπὲρ
3258 4369 3356 4436 τῆς
3407 4367 3580 4423 αὐτῶν
3624 4368 3907 4442 σωτηρίας

2254 4454 2538 4535 φροντίδας
2589 4453 2770 4530 ἕχων;
2819 4457 2934 4509 Ὅτι
2985 4451 3083 4509 οἰὲι
3138 4455 3349 4530 ἀγνοεῖν
3401 4477 3488 4528 με,
3531 4454 3678 4519 ο⁹ίους
3727 4459 3911 4529 καμά-

2252 4567 2376 4607 τους
2411 4542 2752 4614 ἀναδέξασθαί
2800 4565 2858 4597 σε
2914 4542 3190 4618 βιάζομαι,
3226 4543 3328 4599 ύπο
3386 4541 3573 4621 ὄχλων
3633 4546 3908 4620 κρίνεσθαί

499 4640 668 4712 plebe
708 4640 982 4710 judicari,
1017 4637 1109 4693 cui
1141 4638 1367 4710 placere
1416 4656 1586 4694 nemo
1633 4639 1750 4694 ullo
1800 4640 1994 4694 studio
2043 4656 2130 4710 po-

2256 4640 2409 4693 114
2443 4655 2497 4688 σε
2529 4634 2712 4706 ἀξιῶν,
2740 4633 2820 4694 οἷς
2845 4631 3028 4708 ἀρέσαι
3058 4634 3178 4687 τινὰ
3207 4633 3532 4710 ἀμήχανον;
3566 4640 3680 4708 Θεῷ
3730 4632 3788 4689 δὲ
3843 4634 3906 4692 εὖ

498 4733 646 4797 test;
681 4746 813 4785 cum
849 4728 1100 4783 maxime
1136 4728 1255 4782 fieri
1288 4733 1483 4798 queat,
1516 4733 1598 4799 ut,
1625 4729 1722 4800 qui
1756 4728 1898 4783 bene
1938 4745 2138 4799 opera-

494 4822 611 4887 tur,
647 4821 758 4874 Deo
791 4823 995 4890 gratus
1025 4818 1252 4872 existat.
1287 4816 1567 4881 Quocirca
1596 4833 1696 4872 oro
1727 4822 1801 4886 te,
1835 4821 1899 4871 ut
1929 4816 2139 4872 alacri-

565 4943 641 5016 (a)
673 4941 879 5000 Matth.
910 4957 1057 5009 xxxv,
1089 4940 1193 5008 44;
1229 4940 1365 4997 Luc.
1397 4957 1495 5008 xu,
1526 4940 1615 4996 44.

2250 4726 2552 4789 πράττοντα
2580 4724 2601 4757 ³
2633 4719 3022 4778 δυνατώτατον.
3054 4723 3146 4776 Διὸ
3187 4719 3377 4796 δέομαι
3418 4722 3714 4799 προθύμως
3771 4724 3908 4779 ἀνα-

2251 4811 2514 4884 δέξασθαι,
2549 4807 2636 4865 διὰ
2666 4811 2793 4865 Θεὸν
2826 4813 2865 4884 ⁸,
2901 4807 2988 4864 διὰ
3019 4811 3270 4886 Χριστὸν,
3300 4811 3432 4887 ὑπὲρ
3487 4819 3587 4882 τῆς
3647 4811 3906 4891 ἀδελφῶν

1849 5046 2088 5102 νΑΡιΙΕ
2129 5043 2543 5102 LECTIONES.

564 5168 609 5203 9⁸
641 5166 974 5240 Legendum
1005 5167 1084 5234 τῷ
1123 5159 1180 5216 δέ
1206 5164 1268 5240 _S.
1320 5163 1389 5240 _°5
1419 5158 1587 5240 αἰτίαν
1619 5178 1740 5240 var.
1774 5161 1903 5217 lcct.
1940 5179 2030 5233 ap.
2066 5160 2337 5240 TuArriﬁan.
2371 5161 2481 5214 Pro
2508 5159 2666 5231 epist.
2715 5157 2921 5240 pontif.
2970 5174 3024 5225 v,
3073 5158 3126 5213 9.
3177 5159 3248 5240 ut"
3295 5161 3474 5240 πεσεῖν
3492 5160 3583 5240 At}.
3661 5159 3717 5240 ³⁸.
3755 5157 3913 5233 γινό-

498 5257 630 5308 μενα
683 5244 740 5293 C.
818 5239 862 5273 ⁸³

917 5232 1145 5316 γένηται
1197 5235 1260 5316 Οἒ
1320 5237 1403 5316 I_ta
1457 5234 1769 5316 legendum
1831 5232 2169 5316 esse’notat
2226 5232 2283 5316 S,

2336 5227 2786 5312 quaqq'uarp'et
2842 5227 2966 5302 ipse
3017 5229 3242 5312 .repetit
3295 5229 3425 5312 lect.
3487 5230 3547 5286 Ci
3602 5227 3905 5312 γεγένηται.

497 5296 563 5346 ίοο
599 5311 750 5380 ἡμῶν
789 5296 949 5380 deest
979 5296 1072 5379 ap.
1107 5311 1164 5360 C.
1201 5309 1262 5380 __‘
1293 5309 1372 5380 τῷ
1399 5296 1549 5377 conj:
1585 5305 1995 5380 D.—Seq._'§wﬁv
2025 5305 2158 5380 add.
2193 5296 3052 5380 c.70.-_’78v.:ax3‘86i§voc'conj.
3102 5296 3166 5370 ἰ),
3202 5299 3496 5380 ἀνιώμενος
3555 5296 3906 5380 “ipsum

495 5368 808 5450 omV-'conj.
841 5379 920 5433 Cl.
953 5368 1070 5450 Ego
1103 5368 1476 5432 scribendum
1502 5368 1838 5449 putaverim'
1865 5368 2220 5447 ἀδικούμενος
2247 5379 2304 5429 S.
2379 5374 2401 5408 ³
2431 5371 2558 5427 Θεὸν
2592 5368 2651 5426 δὲ
2699 5368 2756 5424 εὖ
2812 5368 3116 5444 πράττοντα
3153 5368 3372 5426 πείθειν
3426 5378 3486 5428 0.
3560 5375 3583 5408 ‘
3631 5368 3722 5427 διὰ
3769 5374 3905 5430 Θεόν

496 5468 612 5506 om.
656 5450 720 5506 Ο.

1865 5545 2251 5601 VARIORUM
2291 5542 2524 5599 NOTIE.

570 5663 681 5736 (79)
712 5658 811 5736 ttat
869 5657 1013 5728 αἰτίᾳ
1071 5655 1398 5732 διαιρέσεως.
1433 5660 1617 5714 Habet
1670 5660 1986 5716 Turrianue
2039 5660 2139 5716 lib.
2171 5676 2225 5728 ν,
2258 5660 2366 5716 Pro
2421 5656 2687 5730 epistolis
2743 5653 3085 5727 pontificum
3144 5672 3272 5728 cap.
3329 5657 3384 5725 9,
3449 5653 3641 5729 αἰτίαν,
3701 5659 3908 5719 minus

498 5734 665 5792 bene.
697 5734 826 5791 Cor.
