4112 6344
204 432 322 494 153

1351 432 1882 494 CLEMENTINA.
1915 463 1992 478 -
2021 433 2355 496 HOMILIA
2415 435 2521 497 III.

3502 437 3620 497 154

199 562 509 639 σωτηρίας,
569 562 703 639 ὑπὲρ
754 562 929 619 αὐτῶν
982 565 1003 600 ⁸
1043 561 1356 637 οἰκονομίας
1411 562 1502 619 καὶ
1562 570 1660 633 σῆς
1720 564 1861 642 ὡφε-

1989 583 2061 622 '.er
2090 566 2491 640 episcopatum
2517 567 2828 640 suscipias,
2870 572 3107 641 propter
3160 567 3478 639 Christum,
3513 584 3616 640 pro

199 649 377 714 λείας.

271 830 433 885 LXV.
465 828 565 884 Καὶ
596 830 659 883 τὸ
704 826 887 905 ἕτερον
945 827 1002 885 δὲ
1050 828 1287 906 λόγισαι,
1339 828 1446 898 ὅτι,
1479 829 1658 902 ὥσπερ
1689 830 1864 902 κάμα-

191 938 287 972 τον
346 917 442 972 καὶ
498 914 742 973 κίνδυνον
801 914 919 994 ἔχει
973 919 1037 973 τὸ
1092 920 1190 986 τήν
1249 923 1485 991 Χριστοῦ
1542 917 1863 989 Ἐκκλησίαν

194 1005 548 1080 οἰκονομεῖν,
598 1006 843 1080 τοσούτῳ
895 1007 1092 1077 μείζων
1145 1008 1172 1061 ὁ
1224 1006 1434 1080 μισθός·
1477 1005 1603 1062 ἀλλ’
1644 1006 1722 1062 ἔτι
1756 1008 1863 1080 μὴν

193 1096 284 1151 καί
316 1099 352 1164 ἡ
390 1094 626 1157 κόλασις
678 1097 878 1168 μείζων
926 1101 1004 1168 τῷ
1053 1094 1336 1169 δυναμένῳ
1366 1094 1454 1150 καὶ
1495 1096 1862 1166 ἀπειθήσαντι.

193 1182 491 1257 Βούλομαι
526 1183 642 1255 οὖν,
676 1184 1153 1261 πολυμαθέστερον
1182 1182 1340 1246 εἰδώς
1371 1205 1428 1239 σε
1456 1189 1562 1239 τῶν
1595 1185 1868 1259 παρεστώ-

192 1294 325 1342 των,
366 1271 636 1342 δανείζειν
670 1277 693 1311 ⁸
722 1272 891 1335 καλὰς
940 1274 1184 1348 γνώμας,
1237 1272 1301 1336 ’ἀς
1349 1275 1495 1349 παρά
1539 1278 1637 1328 τοῦ
1668 1272 1866 1348 Κύρίου

191 1362 561 1416 πεπίστευσαι
598 1384 611 1396 ·
669 1364 831 1433 Ἵνα,
891 1360 964 1416 Εὖ
997 1409 1013 1435 ,
1074 1359 1242 1417 δοῦλε
1299 1361 1462 1438 ἀγαθὲ
1516 1362 1607 1417 καὶ
1662 1363 1818 1417 πιστὲ
1850 1407 1866 1435 ,

192 1450 457 1525 ἀκούσῃς,
506 1451 597 1505 καὶ
652 1452 730 1524 μή
762 1454 782 1487 ⁷
816 1447 1057 1525 ὥσπερηὸ
1083 1452 1146 1506 τὸ
1191 1450 1247 1506 ἓν
1297 1451 1618 1527 ἀποκρύψας
1666 1450 1863 1507 τάλαν-

190 1561 306 1609 τον,
380 1538 649 1614 ἔγκλημα
708 1535 894 1595 λαϐὼν
943 1538 1166 1595 κολάσει
1227 1540 1516 1604 ὑπεύθυνος
1566 1541 1863 1620 ἀναφανῇς.

193 1630 253 1685 ΕΞ
289 1627 353 1684 δὲ
390 1630 471 1701 μή
514 1628 702 1704 βούλει
749 1630 948 1705 ἀγαθὸς
997 1628 1170 1707 φύλαξ
1213 1636 1537 1700 καταστῆναι
1567 1633 1588 1667 ⁸
1616 1638 1715 1700 τῆς
1746 1632 1865 1686 Έκ-

191 1718 460 1791 κλησίας,
491 1715 679 1793 ἓτερον
726 1718 843 1773 ἀντὶ
892 1722 987 1773 σοῦ
1035 1721 1295 1792 μήνυσον,
1328 1723 1423 1774 σοῦ
1454 1718 1867 1792 πολυμαθέστε-

193 1828 285 1883 ρον
316 1808 415 1862 καὶ
444 1806 791 1882 πιστότερον.
839 1806 993 1865 Ἀλλ’
1023 1810 1045 1844 ⁸
1073 1807 1135 1862 ού
1168 1805 1388 1870 δώσεις·
1429 1808 1491 1862 σὺ
1538 1811 1641 1884 γάρ
1672 1809 1761 1863 καὶ
1789 1814 1868 1882 τῷ

1974 656 2221 711 fratrum
2253 657 2462 724 salute,
2496 674 2598 729 pro
2624 657 2963 713 eorumdem
2995 657 3499 731 gubernatione,et
3518 663 3620 713 tua

1975 744 2247 801 utilitate.

2050 833 2208 888 LXV.
2245 834 2413 889 Aliud
2448 834 2623 890 etiam
2659 839 2882 906 reputa.
2917 836 3092 906 quod,
3140 834 3293 891 sicut
3335 835 3534 890 labore
3565 839 3622 891 et

1975 920 2232 994 periculo
2264 940 2377 977 non
2411 927 2586 988 caret,
2642 923 2969 994 gubernare
3018 922 3334 980 Ecclesiam
3387 924 3619 991 Christi,

1974 1027 2041 1067 eo
2074 1015 2261 1081 major
2288 1016 2375 1067 est
2408 1028 2649 1083 merces,
2703 1013 2803 1067 sed
2862 1017 2920 1067 et
2970 1012 3158 1082 maior
3208 1028 3379 1084 paena
3422 1012 3473 1068 ei
3522 1012 3622 1084 qui

1976 1105 2429 1172 potest,recusat
2458 1106 2677 1156 tamen.
2708 1100 2891 1173 Cupio
2939 1100 3140 1173 igitur,
3188 1101 3290 1172 qui
3339 1107 3396 1157 te
3440 1100 3622 1157 sciam

1974 1189 2293 1244 astantium
2335 1189 2818 1257 eruditissimum,
2851 1190 3468 1263 fmnoridespulchras
3490 1207 3623 1247 seu-

1974 1279 2207 1347 tentias,
2242 1295 2369 1349 qua:
2398 1278 2500 1333 tibi
2531 1296 2563 1333 a
2615 1278 2855 1334 Domino
2909 1279 3135 1334 tradita;
3181 1283 3323 1334 sunt
3356 1296 3370 1347 ;
3403 1284 3468 1334 ut
3520 1295 3625 1335 au-

1975 1366 2102 1423 dias
2136 1385 2147 1421 :
2184 1368 2328 1439 Euge
2356 1384 2517 1423 serve
2550 1370 2684 1423 bone
2714 1372 2764 1423 et
2784 1368 2968 1439 ﬁdelis
3000 1367 3167 1439 (a),et
3199 1369 3627 1439 non,quemad-

1976 1456 2216 1513 modum
2248 1456 2349 1528 qui
2380 1473 2564 1511 unum
2595 1456 2878 1512 talentum
2911 1456 3626 1529 abscondit,opprobrium

1977 1546 2149 1614 feras,
2182 1551 2239 1601 et
2267 1545 2551 1601 obnoxius
2574 1545 2857 1618 supplicio
2886 1545 3326 1602 declareris.Sin
3352 1562 3485 1602 vero
3511 1563 3627 1602 non

1974 1635 2064 1690 vis
2095 1635 2283 1691 bonus
2329 1634 2594 1691 Ecclesia;
2626 1634 2903 1690 constitui
2953 1640 3169 1702 custos,
3222 1634 3401 1690 alium
3438 1651 3540 1707 pro
3573 1640 3629 1691 te

1977 1724 2302 1796 indica,qui
2331 1730 2387 1779 te
2417 1725 2495 1780 sit
2523 1723 2746 1780 doctior
2775 1740 2841 1780 ac
2872 1724 3117 1791 ﬁdelior,
3138 1724 3249 1780 Sed
3283 1740 3399 1779 non
3431 1724 3627 1792 dabis,

1976 1817 2041 1869 tu
2071 1812 2228 1869 enim
2251 1818 2460 1869 etcum
2489 1811 2728 1869 Domino
2745 1818 3012 1869 versatus
3042 1828 3103 1868 es
3136 1829 3201 1868 ac
3221 1812 3414 1868 vidisti
3442 1811 3625 1868 mira-

194 1896 385 1973 Κυρίῳ
416 1902 613 1968 συνῆς,
642 1895 730 1951 καὶ
760 1896 857 1958 τὰς
903 1896 1234 1969 θαυμασίους
1284 1896 1500 1971 πράξεις
1544 1896 1861 1974 ’ἱστόρησας,

194 1987 281 2007 η]
321 1981 691 2007 βνλιην-ννιπ
767 1984 790 2007 \
860 1984 959 2007 ,',,
1046 2005 1058 2007 _
1124 1986 1174 2007 [Δ

1989 1900 2123 1957 bilia
2151 1918 2347 1974 opera,
2365 1906 2422 1957 et
2452 1900 2717 1957 Ecclesia;
2748 1901 3319 1958 administrationem
3347 1900 3627 1957 didicisti.

193 1987 284 2039 καὶ
317 1981 601 2051 διοίκησιν
635 1984 963 2055 Ἑκκλησίας
997 1986 1338 2058 μεμάθηκας.

275 2076 479 2131 LXVI.
516 2074 614 2128 Καὶ
664 2078 761 2129 σοῦ
812 2074 905 2147 μὶν
950 2070 1105 2149 ἔργον
1154 2074 1266 2129 ἐστὶ
1293 2073 1531 2130 κελεύειν
1565 2074 1597 2129 ἃ
1627 2072 1727 2145 δεῖ,
1759 2079 1867 2130 τῶν

202 2162 468 2242 ἀδελφῶν
528 2166 591 2229 ίθ,
652 2163 887 2219 ὑπείκειν
944 2164 1033 2219 καὶ
1094 2165 1169 2237 μὴ
1232 2166 1486 2222 ἀπειθεῖν.
1544 2165 1873 2236 Ὑπείξαντες

206 2254 303 2325 μὲν
342 2251 442 2307 οῦν
493 2255 852 2324 σωθήσονται,
901 2253 1290 2324 ἀπειθήσαντες
1341 2251 1400 2309 δὲ
1447 2253 1552 2309 ὐπὸ
1604 2259 1701 2310 τοῦ
1740 2261 1873 2331 Χρι-

202 2348 339 2398 στοῦ
376 2346 420 2381 ¹¹
451 2341 909 2414 κολασθήσονται,
951 2342 1033 2398 ὅτι
1066 2344 1095 2398 ὁ
1124 2343 1594 2418 προκαθεζόμενος
1639 2348 1873 2421 Χριστοῦ

201 2431 379 2487 τόπον
409 2431 783 2487 πεπίστευται.
816 2432 910 2487 Διὸ
939 2429 1065 2501 ἤτοι
1111 2433 1249 2504 τιμὴ
1282 2433 1317 2501 ἢ
1355 2427 1511 2507 ὕϐρις
1538 2437 1635 2488 τοῦ
1665 2453 1874 2505 προκα-

205 2520 515 2593 θεζομᾶνου
546 2521 624 2583 είς
653 2518 886 2597 Χριστόν
937 2522 1174 2598 φέρεται,
1207 2524 1359 2580 115
1397 2522 1503 2576 ἀπὸ
1552 2519 1609 2576 δὲ
1638 2524 1874 2597 Χριστοῦ

206 2610 284 2672 εἷς
343 2611 478 2665 Θεὸν
533 2613 578 2646 ¹²
636 2608 973 2689 ἀναφέρεται.
1034 2613 1203 2665 Τοῦτο
1254 2607 1312 2665 δὲ
1356 2609 1544 2685 εἷ’ρηκσ
1582 2655 1596 2681 ,
1641 2607 1733 2666 ’ίνα
1783 2611 1874 2666 καὶ

204 2699 369 2753 αὐτοὶ
402 2700 459 2753 οἱ
488 2696 717 2775 ἀδελφοὶ
763 2706 863 2768 τῆς
912 2699 1049 2775 πρὸς
1099 2699 1160 2753 σὶ
1194 2698 1465 2763 ἀπειθείας
1508 2700 1599 2755 τὸν
1627 2698 1873 2755 κίνδυνον

206 2787 395 2843 αὐτῶν
457 2789 503 2825 ⁸³
564 2789 640 2860 μὴ
700 2788 984 2863 ἀγνοῶσιν,
1038 2786 1121 2843 ὅτι
1178 2788 1239 2850 ὃς
1296 2786 1356 2843 ἂν
1417 2810 1503 2843 σοι
1561 2787 1873 2845 κελεύσαντι

208 2878 509 2951 ἀπειθήσῃ,
558 2875 775 2952 Χριστῷ
820 2876 1036 2941 ἀπειθεῖ
1092 2879 1156 2948 1⁸,
1208 2882 1426 2954 Χριστῷ
1474 2875 1531 2933 δὲ
1578 2877 1877 2949 ἀπειθήσας

210 2966 348 3023 Θεὸν
374 2965 716 3042 παροργίζει.

286 3056 491 3112 LXVI.
528 3057 648 3130 Χρή
700 3054 791 3109 οῦν
842 3055 942 3123 τήν
996 3052 1341 3124 Ἐκκλησίαν,
1373 3053 1447 3117 ὡς
1475 3054 1639 3111 πόλιν
1672 3054 1723 3110 ἐν
1756 3054 1881 3129 ὕψει

214 3142 699 3217 οῗκοόομουμένην
736 3146 799 3209 ⁸⁸,
834 3141 1090 3220 φιλόθεον
1124 3140 1267 3219 ἔχειν
1301 3143 1446 3214 τάξιν
1474 3144 1563 3198 καὶ
1616 3141 1881 3213 διοίκησιν

212 3231 418 3302 καλήν.
476 3233 588 3306 Πρὸ
627 3229 843 3287 πάντων
876 3232 905 3286 ὁ
940 3231 1237 3294 ἐπίσκοπος
1288 3232 1363 3294 ὡς
1411 3228 1598 3308 ἄρχων
1647 3232 1772 3308 περὶ
1804 3234 1878 3288 ὧν

213 3319 371 3398 λέγει
428 3320 725 3376 ἀκουέσθωο
791 3322 842 3375 οἱ
898 3314 1258 3397 πρεσϐύτεροι
1312 3321 1381 3375 τὰ
1426 3319 1755 3395 κελευόμενα
1797 3321 1876 3397 γί-
1908 3308 1951 3376 C

211 3412 402 3465 νεσθαι
454 3412 498 3447 ³⁸
551 3406 1019 3479 σπουδαζέτωσαν’
1071 3410 1123 3463 οἱ
1164 3407 1407 3464 διάκονοι
1454 3408 1879 3486 ἐκπεριερχομε-

211 3521 302 3555 νοι
337 3503 448 3553 τῶν
484 3496 730 3577 ἀδελφῶν
778 3499 846 3553 τὰ
894 3499 1121 3572 σώματα
1164 3498 1252 3553 καὶ
1299 3500 1393 3560 τὰς
1436 3500 1615 3575 ψυχὰς
1666 3499 1877 3554 ἐπισκε-

212 3590 561 3660 πτέσθωσαν,
592 3588 682 3643 καὶ
711 3592 790 3660 τῷ
835 3586 1115 3660 ἐπισκόπῳ
1144 3582 1641 3644 ἀντιϐαλλέτιυσαν·
1675 3588 1726 3643 οἷ
1757 3586 1878 3644 λοι-

215 3678 317 3733 ποῖ
348 3679 544 3740 πάντες
595 3674 820 3753 ἀδελφοὶ
868 3677 931 3732 τὸ
980 3674 1281 3741 ἀδικεῖσθαι
1330 3674 1791 3753 ἀναδεχέσθωσαν*
1832 3677 1879 3732 εί

216 3764 277 3822 δὲ
318 3766 593 3841 κρίνεσθαι
648 3765 865 3830 θέλουσι
913 3767 1037 3839 περὶ
1095 3767 1169 3821 ὧν
1230 3763 1575 3836 ἀδικοῦνται,
1636 3766 1722 3821 ἐπὶ
1768 3769 1877 3821 τῶν

216 3851 604 3933 πρεσϐυτέρων
656 3849 1198 3928 συμϐιϐαζέσθωσαν·
1256 3855 1348 3910 τὸν
1402 3853 1458 3910 δὲ
1496 3850 1877 3928 συμϐιϐασμὸν

218 3947 273 4000 οἱ
305 3938 667 4020 πρεσϐύτεροι
696 3948 776 4016 τῷ
806 3943 1086 4016 ἐπισκόπῳ
1116 3945 1689 4022 προσαναφερέτωσαν.

295 4034 541 4091 LXVIII.
576 4032 724 4088 Νέων
755 4031 813 4088 δὲ
845 4034 922 4106 μή
958 4033 1125 4107 μόνον
1176 4033 1632 4110 κατεπειγέτωσαν
1669 4037 1711 4071 ¹’¹
1749 4033 1878 4098 τοὺς

215 4126 463 4198 γάμους,
493 4121 640 4177 ἀλλά
667 4123 757 4176 καὶ
786 4126 895 4177 τῶν
927 4116 1378 4197 προϐεϐηκότων,
1414 4124 1488 4195 μή
1523 4143 1640 4184 πως
1692 4123 1881 4192 ζέουσα

215 4216 253 4282 ἠ
288 4208 470 4287 ὄρεξις
500 4209 762 4288 προφάσει
811 4210 1065 4284 πορνείας
1094 4212 1130 4281 ἣ
1166 4210 1418 4287 μοιχείας
1468 4210 1662 4285 λοιμὸν
1712 4231 1879 4285 προσ-

217 4305 412 4377 ενέγκῃ
472 4302 516 4338 ¹³
567 4303 635 4373 τῇ
694 4297 1024 4371 Ἐκκλησία.
1084 4300 1243 4376 Ὑπὲρ
1301 4306 1471 4355 πᾶσαν
1528 4302 1629 4377 γὰρ
1688 4301 1880 4377 ἁμαρ-

214 4391 338 4447 τίαν
369 4392 407 4459 ἠ
447 4391 548 4458 τῆς
600 4388 854 4466 μοιχείας
902 4382 1120 4443 ἀσέϐεια
1165 4393 1277 4461 Θεῷ
1323 4387 1633 4465 ἐστύγηται,
1683 4387 1766 4444 ὅτι
1815 4388 1877 4444 οὐ

220 4480 392 4555 μόνον
446 4477 605 4533 αὐτὸν
634 4476 727 4534 τόν
758 4479 1144 4554 ἀμαρτήσαντα
1171 4478 1397 4554 ἀναιρεῖ,
1430 4477 1577 4534 ἀλλά
1624 4478 1712 4534 καὶ
1751 4478 1878 4541 τοὺς

218 4566 686 4639 συνεστιωμένους
749 4567 841 4621 καὶ
899 4565 1423 4641 συναμιλλωμὲνους
1464 4585 1477 4601 ⁸
1536 4565 1707 4643 λύσσῃ
1773 4570 1876 4644 γὰρ

2053 2078 2234 2135 LXVI.
2266 2079 2399 2134 Tuae
2430 2079 2611 2152 igitur
2642 2083 2836 2151 partes
2896 2084 3056 2146 sunt,
3106 2080 3314 2152 jubere
3357 2095 3444 2148 ea,
3505 2096 3631 2152 quis

1981 2173 2242 2241 oportet;
2274 2174 2467 2241 partes
2498 2168 2766 2240 fratrum,
2796 2169 3087 2241 subjicere
3116 2186 3178 2224 se
3206 2173 3263 2224 et
3292 2185 3409 2224 non
3442 2170 3629 2225 retra-

1982 2259 2128 2331 gari.
2161 2258 2545 2329 Subjicientes
2575 2274 2711 2331 ergo
2738 2276 2800 2315 se
2854 2257 2997 2314 salvi
3052 2258 3192 2313 ﬁent
3222 2276 3236 2315 :
3269 2258 3629 2330 refragantes

1982 2364 2116 2403 vero
2147 2364 2180 2403 a
2208 2347 2435 2403 Christo
2467 2347 2783 2419 punientur
2815 2372 2829 2415 ς
2861 2347 3139 2419 quoniam
3180 2347 3283 2418 qui
3336 2346 3627 2419 praesidet,

1983 2435 2199 2493 Christi
2232 2435 2423 2492 locum
2456 2437 2696 2508 accepit.
2731 2438 2921 2502 Quare
2970 2435 3336 2507 praesidentis
3382 2434 3501 2490 sive
3532 2434 3632 2492 ho-

1986 2541 2093 2579 nor
2140 2524 2259 2580 sive
2307 2524 2661 2580 contumelia
2710 2525 2781 2580 ad
2831 2524 3128 2580 Christum
3178 2524 3446 2592 refertur,
3495 2528 3552 2580 et
3597 2541 3633 2581 a

1985 2611 2215 2669 Christo
2245 2614 2317 2669 ad
2353 2613 2553 2669 Deum.
2602 2614 2663 2668 ld
2721 2617 2916 2669 autem
2966 2612 3305 2684 prolocutus
3354 2630 3511 2683 sum,
3568 2616 3633 2669 ut

1983 2701 2098 2774 ipsi
2121 2718 2353 2774 quoque
2374 2702 2586 2758 fratres
2609 2701 3256 2774 nonignorent,quanto
3287 2700 3346 2757 in
3371 2700 3631 2774 periculo

1984 2795 2291 2847 versentur
2318 2791 2415 2862 qui
2441 2790 2546 2846 tibi
2569 2807 2682 2846 non
2707 2789 3370 2862 obtemperabunt.Nam
3401 2790 3501 2863 qui
3523 2790 3630 2846 tibi

1978 2880 2212 2952 jubenti
2242 2896 2357 2935 non
2389 2879 2839 2952 obtemperabit,
2870 2878 3099 2936 Christo
3142 2896 3255 2935 non
3287 2879 3538 2947 obediet,
3573 2883 3631 2936 et

1988 2969 2130 3025 dum
2161 2985 2275 3024 non
2304 2969 2497 3024 obedit
2526 2968 2775 3037 Christo,
2809 2973 2993 3024 Deum
3024 2969 3095 3024 ad
3130 2968 3277 3024 iram
3304 2967 3529 3024 incitat.

2059 3056 2277 3113 LXVII.
2312 3057 2549 3128 Oportet
2576 3073 2713 3130 ergo
2746 3062 2809 3112 ut
2841 3056 3116 3126 Ecclesia,
3149 3056 3310 3113 velut
3337 3057 3540 3113 civitas
3570 3056 3631 3113 in

1988 3145 2213 3202 excelso
2244 3145 2669 3215 aadiﬁcata,Deo
2692 3145 2938 3218 dignum
2970 3145 3184 3201 habeat
3205 3146 3467 3202 ordinem
3493 3163 3633 3218 prai-

1990 3234 2947 3307 claramque|administrationem.
2980 3236 3126 3290 Ante
3177 3234 3377 3290 omnia
3407 3235 3632 3307 episco-

1990 3341 2121 3397 pus,
2154 3323 2310 3379 velut
2342 3329 2546 3395 rector,
2580 3324 2639 3378 in
2673 3324 2746 3379 iis
2787 3340 2914 3395 qua
2958 3322 3102 3378 dicit
3149 3323 3424 3379 audiatur
3452 3342 3465 3392 ;
3499 3340 3634 3395 pre-

1988 3413 2202 3486 sbyteri
2230 3417 2437 3468 curent
2465 3411 2589 3467 fieri
2620 3429 2746 3485 quae
2770 3412 3093 3483 jubentur;
3128 3411 3357 3468 diaconi
3388 3413 3634 3469 circum-

1988 3501 2748 3573 ambulanteslconsiderent
2770 3502 3014 3557 fratrum
3047 3506 3356 3574 corporaet
3382 3503 3633 3570 animas,

1989 3596 2163 3664 atque
2191 3592 2463 3664 episcopo
2495 3590 2883 3657 denuntient;
2917 3588 3126 3662 reliqui
3168 3606 3374 3647 omnes
3424 3592 3633 3646 fratres

1988 3681 2142 3736 allici
2174 3680 2390 3752 injuria
2420 3678 2745 3751 suscipiant
2773 3678 3058 3746 libenter;
3094 3680 3249 3751 quod
3272 3680 3323 3735 si
3353 3680 3423 3733 de
3455 3680 3546 3748 iis,
3573 3678 3633 3734 in

1989 3770 2206 3843 quibus
2241 3769 2463 3839 injuria
2492 3769 2852 3835 afficiuntur,
2884 3768 3131 3840 cupiunt
3169 3767 3445 3841 judicari,
3479 3769 3634 3840 apud

1988 3861 2357 3932 presbyteros
2386 3857 2791 3924 concilientur,
2824 3862 2881 3913 et
2910 3858 3232 3930 presbyteri
3285 3856 3635 3913 conciliatio-

1988 3963 2122 4003 nem
2156 3948 2226 4002 ad
2256 3946 2595 4018 episc0pum
2628 3946 2898 4002 referant.

2061 4034 2298 4091 LXVIII.
2334 4035 2456 4090 Non
2488 4036 2660 4090 modo
2691 4039 2887 4091 autem
2910 4035 3160 4106 juvenes
3206 4035 3278 4090 ad
3328 4033 3631 4089 matrimo-

1990 4124 2153 4180 nium
2186 4122 2561 4195 compellant,
2597 4123 2694 4179 sed
2729 4128 2786 4178 et
2811 4128 2949 4178 natu
2975 4129 3378 4195 provectos,ne
3408 4122 3632 4178 fervens

1988 4212 2281 4284 cupiditas
2309 4229 2414 4284 per
2444 4212 2889 4268 fornicationem
2920 4211 3008 4268 vel
3027 4212 3384 4268 adulterium
3409 4216 3633 4284 pestem

1989 4303 2046 4357 in
2080 4301 2391 4358 Ecclesiam
2425 4301 2654 4357 inferat.
2688 4302 2871 4373 Super
2908 4318 3081 4357 omne
3128 4301 3283 4357 enim
3328 4306 3631 4373 peccatum

1988 4391 2262 4462 impietas
2293 4388 2566 4445 adulterii
2597 4389 2728 4445 odio
2761 4407 2795 4445 a
2841 4394 2954 4446 Deo
2999 4390 3247 4447 habetur
3281 4407 3293 4446 :
3329 4390 3467 4462 quia
3515 4406 3631 4444 non

1988 4480 2181 4537 solum
2212 4478 2487 4534 interficit
2516 4479 2710 4551 ipsum
2760 4484 3123 4551 peccatorem
3173 4479 3274 4535 sed
3322 4482 3379 4535 et
3417 4493 3629 4534 conve-

1989 4573 2216 4625 scentes
2248 4584 2313 4623 ac
2345 4584 2710 4639 congressos.
2745 4568 2943 4624 Rabiei
2991 4568 3207 4641 quippe
3254 4572 3343 4623 est
3394 4565 3631 4635 similis,

213 4656 420 4728 ἔοικεν,
467 4656 551 4711 ὅτι
606 4663 707 4725 τῆς
750 4653 891 4718 ἲδίας
941 4655 1132 4729 μανίας
1177 4653 1519 4729 μεταδιδόναι
1552 4656 1705 4734 φύσιν
1739 4652 1873 4734 ἔχει.

1989 4657 2460 4731 quandoquidem
2496 4674 2529 4712 a
2558 4663 2767 4712 natura
2794 4657 3069 4723 habet,ut
3100 4673 3269 4712 suam
3303 4655 3633 4712 communi-

218 4744 601 4824 Σωφροσύνης
632 4743 724 4800 οῦν
752 4745 915 4820 χάριν
945 4741 1315 4800 σπευδέτωσαν
1346 4744 1473 4808 τοὺς
1502 4748 1715 4821 γάμους
1761 4744 1878 4802 ἐπι-

216 4835 401 4893 τελεῖν
440 4836 517 4909 μή
549 4833 715 4907 μόνον
742 4834 795 4888 οἱ
815 4828 1193 4907 πρεσϐύτεροι,
1217 4832 1363 4890 ἀλλὰ
1381 4834 1470 4889 καὶ
1494 4838 1649 4893 116
1679 4835 1730 4889 οἳ
1751 4834 1880 4890 πάν-

218 4945 330 4989 τες’
363 4927 402 4995 ἡ
435 4926 541 5001 γὰρ
586 4927 685 4979 τοῦ
718 4924 1131 4999 μοιχησαμένου
1181 4922 1421 4999 ἁμαρτία
1448 4922 1537 4979 ἐπὶ
1583 4922 1712 4987 τοὺς
1742 4923 1877 4980 πάν-

216 5034 319 5076 τας
347 5011 529 5078 ἐλθεῖν
560 5008 823 5089 βιάζεται.
854 5011 925 5067 Τὸ
957 5012 1001 5049 ¹⁹
1030 5008 1122 5067 οὗν
1150 5008 1396 5068 σπεύδειν
1429 5016 1726 5093 σωφρονεῖν
1746 5012 1875 5077 τοὺς

290 5192 372 5267 (a)
403 5190 613 5249 Eatth.
642 5207 775 5261 xxv,
806 5192 897 5248 21.

1989 4752 2079 4804 cet
2106 4746 2571 4817 insaniam.Ergo
2603 4751 2836 4817 propter
2866 4745 3193 4800 castitatem
3228 4743 3504 4799 festinent
3529 4758 3635 4797 nu-

1988 4836 2141 4909 ptias
2171 4833 2480 4891 conciliare
2511 4851 2625 4889 non
2656 4834 2826 4890 modo
2858 4832 3414 4907 presbyteri,verum
3448 4830 3627 4887 etiam

1988 4940 2192 4983 omnes
2218 4941 2232 4993 ;
2266 4939 2401 4979 nam
2427 4922 2635 4978 moechi
2665 4922 2940 4978 delictum
2971 4922 3043 4978 ad
3070 4937 3274 4976 omnes
3305 4919 3633 4976 necessario

1987 5013 2162 5071 venit.
2197 5011 2393 5071 Prima
2420 5026 2557 5083 ergo
2587 5010 2991 5068 misericordia
3028 5013 3139 5079 est,
3173 5009 3382 5066 fratres
3421 5008 3492 5064 ad
3524 5024 3632 5080 pu-

1570 5333 1817 5391 VARUE
1853 5332 2265 5392 LECTIONES.

292 5484 315 5521 ⁸
363 5482 501 5555 ὑπὲρ
577 5488 677 5551 τῆς
762 5481 939 5538 αὐτῶν
1019 5488 1111 5555 CL
1164 5554 1168 5555 ν
1225 5486 1248 5522 ⁸
1306 5481 1509 5552 δανίζει
1584 5488 1649 5555 Ο.

216 5556 350 5615 vult
424 5553 840 5623 κατασταθῆναι.
952 5556 974 5592 ⁹
1026 5553 1175 5611 ἀλλά
1229 5558 1301 5613 Ο.

1795 5486 1817 5557 '_’
1876 5485 1953 5557 μή
2039 5502 2154 5541 non
2238 5482 2509 5557 omittere
2576 5482 2837 5557 debebat
2885 5484 2926 5557 VS
2967 5498 3057 5557 _c.,
3111 5480 3195 5557 C_l.

1420 5551 1465 5595 ιδ
1515 5554 1642 5634 τοὺς
1701 5551 2089 5634 ἀδελφούς

220 5631 268 5667 ³³
304 5633 393 5700 Ita
423 5627 469 5683 D
501 5627 861 5700 approbante
890 5626 972 5695 0;
1004 5625 1150 5699 αὖτῷ
1205 5632 1263 5700 C,
1297 5627 1393 5699 qui
1451 5628 1601 5699 conj.
1664 5624 1859 5700 αὐτόνῖ
1926 5629 1973 5666 ¹⁶
2003 5629 2087 5683 Ita
2139 5627 2195 5691 S,
2253 5624 2375 5700 ἄπει

3306 5480 3328 5517 ⁸
3393 5483 3480 5553 D_
3520 5478 3634 5553 legi

2740 5554 2914 5628 “foli
2967 5552 3066 5628 Χρ.
3118 5550 3206 5628 εἷς-
3241 5552 3332 5607 τὸν
3349 5549 3511 5628 ΑΘεόν
3554 5549 3631 5628 ΑΕ.

2206 5559 2247 5592 υ
2310 5560 2383 5607 Κυ
2427 5551 2507 5607 ίου
2565 5554 2625 5611 C.

2253 5572 2445 5677 «iungi
2504 5628 2562 5677 C-
2622 5638 2625 5667 ε

2410 5627 2445 5697 ῇ
2504 5628 2563 5697 C,
2622 5625 2683 5697 Ο.
2766 5624 2810 5697 ¹Α⁸
2866 5618 3311 5697 οἰκοδομημένην
3339 5623 3400 5696 C,
3433 5618 3636 5695 ᾠκοδο-

224 5670 1393 5775 μηῇῖνςνῖέν·ῖίξῖνῖςξαῑξςτιτνιεοιῐ·
1413 5670 1868 5775 massas;
1915 5670 2445 5773 .egézugi'uﬁaa'
2466 5670 2597 5753 νιςι.
2623 5670 2715 5751 ξδν
2772 5692 2829 5751 δ.
2872 5670 3630 5770 26,13232.';é4"e1b55éié.

224 5768 272 5809 ί⁸
297 5768 658 5848 ’προσενέγκω
689 5768 754 5827 οξ
827 5771 875 5809 ¹⁹
901 5772 999 5825 τοῦ
1026 5771 1090 5829 C.
