4112 6344
530 424 646 486 159

1353 426 1420 488 S.
1466 426 1911 489 CLEMENTIS
1955 427 1980 488 Ι
2025 427 2218 488 ROM.
2263 426 2495 487 PONT.
2542 425 2806 487 OPERA
2849 423 3116 487 DUBIA.

3823 421 3943 484 160

530 573 746 612 nautea
776 557 1110 630 filiam,quae
1143 557 1548 614 lubentissime
1579 576 1685 614 nos
1719 559 2158 630 suscepit;atqut

2289 554 2512 630 θυγατρὶ
2541 561 2639 624 τῆς
2670 551 3018 616 Χανανίτιδος
3049 555 3092 590 ⁵ο
3121 551 3380 622 ’ῐούστης·
3415 551 3537 621 ἥτις
3574 550 3938 625 ἀσμενέστατα

531 645 718 702 multo
749 663 887 717 erga
919 663 1009 701 me
1040 646 1257 702 honore
1285 653 1341 702 et
1388 648 1694 703 dilectione
1723 664 1859 720 erga
1897 647 2171 719 Aquilam

532 739 590 790 et
622 735 881 790 Nicetam
935 741 1300 804 concertans,
1348 741 1410 791 ut
1442 737 1747 792 familiaris
1796 739 2059 809 gaudens
2106 753 2172 791 ac

531 824 850 891 conﬁdens,
897 841 1111 896 magna
1141 841 1246 880 nos
1298 825 1660 880 humanitate
1708 829 2015 896 prosecuta
2061 829 2169 890 est,

526 929 751 982 nosque
783 912 851 965 ad
884 928 1095 983 corpus
1127 914 1453 967 curandum
1487 914 1728 968 comiter
1756 913 2036 968 incitavit.
2073 914 2168 968 In-

519 1000 702 1058 tuitus
750 1017 909 1072 ergo,
942 1002 1094 1072 quod
1130 1001 1465 1056 hortaretur
1497 1007 1558 1056 ut
1591 1004 1912 1057 faceremus
1969 1003 2168 1057 breves

514 1089 804 1156 inducias,
842 1082 1041 1154 Recte,
1067 1090 1333 1160 inquam,
1371 1090 1517 1160 agis,
1553 1091 1690 1144 dum
1725 1090 2025 1145 charitatis
2057 1091 2165 1145 im-

514 1178 672 1251 plere
705 1179 907 1233 munia
941 1179 1204 1235 festinas.
1239 1182 1312 1234 At
1340 1179 1448 1250 ipsi
1484 1180 1738 1250 praeferri
1771 1179 1939 1235 debet
1991 1179 2167 1235 timor

511 1283 649 1340 erga
682 1273 859 1323 Deum
895 1274 1160 1326 nostrum
1189 1285 1478 1336 ;veremur
1509 1269 1796 1340 enim,qui
1826 1286 1928 1342 pro
1961 1269 2164 1324 multis

510 1356 824 1412 animabus
855 1357 1288 1427 contendimus,
1324 1358 1743 1414 recreationem
1781 1363 2045 1414 nostram
2069 1376 2166 1414 an-

510 1449 783 1516 teponere
813 1462 1013 1499 earum
1049 1444 1245 1500 saluti.

588 1536 656 1588 Il.
690 1533 978 1588 Audimus
1006 1535 1161 1589 enim
1195 1536 1349 1606 quod
1379 1536 1579 1591 Simon
1616 1537 1842 1608 Magus,
1876 1536 1932 1590 in
1967 1537 2164 1608 dispu-

509 1622 729 1678 tatione
784 1639 961 1694 quam
993 1639 1126 1678 cum
1180 1624 1417 1680 domino
1452 1631 1648 1680 nostro
1679 1626 1840 1681 Petro
1895 1628 2161 1680 Caesareae

511 1709 717 1766 habuit
748 1716 1077 1782 superatus,
1113 1712 1428 1784 statimque
1469 1714 1800 1786 aufugiens,
1834 1714 1928 1768 hic
1977 1713 2162 1768 multa

509 1805 804 1873 perpetrat
836 1800 1009 1854 mala.
1043 1802 1208 1871 Apud
1243 1819 1445 1857 omnes
1475 1803 1628 1857 enim
1661 1802 1772 1857 sibi
1826 1801 2026 1857 obvios
2060 1801 2158 1857 Pe-

512 1893 669 1944 trum
702 1889 848 1944 falso
879 1888 1270 1955 calumnians,
1305 1892 1624 1946 multorum
1660 1892 1878 1963 abripit
1908 1891 2157 1946 animas.

515 1978 660 2033 Nam
694 1995 824 2032 cum
877 1979 1002 2049 ipse
1033 1979 1108 2033 sit
1162 1996 1390 2052 magus,
1423 1997 1555 2034 eum
1593 1996 1830 2052 magum
1861 1978 2114 2051 appellat
2143 1997 2156 2036 :

514 2071 572 2123 et
603 2083 735 2121 cum
765 2067 840 2121 sit
870 2067 1172 2139 impostor,
1208 2071 1587 2139 impostorem
1620 2086 1753 2123 eum
1789 2068 2112 2140 proclamat
2139 2093 2153 2136 ;

512 2172 764 2227 cumque
821 2157 880 2210 in
913 2155 1306 2228 disputatione
1338 2174 1438 2228 per
1459 2158 1654 2213 omnia
1684 2158 1867 2212 victus
1916 2157 2158 2212 cesserit

511 2262 578 2302 ac
635 2246 865 2317 fugerit,
919 2246 1128 2301 vicisse
1177 2263 1238 2301 se
1298 2247 1658 2318 profitetur;
1711 2247 2158 2318 frequenterque

512 2334 776 2406 praecipit
807 2335 1041 2390 Petrum
1075 2353 1186 2392 non
1215 2353 1340 2392 esse
1387 2336 1770 2401 audiendum,
1802 2335 1970 2407 quasi
2001 2335 2153 2390 vide-

511 2421 649 2478 licet
678 2423 984 2491 sollicitus,
1016 2441 1086 2479 ne
1116 2442 1150 2480 a
1179 2424 1434 2496 pessimo
1465 2424 1790 2480 illudantur
1821 2440 2011 2496 mago.

587 2601 684 2656 IIl.
737 2601 864 2657 Haec
918 2603 1210 2676 accipiens
1244 2603 1518 2658 dominus
1549 2607 1745 2658 noster
1775 2606 1979 2658 Petrus
2011 2619 2153 2674 prae-

517 2689 682 2744 misit
713 2707 818 2745 nos
853 2691 1079 2747 futuros
1109 2693 1414 2748 verborum
1447 2691 1608 2748 illius
1638 2691 2057 2764 exploratores:
2092 2694 2183 2753 uL

513 2778 563 2834 si
596 2779 677 2832 ita
712 2779 936 2848 habeat,
968 2781 1093 2851 ipse
1126 2781 1517 2835 scribentibus
1551 2780 1718 2835 nobis
1749 2781 2075 2846 edoceatur,
2099 2782 2157 2834 et

512 2867 826 2922 adveniens
877 2874 1082 2940 arguat
1113 2870 1383 2924 eumdem
1433 2869 1701 2924 cominus
1732 2870 1801 2924 de
1841 2867 2154 2924 calumniis

510 2972 648 3026 erga
687 2973 768 3010 se.
802 2958 1043 3022 Quando
1094 2958 1272 3028 igitur
1322 2975 1422 3029 pro
1475 2958 1795 3012 multorum
1843 2958 2155 3012 animabus

517 3044 838 3116 periculum
873 3046 1041 3101 nobis
1087 3048 1332 3116 adjacet,
1364 3047 1514 3114 ideo,
1547 3047 1805 3118 corporis
1838 3047 2018 3101 nostri
2068 3063 2156 3101 re-

517 3133 765 3190 fectione
796 3136 865 3189 ad
917 3135 1087 3190 breve
1134 3141 1367 3207 tempus
1414 3135 1693 3208 neglecta,
1727 3140 1843 3190 ate
1890 3151 2018 3207 quae
2061 3135 2155 3190 hic

519 3222 680 3292 degis
711 3228 865 3278 certo
895 3225 1042 3280 scire
1071 3223 1361 3293 volumus,
1394 3242 1467 3279 an
1516 3242 1649 3279 vera
1675 3225 1793 3280 sint
1823 3241 1949 3295 quae
1987 3225 2153 3280 audi-

517 3311 709 3367 vimus
745 3314 1028 3384 :jamque
1060 3314 1228 3369 nobis
1259 3314 1491 3386 singula
1519 3314 1796 3369 edissere.

587 3487 678 3543 ιν.
716 3489 980 3546 Berenice
1023 3508 1155 3547 vero
1187 3501 1384 3563 rogata
1414 3508 1426 3546 :
1456 3492 1583 3547 Haec
1630 3492 1887 3562 quidem,
1940 3491 2152 3563 inquit,

513 3593 580 3632 eo
613 3578 783 3632 modo
831 3595 891 3634 se
932 3580 1163 3651 habent,
1213 3598 1328 3652 quo
1378 3581 1730 3637 audivistis:
1765 3586 1969 3636 caetera
2017 3597 2150 3636 vero

512 3667 777 3735 ejusdem
826 3668 1103 3738 Simonis,
1157 3686 1282 3740 qua
1339 3673 1482 3724 forte
1531 3669 1832 3741 ignoratis,
1887 3670 2081 3725 audite
2135 3685 2149 3724 :

517 3753 932 3826 phantasmata
952 3758 1107 3811 enim
1140 3763 1195 3812 et
1225 3763 1529 3829 spectraac
1544 3758 1932 3813 simulacrain
1962 3759 2152 3814 medio

514 3843 637 3898 foro
672 3846 930 3915 quotidie
960 3847 1273 3902 ostendens
1307 3853 1488 3902 totam
1520 3847 1908 3919 obstupefecit
1954 3848 2151 3904 civita-

513 3935 631 3986 tem
670 3949 682 3987 :
716 3939 771 3988 et
797 3935 1142 4006 procedente
1171 3951 1237 3990 eo
1268 3940 1474 3990 statua
1507 3941 1829 4006 moventur,
1864 3953 1928 3990 ac
1958 3935 2152 3991 multa:

518 4021 740 4076 umbrae
770 4028 1050 4094 praaeunt,
1083 4040 1228 4094 quas
1260 4024 1418 4095 ipsas
1463 4023 1601 4078 dicit
1629 4041 1756 4079 esse
1805 4025 2033 4080 animas
2063 4025 2155 4080 de-

512 4109 1090 4167 functorum.Multos
1122 4118 1340 4181 autem,
1376 4113 1473 4184 qui
1506 4129 1637 4167 eum
1675 4113 2152 4185 prastigiatorem

515 4199 852 4254 nitebantur
897 4202 1218 4269 ostendere,
1253 4217 1386 4257 cum
1436 4201 1547 4257 sibi
1589 4202 1974 4272 conciliasset,
2026 4208 2152 4258 tum

512 4291 734 4358 postea,
786 4293 1064 4358 praetextu
1107 4291 1370 4358 convivii,
1398 4295 1650 4346 mactato
1698 4291 1840 4346 bove
1892 4291 2155 4364 ipsisque

511 4373 572 4429 in
603 4391 793 4431 escam
825 4377 981 4448 dato,
1031 4379 1206 4434 variis
1255 4379 1548 4450 implicuit
1579 4381 1820 4449 morbis,
1873 4381 2154 4437 daemoni-

2284 645 2431 715 ἡμᾶς
2463 641 2777 714 ἀπεδέξατο,
2799 642 2887 697 καὶ
2919 641 3107 716 πολλῇ
3145 642 3240 714 μὲν
3271 640 3339 715 τῇ
3370 643 3506 710 πρὸς
3535 641 3601 713 μὶ
3618 644 3756 714 τιμῇ
3790 642 3933 716 ἀγω-

2279 737 2469 803 νιῶσα,
2500 735 2702 806 στοργῇ
2737 729 2795 786 δὲ
2823 735 2891 804 τῇ
2913 731 3048 803 πρὸς
3079 728 3308 784 Ἀκύλαν
3332 729 3420 784 καὶ
3453 728 3815 800 Νικήτην,διά
3835 749 3937 805 χα-

2281 820 2374 895 ρὰν
2424 821 2498 882 ὡς
2551 823 2788 891 συνήθης
2834 818 3308 895 παρρησιαζομένη
3359 818 3789 896 ἐφιλοφρονεῖτο,
3841 818 3932 873 καὶ

2278 909 2414 982 πρὸς
2444 910 2542 977 τὴν
2591 913 2688 963 τοῦ
2733 909 2987 980 σώματος
3033 906 3314 984 θεραπείαν
3365 911 3512 979 ἡμᾶς
3542 904 3800 969 δεκτικῶς
3832 929 3930 961 κα-

2275 998 2555 1072 τήπειγεν.
2593 996 2829 1052 Συνιδὼν
2881 994 2971 1050 οὖν
3022 995 3103 1050 ὅτι
3160 997 3417 1072 βραχεῖαν
3467 996 3600 1068 ἡμῖν
3645 996 3927 1072 ὑπέρθεσιν

2276 1088 2542 1140 ποιεῖσθαι
2577 1086 2882 1162 ἐπέτρεπεν,
2919 1085 3094 1161 ὀρθῶς
3132 1085 3249 1158 μὶν,
3275 1083 3428 1162 ἔφην,
3449 1089 3647 1156 ποιεῖς,
3672 1083 3930 1139 ἐπισπεύ-

2276 1173 2440 1230 δουσα
2485 1177 2552 1230 τά
2595 1183 2698 1245 τῆς
2753 1175 2966 1250 ἀγάπης
3016 1173 3418 1250 ἀποπληρῶσαι
3449 1177 3492 1212 δί
3530 1173 3691 1246 μέρη.
3725 1180 3933 1248 Προτι-

2277 1265 2478 1338 μητέος
2511 1261 2568 1320 δὲ
2596 1264 2798 1336 ταύτης
2830 1266 2858 1319 ὁ
2890 1264 3025 1338 πρὸς
3052 1265 3143 1318 τὸν
3174 1264 3301 1319 Θεὸν
3350 1266 3511 1336 ἡμῶν
3553 1257 3742 1340 φόϐος
3778 1259 3934 1317 δέδι-

2276 1374 2371 1426 μεν
2405 1356 2450 1390 ⁸²
2480 1355 2584 1429 γάρ
2618 1353 2749 1429 ὑπὲρ
2781 1351 3010 1408 πολλῶν
3039 1355 3232 1427 ψυχῶν
3254 1353 3344 1407 τὸν
3380 1352 3559 1427 ἀγῶνα
3590 1348 3808 1426 ἔχοντες
3829 1358 3932 1421 τῆς

2273 1442 2490 1498 ἐκείνων
2525 1442 2798 1518 σωτηρίας
2848 1446 3120 1516 προτιμᾷν
3165 1443 3264 1511 τήν
3307 1439 3576 1516 ἡμετέραν
3607 1441 3926 1496 ἀνάπαυσιν.

2342 1531 2819 1604 ΙΙ.Ηυνθανόμεθα
2861 1533 2905 1567 ³³
2955 1531 3056 1608 γὰρ
3105 1529 3188 1585 ὅτι
3240 1530 3427 1603 Σίμων
3478 1537 3506 1583 ὸ
3556 1528 3782 1605 Μάγος,
3835 1528 3927 1585 ἐπὶ

2268 1627 2369 1688 τῆς
2402 1619 2452 1674 ἐν
2487 1620 2774 1694 Καισαρείᾳ
2821 1619 2956 1694 πρὸς
3001 1619 3093 1674 τὸν
3137 1617 3323 1695 κύριον
3372 1620 3532 1691 ἡμῶν
3584 1618 3787 1694 Πέτρον
3823 1623 3928 1689 ζη-

2267 1711 2476 1779 τήσεως
2507 1708 2786 1781 ἡττηθεὶς,
2818 1715 3164 1784 παραχρῆμα
3209 1705 3448 1783 ἀποδρὰς
3489 1707 3708 1762 ἐνταῦθα
3735 1704 3928 1762 πολλά

2269 1798 2407 1852 κακά
2463 1796 2841 1872 διαπράσσεται
2898 1799 2945 1833 ⁵⁸
2977 1842 2990 1854 .
3055 1803 3189 1851 Πᾶσι
3245 1796 3348 1871 γὰρ
3404 1801 3522 1858 τοῖς
3581 1795 3924 1858 ὑπεναντίοις

2269 1888 2413 1963 παρὰ
2458 1888 2557 1956 τὴν
2628 1885 2886 1957 ἀλήθειαν
2938 1883 3206 1959 λοιδορῶν
3264 1885 3356 1939 τὸν
3406 1885 3607 1960 Πέτρον
3663 1885 3756 1947 τάς
3811 1889 3922 1939 τῶν

2269 1975 2495 2032 πολλῶν
2546 1973 2865 2052 συναρπάζει
2915 1975 3115 2051 ψυχάς.
3168 1973 3350 2050 Μάγος
3401 1995 3457 2029 τε
3504 1977 3548 2011 ⁵⁸
3601 1973 3704 2050 γὰρ
3761 1972 3928 2036 αὐτὸς

2270 2062 2362 2135 ὢν,
2420 2067 2591 2140 μάγον
2642 2064 2842 2119 ἐκεῖνον
2893 2062 3182 2132 ἀποκαλεῖ,
3232 2063 3320 2118 καὶ
3374 2062 3578 2125 πλάνος
3631 2061 3788 2123 αὐτὸς
3823 2059 3926 2132 ὢν,

2266 2154 2471 2210 πλάνον
2517 2153 2718 2209 ἐκεῖνον
2769 2153 3159 2230 ἀποκηρύσσει,
3208 2153 3295 2207 καὶ
3355 2151 3407 2206 ἐν
3455 2157 3575 2214 ταῖς
3636 2153 3928 2225 ζητήσεσιν

2268 2243 2355 2299 ἐπὶ
2413 2245 2623 2298 πάντων
2679 2243 2742 2298 τὸ
2819 2246 2980 2312 ἦττον
3067 2241 3498 2318 ἀπενεγκάμενος
3571 2239 3661 2295 καὶ
3734 2241 3923 2318 φυγὼν

2266 2333 2426 2395 αὐτὸς
2457 2334 2644 2410 φάσκει
2673 2332 3009 2403 νενικηκέναι
3042 2334 3108 2401 ⁵⁸,
3138 2331 3227 2386 καὶ
3260 2335 3356 2386 τοῦ
3417 2332 3622 2406 Πέτρου
3674 2330 3749 2403 μὴ
3805 2326 3919 2385 δεῖν

2265 2421 2477 2477 ἀκούειν
2517 2420 2843 2497 πυκνότερον
2888 2418 3215 2493 ἐντέλλεται,
3249 2420 3323 2482 ὡς
3375 2419 3532 2489 δῆθεν
3582 2415 3918 2492 κηδόμενος,

2258 2509 2350 2565 ’ίνα
2384 2512 2459 2584 μὴ
2495 2511 2596 2566 ὑπὸ
2628 2507 2808 2566 δεινοῦ
2839 2513 3311 2586 καταγοητευθῶσι
3347 2509 3540 2585 μάγου.

2336 2606 2435 2656 III.
2467 2604 2640 2654 Ταῦτα
2672 2597 2762 2653 οὖν
2812 2599 2993 2672 μαθὼν
3027 2599 3054 2653 ὁ
3084 2597 3269 2673 κύριος
3313 2599 3474 2670 ἡμῶν
3523 2597 3723 2672 Πέτρος
3770 2616 3912 2672 προ-

2265 2687 2574 2745 ἀπέστειλεν
2601 2691 2750 2760 ἡμᾶς
2783 2692 2926 2746 121
2967 2687 3244 2760 ἐξεταστὰς
3271 2691 3378 2742 τῶν
3423 2685 3728 2762 λεχθέντων
3759 2686 3912 2758 αὐτῷ

2265 2779 2573 2852 ἐσομένους·
2600 2776 2693 2832 ’ίνα
2724 2777 2769 2832 εί
2798 2777 2969 2839 οὕτως
3002 2774 3146 2852 ἔχοι,
3177 2775 3493 2853 γραψάντων
3541 2778 3699 2849 ἡμῶν
3746 2774 3912 2836 αὐτὸς

2268 2868 2427 2942 μάθοι
2457 2871 2520 2936 ⁸⁷,
2553 2867 2642 2922 καὶ
2675 2864 2916 2930 ἐπελθὼν
2951 2865 3198 2941 ἐξελέγξῃ
3229 2864 3387 2920 αὐτόν
3421 2864 3625 2920 ἐκεῖνον
3666 2862 3915 2940 ἄντικρυς

2265 2958 2345 3034 ἐφ’
2367 2958 2439 3011 ὧν
2473 2955 2628 3011 αὐτὸν
2664 2951 3136 3011 διέϐαλλεν.Ἐπεὶ
3171 2953 3260 3008 οὖν
3297 2954 3428 3030 ὑπὲρ
3459 2951 3683 3008 πολλῶν
3717 2955 3914 3028 ψυχῶν

2265 3043 2567 3108 ὁκίνδυνος
2623 3047 2760 3118 ἡμῖν
2819 3044 3122 3119 πρόκειται,
3171 3043 3367 3098 τούτου
3424 3038 3624 3115 ἕνεκεν,
3653 3048 3752 3112 τῆς
3815 3045 3915 3096 τοῦ

2264 3137 2516 3208 σώματος
2547 3137 2706 3207 ἡμῶν
2737 3132 3081 3194 ἀναπαύσεως
3113 3133 3248 3208 πρὸς
3284 3131 3464 3208 βραχὺ
3511 3129 3907 3204 ἀμελήσαντες,

2264 3227 2409 3300 παρά
2437 3228 2533 3278 σοῦ
2561 3231 2658 3293 τῆς
2707 3222 2932 3277 ἐνταῦθα
2976 3219 3342 3295 διαιτωμένης
3402 3219 3715 3296 βουλόμεθα
3755 3220 3917 3294 ἀψευ-

2184 3303 2226 3370 C
2267 3311 2372 3375 δῶς
2420 3316 2624 3386 μαθεῖν,
2657 3312 2702 3366 εἰ
2734 3313 2868 3388 ἅπερ
2918 3309 3226 3383 ἠκούσαμεν
3283 3308 3461 3380 ἀληθῆ
3511 3310 3786 3385 τυγχάνει·
3821 3308 3915 3363 καὶ

2263 3404 2446 3477 λέγοις
2478 3402 2535 3456 ἃν
2567 3398 2676 3472 ἤδη
2710 3403 2845 3473 ἡμῖν
2877 3399 3091 3457 ἕκαστα.

2333 3494 2424 3547 IV.
2458 3492 2521 3546 Ἣ
2554 3490 2778 3566 Βερνίκη
2834 3487 2889 3544 δὲ
2938 3490 3222 3562 ἀξιωθεῖσα
3250 3491 3312 3526 ⁵⁸⁸
3345 3493 3518 3543 Ταῦτα
3570 3487 3662 3562 μὶν
3713 3486 3915 3557 οὕτως,

2261 3577 2386 3658 ἔφη,
2438 3577 2553 3655 ἔχει
2613 3579 2687 3640 ὡς
2737 3577 3022 3648 ἠκούσατε,
3074 3579 3141 3632 τά
3191 3575 3249 3632 δὲ
3296 3575 3440 3632 ἄλλα
3481 3577 3548 3631 τά
3593 3577 3708 3630 κατ’
3749 3574 3912 3630 αὐτὸν

2259 3671 2348 3725 τὸν
2414 3668 2659 3742 Σίμωνα,
2696 3666 2831 3743 ἃπερ
2892 3665 3020 3730 ἴσως
3072 3667 3337 3742 ἀγνοεῖτε,
3380 3665 3659 3721 ἀκούσατε·
3710 3666 3915 3743 φαντά-

2262 3757 2438 3831 σματά
2466 3779 2524 3812 τε
2553 3758 2657 3834 γάρ
2687 3756 2776 3812 καὶ
2811 3753 3116 3828 ἰνδάλματα
3158 3755 3207 3811 ἐν
3239 3754 3397 3830 ,μέσῃ
3445 3754 3512 3829 τῇ
3567 3756 3741 3830 ἀγορᾷ
3785 3754 3916 3832 φαίο

2259 3849 2439 3903 νεσθαι
2489 3851 2661 3901 ποιῶν
2713 3843 2779 3900 δι’
2831 3845 3041 3920 ἡμέρας
3101 3850 3270 3900 πᾶσαν
3323 3843 3613 3914 ἐκπλήττει
3662 3845 3760 3914 τὴν
3810 3841 3917 3898 πό-

2262 3936 2346 3992 λιν
2409 3937 2542 4009 (81),
2572 3935 2661 3988 καὶ
2717 3933 3006 4007 προϊόντος
3057 3932 3222 3988 αὐτοῦ
3267 3930 3574 4008 ἀνδριάντες
3617 3936 3918 3999 κινοῦνται,

2262 4025 2351 4081 καὶ
2381 4024 2522 4079 σκιαῖ
2571 4021 2777 4078 πολλαὶ
2824 4026 3223 4098 προηγοῦνται,
3257 4021 3424 4097 ἅσπερ
3470 4021 3629 4083 αὐτὸς
3661 4023 3704 4057 ⁶⁹
3732 4021 3918 4096 ψυχάς

2260 4119 2368 4170 τῶν
2399 4112 2735 4181 τεθνηκότων
2783 4112 2918 4167 ε’ίναι
2970 4109 3121 4186 λέγει
3175 4113 3303 4184 (82).
3339 4109 3592 4173 Πολλοὺς
3642 4107 3698 4165 δὲ
3743 4109 3923 4186 γόητα

2263 4203 2422 4258 αὐτὸν
2473 4201 2720 4276 ἐλέγχειν
2774 4199 3147 4272 πειρωμένους
3195 4196 3490 4269 διαλλάξας
3539 4199 3673 4280 πρὸς
3703 4198 3918 4267 ἑαυτὸν,

2265 4289 2428 4348 ἔπειθ’
2473 4289 2693 4366 ὕστερον
2725 4293 2769 4326 ⁸ο
2808 4288 3074 4367 προφάσει
3127 4287 3387 4364 εὐωχίας,
3442 4281 3775 4362 βοῦνθύσας
3826 4287 3922 4342 καὶ

2265 4379 2510 4440 ἑστιάσας
2569 4377 2787 4450 αὐτοὺς,
2849 4375 3128 4452 διαφόροις
3204 4376 3387 4439 νόσοις
3454 4370 3770 4450 περιέϐαλεν
3821 4375 3917 4430 καὶ

1867 4581 2107 4638 VARle
2148 4582 2567 4640 LECTIONES.

582 4733 626 4768 ⁸ο
655 4729 999 4807 Χανανίτιδος
1031 4737 1087 4788 C.
1165 4735 1205 4769 ⁸¹
1237 4731 1594 4807 ἀποπληροῦν
1625 4734 1684 4789 C.
1761 4734 1805 4807 δέ
1836 4735 1922 4807 Ita
1950 4734 2372 4807 Sisuﬂ‘ragante
2404 4732 2469 4807 O_,
2503 4732 2574 4807 in_
2595 4731 2711 4804 cuj.
2735 4749 2933 4807 .marg.
2969 4747 3081 4787 sec.
3131 4748 3288 4807 man.
3342 4731 3598 4807 nota_v_it__
3619 4726 3748 4807 ἴσως
3805 4727 3913 4789 δεῖ.

509 4805 678 4876 Apud
709 4809 749 4859 Ο
795 4800 1061 4876 δέδειμεν.
1138 4807 1181 4840 ⁵⁸
1215 4807 1297 4862 Its.
1354 4807 1398 4861 Ο
1453 4800 1503 4861 ὁ.
1564 4807 1622 4861 S.
1669 4805 2057 4876 πυνθανώμεθα
2103 4809 2161 4861 C.
2200 4800 2285 4839 ’Μ’
2330 4804 2467 4857 κακά
2501 4801 2588 4877 -τά
2642 4800 2929 4877 πράσσεται
3063 4804 3319 4877 Subinde
3421 4819 3436 4858 :
3467 4803 3665 4877 Malim
3691 4805 3757 4877 ιη
3784 4820 3913 4859 0m-

510 4871 678 4932 nibus
721 4879 870 4932 enim
914 4871 1226 4933 contrariis.
1305 4877 1348 4912 ⁵⁵
1392 4897 1451 4930 τε
1499 4877 1720 4932 inserui
1770 4894 1820 4932 ο.
1871 4871 1934 4933 0.
1971 4878 2128 4933 Idem
2159 4892 2275 4932 om.
2311 4878 2456 4931 Vbb.
2490 4871 2776 4942 ἀποκαλεῖ,
2807 4874 2897 4929 καὶ
2925 4872 3130 4936 πλάνος
3160 4873 3321 4936 αὐτὸς
3349 4871 3421 4928 ὢν
3455 4873 3659 4929 πλάνον
3687 4871 3914 4933 ἐκεῖνον.

510 4948 554 5021 ff
605 4947 962 5021 vsvncévaup.
1041 4950 1082 4983 ⁵⁷
1143 4948 1285 5021 μάθῃ
1340 4952 1398 5021 Q.
1451 4949 1600 5021 Tum
1659 4946 1875 5002 ἐκείνων
1931 4953 2022 5021 0.,
2069 4949 2111 4983 ⁸⁸
2163 4945 2389 5021 Δἆιξιωθεῖ
2444 4951 2531 5021 O._
2570 4946 2728 5002 Idem
2782 4963 2898 5003 om.
2950 4948 3194 5021 conject.
3228 4942 3914 5021 Ci._é'xai,‘in_cuj.texlu

509 5016 681 5149 ἔχειν,
758 5021 804 5056 ⁸ο
831 5018 990 5080 αὐτός
1019 5021 1057 5076 S
1087 5016 1154 5075 ex'
1187 5016 1486 5111 cod.,Reg.
1519 5020 1624 5075 804
1655 5025 1712 5076 et
1738 5021 1881 5093 Epit.
1915 5035 1964 5075 c.
2000 5020 2087 5087 45,
2121 5016 2283 5080 αὐτάς
2313 5023 2372 5087 C,
2405 5022 2464 5074 Ο.
2497 5017 2667 5074 Deest
2696 5034 2804 5074 vox
2848 5019 3003 5091 apud
3051 5016 3453 5088 Anastasiutn,
3485 5017 3808 5074 Cedrenum
3854 5024 3919 5076 et

563 5091 926 5149 lceDhorum.
1001 5093 1047 5128 ⁶⁰
1076 5090 1261 5146 ἑαυτὸν
1295 5092 1608 5149 ευθυστερον
1641 5092 1700 5149 C.

563 5109 580 5147 l

586 5091 926 5165 cephorum.
1001 5093 1047 5128 ⁶⁰
1076 5090 1261 5146 ἑαυτὸν
1295 5089 1608 5167 εὐθύᾶτερον
1641 5092 1700 5149 C.

1887 5240 2264 5300 VARIORUM
2302 5240 2534 5299 NOTAE.

606 5393 698 5467 81)
727 5394 1059 5467 Excerpunt
1086 5395 1207 5451 haec
1223 5393 1566 5451 Anastasius
1597 5392 1840 5467 Sinaita,
1863 5393 2155 5467 Cedrenus

509 5470 567 5548 et
595 5466 1437 5548 Ni_cephorus.Quorum__loc,_os_
1456 5466 1728 5548 apposuit
1747 5471 1802 5521 et
1825 5466 2157 5548 discrepan-

509 5537 987 5612 tiamﬂorationis
1034 5539 1285 5594 enotavit
1347 5537 1818 5595 Schlie’mannus.
1874 5537 2039 5592 Clem.
2091 5554 2148 5608 p.

507 5610 604 5665 341
665 5610 721 5664 S.
760 5611 1022 5665 BLESSEL.

573 5683 686 5811 (8'22
718 5683 921 5756 Ἀσπερ
998 5678 1157 5741 αὑτάς
1234 5677 1413 5754 ψυχὰς
1479 5683 1585 5732 τῶν
1666 5677 2004 5749 τεθνηκότων
2073 5676 2148 5731 εἶ-

573 5775 585 5808 ι
618 5752 651 5810 λ
681 5774 783 5811 γει.
819 5753 1173 5810 Memoratus
1206 5753 1402 5809 codex.
1440 5744 1622 5811 αὐτός.
1651 5755 1716 5809 ut
1768 5751 1832 5810 in
1878 5751 2148 5811 Bm‘tome.

497 5744 590 5810 ναί
618 5744 783 5831 λέγει.
819 5744 1173 5810 Mémoratus
1206 5744 1402 5809 codiix.
1440 5744 1622 5823 αὐτός,
1651 5755 1716 5809 ut
1768 5744 1832 5810 in
1878 5751 2148 5824 Bpitome.

2263 5391 2532 5460 Videndi,
2564 5390 3295 5475 AnastasiuAsLCedrenus,
3349 5390 3712 5475 Nicephorus
3745 5408 3759 5475 ξ
3788 5393 3916 5475 pri-

2265 5481 2396 5520 mus
2428 5468 2635 5536 quaest.
2667 5465 2758 5529 20,
2792 5481 2846 5536 p.
2873 5464 3019 5531 242;
3051 5463 3348 5536 secundus
3394 5463 3709 5536 ϐοήιρσηάίι
3738 5463 3917 5521 histo-

2261 5537 2366 5592 rici
2395 5534 2460 5608 p.
2506 5537 2627 5608 173,
2667 5534 2870 5608 tertius
2917 5537 3052 5608 Hist.
3085 5534 3213 5608 sccl.
3264 5534 3368 5608 lib,
3418 5552 3481 5600 ιι,
3512 5534 3639 5608 cap.
3680 5536 3779 5608 ‘27.
3831 5538 3915 5608 Ae

2260 5604 2412 5663 forte
2437 5607 2496 5661 in
2543 5607 2669 5663 loco
2711 5607 2950 5663 Gedreni
2974 5606 3188 5663 rectius
3237 5605 3526 5662 scribetur
3554 5604 3690 5663 ε’καί
3732 5605 3915 5662 ἑστιά-

2260 5698 2354 5739 σας
2386 5676 2600 5755 αὐτοὺς,
2635 5675 2913 5755 διαφόροις
2943 5677 3033 5732 καὶ
3065 5673 3336 5739 δυσιάτοις
3367 5675 3544 5740 νόσοις
3574 5674 3665 5733 καί
3707 5673 3910 5752 δαίμο-

2260 5767 2344 5805 σιν
2381 5743 2636 5807 ὑπέϐαλε.
2668 5743 2798 5808 Οότ.
