4112 6344
185 379 213 436 I
228 376 304 434 61
1337 372 1865 436 CLEMENTINA.

1996 375 2326 437 HOMILIA
2369 378 2476 440 IV.
3490 385 3605 444 162

187 504 454 580 δαίμοσιν
510 500 801 563 ὑπέϐαλεν·
834 504 926 560 καὶ
969 502 1058 561 ’ίνα
1089 507 1164 580 μὴ
1195 504 1382 562 πολλὰ
1410 506 1579 583 λέγω,
1610 504 1856 569 πολλοὺς

1975 509 2196 581 busque
2227 512 2476 582 subjecit
2523 532 2536 569 :
2588 531 2651 569 ac
2701 530 2773 570 ne
2823 514 2987 586 plura
3035 514 3345 587 proloquar
3389 516 3605 573 multos

177 599 438 659 κακώσας
494 598 613 661 θεὸς
668 595 798 650 εἶναι
858 593 1214 673 ὑποληφθεὶς,
1245 598 1381 674 πρὸς
1431 601 1509 669 τῷ
1538 600 1580 635 οι
1614 591 1845 675 φοϐερὸν

1975 598 2268 672 ifﬂigendo
2300 602 2445 657 deus
2473 619 2602 659 esse
2632 605 2905 671 creditur,
2930 609 3007 668 et,
3038 610 3422 676 praeterquam
3446 608 3602 678 quod

180 686 318 741 εἶναι
352 686 451 740 καὶ
485 684 904 759 προτετίμηται.

1975 688 2349 746 r'ormidabilis
2381 696 2489 761 est,
2523 692 2697 747 etiam
2730 692 2949 748 honore
2982 694 3254 748 afficitur.

251 781 326 830 ν.
360 776 523 829 ’Όθεν
590 774 688 829 οὐκ
771 771 965 846 οἷόμαι
1019 770 1340 844 δυνήσεσθαί
1421 795 1541 830 τινα
1592 778 1849 829 τοσοῦτον

2031 777 2098 833 ν.
2134 778 2413 842 Quocirca
2443 798 2556 837 non
2589 785 2731 852 puto
2763 799 2796 837 a
2827 798 3126 853 quoquam
3158 783 3352 854 ignem
3373 787 3604 840 tantum

184 865 418 943 ἀναφθὲν
455 868 564 940 πῦρ
597 858 801 919 σϐέσαι.
838 860 975 917 Οὐδὲ
1013 863 1113 939 γὰρ
1165 861 1427 934 ἐνδοιάζει
1472 886 1557 926 τις
1606 864 1726 937 περὶ
1777 866 1849 918 ὧν

1975 882 2274 921 accensum
2308 885 2480 940 posse
2511 868 2825 941 exstingui.
2859 870 3038 925 Nemo
3080 870 3235 925 enim
3267 871 3326 925 in
3358 871 3605 927 dubium

183 952 393 1015 ἒκεῖνος
453 951 877 1029 ἐπαγγέλλεται,
910 951 1056 1009 ἀλλά
1101 957 1265 1009 τοῦτο
1307 953 1480 1016 οὕτως
1512 957 1666 1013 122
1710 952 1856 1029 ἔχειν

1975 960 2129 1010 vocat
2158 972 2283 1027 quae
2324 956 2419 1012 ille
2470 957 2794 1029 pollicetur,
2848 959 2947 1013 sed
2997 958 3214 1030 singuli
3260 960 3611 1016 confirmant

184 1036 604 1097 διαϐεϐαιοῦται
650 1038 900 1104 ἕκαστος.
935 1042 1030 1097 Διὸ
1071 1047 1167 1097 τοῦ
1214 1044 1288 1117 μὴ
1340 1040 1661 1098 κινδυνεύειν
1716 1042 1854 1115 ὑμᾶς

1975 1061 2089 1099 rem
2125 1044 2207 1099 ita
2236 1061 2298 1101 se
2328 1045 2757 1110 habere.0uare
2785 1064 2871 1117 ea,
2903 1048 3112 1118 gratia,
3148 1053 3213 1102 ut
3242 1065 3341 1105 vos
3369 1048 3426 1104 in
3464 1050 3613 1120 peri-

182 1133 352 1208 χάριν
384 1130 697 1207 παρακαλῶ
742 1128 911 1205 μηδὲν
958 1129 1280 1207 ἐγχειρῆσαι
1327 1130 1465 1209 πρὸς
1512 1132 1694 1201 αὐτὸν,
1727 1132 1851 1205 πρὶν

1975 1132 2166 1188 culum
2199 1151 2314 1190 non
2364 1135 2631 1203 veniatis,
2677 1135 2877 1191 hortor
2907 1152 2979 1191 ne
3026 1136 3349 1208 quidquam
3382 1138 3618 1195 tentetis

184 1219 242 1275 ἂν
290 1223 509 1295 Πέτρος
556 1217 708 1295 ἔλθῃ,
740 1220 799 1282 ’ὸς
852 1220 1015 1293 μόνος
1065 1217 1349 1291 δυνήσέται
1400 1223 1536 1298 πρὸς
1572 1224 1618 1259 ⁸³
1662 1218 1855 1276 τοσαύ-

1975 1222 2248 1279 adversus
2282 1240 2437 1294 eum,
2471 1228 2606 1280 ante
2638 1241 2814 1296 quam
2846 1224 3050 1280 Petrus
3079 1225 3319 1291 venerit,
3353 1242 3452 1297 qui
3484 1242 3619 1282 cum

178 1331 279 1380 την
334 1306 679 1378 δυναστείαν,
732 1307 831 1365 τοῦ
890 1308 1087 1386 Κυρίου
1161 1312 1323 1383 ἡμῶν
1384 1311 1565 1381 Ἰησοῦ
1623 1306 1857 1387 Χριστοῦ

1975 1312 2048 1366 sit
2077 1311 2306 1367 Domini
2340 1313 2526 1369 nostri
2552 1313 2693 1369 Jesu
2726 1313 2934 1370 Christi
2968 1313 3420 1385 probatissimus
3451 1314 3623 1371 disci-

186 1397 582 1472 δοκιμώτατος
674 1399 934 1475 ὑπάρχων
1029 1400 1297 1472 μαθητὴς,
1376 1397 1859 1475 ἀνταγωνίσασθαι.

1975 1399 2167 1472 pulus,
2194 1403 2405 1473 poterit
2428 1401 2591 1458 solus
2616 1407 2820 1457 contra
2850 1406 3073 1457 tantam
3098 1401 3415 1474 potentiam
3448 1402 3621 1458 dimi-

193 1493 473 1544 Τοσοῦτον
506 1490 612 1565 γάρ
642 1482 960 1566 πεφόϐημαι
990 1489 1081 1542 τὸν
1117 1486 1302 1565 ἄνδρα,
1328 1488 1421 1560 ὡς,
1457 1489 1501 1543 εί
1538 1490 1614 1561 μὴ
1647 1488 1735 1543 καὶ
1770 1487 1863 1543 ἄλ-

188 1576 320 1633 λοτε
350 1578 502 1651 πρὸς
531 1578 626 1632 τὸν
657 1577 845 1653 κύριόν
878 1598 982 1650 μου
1028 1576 1229 1652 Πέτρον
1264 1575 1575 1653 διαλεχθεὲς
1604 1578 1669 1632 τὸ
1697 1580 1858 1647 ἧττον

192 1667 570 1742 ἀπηνέγκατο,
600 1661 993 1721 συνεϐούλευσα
1024 1666 1083 1721 ἂν
1142 1667 1266 1740 ὑμῖν
1311 1667 1400 1722 καὶ
1449 1666 1608 1722 αὐτὸν
1657 1667 1859 1722 πείθειν

186 1756 277 1810 τὸν
323 1758 563 1832 Πέτρον,
598 1757 675 1829 μή
724 1761 1007 1829 πειρᾶσθαι
1060 1757 1597 1829 ἀντεξετάζεσθαιτῷ
1630 1756 1860 1830 Σίμωνι.

1972 1505 2121 1545 care.
2155 1490 2407 1546 Tantum
2452 1490 2669 1563 quippe
2718 1495 2912 1547 metuo
2953 1490 3109 1546 hunc
3163 1490 3485 1557 hominem,
3536 1495 3622 1563 ut,

1972 1578 2086 1633 nisi
2108 1579 2253 1634 alias
2271 1596 2402 1634 cum
2436 1580 2673 1635 domino
2697 1596 2825 1636 meo
2856 1584 3025 1635 Petro
3044 1580 3377 1651 disceptans
3407 1581 3621 1637 disces-

1972 1667 2146 1723 sisset
2194 1668 2454 1736 inferior,
2499 1668 2813 1724 consilium
2865 1668 3155 1725 dedissem
3212 1669 3395 1735 vobis,
3428 1669 3622 1739 ipsum

1971 1772 2204 1828 quoque
2237 1756 2470 1812 Petrum
2504 1758 2931 1831 persuaderetis
2964 1774 3035 1813 ne
3064 1774 3198 1813 cum
3231 1758 3468 1814 Simone
3498 1759 3620 1815 dis-

1894 1879 1941 1943 B
1973 1850 2178 1943 putare
2207 1845 2509 1901 niteretur.

258 1935 358 1993 VI.
393 1932 563 2009 Κάγὼ
592 1932 749 2011 ἔφην’
780 1934 839 1987 Ὀ
877 1932 1066 2009 κύριος
1120 1935 1280 2006 ἡμῶν
1334 1933 1534 2010 Πέτρος
1583 1933 1629 1989 εἰ
1676 1933 1861 2008 ἠγνόει

2044 1933 2139 1989 Vl.
2175 1936 2243 1989 Et
2284 1951 2388 2007 ego
2423 1936 2697 2007 respondi
2731 1953 2743 1991 :
2796 1935 2855 1992 Si
2887 1935 3163 1991 dominus
3195 1939 3390 1991 noster
3419 1936 3622 1993 Petrus

200 2022 286 2077 δτι
338 2022 509 2085 αὐτὸς
564 2017 729 2095 μόνος
795 2021 1080 2097 κατισχύει
1127 2029 1226 2091 τῆς
1276 2021 1480 2078 ἐκείνου
1538 2020 1862 2092 δυναστείας,

204 2111 306 2166 οὐκ
336 2112 403 2166 ἂν
439 2114 592 2184 ἡμᾶς
630 2110 971 2189 προπέμπων
1010 2109 1343 2184 ἐνετέλλετο,
1377 2110 1749 2176 λανθανόντως
1800 2113 1867 2167 τὰ

196 2202 340 2255 κατα
393 2200 628 2274 Σίμωνα
674 2197 1132 2274 διαμανθάνοντας
1180 2200 1326 2274 αύτῷ
1384 2200 1628 2279 γράφειν.
1676 2205 1865 2275 Ὅμως

191 2290 309 2345 ἐπεὶ
360 2288 570 2364 ἑσπέρα
614 2288 957 2367 κατειλήφει,
1009 2288 1156 2344 ἀλῶν
1214 2284 1608 2363 μεταλαϐόντες
1685 2290 1863 2345 ὑπνώ-

193 2400 388 2453 σαμεν.
464 2384 670 2443 Ἔωθεν
722 2375 780 2434 δέ
842 2399 926 2441 τις
986 2382 1054 2453 τῇ
1106 2377 1329 2454 Βερνίκῃ
1390 2380 1625 2450 συνήθης
1693 2379 1864 2435 ἐλθὼν

195 2466 447 2545 ἔφη,τὸν
480 2466 707 2540 Σίμωνα
738 2466 815 2529 είς
867 2468 965 2536 τὴν
1020 2464 1236 2522 Σιδῶνα
1292 2467 1729 2537 ὲκπεπλευκέναι,
1755 2472 1864 2523 τῶν
1908 2465 1917 2475 ’

198 2555 257 2612 δὲ
326 2557 505 2612 αὑτοῦ
573 2557 830 2629 μαθητῶν
902 2554 1353 2612 καταλελοιπέναι
1420 2556 1705 2614 Ἀππίωνα
1776 2558 1868 2613 τὸν

198 2644 607 2717 Πλειστονίιιην
676 2648 741 2717 ⁸³,
792 2642 959 2721 ἄνδρα
1036 2643 1409 2720 ’Δλεξανδρέα,
1488 2647 1868 2722 γραμματικὸν

195 2738 296 2803 τήν
345 2734 687 2807 ἐπιστήμην,
721 2734 780 2789 ’ὃν
832 2734 970 2810 πρὸς
1020 2734 1224 2811 πατρός
1277 2756 1369 2808 μοι
1427 2735 1586 2812 φίλον
1642 2731 1769 2791 ὅντα
1824 2738 1869 2773 ⁸⁸

200 2824 472 2899 ἐπέγνων,
537 2823 626 2877 καὶ
696 2818 1069 2880 Ἀννουὸιῶνα
1140 2824 1231 2879 τὸν
1309 2823 1671 2896 Διοσπολίτην
1748 2826 1869 2880 τινὰ

198 2911 568 2989 ἀστρολόγον,
599 2912 688 2966 καὶ
720 2910 1103 2987 Ἀθηνόδωρον
1140 2914 1231 2968 τὸν
1266 2915 1554 2985 Ἀθηναῖον
1602 2919 1679 2987 τῷ
1708 2917 1867 2971 Ἐπι-

206 3000 421 3077 κούρου
470 3003 517 3037 ⁸⁵
576 3000 931 3077 ἀρεσκόμενον
999 2999 1169 3078 λόγῳ,
1219 3004 1407 3077 Ἡμεῖς
1476 3000 1553 3075 δὲ,
1612 3006 1678 3058 τὰ
1733 3004 1869 3058 κατᾶ

203 3089 296 3144 τὸν
352 3088 584 3161 Σίμωνα
636 3089 913 3162 μαθόντες,
961 3086 1126 3154 ἕωθεν
1187 3092 1361 3146 πάντα
1427 3093 1727 3167 γράψαντες
1776 3092 1866 3147 καὶ

206 3179 408 3253 Πέτρῳ
466 3175 888 3251 διαπέμψαντες,
932 3177 1012 3240 εἷς
1078 3178 1373 3254 περίπατον
1426 3180 1860 3255 ἀπετραπόμεθα.

1974 2023 2273 2095 ignoraret
2304 2024 2456 2096 quod
2491 2024 2615 2097 ipse
2645 2024 2808 2081 solus
2833 2024 3114 2080 adversus
3145 2026 3274 2096 ejus
3304 2025 3624 2096 potentiam

1978 2112 2265 2183 praevalet,
2298 2130 2413 2168 non
2446 2118 2648 2186 utique
2678 2113 3088 2186 premittendo
3121 2130 3227 2169 nos
3260 2115 3621 2183 mandasset,

1976 2206 2041 2255 ut
2069 2200 2219 2256 clam
2277 2202 2535 2258 Simonis
2586 2208 2753 2274 gesta
2780 2202 3072 2259 discentes
3103 2202 3155 2259 ei
3204 2203 3619 2260 scriberemus.

1977 2290 2153 2346 Porro
2185 2308 2319 2346 cum
2355 2308 2467 2347 nox
2496 2292 2769 2359 venisset,
2795 2297 3033 2363 sumpto
3067 2291 3193 2347 cibo
3211 2292 3615 2349 dormivimus.

1976 2380 2143 2435 Mane
2201 2396 2333 2435 vero
2390 2380 2600 2452 aliquis
2667 2381 2971 2437 Berenices
3028 2380 3335 2437 familiaris
3381 2382 3621 2439 veniens

1977 2468 2140 2537 dixit,
2176 2469 2474 2525 Simonem
2506 2470 2563 2524 in
2596 2470 2875 2526 Sidonem
2907 2470 3232 2542 navigasse,
3265 2488 3333 2526 ex
3365 2471 3491 2527 suis
3521 2488 3625 2527 au-

1976 2562 2094 2613 tem
2136 2557 2442 2631 discipulis
2492 2558 2807 2631 reliquisse
2850 2558 3172 2631 Appionem
3226 2558 3619 2626 Plistonicem,

1974 2646 2163 2702 virum
2178 2646 2636 2703 Alexandrinum
2650 2653 2790 2709 ,arte
2805 2650 3191 2719 grammaticu
3204 2653 3619 2720 m,paternum,

1977 2753 2174 2792 meum
2224 2737 2480 2792 amicum
2530 2737 2670 2792 mihi
2719 2738 3042 2809 cognitum,
3111 2745 3167 2793 et
3216 2737 3618 2793 Annubionem

1978 2827 2287 2897 quemdam
2319 2825 2725 2897 Diospolitam,
2751 2825 3135 2897 astrologum,
3167 2830 3346 2896 atqua
3372 2826 3621 2881 Atheno-

1977 2916 2185 2970 dorum
2219 2914 2634 2970 Atheniensem
2664 2914 2953 2986 Epicureae
2976 2918 3144 2970 sectas
3174 2913 3617 2971 addictum.Nos

1978 3007 2171 3058 autem
2203 3003 2389 3059 edocti
2433 3020 2526 3058 res
2556 3004 2814 3059 Simonis
2859 3019 3030 3058 mane
3065 3007 3275 3058 cuncta
3305 3019 3438 3058 cum
3471 3002 3615 3058 scri-

1976 3092 2303 3163 psissemus
2329 3097 2381 3147 et
2413 3093 2485 3147 ad
2510 3097 2743 3148 Petrum
2768 3092 3242 3159 misissemus,ad
3269 3090 3616 3149 ambulatio-

1977 3198 2109 3236 nem
2141 3181 2533 3237 convertimus
2563 3182 2836 3253 gradum.

273 3243 405 3323 νίί.
442 3267 542 3321 Καὶ
590 3243 838 3321 ’Ᾰππίων
874 3243 1237 3339 ⁷ἀπηντήσατο
1284 3272 1329 3306 ⁸⁸
1378 3272 1535 3343 ἡμῖν,
1563 3243 1636 3325 ὀύ
1703 3243 1864 3344 μόνον

2048 3270 2167 3326 VII.
2215 3271 2285 3325 Et
2313 3243 2762 3326 occurritvnobis
2810 3269 3061 3342 Appion,
3093 3285 3207 3325 non
3255 3269 3445 3325 solum
3478 3287 3614 3327 cum

207 3356 348 3429 μετά
396 3360 507 3409 τῶν
562 3355 975 3431 προειρημένων
1026 3359 1180 3415 128
1230 3356 1453 3435 ἑταίρων
1502 3362 1546 3395 ⁸⁷
1589 3364 1696 3414 τῶν
1746 3358 1862 3431 δύο,

199 3442 355 3499 ἀλλά
384 3444 478 3498 καὶ
515 3446 627 3516 μεθ’
657 3444 853 3521 ἑτέρων
896 3442 1104 3521 ἀνδρῶν
1155 3446 1231 3509 ὡς
1275 3448 1584 3523 τριάκοντα,
1614 3449 1703 3503 καὶ
1753 3449 1865 3521 ἅμα

197 3538 275 3605 τῷ
341 3531 479 3588 ἰδεῖν
535 3555 603 3606 με
647 3533 1083 3611 προσαγορεύσας
1149 3535 1238 3590 καὶ
1303 3536 1675 3608 καταφιλήσας
1738 3534 1860 3614 ἔφη’

206 3621 381 3684 Οὗτός
439 3621 553 3677 ἐστι
613 3622 873 3696 Κλήμης,
905 3627 1032 3699 περὶ
1083 3622 1145 3678 οὖ
1196 3624 1321 3699 ὑμῖν
1365 3633 1466 3696 τῆς
1508 3647 1568 3681 τε
1598 3626 1865 3702 εὐγενείας

206 3712 435 3780 καὶτῆς
470 3709 985 3785 έλευθεροπρεπείας
1014 3715 1059 3750 ⁸⁸
1107 3711 1281 3769 πολὺν
1329 3713 1631 3788 ἐποιούμην
1679 3712 1865 3791 λόγον,

205 3799 288 3854 δτι
332 3800 476 3874 ἀνὴρ
509 3800 641 3873 πρὸς
674 3799 859 3875 γένους
903 3796 1151 3877 Τιϐερίου
1201 3802 1462 3879 Καίσαρος
1504 3802 1576 3858 ὣν
1626 3804 1715 3859 καὶ
1763 3804 1865 3859 πά-

210 3909 310 3959 σης
343 3887 685 3958 Ἑλληνικῆς
733 3886 979 3952 παιδείας
1010 3894 1056 3928 ⁶⁹
1086 3890 1280 3962 έξησκη
1294 3892 1470 3965 μένος,
1507 3893 1608 3947 ὑπὸ
1662 3888 1863 3969 βαρϐά-

218 3998 316 4051 ρου
365 3978 537 4047 τινὸς,
568 3978 665 4046 τήν
709 3978 1084 4055 προσηγορίαν
1137 3981 1363 4056 Πέτρου,
1395 3982 1461 4036 τὰ
1504 3986 1611 4037 τῶν
1652 3984 1698 4018 ⁷ο
1731 3984 1864 4039 Ἰου-

203 4061 373 4119 δαίων
405 4071 584 4120 ποιεῖν
629 4066 717 4121 καὶ
772 4065 949 4141 λέγειν
1001 4068 1300 4138 ⁴ἧπάτηται.
1332 4071 1487 4125 Ὅθεν
1534 4070 1667 4143 ἀξιῶ
1716 4092 1867 4126 συνα-

200 4154 535 4229 γωνίσασθαί
589 4176 679 4227 μοι
730 4155 867 4229 πρὸς
915 4157 1015 4225 τὴν
1064 4154 1350 4231 διόρθωσιν
1412 4158 1595 4213 αὐτοῦ’
1646 4161 1734 4215 καὶ
1783 4159 1867 4237 ἐφ’

203 4244 363 4315 ὑμῶν
424 4242 591 4297 αὐτοῦ
654 4242 1010 4317 πυνθάνομαι.
1061 4244 1279 4321 Λεγέτω
1327 4268 1442 4320 μοι,
1492 4245 1678 4319 ἐπειδὴ
1728 4250 1867 4323 πρὸς

199 4333 267 4387 τὸ
315 4326 557 4386 εὐσεϐεῖν
601 4332 787 4387 ἑαυτὸν
836 4330 1236 4390 ἀποδεδωκέναι
1283 4336 1515 4410 νομίζει,
1565 4341 1684 4400 πῶς
1736 4337 1865 4413 οὐχὶ

202 4423 273 4475 τὰ
338 4421 571 4494 μέγιστα
628 4416 828 4494 ἀσεϐεῖ,
884 4420 1201 4479 καταλιπὼν
1259 4428 1303 4463 ’τί
1366 4425 1461 4499 μὲν
1516 4427 1584 4481 τὰ
1644 4427 1864 4502 πάτρια,

208 4506 519 4571 ἀποκλίνας
552 4506 610 4564 δὲ
640 4510 717 4572 εἷς
750 4508 843 4583 ἶθη
880 4508 1147 4589 βάρϐαρα.

1974 3360 2265 3433 praedictis
2296 3361 2526 3416 duobus
2557 3359 2754 3427 sociis,
2785 3360 2885 3415 sed
2918 3364 2976 3414 et
3004 3376 3138 3415 cum
3169 3358 3300 3414 aliis
3330 3359 3469 3415 viris
3510 3360 3615 3416 tri-

1973 3450 2136 3523 ginta
2174 3450 2421 3505 circiter.
2453 3451 2531 3503 Ac
2553 3448 2730 3504 simul
2752 3454 2926 3519 atque
2956 3465 3049 3503 me
3077 3447 3243 3516 vidit,
3266 3447 3531 3505 salutans
3561 3452 3620 3505 et

1974 3540 2275 3595 osculatus
2306 3540 2388 3594 ait
2421 3556 2433 3594 :
2466 3539 2569 3593 Hic
2599 3544 2688 3593 est
2708 3537 2992 3602 Clemens,
3027 3538 3096 3592 de
3117 3553 3231 3608 quo
3266 3537 3515 3592 multum
3540 3538 3613 3593 ad

1973 3646 2073 3684 vos
2092 3644 2420 3683 sermonem
2444 3627 2723 3694 habui,de
2744 3625 2901 3681 illius
2928 3625 3225 3680 nobilitate
3248 3641 3314 3681 ac
3349 3627 3612 3681 moribus

1972 3715 2314 3772 liberalibus
2340 3741 2354 3783 ;
2388 3716 2543 3788 quod
2575 3715 2663 3771 vir
2690 3731 2756 3770 ex
2788 3730 2998 3787 genere
3026 3713 3241 3769 Tiberii
3265 3713 3529 3785 Caesaris,
3564 3717 3624 3770 et

1976 3805 2036 3861 in
2066 3805 2226 3860 omni
2275 3804 2470 3861 Graeca
2521 3803 2833 3876 disciplina
2876 3803 3244 3865 exercitatus.
3292 3819 3325 3857 a
3373 3803 3619 3859 barbaro

1977 3894 2254 3967 quodam,
2300 3894 2401 3965 qui
2464 3898 2701 3949 vocatur
2743 3892 2967 3959 Petrus,
3018 3891 3220 3946 fraude
3278 3889 3618 3961 compulsus

1976 3988 2130 4039 esset
2158 3983 2229 4039 ad
2260 3982 2621 4055 peragendos
2648 3998 2714 4037 ac
2747 3980 3144 4053 praedicandos
3172 3980 3508 4034 Judzeorum
3540 3977 3620 4033 ri-

1974 4076 2091 4128 tus.
2126 4072 2311 4135 Quare
2342 4088 2501 4143 rogo,
2538 4077 2600 4126 ut
2645 4087 2736 4126 me
2772 4070 2827 4125 in
2875 4069 2973 4125 illo
3006 4069 3348 4141 corrigendo
3386 4067 3627 4138 adjuve-

1975 4162 2090 4228 tis;
2148 4165 2204 4215 et
2251 4177 2444 4216 coram
2496 4159 2658 4215 vobis
2706 4176 2837 4214 eum
2889 4160 3202 4231 interrogo.
3257 4156 3627 4228 Respondeat

1977 4249 2143 4320 mihi,
2177 4249 2655 4321 quandoquidem
2685 4246 3019 4313 arbitratur,
3046 4247 3200 4318 quod
3232 4262 3315 4316 se,
3349 4250 3414 4300 ut
3446 4245 3626 4317 pieta-

1974 4344 2091 4394 tem
2126 4338 2358 4406 coleret,
2393 4336 2700 4404 dediderit,
2738 4353 2851 4407 quo
2887 4336 3059 4391 modo
3090 4352 3203 4391 non
3238 4334 3491 4389 maxime
3517 4333 3628 4388 im-

1976 4427 2110 4499 pius
2140 4428 2238 4495 sit,
2270 4426 2370 4497 qui
2402 4425 2620 4498 patrios
2651 4424 3047 4496 dereliquerit,
3080 4421 3457 4479 declinaverit
3492 4436 3626 4477 vero

1976 4516 2047 4572 ad
2080 4515 2362 4571 barbaros
2394 4531 2608 4571 mores.

278 4602 438 4653 VIII.
493 4596 653 4675 Κάγὼ
708 4601 756 4635 ⁷³
805 4599 1202 4675 ἀπεκρινάμην’
1252 4601 1359 4670 Τὴν
1414 4601 1510 4675 μὲν
1571 4603 1707 4680 πρὸς
1772 4603 1865 4679 ἐμέ

2046 4603 2188 4659 Vlll.
2221 4604 2291 4659 Et
2318 4620 2443 4676 ego.
2476 4603 2749 4676 respondi
2803 4620 2817 4659 :
2864 4603 3050 4657 Tuam
3101 4600 3337 4672 quidem
3383 4600 3442 4654 in
3500 4613 3624 4654 me-

208 4707 308 4742 σου
341 4688 552 4761 ἀγαθὴν
584 4686 898 4763 προαίρεσιν
942 4687 1314 4765 ἀποδέχομαι,
1346 4691 1446 4760 τὴν
1497 4688 1556 4747 δὲ
1603 4693 1866 4769 ἀγνωσίαν

205 4774 558 4849 ἀποσείομαι.
596 4779 661 4835 Ἡ
708 4778 802 4850 μὲν
852 4781 898 4815 ⁷³
926 4780 1031 4855 γὰρ
1078 4779 1393 4855 προαίρεσις
1433 4780 1635 4857 ἀγαθὴ,
1667 4781 1773 4856 ὅτι,
1814 4781 1867 4839 έν

205 4866 295 4928 οἷς
346 4862 525 4927 δοκεῖς
579 4869 625 4902 ⁷⁴
670 4864 887 4939 καλοῖς,
928 4865 981 4921 έν
1026 4867 1249 4930 τούτοις
1300 4868 1433 4923 εἷναί
1481 4890 1549 4943 με
1594 4869 1791 4934 θέλεις·
1832 4874 1870 4942 ἡ

208 4951 267 5009 δὶ
318 4958 520 5026 γνῶσις
586 4954 686 5010 οὐκ
734 4954 911 5033 ὀρθῶς
954 4951 1157 5033 ἔχουσα
1208 4956 1396 5035 φιλίας
1452 4958 1716 5038 προφάσει
1768 4960 1873 5016 ἑνε-

1978 4693 2318 4765 Ριοωοιεηῐη
2351 4691 2670 4748 volutatem
2719 4692 2906 4747 habeo
2953 4695 3290 4761 acceptam;
3344 4692 3404 4743 at
3452 4686 3626 4759 igno-

1980 4781 2264 4837 rationem
2295 4780 2558 4837 amolior.
2589 4778 3124 4852 Scilicet,prmclara
3154 4778 3389 4849 quidem
3420 4774 3627 4831 volun-

1980 4874 2073 4926 tas
2114 4875 2225 4937 est,
2273 4870 2426 4940 quod
2477 4869 2536 4924 in
2588 4868 2682 4940 iis,
2735 4885 2860 4940 quae
2910 4867 2991 4923 ibi
3022 4867 3175 4923 bona
3204 4865 3500 4933 videntur,
3530 4877 3627 4918 me

1979 4958 2197 5017 versari
2223 4958 2437 5030 cupis;
2488 4974 2689 5014 verum
2738 4956 2989 5029 cognitio
3040 4972 3152 5011 non
3204 4959 3355 5009 recte
3403 4951 3626 5007 habens

211 5039 425 5115 δρεύειν
482 5044 820 5119 ἀγωνίζεται.
872 5045 972 5100 Καὶ
1033 5047 1062 5101 ὁ
1121 5045 1365 5103 ’Δππίων
1422 5043 1547 5125 ἔφη·
1607 5048 1865 5125 Ἀγνωσία

1981 5052 2263 5123 praetextu
2296 5046 2565 5102 amicitia;
2597 5046 2862 5103 insidiari
2895 5045 3123 5101 nititur.
3150 5041 3305 5099 Dixit
3349 5039 3575 5113 Appion
3608 5055 3623 5095 :

1567 5172 1809 5231 VARIIE
1848 5172 2239 5231 LECTIONES

203 5256 213 5261 -
284 5265 329 5300 σι
364 5266 469 5345 Ιῐθ.
504 5270 558 5345 Ο.
599 5285 683 5345 cu
707 5267 895 5345 D,_16
952 5272 1011 5345 C.
1088 5269 1137 5304 ⁸³
1194 5268 1336 5345 Post
1378 5268 1515 5345 πρ-ός
1566 5277 1657 5345 est
1700 5270 1859 5326 αὐτόν
1902 5273 1961 5329 in
2009 5276 2051 5325 Ο
2098 5273 2477 5342 expunctum.
2555 5268 2605 5345 :3
2653 5263 3041 5345 ΙΙλειςντονίριον⁸
3090 5269 3150 5319 Ο.
3226 5265 3287 5345 ‘_‘_
3319 5256 3448 5345 ὄντα
3478 5266 3537 5345 9
3572 5265 3632 5320 et

208 5354 281 5392 ex
341 5338 583 5408 conject.
644 5340 731 5408 C.,

791 5341 850 5395 in
911 5342 1037 5414 cuj._
1070 5345 1244 5414 _textu
1307 5336 1383 5393 ὅν.
1423 5334 1653 5399 ’Πανὶδὶἰ
1712 5345 1975 5402 notulam
2033 5360 2099 5400 eo
2156 5334 2512 5414 spectantem
2550 5340 2587 5414 β
2620 5357 2732 5394 non
2759 5339 3160 5414 _intellexisse_
3197 5336 3445 5414 videtur.
3478 5334 3627 5414 Tum

209 5404 584 5488 ἑιοσπολίτην
758 5415 819 5482 0,
852 5404 1182 5488 Δλιοπολίτην
1210 5417 1285 5488 (1,⁸
1320 5414 1394 5488 _“
1437 5419 1531 5488 Ita
1558 5432 1655 5488 “ex
1710 5419 1956 5488 conject.
1991 5420 2049 5483 C,
2084 5404 2208 5488 qui:
2246 5414 2329 5488 in_
2361 5417 2520 5488 te_xt_u
2553 5408 2858 5488 ’ξπικούρω
2892 5417 2953 5488 ut
2982 5414 3022 5461 Ο
3119 5410 3163 5443 ⁶⁶
3194 5404 3625 5488 ἀπηνεάσατρρ.

208 5481 256 5558 ﬂ
298 5478 498 5558 ἑτέρων
528 5484 587 5536 0.
625 5483 781 5558 Idem
804 5477 925 5558 3:.an
948 5477 1168 5558 ἑτέρων.
1244 5484 1288 5519 ⁸⁸
1320 5484 1402 5540 lla
1431 5484 1693 5558 intellige
1726 5477 2046 5558 lectionem
2065 5477 2432 5558 Ottoboniani
2464 5477 2989 5558 ἐλευθερωπρεπείας
3018 5497 3150 5558 cum
3197 5479 3301 5558 cod
3335 5477 3624 5558 Reg-Spit,

200 5547 724 5638 νριευθεροτροπείςις
749 5559 851 5638 C.__
883 5547 1193 5638 “~Re'pone
1224 5559 1394 5637 πᾷσαν
1428 5547 1763 5638 ’βλληνῖκὴν
1781 5556 2062 5638 παιδείαν,
2092 5556 2180 5638 uti
2212 5570 2442 5638 semper
2498 5547 2819 5638 loquuntur
2845 5552 3070 5638 “idonei
3118 5547 3452 5638 scripto'ries;
3482 5548 3627 5638 Y‘inde

204 5622 360 5729 ενα.
405 5622 473 5679 ⁷ο.
504 5622 617 5681 ⁷46.
668 5627 729 5682 D.
806 5627 852 5662 7°
894 5628 1003 5681 τῶν
1044 5622 1281 5683 inserui
1331 5644 1382 5683 c.
1433 5632 1494 5683 0.
1572 5622 1613 5664 ⁷⁷³

206 5694 229 5731 ³
300 5692 446 5769 Ἐγώ
472 5699 532 5752 0.
606 5696 651 5732 ⁷³
677 5697 825 5769 ἡμᾶς
856 5713 915 5771 p.
946 5698 984 5768 ἡ
1020 5694 1117 5771 μέν
1150 5700 1212 5754 Ο.
1287 5698 1335 5735 ⁷⁴
1364 5695 1545 5753 δοκεῖν
1576 5703 1639 5758 Ο.

421 5639 473 5698 9.
504 5620 646 5698 '46._
668 5627 729 5698 D.
806 5627 852 5662 7°
894 5628 1003 5681 τῶν
1044 5620 1281 5698 inserui
1331 5644 1386 5698 c1
1433 5632 1494 5683 0.
1572 5620 1613 5664 ⁷⁷³
1646 5620 1731 5688 lia
1771 5634 1811 5685 Ο
1858 5647 1909 5689 c.
1950 5629 2010 5688 Gl
2050 5620 2111 5686 et
2138 5629 2193 5696 8,
2223 5620 2722 5698 κατάλειπών”(εἱο)
2752 5624 2811 5680 C.
2844 5625 2986 5681 Dein
3018 5620 3138 5695 ἔθνη
3169 5620 3297 5678 cod.
3330 5620 3469 5693 Reg.
3500 5621 3627 5679 804.
