4112 6344
501 342 615 399 163

1326 338 1389 397 8.
1439 332 1881 397 CLEMENTIS
1926 332 1949 391 Ι
1996 328 2185 391 ROM.
2230 330 2458 391 PONT.
2506 330 2767 391 OPEBA
2808 331 3073 393 DUBIA.

3789 335 3907 397 164

499 471 657 527 Num
689 469 989 543 ignoratio
1020 469 1127 525 tibi
1158 468 1407 535 videtur,
1444 468 1664 541 patrios
1684 467 1831 521 ritus
1865 462 2138 520 servando

2255 480 2338 513 σοι
2396 462 2442 498 ⁷⁸
2505 460 2635 516 εἶναι
2686 459 2853 536 δοκεῖ,
2907 463 2975 517 τὰ
3030 464 3229 538 πάτρια
3285 461 3376 534 ἔθη
3445 462 3787 543 φυλάττοντα
3838 467 3909 523 τὰ

499 558 718 614 sentire
747 573 879 612 cum
917 557 1123 612 Graecis
1148 560 1172 608 .9
1213 558 1281 611 Et
1328 573 1433 628 ego
1467 556 1739 628 respondi
1775 571 1787 610 :
1820 554 1926 618 Qui
1967 554 2145 607 vitam

500 647 593 718 pie
624 662 796 717 agere
825 646 1050 713 statuit,
1085 662 1200 701 non
1228 646 1468 700 omnino
1500 644 1671 699 debet
1700 658 1930 698 servare
1960 640 2148 713 patria

500 734 789 802 instituta,
822 735 923 789 sed
954 750 1184 790 servare
1222 734 1483 805 quidem,
1518 732 1566 788 si
1599 732 1694 804 pia
1723 732 1860 802 sint,
1893 730 2145 802 abjicere

498 840 654 893 vero,
686 824 735 879 si
768 823 889 878 sint
918 823 1119 895 impia.
1156 823 1276 879 Usu
1307 823 1462 878 enim
1496 820 1691 878 venire
1741 820 1906 887 solet,
1941 825 2006 874 ut
2036 819 2143 874 ali-

499 913 655 984 quis,
705 917 867 985 patre
916 912 1099 984 impio
1145 917 1339 980 natus,
1390 910 1530 967 velit
1576 911 1761 966 vivere
1815 910 1924 980 pie,
1961 908 2144 981 patris

500 1018 692 1057 mores
724 1002 886 1073 sequi
922 1000 1145 1056 nolens.
1178 1000 1411 1072 Excepit
1439 1000 1665 1071 Appion
1714 1017 1727 1055 :
1773 1000 1921 1065 Quid
1953 1015 2089 1067 ergo
2117 997 2146 1052 Ἰ

501 1096 725 1161 patrem
755 1095 925 1145 tuum
974 1090 1061 1145 ais
1094 1089 1257 1145 malae
1308 1089 1434 1143 vitae
1473 1088 1808 1144 exstitisse?
1848 1086 2143 1160 Respondi

501 1196 606 1251 ego
639 1195 653 1234 :
686 1180 811 1235 Non
863 1178 1103 1250 quidem
1134 1182 1258 1234 erat
1288 1177 1453 1233 male:
1483 1178 1635 1242 vitae,
1687 1178 1787 1233 sed
1822 1176 1986 1233 malae
2018 1177 2141 1249 opi-

502 1267 714 1323 nionis.
750 1268 819 1322 Et
849 1266 1073 1339 Appion
1107 1284 1119 1322 :
1156 1266 1291 1331 Qua
1321 1265 1479 1321 illius
1512 1266 1688 1321 fuerit
1717 1264 1873 1321 mala
1903 1270 2143 1321 senten-

500 1355 582 1411 tia
611 1356 782 1427 cupio
813 1355 1035 1411 audire.
1070 1356 1139 1410 Et
1168 1371 1273 1427 ego
1305 1355 1423 1409 dixi
1458 1370 1472 1409 :
1506 1356 1665 1421 Quod
1712 1354 1874 1409 falsis
1913 1370 1978 1409 ac
2010 1371 2142 1425 pra-

498 1445 587 1500 vis
621 1445 948 1500 Graacorum
984 1443 1196 1499 fabulis
1223 1443 1432 1499 habuit
1464 1444 1659 1499 fidem.
1702 1445 1887 1514 Atque
1916 1443 2138 1513 Appion

497 1534 827 1589 sciscitatus
860 1537 950 1588 est
984 1550 995 1588 :
1028 1532 1301 1596 Quaenam
1334 1538 1473 1588 sunt
1505 1532 1591 1587 ha:
1626 1534 1957 1588 Graecorum
1986 1532 2140 1587 falsa:

498 1640 564 1677 ac
615 1639 798 1693 pravsa
854 1621 1107 1677 fabulae?
1155 1622 1445 1692 Respondi
1481 1638 1493 1675 :
1528 1621 1653 1676 Non
1705 1626 1857 1676 recta
1905 1622 1975 1677 de
2028 1622 2141 1677 diis

495 1710 751 1782 opinatio
780 1728 793 1777 ;
828 1727 1026 1782 quam,
1050 1710 1100 1765 si
1131 1727 1294 1782 aequo
1325 1710 1519 1766 animo
1550 1710 1841 1777 fers,cum
1874 1710 2137 1766 discendi

493 1799 725 1871 cupidis
758 1801 982 1855 audies.

565 1975 661 2030 IX.
696 1976 882 2040 Quare
908 1980 1040 2031 ante
1063 1975 1531 2031 dissertationem
1554 1977 1679 2047 jam
1713 1978 2053 2033 secedamus
2075 1976 2137 2033 in

494 2064 844 2134 quietiorem
877 2064 1132 2135 aliquem
1163 2064 1482 2129 locum,ubi
1505 2066 1805 2121 vobiscum
1828 2066 2136 2123 disseram.

495 2154 657 2218 Quod
690 2158 886 2209 autem
919 2153 1088 2208 velim
1112 2170 1375 2209 seorsum
1400 2153 1648 2226 colloqui
1674 2172 1850 2211 causa
1881 2156 1997 2211 hac
2027 2161 2135 2225 est,

495 2245 632 2318 quia
657 2262 771 2301 non
805 2246 1087 2300 accedunt
1134 2246 1356 2300 sincere
1400 2245 1681 2317 plerique,
1729 2262 1915 2317 neque
1962 2247 2137 2301 etiam

493 2351 696 2391 omnes
729 2334 1083 2406 philosophi,
1107 2335 1175 2389 ad
1203 2334 1591 2405 judicandum
1625 2335 1696 2390 de
1726 2335 2139 2392 rebus.Multos

495 2423 789 2495 siquidem
844 2425 1135 2487 novimus,
1187 2440 1384 2478 eorum
1444 2440 1672 2495 quoque
1722 2426 1821 2495 qui
1866 2426 1937 2479 de
1975 2442 2035 2480 se
2065 2426 2138 2480 ob

493 2511 873 2584 philosophia:
899 2512 1318 2583 professionem
1353 2512 1658 2583 magniﬁce
1690 2513 2137 2583 sentiunt,inani

493 2600 680 2672 gloria
709 2601 865 2668 duci,
890 2605 990 2655 aut
1020 2599 1162 2655 lucri
1196 2601 1518 2671 cupiditate
1542 2618 1652 2656 non
1686 2604 2141 2673 autem,virtutis

494 2705 691 2744 amore
721 2688 885 2743 indui
918 2688 1093 2760 pallio
1126 2706 1140 2743 :
1174 2688 1297 2759 qui,
1331 2689 1380 2743 si
1415 2706 1529 2743 non
1561 2690 1885 2746 invenerint
1916 2692 1969 2746 id
2007 2709 2137 2764 pro-

495 2782 621 2849 pter
650 2778 804 2849 quod
835 2777 1582 2849 philosophantur,vertunt
1607 2796 1668 2833 se
1697 2780 1767 2834 ad
1800 2780 2136 2837 cachinnos.

497 2866 581 2922 Ob
611 2865 755 2920 istos
785 2881 920 2938 ergo
951 2869 1153 2937 aptum
1185 2865 1439 2938 aliquem
1494 2866 1687 2923 locum
1736 2868 2047 2941 eligamus,
2078 2869 2138 2926 in

496 2971 610 3025 quo
641 2953 748 3009 soli
779 2954 987 3010 simus.

568 3046 635 3097 X.
670 3043 817 3097 Tum
852 3041 1089 3114 quidam
1140 3059 1208 3097 ex
1254 3042 1390 3109 illis,
1422 3043 1510 3099 vir
1556 3044 1734 3110 dives,
1780 3045 1880 3117 qui
1931 3062 2138 3118 agrum

496 3130 831 3202 possidebat
854 3130 1155 3185 frondibus
1186 3131 1622 3203 elegantissime
1644 3139 1936 3204 ornatum,
1953 3137 2131 3193 dixit:

495 3219 977 3290 Quandoquidem
1021 3219 1392 3275 vehementer
1438 3220 1634 3275 adurit
1678 3227 1875 3291 aestus,
1926 3225 2131 3294 paulu-

494 3307 617 3362 lum
652 3325 685 3361 a
714 3306 946 3362 civitate
977 3308 1045 3361 ad
1084 3307 1284 3362 hortos
1311 3324 1470 3363 meos
1501 3309 1864 3365 secedamus.
1898 3312 1965 3365 Et
2006 3330 2135 3383 pro-

496 3396 680 3469 gressi
714 3396 1227 3465 consederunt,uhi
1261 3396 1429 3468 plura
1459 3402 1624 3452 erant
1654 3397 1977 3469 gelidorum
2013 3402 2138 3456 lati-

494 3501 629 3539 cum
655 3484 890 3553 ﬂuenta,
915 3489 971 3539 et
991 3486 1264 3540 arborum
1283 3487 1663 3559 omnigenum
1686 3494 1914 3560 tegmen
1932 3490 2134 3547 viride.

494 3574 577 3629 Ibi
609 3590 715 3646 ego
748 3572 954 3629 lubens
999 3573 1143 3642 sedi,
1194 3579 1250 3629 et
1298 3574 1503 3646 reliqui
1557 3576 1714 3631 circa
1759 3594 1890 3643 me;
1923 3578 2021 3650 qui
2053 3580 2135 3635 si-

492 3660 700 3730 lentes,
736 3679 837 3734 pro
885 3679 1021 3718 voce
1070 3678 1184 3734 qua
1216 3680 1308 3718 me
1339 3665 1595 3735 rogaturi
1644 3671 1827 3733 erant,
1864 3683 1965 3738 per
1995 3668 2137 3725 ﬁxos

492 3750 552 3806 in
587 3768 679 3807 me
709 3751 907 3807 oculos
955 3751 1108 3807 clare
1153 3752 1502 3807 videbantur
1532 3770 1709 3824 quam
1752 3756 2136 3826 promiseram

495 3840 1059 3896 demonstrationem
1091 3856 1345 3911 poscere.
1380 3842 1581 3909 Itaque
1628 3843 1713 3898 sic
1754 3842 1907 3915 loqui
1941 3847 2084 3919 οωρὶ
2120 3864 2134 3902 :

570 4016 658 4071 XI.
694 4016 883 4072 Multa
898 4020 1005 4083 est,
1029 4016 1136 4071 viri
1172 4016 1373 4085 Grmci,
1405 4017 1729 4075 differentia
1750 4020 1900 4077 inter
1928 4025 2139 4082 verita-

2254 547 2538 619 Ἐλλήνων
2598 557 2854 629 φρονεῖν;
2905 550 3067 627 Κάγὼ
3146 552 3536 627 ἀπεκρινάμην
3587 555 3686 609 Τὸν
3756 554 3905 610 εὐσε-

2255 631 2367 691 ϐεῖν
2418 642 2462 675 ⁷⁸
2509 639 2944 716 προαιρούμενον
2991 640 3054 695 ού
3100 641 3315 703 πάντως
3365 642 3655 719 φυλάσσειν
3707 640 3789 698 δεῖ
3837 646 3908 699 τά

2252 727 2473 801 πάτρια,
2534 726 2679 783 ἀλλὰ
2745 727 3033 806 φυλάσσειν
3102 729 3198 802 μὲν
3261 729 3346 784 ἐὰν
3489 727 3703 805 εὐσεϐῆ,
3764 733 3902 788 ἀπο-

2254 813 2480 869 σείεσθαι
2537 819 2693 875 124
2746 814 2804 872 δὲ
2857 815 2944 871 ἐὰν
3019 812 3184 887 ἀσεϐῆ
3256 820 3520 894 τυγχάνῃ,
3587 818 3900 897 Ένδέχεται

2250 904 2350 978 γάρ
2398 925 2514 958 τινα
2559 905 2763 981 πατρὸς
2812 901 3035 968 ἀσεϐοῦς
3074 901 3220 977 ὄντα,
3253 902 3487 962 εὐσεϐεῖν
3537 907 3899 984 βουλόμενον,

2250 996 2329 1063 τῷ
2390 994 2464 1064 μὴ
2524 999 2620 1047 τοῦ
2672 996 2873 1070 πατρὸς
2924 993 3240 1060 ἀκολουθεῖν
3291 991 3600 1070 σεϐάσματα
3638 1001 3701 1052 ⁷⁷.
3737 1000 3901 1053 Καὶὸ

2256 1080 2349 1152 μὲν
2410 1082 2653 1137 ’Δππίων
2715 1082 3053 1159 ἀπεκρίνατοο
3103 1084 3163 1139 Τί
3219 1082 3351 1153 οῦν;
3408 1086 3501 1140 τὸν
3558 1086 3647 1141 σὸν
3692 1088 3904 1163 πατέρα

2251 1165 2384 1245 ἔφης
2432 1175 2600 1225 κακοῦ
2648 1172 2768 1247 βίου
2816 1171 3088 1249 γεγονέναι
3117 1193 3130 1243 ;
3163 1173 3324 1248 Κάγὼ
3375 1172 3530 1250 ἔφην’
3573 1180 3749 1230 Κακοῦ
3802 1178 3904 1250 μὶν

2251 1257 2349 1312 οὐκ
2404 1259 2470 1327 ἦν
2520 1260 2661 1335 βίου,
2694 1262 2867 1331 κακῆς
2912 1259 2969 1317 δὲ
3020 1261 3371 1336 ὑπολήψεως.
3406 1264 3502 1318 Καὶ
3552 1265 3580 1319 ὁ
3625 1266 3898 1321 ’Δππέωνο

2248 1346 2338 1407 Τίς
2366 1348 2431 1415 ἦν
2482 1350 2516 1417 ἡ
2565 1350 2703 1419 γακή
2761 1349 2925 1405 αὑτοῦ
2974 1350 3199 1405 ὑπόνοια
3246 1351 3465 1406 ἀκοῦσαι
3516 1350 3682 1416 θέλω.
3733 1354 3902 1430 Κάγὼ

2250 1431 2400 1513 ἔφην·
2429 1440 2549 1494 ’Ότι
2589 1444 2703 1500 τοῖς
2755 1441 2798 1475 ⁷⁸
2842 1443 2951 1494 τῶν
3000 1438 3282 1511 Ἑλλήνων
3327 1438 3544 1514 ψευδέσι
3590 1443 3681 1497 καὶ
3706 1446 3753 1480 π
3798 1464 3901 1498 κα-

2248 1530 2367 1586 κοῖς
2415 1526 2657 1582 ἐπίστευε
2708 1527 2919 1600 μύθοις.
2968 1529 3069 1585 Καὶ
3119 1530 3147 1583 ὁ
3198 1530 3441 1584 Ἀππίων
3509 1529 3753 1595 ἐπύθετο*
3804 1532 3902 1588 Τί-

2247 1635 2331 1676 νες
2392 1614 2521 1669 εἰσὶν
2575 1616 2724 1671 οὗτοι
2779 1622 2885 1671 τῶν
2943 1616 3224 1688 Ἐλλήνων
3286 1619 3338 1673 οἱ
3392 1617 3605 1693 ψευδεῖς
3637 1642 3694 1676 τε
3722 1624 3769 1659 ⁸ο
3804 1621 3899 1677 καὶ

2245 1703 2401 1758 κακοὶ
2462 1707 2659 1776 μῦθοι;
2710 1706 2872 1780 Κάγὼ
2930 1702 3084 1785 ἔφην’
3136 1708 3199 1764 Ἡ
3256 1708 3381 1783 περὶ
3427 1712 3558 1771 θεῶν
3610 1709 3715 1763 οὐκ
3758 1710 3897 1786 ὀρθὴ

2165 1826 2214 1891 Β
2248 1789 2489 1862 δόκησις,
2515 1794 2575 1862 ἣν
2606 1792 2690 1848 ἐὰν
2726 1799 3103 1869 μακροθυμῇς,
3136 1795 3338 1870 ἀκούσῃ
3390 1798 3524 1869 μετὰ
3567 1802 3674 1852 τῶν
3729 1797 3897 1876 φιλο-

2250 1882 2431 1955 μαθῶν
2441 1926 2453 1938 .

2317 1976 2407 2026 ΙΧ.
2446 1972 2537 2026 Διὸ
2590 1973 2695 2048 πρὸ
2741 1977 2850 2028 τῶν
2900 1969 3169 2050 διαλόγων
3199 1972 3275 2036 εἵς
3303 1995 3422 2029 τινα
3453 1976 3807 2053 ἡσυχώτερον
3846 1980 3895 2017 ⁸⁸

2249 2059 2700 2135 ὑποχωρήσωμεν
2735 2059 2843 2131 ἤδη
2874 2062 3061 2117 τόπον·
3095 2061 3317 2126 ἐνταῦθα
3349 2064 3475 2135 ὑμῖν
3528 2062 3897 2141 διαλεχθήσο-

2252 2170 2365 2221 μαι.
2400 2155 2504 2204 Τοῦ
2554 2147 2611 2205 δὲ
2661 2147 3053 2226 ἱδιολογεῖσθαί
3098 2173 3163 2225 με
3198 2151 3486 2227 βούλεσθαι
3540 2154 3685 2209 αἰτία
3730 2158 3896 2232 γέγο-

2246 2259 2329 2292 νεν
2379 2238 2511 2308 αὕτη
2558 2242 2625 2307 ⁸³,
2661 2238 2847 2308 ἐπειδὴ
2899 2240 3007 2316 οὐχ
3054 2242 3106 2294 οἱ
3152 2240 3357 2297 πολλοὶ
3409 2240 3532 2297 οὐδὲ
3582 2245 3635 2298 οἱ
3674 2243 3899 2322 φιλοσο-

2248 2330 2470 2403 φοῦντες
2502 2328 2652 2381 αὑτοὶ
2688 2329 2912 2390 ἅπαντες
2944 2327 3181 2404 γνησίως
3230 2332 3625 2406 προσέρχονται
3664 2336 3734 2405 τῇ
3784 2338 3894 2388 τῶν

2249 2411 2417 2470 ὅντων
2459 2416 2650 2491 κρίσει.
2684 2419 2865 2489 Ἵσμεν
2896 2418 2997 2493 γάρ
3028 2416 3271 2479 πολλοὺς
3300 2419 3389 2473 καὶ
3437 2424 3545 2474 τῶν
3599 2419 3684 2475 ἐπὶ
3735 2421 3896 2498 φιλο-

2248 2504 2409 2581 σοφίᾳ
2459 2504 3010 2583 μεγαλοφρονούντων
3038 2509 3083 2543 ⁸⁸
3118 2505 3551 2578 κενοδοξοῦντας,
3585 2509 3620 2577 ἢ
3665 2530 3894 2586 χρημα-

2246 2599 2443 2667 τισμοῦ
2495 2595 2653 2671 χάριν
2713 2590 3215 2671 περιϐεϐλημένους
3262 2596 3351 2650 τὸν
3403 2592 3637 2672 τρίϐωνα
3672 2599 3763 2653 καὶ
3796 2598 3896 2654 ούκ

2247 2682 2413 2752 αὐτῆς
2465 2683 2659 2759 ἀρετῆς
2719 2681 2916 2749 ἕνεκεν,
2977 2681 3155 2759 οἵπερ,
3205 2683 3292 2738 ἐὰν
3358 2686 3432 2757 μὴ
3494 2685 3689 2760 εὕρωσι
3747 2684 3817 2741 δι’
3862 2688 3894 2744 ὂ

2249 2772 2658 2851 φιλοσοφοῦσιν,
2710 2772 2795 2827 ἐπὶ
2838 2774 2901 2827 τὸ
2954 2770 3238 2848 χλευάζειν
3308 2772 3616 2849 τρέπονται.
3666 2778 3765 2830 Διά
3821 2774 3892 2847 δὴ

2244 2860 2371 2923 τοὺς
2400 2861 2682 2925 τοιούτους
2714 2858 3020 2932 ἐπιτήδειόν
3045 2882 3166 2917 τινα
3195 2862 3329 2938 πρὸς
3360 2863 3421 2917 τὸ
3471 2859 3689 2932 ἷδιάζειν
3722 2864 3891 2920 τόπον

2246 2948 2638 3023 ὲπιλεξώμεθα.

2317 3041 2383 3096 Χ.
2415 3040 2513 3094 Καί
2542 3060 2625 3101 τις
2662 3039 2713 3093 ἐν
2748 3039 2931 3101 αὐτοῖς
2981 3038 3246 3101 πλούσιος
3294 3039 3452 3115 ἀνὴρ,
3484 3039 3573 3094 καὶ
3623 3037 3712 3095 διὰ
3756 3062 3894 3097 παν-

2246 3129 2340 3191 τὸς
2387 3130 2573 3204 χῶρόν
2618 3150 2739 3184 τινα
2781 3131 2931 3187 ’125
2984 3128 3107 3204 περὶ
3146 3128 3330 3183 ἑαυτὸν
3359 3129 3687 3201 κεκτημένος
3744 3151 3894 3204 παμ-

2253 3220 2438 3291 μήνων
2481 3216 2704 3293 φύλλων
2746 3220 2813 3287 ⁸⁵,
2862 3216 2985 3294 ἔφη’
3019 3213 3238 3285 Ἐπειδή
3288 3214 3493 3293 σφόδρα
3539 3222 3721 3291 καῦμα
3773 3218 3895 3273 ἐπι-

2246 3305 2453 3383 φλέγει,
2491 3304 2668 3382 βραχὺ
2695 3312 2796 3375 τῆς
2844 3308 2888 3342 ⁸⁸
2919 3303 3132 3366 πόλεως
3178 3304 3255 3366 εἷς
3298 3304 3463 3377 ἐμοὺς
3509 3308 3721 3376 κήπους
3765 3308 3897 3363 ὑπο-

2247 3398 2614 3471 χωρήσωμεν.
2650 3395 2745 3449 Καὶ
2806 3392 2873 3463 δὴ
2931 3393 3213 3470 προϊόντες
3272 3393 3600 3464 ἐκαθέζοντο,
3652 3393 3777 3459 ἔνθα
3824 3398 3894 3467 ἦν

2243 3484 2451 3557 καθαρὰ
2479 3487 2704 3559 ψυχρῶν
2754 3482 3005 3555 ναμάτων
3060 3481 3299 3558 ῥεύματα
3344 3482 3433 3537 καὶ
3480 3480 3711 3559 δένδρων
3760 3505 3894 3539 παν-

2241 3573 2403 3628 τοίων
2438 3571 2645 3648 χλοερά
2674 3571 2867 3642 σκέπη.
2899 3574 3063 3635 Ἔνθα
3103 3570 3212 3646 ἐγὼ
3259 3570 3507 3643 ἀσμένως
3556 3570 3893 3645 ἐκαθεζόμην

2243 3662 2331 3716 καὶ
2382 3662 2434 3716 οἱ
2480 3660 2666 3716 λοιποὶ
2711 3660 2833 3737 περὶ
2879 3658 2996 3733 ἐμὲ,
3046 3659 3137 3715 καὶ
3186 3661 3571 3735 ἡσυχάζοντες,
3627 3661 3743 3715 ἀντὶ
3790 3668 3895 3731 τῆς

2248 3750 2559 3825 μελλούσης
2616 3748 2794 3821 ἀξιοῦν
2848 3770 2914 3822 με
2960 3752 3165 3827 φωνῆς,
3218 3745 3307 3803 διὰ
3350 3752 3448 3803 τοῦ
3496 3748 3749 3818 ἀτενίζειν
3810 3750 3892 3814 εἰς

2246 3840 2343 3913 ἐμὲ
2374 3839 2535 3909 δῆλοι
2567 3842 2701 3908 ἦσαν
2732 3841 2830 3907 τῆς
2864 3837 3207 3914 ὑποσχέσεως
3238 3840 3283 3875 ⁸⁸
3305 3838 3403 3906 τήν
3438 3834 3707 3911 ἀπόδειξιν
3741 3838 3902 3894 ἀπαι-

2243 3934 2482 3990 τοῦντες.
2515 3929 2612 3983 Καὶ
2642 3926 2709 3997 δὴ
2744 3927 2915 3989 οὕτως
2945 3925 3125 4002 λέγειν
3154 3927 3429 4002 ἠρξάμην·

2319 4020 2410 4076 ΧΙ.
2446 4016 2638 4088 Πολλή
2670 4038 2775 4089 τις,
2811 4017 2855 4070 ὦ
2886 4013 3075 4092 ἄνδρες
3107 4013 3404 4085 Ἕλληνες,
3435 4018 3469 4085 ἡ
3504 4012 3737 4093 διαφορᾶ
3764 4035 3898 4092 τυγ-

502 4108 617 4160 tem
671 4110 847 4176 atque
898 4106 1404 4163 consuetudinem.
1455 4106 1682 4162 Veritas
1732 4109 1887 4165 enim
1920 4113 2138 4171 sincere

2254 4109 2399 4185 χάνει
2433 4110 2545 4181 (83)
2576 4105 2833 4177 ἀληθείας
2862 4126 2922 4160 τε
2945 4105 3034 4160 καὶ
3066 4103 3368 4175 συνηθείας.
3400 4106 3461 4159 Ἠ
3496 4104 3590 4178 μὲν
3623 4106 3726 4180 γάρ
3758 4103 3903 4176 ἀλή-

497 4192 743 4263 quzesita
769 4192 1063 4249 invenitur
1093 4211 1106 4248 :
1141 4195 1499 4250 consuetudo
1530 4200 1745 4268 autem,
1780 4215 2138 4276 quaecunque

2254 4201 2365 4253 θεια
2438 4196 2677 4271 γνησίως
2761 4194 3063 4268 ζητουμένη
3144 4192 3462 4269 εὑρίσκεται,
3519 4193 3583 4248 τὰ
3640 4191 3698 4249 δὲ
3753 4191 3907 4266 ἔθος,

498 4285 860 4353 assumatur,
904 4299 1005 4338 seu
1055 4300 1208 4350 vera,
1259 4300 1362 4339 seu
1413 4283 1578 4355 falsa,
1611 4290 1828 4344 temere
1860 4306 1894 4343 a
1922 4307 1983 4347 se
2015 4292 2138 4365 ipsa

2254 4290 2441 4343 ὁποῖον
2471 4286 2530 4340 ἂν
2558 4288 2910 4362 παραθηφθῇ,
2946 4281 3051 4338 εἷ’τε
3101 4282 3299 4353 ἀληθὲς
3348 4279 3453 4337 εἷίεε
3502 4280 3716 4357 ψευδὲς,
3749 4282 3905 4358 ἀκρί-

499 4370 917 4439 conﬁrmatur;
952 4388 1142 4443 neque
1172 4389 1303 4427 cum
1325 4388 1461 4428 vera
1489 4373 1905 4445 est,laetaturis
1934 4380 2030 4451 qui
2054 4398 2138 4438 as-

2254 4400 2358 4435 τως
2418 4376 2501 4454 ὑφ’
2532 4375 2723 4430 ἑαυτοῦ
2781 4372 3116 4450 κρατύνεται,
3141 4371 3231 4427 καὶ
3262 4367 3386 4427 οὕτε
3442 4370 3641 4442 ἀληθεῖ
3693 4373 3737 4408 ⁸⁷
3786 4364 3905 4426 ὄντι

1852 4517 2092 4578 νΑΡιῐᾸζ
2128 4520 2537 4579 LECTIONES.

562 4616 607 4651 ⁷⁵
635 4612 908 4701 ἀγνωσίας
934 4618 1170 4701 sinecoi
1203 4624 1262 4701 ρ.
1340 4620 1384 4655 ⁷⁸
1412 4612 1688 4701 ἀσεξεῖνρ
1720 4622 1779 4677 in
1813 4628 1992 4691 textu,
2028 4624 2155 4691 ἴσως
2188 4622 2422 4701 εὐσεϐεῖν
2456 4628 2531 4701 al.
2566 4641 2723 4701 mam
2754 4626 2815 4679 ira
2860 4638 3046 4701 marg.
3104 4622 3171 4701 Δτ’(
3210 4623 3300 4677 Ita
3347 4618 3558 4701 scripsi
3595 4635 3657 4701 _c.
3773 4634 3909 4701 v_e_r-

493 4687 701 4774 boruum
737 4688 821 4774 μή,
844 4693 921 4759 τῷ
952 4691 1153 4774 ordine
1184 4691 1456 4774 ninvers'o,
1477 4691 1551 4762 μὴ
1588 4689 1760 4774 θέλειν
1791 4687 1993 4774 τὼτοῦ
2024 4687 2225 4774 πατρὸς
2248 4697 2560 4774 ἀκολουθεῖν
2596 4694 2957 4774 ΟέΓιιῑῃ-μέν
2989 4687 3122 4774 post
3140 4692 3178 4774 ῥ
3211 4696 3434 4774 οῳηολ
3457 4687 3500 4726 π
3527 4690 3826 4774 ξρῖςρεεεῐ
3846 4690 3910 4746 in

494 4762 582 4845 0.,
633 4760 677 4794 ⁷ο
730 4758 821 4845 καί
859 4758 995 4845 _om.
1047 4766 1108 4815 Ο.
1171 4763 1229 4845 ,⁸ο
1284 4781 1342 4815 τε
1381 4758 1616 4845 inserui
1638 4782 1692 4845 c_1
1842 4758 1897 4802 ἐί
1932 4774 2013 4845 Ita
2045 4777 2085 4845 Ο
2108 4758 2165 4845 κά,
2197 4758 2259 4839 L,
2292 4767 2722 4845 ﬂcpxdrapovp.
2799 4758 3010 4835 ⁸³ἀῦτὴ
3034 4767 3098 4845 ξ,
3132 4768 3193 4845 ρ,
3228 4762 3358 4845 αὐτή
3395 4762 3484 4845 C.._
3610 4758 3749 4834 μέγα
3777 4779 3913 4837 ippo-

489 4827 725 4915 v‘ouwwx
754 4836 819 4915 0‘.
859 4832 905 4867 ⁸⁴
935 4831 1552 4915 παμμιούσωνηφςύλλων
1577 4835 1637 4891 C.
1657 4836 1814 4891 Prior
1842 4856 1948 4895 vox
1979 4827 2162 4915 dubio
2188 4827 2505 4915 procul'Est
2534 4827 2801 4915 barbara,
2826 4854 2931 4915 nec
2960 4827 3103 4915 satis
3137 4827 3320 4915 liquet
3341 4827 3487 4915 :quid
3511 4834 3587 4889 sit
3611 4827 3911 4915 reponen-

496 4902 656 4990 du‘n‘i.
686 4904 850 4990 Forte
880 4901 1211 4990 παμμίκτων
1242 4901 1490 4990 φύλλων,
1514 4924 1646 4962 nam
1682 4915 1886 4980 postea
1909 4901 2449 4990 navcbzmvfaeapcv
2480 4910 2767 4990 meminit.
2787 4901 3223 4990 D..Crediderim
3244 4901 3563 4990 legi-posse.
3588 4901 3907 4990 πεμμῄνων

492 4969 737 5055 φύλλων,
766 4981 830 5029 ut
860 4969 1265 5067 significentur
1292 4969 1526 5067 arbores
1559 4995 1660 5051 per
1683 4969 1893 5067 omnes
1915 5002 2156 5065 .menses
2189 4969 2352 5043 (οΙὶἱέ
2372 4982 2973 5067 abundantem-etiam
3007 4979 3217 5067 media.
3239 4969 3458 5067 testate.
3509 4969 3915 5067 01.35am“

492 5047 1165 5117 eonjectaverit—aliquis
1220 5047 1575 5122 παμμυρίωνῖ
1610 5052 1717 5105 Sed
1777 5055 2025 5111 maxime
2084 5057 2287 5128 placet,
2321 5058 2471 5126 quod
2506 5052 2806 5126 proposuit
2835 5052 3156 5107 Lobeckius
3188 5049 3471 5129 AglaOph.
3506 5065 3562 5119 p.
3600 5047 3725 5116 107,
3756 5064 3909 5128 παμ-

492 5111 752 5170 πλούσιον
787 5115 1010 5181 φύλλων
1052 5122 1106 5181 8,
1139 5119 1483 5181 παμμούσων
1516 5117 1739 5181 φύλλων
1777 5128 1835 5176 Ο.
1869 5126 2192 5181 Cotelerius
2217 5145 2414 5181 vocem
2445 5122 2810 5181 παμμιούσων
2840 5123 2897 5177 in
2930 5123 3087 5178 calce
3117 5121 3395 5177 editionis
3426 5136 3547 5175 sum
3578 5122 3827 5173 mutavxt
3851 5133 3911 5172 In

490 5134 752 5170 πΛουσιον
787 5134 1010 5193 φυΛΛων
1052 5134 1106 5190 δ,
1139 5134 1483 5191 παμμουσων
1516 5134 1739 5197 φῡΛΛων
1777 5134 1835 5176 Ο.
1869 5134 2192 5184 Uotelerius
2217 5145 2414 5184 vocem
2445 5134 2810 5199 παμμιοὺσων
2840 5141 2897 5177 1n
2930 5134 3087 5178 calce
3117 5134 3395 5177 editionis
3426 5136 3547 5175 sum
3578 5134 3827 5199 mutavu.
3851 5134 3909 5200 In

489 5186 849 5273 ξιταμιμούσιιυχ³
927 5191 1084 5273 8:‘ltAa
1113 5194 1230 5273 Oﬁc.
1254 5192 1320 5273 VS',
1359 5190 1535 5273 βραχὺ
1566 5194 1635 5264 τῇ
1670 5194 1864 5273 C,_qui
1930 5199 2217 5273 conjecit__
2241 5197 2418 5273 βρρχύ
2446 5218 2519 5252 τι.
2595 5197 2639 5232 ⁸⁸
2671 5194 2974 5257 ὑποθέσεως
3005 5194 3065 5250 S.
3140 5192 3185 5227 ⁸⁷
3219 5192 3304 5247 Ita
3354 5191 3511 5262 conj.
3544 5188 3607 5256 C,
3671 5205 3730 5244 In
3787 5203 3909 5261 οιῃ.

488 5262 651 5314 textu
684 5258 907 5330 ἀληθὲς.
940 5262 1006 5317 Et
1034 5266 1093 5315 Ο.
1128 5258 1444 5332 ἀληθές,’ἱή
1466 5258 1662 5336 ’ξηαπ-ς.
1698 5258 1971 5325 aL'man.
2011 5258 2138 5331 ἴσως
2167 5258 2385 5340 ἀληθέῗῖ

1933 5402 2218 5461 VARIUM
2258 5404 2486 5461 NOTIE.

563 5507 674 5595 (8.3)
699 5580 711 5595 .
733 5511 984 5595 “fama.
1040 5510 1321 5595 τεγχάνςιο
1358 5513 1593 5595 “Tuum
1680 5521 1903 5595 φοραὶ-ί
1937 5520 2141 5595 eodem
2250 5519 2395 5595 τύχῃ
2422 5524 2480 5577 et
2509 5516 2762 5593 πατρῴαν
2797 5518 3096 5584 scribitur,
3130 5517 3271 5571 item
3316 5511 3532 5570 rectius
3565 5504 3918 5579 ἀληθεύοντι.

494 5581 667 5665 modo
697 5580 948 5665 habetur
974 5585 1038 5665 in
1075 5580 1295 5665 Ebtbgis
1338 5586 1694 5665 .D_amasceni
1751 5580 1946 5665 capite
2012 5589 2143 5665 Περὶ
2254 5580 2390 5650 Ου’ἆῖ

494 5650 773 5722 συνηθείας
832 5659 1094 5730 πονηράς,
1130 5650 1261 5725 etc.,
1296 5654 1409 5711 nisi
1468 5658 1622 5729 quod
1683 5650 1982 5717 omittitur
2036 5650 2145 5722 νόκ
