  <div class='ocr_page' id='page_1' title='image "/cluster/home/n/w/nwhite01/storage/ocr_20150623/2/hvd.32044073501421/093.png"; bbox 0 0 4114 6338; ppageno 0'>
   <div class='ocr_carea' id='block_1_1' title="bbox 481 320 593 380">
    <p class='ocr_par' dir='ltr' id='par_1_1' title="bbox 481 320 593 380">
     <span class='ocr_line' id='line_1_1' title="bbox 481 320 593 380; baseline 0.009 -1"><span class='ocrx_word' id='word_1_1' title='bbox 481 320 593 380; x_wconf 74' lang='grc'><strong>167</strong></span> 
     </span>
    </p>
   </div>
   <div class='ocr_carea' id='block_1_2' title="bbox 1308 306 3059 371">
    <p class='ocr_par' dir='ltr' id='par_1_2' title="bbox 1308 306 3059 371">
     <span class='ocr_line' id='line_1_2' title="bbox 1308 306 3059 371; baseline -0.003 0"><span class='ocrx_word' id='word_1_2' title='bbox 1308 315 1374 371; x_wconf 86' lang='lat' dir='ltr'><strong>S.</strong></span> <span class='ocrx_word' id='word_1_3' title='bbox 1421 310 1863 371; x_wconf 79' lang='lat' dir='ltr'><strong>CLEMENTIS</strong></span> <span class='ocrx_word' id='word_1_4' title='bbox 1907 308 1932 369; x_wconf 88' lang='grc' dir='ltr'><strong>Ι</strong></span> <span class='ocrx_word' id='word_1_5' title='bbox 1978 308 2167 368; x_wconf 77' lang='grc' dir='ltr'><strong>ΒΟΜ.</strong></span> <span class='ocrx_word' id='word_1_6' title='bbox 2214 307 2443 367; x_wconf 85' lang='grc' dir='ltr'><strong>ΡΟΝΤ.</strong></span> <span class='ocrx_word' id='word_1_7' title='bbox 2490 306 2747 367; x_wconf 83' lang='lat' dir='ltr'><strong>OPERA</strong></span> <span class='ocrx_word' id='word_1_8' title='bbox 2797 306 3059 369; x_wconf 79' lang='lat' dir='ltr'><strong>DUBlA.</strong></span> 
     </span>
    </p>
   </div>
   <div class='ocr_carea' id='block_1_3' title="bbox 3764 303 3892 365">
    <p class='ocr_par' dir='ltr' id='par_1_3' title="bbox 3764 303 3892 365">
     <span class='ocr_line' id='line_1_3' title="bbox 3764 303 3892 365; baseline 0 -1"><span class='ocrx_word' id='word_1_9' title='bbox 3764 303 3892 365; x_wconf 71' lang='grc'><strong>168</strong></span> 
     </span>
    </p>
   </div>
   <div class='ocr_carea' id='block_1_4' title="bbox 481 430 2135 522">
    <p class='ocr_par' dir='ltr' id='par_1_4' title="bbox 481 438 2123 522">
     <span class='ocr_line' id='line_1_4' title="bbox 481 438 2123 522; baseline -0.007 -18"><span class='ocrx_word' id='word_1_10' title='bbox 481 449 577 522; x_wconf 90' lang='lat' dir='ltr'><strong>pia</strong></span> <span class='ocrx_word' id='word_1_11' title='bbox 606 447 835 514; x_wconf 68' lang='lat' dir='ltr'><strong>sit,vitaa</strong></span> <span class='ocrx_word' id='word_1_12' title='bbox 854 463 966 502; x_wconf 93' lang='lat' dir='ltr'><strong>non</strong></span> <span class='ocrx_word' id='word_1_13' title='bbox 1000 448 1157 500; x_wconf 81' lang='lat' dir='ltr'>esset</span> <span class='ocrx_word' id='word_1_14' title='bbox 1186 440 1677 515; x_wconf 87' lang='lat' dir='ltr'><strong>inutilis.Singula</strong></span> <span class='ocrx_word' id='word_1_15' title='bbox 1706 455 1960 511; x_wconf 82' lang='lat' dir='ltr'><strong>namque</strong></span> <span class='ocrx_word' id='word_1_16' title='bbox 1980 438 2123 493; x_wconf 92' lang='lat' dir='ltr'><strong>dum</strong></span> 
     </span>
    </p>
   </div>
   <div class='ocr_carea' id='block_1_5' title="bbox 2249 430 3887 522">
    <p class='ocr_par' dir='ltr' id='par_1_5' title="bbox 2249 430 3887 514">
     <span class='ocr_line' id='line_1_5' title="bbox 2249 430 3887 514; baseline 0 -25"><span class='ocrx_word' id='word_1_17' title='bbox 2249 430 2400 505; x_wconf 69' lang='grc' dir='ltr'>τεόής</span> <span class='ocrx_word' id='word_1_18' title='bbox 2432 456 2493 510; x_wconf 90' lang='grc' dir='ltr'><strong>γε</strong></span> <span class='ocrx_word' id='word_1_19' title='bbox 2523 432 2616 507; x_wconf 79' lang='grc' dir='ltr'><strong>ὢν,</strong></span> <span class='ocrx_word' id='word_1_20' title='bbox 2648 434 2747 490; x_wconf 80' lang='grc' dir='ltr'><strong>οὐκ</strong></span> <span class='ocrx_word' id='word_1_21' title='bbox 2775 434 3090 514; x_wconf 84' lang='grc' dir='ltr'>ἀσύμφορος</span> <span class='ocrx_word' id='word_1_22' title='bbox 3121 434 3179 489; x_wconf 81' lang='grc' dir='ltr'>ἃν</span> <span class='ocrx_word' id='word_1_23' title='bbox 3214 431 3296 504; x_wconf 60' lang='grc' dir='ltr'>εἷίη</span> <span class='ocrx_word' id='word_1_24' title='bbox 3328 438 3407 505; x_wconf 87' lang='grc' dir='ltr'>τῷ</span> <span class='ocrx_word' id='word_1_25' title='bbox 3455 434 3580 510; x_wconf 85' lang='grc' dir='ltr'>βίῳ.</span> <span class='ocrx_word' id='word_1_26' title='bbox 3613 437 3887 497; x_wconf 74' lang='grc' dir='ltr'>’Έκαστος</span> 
     </span>
    </p>
   </div>
   <div class='ocr_carea' id='block_1_6' title="bbox 482 528 2127 610">
    <p class='ocr_par' dir='ltr' id='par_1_6' title="bbox 482 528 2127 610">
     <span class='ocr_line' id='line_1_6' title="bbox 482 528 2127 610; baseline -0.009 -15"><span class='ocrx_word' id='word_1_27' title='bbox 482 540 819 610; x_wconf 76' lang='lat' dir='ltr'><strong>exspectant</strong></span> <span class='ocrx_word' id='word_1_28' title='bbox 849 536 1111 590; x_wconf 90' lang='lat' dir='ltr'><strong>futurum</strong></span> <span class='ocrx_word' id='word_1_29' title='bbox 1128 549 1263 603; x_wconf 81' lang='lat' dir='ltr'><strong>erga</strong></span> <span class='ocrx_word' id='word_1_30' title='bbox 1285 549 1345 587; x_wconf 89' lang='lat' dir='ltr'><strong>se</strong></span> <span class='ocrx_word' id='word_1_31' title='bbox 1367 532 1464 587; x_wconf 85' lang='lat' dir='ltr'><strong>Dei</strong></span> <span class='ocrx_word' id='word_1_32' title='bbox 1492 536 1703 586; x_wconf 88' lang='lat' dir='ltr'><strong>cuncta</strong></span> <span class='ocrx_word' id='word_1_33' title='bbox 1734 529 2014 585; x_wconf 79' lang='lat' dir='ltr'><strong>intuentis</strong></span> <span class='ocrx_word' id='word_1_34' title='bbox 2028 528 2127 598; x_wconf 92' lang='lat' dir='ltr'><strong>ju-</strong></span> 
     </span>
    </p>
   </div>
   <div class='ocr_carea' id='block_1_7' title="bbox 482 618 2128 695">
    <p class='ocr_par' dir='ltr' id='par_1_7' title="bbox 482 618 2128 695">
     <span class='ocr_line' id='line_1_7' title="bbox 482 618 2128 695; baseline -0.007 -12"><span class='ocrx_word' id='word_1_35' title='bbox 482 626 805 695; x_wconf 91' lang='lat' dir='ltr'><strong>dicium,ad</strong></span> <span class='ocrx_word' id='word_1_36' title='bbox 832 626 1152 694; x_wconf 73' lang='lat' dir='ltr'><strong>temperate</strong></span> <span class='ocrx_word' id='word_1_37' title='bbox 1180 621 1489 676; x_wconf 90' lang='lat' dir='ltr'><strong>vivendum</strong></span> <span class='ocrx_word' id='word_1_38' title='bbox 1526 620 1806 690; x_wconf 81' lang='lat' dir='ltr'><strong>majorem</strong></span> <span class='ocrx_word' id='word_1_39' title='bbox 1840 618 2128 689; x_wconf 86' lang='lat' dir='ltr'><strong>impetum</strong></span> 
     </span>
    </p>
   </div>
   <div class='ocr_carea' id='block_1_8' title="bbox 483 709 2132 787">
    <p class='ocr_par' dir='ltr' id='par_1_8' title="bbox 483 709 2132 787">
     <span class='ocr_line' id='line_1_8' title="bbox 483 709 2132 787; baseline -0.008 -15"><span class='ocrx_word' id='word_1_40' title='bbox 483 713 913 787; x_wconf 89' lang='lat' dir='ltr'><strong>capiunt.Quod</strong></span> <span class='ocrx_word' id='word_1_41' title='bbox 946 711 993 767; x_wconf 93' lang='lat' dir='ltr'><strong>si</strong></span> <span class='ocrx_word' id='word_1_42' title='bbox 1026 712 1169 767; x_wconf 92' lang='lat' dir='ltr'><strong>adeo</strong></span> <span class='ocrx_word' id='word_1_43' title='bbox 1189 726 1323 765; x_wconf 89' lang='lat' dir='ltr'><strong>vera</strong></span> <span class='ocrx_word' id='word_1_44' title='bbox 1353 709 1430 765; x_wconf 86' lang='lat' dir='ltr'><strong>sit</strong></span> <span class='ocrx_word' id='word_1_45' title='bbox 1459 709 1965 771; x_wconf 70' lang='lat' dir='ltr'><strong>doctrina,aaterno</strong></span> <span class='ocrx_word' id='word_1_46' title='bbox 1997 722 2132 776; x_wconf 90' lang='lat' dir='ltr'><strong>sup-</strong></span> 
     </span>
    </p>
   </div>
   <div class='ocr_carea' id='block_1_9' title="bbox 412 794 2128 878">
    <p class='ocr_par' dir='ltr' id='par_1_9' title="bbox 412 794 2128 878">
     <span class='ocr_line' id='line_1_9' title="bbox 412 794 2128 878; baseline -0.009 -15"><span class='ocrx_word' id='word_1_47' title='bbox 412 864 415 865; x_wconf 62' lang='lat'>,</span> <span class='ocrx_word' id='word_1_48' title='bbox 484 804 657 878; x_wconf 90' lang='lat' dir='ltr'><strong>plicio</strong></span> <span class='ocrx_word' id='word_1_49' title='bbox 688 802 896 857; x_wconf 81' lang='lat' dir='ltr'><strong>liberat</strong></span> <span class='ocrx_word' id='word_1_50' title='bbox 924 816 1056 856; x_wconf 91' lang='lat' dir='ltr'><strong>eum</strong></span> <span class='ocrx_word' id='word_1_51' title='bbox 1108 800 1207 871; x_wconf 87' lang='lat' dir='ltr'><strong>qui</strong></span> <span class='ocrx_word' id='word_1_52' title='bbox 1241 799 1419 853; x_wconf 89' lang='lat' dir='ltr'><strong>vitam</strong></span> <span class='ocrx_word' id='word_1_53' title='bbox 1454 797 1812 853; x_wconf 79' lang='lat' dir='ltr'><strong>moderatam</strong></span> <span class='ocrx_word' id='word_1_54' title='bbox 1852 794 2128 860; x_wconf 81' lang='lat' dir='ltr'><strong>traduxit,</strong></span> 
     </span>
    </p>
   </div>
   <div class='ocr_carea' id='block_1_10' title="bbox 484 883 2132 963">
    <p class='ocr_par' dir='ltr' id='par_1_10' title="bbox 484 883 2132 963">
     <span class='ocr_line' id='line_1_10' title="bbox 484 883 2132 963; baseline -0.008 -14"><span class='ocrx_word' id='word_1_55' title='bbox 484 892 779 963; x_wconf 81' lang='lat' dir='ltr'><strong>simulque</strong></span> <span class='ocrx_word' id='word_1_56' title='bbox 811 906 914 963; x_wconf 93' lang='lat' dir='ltr'><strong>pro</strong></span> <span class='ocrx_word' id='word_1_57' title='bbox 946 887 1228 944; x_wconf 83' lang='lat' dir='ltr'><strong>beneﬂcio</strong></span> <span class='ocrx_word' id='word_1_58' title='bbox 1267 886 1515 959; x_wconf 81' lang='lat' dir='ltr'><strong>largitur</strong></span> <span class='ocrx_word' id='word_1_59' title='bbox 1543 887 1740 939; x_wconf 91' lang='lat' dir='ltr'><strong>futura</strong></span> <span class='ocrx_word' id='word_1_60' title='bbox 1769 902 1802 939; x_wconf 93' lang='lat' dir='ltr'><strong>a</strong></span> <span class='ocrx_word' id='word_1_61' title='bbox 1832 884 1946 938; x_wconf 94' lang='lat' dir='ltr'><strong>Deo</strong></span> <span class='ocrx_word' id='word_1_62' title='bbox 1976 883 2132 937; x_wconf 88' lang='lat' dir='ltr'><strong>bona</strong></span> 
     </span>
    </p>
   </div>
   <div class='ocr_carea' id='block_1_11' title="bbox 486 976 1151 1038">
    <p class='ocr_par' dir='ltr' id='par_1_11' title="bbox 486 976 1151 1038">
     <span class='ocr_line' id='line_1_11' title="bbox 486 976 1151 1038; baseline -0.012 0"><span class='ocrx_word' id='word_1_63' title='bbox 486 988 701 1038; x_wconf 62' lang='lat' dir='ltr'><strong>aeterna</strong></span> <span class='ocrx_word' id='word_1_64' title='bbox 728 985 785 1036; x_wconf 91' lang='lat' dir='ltr'><strong>et</strong></span> <span class='ocrx_word' id='word_1_65' title='bbox 816 976 1151 1034; x_wconf 79' lang='lat' dir='ltr'><strong>ineﬁ‘abilia.</strong></span> 
     </span>
    </p>
   </div>
   <div class='ocr_carea' id='block_1_12' title="bbox 556 1076 2131 1156">
    <p class='ocr_par' dir='ltr' id='par_1_12' title="bbox 556 1076 2131 1156">
     <span class='ocr_line' id='line_1_12' title="bbox 556 1076 2131 1156; baseline -0.007 -13"><span class='ocrx_word' id='word_1_66' title='bbox 556 1087 788 1143; x_wconf 87' lang='lat' dir='ltr'><strong>XV.Sed</strong></span> <span class='ocrx_word' id='word_1_67' title='bbox 820 1086 889 1141; x_wconf 89' lang='lat' dir='ltr'><strong>ad</strong></span> <span class='ocrx_word' id='word_1_68' title='bbox 924 1083 1179 1156; x_wconf 84' lang='lat' dir='ltr'><strong>primam</strong></span> <span class='ocrx_word' id='word_1_69' title='bbox 1213 1086 1469 1137; x_wconf 88' lang='lat' dir='ltr'><strong>revertor</strong></span> <span class='ocrx_word' id='word_1_70' title='bbox 1496 1080 1825 1135; x_wconf 67' lang='lat' dir='ltr'><strong>Graecorum</strong></span> <span class='ocrx_word' id='word_1_71' title='bbox 1850 1095 1916 1134; x_wconf 92' lang='lat' dir='ltr'><strong>ac</strong></span> <span class='ocrx_word' id='word_1_72' title='bbox 1946 1076 2131 1150; x_wconf 88' lang='lat' dir='ltr'><strong>genti-</strong></span> 
     </span>
    </p>
   </div>
   <div class='ocr_carea' id='block_1_13' title="bbox 484 1167 2133 1248">
    <p class='ocr_par' dir='ltr' id='par_1_13' title="bbox 484 1167 2133 1248">
     <span class='ocr_line' id='line_1_13' title="bbox 484 1167 2133 1248; baseline -0.007 -16"><span class='ocrx_word' id='word_1_73' title='bbox 484 1177 630 1232; x_wconf 89' lang='lat' dir='ltr'><strong>lium</strong></span> <span class='ocrx_word' id='word_1_74' title='bbox 661 1175 1151 1248; x_wconf 73' lang='lat' dir='ltr'><strong>opinionem,quaa</strong></span> <span class='ocrx_word' id='word_1_75' title='bbox 1184 1171 1325 1226; x_wconf 90' lang='lat' dir='ltr'><strong>deos</strong></span> <span class='ocrx_word' id='word_1_76' title='bbox 1357 1169 1653 1225; x_wconf 82' lang='lat' dir='ltr'><strong>fabulatur</strong></span> <span class='ocrx_word' id='word_1_77' title='bbox 1684 1167 1984 1237; x_wconf 86' lang='lat' dir='ltr'><strong>multos,et</strong></span> <span class='ocrx_word' id='word_1_78' title='bbox 2012 1184 2133 1221; x_wconf 91' lang='lat' dir='ltr'><strong>om-</strong></span> 
     </span>
    </p>
   </div>
   <div class='ocr_carea' id='block_1_14' title="bbox 483 1257 2131 1334">
    <p class='ocr_par' dir='ltr' id='par_1_14' title="bbox 483 1257 2131 1334">
     <span class='ocr_line' id='line_1_14' title="bbox 483 1257 2131 1334; baseline -0.007 -13"><span class='ocrx_word' id='word_1_79' title='bbox 483 1266 658 1321; x_wconf 84' lang='lat' dir='ltr'><strong>nibus</strong></span> <span class='ocrx_word' id='word_1_80' title='bbox 688 1262 969 1320; x_wconf 84' lang='lat' dir='ltr'><strong>obnoxios</strong></span> <span class='ocrx_word' id='word_1_81' title='bbox 996 1259 1554 1334; x_wconf 81' lang='lat' dir='ltr'><strong>perturbationibus.</strong></span> <span class='ocrx_word' id='word_1_82' title='bbox 1579 1260 1659 1313; x_wconf 90' lang='lat' dir='ltr'><strong>Ac</strong></span> <span class='ocrx_word' id='word_1_83' title='bbox 1691 1274 1764 1313; x_wconf 90' lang='lat' dir='ltr'><strong>ne</strong></span> <span class='ocrx_word' id='word_1_84' title='bbox 1794 1257 1852 1311; x_wconf 94' lang='lat' dir='ltr'><strong>in</strong></span> <span class='ocrx_word' id='word_1_85' title='bbox 1885 1273 1976 1312; x_wconf 89' lang='lat' dir='ltr'><strong>res</strong></span> <span class='ocrx_word' id='word_1_86' title='bbox 2008 1272 2131 1312; x_wconf 89' lang='lat' dir='ltr'><strong>cer-</strong></span> 
     </span>
    </p>
   </div>
   <div class='ocr_carea' id='block_1_15' title="bbox 483 1346 2131 1419">
    <p class='ocr_par' dir='ltr' id='par_1_15' title="bbox 483 1346 2131 1419">
     <span class='ocr_line' id='line_1_15' title="bbox 483 1346 2131 1419; baseline -0.007 -9"><span class='ocrx_word' id='word_1_87' title='bbox 483 1359 574 1410; x_wconf 87' lang='lat' dir='ltr'><strong>tas</strong></span> <span class='ocrx_word' id='word_1_88' title='bbox 607 1352 860 1409; x_wconf 91' lang='lat' dir='ltr'><strong>multum</strong></span> <span class='ocrx_word' id='word_1_89' title='bbox 894 1352 1192 1406; x_wconf 91' lang='lat' dir='ltr'><strong>insumam</strong></span> <span class='ocrx_word' id='word_1_90' title='bbox 1225 1347 1525 1419; x_wconf 90' lang='lat' dir='ltr'><strong>temporis,</strong></span> <span class='ocrx_word' id='word_1_91' title='bbox 1560 1350 1699 1402; x_wconf 91' lang='lat' dir='ltr'><strong>dum</strong></span> <span class='ocrx_word' id='word_1_92' title='bbox 1747 1346 2131 1415; x_wconf 83' lang='lat' dir='ltr'><strong>uniuscujus-</strong></span> 
     </span>
    </p>
   </div>
   <div class='ocr_carea' id='block_1_16' title="bbox 486 1434 2130 1517">
    <p class='ocr_par' dir='ltr' id='par_1_16' title="bbox 486 1434 2130 1517">
     <span class='ocr_line' id='line_1_16' title="bbox 486 1434 2130 1517; baseline -0.006 -18"><span class='ocrx_word' id='word_1_93' title='bbox 486 1461 598 1517; x_wconf 88' lang='lat' dir='ltr'><strong>que</strong></span> <span class='ocrx_word' id='word_1_94' title='bbox 626 1458 827 1499; x_wconf 91' lang='lat' dir='ltr'><strong>eorum</strong></span> <span class='ocrx_word' id='word_1_95' title='bbox 873 1441 972 1512; x_wconf 90' lang='lat' dir='ltr'><strong>qui</strong></span> <span class='ocrx_word' id='word_1_96' title='bbox 1004 1438 1159 1511; x_wconf 91' lang='lat' dir='ltr'><strong>apud</strong></span> <span class='ocrx_word' id='word_1_97' title='bbox 1208 1454 1309 1493; x_wconf 89' lang='lat' dir='ltr'><strong>vos</strong></span> <span class='ocrx_word' id='word_1_98' title='bbox 1362 1436 1441 1491; x_wconf 89' lang='lat' dir='ltr'><strong>dii</strong></span> <span class='ocrx_word' id='word_1_99' title='bbox 1491 1436 1869 1491; x_wconf 90' lang='lat' dir='ltr'><strong>nominantur</strong></span> <span class='ocrx_word' id='word_1_100' title='bbox 1917 1434 2130 1504; x_wconf 91' lang='lat' dir='ltr'><strong>impios</strong></span> 
     </span>
    </p>
   </div>
   <div class='ocr_carea' id='block_1_17' title="bbox 485 1522 2130 1596">
    <p class='ocr_par' dir='ltr' id='par_1_17' title="bbox 485 1522 2130 1596">
     <span class='ocr_line' id='line_1_17' title="bbox 485 1522 2130 1596; baseline -0.007 -7"><span class='ocrx_word' id='word_1_101' title='bbox 485 1538 650 1590; x_wconf 86' lang='lat' dir='ltr'><strong>actus</strong></span> <span class='ocrx_word' id='word_1_102' title='bbox 699 1546 988 1595; x_wconf 75' lang='lat' dir='ltr'><strong>recenseo,</strong></span> <span class='ocrx_word' id='word_1_103' title='bbox 1022 1532 1263 1582; x_wconf 90' lang='lat' dir='ltr'><strong>cunctos</strong></span> <span class='ocrx_word' id='word_1_104' title='bbox 1316 1525 1550 1596; x_wconf 90' lang='lat' dir='ltr'><strong>quidem</strong></span> <span class='ocrx_word' id='word_1_105' title='bbox 1602 1541 1715 1580; x_wconf 89' lang='lat' dir='ltr'><strong>non</strong></span> <span class='ocrx_word' id='word_1_106' title='bbox 1759 1523 1946 1579; x_wconf 91' lang='lat' dir='ltr'><strong>dicam</strong></span> <span class='ocrx_word' id='word_1_107' title='bbox 2001 1522 2130 1577; x_wconf 85' lang='lat' dir='ltr'><strong>illo-</strong></span> 
     </span>
    </p>
   </div>
   <div class='ocr_carea' id='block_1_18' title="bbox 486 1611 2128 1687">
    <p class='ocr_par' dir='ltr' id='par_1_18' title="bbox 486 1611 2128 1687">
     <span class='ocr_line' id='line_1_18' title="bbox 486 1611 2128 1687; baseline -0.007 -10"><span class='ocrx_word' id='word_1_108' title='bbox 486 1638 616 1677; x_wconf 88' lang='lat' dir='ltr'><strong>rum</strong></span> <span class='ocrx_word' id='word_1_109' title='bbox 650 1635 899 1686; x_wconf 86' lang='lat' dir='ltr'><strong>amores,</strong></span> <span class='ocrx_word' id='word_1_110' title='bbox 932 1616 1111 1681; x_wconf 91' lang='lat' dir='ltr'><strong>Jovis,</strong></span> <span class='ocrx_word' id='word_1_111' title='bbox 1164 1614 1438 1687; x_wconf 86' lang='lat' dir='ltr'><strong>Neptuni,</strong></span> <span class='ocrx_word' id='word_1_112' title='bbox 1494 1612 1772 1683; x_wconf 82' lang='lat' dir='ltr'><strong>Plutonis,</strong></span> <span class='ocrx_word' id='word_1_113' title='bbox 1823 1611 2128 1685; x_wconf 87' lang='lat' dir='ltr'><strong>Apollinis.</strong></span> 
     </span>
    </p>
   </div>
   <div class='ocr_carea' id='block_1_19' title="bbox 486 1699 2131 1777">
    <p class='ocr_par' dir='ltr' id='par_1_19' title="bbox 486 1699 2131 1777">
     <span class='ocr_line' id='line_1_19' title="bbox 486 1699 2131 1777; baseline -0.008 -11"><span class='ocrx_word' id='word_1_114' title='bbox 486 1709 716 1777; x_wconf 85' lang='lat' dir='ltr'><strong>Bacchi,</strong></span> <span class='ocrx_word' id='word_1_115' title='bbox 750 1706 1033 1776; x_wconf 86' lang='lat' dir='ltr'><strong>Herculis,</strong></span> <span class='ocrx_word' id='word_1_116' title='bbox 1067 1721 1133 1760; x_wconf 85' lang='lat' dir='ltr'><strong>ac</strong></span> <span class='ocrx_word' id='word_1_117' title='bbox 1175 1703 1562 1776; x_wconf 79' lang='lat' dir='ltr'><strong>singulorum,</strong></span> <span class='ocrx_word' id='word_1_118' title='bbox 1596 1719 1743 1774; x_wconf 93' lang='lat' dir='ltr'><strong>quos</strong></span> <span class='ocrx_word' id='word_1_119' title='bbox 1782 1717 1968 1771; x_wconf 91' lang='lat' dir='ltr'><strong>neque</strong></span> <span class='ocrx_word' id='word_1_120' title='bbox 2019 1699 2131 1770; x_wconf 85' lang='lat' dir='ltr'><strong>ipsi</strong></span> 
     </span>
    </p>
   </div>
   <div class='ocr_carea' id='block_1_20' title="bbox 486 1790 2210 1873">
    <p class='ocr_par' dir='ltr' id='par_1_20' title="bbox 486 1790 2210 1873">
     <span class='ocr_line' id='line_1_20' title="bbox 486 1790 2210 1873; baseline -0.006 -19"><span class='ocrx_word' id='word_1_121' title='bbox 486 1798 995 1872; x_wconf 81' lang='lat' dir='ltr'><strong>ignoratis,utpote</strong></span> <span class='ocrx_word' id='word_1_122' title='bbox 1025 1795 1082 1849; x_wconf 93' lang='lat' dir='ltr'><strong>in</strong></span> <span class='ocrx_word' id='word_1_123' title='bbox 1105 1797 1430 1849; x_wconf 69' lang='lat' dir='ltr'><strong>Grezcorum</strong></span> <span class='ocrx_word' id='word_1_124' title='bbox 1462 1791 1674 1846; x_wconf 89' lang='lat' dir='ltr'><strong>litteris</strong></span> <span class='ocrx_word' id='word_1_125' title='bbox 1705 1790 2132 1861; x_wconf 89' lang='lat' dir='ltr'><strong>instituti,quas</strong></span> <span class='ocrx_word' id='word_1_126' title='bbox 2162 1807 2210 1873; x_wconf 82' lang='lat' dir='ltr'><strong>B</strong></span> 
     </span>
    </p>
   </div>
   <div class='ocr_carea' id='block_1_21' title="bbox 484 1878 2131 1954">
    <p class='ocr_par' dir='ltr' id='par_1_21' title="bbox 484 1878 2131 1954">
     <span class='ocr_line' id='line_1_21' title="bbox 484 1878 2131 1954; baseline -0.007 -10"><span class='ocrx_word' id='word_1_127' title='bbox 484 1888 634 1943; x_wconf 85' lang='lat' dir='ltr'><strong>vitas</strong></span> <span class='ocrx_word' id='word_1_128' title='bbox 661 1886 845 1943; x_wconf 90' lang='lat' dir='ltr'><strong>edocti</strong></span> <span class='ocrx_word' id='word_1_129' title='bbox 876 1884 1038 1954; x_wconf 88' lang='lat' dir='ltr'><strong>estis,</strong></span> <span class='ocrx_word' id='word_1_130' title='bbox 1072 1886 1136 1938; x_wconf 93' lang='lat' dir='ltr'><strong>ut</strong></span> <span class='ocrx_word' id='word_1_131' title='bbox 1164 1885 1446 1953; x_wconf 87' lang='lat' dir='ltr'><strong>tanquam</strong></span> <span class='ocrx_word' id='word_1_132' title='bbox 1479 1881 1719 1936; x_wconf 90' lang='lat' dir='ltr'><strong>deorum</strong></span> <span class='ocrx_word' id='word_1_133' title='bbox 1762 1878 2131 1934; x_wconf 67' lang='lat' dir='ltr'><strong>aemulatores</strong></span> 
     </span>
    </p>
   </div>
   <div class='ocr_carea' id='block_1_22' title="bbox 488 1974 1049 2047">
    <p class='ocr_par' dir='ltr' id='par_1_22' title="bbox 488 1974 1049 2047">
     <span class='ocr_line' id='line_1_22' title="bbox 488 1974 1049 2047; baseline -0.007 -15"><span class='ocrx_word' id='word_1_134' title='bbox 488 1976 707 2032; x_wconf 81' lang='lat' dir='ltr'><strong>similia</strong></span> <span class='ocrx_word' id='word_1_135' title='bbox 736 1974 1049 2047; x_wconf 88' lang='lat' dir='ltr'><strong>peragatis.</strong></span> 
     </span>
    </p>
   </div>
   <div class='ocr_carea' id='block_1_23' title="bbox 558 2073 2133 2151">
    <p class='ocr_par' dir='ltr' id='par_1_23' title="bbox 558 2073 2133 2151">
     <span class='ocr_line' id='line_1_23' title="bbox 558 2073 2133 2151; baseline -0.006 -13"><span class='ocrx_word' id='word_1_136' title='bbox 558 2082 828 2138; x_wconf 88' lang='lat' dir='ltr'><strong>XVI.Sed</strong></span> <span class='ocrx_word' id='word_1_137' title='bbox 862 2080 933 2136; x_wconf 91' lang='lat' dir='ltr'><strong>ab</strong></span> <span class='ocrx_word' id='word_1_138' title='bbox 963 2080 1090 2151; x_wconf 91' lang='lat' dir='ltr'><strong>ipso</strong></span> <span class='ocrx_word' id='word_1_139' title='bbox 1122 2076 1375 2133; x_wconf 84' lang='lat' dir='ltr'><strong>maximo</strong></span> <span class='ocrx_word' id='word_1_140' title='bbox 1407 2092 1540 2149; x_wconf 90' lang='lat' dir='ltr'><strong>rege</strong></span> <span class='ocrx_word' id='word_1_141' title='bbox 1566 2076 1704 2132; x_wconf 88' lang='lat' dir='ltr'><strong>Jove</strong></span> <span class='ocrx_word' id='word_1_142' title='bbox 1734 2073 2133 2140; x_wconf 83' lang='lat' dir='ltr'><strong>ordiar;illius</strong></span> 
     </span>
    </p>
   </div>
   <div class='ocr_carea' id='block_1_24' title="bbox 488 2163 2133 2243">
    <p class='ocr_par' dir='ltr' id='par_1_24' title="bbox 488 2163 2133 2243">
     <span class='ocr_line' id='line_1_24' title="bbox 488 2163 2133 2243; baseline -0.006 -16"><span class='ocrx_word' id='word_1_143' title='bbox 488 2171 725 2243; x_wconf 87' lang='lat' dir='ltr'><strong>quidem</strong></span> <span class='ocrx_word' id='word_1_144' title='bbox 759 2174 923 2242; x_wconf 89' lang='lat' dir='ltr'><strong>pater</strong></span> <span class='ocrx_word' id='word_1_145' title='bbox 949 2168 1258 2232; x_wconf 85' lang='lat' dir='ltr'><strong>Saturnus,</strong></span> <span class='ocrx_word' id='word_1_146' title='bbox 1292 2165 1489 2221; x_wconf 90' lang='lat' dir='ltr'><strong>liberis</strong></span> <span class='ocrx_word' id='word_1_147' title='bbox 1534 2166 1679 2235; x_wconf 90' lang='lat' dir='ltr'><strong>suis,</strong></span> <span class='ocrx_word' id='word_1_148' title='bbox 1715 2169 1779 2219; x_wconf 91' lang='lat' dir='ltr'><strong>ut</strong></span> <span class='ocrx_word' id='word_1_149' title='bbox 1810 2163 2010 2220; x_wconf 89' lang='lat' dir='ltr'><strong>soletis</strong></span> <span class='ocrx_word' id='word_1_150' title='bbox 2041 2178 2133 2218; x_wconf 88' lang='lat' dir='ltr'><strong>re-</strong></span> 
     </span>
    </p>
   </div>
   <div class='ocr_carea' id='block_1_25' title="bbox 487 2248 2133 2327">
    <p class='ocr_par' dir='ltr' id='par_1_25' title="bbox 487 2248 2133 2327">
     <span class='ocr_line' id='line_1_25' title="bbox 487 2248 2133 2327; baseline -0.007 -11"><span class='ocrx_word' id='word_1_151' title='bbox 487 2260 656 2327; x_wconf 85' lang='lat' dir='ltr'><strong>ferre,</strong></span> <span class='ocrx_word' id='word_1_152' title='bbox 690 2258 1063 2323; x_wconf 88' lang='lat' dir='ltr'><strong>devoratis,et</strong></span> <span class='ocrx_word' id='word_1_153' title='bbox 1093 2253 1469 2310; x_wconf 89' lang='lat' dir='ltr'><strong>adamantina</strong></span> <span class='ocrx_word' id='word_1_154' title='bbox 1499 2253 1644 2308; x_wconf 89' lang='lat' dir='ltr'><strong>falce</strong></span> <span class='ocrx_word' id='word_1_155' title='bbox 1674 2252 1960 2307; x_wconf 90' lang='lat' dir='ltr'><strong>demessis</strong></span> <span class='ocrx_word' id='word_1_156' title='bbox 1986 2248 2133 2322; x_wconf 91' lang='lat' dir='ltr'><strong>patri</strong></span> 
     </span>
    </p>
   </div>
   <div class='ocr_carea' id='block_1_26' title="bbox 488 2338 2133 2419">
    <p class='ocr_par' dir='ltr' id='par_1_26' title="bbox 488 2338 2133 2419">
     <span class='ocr_line' id='line_1_26' title="bbox 488 2338 2133 2419; baseline -0.005 -16"><span class='ocrx_word' id='word_1_157' title='bbox 488 2348 640 2403; x_wconf 66' lang='lat' dir='ltr'><strong>Caelo</strong></span> <span class='ocrx_word' id='word_1_158' title='bbox 682 2345 1055 2419; x_wconf 82' lang='lat' dir='ltr'><strong>genitalibus,</strong></span> <span class='ocrx_word' id='word_1_159' title='bbox 1092 2342 1321 2414; x_wconf 89' lang='lat' dir='ltr'><strong>pietatis</strong></span> <span class='ocrx_word' id='word_1_160' title='bbox 1351 2359 1489 2414; x_wconf 84' lang='lat' dir='ltr'><strong>erga</strong></span> <span class='ocrx_word' id='word_1_161' title='bbox 1519 2346 1785 2412; x_wconf 85' lang='lat' dir='ltr'><strong>parentes</strong></span> <span class='ocrx_word' id='word_1_162' title='bbox 1814 2346 1872 2395; x_wconf 91' lang='lat' dir='ltr'><strong>et</strong></span> <span class='ocrx_word' id='word_1_163' title='bbox 1916 2338 2133 2394; x_wconf 90' lang='lat' dir='ltr'><strong>amoris</strong></span> 
     </span>
    </p>
   </div>
   <div class='ocr_carea' id='block_1_27' title="bbox 489 2427 2135 2503">
    <p class='ocr_par' dir='ltr' id='par_1_27' title="bbox 489 2427 2135 2503">
     <span class='ocr_line' id='line_1_27' title="bbox 489 2427 2135 2503; baseline -0.006 -12"><span class='ocrx_word' id='word_1_164' title='bbox 489 2437 548 2491; x_wconf 91' lang='lat' dir='ltr'><strong>in</strong></span> <span class='ocrx_word' id='word_1_165' title='bbox 579 2434 877 2490; x_wconf 90' lang='lat' dir='ltr'><strong>liberosiis</strong></span> <span class='ocrx_word' id='word_1_166' title='bbox 906 2430 1262 2503; x_wconf 87' lang='lat' dir='ltr'><strong>quideorum</strong></span> <span class='ocrx_word' id='word_1_167' title='bbox 1283 2430 1557 2502; x_wconf 80' lang='lat' dir='ltr'><strong>mysteria</strong></span> <span class='ocrx_word' id='word_1_168' title='bbox 1580 2427 1931 2483; x_wconf 65' lang='lat' dir='ltr'><strong>aemulantur</strong></span> <span class='ocrx_word' id='word_1_169' title='bbox 1946 2432 2135 2483; x_wconf 80' lang='lat' dir='ltr'><strong>osten-</strong></span> 
     </span>
    </p>
   </div>
   <div class='ocr_carea' id='block_1_28' title="bbox 492 2515 2134 2593">
    <p class='ocr_par' dir='ltr' id='par_1_28' title="bbox 492 2515 2134 2593">
     <span class='ocr_line' id='line_1_28' title="bbox 492 2515 2134 2593; baseline -0.007 -13"><span class='ocrx_word' id='word_1_170' title='bbox 492 2526 581 2580; x_wconf 90' lang='lat' dir='ltr'><strong>dit</strong></span> <span class='ocrx_word' id='word_1_171' title='bbox 610 2521 1099 2593; x_wconf 78' lang='lat' dir='ltr'><strong>exemplumese</strong></span> <span class='ocrx_word' id='word_1_172' title='bbox 1126 2535 1261 2574; x_wconf 89' lang='lat' dir='ltr'><strong>vero</strong></span> <span class='ocrx_word' id='word_1_173' title='bbox 1286 2518 1515 2590; x_wconf 86' lang='lat' dir='ltr'><strong>Jupiter</strong></span> <span class='ocrx_word' id='word_1_174' title='bbox 1547 2522 1767 2589; x_wconf 89' lang='lat' dir='ltr'><strong>patrem</strong></span> <span class='ocrx_word' id='word_1_175' title='bbox 1800 2533 1972 2571; x_wconf 91' lang='lat' dir='ltr'><strong>suum</strong></span> <span class='ocrx_word' id='word_1_176' title='bbox 2003 2515 2134 2569; x_wconf 88' lang='lat' dir='ltr'><strong>vin-</strong></span> 
     </span>
    </p>
   </div>
   <div class='ocr_carea' id='block_1_29' title="bbox 491 2604 2134 2675">
    <p class='ocr_par' dir='ltr' id='par_1_29' title="bbox 491 2604 2134 2675">
     <span class='ocr_line' id='line_1_29' title="bbox 491 2604 2134 2675; baseline -0.005 -7"><span class='ocrx_word' id='word_1_177' title='bbox 491 2621 651 2669; x_wconf 89' lang='lat' dir='ltr'><strong>ctum</strong></span> <span class='ocrx_word' id='word_1_178' title='bbox 682 2612 741 2665; x_wconf 92' lang='lat' dir='ltr'><strong>in</strong></span> <span class='ocrx_word' id='word_1_179' title='bbox 772 2610 1014 2665; x_wconf 89' lang='lat' dir='ltr'><strong>Tartaro</strong></span> <span class='ocrx_word' id='word_1_180' title='bbox 1045 2606 1349 2674; x_wconf 90' lang='lat' dir='ltr'><strong>conclusit,</strong></span> <span class='ocrx_word' id='word_1_181' title='bbox 1382 2611 1438 2662; x_wconf 93' lang='lat' dir='ltr'><strong>et</strong></span> <span class='ocrx_word' id='word_1_182' title='bbox 1467 2607 1614 2662; x_wconf 90' lang='lat' dir='ltr'><strong>alios</strong></span> <span class='ocrx_word' id='word_1_183' title='bbox 1647 2605 1786 2660; x_wconf 89' lang='lat' dir='ltr'><strong>deos</strong></span> <span class='ocrx_word' id='word_1_184' title='bbox 1814 2604 2000 2675; x_wconf 91' lang='lat' dir='ltr'><strong>punit.</strong></span> <span class='ocrx_word' id='word_1_185' title='bbox 2025 2604 2134 2659; x_wconf 91' lang='lat' dir='ltr'><strong>Pro</strong></span> 
     </span>
    </p>
   </div>
   <div class='ocr_carea' id='block_1_30' title="bbox 493 2694 2134 2771">
    <p class='ocr_par' dir='ltr' id='par_1_30' title="bbox 493 2694 2134 2771">
     <span class='ocr_line' id='line_1_30' title="bbox 493 2694 2134 2771; baseline -0.006 -13"><span class='ocrx_word' id='word_1_186' title='bbox 493 2703 566 2758; x_wconf 93' lang='lat' dir='ltr'><strong>iis</strong></span> <span class='ocrx_word' id='word_1_187' title='bbox 596 2706 813 2765; x_wconf 89' lang='lat' dir='ltr'><strong>autem,</strong></span> <span class='ocrx_word' id='word_1_188' title='bbox 846 2698 947 2771; x_wconf 93' lang='lat' dir='ltr'><strong>qui</strong></span> <span class='ocrx_word' id='word_1_189' title='bbox 979 2698 1288 2753; x_wconf 78' lang='lat' dir='ltr'><strong>nefandam</strong></span> <span class='ocrx_word' id='word_1_190' title='bbox 1323 2702 1548 2768; x_wconf 86' lang='lat' dir='ltr'><strong>patrare</strong></span> <span class='ocrx_word' id='word_1_191' title='bbox 1578 2694 1777 2751; x_wconf 89' lang='lat' dir='ltr'><strong>volunt</strong></span> <span class='ocrx_word' id='word_1_192' title='bbox 1805 2694 2134 2750; x_wconf 89' lang='lat' dir='ltr'><strong>obscenita—</strong></span> 
     </span>
    </p>
   </div>
   <div class='ocr_carea' id='block_1_31' title="bbox 492 2782 2136 2860">
    <p class='ocr_par' dir='ltr' id='par_1_31' title="bbox 492 2782 2136 2860">
     <span class='ocr_line' id='line_1_31' title="bbox 492 2782 2136 2860; baseline -0.006 -13"><span class='ocrx_word' id='word_1_193' title='bbox 492 2796 634 2860; x_wconf 89' lang='lat' dir='ltr'><strong>tem,</strong></span> <span class='ocrx_word' id='word_1_194' title='bbox 669 2789 845 2845; x_wconf 89' lang='lat' dir='ltr'><strong>Metin</strong></span> <span class='ocrx_word' id='word_1_195' title='bbox 876 2804 1010 2843; x_wconf 90' lang='lat' dir='ltr'><strong>cum</strong></span> <span class='ocrx_word' id='word_1_196' title='bbox 1060 2786 1361 2858; x_wconf 84' lang='lat' dir='ltr'><strong>genuisset</strong></span> <span class='ocrx_word' id='word_1_197' title='bbox 1390 2785 1684 2854; x_wconf 90' lang='lat' dir='ltr'><strong>absorpsit</strong></span> <span class='ocrx_word' id='word_1_198' title='bbox 1714 2800 1727 2837; x_wconf 89' lang='lat'><strong>:</strong></span> <span class='ocrx_word' id='word_1_199' title='bbox 1771 2800 1940 2855; x_wconf 91' lang='lat' dir='ltr'><strong>porro</strong></span> <span class='ocrx_word' id='word_1_200' title='bbox 1972 2782 2136 2838; x_wconf 82' lang='lat' dir='ltr'><strong>Metis</strong></span> 
     </span>
    </p>
   </div>
   <div class='ocr_carea' id='block_1_32' title="bbox 493 2870 2133 2943">
    <p class='ocr_par' dir='ltr' id='par_1_32' title="bbox 493 2870 2133 2943">
     <span class='ocr_line' id='line_1_32' title="bbox 493 2870 2133 2943; baseline -0.006 -7"><span class='ocrx_word' id='word_1_201' title='bbox 493 2884 618 2936; x_wconf 90' lang='lat' dir='ltr'><strong>erat</strong></span> <span class='ocrx_word' id='word_1_202' title='bbox 646 2894 881 2934; x_wconf 90' lang='lat' dir='ltr'><strong>semen:</strong></span> <span class='ocrx_word' id='word_1_203' title='bbox 916 2877 1198 2930; x_wconf 80' lang='lat' dir='ltr'><strong>infantem</strong></span> <span class='ocrx_word' id='word_1_204' title='bbox 1230 2874 1387 2930; x_wconf 91' lang='lat' dir='ltr'><strong>enim</strong></span> <span class='ocrx_word' id='word_1_205' title='bbox 1419 2873 1715 2929; x_wconf 89' lang='lat' dir='ltr'><strong>absorberi</strong></span> <span class='ocrx_word' id='word_1_206' title='bbox 1749 2870 2133 2943; x_wconf 89' lang='lat' dir='ltr'><strong>impossibile.</strong></span> 
     </span>
    </p>
   </div>
   <div class='ocr_carea' id='block_1_33' title="bbox 494 2960 2135 3034">
    <p class='ocr_par' dir='ltr' id='par_1_33' title="bbox 494 2960 2135 3034">
     <span class='ocr_line' id='line_1_33' title="bbox 494 2960 2135 3034; baseline -0.005 -10"><span class='ocrx_word' id='word_1_207' title='bbox 494 2969 558 3025; x_wconf 89' lang='lat' dir='ltr'><strong>In</strong></span> <span class='ocrx_word' id='word_1_208' title='bbox 607 2965 1003 3023; x_wconf 88' lang='lat' dir='ltr'><strong>defensionem</strong></span> <span class='ocrx_word' id='word_1_209' title='bbox 1034 2979 1167 3019; x_wconf 92' lang='lat' dir='ltr'><strong>vero</strong></span> <span class='ocrx_word' id='word_1_210' title='bbox 1214 2979 1416 3019; x_wconf 90' lang='lat' dir='ltr'><strong>eorum</strong></span> <span class='ocrx_word' id='word_1_211' title='bbox 1449 2962 1549 3034; x_wconf 90' lang='lat' dir='ltr'><strong>qui</strong></span> <span class='ocrx_word' id='word_1_212' title='bbox 1599 2978 1910 3034; x_wconf 89' lang='lat' dir='ltr'><strong>puerorum</strong></span> <span class='ocrx_word' id='word_1_213' title='bbox 1944 2960 2135 3015; x_wconf 88' lang='lat' dir='ltr'><strong>indul-</strong></span> 
     </span>
    </p>
   </div>
   <div class='ocr_carea' id='block_1_34' title="bbox 492 3050 2134 3130">
    <p class='ocr_par' dir='ltr' id='par_1_34' title="bbox 492 3050 2134 3130">
     <span class='ocr_line' id='line_1_34' title="bbox 492 3050 2134 3130; baseline -0.005 -17"><span class='ocrx_word' id='word_1_214' title='bbox 492 3061 631 3130; x_wconf 89' lang='lat' dir='ltr'><strong>gent</strong></span> <span class='ocrx_word' id='word_1_215' title='bbox 659 3053 1141 3124; x_wconf 87' lang='lat' dir='ltr'><strong>amoribus,rapit</strong></span> <span class='ocrx_word' id='word_1_216' title='bbox 1170 3050 1565 3123; x_wconf 79' lang='lat' dir='ltr'><strong>Ganymedem</strong></span> <span class='ocrx_word' id='word_1_217' title='bbox 1591 3067 1604 3117; x_wconf 91' lang='lat'><strong>;</strong></span> <span class='ocrx_word' id='word_1_218' title='bbox 1627 3050 1909 3105; x_wconf 88' lang='lat' dir='ltr'><strong>adulteris</strong></span> <span class='ocrx_word' id='word_1_219' title='bbox 1939 3054 2134 3105; x_wconf 86' lang='lat' dir='ltr'><strong>autem</strong></span> 
     </span>
    </p>
   </div>
   <div class='ocr_carea' id='block_1_35' title="bbox 490 3137 2132 3213">
    <p class='ocr_par' dir='ltr' id='par_1_35' title="bbox 490 3137 2132 3213">
     <span class='ocr_line' id='line_1_35' title="bbox 490 3137 2132 3213; baseline -0.005 -12"><span class='ocrx_word' id='word_1_220' title='bbox 490 3146 552 3201; x_wconf 90' lang='lat' dir='ltr'><strong>in</strong></span> <span class='ocrx_word' id='word_1_221' title='bbox 587 3143 871 3200; x_wconf 89' lang='lat' dir='ltr'><strong>adulterio</strong></span> <span class='ocrx_word' id='word_1_222' title='bbox 903 3158 1072 3213; x_wconf 91' lang='lat' dir='ltr'><strong>opem</strong></span> <span class='ocrx_word' id='word_1_223' title='bbox 1106 3142 1317 3208; x_wconf 88' lang='lat' dir='ltr'><strong>ferens,</strong></span> <span class='ocrx_word' id='word_1_224' title='bbox 1349 3139 1474 3211; x_wconf 92' lang='lat' dir='ltr'><strong>ipse</strong></span> <span class='ocrx_word' id='word_1_225' title='bbox 1504 3155 1655 3211; x_wconf 67' lang='lat' dir='ltr'><strong>saepe</strong></span> <span class='ocrx_word' id='word_1_226' title='bbox 1682 3138 1942 3194; x_wconf 75' lang='lat' dir='ltr'><strong>mmcbus</strong></span> <span class='ocrx_word' id='word_1_227' title='bbox 1974 3137 2132 3193; x_wconf 85' lang='lat' dir='ltr'><strong>inve-</strong></span> 
     </span>
    </p>
   </div>
   <div class='ocr_carea' id='block_1_36' title="bbox 494 3226 2131 3300">
    <p class='ocr_par' dir='ltr' id='par_1_36' title="bbox 494 3226 2131 3300">
     <span class='ocr_line' id='line_1_36' title="bbox 494 3226 2131 3300; baseline -0.004 -12"><span class='ocrx_word' id='word_1_228' title='bbox 494 3235 675 3289; x_wconf 91' lang='lat' dir='ltr'><strong>nitur.</strong></span> <span class='ocrx_word' id='word_1_229' title='bbox 708 3233 793 3286; x_wconf 84' lang='lat' dir='ltr'><strong>Ad</strong></span> <span class='ocrx_word' id='word_1_230' title='bbox 826 3247 1057 3286; x_wconf 90' lang='lat' dir='ltr'><strong>sorores</strong></span> <span class='ocrx_word' id='word_1_231' title='bbox 1087 3228 1262 3284; x_wconf 88' lang='lat' dir='ltr'><strong>etiam</strong></span> <span class='ocrx_word' id='word_1_232' title='bbox 1305 3228 1601 3283; x_wconf 85' lang='lat' dir='ltr'><strong>ducendas</strong></span> <span class='ocrx_word' id='word_1_233' title='bbox 1630 3226 1857 3298; x_wconf 86' lang='lat' dir='ltr'><strong>invitat,</strong></span> <span class='ocrx_word' id='word_1_234' title='bbox 1890 3242 2131 3300; x_wconf 87' lang='lat' dir='ltr'><strong>congre-</strong></span> 
     </span>
    </p>
   </div>
   <div class='ocr_carea' id='block_1_37' title="bbox 494 3316 2135 3385">
    <p class='ocr_par' dir='ltr' id='par_1_37' title="bbox 494 3316 2135 3385">
     <span class='ocr_line' id='line_1_37' title="bbox 494 3316 2135 3385; baseline -0.004 -8"><span class='ocrx_word' id='word_1_235' title='bbox 494 3322 664 3377; x_wconf 90' lang='lat' dir='ltr'><strong>diens</strong></span> <span class='ocrx_word' id='word_1_236' title='bbox 715 3337 849 3376; x_wconf 93' lang='lat' dir='ltr'><strong>cum</strong></span> <span class='ocrx_word' id='word_1_237' title='bbox 880 3317 1200 3385; x_wconf 87' lang='lat' dir='ltr'><strong>sororibus,</strong></span> <span class='ocrx_word' id='word_1_238' title='bbox 1230 3318 1478 3384; x_wconf 89' lang='lat' dir='ltr'><strong>Junone,</strong></span> <span class='ocrx_word' id='word_1_239' title='bbox 1524 3322 1744 3380; x_wconf 87' lang='lat' dir='ltr'><strong>Cerere,</strong></span> <span class='ocrx_word' id='word_1_240' title='bbox 1778 3316 1995 3372; x_wconf 88' lang='lat' dir='ltr'><strong>Venere</strong></span> <span class='ocrx_word' id='word_1_241' title='bbox 2025 3332 2135 3371; x_wconf 72' lang='lat' dir='ltr'><strong>cce-</strong></span> 
     </span>
    </p>
   </div>
   <div class='ocr_carea' id='block_1_38' title="bbox 496 3404 2138 3481">
    <p class='ocr_par' dir='ltr' id='par_1_38' title="bbox 496 3404 2138 3481">
     <span class='ocr_line' id='line_1_38' title="bbox 496 3404 2138 3481; baseline -0.004 -16"><span class='ocrx_word' id='word_1_242' title='bbox 496 3410 836 3481; x_wconf 90' lang='lat' dir='ltr'><strong>lesti,quam</strong></span> <span class='ocrx_word' id='word_1_243' title='bbox 867 3406 1132 3463; x_wconf 91' lang='lat' dir='ltr'><strong>nonnulli</strong></span> <span class='ocrx_word' id='word_1_244' title='bbox 1170 3407 1463 3462; x_wconf 90' lang='lat' dir='ltr'><strong>Dodonam</strong></span> <span class='ocrx_word' id='word_1_245' title='bbox 1493 3410 1739 3474; x_wconf 89' lang='lat' dir='ltr'><strong>vocant;</strong></span> <span class='ocrx_word' id='word_1_246' title='bbox 1772 3404 1844 3461; x_wconf 90' lang='lat' dir='ltr'><strong>iis</strong></span> <span class='ocrx_word' id='word_1_247' title='bbox 1874 3421 2007 3460; x_wconf 91' lang='lat' dir='ltr'><strong>vero</strong></span> <span class='ocrx_word' id='word_1_248' title='bbox 2037 3404 2138 3476; x_wconf 92' lang='lat' dir='ltr'><strong>qui</strong></span> 
     </span>
    </p>
   </div>
   <div class='ocr_carea' id='block_1_39' title="bbox 495 3494 2141 3566">
    <p class='ocr_par' dir='ltr' id='par_1_39' title="bbox 495 3494 2141 3566">
     <span class='ocr_line' id='line_1_39' title="bbox 495 3494 2141 3566; baseline -0.005 -11"><span class='ocrx_word' id='word_1_249' title='bbox 495 3515 631 3556; x_wconf 92' lang='lat' dir='ltr'><strong>cum</strong></span> <span class='ocrx_word' id='word_1_250' title='bbox 666 3497 896 3552; x_wconf 80' lang='lat' dir='ltr'><strong>ﬁliabus</strong></span> <span class='ocrx_word' id='word_1_251' title='bbox 925 3495 1289 3552; x_wconf 90' lang='lat' dir='ltr'><strong>commisceri</strong></span> <span class='ocrx_word' id='word_1_252' title='bbox 1325 3494 1587 3566; x_wconf 92' lang='lat' dir='ltr'><strong>cupiunt,</strong></span> <span class='ocrx_word' id='word_1_253' title='bbox 1621 3510 1755 3549; x_wconf 92' lang='lat' dir='ltr'><strong>cum</strong></span> <span class='ocrx_word' id='word_1_254' title='bbox 1796 3494 2141 3563; x_wconf 89' lang='lat' dir='ltr'><strong>Proserpina</strong></span> 
     </span>
    </p>
   </div>
   <div class='ocr_carea' id='block_1_40' title="bbox 496 3581 2137 3659">
    <p class='ocr_par' dir='ltr' id='par_1_40' title="bbox 496 3581 2137 3659">
     <span class='ocr_line' id='line_1_40' title="bbox 496 3581 2137 3659; baseline -0.005 -15"><span class='ocrx_word' id='word_1_255' title='bbox 496 3603 847 3659; x_wconf 90' lang='lat' dir='ltr'><strong>congressus</strong></span> <span class='ocrx_word' id='word_1_256' title='bbox 859 3585 1188 3656; x_wconf 83' lang='lat' dir='ltr'><strong>exemplum</strong></span> <span class='ocrx_word' id='word_1_257' title='bbox 1202 3582 1535 3655; x_wconf 91' lang='lat' dir='ltr'><strong>improbum</strong></span> <span class='ocrx_word' id='word_1_258' title='bbox 1551 3600 1619 3638; x_wconf 86' lang='lat' dir='ltr'><strong>ex</strong></span> <span class='ocrx_word' id='word_1_259' title='bbox 1639 3581 1851 3638; x_wconf 89' lang='lat' dir='ltr'><strong>fabulis</strong></span> <span class='ocrx_word' id='word_1_260' title='bbox 1865 3583 2137 3638; x_wconf 86' lang='lat' dir='ltr'><strong>efﬁcitur.</strong></span> 
     </span>
    </p>
   </div>
   <div class='ocr_carea' id='block_1_41' title="bbox 495 3670 2143 3748">
    <p class='ocr_par' dir='ltr' id='par_1_41' title="bbox 495 3670 2143 3748">
     <span class='ocr_line' id='line_1_41' title="bbox 495 3670 2143 3748; baseline -0.003 -16"><span class='ocrx_word' id='word_1_261' title='bbox 495 3676 620 3733; x_wconf 79' lang='lat' dir='ltr'><strong>Alia</strong></span> <span class='ocrx_word' id='word_1_262' title='bbox 672 3690 903 3748; x_wconf 89' lang='lat' dir='ltr'><strong>quoque</strong></span> <span class='ocrx_word' id='word_1_263' title='bbox 958 3675 1268 3729; x_wconf 90' lang='lat' dir='ltr'><strong>innumera</strong></span> <span class='ocrx_word' id='word_1_264' title='bbox 1314 3671 1493 3743; x_wconf 91' lang='lat' dir='ltr'><strong>impie</strong></span> <span class='ocrx_word' id='word_1_265' title='bbox 1524 3672 1724 3743; x_wconf 88' lang='lat' dir='ltr'><strong>gessit,</strong></span> <span class='ocrx_word' id='word_1_266' title='bbox 1748 3677 1813 3726; x_wconf 90' lang='lat' dir='ltr'><strong>ut</strong></span> <span class='ocrx_word' id='word_1_267' title='bbox 1841 3672 1913 3726; x_wconf 90' lang='lat' dir='ltr'><strong>ab</strong></span> <span class='ocrx_word' id='word_1_268' title='bbox 1942 3670 2143 3742; x_wconf 91' lang='lat' dir='ltr'><strong>impiis</strong></span> 
     </span>
    </p>
   </div>
   <div class='ocr_carea' id='block_1_42' title="bbox 498 3760 2142 3833">
    <p class='ocr_par' dir='ltr' id='par_1_42' title="bbox 498 3760 2142 3833">
     <span class='ocr_line' id='line_1_42' title="bbox 498 3760 2142 3833; baseline -0.004 -12"><span class='ocrx_word' id='word_1_269' title='bbox 498 3764 840 3821; x_wconf 87' lang='lat' dir='ltr'><strong>hominibus</strong></span> <span class='ocrx_word' id='word_1_270' title='bbox 872 3766 1108 3833; x_wconf 90' lang='lat' dir='ltr'><strong>propter</strong></span> <span class='ocrx_word' id='word_1_271' title='bbox 1135 3765 1580 3831; x_wconf 81' lang='lat' dir='ltr'><strong>exsuperantem</strong></span> <span class='ocrx_word' id='word_1_272' title='bbox 1629 3760 2142 3831; x_wconf 87' lang='lat' dir='ltr'><strong>intemperantiam</strong></span> 
     </span>
    </p>
   </div>
   <div class='ocr_carea' id='block_1_43' title="bbox 501 3846 2143 3921">
    <p class='ocr_par' dir='ltr' id='par_1_43' title="bbox 501 3846 2143 3921">
     <span class='ocr_line' id='line_1_43' title="bbox 501 3846 2143 3921; baseline -0.003 -13"><span class='ocrx_word' id='word_1_273' title='bbox 501 3852 837 3909; x_wconf 86' lang='lat' dir='ltr'><strong>fabulosum</strong></span> <span class='ocrx_word' id='word_1_274' title='bbox 889 3850 1104 3921; x_wconf 85' lang='lat' dir='ltr'><strong>dogma</strong></span> <span class='ocrx_word' id='word_1_275' title='bbox 1133 3849 1204 3903; x_wconf 89' lang='lat' dir='ltr'><strong>de</strong></span> <span class='ocrx_word' id='word_1_276' title='bbox 1250 3846 1412 3904; x_wconf 92' lang='lat' dir='ltr'><strong>illius</strong></span> <span class='ocrx_word' id='word_1_277' title='bbox 1443 3846 1746 3904; x_wconf 86' lang='lat' dir='ltr'><strong>divinitate</strong></span> <span class='ocrx_word' id='word_1_278' title='bbox 1796 3865 2143 3919; x_wconf 91' lang='lat' dir='ltr'><strong>persuasum</strong></span> 
     </span>
    </p>
   </div>
   <div class='ocr_carea' id='block_1_44' title="bbox 501 3940 693 3997">
    <p class='ocr_par' dir='ltr' id='par_1_44' title="bbox 501 3940 693 3997">
     <span class='ocr_line' id='line_1_44' title="bbox 501 3940 693 3997; baseline -0.005 0"><span class='ocrx_word' id='word_1_279' title='bbox 501 3940 693 3997; x_wconf 85' lang='lat' dir='ltr'><strong>fuerit.</strong></span> 
     </span>
    </p>
   </div>
   <div class='ocr_carea' id='block_1_45' title="bbox 575 4042 2149 4115">
    <p class='ocr_par' dir='ltr' id='par_1_45' title="bbox 575 4042 2149 4115">
     <span class='ocr_line' id='line_1_45' title="bbox 575 4042 2149 4115; baseline 0 -16"><span class='ocrx_word' id='word_1_280' title='bbox 575 4043 1026 4101; x_wconf 81' lang='lat' dir='ltr'><strong>XVII.Homines</strong></span> <span class='ocrx_word' id='word_1_281' title='bbox 1055 4044 1292 4115; x_wconf 90' lang='lat' dir='ltr'><strong>quidem</strong></span> <span class='ocrx_word' id='word_1_282' title='bbox 1322 4042 1590 4099; x_wconf 90' lang='lat' dir='ltr'><strong>indoctos</strong></span> <span class='ocrx_word' id='word_1_283' title='bbox 1619 4058 1853 4114; x_wconf 65' lang='lat' dir='ltr'><strong>aequum</strong></span> <span class='ocrx_word' id='word_1_284' title='bbox 1882 4043 2149 4099; x_wconf 89' lang='lat' dir='ltr'><strong>videatur</strong></span> 
     </span>
    </p>
   </div>
   <div class='ocr_carea' id='block_1_46' title="bbox 504 4130 2148 4203">
    <p class='ocr_par' dir='ltr' id='par_1_46' title="bbox 504 4130 2148 4203">
     <span class='ocr_line' id='line_1_46' title="bbox 504 4130 2148 4203; baseline 0 -15"><span class='ocrx_word' id='word_1_285' title='bbox 504 4132 660 4189; x_wconf 91' lang='lat' dir='ltr'><strong>circa</strong></span> <span class='ocrx_word' id='word_1_286' title='bbox 689 4133 795 4187; x_wconf 89' lang='lat' dir='ltr'><strong>has</strong></span> <span class='ocrx_word' id='word_1_287' title='bbox 817 4132 1121 4203; x_wconf 83' lang='lat' dir='ltr'><strong>Opiniones</strong></span> <span class='ocrx_word' id='word_1_288' title='bbox 1155 4132 1307 4186; x_wconf 89' lang='lat' dir='ltr'><strong>haud</strong></span> <span class='ocrx_word' id='word_1_289' title='bbox 1343 4130 1591 4186; x_wconf 91' lang='lat' dir='ltr'><strong>multum</strong></span> <span class='ocrx_word' id='word_1_290' title='bbox 1624 4131 2019 4203; x_wconf 89' lang='lat' dir='ltr'><strong>indignari.lis</strong></span> <span class='ocrx_word' id='word_1_291' title='bbox 2049 4150 2148 4188; x_wconf 88' lang='lat' dir='ltr'><strong>au-</strong></span> 
     </span>
    </p>
   </div>
   <div class='ocr_carea' id='block_1_47' title="bbox 2236 522 3893 601">
    <p class='ocr_par' dir='ltr' id='par_1_47' title="bbox 2236 522 3893 601">
     <span class='ocr_line' id='line_1_47' title="bbox 2236 522 3893 601; baseline 0.001 -24"><span class='ocrx_word' id='word_1_292' title='bbox 2236 524 2340 600; x_wconf 81' lang='grc' dir='ltr'><strong>γάρ</strong></span> <span class='ocrx_word' id='word_1_293' title='bbox 2394 522 2693 599; x_wconf 80' lang='grc' dir='ltr'><strong>προσδοκίᾳ</strong></span> <span class='ocrx_word' id='word_1_294' title='bbox 2741 529 2838 580; x_wconf 79' lang='grc' dir='ltr'><strong>τοῦ</strong></span> <span class='ocrx_word' id='word_1_295' title='bbox 2893 526 3240 601; x_wconf 70' lang='grc' dir='ltr'><strong>κριθήσεσθαι</strong></span> <span class='ocrx_word' id='word_1_296' title='bbox 3301 524 3403 578; x_wconf 80' lang='grc' dir='ltr'><strong>ὑπὸ</strong></span> <span class='ocrx_word' id='word_1_297' title='bbox 3463 526 3558 577; x_wconf 74' lang='grc' dir='ltr'>τοῦ</span> <span class='ocrx_word' id='word_1_298' title='bbox 3618 523 3893 579; x_wconf 84' lang='grc' dir='ltr'>παντεπό-</span> 
     </span>
    </p>
   </div>
   <div class='ocr_carea' id='block_1_48' title="bbox 2236 611 3891 691">
    <p class='ocr_par' dir='ltr' id='par_1_48' title="bbox 2236 611 3891 691">
     <span class='ocr_line' id='line_1_48' title="bbox 2236 611 3891 691; baseline 0.001 -25"><span class='ocrx_word' id='word_1_299' title='bbox 2236 633 2374 666; x_wconf 88' lang='grc' dir='ltr'>πτου</span> <span class='ocrx_word' id='word_1_300' title='bbox 2400 617 2533 667; x_wconf 80' lang='grc' dir='ltr'>Θεοῦ</span> <span class='ocrx_word' id='word_1_301' title='bbox 2563 613 2698 688; x_wconf 87' lang='grc' dir='ltr'>πρὸς</span> <span class='ocrx_word' id='word_1_302' title='bbox 2727 612 2789 668; x_wconf 86' lang='grc' dir='ltr'>τὸ</span> <span class='ocrx_word' id='word_1_303' title='bbox 2820 618 3115 691; x_wconf 79' lang='grc' dir='ltr'>σωφρονεῖν</span> <span class='ocrx_word' id='word_1_304' title='bbox 3154 611 3365 684; x_wconf 80' lang='grc' dir='ltr'>μᾶλλον</span> <span class='ocrx_word' id='word_1_305' title='bbox 3396 613 3496 681; x_wconf 80' lang='grc' dir='ltr'>τὴν</span> <span class='ocrx_word' id='word_1_306' title='bbox 3526 614 3704 687; x_wconf 70' lang='grc' dir='ltr'>ὁρμήν</span> <span class='ocrx_word' id='word_1_307' title='bbox 3740 613 3891 687; x_wconf 89' lang='grc' dir='ltr'>λαμ-</span> 
     </span>
    </p>
   </div>
   <div class='ocr_carea' id='block_1_49' title="bbox 2237 696 3889 776">
    <p class='ocr_par' dir='ltr' id='par_1_49' title="bbox 2237 696 3889 776">
     <span class='ocr_line' id='line_1_49' title="bbox 2237 696 3889 776; baseline 0.002 -22"><span class='ocrx_word' id='word_1_308' title='bbox 2237 696 2403 759; x_wconf 75' lang='grc' dir='ltr'>ϐάνει.</span> <span class='ocrx_word' id='word_1_309' title='bbox 2454 701 2515 757; x_wconf 74' lang='lat' dir='ltr'><strong>El</strong></span> <span class='ocrx_word' id='word_1_310' title='bbox 2548 699 2605 756; x_wconf 75' lang='grc' dir='ltr'><strong>δὲ</strong></span> <span class='ocrx_word' id='word_1_311' title='bbox 2632 702 2720 756; x_wconf 82' lang='grc' dir='ltr'>καὶ</span> <span class='ocrx_word' id='word_1_312' title='bbox 2777 699 2984 769; x_wconf 73' lang='grc' dir='ltr'>ἀληθὴς</span> <span class='ocrx_word' id='word_1_313' title='bbox 3034 698 3116 772; x_wconf 55' lang='grc' dir='ltr'>εἴη</span> <span class='ocrx_word' id='word_1_314' title='bbox 3154 702 3181 755; x_wconf 90' lang='lat'><strong>6</strong></span> <span class='ocrx_word' id='word_1_315' title='bbox 3213 698 3404 776; x_wconf 87' lang='grc' dir='ltr'>λόγος,</span> <span class='ocrx_word' id='word_1_316' title='bbox 3452 700 3735 775; x_wconf 72' lang='grc' dir='ltr'><strong>ἀπήλλαξε</strong></span> <span class='ocrx_word' id='word_1_317' title='bbox 3790 703 3889 776; x_wconf 79' lang='grc' dir='ltr'>μὲν</span> 
     </span>
    </p>
   </div>
   <div class='ocr_carea' id='block_1_50' title="bbox 2238 785 3893 867">
    <p class='ocr_par' dir='ltr' id='par_1_50' title="bbox 2238 785 3893 867">
     <span class='ocr_line' id='line_1_50' title="bbox 2238 785 3893 867; baseline 0.001 -24"><span class='ocrx_word' id='word_1_318' title='bbox 2238 790 2326 843; x_wconf 87' lang='grc' dir='ltr'>τὸν</span> <span class='ocrx_word' id='word_1_319' title='bbox 2361 790 2654 867; x_wconf 77' lang='grc' dir='ltr'><strong>σωφρόνως</strong></span> <span class='ocrx_word' id='word_1_320' title='bbox 2688 785 2990 864; x_wconf 77' lang='grc' dir='ltr'>βεϐιωκότα</span> <span class='ocrx_word' id='word_1_321' title='bbox 3016 792 3114 858; x_wconf 75' lang='grc' dir='ltr'>τῆς</span> <span class='ocrx_word' id='word_1_322' title='bbox 3143 788 3365 844; x_wconf 76' lang='grc' dir='ltr'><strong>αἰωνίου</strong></span> <span class='ocrx_word' id='word_1_323' title='bbox 3393 787 3695 862; x_wconf 78' lang='grc' dir='ltr'>κολάσεως,</span> <span class='ocrx_word' id='word_1_324' title='bbox 3719 811 3893 866; x_wconf 90' lang='grc' dir='ltr'>προσ-</span> 
     </span>
    </p>
   </div>
   <div class='ocr_carea' id='block_1_51' title="bbox 2240 875 3889 953">
    <p class='ocr_par' dir='ltr' id='par_1_51' title="bbox 2240 875 3889 953">
     <span class='ocr_line' id='line_1_51' title="bbox 2240 875 3889 953; baseline 0 -20"><span class='ocrx_word' id='word_1_325' title='bbox 2240 878 2559 953; x_wconf 80' lang='grc' dir='ltr'>ευεργέτηκε</span> <span class='ocrx_word' id='word_1_326' title='bbox 2591 881 2658 916; x_wconf 82' lang='grc'><strong>¹⁰⁰</strong></span> <span class='ocrx_word' id='word_1_327' title='bbox 2688 876 2744 932; x_wconf 74' lang='grc' dir='ltr'>δὲ</span> <span class='ocrx_word' id='word_1_328' title='bbox 2772 883 2888 940; x_wconf 92' lang='grc' dir='ltr'>τοῖς</span> <span class='ocrx_word' id='word_1_329' title='bbox 2933 877 3036 932; x_wconf 81' lang='grc' dir='ltr'>ὐπὸ</span> <span class='ocrx_word' id='word_1_330' title='bbox 3090 882 3185 932; x_wconf 83' lang='grc' dir='ltr'>τοῦ</span> <span class='ocrx_word' id='word_1_331' title='bbox 3242 882 3375 934; x_wconf 77' lang='grc' dir='ltr'>Θεοῦ</span> <span class='ocrx_word' id='word_1_332' title='bbox 3422 875 3619 941; x_wconf 78' lang='grc' dir='ltr'><strong>ἀϊδίοις</strong></span> <span class='ocrx_word' id='word_1_333' title='bbox 3674 901 3733 934; x_wconf 92' lang='grc' dir='ltr'><strong>τε</strong></span> <span class='ocrx_word' id='word_1_334' title='bbox 3791 879 3889 935; x_wconf 85' lang='grc' dir='ltr'>καὶ</span> 
     </span>
    </p>
   </div>
   <div class='ocr_carea' id='block_1_52' title="bbox 2240 966 3221 1043">
    <p class='ocr_par' dir='ltr' id='par_1_52' title="bbox 2240 966 3221 1043">
     <span class='ocr_line' id='line_1_52' title="bbox 2240 966 3221 1043; baseline 0 -22"><span class='ocrx_word' id='word_1_335' title='bbox 2240 966 2571 1042; x_wconf 70' lang='grc' dir='ltr'>ἀπορρήτοις</span> <span class='ocrx_word' id='word_1_336' title='bbox 2602 968 2944 1043; x_wconf 76' lang='grc' dir='ltr'>γιγνομένοις</span> <span class='ocrx_word' id='word_1_337' title='bbox 2977 966 3221 1041; x_wconf 81' lang='grc' dir='ltr'><strong>ἀγαθοῖς.</strong></span> 
     </span>
    </p>
   </div>
   <div class='ocr_carea' id='block_1_53' title="bbox 2309 1072 3893 1147">
    <p class='ocr_par' dir='ltr' id='par_1_53' title="bbox 2309 1072 3893 1147">
     <span class='ocr_line' id='line_1_53' title="bbox 2309 1072 3893 1147; baseline 0.002 -20"><span class='ocrx_word' id='word_1_338' title='bbox 2309 1076 2422 1132; x_wconf 83' lang='grc' dir='ltr'><strong>Χν.</strong></span> <span class='ocrx_word' id='word_1_339' title='bbox 2456 1072 2607 1143; x_wconf 74' lang='grc' dir='ltr'>Πλὴν</span> <span class='ocrx_word' id='word_1_340' title='bbox 2639 1072 2887 1145; x_wconf 77' lang='grc' dir='ltr'><strong>ἐπάνειμι</strong></span> <span class='ocrx_word' id='word_1_341' title='bbox 2920 1072 3007 1128; x_wconf 78' lang='grc' dir='ltr'><strong>ἐπὶ</strong></span> <span class='ocrx_word' id='word_1_342' title='bbox 3053 1074 3152 1141; x_wconf 77' lang='grc' dir='ltr'>τήν</span> <span class='ocrx_word' id='word_1_343' title='bbox 3197 1072 3504 1147; x_wconf 78' lang='grc' dir='ltr'>πρωτίστην</span> <span class='ocrx_word' id='word_1_344' title='bbox 3547 1078 3652 1129; x_wconf 76' lang='grc' dir='ltr'><strong>τῶν</strong></span> <span class='ocrx_word' id='word_1_345' title='bbox 3687 1072 3893 1146; x_wconf 80' lang='grc' dir='ltr'>Ἐλλή-</span> 
     </span>
    </p>
   </div>
   <div class='ocr_carea' id='block_1_54' title="bbox 2238 1158 3889 1235">
    <p class='ocr_par' dir='ltr' id='par_1_54' title="bbox 2238 1158 3889 1235">
     <span class='ocr_line' id='line_1_54' title="bbox 2238 1158 3889 1235; baseline 0.001 -18"><span class='ocrx_word' id='word_1_346' title='bbox 2238 1184 2344 1217; x_wconf 93' lang='grc' dir='ltr'><strong>νων</strong></span> <span class='ocrx_word' id='word_1_347' title='bbox 2374 1158 2551 1235; x_wconf 80' lang='grc' dir='ltr'>δόξαν,</span> <span class='ocrx_word' id='word_1_348' title='bbox 2582 1163 2680 1231; x_wconf 73' lang='grc' dir='ltr'><strong>την</strong></span> <span class='ocrx_word' id='word_1_349' title='bbox 2721 1160 2967 1224; x_wconf 77' lang='grc' dir='ltr'>πολλοὺς</span> <span class='ocrx_word' id='word_1_350' title='bbox 3014 1163 3103 1216; x_wconf 81' lang='grc' dir='ltr'><strong>καὶ</strong></span> <span class='ocrx_word' id='word_1_351' title='bbox 3148 1165 3506 1225; x_wconf 87' lang='grc' dir='ltr'>παντοπαθεῖς</span> <span class='ocrx_word' id='word_1_352' title='bbox 3547 1162 3701 1227; x_wconf 81' lang='grc' dir='ltr'>θεοὺς</span> <span class='ocrx_word' id='word_1_353' title='bbox 3748 1164 3889 1218; x_wconf 78' lang='grc' dir='ltr'>εἶναι</span> 
     </span>
    </p>
   </div>
   <div class='ocr_carea' id='block_1_55' title="bbox 2244 1248 3896 1329">
    <p class='ocr_par' dir='ltr' id='par_1_55' title="bbox 2244 1248 3896 1329">
     <span class='ocr_line' id='line_1_55' title="bbox 2244 1248 3896 1329; baseline 0.002 -24"><span class='ocrx_word' id='word_1_354' title='bbox 2244 1250 2652 1325; x_wconf 80' lang='grc' dir='ltr'>μυθολογοῦσαν</span> <span class='ocrx_word' id='word_1_355' title='bbox 2686 1253 2724 1307; x_wconf 78' lang='grc' dir='ltr'>ί.</span> <span class='ocrx_word' id='word_1_356' title='bbox 2758 1252 2857 1305; x_wconf 89' lang='grc' dir='ltr'><strong>Καὶ</strong></span> <span class='ocrx_word' id='word_1_357' title='bbox 2881 1248 2975 1305; x_wconf 72' lang='grc' dir='ltr'><strong>ἵνα</strong></span> <span class='ocrx_word' id='word_1_358' title='bbox 3008 1251 3083 1323; x_wconf 83' lang='grc' dir='ltr'>μὴ</span> <span class='ocrx_word' id='word_1_359' title='bbox 3116 1250 3191 1313; x_wconf 84' lang='grc' dir='ltr'><strong>είς</strong></span> <span class='ocrx_word' id='word_1_360' title='bbox 3221 1252 3288 1305; x_wconf 76' lang='grc' dir='ltr'>τὰ</span> <span class='ocrx_word' id='word_1_361' title='bbox 3318 1258 3459 1329; x_wconf 84' lang='grc' dir='ltr'>σαφῆ</span> <span class='ocrx_word' id='word_1_362' title='bbox 3493 1254 3515 1288; x_wconf 76' lang='grc'><strong><em>³</em></strong></span> <span class='ocrx_word' id='word_1_363' title='bbox 3544 1250 3716 1307; x_wconf 61' lang='grc' dir='ltr'>πολὺν</span> <span class='ocrx_word' id='word_1_364' title='bbox 3763 1254 3896 1308; x_wconf 81' lang='grc' dir='ltr'>ἀνα-</span> 
     </span>
    </p>
   </div>
   <div class='ocr_carea' id='block_1_56' title="bbox 2240 1338 3894 1416">
    <p class='ocr_par' dir='ltr' id='par_1_56' title="bbox 2240 1338 3894 1416">
     <span class='ocr_line' id='line_1_56' title="bbox 2240 1338 3894 1416; baseline 0.001 -20"><span class='ocrx_word' id='word_1_365' title='bbox 2240 1339 2412 1396; x_wconf 90' lang='grc' dir='ltr'>λίσκω</span> <span class='ocrx_word' id='word_1_366' title='bbox 2443 1340 2663 1416; x_wconf 77' lang='grc' dir='ltr'>γρόνον,</span> <span class='ocrx_word' id='word_1_367' title='bbox 2692 1340 2912 1394; x_wconf 69' lang='grc' dir='ltr'>ἑκάστου</span> <span class='ocrx_word' id='word_1_368' title='bbox 2941 1344 3049 1395; x_wconf 84' lang='grc' dir='ltr'><strong>τῶν</strong></span> <span class='ocrx_word' id='word_1_369' title='bbox 3079 1338 3394 1415; x_wconf 76' lang='grc' dir='ltr'>λεγομένων</span> <span class='ocrx_word' id='word_1_370' title='bbox 3438 1344 3572 1404; x_wconf 81' lang='grc' dir='ltr'>θεῶν</span> <span class='ocrx_word' id='word_1_371' title='bbox 3620 1342 3715 1404; x_wconf 76' lang='grc' dir='ltr'>τὰς</span> <span class='ocrx_word' id='word_1_372' title='bbox 3762 1342 3894 1398; x_wconf 81' lang='grc' dir='ltr'>ἀσε-</span> 
     </span>
    </p>
   </div>
   <div class='ocr_carea' id='block_1_57' title="bbox 2240 1424 3898 1504">
    <p class='ocr_par' dir='ltr' id='par_1_57' title="bbox 2240 1424 3898 1504">
     <span class='ocr_line' id='line_1_57' title="bbox 2240 1424 3898 1504; baseline 0.002 -21"><span class='ocrx_word' id='word_1_373' title='bbox 2240 1424 2353 1491; x_wconf 75' lang='grc' dir='ltr'>ϐεῖς</span> <span class='ocrx_word' id='word_1_374' title='bbox 2408 1430 2625 1504; x_wconf 79' lang='grc' dir='ltr'>πράξεις</span> <span class='ocrx_word' id='word_1_375' title='bbox 2674 1427 3087 1503; x_wconf 78' lang='grc' dir='ltr'>εἰσηγούμενος,</span> <span class='ocrx_word' id='word_1_376' title='bbox 3144 1428 3342 1491; x_wconf 81' lang='grc' dir='ltr'>πάντας</span> <span class='ocrx_word' id='word_1_377' title='bbox 3405 1430 3499 1502; x_wconf 73' lang='grc' dir='ltr'><strong>μὶν</strong></span> <span class='ocrx_word' id='word_1_378' title='bbox 3552 1428 3652 1485; x_wconf 78' lang='grc' dir='ltr'><strong>οὐκ</strong></span> <span class='ocrx_word' id='word_1_379' title='bbox 3706 1430 3767 1485; x_wconf 78' lang='grc' dir='ltr'><strong>ἂν</strong></span> <span class='ocrx_word' id='word_1_380' title='bbox 3818 1430 3898 1486; x_wconf 76' lang='grc' dir='ltr'><strong>εἷ’-</strong></span> 
     </span>
    </p>
   </div>
   <div class='ocr_carea' id='block_1_58' title="bbox 2240 1515 3897 1591">
    <p class='ocr_par' dir='ltr' id='par_1_58' title="bbox 2240 1515 3897 1591">
     <span class='ocr_line' id='line_1_58' title="bbox 2240 1515 3897 1591; baseline 0.001 -18"><span class='ocrx_word' id='word_1_381' title='bbox 2240 1538 2401 1591; x_wconf 90' lang='grc' dir='ltr'>ποιμι</span> <span class='ocrx_word' id='word_1_382' title='bbox 2433 1517 2602 1572; x_wconf 79' lang='grc' dir='ltr'>αὐτῶν</span> <span class='ocrx_word' id='word_1_383' title='bbox 2634 1518 2762 1579; x_wconf 74' lang='grc' dir='ltr'>τοὺς</span> <span class='ocrx_word' id='word_1_384' title='bbox 2795 1515 3018 1591; x_wconf 84' lang='grc' dir='ltr'>ἔρωτας,</span> <span class='ocrx_word' id='word_1_385' title='bbox 3049 1520 3145 1571; x_wconf 79' lang='grc' dir='ltr'>τοῦ</span> <span class='ocrx_word' id='word_1_386' title='bbox 3195 1517 3318 1579; x_wconf 91' lang='grc' dir='ltr'>Διός</span> <span class='ocrx_word' id='word_1_387' title='bbox 3365 1538 3423 1573; x_wconf 91' lang='grc' dir='ltr'><strong>τε</strong></span> <span class='ocrx_word' id='word_1_388' title='bbox 3468 1518 3559 1573; x_wconf 85' lang='grc' dir='ltr'><strong>καὶ</strong></span> <span class='ocrx_word' id='word_1_389' title='bbox 3615 1517 3897 1575; x_wconf 85' lang='grc' dir='ltr'>Ποσειδῶ-</span> 
     </span>
    </p>
   </div>
   <div class='ocr_carea' id='block_1_59' title="bbox 2240 1604 3894 1674">
    <p class='ocr_par' dir='ltr' id='par_1_59' title="bbox 2240 1604 3894 1674">
     <span class='ocr_line' id='line_1_59' title="bbox 2240 1604 3894 1674; baseline 0.003 -14"><span class='ocrx_word' id='word_1_390' title='bbox 2240 1628 2352 1673; x_wconf 84' lang='grc' dir='ltr'>νος,</span> <span class='ocrx_word' id='word_1_391' title='bbox 2385 1604 2709 1667; x_wconf 78' lang='grc' dir='ltr'>Πλούτωνός</span> <span class='ocrx_word' id='word_1_392' title='bbox 2736 1626 2795 1659; x_wconf 93' lang='grc' dir='ltr'><strong>τε</strong></span> <span class='ocrx_word' id='word_1_393' title='bbox 2840 1604 2929 1659; x_wconf 86' lang='grc' dir='ltr'>καὶ</span> <span class='ocrx_word' id='word_1_394' title='bbox 2960 1605 3334 1674; x_wconf 85' lang='grc' dir='ltr'>’Δπόλλωνος,</span> <span class='ocrx_word' id='word_1_395' title='bbox 3370 1606 3627 1662; x_wconf 78' lang='grc' dir='ltr'>Διονύσου</span> <span class='ocrx_word' id='word_1_396' title='bbox 3678 1628 3739 1664; x_wconf 90' lang='grc' dir='ltr'><strong>τε</strong></span> <span class='ocrx_word' id='word_1_397' title='bbox 3798 1610 3894 1664; x_wconf 71' lang='grc' dir='ltr'>καὶ</span> 
     </span>
    </p>
   </div>
   <div class='ocr_carea' id='block_1_60' title="bbox 2243 1692 3897 1770">
    <p class='ocr_par' dir='ltr' id='par_1_60' title="bbox 2243 1692 3897 1770">
     <span class='ocr_line' id='line_1_60' title="bbox 2243 1692 3897 1770; baseline 0 -17"><span class='ocrx_word' id='word_1_398' title='bbox 2243 1698 2394 1753; x_wconf 70' lang='grc'><strong>128</strong></span> <span class='ocrx_word' id='word_1_399' title='bbox 2453 1692 2782 1770; x_wconf 87' lang='grc' dir='ltr'>Ἡρακλεόυς</span> <span class='ocrx_word' id='word_1_400' title='bbox 2812 1696 2834 1730; x_wconf 78' lang='grc'><strong><em>⁸</em></strong></span> <span class='ocrx_word' id='word_1_401' title='bbox 2864 1694 2952 1748; x_wconf 86' lang='grc' dir='ltr'>καὶ</span> <span class='ocrx_word' id='word_1_402' title='bbox 3008 1699 3116 1749; x_wconf 86' lang='grc' dir='ltr'><strong>τῶν</strong></span> <span class='ocrx_word' id='word_1_403' title='bbox 3160 1697 3275 1750; x_wconf 83' lang='grc' dir='ltr'>καθ’</span> <span class='ocrx_word' id='word_1_404' title='bbox 3327 1692 3421 1750; x_wconf 67' lang='grc' dir='ltr'>ἕνα</span> <span class='ocrx_word' id='word_1_405' title='bbox 3468 1695 3717 1769; x_wconf 74' lang='grc' dir='ltr'>ἕκαστον,</span> <span class='ocrx_word' id='word_1_406' title='bbox 3759 1699 3835 1753; x_wconf 86' lang='grc' dir='ltr'>ὧν</span> <span class='ocrx_word' id='word_1_407' title='bbox 3868 1702 3897 1737; x_wconf 70' lang='grc' dir='ltr'>δ</span> 
     </span>
    </p>
   </div>
   <div class='ocr_carea' id='block_1_61' title="bbox 2242 1781 3893 1862">
    <p class='ocr_par' dir='ltr' id='par_1_61' title="bbox 2242 1781 3893 1862">
     <span class='ocr_line' id='line_1_61' title="bbox 2242 1781 3893 1862; baseline -0.004 -22"><span class='ocrx_word' id='word_1_408' title='bbox 2242 1782 2367 1840; x_wconf 82' lang='grc' dir='ltr'>οὐδέ</span> <span class='ocrx_word' id='word_1_409' title='bbox 2395 1784 2547 1839; x_wconf 78' lang='grc' dir='ltr'>αὐτοὶ</span> <span class='ocrx_word' id='word_1_410' title='bbox 2580 1786 2844 1858; x_wconf 84' lang='grc' dir='ltr'>ἀγνοεῖτε,</span> <span class='ocrx_word' id='word_1_411' title='bbox 2880 1782 2938 1838; x_wconf 74' lang='grc' dir='ltr'>ἐκ</span> <span class='ocrx_word' id='word_1_412' title='bbox 2966 1781 3209 1847; x_wconf 78' lang='grc' dir='ltr'>παιδείας</span> <span class='ocrx_word' id='word_1_413' title='bbox 3244 1783 3573 1855; x_wconf 73' lang='grc' dir='ltr'>Ἑλληνικῆς</span> <span class='ocrx_word' id='word_1_414' title='bbox 3622 1788 3893 1862; x_wconf 84' lang='grc' dir='ltr'>ὁρμώμε-</span> 
     </span>
    </p>
   </div>
   <div class='ocr_carea' id='block_1_62' title="bbox 2238 1871 3895 1949">
    <p class='ocr_par' dir='ltr' id='par_1_62' title="bbox 2238 1871 3895 1949">
     <span class='ocr_line' id='line_1_62' title="bbox 2238 1871 3895 1949; baseline 0.002 -21"><span class='ocrx_word' id='word_1_415' title='bbox 2238 1895 2345 1945; x_wconf 82' lang='grc' dir='ltr'>νοι,</span> <span class='ocrx_word' id='word_1_416' title='bbox 2378 1872 2470 1936; x_wconf 76' lang='grc' dir='ltr'><strong>οὓς</strong></span> <span class='ocrx_word' id='word_1_417' title='bbox 2503 1871 2852 1943; x_wconf 74' lang='grc' dir='ltr'>ἐπαιδεύθητε</span> <span class='ocrx_word' id='word_1_418' title='bbox 2885 1872 3055 1949; x_wconf 85' lang='grc' dir='ltr'>βίους,</span> <span class='ocrx_word' id='word_1_419' title='bbox 3079 1871 3172 1928; x_wconf 77' lang='grc' dir='ltr'>’ίνα</span> <span class='ocrx_word' id='word_1_420' title='bbox 3211 1874 3286 1935; x_wconf 85' lang='grc' dir='ltr'>ὡς</span> <span class='ocrx_word' id='word_1_421' title='bbox 3330 1871 3573 1943; x_wconf 83' lang='grc' dir='ltr'>ζηλωταὶ</span> <span class='ocrx_word' id='word_1_422' title='bbox 3601 1880 3710 1930; x_wconf 84' lang='grc' dir='ltr'><strong>τῶν</strong></span> <span class='ocrx_word' id='word_1_423' title='bbox 3751 1878 3895 1932; x_wconf 80' lang='grc' dir='ltr'>θεῶν</span> 
     </span>
    </p>
   </div>
   <div class='ocr_carea' id='block_1_63' title="bbox 2238 1960 2821 2036">
    <p class='ocr_par' dir='ltr' id='par_1_63' title="bbox 2238 1960 2821 2036">
     <span class='ocr_line' id='line_1_63' title="bbox 2238 1960 2821 2036; baseline 0.002 -19"><span class='ocrx_word' id='word_1_424' title='bbox 2238 1963 2305 2017; x_wconf 81' lang='grc' dir='ltr'>τὰ</span> <span class='ocrx_word' id='word_1_425' title='bbox 2334 1960 2503 2036; x_wconf 74' lang='grc' dir='ltr'>ὅμοια</span> <span class='ocrx_word' id='word_1_426' title='bbox 2531 1961 2821 2036; x_wconf 81' lang='grc' dir='ltr'>πράττητε.</span> 
     </span>
    </p>
   </div>
   <div class='ocr_carea' id='block_1_64' title="bbox 2311 2065 3895 2146">
    <p class='ocr_par' dir='ltr' id='par_1_64' title="bbox 2311 2065 3895 2146">
     <span class='ocr_line' id='line_1_64' title="bbox 2311 2065 3895 2146; baseline 0 -20"><span class='ocrx_word' id='word_1_427' title='bbox 2311 2070 2454 2126; x_wconf 83' lang='grc' dir='ltr'><strong>ΧνΙ.</strong></span> <span class='ocrx_word' id='word_1_428' title='bbox 2489 2069 2609 2122; x_wconf 85' lang='grc' dir='ltr'><strong>Ἀπ’</strong></span> <span class='ocrx_word' id='word_1_429' title='bbox 2638 2068 2803 2122; x_wconf 79' lang='grc' dir='ltr'>αὐτοῦ</span> <span class='ocrx_word' id='word_1_430' title='bbox 2834 2065 2893 2122; x_wconf 73' lang='grc' dir='ltr'>δὲ</span> <span class='ocrx_word' id='word_1_431' title='bbox 2935 2072 3032 2123; x_wconf 80' lang='grc' dir='ltr'>τοῦ</span> <span class='ocrx_word' id='word_1_432' title='bbox 3084 2067 3515 2144; x_wconf 90' lang='grc' dir='ltr'>βασιλικωτάτου</span> <span class='ocrx_word' id='word_1_433' title='bbox 3559 2071 3680 2134; x_wconf 78' lang='grc' dir='ltr'>Διὸς</span> <span class='ocrx_word' id='word_1_434' title='bbox 3728 2069 3895 2146; x_wconf 71' lang='grc' dir='ltr'>ἄρξο-</span> 
     </span>
    </p>
   </div>
   <div class='ocr_carea' id='block_1_65' title="bbox 2244 2154 3892 2235">
    <p class='ocr_par' dir='ltr' id='par_1_65' title="bbox 2244 2154 3892 2235">
     <span class='ocr_line' id='line_1_65' title="bbox 2244 2154 3892 2235; baseline 0.004 -24"><span class='ocrx_word' id='word_1_435' title='bbox 2244 2179 2361 2231; x_wconf 87' lang='grc' dir='ltr'>μαι,</span> <span class='ocrx_word' id='word_1_436' title='bbox 2396 2158 2457 2212; x_wconf 78' lang='grc' dir='ltr'>οὗ</span> <span class='ocrx_word' id='word_1_437' title='bbox 2489 2158 2516 2211; x_wconf 97' lang='lat'><strong>6</strong></span> <span class='ocrx_word' id='word_1_438' title='bbox 2547 2158 2641 2230; x_wconf 77' lang='grc' dir='ltr'>μὶν</span> <span class='ocrx_word' id='word_1_439' title='bbox 2669 2158 2848 2231; x_wconf 75' lang='grc' dir='ltr'>πατὴρ</span> <span class='ocrx_word' id='word_1_440' title='bbox 2882 2156 3085 2232; x_wconf 83' lang='grc' dir='ltr'>Κρόνος</span> <span class='ocrx_word' id='word_1_441' title='bbox 3112 2158 3180 2212; x_wconf 80' lang='grc' dir='ltr'><strong>τά</strong></span> <span class='ocrx_word' id='word_1_442' title='bbox 3209 2154 3321 2213; x_wconf 68' lang='grc' dir='ltr'>ἴδια</span> <span class='ocrx_word' id='word_1_443' title='bbox 3348 2159 3524 2232; x_wconf 81' lang='grc' dir='ltr'>τὲκνα,</span> <span class='ocrx_word' id='word_1_444' title='bbox 3560 2160 3637 2222; x_wconf 82' lang='grc' dir='ltr'><strong>ὡς</strong></span> <span class='ocrx_word' id='word_1_445' title='bbox 3677 2158 3892 2235; x_wconf 67' lang='grc' dir='ltr'>λέγετε,</span> 
     </span>
    </p>
   </div>
   <div class='ocr_carea' id='block_1_66' title="bbox 2240 2242 3896 2325">
    <p class='ocr_par' dir='ltr' id='par_1_66' title="bbox 2240 2242 3896 2325">
     <span class='ocr_line' id='line_1_66' title="bbox 2240 2242 3896 2325; baseline 0.002 -24"><span class='ocrx_word' id='word_1_446' title='bbox 2240 2247 2537 2315; x_wconf 84' lang='grc' dir='ltr'>καταπιὼν,</span> <span class='ocrx_word' id='word_1_447' title='bbox 2568 2249 2638 2319; x_wconf 77' lang='grc' dir='ltr'>τῇ</span> <span class='ocrx_word' id='word_1_448' title='bbox 2669 2247 2691 2281; x_wconf 82' lang='grc'>⁸</span> <span class='ocrx_word' id='word_1_449' title='bbox 2722 2244 2772 2315; x_wconf 77' lang='grc' dir='ltr'><strong>ἐξ</strong></span> <span class='ocrx_word' id='word_1_450' title='bbox 2802 2242 3108 2319; x_wconf 79' lang='grc' dir='ltr'>ἀδάμαντος</span> <span class='ocrx_word' id='word_1_451' title='bbox 3141 2246 3285 2324; x_wconf 79' lang='grc' dir='ltr'>ἅρπῃ</span> <span class='ocrx_word' id='word_1_452' title='bbox 3328 2252 3424 2302; x_wconf 77' lang='grc' dir='ltr'><strong>τοῦ</strong></span> <span class='ocrx_word' id='word_1_453' title='bbox 3471 2248 3673 2320; x_wconf 86' lang='grc' dir='ltr'>πατρὸς</span> <span class='ocrx_word' id='word_1_454' title='bbox 3720 2249 3896 2325; x_wconf 81' lang='grc' dir='ltr'>Οὐρα-</span> 
     </span>
    </p>
   </div>
   <div class='ocr_carea' id='block_1_67' title="bbox 2238 2332 3895 2411">
    <p class='ocr_par' dir='ltr' id='par_1_67' title="bbox 2238 2332 3895 2411">
     <span class='ocr_line' id='line_1_67' title="bbox 2238 2332 3895 2411; baseline 0.002 -22"><span class='ocrx_word' id='word_1_455' title='bbox 2238 2340 2335 2390; x_wconf 81' lang='grc' dir='ltr'>νοῦ</span> <span class='ocrx_word' id='word_1_456' title='bbox 2376 2335 2443 2390; x_wconf 76' lang='grc' dir='ltr'><strong>τά</strong></span> <span class='ocrx_word' id='word_1_457' title='bbox 2477 2335 2641 2410; x_wconf 84' lang='grc' dir='ltr'>μόρια</span> <span class='ocrx_word' id='word_1_458' title='bbox 2673 2334 2903 2411; x_wconf 83' lang='grc' dir='ltr'>θερίσας,</span> <span class='ocrx_word' id='word_1_459' title='bbox 2934 2341 3034 2403; x_wconf 85' lang='grc' dir='ltr'>τῆς</span> <span class='ocrx_word' id='word_1_460' title='bbox 3079 2335 3215 2408; x_wconf 88' lang='grc' dir='ltr'>πρὸς</span> <span class='ocrx_word' id='word_1_461' title='bbox 3261 2341 3433 2411; x_wconf 86' lang='grc' dir='ltr'>γονεῖς</span> <span class='ocrx_word' id='word_1_462' title='bbox 3478 2332 3749 2400; x_wconf 75' lang='grc' dir='ltr'>εὐσεϐείας</span> <span class='ocrx_word' id='word_1_463' title='bbox 3798 2337 3895 2393; x_wconf 71' lang='grc' dir='ltr'><strong>καῖ</strong></span> 
     </span>
    </p>
   </div>
   <div class='ocr_carea' id='block_1_68' title="bbox 2240 2422 3895 2501">
    <p class='ocr_par' dir='ltr' id='par_1_68' title="bbox 2240 2422 3895 2501">
     <span class='ocr_line' id='line_1_68' title="bbox 2240 2422 3895 2501; baseline 0.001 -21"><span class='ocrx_word' id='word_1_464' title='bbox 2240 2431 2339 2493; x_wconf 81' lang='grc' dir='ltr'>τῆς</span> <span class='ocrx_word' id='word_1_465' title='bbox 2372 2424 2507 2498; x_wconf 88' lang='grc' dir='ltr'>πρὸς</span> <span class='ocrx_word' id='word_1_466' title='bbox 2538 2424 2697 2478; x_wconf 80' lang='grc' dir='ltr'>τὲκνα</span> <span class='ocrx_word' id='word_1_467' title='bbox 2724 2426 2745 2460; x_wconf 80' lang='grc'>⁸</span> <span class='ocrx_word' id='word_1_468' title='bbox 2775 2422 2959 2501; x_wconf 79' lang='grc' dir='ltr'>φιλίας</span> <span class='ocrx_word' id='word_1_469' title='bbox 3005 2428 3122 2485; x_wconf 92' lang='grc' dir='ltr'>τοῖς</span> <span class='ocrx_word' id='word_1_470' title='bbox 3179 2424 3247 2478; x_wconf 73' lang='grc' dir='ltr'><strong>τά</strong></span> <span class='ocrx_word' id='word_1_471' title='bbox 3306 2426 3538 2496; x_wconf 84' lang='grc' dir='ltr'>μυστικά</span> <span class='ocrx_word' id='word_1_472' title='bbox 3591 2431 3698 2481; x_wconf 81' lang='grc' dir='ltr'><strong>τῶν</strong></span> <span class='ocrx_word' id='word_1_473' title='bbox 3754 2432 3895 2490; x_wconf 81' lang='grc' dir='ltr'>θεῶν</span> 
     </span>
    </p>
   </div>
   <div class='ocr_carea' id='block_1_69' title="bbox 2245 2509 3893 2588">
    <p class='ocr_par' dir='ltr' id='par_1_69' title="bbox 2245 2509 3893 2588">
     <span class='ocr_line' id='line_1_69' title="bbox 2245 2509 3893 2588; baseline 0.002 -21"><span class='ocrx_word' id='word_1_474' title='bbox 2245 2514 2471 2583; x_wconf 79' lang='grc' dir='ltr'>ζηλοῦσι</span> <span class='ocrx_word' id='word_1_475' title='bbox 2530 2511 2621 2566; x_wconf 75' lang='grc' dir='ltr'>τὸν</span> <span class='ocrx_word' id='word_1_476' title='bbox 2679 2512 3035 2588; x_wconf 85' lang='grc' dir='ltr'>ὑπογραμμὸν</span> <span class='ocrx_word' id='word_1_477' title='bbox 3064 2514 3085 2549; x_wconf 75' lang='grc'>⁷</span> <span class='ocrx_word' id='word_1_478' title='bbox 3116 2509 3330 2583; x_wconf 75' lang='grc' dir='ltr'>ἔδειξεν.</span> <span class='ocrx_word' id='word_1_479' title='bbox 3366 2512 3538 2575; x_wconf 80' lang='grc' dir='ltr'>Αὐτὸς</span> <span class='ocrx_word' id='word_1_480' title='bbox 3587 2511 3644 2570; x_wconf 80' lang='grc' dir='ltr'><strong>δὲ</strong></span> <span class='ocrx_word' id='word_1_481' title='bbox 3702 2517 3730 2570; x_wconf 90' lang='lat'><strong>6</strong></span> <span class='ocrx_word' id='word_1_482' title='bbox 3760 2515 3893 2578; x_wconf 77' lang='grc' dir='ltr'>Ζεὺς</span> 
     </span>
    </p>
   </div>
   <div class='ocr_carea' id='block_1_70' title="bbox 2239 2598 3893 2679">
    <p class='ocr_par' dir='ltr' id='par_1_70' title="bbox 2239 2598 3893 2679">
     <span class='ocr_line' id='line_1_70' title="bbox 2239 2598 3893 2679; baseline 0.001 -23"><span class='ocrx_word' id='word_1_483' title='bbox 2239 2602 2332 2656; x_wconf 85' lang='grc' dir='ltr'>τὸν</span> <span class='ocrx_word' id='word_1_484' title='bbox 2383 2600 2547 2656; x_wconf 76' lang='grc' dir='ltr'>αὐτοῦ</span> <span class='ocrx_word' id='word_1_485' title='bbox 2602 2602 2805 2674; x_wconf 70' lang='grc' dir='ltr'>πατέρα</span> <span class='ocrx_word' id='word_1_486' title='bbox 2862 2598 3030 2669; x_wconf 80' lang='grc' dir='ltr'>δήσας</span> <span class='ocrx_word' id='word_1_487' title='bbox 3069 2602 3339 2677; x_wconf 80' lang='grc' dir='ltr'>καθεῖρξεν</span> <span class='ocrx_word' id='word_1_488' title='bbox 3370 2600 3445 2664; x_wconf 84' lang='grc' dir='ltr'><strong>εἷς</strong></span> <span class='ocrx_word' id='word_1_489' title='bbox 3475 2602 3765 2679; x_wconf 85' lang='grc' dir='ltr'>Τάρταρον,</span> <span class='ocrx_word' id='word_1_490' title='bbox 3798 2603 3893 2659; x_wconf 82' lang='grc' dir='ltr'><strong>καὶ</strong></span> 
     </span>
    </p>
   </div>
   <div class='ocr_carea' id='block_1_71' title="bbox 2239 2686 3891 2767">
    <p class='ocr_par' dir='ltr' id='par_1_71' title="bbox 2239 2686 3891 2767">
     <span class='ocr_line' id='line_1_71' title="bbox 2239 2686 3891 2767; baseline 0.002 -22"><span class='ocrx_word' id='word_1_491' title='bbox 2239 2689 2369 2752; x_wconf 76' lang='grc' dir='ltr'>τοὺς</span> <span class='ocrx_word' id='word_1_492' title='bbox 2400 2687 2606 2750; x_wconf 80' lang='grc' dir='ltr'>ἄλλους</span> <span class='ocrx_word' id='word_1_493' title='bbox 2644 2686 2863 2758; x_wconf 79' lang='grc' dir='ltr'>κολάζει</span> <span class='ocrx_word' id='word_1_494' title='bbox 2897 2687 3068 2750; x_wconf 78' lang='grc' dir='ltr'>θεούς.</span> <span class='ocrx_word' id='word_1_495' title='bbox 3101 2695 3223 2751; x_wconf 87' lang='grc' dir='ltr'>Τοῖς</span> <span class='ocrx_word' id='word_1_496' title='bbox 3258 2688 3314 2744; x_wconf 75' lang='grc' dir='ltr'>δὲ</span> <span class='ocrx_word' id='word_1_497' title='bbox 3361 2690 3753 2767; x_wconf 65' lang='grc' dir='ltr'>ἀρῥητουργεῖν</span> <span class='ocrx_word' id='word_1_498' title='bbox 3801 2695 3891 2748; x_wconf 72' lang='grc' dir='ltr'>θι-</span> 
     </span>
    </p>
   </div>
   <div class='ocr_carea' id='block_1_72' title="bbox 2245 2777 3893 2853">
    <p class='ocr_par' dir='ltr' id='par_1_72' title="bbox 2245 2777 3893 2853">
     <span class='ocr_line' id='line_1_72' title="bbox 2245 2777 3893 2853; baseline 0 -18"><span class='ocrx_word' id='word_1_499' title='bbox 2245 2778 2402 2836; x_wconf 89' lang='grc' dir='ltr'>λουσι</span> <span class='ocrx_word' id='word_1_500' title='bbox 2454 2780 2555 2847; x_wconf 81' lang='grc' dir='ltr'>τὴν</span> <span class='ocrx_word' id='word_1_501' title='bbox 2616 2784 2788 2847; x_wconf 78' lang='grc' dir='ltr'>Μῆτιν</span> <span class='ocrx_word' id='word_1_502' title='bbox 2848 2780 3100 2853; x_wconf 74' lang='grc' dir='ltr'>γεννήσας</span> <span class='ocrx_word' id='word_1_503' title='bbox 3148 2779 3417 2833; x_wconf 72' lang='grc' dir='ltr'>κατέπιεν·</span> <span class='ocrx_word' id='word_1_504' title='bbox 3460 2782 3527 2849; x_wconf 71' lang='grc' dir='ltr'>ἦν</span> <span class='ocrx_word' id='word_1_505' title='bbox 3557 2777 3614 2835; x_wconf 76' lang='grc' dir='ltr'>δὲ</span> <span class='ocrx_word' id='word_1_506' title='bbox 3642 2783 3677 2850; x_wconf 75' lang='grc' dir='ltr'><strong>ἡ</strong></span> <span class='ocrx_word' id='word_1_507' title='bbox 3712 2788 3893 2851; x_wconf 80' lang='grc' dir='ltr'>Μῆτις</span> 
     </span>
    </p>
   </div>
   <div class='ocr_carea' id='block_1_73' title="bbox 2241 2865 3895 2946">
    <p class='ocr_par' dir='ltr' id='par_1_73' title="bbox 2241 2865 3895 2946">
     <span class='ocr_line' id='line_1_73' title="bbox 2241 2865 3895 2946; baseline 0.004 -26"><span class='ocrx_word' id='word_1_508' title='bbox 2241 2872 2395 2945; x_wconf 78' lang='grc' dir='ltr'>γονή·</span> <span class='ocrx_word' id='word_1_509' title='bbox 2456 2868 2650 2945; x_wconf 74' lang='grc' dir='ltr'>βρέφος</span> <span class='ocrx_word' id='word_1_510' title='bbox 2727 2868 2830 2941; x_wconf 80' lang='grc' dir='ltr'>γὰρ</span> <span class='ocrx_word' id='word_1_511' title='bbox 2914 2872 3191 2921; x_wconf 85' lang='grc' dir='ltr'>καταπιεῖν</span> <span class='ocrx_word' id='word_1_512' title='bbox 3271 2865 3552 2925; x_wconf 72' lang='grc' dir='ltr'>ἀδύνατον.</span> <span class='ocrx_word' id='word_1_513' title='bbox 3611 2870 3767 2946; x_wconf 73' lang='grc' dir='ltr'>’Υπὲρ</span> <span class='ocrx_word' id='word_1_514' title='bbox 3831 2868 3895 2927; x_wconf 71' lang='grc' dir='ltr'>δὲ</span> 
     </span>
    </p>
   </div>
   <div class='ocr_carea' id='block_1_74' title="bbox 2244 2952 3899 3033">
    <p class='ocr_par' dir='ltr' id='par_1_74' title="bbox 2244 2952 3899 3033">
     <span class='ocr_line' id='line_1_74' title="bbox 2244 2952 3899 3033; baseline -0.005 -21"><span class='ocrx_word' id='word_1_515' title='bbox 2244 2955 2541 3032; x_wconf 82' lang='grc' dir='ltr'>ἀπολογίας</span> <span class='ocrx_word' id='word_1_516' title='bbox 2592 2952 2961 3031; x_wconf 82' lang='grc' dir='ltr'>παιδεραστῶν</span> <span class='ocrx_word' id='word_1_517' title='bbox 3013 2953 3335 3029; x_wconf 77' lang='grc' dir='ltr'>Γανυμήδην</span> <span class='ocrx_word' id='word_1_518' title='bbox 3388 2960 3409 2993; x_wconf 77' lang='grc'>³</span> <span class='ocrx_word' id='word_1_519' title='bbox 3464 2958 3708 3033; x_wconf 74' lang='grc' dir='ltr'>ἁρπάζει·</span> <span class='ocrx_word' id='word_1_520' title='bbox 3772 2980 3899 3032; x_wconf 81' lang='grc' dir='ltr'><strong>μοι-</strong></span> 
     </span>
    </p>
   </div>
   <div class='ocr_carea' id='block_1_75' title="bbox 2244 3042 3896 3124">
    <p class='ocr_par' dir='ltr' id='par_1_75' title="bbox 2244 3042 3896 3124">
     <span class='ocr_line' id='line_1_75' title="bbox 2244 3042 3896 3124; baseline 0.002 -24"><span class='ocrx_word' id='word_1_521' title='bbox 2244 3052 2370 3122; x_wconf 85' lang='grc' dir='ltr'>χοῖς</span> <span class='ocrx_word' id='word_1_522' title='bbox 2402 3042 2460 3100; x_wconf 78' lang='grc' dir='ltr'>δὶ</span> <span class='ocrx_word' id='word_1_523' title='bbox 2489 3045 2618 3120; x_wconf 78' lang='grc' dir='ltr'>ὑπὲρ</span> <span class='ocrx_word' id='word_1_524' title='bbox 2656 3044 2904 3120; x_wconf 85' lang='grc' dir='ltr'>μοιχείας</span> <span class='ocrx_word' id='word_1_525' title='bbox 2939 3045 3155 3119; x_wconf 84' lang='grc' dir='ltr'>βοηθῶν</span> <span class='ocrx_word' id='word_1_526' title='bbox 3187 3045 3343 3107; x_wconf 85' lang='grc' dir='ltr'>αὐτὸς</span> <span class='ocrx_word' id='word_1_527' title='bbox 3374 3045 3646 3109; x_wconf 88' lang='grc' dir='ltr'>πολλάκις</span> <span class='ocrx_word' id='word_1_528' title='bbox 3690 3050 3896 3124; x_wconf 88' lang='grc' dir='ltr'>μοιχὸς</span> 
     </span>
    </p>
   </div>
   <div class='ocr_carea' id='block_1_76' title="bbox 2247 3130 3897 3213">
    <p class='ocr_par' dir='ltr' id='par_1_76' title="bbox 2247 3130 3897 3213">
     <span class='ocr_line' id='line_1_76' title="bbox 2247 3130 3897 3213; baseline 0.001 -23"><span class='ocrx_word' id='word_1_529' title='bbox 2247 3134 2566 3209; x_wconf 65' lang='grc' dir='ltr'>εὑρίσκεταυ</span> <span class='ocrx_word' id='word_1_530' title='bbox 2621 3130 3042 3210; x_wconf 84' lang='grc' dir='ltr'>ἀδελφοφθορεῖν</span> <span class='ocrx_word' id='word_1_531' title='bbox 3098 3135 3120 3169; x_wconf 72' lang='grc' dir='ltr'><strong>ο</strong></span> <span class='ocrx_word' id='word_1_532' title='bbox 3177 3130 3235 3187; x_wconf 71' lang='grc' dir='ltr'>δὲ</span> <span class='ocrx_word' id='word_1_533' title='bbox 3289 3134 3580 3210; x_wconf 73' lang='grc' dir='ltr'>προτρέπει</span> <span class='ocrx_word' id='word_1_534' title='bbox 3629 3132 3897 3213; x_wconf 77' lang='grc' dir='ltr'>ἀδελφαῖς</span> 
     </span>
    </p>
   </div>
   <div class='ocr_carea' id='block_1_77' title="bbox 2245 3221 3898 3303">
    <p class='ocr_par' dir='ltr' id='par_1_77' title="bbox 2245 3221 3898 3303">
     <span class='ocr_line' id='line_1_77' title="bbox 2245 3221 3898 3303; baseline -0.001 -25"><span class='ocrx_word' id='word_1_535' title='bbox 2245 3221 2534 3294; x_wconf 82' lang='grc' dir='ltr'>συνελθὼν,</span> <span class='ocrx_word' id='word_1_536' title='bbox 2565 3224 2708 3295; x_wconf 76' lang='grc' dir='ltr'>’Ἡρα</span> <span class='ocrx_word' id='word_1_537' title='bbox 2762 3221 2852 3276; x_wconf 87' lang='grc' dir='ltr'>καὶ</span> <span class='ocrx_word' id='word_1_538' title='bbox 2894 3223 3144 3297; x_wconf 80' lang='grc' dir='ltr'>Δήμητρι</span> <span class='ocrx_word' id='word_1_539' title='bbox 3201 3222 3292 3277; x_wconf 80' lang='grc' dir='ltr'><strong>καὶ</strong></span> <span class='ocrx_word' id='word_1_540' title='bbox 3332 3226 3401 3296; x_wconf 81' lang='grc' dir='ltr'>τῇ</span> <span class='ocrx_word' id='word_1_541' title='bbox 3445 3223 3668 3299; x_wconf 71' lang='grc' dir='ltr'>οὐρανίᾳ</span> <span class='ocrx_word' id='word_1_542' title='bbox 3699 3226 3898 3303; x_wconf 84' lang='grc' dir='ltr'>’Δφρο-</span> 
     </span>
    </p>
   </div>
   <div class='ocr_carea' id='block_1_78' title="bbox 2247 3308 3899 3389">
    <p class='ocr_par' dir='ltr' id='par_1_78' title="bbox 2247 3308 3899 3389">
     <span class='ocr_line' id='line_1_78' title="bbox 2247 3308 3899 3389; baseline 0.001 -21"><span class='ocrx_word' id='word_1_543' title='bbox 2247 3310 2385 3387; x_wconf 81' lang='grc' dir='ltr'>δίτῃ,</span> <span class='ocrx_word' id='word_1_544' title='bbox 2419 3312 2485 3381; x_wconf 78' lang='grc' dir='ltr'>ἥν</span> <span class='ocrx_word' id='word_1_545' title='bbox 2512 3333 2647 3373; x_wconf 91' lang='grc' dir='ltr'>τινες</span> <span class='ocrx_word' id='word_1_546' title='bbox 2680 3308 2947 3381; x_wconf 83' lang='grc' dir='ltr'>Δωδώνην</span> <span class='ocrx_word' id='word_1_547' title='bbox 2984 3314 3028 3349; x_wconf 84' lang='grc'><strong>¹⁰</strong></span> <span class='ocrx_word' id='word_1_548' title='bbox 3058 3308 3299 3385; x_wconf 73' lang='grc' dir='ltr'>λέγουσι’</span> <span class='ocrx_word' id='word_1_549' title='bbox 3331 3317 3451 3373; x_wconf 91' lang='grc' dir='ltr'>τοῖς</span> <span class='ocrx_word' id='word_1_550' title='bbox 3500 3310 3557 3367; x_wconf 70' lang='grc' dir='ltr'>δὲ</span> <span class='ocrx_word' id='word_1_551' title='bbox 3598 3314 3899 3389; x_wconf 80' lang='grc' dir='ltr'>θυγατράσι</span> 
     </span>
    </p>
   </div>
   <div class='ocr_carea' id='block_1_79' title="bbox 2251 3397 3904 3478">
    <p class='ocr_par' dir='ltr' id='par_1_79' title="bbox 2251 3397 3904 3478">
     <span class='ocr_line' id='line_1_79' title="bbox 2251 3397 3904 3478; baseline 0.002 -23"><span class='ocrx_word' id='word_1_552' title='bbox 2251 3402 2528 3477; x_wconf 87' lang='grc' dir='ltr'>μίγνυσθαι</span> <span class='ocrx_word' id='word_1_553' title='bbox 2564 3397 2920 3475; x_wconf 70' lang='grc' dir='ltr'>βουλομένοις</span> <span class='ocrx_word' id='word_1_554' title='bbox 2970 3400 3274 3477; x_wconf 78' lang='grc' dir='ltr'>Περσεφόνῃ</span> <span class='ocrx_word' id='word_1_555' title='bbox 3304 3398 3684 3471; x_wconf 87' lang='grc' dir='ltr'>συνεληλυθὼς</span> <span class='ocrx_word' id='word_1_556' title='bbox 3721 3405 3904 3478; x_wconf 81' lang='grc' dir='ltr'>παρά-</span> 
     </span>
    </p>
   </div>
   <div class='ocr_carea' id='block_1_80' title="bbox 2249 3486 3898 3565">
    <p class='ocr_par' dir='ltr' id='par_1_80' title="bbox 2249 3486 3898 3565">
     <span class='ocr_line' id='line_1_80' title="bbox 2249 3486 3898 3565; baseline 0 -20"><span class='ocrx_word' id='word_1_557' title='bbox 2249 3489 2443 3565; x_wconf 91' lang='grc' dir='ltr'>δειγμα</span> <span class='ocrx_word' id='word_1_558' title='bbox 2497 3488 2736 3563; x_wconf 87' lang='grc' dir='ltr'>πονηρὸν</span> <span class='ocrx_word' id='word_1_559' title='bbox 2769 3486 2828 3541; x_wconf 81' lang='grc' dir='ltr'>ἐκ</span> <span class='ocrx_word' id='word_1_560' title='bbox 2857 3491 3009 3547; x_wconf 69' lang='grc'><strong>121)</strong></span> <span class='ocrx_word' id='word_1_561' title='bbox 3064 3492 3170 3542; x_wconf 79' lang='grc' dir='ltr'>τῶν</span> <span class='ocrx_word' id='word_1_562' title='bbox 3218 3488 3399 3561; x_wconf 81' lang='grc' dir='ltr'>μύθων</span> <span class='ocrx_word' id='word_1_563' title='bbox 3457 3489 3678 3565; x_wconf 82' lang='grc' dir='ltr'>γίνεται.</span> <span class='ocrx_word' id='word_1_564' title='bbox 3708 3490 3898 3549; x_wconf 78' lang='grc' dir='ltr'>’Άλλα</span> 
     </span>
    </p>
   </div>
   <div class='ocr_carea' id='block_1_81' title="bbox 2246 3572 3893 3653">
    <p class='ocr_par' dir='ltr' id='par_1_81' title="bbox 2246 3572 3893 3653">
     <span class='ocr_line' id='line_1_81' title="bbox 2246 3572 3893 3653; baseline 0.001 -21"><span class='ocrx_word' id='word_1_565' title='bbox 2246 3599 2305 3634; x_wconf 90' lang='grc' dir='ltr'><strong>τε</strong></span> <span class='ocrx_word' id='word_1_566' title='bbox 2338 3582 2374 3617; x_wconf 82' lang='grc'>¹¹</span> <span class='ocrx_word' id='word_1_567' title='bbox 2424 3578 2587 3653; x_wconf 80' lang='grc' dir='ltr'>μυρία</span> <span class='ocrx_word' id='word_1_568' title='bbox 2617 3572 2901 3647; x_wconf 79' lang='grc' dir='ltr'>ἠσὲϐηκεν,</span> <span class='ocrx_word' id='word_1_569' title='bbox 2927 3574 3019 3631; x_wconf 72' lang='grc' dir='ltr'>’ίνα</span> <span class='ocrx_word' id='word_1_570' title='bbox 3049 3576 3152 3631; x_wconf 79' lang='grc' dir='ltr'><strong>ὑπὸ</strong></span> <span class='ocrx_word' id='word_1_571' title='bbox 3180 3581 3287 3631; x_wconf 82' lang='grc' dir='ltr'>τῶν</span> <span class='ocrx_word' id='word_1_572' title='bbox 3339 3572 3608 3633; x_wconf 78' lang='grc' dir='ltr'>δυσσεϐῶν</span> <span class='ocrx_word' id='word_1_573' title='bbox 3647 3576 3735 3633; x_wconf 76' lang='grc' dir='ltr'>διὰ</span> <span class='ocrx_word' id='word_1_574' title='bbox 3787 3580 3893 3649; x_wconf 78' lang='grc' dir='ltr'>τήν</span> 
     </span>
    </p>
   </div>
   <div class='ocr_carea' id='block_1_82' title="bbox 2251 3662 3900 3743">
    <p class='ocr_par' dir='ltr' id='par_1_82' title="bbox 2251 3662 3900 3743">
     <span class='ocr_line' id='line_1_82' title="bbox 2251 3662 3900 3743; baseline -0.001 -20"><span class='ocrx_word' id='word_1_575' title='bbox 2251 3662 2700 3743; x_wconf 75' lang='grc' dir='ltr'>ὑπερϐάλλουσαν</span> <span class='ocrx_word' id='word_1_576' title='bbox 2732 3664 2987 3740; x_wconf 84' lang='grc' dir='ltr'>ἀκρασίαν</span> <span class='ocrx_word' id='word_1_577' title='bbox 3019 3666 3136 3728; x_wconf 85' lang='grc' dir='ltr'>θεὸς</span> <span class='ocrx_word' id='word_1_578' title='bbox 3167 3668 3213 3704; x_wconf 69' lang='grc'><strong>1³</strong></span> <span class='ocrx_word' id='word_1_579' title='bbox 3246 3666 3379 3721; x_wconf 79' lang='grc' dir='ltr'>εἶναι</span> <span class='ocrx_word' id='word_1_580' title='bbox 3411 3668 3439 3721; x_wconf 92' lang='lat'><strong>6</strong></span> <span class='ocrx_word' id='word_1_581' title='bbox 3468 3670 3635 3739; x_wconf 80' lang='grc' dir='ltr'>μῦθος</span> <span class='ocrx_word' id='word_1_582' title='bbox 3685 3664 3900 3742; x_wconf 84' lang='grc' dir='ltr'>δογμα-</span> 
     </span>
    </p>
   </div>
   <div class='ocr_carea' id='block_1_83' title="bbox 2248 3755 2428 3831">
    <p class='ocr_par' dir='ltr' id='par_1_83' title="bbox 2248 3755 2428 3831">
     <span class='ocr_line' id='line_1_83' title="bbox 2248 3755 2428 3831; baseline -0.006 -19"><span class='ocrx_word' id='word_1_583' title='bbox 2248 3755 2428 3831; x_wconf 74' lang='grc' dir='ltr'>τισθῇ.</span> 
     </span>
    </p>
   </div>
   <div class='ocr_carea' id='block_1_84' title="bbox 2325 4035 3917 4115">
    <p class='ocr_par' dir='ltr' id='par_1_84' title="bbox 2325 4035 3917 4115">
     <span class='ocr_line' id='line_1_84' title="bbox 2325 4035 3917 4115; baseline 0 -18"><span class='ocrx_word' id='word_1_584' title='bbox 2325 4041 2491 4097; x_wconf 85' lang='lat' dir='ltr'><strong>XVII.</strong></span> <span class='ocrx_word' id='word_1_585' title='bbox 2527 4035 2789 4101; x_wconf 70' lang='grc' dir='ltr'>’ἰδιώταις</span> <span class='ocrx_word' id='word_1_586' title='bbox 2848 4036 3001 4114; x_wconf 84' lang='grc' dir='ltr'>ἔχοις</span> <span class='ocrx_word' id='word_1_587' title='bbox 3056 4038 3181 4115; x_wconf 79' lang='grc' dir='ltr'>περὶ</span> <span class='ocrx_word' id='word_1_588' title='bbox 3238 4043 3346 4093; x_wconf 82' lang='grc' dir='ltr'>τῶν</span> <span class='ocrx_word' id='word_1_589' title='bbox 3396 4038 3661 4096; x_wconf 73' lang='grc' dir='ltr'>τοιούτων</span> <span class='ocrx_word' id='word_1_590' title='bbox 3694 4040 3917 4115; x_wconf 73' lang='grc' dir='ltr'>ὑπολή-</span> 
     </span>
    </p>
   </div>
   <div class='ocr_carea' id='block_1_85' title="bbox 2255 4124 3917 4204">
    <p class='ocr_par' dir='ltr' id='par_1_85' title="bbox 2255 4124 3917 4204">
     <span class='ocr_line' id='line_1_85' title="bbox 2255 4124 3917 4204; baseline 0.002 -21"><span class='ocrx_word' id='word_1_591' title='bbox 2255 4132 2398 4202; x_wconf 76' lang='grc' dir='ltr'>ψεων</span> <span class='ocrx_word' id='word_1_592' title='bbox 2449 4128 2758 4203; x_wconf 84' lang='grc' dir='ltr'>ἀγανακτεῖν</span> <span class='ocrx_word' id='word_1_593' title='bbox 2811 4125 3045 4203; x_wconf 83' lang='grc' dir='ltr'>μετρίως</span> <span class='ocrx_word' id='word_1_594' title='bbox 3096 4124 3343 4204; x_wconf 75' lang='grc' dir='ltr'>εὔλογον.</span> <span class='ocrx_word' id='word_1_595' title='bbox 3374 4133 3500 4191; x_wconf 87' lang='grc' dir='ltr'>Τοῖς</span> <span class='ocrx_word' id='word_1_596' title='bbox 3556 4127 3613 4184; x_wconf 69' lang='grc' dir='ltr'>δὲ</span> <span class='ocrx_word' id='word_1_597' title='bbox 3669 4130 3728 4185; x_wconf 75' lang='grc' dir='ltr'>ἐκ</span> <span class='ocrx_word' id='word_1_598' title='bbox 3781 4151 3917 4187; x_wconf 87' lang='grc' dir='ltr'>παι-</span> 
     </span>
    </p>
   </div>
   <div class='ocr_carea' id='block_1_86' title="bbox 503 4214 2135 4294">
    <p class='ocr_par' dir='ltr' id='par_1_86' title="bbox 503 4220 2135 4292">
     <span class='ocr_line' id='line_1_86' title="bbox 503 4220 2135 4292; baseline -0.001 -16"><span class='ocrx_word' id='word_1_599' title='bbox 503 4226 645 4290; x_wconf 87' lang='lat' dir='ltr'><strong>tem,</strong></span> <span class='ocrx_word' id='word_1_600' title='bbox 676 4220 778 4292; x_wconf 89' lang='lat' dir='ltr'><strong>qui</strong></span> <span class='ocrx_word' id='word_1_601' title='bbox 811 4220 869 4274; x_wconf 91' lang='lat' dir='ltr'><strong>in</strong></span> <span class='ocrx_word' id='word_1_602' title='bbox 901 4220 1110 4276; x_wconf 90' lang='lat' dir='ltr'><strong>litteris</strong></span> <span class='ocrx_word' id='word_1_603' title='bbox 1158 4220 1415 4276; x_wconf 89' lang='lat' dir='ltr'><strong>instituti</strong></span> <span class='ocrx_word' id='word_1_604' title='bbox 1448 4220 1703 4283; x_wconf 90' lang='lat' dir='ltr'><strong>fuerunt,</strong></span> <span class='ocrx_word' id='word_1_605' title='bbox 1736 4220 2018 4291; x_wconf 87' lang='lat' dir='ltr'><strong>quidnam</strong></span> <span class='ocrx_word' id='word_1_606' title='bbox 2055 4222 2135 4276; x_wconf 91' lang='lat' dir='ltr'><strong>di-</strong></span> 
     </span>
    </p>
   </div>
   <div class='ocr_carea' id='block_1_87' title="bbox 2249 4214 3919 4294">
    <p class='ocr_par' dir='ltr' id='par_1_87' title="bbox 2258 4214 3919 4294">
     <span class='ocr_line' id='line_1_87' title="bbox 2258 4214 3919 4294; baseline 0 -21"><span class='ocrx_word' id='word_1_607' title='bbox 2258 4214 2401 4278; x_wconf 89' lang='grc' dir='ltr'>δείας</span> <span class='ocrx_word' id='word_1_608' title='bbox 2477 4216 2820 4292; x_wconf 69' lang='grc' dir='ltr'>ὁρμωμένοις</span> <span class='ocrx_word' id='word_1_609' title='bbox 2874 4216 2927 4270; x_wconf 91' lang='grc' dir='ltr'><strong>τί</strong></span> <span class='ocrx_word' id='word_1_610' title='bbox 2984 4214 3066 4271; x_wconf 85' lang='grc' dir='ltr'><strong>δεῖ</strong></span> <span class='ocrx_word' id='word_1_611' title='bbox 3121 4217 3210 4271; x_wconf 86' lang='grc' dir='ltr'>καὶ</span> <span class='ocrx_word' id='word_1_612' title='bbox 3267 4216 3482 4294; x_wconf 81' lang='grc' dir='ltr'>λέγειν;</span> <span class='ocrx_word' id='word_1_613' title='bbox 3544 4220 3616 4275; x_wconf 81' lang='grc' dir='ltr'>ὧν</span> <span class='ocrx_word' id='word_1_614' title='bbox 3663 4240 3804 4282; x_wconf 91' lang='grc' dir='ltr'>τινες</span> <span class='ocrx_word' id='word_1_615' title='bbox 3862 4224 3919 4260; x_wconf 83' lang='grc'><strong>¹³</strong></span> 
     </span>
    </p>
   </div>
   <div class='ocr_carea' id='block_1_88' title="bbox 505 4307 2150 4382">
    <p class='ocr_par' dir='ltr' id='par_1_88' title="bbox 505 4307 2150 4382">
     <span class='ocr_line' id='line_1_88' title="bbox 505 4307 2150 4382; baseline 0.001 -19"><span class='ocrx_word' id='word_1_616' title='bbox 505 4324 634 4364; x_wconf 90' lang='lat' dir='ltr'><strong>cere</strong></span> <span class='ocrx_word' id='word_1_617' title='bbox 663 4307 935 4379; x_wconf 84' lang='lat' dir='ltr'><strong>oportet?</strong></span> <span class='ocrx_word' id='word_1_618' title='bbox 966 4309 1064 4379; x_wconf 91' lang='lat' dir='ltr'><strong>qui</strong></span> <span class='ocrx_word' id='word_1_619' title='bbox 1096 4308 1465 4379; x_wconf 86' lang='lat' dir='ltr'><strong>grammatici</strong></span> <span class='ocrx_word' id='word_1_620' title='bbox 1497 4312 1554 4363; x_wconf 90' lang='lat' dir='ltr'><strong>et</strong></span> <span class='ocrx_word' id='word_1_621' title='bbox 1585 4308 1861 4380; x_wconf 71' lang='lat' dir='ltr'><strong>sapbistaa</strong></span> <span class='ocrx_word' id='word_1_622' title='bbox 1892 4325 2021 4364; x_wconf 90' lang='lat' dir='ltr'><strong>esse</strong></span> <span class='ocrx_word' id='word_1_623' title='bbox 2051 4326 2150 4382; x_wconf 86' lang='lat' dir='ltr'><strong>ge-</strong></span> 
     </span>
    </p>
   </div>
   <div class='ocr_carea' id='block_1_89' title="bbox 2256 4304 3915 4383">
    <p class='ocr_par' dir='ltr' id='par_1_89' title="bbox 2256 4304 3915 4383">
     <span class='ocr_line' id='line_1_89' title="bbox 2256 4304 3915 4383; baseline 0.001 -22"><span class='ocrx_word' id='word_1_624' title='bbox 2256 4305 2626 4382; x_wconf 75' lang='grc' dir='ltr'>γραμματικοὶ</span> <span class='ocrx_word' id='word_1_625' title='bbox 2655 4304 2743 4360; x_wconf 83' lang='grc' dir='ltr'>καὶ</span> <span class='ocrx_word' id='word_1_626' title='bbox 2776 4304 3023 4383; x_wconf 82' lang='grc' dir='ltr'>σοφισταὶ</span> <span class='ocrx_word' id='word_1_627' title='bbox 3075 4305 3345 4377; x_wconf 77' lang='grc' dir='ltr'>ἀξιοῦντες</span> <span class='ocrx_word' id='word_1_628' title='bbox 3395 4306 3525 4362; x_wconf 72' lang='grc' dir='ltr'>εἶναι</span> <span class='ocrx_word' id='word_1_629' title='bbox 3580 4307 3673 4369; x_wconf 74' lang='grc' dir='ltr'>τὰς</span> <span class='ocrx_word' id='word_1_630' title='bbox 3719 4307 3915 4364; x_wconf 68' lang='grc' dir='ltr'>τοιαύ-</span> 
     </span>
    </p>
   </div>
   <div class='ocr_carea' id='block_1_90' title="bbox 505 4389 2135 4475">
    <p class='ocr_par' dir='ltr' id='par_1_90' title="bbox 505 4395 2135 4469">
     <span class='ocr_line' id='line_1_90' title="bbox 505 4395 2135 4469; baseline 0 -17"><span class='ocrx_word' id='word_1_631' title='bbox 505 4396 749 4453; x_wconf 88' lang='lat' dir='ltr'><strong>stientes</strong></span> <span class='ocrx_word' id='word_1_632' title='bbox 772 4395 880 4451; x_wconf 88' lang='lat' dir='ltr'><strong>has</strong></span> <span class='ocrx_word' id='word_1_633' title='bbox 900 4396 1157 4451; x_wconf 90' lang='lat' dir='ltr'><strong>actiones</strong></span> <span class='ocrx_word' id='word_1_634' title='bbox 1175 4396 1289 4453; x_wconf 89' lang='lat' dir='ltr'><strong>diis</strong></span> <span class='ocrx_word' id='word_1_635' title='bbox 1317 4396 1525 4469; x_wconf 87' lang='lat' dir='ltr'><strong>dignas</strong></span> <span class='ocrx_word' id='word_1_636' title='bbox 1539 4413 1667 4452; x_wconf 90' lang='lat' dir='ltr'><strong>esse</strong></span> <span class='ocrx_word' id='word_1_637' title='bbox 1684 4397 2135 4454; x_wconf 79' lang='lat' dir='ltr'><strong>affirmant.Curr</strong></span> 
     </span>
    </p>
   </div>
   <div class='ocr_carea' id='block_1_91' title="bbox 2249 4389 3917 4475">
    <p class='ocr_par' dir='ltr' id='par_1_91' title="bbox 2256 4389 3917 4475">
     <span class='ocr_line' id='line_1_91' title="bbox 2256 4389 3917 4475; baseline 0.002 -26"><span class='ocrx_word' id='word_1_638' title='bbox 2256 4415 2351 4457; x_wconf 90' lang='grc' dir='ltr'><strong>τας</strong></span> <span class='ocrx_word' id='word_1_639' title='bbox 2381 4394 2595 4471; x_wconf 81' lang='grc' dir='ltr'>πράξεις</span> <span class='ocrx_word' id='word_1_640' title='bbox 2628 4394 2758 4447; x_wconf 78' lang='grc' dir='ltr'>θεῶν</span> <span class='ocrx_word' id='word_1_641' title='bbox 2800 4392 2948 4464; x_wconf 79' lang='grc' dir='ltr'>ἀξίας</span> <span class='ocrx_word' id='word_1_642' title='bbox 2996 4393 3129 4448; x_wconf 81' lang='grc' dir='ltr'>εἶναι</span> <span class='ocrx_word' id='word_1_643' title='bbox 3192 4389 3520 4471; x_wconf 77' lang='grc' dir='ltr'>βεϐαιοῦσιν,</span> <span class='ocrx_word' id='word_1_644' title='bbox 3554 4395 3718 4452; x_wconf 76' lang='grc' dir='ltr'>Αὐτοὶ</span> <span class='ocrx_word' id='word_1_645' title='bbox 3777 4396 3917 4475; x_wconf 81' lang='grc' dir='ltr'><strong>γάρ,</strong></span> 
     </span>
    </p>
   </div>
   <div class='ocr_carea' id='block_1_92' title="bbox 505 4483 2154 4559">
    <p class='ocr_par' dir='ltr' id='par_1_92' title="bbox 505 4483 2154 4559">
     <span class='ocr_line' id='line_1_92' title="bbox 505 4483 2154 4559; baseline -0.001 -17"><span class='ocrx_word' id='word_1_646' title='bbox 505 4485 662 4542; x_wconf 87' lang='lat' dir='ltr'><strong>enim</strong></span> <span class='ocrx_word' id='word_1_647' title='bbox 686 4483 1241 4557; x_wconf 90' lang='lat' dir='ltr'><strong>ipsiincontinentes</strong></span> <span class='ocrx_word' id='word_1_648' title='bbox 1271 4484 1742 4551; x_wconf 87' lang='lat' dir='ltr'><strong>sint,fabularum</strong></span> <span class='ocrx_word' id='word_1_649' title='bbox 1765 4492 2001 4558; x_wconf 88' lang='lat' dir='ltr'><strong>accepto</strong></span> <span class='ocrx_word' id='word_1_650' title='bbox 2016 4503 2154 4559; x_wconf 63' lang='lat' dir='ltr'><strong>pra:-</strong></span> 
     </span>
    </p>
   </div>
   <div class='ocr_carea' id='block_1_93' title="bbox 506 4573 2156 4648">
    <p class='ocr_par' dir='ltr' id='par_1_93' title="bbox 506 4573 2156 4648">
     <span class='ocr_line' id='line_1_93' title="bbox 506 4573 2156 4648; baseline -0.001 -17"><span class='ocrx_word' id='word_1_651' title='bbox 506 4574 866 4646; x_wconf 83' lang='lat' dir='ltr'><strong>textu,quasi</strong></span> <span class='ocrx_word' id='word_1_652' title='bbox 898 4573 1210 4630; x_wconf 89' lang='lat' dir='ltr'><strong>numinum</strong></span> <span class='ocrx_word' id='word_1_653' title='bbox 1241 4574 1587 4642; x_wconf 87' lang='lat' dir='ltr'><strong>imitatores,</strong></span> <span class='ocrx_word' id='word_1_654' title='bbox 1610 4574 1787 4630; x_wconf 87' lang='lat' dir='ltr'><strong>libere</strong></span> <span class='ocrx_word' id='word_1_655' title='bbox 1821 4580 2156 4648; x_wconf 89' lang='lat' dir='ltr'><strong>perpetrant</strong></span> 
     </span>
    </p>
   </div>
   <div class='ocr_carea' id='block_1_94' title="bbox 504 4662 724 4735">
    <p class='ocr_par' dir='ltr' id='par_1_94' title="bbox 504 4662 724 4735">
     <span class='ocr_line' id='line_1_94' title="bbox 504 4662 724 4735; baseline -0.014 -15"><span class='ocrx_word' id='word_1_656' title='bbox 504 4662 724 4735; x_wconf 81' lang='lat' dir='ltr'><strong>turpia.</strong></span> 
     </span>
    </p>
   </div>
   <div class='ocr_carea' id='block_1_95' title="bbox 2260 4478 3924 4563">
    <p class='ocr_par' dir='ltr' id='par_1_95' title="bbox 2260 4478 3924 4563">
     <span class='ocr_line' id='line_1_95' title="bbox 2260 4478 3924 4563; baseline 0.001 -24"><span class='ocrx_word' id='word_1_657' title='bbox 2260 4484 2507 4559; x_wconf 89' lang='grc' dir='ltr'>ἀκρατεῖς</span> <span class='ocrx_word' id='word_1_658' title='bbox 2539 4478 2706 4554; x_wconf 78' lang='grc' dir='ltr'>ὄντες,</span> <span class='ocrx_word' id='word_1_659' title='bbox 2737 4481 2937 4553; x_wconf 82' lang='grc' dir='ltr'>ταύτης</span> <span class='ocrx_word' id='word_1_660' title='bbox 2981 4485 3082 4552; x_wconf 78' lang='grc' dir='ltr'>τῆς</span> <span class='ocrx_word' id='word_1_661' title='bbox 3136 4485 3368 4556; x_wconf 80' lang='grc' dir='ltr'>μυθικῆς</span> <span class='ocrx_word' id='word_1_662' title='bbox 3426 4486 3749 4563; x_wconf 78' lang='grc' dir='ltr'>προφάσεως</span> <span class='ocrx_word' id='word_1_663' title='bbox 3808 4484 3924 4541; x_wconf 87' lang='grc' dir='ltr'>λα-</span> 
     </span>
    </p>
   </div>
   <div class='ocr_carea' id='block_1_96' title="bbox 2264 4568 3926 4649">
    <p class='ocr_par' dir='ltr' id='par_1_96' title="bbox 2264 4568 3926 4649">
     <span class='ocr_line' id='line_1_96' title="bbox 2264 4568 3926 4649; baseline 0.001 -22"><span class='ocrx_word' id='word_1_664' title='bbox 2264 4568 2509 4646; x_wconf 79' lang='grc' dir='ltr'>ϐόμενοι,</span> <span class='ocrx_word' id='word_1_665' title='bbox 2533 4571 2609 4634; x_wconf 84' lang='grc' dir='ltr'>ὡς</span> <span class='ocrx_word' id='word_1_666' title='bbox 2640 4569 2697 4626; x_wconf 79' lang='grc' dir='ltr'>δὶ</span> <span class='ocrx_word' id='word_1_667' title='bbox 2729 4572 2966 4645; x_wconf 85' lang='grc' dir='ltr'>μιμηταὶ</span> <span class='ocrx_word' id='word_1_668' title='bbox 3016 4576 3126 4627; x_wconf 83' lang='grc' dir='ltr'>τῶν</span> <span class='ocrx_word' id='word_1_669' title='bbox 3181 4572 3504 4649; x_wconf 85' lang='grc' dir='ltr'>κρειττόνων</span> <span class='ocrx_word' id='word_1_670' title='bbox 3562 4571 3765 4647; x_wconf 77' lang='grc' dir='ltr'>ἄσεμνα</span> <span class='ocrx_word' id='word_1_671' title='bbox 3797 4571 3926 4630; x_wconf 84' lang='grc' dir='ltr'>δια-</span> 
     </span>
    </p>
   </div>
   <div class='ocr_carea' id='block_1_97' title="bbox 2263 4659 3141 4739">
    <p class='ocr_par' dir='ltr' id='par_1_97' title="bbox 2263 4659 3141 4739">
     <span class='ocr_line' id='line_1_97' title="bbox 2263 4659 3141 4739; baseline 0 -22"><span class='ocrx_word' id='word_1_672' title='bbox 2263 4660 2630 4739; x_wconf 86' lang='grc' dir='ltr'>πραττόμενοι</span> <span class='ocrx_word' id='word_1_673' title='bbox 2660 4659 3141 4737; x_wconf 78' lang='grc' dir='ltr'>παῤῥησιάζονται.</span> 
     </span>
    </p>
   </div>
   <div class='ocr_carea' id='block_1_98' title="bbox 1850 4838 2545 4898">
    <p class='ocr_par' dir='ltr' id='par_1_98' title="bbox 1850 4838 2545 4898">
     <span class='ocr_line' id='line_1_98' title="bbox 1850 4838 2545 4898; baseline 0.003 -4"><span class='ocrx_word' id='word_1_674' title='bbox 1850 4838 2095 4897; x_wconf 77' lang='lat' dir='ltr'><strong>VARle</strong></span> <span class='ocrx_word' id='word_1_675' title='bbox 2132 4840 2545 4898; x_wconf 85' lang='lat' dir='ltr'><strong>LECTIONES.</strong></span> 
     </span>
    </p>
   </div>
   <div class='ocr_carea' id='block_1_99' title="bbox 583 4986 3931 5074">
    <p class='ocr_par' dir='ltr' id='par_1_99' title="bbox 583 4986 3931 5074">
     <span class='ocr_line' id='line_1_99' title="bbox 583 4986 3931 5074; baseline 0.002 -33"><span class='ocrx_word' id='word_1_676' title='bbox 583 4989 651 5026; x_wconf 78' lang='grc'><strong>¹⁰⁰</strong></span> <span class='ocrx_word' id='word_1_677' title='bbox 704 4986 1179 5074; x_wconf 56' lang='grc' dir='ltr'>προσευηργὲτηκε</span> <span class='ocrx_word' id='word_1_678' title='bbox 1380 4994 1397 5028; x_wconf 88' lang='grc'>¹</span> <span class='ocrx_word' id='word_1_679' title='bbox 1456 4991 1605 5046; x_wconf 84' lang='lat' dir='ltr'><strong>Vbb.</strong></span> <span class='ocrx_word' id='word_1_680' title='bbox 1646 4989 1760 5073; x_wconf 41' lang='grc' dir='ltr'>,τῂν</span> <span class='ocrx_word' id='word_1_681' title='bbox 1794 4986 2065 5074; x_wconf 41' lang='lat' dir='ltr'><strong>fellet;</strong></span> <span class='ocrx_word' id='word_1_682' title='bbox 2119 4989 2211 5044; x_wconf 81' lang='grc' dir='ltr'>καὶ</span> <span class='ocrx_word' id='word_1_683' title='bbox 2267 5022 2337 5074; x_wconf 69' lang='lat'><strong>-_—-</strong></span> <span class='ocrx_word' id='word_1_684' title='bbox 2385 4989 2803 5074; x_wconf 33' lang='grc' dir='ltr'>’μυθολογοῦσαν</span> <span class='ocrx_word' id='word_1_685' title='bbox 2826 4989 2953 5074; x_wconf 55' lang='lat' dir='ltr'><strong>fies.</strong></span> <span class='ocrx_word' id='word_1_686' title='bbox 2987 4989 3171 5074; x_wconf 65' lang='lat' dir='ltr'><strong>in_q.</strong></span> <span class='ocrx_word' id='word_1_687' title='bbox 3207 4992 3458 5074; x_wconf 60' lang='lat' dir='ltr'><strong>Adnotat</strong></span> <span class='ocrx_word' id='word_1_688' title='bbox 3494 4990 3628 5074; x_wconf 41' lang='grc' dir='ltr'><strong>δέ]</strong></span> <span class='ocrx_word' id='word_1_689' title='bbox 3656 4988 3931 5074; x_wconf 53' lang='lat' dir='ltr'><strong>edidisse</strong></span> 
     </span>
    </p>
   </div>
   <div class='ocr_carea' id='block_1_100' title="bbox 511 5057 3934 5190">
    <p class='ocr_par' dir='ltr' id='par_1_100' title="bbox 511 5057 3934 5190">
     <span class='ocr_line' id='line_1_100' title="bbox 511 5057 3934 5190; baseline 0.001 -78"><span class='ocrx_word' id='word_1_690' title='bbox 511 5057 894 5147; x_wconf 58' lang='grc' dir='ltr'>ςτανταπάθεῖς,</span> <span class='ocrx_word' id='word_1_691' title='bbox 929 5057 1111 5144; x_wconf 77' lang='lat' dir='ltr'><strong>quod</strong></span> <span class='ocrx_word' id='word_1_692' title='bbox 1140 5062 1377 5190; x_wconf 30' lang='lat' dir='ltr'><strong>rapidam</strong></span> <span class='ocrx_word' id='word_1_693' title='bbox 1437 5079 1551 5117; x_wconf 91' lang='lat' dir='ltr'><strong>non</strong></span> <span class='ocrx_word' id='word_1_694' title='bbox 1604 5061 1715 5117; x_wconf 88' lang='lat' dir='ltr'><strong>nisi</strong></span> <span class='ocrx_word' id='word_1_695' title='bbox 1778 5060 1848 5116; x_wconf 91' lang='lat' dir='ltr'><strong>de</strong></span> <span class='ocrx_word' id='word_1_696' title='bbox 1904 5062 2123 5118; x_wconf 90' lang='lat' dir='ltr'><strong>Clerico</strong></span> <span class='ocrx_word' id='word_1_697' title='bbox 2182 5069 2334 5119; x_wconf 90' lang='lat' dir='ltr'><strong>recte</strong></span> <span class='ocrx_word' id='word_1_698' title='bbox 2382 5057 2748 5134; x_wconf 78' lang='lat' dir='ltr'><strong>intelligitur.</strong></span> <span class='ocrx_word' id='word_1_699' title='bbox 2826 5061 2847 5096; x_wconf 81' lang='grc'>³</span> <span class='ocrx_word' id='word_1_700' title='bbox 2873 5057 3089 5137; x_wconf 83' lang='grc' dir='ltr'>ἀσφαλῆ</span> <span class='ocrx_word' id='word_1_701' title='bbox 3123 5067 3181 5117; x_wconf 91' lang='lat' dir='ltr'><strong>C.</strong></span> <span class='ocrx_word' id='word_1_702' title='bbox 3254 5063 3276 5098; x_wconf 81' lang='grc'>³</span> <span class='ocrx_word' id='word_1_703' title='bbox 3311 5066 3394 5119; x_wconf 77' lang='lat' dir='ltr'><strong>lla</strong></span> <span class='ocrx_word' id='word_1_704' title='bbox 3423 5064 3484 5129; x_wconf 91' lang='lat' dir='ltr'><strong>S,</strong></span> <span class='ocrx_word' id='word_1_705' title='bbox 3512 5059 3824 5136; x_wconf 70' lang='grc' dir='ltr'>Ἡρακλέους</span> <span class='ocrx_word' id='word_1_706' title='bbox 3853 5061 3934 5129; x_wconf 87' lang='lat' dir='ltr'><strong>C,</strong></span> 
     </span>
     <span class='ocr_line' id='line_1_101' title="bbox 529 5128 3934 5190; baseline 0.001 -6"><span class='ocrx_word' id='word_1_707' title='bbox 529 5128 807 5190; x_wconf 81' lang='grc' dir='ltr'>Ηρακλέος</span> <span class='ocrx_word' id='word_1_708' title='bbox 837 5132 902 5190; x_wconf 92' lang='grc' dir='ltr'><strong>Ο.</strong></span> <span class='ocrx_word' id='word_1_709' title='bbox 937 5148 1034 5190; x_wconf 80' lang='lat' dir='ltr'><strong>aui</strong></span> <span class='ocrx_word' id='word_1_710' title='bbox 1094 5151 1162 5189; x_wconf 87' lang='lat' dir='ltr'><strong>su</strong></span> <span class='ocrx_word' id='word_1_711' title='bbox 1210 5135 1342 5189; x_wconf 79' lang='lat' dir='ltr'><strong>inde</strong></span> <span class='ocrx_word' id='word_1_712' title='bbox 1399 5150 1512 5189; x_wconf 92' lang='lat' dir='ltr'><strong>scr.</strong></span> <span class='ocrx_word' id='word_1_713' title='bbox 1571 5132 1782 5187; x_wconf 74' lang='grc' dir='ltr'>καθένα,</span> <span class='ocrx_word' id='word_1_714' title='bbox 1858 5134 1880 5167; x_wconf 78' lang='grc'>⁴</span> <span class='ocrx_word' id='word_1_715' title='bbox 1910 5131 2056 5188; x_wconf 86' lang='lat' dir='ltr'><strong>Sede</strong></span> <span class='ocrx_word' id='word_1_716' title='bbox 2086 5135 2500 5190; x_wconf 80' lang='lat' dir='ltr'><strong>pronominum</strong></span> <span class='ocrx_word' id='word_1_717' title='bbox 2530 5137 2775 5190; x_wconf 88' lang='lat' dir='ltr'><strong>mutata.</strong></span> <span class='ocrx_word' id='word_1_718' title='bbox 2809 5132 3185 5189; x_wconf 86' lang='lat' dir='ltr'><strong>scribendum</strong></span> <span class='ocrx_word' id='word_1_719' title='bbox 3219 5151 3233 5190; x_wconf 88' lang='lat'><strong>:</strong></span> <span class='ocrx_word' id='word_1_720' title='bbox 3269 5132 3361 5190; x_wconf 76' lang='grc' dir='ltr'><strong>οὓς</strong></span> <span class='ocrx_word' id='word_1_721' title='bbox 3393 5136 3498 5190; x_wconf 89' lang='lat' dir='ltr'><strong>(sc.</strong></span> <span class='ocrx_word' id='word_1_722' title='bbox 3533 5128 3760 5190; x_wconf 71' lang='grc' dir='ltr'>ἔρωτας)</span> <span class='ocrx_word' id='word_1_723' title='bbox 3791 5128 3934 5188; x_wconf 76' lang='grc' dir='ltr'>οὖδὶ</span> 
     </span>
    </p>
   </div>
   <div class='ocr_carea' id='block_1_101' title="bbox 511 5128 1120 5217">
    <p class='ocr_par' dir='ltr' id='par_1_101' title="bbox 511 5128 1120 5217">
     <span class='ocr_line' id='line_1_102' title="bbox 511 5128 1120 5217; baseline 0.011 -36"><span class='ocrx_word' id='word_1_724' title='bbox 511 5128 807 5217; x_wconf 48' lang='grc' dir='ltr'><strong>⁸Ῑξραξιλξέοις</strong></span> <span class='ocrx_word' id='word_1_725' title='bbox 837 5132 902 5198; x_wconf 92' lang='grc' dir='ltr'>Ο,</span> <span class='ocrx_word' id='word_1_726' title='bbox 1060 5152 1120 5217; x_wconf 58' lang='lat'><strong>“8</strong></span> 
     </span>
    </p>
   </div>
   <div class='ocr_carea' id='block_1_102' title="bbox 1210 5128 3937 5207">
    <p class='ocr_par' dir='ltr' id='par_1_102' title="bbox 1210 5128 3937 5207">
     <span class='ocr_line' id='line_1_103' title="bbox 1210 5128 3937 5207; baseline 0 -19"><span class='ocrx_word' id='word_1_727' title='bbox 1210 5134 1342 5207; x_wconf 86' lang='lat' dir='ltr'><strong>inde</strong></span> <span class='ocrx_word' id='word_1_728' title='bbox 1399 5150 1520 5207; x_wconf 66' lang='lat' dir='ltr'><strong>scr.</strong></span> <span class='ocrx_word' id='word_1_729' title='bbox 1571 5132 1782 5207; x_wconf 67' lang='grc' dir='ltr'>καρένα.</span> <span class='ocrx_word' id='word_1_730' title='bbox 1858 5131 2056 5207; x_wconf 44' lang='lat' dir='ltr'><strong>{Sede</strong></span> <span class='ocrx_word' id='word_1_731' title='bbox 2086 5135 2500 5207; x_wconf 91' lang='lat' dir='ltr'><strong>pronominum</strong></span> <span class='ocrx_word' id='word_1_732' title='bbox 2530 5128 2775 5207; x_wconf 55' lang='lat' dir='ltr'><strong>m&#39;utata,</strong></span> <span class='ocrx_word' id='word_1_733' title='bbox 2809 5128 3185 5207; x_wconf 77' lang='lat' dir='ltr'><strong>scribendum</strong></span> <span class='ocrx_word' id='word_1_734' title='bbox 3219 5151 3233 5207; x_wconf 83' lang='lat'><strong>;</strong></span> <span class='ocrx_word' id='word_1_735' title='bbox 3269 5132 3371 5207; x_wconf 77' lang='grc' dir='ltr'><strong>οὓς</strong></span> <span class='ocrx_word' id='word_1_736' title='bbox 3393 5128 3498 5207; x_wconf 62' lang='grc' dir='ltr'><strong>(δέ,</strong></span> <span class='ocrx_word' id='word_1_737' title='bbox 3533 5128 3937 5207; x_wconf 39' lang='lat' dir='ltr'><strong>aemulata;</strong></span> 
     </span>
    </p>
   </div>
   <div class='ocr_carea' id='block_1_103' title="bbox 513 5199 3938 5279">
    <p class='ocr_par' dir='ltr' id='par_1_103' title="bbox 513 5199 3938 5279">
     <span class='ocr_line' id='line_1_104' title="bbox 513 5199 3938 5279; baseline 0.002 -27"><span class='ocrx_word' id='word_1_738' title='bbox 513 5199 666 5279; x_wconf 77' lang='grc' dir='ltr'>αὐτοὶ</span> <span class='ocrx_word' id='word_1_739' title='bbox 699 5200 848 5279; x_wconf 66' lang='grc' dir='ltr'><strong>ἀγν.,Δ</strong></span> <span class='ocrx_word' id='word_1_740' title='bbox 872 5199 1176 5279; x_wconf 47' lang='lat'><strong>«013.612..</strong></span> <span class='ocrx_word' id='word_1_741' title='bbox 1212 5206 1364 5279; x_wconf 81' lang='grc' dir='ltr'>ὁρμ..</span> <span class='ocrx_word' id='word_1_742' title='bbox 1400 5204 1474 5258; x_wconf 82' lang='grc' dir='ltr'>ὧν</span> <span class='ocrx_word' id='word_1_743' title='bbox 1504 5200 1851 5279; x_wconf 59' lang='grc' dir='ltr'>ἐπαιδεύθητε</span> <span class='ocrx_word' id='word_1_744' title='bbox 1885 5202 2057 5279; x_wconf 78' lang='grc' dir='ltr'>βίους.</span> <span class='ocrx_word' id='word_1_745' title='bbox 2087 5199 2393 5279; x_wconf 82' lang='grc' dir='ltr'><strong>ἅμα</strong></span> <span class='ocrx_word' id='word_1_746' title='bbox 2420 5208 2488 5278; x_wconf 78' lang='grc' dir='ltr'>τῇ</span> <span class='ocrx_word' id='word_1_747' title='bbox 2541 5206 2666 5279; x_wconf 70' lang='lat' dir='ltr'><strong>cod.</strong></span> <span class='ocrx_word' id='word_1_748' title='bbox 2718 5204 2855 5279; x_wconf 63' lang='lat' dir='ltr'><strong>Reg.</strong></span> <span class='ocrx_word' id='word_1_749' title='bbox 2885 5204 3011 5260; x_wconf 78' lang='grc'><strong>804.</strong></span> <span class='ocrx_word' id='word_1_750' title='bbox 3086 5206 3109 5242; x_wconf 84' lang='grc'><strong>⁸</strong></span> <span class='ocrx_word' id='word_1_751' title='bbox 3138 5204 3274 5279; x_wconf 81' lang='grc' dir='ltr'>πρὸς</span> <span class='ocrx_word' id='word_1_752' title='bbox 3320 5199 3410 5260; x_wconf 73' lang='grc' dir='ltr'>τά’</span> <span class='ocrx_word' id='word_1_753' title='bbox 3440 5199 3706 5279; x_wconf 38' lang='grc' dir='ltr'>τέκνα-ς.-</span> <span class='ocrx_word' id='word_1_754' title='bbox 3744 5199 3783 5237; x_wconf 72' lang='grc'><strong>’⁷</strong></span> <span class='ocrx_word' id='word_1_755' title='bbox 3812 5206 3938 5259; x_wconf 80' lang='grc' dir='ltr'>τῶν</span> 
     </span>
    </p>
   </div>
   <div class='ocr_carea' id='block_1_104' title="bbox 515 5268 3129 5369">
    <p class='ocr_par' dir='ltr' id='par_1_104' title="bbox 515 5268 3129 5369">
     <span class='ocr_line' id='line_1_105' title="bbox 515 5268 3129 5369; baseline 0 0"><span class='ocrx_word' id='word_1_756' title='bbox 515 5268 1254 5369; x_wconf 46' lang='grc' dir='ltr'><strong>ἓὲῗγξῗελεμίῖενξοξίςῇεξῖ</strong></span> <span class='ocrx_word' id='word_1_757' title='bbox 1284 5268 1443 5369; x_wconf 57' lang='lat'><strong>189.4,;</strong></span> <span class='ocrx_word' id='word_1_758' title='bbox 1560 5268 1914 5369; x_wconf 50' lang='grc' dir='ltr'><strong>ξηανγθμῆξφ</strong></span> <span class='ocrx_word' id='word_1_759' title='bbox 1965 5277 2071 5369; x_wconf 68' lang='lat'><strong>2-.</strong></span> <span class='ocrx_word' id='word_1_760' title='bbox 2107 5268 2573 5369; x_wconf 37' lang='lat' dir='ltr'><strong>meacumea</strong></span> <span class='ocrx_word' id='word_1_761' title='bbox 2614 5276 2676 5343; x_wconf 66' lang='grc' dir='ltr'>αι</span> <span class='ocrx_word' id='word_1_762' title='bbox 2725 5268 3129 5369; x_wconf 48' lang='lat' dir='ltr'><strong>exverum</strong></span> 
     </span>
    </p>
   </div>
   <div class='ocr_carea' id='block_1_105' title="bbox 3252 5271 3936 5348">
    <p class='ocr_par' dir='ltr' id='par_1_105' title="bbox 3252 5271 3936 5348">
     <span class='ocr_line' id='line_1_106' title="bbox 3252 5271 3936 5348; baseline -0.004 -15"><span class='ocrx_word' id='word_1_763' title='bbox 3252 5280 3317 5333; x_wconf 73' lang='lat' dir='ltr'><strong>it.</strong></span> <span class='ocrx_word' id='word_1_764' title='bbox 3368 5295 3419 5334; x_wconf 90' lang='lat' dir='ltr'><strong>c.</strong></span> <span class='ocrx_word' id='word_1_765' title='bbox 3449 5280 3543 5343; x_wconf 83' lang='lat'><strong>51,</strong></span> <span class='ocrx_word' id='word_1_766' title='bbox 3594 5271 3936 5348; x_wconf 83' lang='grc' dir='ltr'>ἀδελφοκοι-</span> 
     </span>
    </p>
   </div>
   <div class='ocr_carea' id='block_1_106' title="bbox 512 5345 3933 5472">
    <p class='ocr_par' dir='ltr' id='par_1_106' title="bbox 512 5345 3933 5472">
     <span class='ocr_line' id='line_1_107' title="bbox 512 5345 3933 5472; baseline 0.004 -79"><span class='ocrx_word' id='word_1_767' title='bbox 512 5345 623 5393; x_wconf 86' lang='grc' dir='ltr'>τεῖν</span> <span class='ocrx_word' id='word_1_768' title='bbox 657 5345 806 5424; x_wconf 83' lang='lat' dir='ltr'><strong>conj.</strong></span> <span class='ocrx_word' id='word_1_769' title='bbox 839 5349 875 5397; x_wconf 90' lang='lat' dir='ltr'><strong>S</strong></span> <span class='ocrx_word' id='word_1_770' title='bbox 903 5362 970 5400; x_wconf 83' lang='lat' dir='ltr'><strong>ex</strong></span> <span class='ocrx_word' id='word_1_771' title='bbox 1000 5345 1263 5472; x_wconf 55' lang='lat' dir='ltr'><strong>analogia</strong></span> <span class='ocrx_word' id='word_1_772' title='bbox 1292 5350 1446 5404; x_wconf 91' lang='lat' dir='ltr'><strong>vocis</strong></span> <span class='ocrx_word' id='word_1_773' title='bbox 1476 5345 1893 5430; x_wconf 68' lang='grc' dir='ltr'>ἀρρενοκοιτεῖν.</span> <span class='ocrx_word' id='word_1_774' title='bbox 1972 5350 2016 5383; x_wconf 87' lang='grc'>¹⁰</span> <span class='ocrx_word' id='word_1_775' title='bbox 2048 5348 2163 5422; x_wconf 89' lang='lat' dir='ltr'><strong>Leg</strong></span> <span class='ocrx_word' id='word_1_776' title='bbox 2216 5345 2448 5419; x_wconf 82' lang='grc' dir='ltr'>Διώνην.</span> <span class='ocrx_word' id='word_1_777' title='bbox 2482 5349 2611 5404; x_wconf 66' lang='lat' dir='ltr'><strong>Haec</strong></span> <span class='ocrx_word' id='word_1_778' title='bbox 2637 5364 2743 5403; x_wconf 84' lang='lat' dir='ltr'><strong>vox</strong></span> <span class='ocrx_word' id='word_1_779' title='bbox 2773 5345 3092 5403; x_wconf 60' lang='lat' dir='ltr'><strong>haud&#39;raro</strong></span> <span class='ocrx_word' id='word_1_780' title='bbox 3124 5350 3183 5419; x_wconf 94' lang='lat' dir='ltr'><strong>(v</strong></span> <span class='ocrx_word' id='word_1_781' title='bbox 3208 5345 3431 5406; x_wconf 76' lang='lat' dir='ltr'><strong>Jacobii</strong></span> <span class='ocrx_word' id='word_1_782' title='bbox 3492 5350 3623 5404; x_wconf 73' lang='lat' dir='ltr'><strong>Lex.</strong></span> <span class='ocrx_word' id='word_1_783' title='bbox 3654 5345 3823 5429; x_wconf 67' lang='lat' dir='ltr'><strong>Myth.</strong></span> <span class='ocrx_word' id='word_1_784' title='bbox 3859 5363 3933 5419; x_wconf 89' lang='lat' dir='ltr'><strong>p.</strong></span> 
     </span>
     <span class='ocr_line' id='line_1_108' title="bbox 513 5412 3933 5472; baseline 0.001 -5"><span class='ocrx_word' id='word_1_785' title='bbox 513 5412 662 5472; x_wconf 85' lang='lat'><strong>260).</strong></span> <span class='ocrx_word' id='word_1_786' title='bbox 696 5413 795 5468; x_wconf 80' lang='lat' dir='ltr'><strong>illa</strong></span> <span class='ocrx_word' id='word_1_787' title='bbox 826 5432 1127 5472; x_wconf 81' lang='lat' dir='ltr'><strong>nunquam</strong></span> <span class='ocrx_word' id='word_1_788' title='bbox 1211 5436 1443 5472; x_wconf 86' lang='lat' dir='ltr'><strong>enerem</strong></span> <span class='ocrx_word' id='word_1_789' title='bbox 1475 5420 1785 5472; x_wconf 75' lang='lat' dir='ltr'><strong>suznificat.</strong></span> <span class='ocrx_word' id='word_1_790' title='bbox 1818 5421 2090 5472; x_wconf 82' lang='lat' dir='ltr'><strong>Eamdem</strong></span> <span class='ocrx_word' id='word_1_791' title='bbox 2125 5423 2517 5472; x_wconf 83' lang='lat' dir='ltr'><strong>coniecturam</strong></span> <span class='ocrx_word' id='word_1_792' title='bbox 2552 5418 2928 5472; x_wconf 88' lang='lat' dir='ltr'><strong>nronosuisse</strong></span> <span class='ocrx_word' id='word_1_793' title='bbox 2975 5420 3141 5472; x_wconf 89' lang='lat' dir='ltr'><strong>video</strong></span> <span class='ocrx_word' id='word_1_794' title='bbox 3188 5422 3617 5472; x_wconf 83' lang='lat' dir='ltr'><strong>Volckenarum</strong></span> <span class='ocrx_word' id='word_1_795' title='bbox 3653 5420 3829 5472; x_wconf 74' lang='lat' dir='ltr'><strong>Dzatr.</strong></span> <span class='ocrx_word' id='word_1_796' title='bbox 3861 5421 3933 5472; x_wconf 70' lang='lat' dir='ltr'><strong>in</strong></span> 
     </span>
    </p>
   </div>
   <div class='ocr_carea' id='block_1_107' title="bbox 513 5412 1127 5488">
    <p class='ocr_par' dir='ltr' id='par_1_107' title="bbox 513 5412 1127 5488">
     <span class='ocr_line' id='line_1_109' title="bbox 513 5412 1127 5488; baseline 0.008 -22"><span class='ocrx_word' id='word_1_797' title='bbox 513 5412 662 5488; x_wconf 81' lang='lat'><strong>260),</strong></span> <span class='ocrx_word' id='word_1_798' title='bbox 696 5412 795 5468; x_wconf 79' lang='lat' dir='ltr'><strong>illa</strong></span> <span class='ocrx_word' id='word_1_799' title='bbox 826 5432 1127 5488; x_wconf 85' lang='lat' dir='ltr'><strong>nunquam</strong></span> 
     </span>
    </p>
   </div>
   <div class='ocr_carea' id='block_1_108' title="bbox 1211 5418 3940 5493">
    <p class='ocr_par' dir='ltr' id='par_1_108' title="bbox 1211 5418 3940 5493">
     <span class='ocr_line' id='line_1_110' title="bbox 1211 5418 3940 5493; baseline 0.001 -19"><span class='ocrx_word' id='word_1_800' title='bbox 1211 5436 1443 5493; x_wconf 80' lang='lat' dir='ltr'><strong>enerem</strong></span> <span class='ocrx_word' id='word_1_801' title='bbox 1475 5418 2090 5493; x_wconf 66' lang='lat' dir='ltr'><strong>significat._l§amdem</strong></span> <span class='ocrx_word' id='word_1_802' title='bbox 2125 5418 2517 5493; x_wconf 72' lang='lat' dir='ltr'><strong>conjecturam</strong></span> <span class='ocrx_word' id='word_1_803' title='bbox 2552 5418 2928 5493; x_wconf 77' lang='lat' dir='ltr'><strong>proposuisse</strong></span> <span class='ocrx_word' id='word_1_804' title='bbox 2975 5418 3141 5493; x_wconf 78' lang='lat' dir='ltr'><strong>video</strong></span> <span class='ocrx_word' id='word_1_805' title='bbox 3188 5422 3617 5493; x_wconf 78' lang='lat' dir='ltr'><strong>Valckenarum</strong></span> <span class='ocrx_word' id='word_1_806' title='bbox 3641 5418 3829 5493; x_wconf 26' lang='lat' dir='ltr'><strong>‘Djatr.</strong></span> <span class='ocrx_word' id='word_1_807' title='bbox 3861 5418 3940 5476; x_wconf 65' lang='lat' dir='ltr'><strong>in</strong></span> 
     </span>
    </p>
   </div>
   <div class='ocr_carea' id='block_1_109' title="bbox 514 5485 3937 5574">
    <p class='ocr_par' dir='ltr' id='par_1_109' title="bbox 514 5485 3937 5574">
     <span class='ocr_line' id='line_1_111' title="bbox 514 5485 3937 5574; baseline 0 0"><span class='ocrx_word' id='word_1_808' title='bbox 514 5485 937 5574; x_wconf 43' lang='lat' dir='ltr'><strong>FPM-.1331???”</strong></span> <span class='ocrx_word' id='word_1_809' title='bbox 964 5485 1099 5574; x_wconf 63' lang='grc' dir='ltr'><strong>έίὲίιο</strong></span> <span class='ocrx_word' id='word_1_810' title='bbox 1119 5491 1487 5574; x_wconf 61' lang='grc' dir='ltr'><strong>,ιιίρβοηξορε</strong></span> <span class='ocrx_word' id='word_1_811' title='bbox 1509 5485 1673 5574; x_wconf 54' lang='lat' dir='ltr'><strong>50m;</strong></span> <span class='ocrx_word' id='word_1_812' title='bbox 1698 5506 1756 5574; x_wconf 60' lang='grc' dir='ltr'><strong>ιτς</strong></span> <span class='ocrx_word' id='word_1_813' title='bbox 1792 5490 1860 5544; x_wconf 73' lang='grc'><strong>1³</strong></span> <span class='ocrx_word' id='word_1_814' title='bbox 1887 5485 2337 5574; x_wconf 62' lang='grc' dir='ltr'><strong>εοάερα.ίιεξτῑξω</strong></span> <span class='ocrx_word' id='word_1_815' title='bbox 2371 5485 2582 5574; x_wconf 50' lang='lat' dir='ltr'><strong>natandi)</strong></span> <span class='ocrx_word' id='word_1_816' title='bbox 2606 5485 2828 5574; x_wconf 55' lang='grc' dir='ltr'><strong>[θείιιξν</strong></span> <span class='ocrx_word' id='word_1_817' title='bbox 2855 5487 3178 5574; x_wconf 55' lang='lat' dir='ltr'><strong>$639M:</strong></span> <span class='ocrx_word' id='word_1_818' title='bbox 3210 5492 3299 5574; x_wconf 61' lang='grc' dir='ltr'>κεῖ</span> <span class='ocrx_word' id='word_1_819' title='bbox 3330 5488 3597 5574; x_wconf 39' lang='lat' dir='ltr'><strong>mam</strong></span> <span class='ocrx_word' id='word_1_820' title='bbox 3626 5486 3937 5574; x_wconf 57' lang='grc' dir='ltr'><strong>ὶέγίξῖσξγο</strong></span> 
     </span>
    </p>
   </div>
   <div class='ocr_carea' id='block_1_110' title="bbox 516 5554 3944 5643">
    <p class='ocr_par' dir='ltr' id='par_1_110' title="bbox 516 5554 3944 5643">
     <span class='ocr_line' id='line_1_112' title="bbox 516 5554 3944 5643; baseline 0.004 -33"><span class='ocrx_word' id='word_1_821' title='bbox 516 5554 1255 5643; x_wconf 48' lang='grc' dir='ltr'><strong>ξὺίἠνίροςιξωῇαᾱοοξξγῖι</strong></span> <span class='ocrx_word' id='word_1_822' title='bbox 1270 5561 1367 5643; x_wconf 60' lang='lat' dir='ltr'><strong>pl.</strong></span> <span class='ocrx_word' id='word_1_823' title='bbox 1402 5563 1591 5643; x_wconf 46' lang='lat' dir='ltr'><strong>Etiam</strong></span> <span class='ocrx_word' id='word_1_824' title='bbox 1621 5563 1875 5643; x_wconf 61' lang='lat' dir='ltr'><strong>Epitomg</strong></span> <span class='ocrx_word' id='word_1_825' title='bbox 1904 5578 1971 5643; x_wconf 48' lang='grc' dir='ltr'><strong>οε,</strong></span> <span class='ocrx_word' id='word_1_826' title='bbox 1985 5564 2076 5631; x_wconf 85' lang='grc'><strong>51,</strong></span> <span class='ocrx_word' id='word_1_827' title='bbox 2100 5563 2279 5622; x_wconf 84' lang='lat' dir='ltr'><strong>habet</strong></span> <span class='ocrx_word' id='word_1_828' title='bbox 2306 5560 2577 5632; x_wconf 85' lang='grc' dir='ltr'>Δωδώνην</span> <span class='ocrx_word' id='word_1_829' title='bbox 2604 5554 2699 5619; x_wconf 42' lang='grc' dir='ltr'>ΒΓ</span> <span class='ocrx_word' id='word_1_830' title='bbox 2746 5564 2789 5599; x_wconf 87' lang='grc'>¹¹</span> <span class='ocrx_word' id='word_1_831' title='bbox 2821 5558 2883 5637; x_wconf 66' lang='grc' dir='ltr'>γέ</span> <span class='ocrx_word' id='word_1_832' title='bbox 2910 5554 2985 5620; x_wconf 80' lang='grc' dir='ltr'><strong>Ο.’</strong></span> <span class='ocrx_word' id='word_1_833' title='bbox 3051 5554 3097 5599; x_wconf 45' lang='grc'><strong>¹⁷²</strong></span> <span class='ocrx_word' id='word_1_834' title='bbox 3131 5554 3396 5622; x_wconf 74' lang='lat' dir='ltr'><strong>Fortasse</strong></span> <span class='ocrx_word' id='word_1_835' title='bbox 3426 5554 3592 5624; x_wconf 69' lang='grc' dir='ltr'>θεῖος.</span> <span class='ocrx_word' id='word_1_836' title='bbox 3624 5566 3683 5621; x_wconf 87' lang='lat' dir='ltr'><strong>S.</strong></span> <span class='ocrx_word' id='word_1_837' title='bbox 3720 5554 3732 5563; x_wconf 70' lang='grc'><em>’</em></span> <span class='ocrx_word' id='word_1_838' title='bbox 3762 5561 3809 5600; x_wconf 71' lang='grc'>⁸⁸</span> <span class='ocrx_word' id='word_1_839' title='bbox 3840 5554 3944 5622; x_wconf 65' lang='grc' dir='ltr'>1ιά</span> 
     </span>
    </p>
   </div>
   <div class='ocr_carea' id='block_1_111' title="bbox 517 5623 2161 5704">
    <p class='ocr_par' dir='ltr' id='par_1_111' title="bbox 517 5623 2161 5704">
     <span class='ocr_line' id='line_1_113' title="bbox 517 5623 2161 5704; baseline 0.004 -23"><span class='ocrx_word' id='word_1_840' title='bbox 517 5626 579 5701; x_wconf 84' lang='grc'>8,</span> <span class='ocrx_word' id='word_1_841' title='bbox 613 5623 658 5682; x_wconf 93' lang='lat'>0</span> <span class='ocrx_word' id='word_1_842' title='bbox 689 5641 740 5682; x_wconf 87' lang='grc' dir='ltr'>ο.</span> <span class='ocrx_word' id='word_1_843' title='bbox 772 5623 899 5684; x_wconf 80' lang='lat' dir='ltr'><strong>cod.</strong></span> <span class='ocrx_word' id='word_1_844' title='bbox 930 5627 1071 5703; x_wconf 82' lang='lat' dir='ltr'><strong>Reg.</strong></span> <span class='ocrx_word' id='word_1_845' title='bbox 1102 5632 1229 5702; x_wconf 83' lang='grc'>804,</span> <span class='ocrx_word' id='word_1_846' title='bbox 1259 5631 1306 5704; x_wconf 83' lang='grc' dir='ltr'>ᾦ</span> <span class='ocrx_word' id='word_1_847' title='bbox 1335 5652 1476 5694; x_wconf 82' lang='grc' dir='ltr'>τινες</span> <span class='ocrx_word' id='word_1_848' title='bbox 1506 5632 1571 5702; x_wconf 88' lang='lat' dir='ltr'><strong>C,</strong></span> <span class='ocrx_word' id='word_1_849' title='bbox 1602 5623 1701 5703; x_wconf 75' lang='lat' dir='ltr'><strong>qui</strong></span> <span class='ocrx_word' id='word_1_850' title='bbox 1730 5632 1884 5704; x_wconf 85' lang='lat' dir='ltr'><strong>conj.</strong></span> <span class='ocrx_word' id='word_1_851' title='bbox 1918 5628 1972 5685; x_wconf 73' lang='grc' dir='ltr'>οἵ</span> <span class='ocrx_word' id='word_1_852' title='bbox 2000 5623 2161 5695; x_wconf 77' lang='grc' dir='ltr'>τινες.</span> 
     </span>
    </p>
   </div>
  </div>
