4114 6338
545 334 652 392 1⁸71

1383 334 1448 392 S.
1496 331 1936 393 CLEMENTIS
1982 331 2007 392 Ι
2054 330 2243 392 ROM.
2291 330 2521 392 PONT.
2569 333 2829 395 OPERA
2872 334 3137 396 DUBIA.

3835 345 3957 405 1⁸72

543 464 890 533 adulterare,
941 462 1224 539 zelotypia
1268 481 1384 522 non
1432 465 1689 537 eﬂ'ertur,
1724 481 1837 522 non
1889 464 2165 528 irascitur

2298 462 2487 517 ἑαυτοῦ
2543 470 2769 549 γυναῖκα
2819 464 3244 541 μοιχευομένην,
3296 467 3357 523 οὑ
3408 469 3590 544 ζηλοῖ,
3642 473 3706 528 οὗ
3744 476 3955 549 θυμοῦ-

547 573 661 613 non
691 556 1110 626 tumultuatur,
1140 573 1255 612 non
1307 554 1458 612 bella
1488 555 1599 612 ciet
1619 556 1647 611 ?
1675 556 1876 626 Itaque
1905 554 2020 611 ista
2073 570 2186 609 non

543 650 684 704 sunt
712 650 919 702 natura
949 645 1125 711 mala,
1156 662 1356 701 verum
1404 645 1606 717 iniqua
1635 644 1943 700 hominum
1991 642 2185 716 opinio

544 736 742 810 gravia
774 752 841 792 ea
870 735 1025 791 facit.
1062 736 1179 807 Ego
1211 739 1407 791 autem
1435 734 1546 803 aio,
1581 735 1757 805 quod,
1790 732 2058 806 quamvis
2089 731 2189 788 illa

546 842 661 881 non
711 825 980 881 accidant
1026 824 1419 892 incommoda,
1471 840 1539 879 ex
1581 823 2001 879 consuetudine
2051 839 2185 877 cum

543 913 829 970 adulterio
862 914 946 984 ﬁt,
981 918 1047 970 ut
1074 914 1164 969 vel
1196 913 1441 969 maritus
1488 913 1811 983 deseratur,
1843 912 1927 968 vel
1957 916 2015 969 et
2044 927 2188 966 uxor

540 1003 788 1061 insidias
818 1007 1027 1072 struat,
1058 1002 1147 1060 vel
1184 1002 1383 1060 labore
1412 1001 1519 1057 viri
1568 1007 1734 1075 parta
1766 1000 1989 1057 moecho
2040 1018 2184 1073 pra:-

541 1092 677 1150 beat
705 1119 720 1163 ;
756 1098 937 1166 utque
966 1109 1205 1166 peregre
1234 1094 1489 1166 profecto
1519 1092 1786 1163 conjuge,
1819 1108 1952 1146 cum
1987 1090 2089 1145 illa
2117 1106 2186 1146 ex

537 1182 801 1239 adultero
828 1182 1179 1255 conceperit,
1211 1186 1370 1238 metu
1403 1180 1874 1254 reprehensionis
1922 1179 2069 1235 uteri
2104 1179 2181 1235 fe-

535 1276 662 1329 tum
695 1273 918 1329 nitatur
946 1272 1285 1337 labefacere,
1310 1272 1526 1343 ﬁatque
1555 1268 2182 1336 infanticida,vel,dum

535 1362 881 1434 perdit,ipsa
910 1360 1088 1417 simul
1117 1360 1503 1432 pereat.Quod
1529 1359 1601 1427 si,
1633 1376 1766 1414 cum
1798 1376 1865 1415 ea
1909 1362 2182 1415 manente

533 1450 676 1519 viro,
708 1468 778 1506 ex
806 1450 1030 1506 moecho
1060 1449 1392 1522 concipiens
1422 1448 1883 1521 parit.educatus
1913 1464 2057 1519 puer
2086 1465 2183 1520 pa-

533 1547 681 1596 trem
717 1540 1058 1603 nescit,eum
1080 1555 1213 1594 vero
1234 1538 1335 1611 qui
1354 1555 1467 1594 non
1486 1542 1729 1608 est,esse
1761 1542 1955 1609 putat;
1981 1537 2179 1608 sicque

535 1628 813 1698 moriens,
875 1629 974 1700 qui
1034 1632 1198 1701 pater
1252 1644 1365 1682 non
1426 1631 1542 1695 est,
1603 1627 1790 1682 alieno
1852 1627 1971 1682 ﬁlio
2028 1627 2181 1681 bona

535 1735 645 1774 sua
675 1716 1280 1789 derelinquit.Quanta
1304 1720 1493 1771 autem
1531 1720 1586 1770 et
1617 1715 1731 1770 alia
1750 1714 1903 1770 mala
1919 1732 1984 1770 ex
2017 1713 2175 1770 adul-

535 1807 666 1863 terii
697 1811 907 1863 natura
933 1806 1070 1862 oriri
1089 1805 1277 1861 solent
1300 1804 1312 1859 l
1336 1804 1641 1860 Nescimus
1664 1810 1857 1859 tamen
1884 1803 2172 1859 malorum

534 1894 780 1952 occulta.
815 1894 1320 1959 Quemadmodum
1352 1896 1508 1947 enim
1540 1891 1808 1948 rabiosus
1839 1892 2179 1963 canis,quos

530 1982 1051 2057 tangit,interimit,
1085 1981 1547 2038 occultissimam
1593 1980 1815 2037 rabiem
1847 1980 2177 2036 communi-

530 2090 693 2141 cans,
743 2074 825 2130 ita
870 2077 929 2129 et
975 2071 1246 2128 adulterii
1298 2071 1707 2126 absconditum
1763 2069 2013 2138 malum,
2064 2069 2175 2127 etsi

530 2164 853 2236 ignoretur,
887 2160 1251 2234 posteritatis
1282 2164 1556 2232 procurat
1596 2159 1994 2216 exscisionem.

598 2341 767 2399 XXII.
797 2342 1017 2398 Verum
1047 2340 1156 2397 hoc
1188 2355 1344 2395 nunc
1374 2338 1797 2410 relinquamus.
1832 2337 1983 2393 Illud
2020 2341 2174 2394 certe

527 2432 749 2489 scimus
797 2446 1021 2499 omnes,
1054 2428 1402 2502 plerumque
1432 2444 1561 2483 eam
1606 2427 1677 2481 ob
1710 2444 1945 2482 causam
1980 2426 2171 2482 homi-

527 2538 631 2578 nes
659 2521 934 2577 effrenate
972 2518 1166 2586 irasci,
1200 2521 1504 2590 propterea
1535 2514 1687 2571 bella
1735 2522 1951 2581 exorta,
1991 2515 2169 2571 factas

525 2611 835 2667 domorum
878 2608 1226 2677 eversiones,
1277 2623 1340 2662 ac
1394 2606 1630 2661 urbium
1688 2605 2167 2676 expugnationes,

526 2700 756 2772 aliaque
793 2698 1124 2753 innumera.
1158 2696 1346 2761 Quare
1376 2710 1482 2767 ego
1532 2694 1601 2749 ad
1636 2699 1904 2748 sanctum
1935 2693 2167 2749 Judaao-

522 2806 653 2845 rum
687 2789 869 2844 Deum
901 2792 1282 2856 sanctamque
1310 2783 1649 2839 eorumdem
1676 2782 1859 2854 legem
1892 2782 2160 2855 confugi;

520 2894 656 2935 cum
670 2879 841 2933 fidem
856 2876 1041 2946 certoj
1053 2875 1242 2931 udicio
1266 2872 1626 2939 habuissem,
1644 2872 1798 2944 quod
1814 2888 1881 2926 ex
1896 2872 2159 2941 Deijusto

513 2967 736 3039 judicio
766 2972 823 3023 et
850 2965 941 3022 lex
973 2966 1086 3020 ﬁxa
1115 2963 1190 3019 sit
1220 2979 1286 3018 ac
1317 2960 1575 3027 deﬁnita,
1609 2965 1666 3015 et
1698 2960 1897 3015 anima
1925 2960 2162 3016 omnino

518 3073 622 3130 pro
654 3055 877 3112 meritis
908 3069 1134 3123 eorum,
1167 3069 1293 3124 quae
1324 3049 1529 3123 gessit,
1562 3048 1873 3120 aliquando
1905 3050 2158 3121 recipiet.

2298 571 2407 625 ται,
2440 552 2502 608 οὗ
2536 548 2777 630 θορυϐεῖ,
2814 554 2875 609 οὑ
2919 552 3156 628 πολεμεῖ
3189 576 3203 626 ;
3236 556 3418 621 Οὕτως
3465 560 3563 617 οὑκ
3590 557 3703 618 ἐστι
3751 548 3823 640 τῇγ
3854 566 3953 643 φύ-

2300 660 2378 695 σει
2419 641 2485 696 τά
2530 648 2752 699 τοιαῦτα
2799 642 2956 717 κακά,
3009 642 3153 699 ἀλλὰ
3199 648 3232 716 ἡ
3285 644 3486 725 ἄλογος
3533 652 3831 727 ἀνθρώπων
3865 641 3955 711 δό-

2298 751 2457 818 κησις
2501 737 2668 788 ταῦτα
2718 732 3027 790 δεινοποιεῖ.
3080 735 3223 809 Ἐγὼ
3255 732 3311 791 δέ
3354 759 3519 815 φημι,
3572 740 3677 811 ὅτι,
3726 743 3821 798 κᾶν
3864 748 3945 818 μὴ

2295 819 2361 873 τὰ
2417 817 2562 875 δεινά
2615 827 2782 878 ταῦτα
2848 818 3119 897 συμϐαίνῃ
3155 869 3169 895 ,
3232 823 3504 901 ἐνδέχεται
3564 832 3819 905 συνηθείᾳ
3868 817 3946 909 τῇ

2295 909 2430 984 πρὸς
2461 912 2551 965 τὸν
2589 913 2787 988 μοιχὸν
2838 914 2873 982 ἢ
2918 913 3006 967 τὸν
3057 910 3223 989 ἄνδρα
3272 915 3583 984 ἀπολιπεῖν,
3616 920 3651 988 ἢ
3685 920 3773 975 καὶ
3825 944 3950 978 συν-

2295 1002 2547 1053 οικοῦσαν
2598 996 3003 1074 ἐπιϐουλεῦσαι,
3036 1002 3072 1071 ἢ
3100 1001 3167 1057 τὰ
3210 1007 3308 1058 τοῦ
3352 1001 3544 1081 ἀνδρὸς
3590 1007 3746 1082 κόπῳ
3776 1029 3951 1067 πεπο-

2294 1087 2517 1159 ρισμὲνα
2546 1092 2624 1159 τῷ
2658 1094 2843 1165 μοιχῷ
2887 1097 3204 1167 παρασχεῖν·
3238 1091 3327 1147 καὶ
3377 1091 3795 1168 ἀποδημοῦντος
3841 1105 3946 1155 τοῦ

2294 1171 2486 1249 ἀνδρὸς
2518 1173 2895 1234 συλλαϐοῦσαν
2946 1178 3004 1234 ἐκ
3039 1184 3137 1234 τοῦ
3183 1185 3408 1257 μοιχοῦ,
3443 1180 3534 1238 διὰ
3580 1186 3644 1240 τὸ
3673 1184 3943 1253 αἰδεῖσθαι

2290 1262 2380 1318 τὸν
2414 1261 2662 1340 ἔλεγχον,
2713 1267 2775 1321 τὸ
2823 1268 2959 1322 κατά
3004 1270 3239 1343 γαστρὸς
3287 1276 3502 1347 φθεῖραι
3548 1271 3799 1345 θελῆσαι,
3846 1276 3945 1332 καὶ

2291 1350 2540 1442 γενέσθαι,
2583 1355 2952 1425 τεκνοκτόνον,
3014 1358 3048 1427 ἢ
3100 1356 3190 1412 καὶ
3250 1358 3567 1436 φθείρουσαν
3618 1366 3943 1442 συμφθαρῆ-

2288 1462 2394 1497 ναι.
2431 1441 2491 1496 Ei
2523 1440 2600 1512 δὲ,
2635 1443 2885 1507 συνόντος
2907 1450 3004 1500 τοῦ
3026 1443 3242 1523 ἀνδρὸς,
3262 1445 3320 1502 ἐκ
3352 1453 3556 1524 μοιχοῦ
3585 1440 3944 1510 συλλαϐοῦσα

2290 1530 2459 1603 τέκοι,
2496 1532 2817 1609 ἀνατραφεὶς
2849 1535 2877 1589 6
2908 1541 3035 1597 παῖς
3064 1535 3157 1590 τὸν
3194 1537 3289 1609 μὲν
3349 1538 3553 1614 πατέρα
3600 1541 3801 1616 ἀγνοεῖ,
3844 1544 3940 1598 τὸν

2290 1616 2347 1673 δὲ
2378 1619 2478 1674 οὐκ
2506 1615 2632 1675 ὄντα
2661 1621 2894 1695 νομίζει,
2926 1624 3013 1679 καὶ
3066 1623 3240 1688 οὕτως
3273 1627 3300 1680 6
3334 1628 3409 1699 μὴ
3444 1630 3623 1705 πατὴρ
3649 1615 3940 1687 τελευτῶν

2289 1707 2567 1784 ἀλλοτρίῳ
2598 1707 2750 1764 παιδὶ
2792 1711 2883 1766 τὸν
2932 1713 3122 1768 ἑαυτοῦ
3169 1713 3480 1771 καταλείπει
3516 1717 3655 1793 βίον.
3703 1719 3848 1775 Πόσα
3879 1718 3945 1776 δὲ

2285 1798 2373 1852 καὶ
2407 1796 2553 1852 ἀλλά
2597 1799 2736 1854 κακά
2784 1799 2843 1854 ἐκ
2886 1809 2987 1871 τῆς
3040 1802 3294 1879 μοιχείας
3343 1810 3581 1881 φυσικῶς
3614 1808 3939 1864 ἀνακύπτειν

2289 1885 2474 1964 φιλεῖί
2506 1887 2596 1941 καὶ
2628 1887 2726 1943 οὐκ
2774 1885 2926 1962 ἴσμεν
2963 1891 3031 1945 τὰ
3076 1891 3278 1969 κρύφια
3323 1898 3431 1949 τῶν
3480 1899 3680 1952 κακῶν.
3730 1899 3938 1975 ’Ὠσπερ

2284 1976 2385 2052 γάρ
2419 1976 2445 2029 6
2480 1975 2691 2032 λυσσῶν
2723 1977 2865 2033 κύων
2897 1979 3124 2043 τούτους
3174 1981 3383 2058 ἀναιρεῖ
3428 1984 3607 2061 ὧνπερ
3642 1983 3701 2040 ἂν
3734 1986 3937 2063 ψαύσῃ,

2282 2072 2383 2135 τῆς
2411 2064 2775 2144 ἀφανεστάτης
2809 2066 3013 2139 λύσσης
3066 2068 3407 2143 μεταδιδοὺς,
3444 2072 3586 2129 οὕτω
3618 2077 3662 2111 ³⁸
3704 2076 3793 2130 καί
3830 2083 3939 2146 τῆς

2289 2154 2539 2230 μοιχείας
2568 2156 2631 2210 τὸ
2660 2156 2885 2235 κρύφιον
2928 2157 3117 2228 κακὸν,
3146 2160 3242 2215 κᾶν
3292 2161 3575 2239 ἀγνοῆται,
3606 2170 3706 2234 τῆς
3756 2162 3942 2221 διαδο-

2284 2250 2394 2318 χῆς
2424 2245 2521 2312 τήν
2555 2243 2792 2315 ἐκκοπὴν
2826 2246 3183 2324 ἐξεργάζεται.

2354 2335 2507 2392 I32
2537 2335 2704 2391 XXII.
2736 2333 2911 2412 Ἀλλά
2958 2334 3119 2392 τοῦτο
3172 2338 3266 2411 μὲν
3298 2343 3389 2393 νῦν
3436 2342 3571 2413 ἡμῖν
3604 2340 3940 2417 παραλελεί-

2282 2433 2421 2500 φθω.
2482 2424 2683 2478 Ἐκεῖνο
2738 2420 2795 2478 δὲ
2852 2426 3078 2488 ἅπαντες
3132 2429 3177 2463 ³⁷
3233 2426 3409 2502 ἴσμεν,
3470 2429 3545 2493 ὡς
3600 2429 3795 2487 ἐπίπαν
3843 2432 3939 2488 ἐπὶ

2278 2512 2457 2584 τούτῳ
2486 2510 2614 2574 τοὺς
2664 2509 2859 2588 ἄνδρας
2907 2514 3276 2591 ἀνεπισχέτως
3327 2514 3796 2593 δυσχεραίνοντας,
3830 2543 3939 2577 πο-

2282 2599 2485 2673 λέμους
2514 2622 2570 2655 τε
2618 2603 2662 2637 ³⁸
2694 2600 2780 2656 ἐπὶ
2829 2602 3008 2676 τούτῳ
3061 2603 3483 2682 ἐγηγερμένους,
3516 2609 3605 2663 καὶ
3646 2608 3809 2665 οῗκων
3839 2632 3935 2687 γε-

2276 2690 2509 2762 νομένας
2558 2689 2883 2766 ἀνατροπὰς,
2929 2692 3019 2747 καὶ
3068 2691 3283 2750 πόλεων
3330 2694 3592 2769 ἁλώσεις,
3644 2698 3734 2753 καὶ
3783 2697 3935 2755 ἄλλα

2284 2778 2467 2854 μυρία.
2500 2779 2596 2833 Διά
2639 2784 2800 2834 τοῦτο
2850 2779 2954 2856 ἐγὼ
2986 2786 3064 2854 τῷ
3099 2783 3240 2857 ἁγίῳ
3272 2786 3319 2821 29
3346 2789 3451 2839 τῶν
3495 2784 3766 2842 Ἰουδαίων
3809 2793 3933 2861 Θεῷ

2276 2868 2365 2922 καί
2394 2868 2551 2941 νόμῳ
2580 2867 2936 2946 προσέφυγον,
2985 2868 3348 2936 ἀποδεδωκὼς
3394 2877 3492 2943 τὴν
3524 2876 3701 2931 πίστιν
3752 2877 3931 2957 ἀσφα-

2272 2953 2361 3011 λεῖ
2391 2960 2437 2994 ³ο
2465 2961 2531 3031 τῇ
2563 2957 2757 3031 κρίσει,
2788 2957 2869 3013 ὅτι
2904 2958 2961 3014 ἐκ
2988 2967 3087 3030 τῆς
3118 2965 3214 3016 τοῦ
3246 2967 3380 3018 Θεοῦ
3431 2961 3640 3029 δικαίας
3691 2953 3927 3039 κρίσεως

2268 3045 2358 3100 καὶ
2414 3045 2583 3119 νόμος
2640 3046 2911 3121 ὥρισται,
2971 3049 3059 3103 καὶ
3107 3052 3141 3120 ἠ
3192 3053 3344 3128 ψυχὴ
3417 3054 3632 3118 πάντως
3681 3057 3744 3111 τὸ
3798 3060 3924 3113 κατ’

2272 3135 2417 3206 ἀξίαν
2452 3138 2496 3173 ³¹
2530 3136 2601 3189 ὧν
2636 3132 2855 3212 ἔπραξεν
2889 3136 3235 3210 ὁπουδήποτε
3266 3138 3661 3217 ἀπολαμϐάνει.

588 3233 944 3291 ΧΧΙΙΙυΗεεο
975 3247 1108 3288 cum
1138 3229 1439 3300 dixissem,
1466 3227 1691 3301 Appion
1741 3226 1985 3283 orationi
2019 3227 2157 3283 sub-

2340 3226 2528 3282 XXIII.
2561 3224 2735 3280 Ταῦτά
2769 3248 2872 3300 μου
2922 3228 3186 3303 εἰπόντος,
3220 3231 3247 3285 ὁ
3275 3216 3527 3288 ’Δππίων
3555 3232 3813 3311 ἐπήνεγκε
3837 3236 3926 3309 τῷ

509 3326 652 3397 jecit
684 3342 698 3380 :
730 3323 876 3388 Quid
908 3322 1063 3379 enim
1087 3325 1110 3377 ?
1138 3335 1351 3387 nonne,
1385 3316 1598 3390 inquit,
1631 3322 1687 3372 et
1716 3316 2045 3373 Graecorum
2081 3317 2160 3373 le-

521 3431 622 3487 ges
654 3414 809 3469 mala
839 3411 1170 3484 prohibent,
1186 3414 1245 3466 et
1274 3407 1572 3465 adulteros
1604 3407 1854 3480 puniunt
1874 3406 1901 3461 ‘2
1933 3407 2047 3478 Ego
2079 3424 2164 3462 re-

521 3502 731 3575 spondi
764 3518 778 3557 :
811 3501 960 3573 Ergo
992 3499 1319 3555 Grecorum
1354 3495 1456 3564 dii,
1490 3496 1644 3566 quod
1696 3494 1987 3549 contraria
2017 3495 2161 3567 legi-

521 3594 632 3647 bus
663 3590 901 3658 l‘aciunt,
926 3587 1279 3661 supplicium
1315 3584 1937 3651 merentur.Quomodo
1964 3589 2159 3639 autem

522 3686 579 3739 et
609 3696 871 3737 coercere
919 3695 1013 3735 me
1061 3681 1281 3750 potero,
1315 3676 1455 3730 dum
1508 3674 1778 3730 existimo
1810 3673 1948 3728 deos
1998 3672 2161 3744 ipsos

520 3771 741 3845 primos
754 3786 870 3825 una
900 3783 1035 3823 cum
1057 3763 1341 3821 adulterio
1367 3767 1573 3818 cuncta
1598 3761 2157 3833 ﬂagitiaperfecisse,

516 3876 624 3916 nec
655 3875 854 3931 pmnas
902 3854 1153 3922 dedisse,
1195 3868 1342 3924 quas
1388 3851 1514 3907 ideo
1563 3851 1749 3922 magis
1796 3852 1934 3907 dare
1982 3851 2157 3907 debe-

511 3947 819 4020 bant,quia
849 3962 964 4001 non
995 3943 1257 4001 serviunt
1286 3939 1591 4013 cupiditati
1616 3944 1638 3997 Ρ
1659 3941 1820 4009 Quod
1855 3940 1905 3995 si
1934 3940 2157 4013 cupidi-

508 4036 615 4091 tati
646 4034 877 4091 obnoxii
926 4034 1185 4100 fuerunt,
1215 4047 1328 4103 quo
1378 4035 1543 4102 pacto
1576 4029 1655 4084 dii
1688 4030 1905 4085 erant?
1937 4032 2004 4085 Et
2033 4033 2153 4103 Ap-

505 4124 642 4196 pion
676 4141 690 4179 :
725 4124 856 4179 Sint
885 4122 1052 4179 nobis
1082 4138 1186 4193 pro
1217 4135 1392 4191 scopo
1425 4136 1539 4174 non
1568 4118 1645 4174 dii
1678 4119 1778 4174 sed
1804 4119 2055 4190 judices,
2089 4119 2149 4177 in

504 4229 653 4285 quos
677 4212 1306 4285 respiciendo,peccare
1337 4209 1763 4264 metuemus.At
1783 4224 1889 4281 ego
1911 4208 2106 4281 excepi
2131 4226 2144 4266 :

2272 3311 2443 3388 λόγῳ·
2477 3312 2538 3368 Τί
2585 3314 2709 3391 γὰρ,
2762 3316 2891 3392 οὐχί
2939 3316 3027 3372 καὶ
3059 3319 3111 3372 οἱ
3159 3318 3462 3391 Ἑλλήνων,
3496 3320 3622 3400 ἔφη,
3664 3323 3822 3397 νόμοι
3854 3327 3928 3381 τὰ

2272 3402 2450 3482 φαῦλα
2499 3403 2941 3480 ἀπαγορεύουσιν,
2973 3406 3217 3470 καὶτοὺς
3263 3409 3501 3485 μοιχοὺς
3548 3410 3872 3481 κολάζουσιν
3907 3433 3924 3483 ;

2272 3491 2435 3566 Κάγὼ
2468 3490 2621 3570 ἔφην’
2655 3493 2858 3549 Οὐκοῦν
2910 3496 2961 3549 οἱ
3008 3494 3290 3567 Ἑλλήνων
3325 3500 3437 3561 θεοὶ
3468 3499 3535 3554 τά
3565 3499 3776 3555 ἐναντία
3804 3508 3929 3565 τοῖς

2270 3580 2462 3654 νόμοις
2521 3583 2811 3657 πράξαντες
2869 3584 3089 3641 κόλασιν
3152 3584 3482 3663 ὀφείλουσιν.
3543 3593 3671 3652 Πῶς
3724 3587 3780 3645 δὲ
3826 3592 3929 3647 καὶ

2271 3672 2621 3749 σωφρονίζειν
2672 3672 2899 3746 ἐμαυτὸν
2956 3671 3281 3748 δυνήσομαι,
3346 3673 3773 3751 ὑπολαμϐάνων,
3831 3679 3928 3735 ὅτι

2269 3761 2320 3814 οἱ
2353 3760 2464 3825 θεοὶ
2497 3761 2647 3817 αὐτοὶ
2678 3766 2885 3839 πρῶτοι
2912 3764 3024 3837 ἅμα
3052 3768 3119 3838 τῇ
3155 3765 3381 3841 μοιχείᾳ
3404 3766 3471 3820 τὰ
3502 3765 3720 3843 χαλεπά
3740 3768 3924 3824 πάντα

2269 3846 2639 3926 διεπράξαντο,
2680 3850 2768 3905 καὶ
2823 3847 2979 3922 δίκην
3027 3851 3088 3907 οὐ
3140 3849 3427 3925 δεδώκασι,
3476 3854 3642 3922 ταύτη
3698 3853 3923 3929 μᾶλλον

2267 3937 2573 4017 ὀφείλοντες
2619 3937 2847 4013 διδόναι,
2898 3940 2973 4003 ὡς
3027 3942 3101 4013 μὴ
3138 3938 3485 4006 δουλεύοντες
3529 3944 3829 4018 ἐπιθυμίᾳ;
3870 3948 3922 4003 εἶ

2263 4024 2321 4082 δέ
2380 4027 2654 4084 ὑπέκειντο
2712 4032 2788 4101 39,
2837 4034 2953 4092 πῶς
3004 4031 3139 4099 ἦσαν
3190 4030 3360 4102 θεοί;
3412 4032 3511 4087 Καὶ
3560 4034 3588 4087 6
3636 4034 3916 4091 ’Δππίων·

2260 4117 2532 4173 Ἔστωσαν
2565 4120 2699 4192 ἡμῖν
2752 4118 2944 4173 σκοποὶ
2999 4120 3195 4192 μηκέτι
3239 4122 3372 4192 Θεοὶ,
3401 4121 3529 4178 ἀλλ’
3557 4123 3608 4177 οἱ
3639 4120 3915 4198 δικασταὶ,

2258 4206 2334 4270 εἷς
2368 4206 2459 4269 οὓς
2509 4207 2837 4285 ἀφορῶντες,
2884 4202 3312 4286 φοϐηθησόμεθα
3360 4211 3707 4287 ἁμαρτάνειν.
3743 4214 3915 4290 Κάγὼ

502 4301 625 4358 Non
659 4301 851 4358 simile
898 4305 1008 4369 est,
1042 4316 1074 4354 ο
1103 4299 1346 4371 Appion.
1379 4296 1487 4363 Qui
1537 4297 1693 4352 enim
1728 4297 1797 4351 ad
1846 4297 2145 4354 hominem

2284 4315 2410 4374 φην⁸
2465 4295 2573 4351 Οὐκ
2621 4293 2726 4351 ἔσθ’
2780 4300 2827 4334 ³³
2879 4295 3091 4371 ὅμοιον,
3144 4298 3188 4353 ὧ
3241 4299 3513 4357 Ἀππίων.
3561 4302 3617 4355 Ὀ
3669 4302 3762 4375 μὲν
3799 4304 3913 4381 γάρ

501 4391 867 4464 respicit,spe
890 4388 1109 4444 latendi
1133 4386 1368 4443 audebit
1389 4402 1627 4459 peccare
1651 4404 1663 4442 :
1688 4386 1785 4458 qui
1810 4403 1941 4441 vero
1962 4387 2142 4443 Deum

2281 4386 2388 4460 πρὸς
2439 4383 2717 4462 ἄνθρωπον
2770 4384 2911 4463 ἔχων
2960 4386 3052 4443 τὸν
3106 4388 3305 4445 σκοπὸν
3358 4386 3541 4444 ἐλπίδι
3586 4395 3683 4446 τοῦ
3724 4390 3915 4450 λαϐεῖν

498 4480 763 4538 omnium
794 4480 1182 4550 inspectorem
1217 4481 1380 4532 meta:
1413 4475 1538 4532 loco
1561 4476 1773 4531 animas
1790 4493 1908 4531 suae
1937 4493 2141 4547 propo-

2249 4472 2518 4547 τολμήσει
2578 4476 2943 4551 ἁμαρτάνειν,
3008 4477 3035 4530 ὁ
3094 4474 3151 4531 δὲ
3208 4478 3335 4533 Θεὸν
3396 4479 3772 4551 παντεπόπτην
3834 4488 3910 4558 τῇ

495 4571 636 4643 suit,
668 4586 886 4643 gnarus
907 4567 1060 4639 quod
1084 4582 1219 4621 eum
1239 4564 1417 4621 latere
1438 4582 1552 4621 non
1576 4564 1782 4635 possit,
1808 4563 1958 4620 clam
1994 4582 2135 4637 quo-

2281 4567 2440 4617 αυτοῦ
2489 4566 2642 4639 ψυχῇ
2694 4568 2847 4623 I33
2901 4565 3255 4640 ὁρισάμενος,
3308 4564 3467 4630 εἰδὼς
3510 4568 3669 4624 αὐτὸν
3720 4568 3913 4628 λαϐεῖν

492 4676 603 4732 que
631 4675 871 4731 peccare
899 4654 1325 4729 supersedebit.

558 4766 749 4824 XXIV.
782 4766 915 4832 Quae
964 4779 1097 4820 cum
1146 4761 1408 4818 audisset
1451 4760 1697 4831 Appion,
1732 4758 1876 4813 dixit
1909 4777 1922 4815 :
1958 4760 2130 4815 Intel-

484 4855 759 4923 lexeram,
791 4872 860 4911 ex
889 4869 1003 4926 quo
1043 4850 1236 4923 accepi
1266 4850 1369 4906 tibi
1402 4865 1538 4905 cum
1568 4848 1787 4904 Judaais
1833 4865 1961 4904 esse
1992 4865 2128 4903 con-

485 4945 882 5013 suetudinem,
931 4946 987 4997 te
1044 4938 1366 4995 mutavisse
1413 4938 1787 4993 sententiam.
1848 4936 2126 4992 Praeclare

482 5035 638 5090 enim
657 5051 691 5089 a
707 5034 964 5106 quodam
982 5030 1204 5087 dictum
1222 5033 1312 5084 est
1332 5028 1430 5099 (a):
1450 5028 1816 5098 Corrumpunt
1844 5041 2020 5081 mores
2034 5028 2124 5082 bo-

2247 4652 2323 4724 μὴ
2358 4648 2632 4722 δύνασθαι,
2664 4655 2755 4709 καὶ
2785 4654 2846 4710 τὸ
2878 4653 3048 4732 λάθρα
3088 4656 3346 4731 ἁμαρτεῖν
3374 4660 3787 4734 παραιτήσεται.

2312 4760 2501 4816 XXIV.
2534 4764 2709 4815 Ταῦτα
2765 4761 2792 4816 ὁ
2853 4761 3099 4818 Ἀππίων
3178 4762 3409 4827 ἀκούσας
3486 4762 3586 4843 ἔφη
3635 4784 3649 4799 ’
3702 4763 3901 4835 νῌδειν

2241 4846 2292 4917 ἐξ
2342 4846 2431 4902 ὅτε
2473 4846 2682 4918 ἤκουσα
2730 4848 3013 4915 Ἰουδαίοις
3061 4873 3117 4906 σε
3167 4856 3214 4890 ³⁸
3260 4852 3727 4929 προσομιλοῦντα,
3783 4854 3900 4925 ἠλ-

2238 4932 2501 5001 λοιῶσθαι
2559 4940 2657 5008 τήν
2716 4942 2942 5017 γνώμην
2978 4985 2992 5000 .

2236 5025 2551 5099 Φθείρουσιν
2599 5026 2706 5097 ἤθη
2753 5029 2970 5103 χρηστά
3021 5029 3238 5103 ὁμιλίαι
3286 5030 3465 5085 κακαί.
3521 5032 3688 5108 Κάγώ
3727 5028 3893 5112 ἔφην·

3055 4940 3247 5004 Καλῶς
3302 4942 3402 5018 γὰρ
3461 4941 3674 5019 εἷ’ρηταί
3729 4965 3840 4999 τινι
3879 4966 3894 4980 ·

548 5175 626 5249 (ιι)
657 5179 678 5229 Ι
709 5174 839 5232 Cor.
869 5191 963 5244 xv,
996 5173 1086 5229 33.
1120 5172 1220 5229 Est
1248 5168 1552 5227 Menandri
1584 5184 1808 5236 versus,
1842 5168 1942 5240 qui
1972 5168 2086 5242 legi
2118 5168 2165 5225 d4

2281 5187 2289 5223 ι
2321 5186 2334 5224 :
2371 5166 2685 5243 Φθείρουσιν
2719 5170 2821 5239 ἢθη
2854 5172 3051 5247 χρήσθ’
3080 5169 3295 5245 ὁμιλίαι
3327 5172 3508 5232 κακαί.

1833 5329 2074 5385 VARI/E
2116 5327 2412 5385 LECTION
2424 5327 2524 5382 ES.

541 5457 585 5493 ac
616 5455 789 5520 οὕτως
820 5464 878 5515 ο,
905 5460 948 5494 ετ
979 5455 1169 5519 πάντες
1199 5456 1263 5513 ο,
1295 5455 1442 5531 Tum
1477 5450 1563 5531 ἐπὶ
1605 5456 1766 5531 τοῦτο
1810 5472 1929 5531 v_ar.
1953 5453 2092 5531 _le_ct.
2149 5471 2239 5531 ap.
2286 5454 2345 5531 C.
2392 5450 3109 5531 S‘ubseqqitgrhmendum
3155 5456 3251 5520 τάς
3302 5476 3358 5531 p.
3391 5458 3520 5521 τούς
3552 5460 3716 5531 ἱη,0.
3750 5463 3794 5498 ’³
3826 5483 3886 5519 τε

469 5530 603 5603 add.
638 5531 781 5603 0.0,
816 5531 915 5603 qui
950 5530 1199 5603 subinde
1247 5528 1385 5603 exh.
1411 5523 1505 5603 ini
1528 5522 1707 5597 τούτῳ

1739 5542 1787 5582 c.
1823 5526 1915 5601 Il,
1949 5524 2035 5601 ἐπὶ
2080 5522 2288 5579 τούτων
2411 5525 2456 5558 ²⁹
2486 5522 2670 5596 ἀγαθῷ
2703 5525 2849 5601 Epit.
2882 5542 2930 5601 c_.
2961 5528 3051 5601 51.
3085 5522 3346 5601 Subinde
3394 5535 3472 5601 τῷ
3505 5527 3781 5587 Ἰουδαίων
3814 5538 3878 5594 C.

465 5601 511 5637 ³ο
537 5596 859 5683 ἀσφαλῆ.οέ
890 5603 935 5639 ⁸¹
966 5600 1214 5683 aia-tagax;
1342 5599 1389 5635 δ²
1419 5596 1690 5683 ἐπέκειντο
1723 5597 1884 5683 αλιι
1907 5599 2144 5683 'eodemn
2170 5596 2618 5653 considerantur
2664 5596 2797 5652 vbb.
2831 5597 2921 5651 καὶ
2953 5598 2981 5653 ὁ
3010 5600 3278 5659 Ἀππίων.
3309 5604 3353 5639 ⁸³
3384 5596 3483 5658 οὐκ
3516 5600 3585 5657 ἔθ’
3613 5608 3675 5661 C.
3708 5612 3776 5664 In
3808 5608 3876 5683 Ο,

466 5678 555 5734 est
582 5668 746 5730 ἅπασὶ
779 5673 933 5732 inter
960 5674 1007 5728 ὧ
1036 5679 1095 5730 et
1116 5668 1368 5726 "Anntwv
1401 5674 1763 5742 expunctum
1793 5670 1837 5704 δ”
1867 5668 1924 5723 σέ
1953 5685 2070 5725 om.
2102 5669 2168 5727 Ο.
