4112 6344
132 454 251 515 I73

1287 454 1815 519 CLEMENTINA.
1850 490 1926 500 —
1968 454 2299 519 HOMILIA
2344 457 2421 519 V.

3454 464 3569 521 l'ﬂ

128 584 344 639 ῦόκοῦν
404 582 794 659 ἐπανορθοῦσιν
852 582 965 656 ἤθη
1026 587 1278 663 ἄχρηστα
1344 586 1560 660 ὁμιλίαι
1616 584 1798 641 καλαί.

1931 604 2013 643 nos
2040 589 2313 660 colloquia
2342 590 2516 646 mala.
2543 590 2750 662 Excepi
2780 607 2886 663 ego
2922 607 2935 646 :
2969 590 3157 663 Igitur
3200 608 3392 647 mores
3445 609 3571 649 ma-

130 676 230 728 Καὶ
265 676 299 727 ὁ
332 674 585 730 Ἀππίων
636 672 758 750 ἔφη·
810 676 1063 749 Σήμερον
1119 673 1648 752 πεπληροφορήμην
1702 674 1801 743 τὴν

127 765 230 831 σὴν
269 762 573 837 ἐπιγνῶναι
607 759 868 818 ἔνστασιν’
913 761 997 818 διὸ
1041 764 1127 818 σοὶ
1177 765 1383 841 πρώτῳ
1435 764 1603 819 εἰπεῖν
1650 784 1803 818 ουνε-

128 855 507 925 χωρτςσαμεν.
562 848 759 925 Αὔριον
807 851 864 906 δὲ
910 852 1153 921 ἐνταῦθα,
1205 853 1257 908 εἶ’
1293 874 1376 908 σοι
1431 853 1589 932 φίλον
1640 852 1801 922 ἐστὶν,

127 942 367 994 ἐπὶτῶν
422 938 602 995 αὒτῶν
652 939 830 1018 φίλων
880 940 1242 997 συνελθόντων
1298 941 1696 1013 ἆποδείξω,ὅτι
1752 942 1803 997 οἳ

121 1030 237 1083 θεοὶ
286 1031 466 1100 ἡμῶν
518 1027 641 1083 οὔτε
694 1030 887 1105 μοιχοὶ
930 1025 1075 1093 ὄντες
1124 1030 1504 1107 τυγχάνουσιν,
1545 1027 1666 1086 οὔτε
1705 1052 1802 1109 φο-

121 1124 253 1191 νεξ,
312 1115 449 1173 οὔτε
505 1116 715 1173 παίδων
775 1121 1018 1197 φθορεῖς,
1065 1120 1165 1175 οὐκ
1231 1118 1492 1199 ἀδελφαῖς
1539 1120 1575 1189 ἢ
1636 1122 1802 1195 θυγα-

118 1210 277 1281 τράσι
348 1206 779 1277 πλησιάσαντες’
812 1207 941 1264 ἀλλ’
997 1210 1049 1263 οἳ
1108 1210 1354 1285 ἀρχαῖοι,
1403 1210 1471 1265 τὰ
1533 1211 1804 1283 μυστήρια

121 1298 335 1368 μόνους
366 1296 510 1357 τοὺς
551 1294 877 1375 φιλομαθεῖς
924 1295 1117 1353 εἰδέναι
1169 1298 1442 1371 θέλοντες,
1480 1298 1676 1371 μύθοις
1720 1300 1804 1361 οἷς

122 1387 359 1460 εἴρηκας
408 1385 553 1440 αὐτὰ
589 1385 973 1461 προεκάλυψαν
1020 1389 1087 1443 ³⁸.
1140 1393 1280 1457 Ζῆνα
1326 1389 1427 1463 γὰρ
1490 1389 1590 1457 τήν
1656 1386 1802 1456 ζέου-

124 1497 212 1529 σαν
258 1473 463 1529 οὐσίαν
518 1474 650 1529 εἶναι
702 1474 1139 1553 φυσιολογοῦσιν,
1173 1474 1376 1551 Κρόνον
1426 1473 1483 1531 δὶ
1530 1476 1620 1531 τὸν
1671 1475 1805 1553 χρό-

124 1586 232 1634 νον,
266 1564 369 1617 καὶ
396 1564 550 1618 Ῥέαν
606 1565 707 1633 τὴν
769 1564 851 1618 ἀεὶ
902 1564 1125 1636 ῥέουσαν
1173 1569 1272 1620 τοῦ
1300 1567 1345 1602 ⁸⁸
1376 1562 1571 1628 ὕδατος
1622 1563 1801 1643 φύσιν.

128 1652 311 1726 Πλὴν,
348 1653 432 1714 ὡς
469 1652 813 1728 ὑπεσχόμην,
848 1654 1052 1725 αὔριον,
1082 1655 1145 1709 τὸ
1183 1656 1303 1708 καθ’
1331 1650 1556 1709 ἕκαστον
1588 1657 1632 1692 ³⁷
1664 1652 1807 1717 εἶδος

127 1742 296 1797 ἕωθεν
335 1743 475 1815 ὑμῖν
510 1741 853 1806 συνελθοῦσιν
882 1742 1293 1819 ἀλληγορήσας,
1326 1745 1426 1812 τὴν
1467 1748 1576 1798 τῶν
1633 1739 1802 1799 ὄντων

132 1832 411 1903 ἀλήθειαν
474 1831 704 1909 ἐκφανῶ.
759 1831 920 1907 Κάγὼ
976 1833 1109 1907 πρὸς
1155 1831 1321 1887 ταῦτα
1372 1831 1529 1911 ἔφην’
1583 1829 1803 1910 Αὔριον,

132 1924 206 1983 ὡς
268 1920 547 1996 ὑπέσχου,
598 1920 772 1983 οὕτως
830 1921 1085 1991 ποίησον·
1144 1919 1253 1992 ἤδη
1311 1919 1368 1976 δὲ
1424 1922 1657 1978 ἐντεῦθεν
1714 1921 1803 1977 καὶ
1837 1956 1885 2021 Β

130 2012 267 2083 πρὸς
298 2010 467 2077 asta,
504 2010 537 2063 ἆ
574 2008 797 2081 μέλλεις
829 2008 1030 2084 λέγειν,
1062 2008 1315 2067 ἄκουσον.

205 2101 374 2156 XXV.
410 2100 483 2153 Δὶ
532 2104 639 2153 τῶν
691 2104 823 2162 θεῶν
873 2099 1089 2174 πράξεις
1133 2099 1179 2153 εἰ
1232 2100 1349 2172 μὲν,
1392 2098 1583 2175 ἀγαθαὶ
1634 2097 1808 2172 οὖσαι,

132 2195 332 2249 κακοῖς
402 2187 599 2259 μύθοις
665 2187 1179 2266 προεκαλύφθησαν,
1228 2187 1418 2257 πολλή
1465 2193 1562 2243 τοῦ
1611 2186 1810 2244 σκεπά-

137 2299 335 2340 σαντος
416 2274 686 2332 δείκνυται
754 2276 937 2342 κακία,
994 2277 1079 2332 ὅτι
1122 2277 1187 2331 τά
1245 2278 1415 2350 σεμνά
1472 2280 1628 2334 134
1687 2278 1813 2333 ἀπέ-

140 2371 319 2441 κρυψε
347 2371 542 2427 κακοῖς
593 2363 954 2440 διηγήμασιν,
981 2363 1068 2420 ’ίνα
1117 2367 1280 2439 μήτις
1325 2365 1501 2421 αὐτῶν
1556 2365 1813 2436 ζηλωτὴς

145 2458 397 2530 γένηταιο
460 2454 509 2509 εἲ
563 2452 621 2509 δὲ
676 2454 903 2524 ἀληθῶς
974 2449 1139 2524 ἀσεϐῆ
1215 2452 1587 2529 διεπράξαντο,
1641 2454 1810 2531 ἐχρῆν

144 2544 468 2599 τούναντίον
528 2544 748 2617 ἀγαθοῖς
805 2543 996 2615 μύθοις
1053 2545 1099 2579 ⁸⁸
1156 2542 1292 2597 αὖτά
1351 2541 1682 2613 ἐπισκὲπειν,
1720 2541 1814 2598 ’ίνα

158 2636 235 2706 μὴ
298 2633 360 2687 οἱ
433 2633 728 2707 ἄνθρωποι,
786 2632 863 2693 ὡς
939 2632 1015 2693 εἷς
1090 2631 1399 2706 κρείττονας
1484 2633 1810 2710 ἀφορῶντες,

158 2722 492 2798 ἁμαρτάνειν
543 2719 892 2795 ἐπιχειρῶσιν
960 2720 1185 2781 ἐκείνοις
1240 2718 1617 2797 παραπλήσια.
1676 2724 1813 2775 Ταῦ-

152 2814 221 2865 τά
281 2832 394 2882 μου
452 2810 716 2877 εἰπόντος,
750 2810 802 2863 οἱ
858 2809 1118 2883 παρόντες
1179 2810 1399 2887 φανεροὶ
1458 2810 1595 2878 ἦσαν
1633 2810 1810 2885 ἀρχὴν

158 2895 539 2971 λαμϐάνοντες
568 2905 669 2966 τῆς
700 2898 838 2973 πρὸς
881 2897 1007 2959 τοὺς
1054 2898 1142 2951 ὑπ’
1190 2897 1325 2970 ἐμοῦ
1374 2896 1665 2973 λεχθέντας
1716 2896 1811 2953 λό-

153 3010 281 3063 γους
314 2988 558 3063 ἀγάπης.
607 2986 707 3040 Καὶ
764 2985 866 3061 γάρ
924 2990 1166 3061 συνεχῶς
1224 2985 1311 3040 καὶ
1360 2983 1810 3059 ἐσπουδασμένῶς

156 3078 434 3147 ἀξιοῦντες
470 3074 684 3138 πάντως
718 3095 784 3149 με
807 3078 875 3149 τῇ
899 3073 1150 3151 ὑστεραίᾳ
1177 3072 1354 3139 ἐλθεῖν
1383 3072 1806 3152 ἀπηλλάγησαν.

798 3271 1058 3328 ὈΜΙΛΙΔ
1097 3270 1154 3326 E'

220 3384 262 3437 Ι.
295 3382 381 3453 Τῇ
436 3378 533 3451 μὲν
580 3374 669 3433 οὖν
720 3376 773 3433 ἐν
824 3377 981 3452 Τύρῳ
1020 3376 1243 3452 ἐπιούσῃ
1271 3374 1473 3453 ἡμέρᾳ,
1498 3378 1635 3432 καθά
1690 3398 1807 3432 συν-

156 3468 484 3541 ετιξάμεθα,
532 3466 609 3528 εἷς
664 3466 758 3522 τὸν
818 3466 1051 3543 ἡσύχιον
1105 3466 1272 3522 τόπον
1327 3469 1372 3504 ³⁸
1429 3465 1622 3539 ἐλθὼν,
1679 3465 1810 3529 τοὺς

162 3559 250 3631 μὲν
283 3556 510 3632 ἑτέρους
544 3556 677 3629 μετά
702 3577 863 3611 τινων
890 3556 979 3610 καὶ
1028 3552 1213 3610 ἄλλων
1276 3552 1405 3610 ἰδὼν
1460 3554 1547 3611 καὶ
1606 3576 1809 3632 προσα-

158 3647 446 3721 γορεύσας,
478 3644 744 3699 Δππίωνα
774 3642 831 3700 δὲ
859 3646 934 3718 μή
996 3645 1273 3721 ἑωρακὼς,
1304 3642 1523 3720 ἠρόμην
1578 3649 1675 3700 τοῦ
1734 3646 1811 3718 μὴ

161 3743 413 3813 παρεῖναι
477 3734 678 3789 ἐκεῖνον
735 3735 834 3803 τήν
892 3733 1082 3791 αἰτίαν.
1120 3732 1217 3789 Καί
1250 3755 1331 3797 τις
1384 3730 1510 3812 ἔφη,
1542 3731 1815 3811 δυσαῤῥώο

163 3848 297 3888 στως
362 3824 527 3879 αὐτὸν
588 3824 675 3877 ἀπ’
732 3823 897 3889 αὐτῇς
958 3822 1180 3898 ἑσπέρας
1222 3823 1511 3899 ἐσχηκέναι
1540 3824 1603 3878 τὸ
1631 3822 1814 3897 σωμά-

160 3937 294 3969 τιον.
332 3916 513 3986 Ἐμοῦ
563 3910 621 3968 δὲ
677 3915 965 3990 φήσαντος,
998 3911 1218 3989 εὔλογον
1279 3913 1414 3967 εἶναι
1471 3919 1815 3989 παραχρῆμα

164 4006 516 4077 ὁρμήσαντας
584 4001 962 4075 ἐπισκέψασθαι
1016 4000 1199 4074 αὐτὸν,
1250 3999 1441 4078 σχεδὸν
1511 4002 1564 4057 οἱ
1624 4003 1814 4064 πάντες

166 4094 351 4163 ἠξίουν
392 4090 657 4166 πρότερον
718 4087 1076 4166 διαλεχθῆναί
1126 4111 1193 4164 με
1252 4089 1455 4160 αὐτοῖς,
1488 4090 1582 4146 εἶθ’
1643 4090 1814 4153 οὕτως

163 4184 407 4236 κάκεῖνον
461 4180 843 4253 ἐπισκέψασθαι
898 4177 1152 4235 δύνασθαι
1209 4183 1255 4217 ⁴⁰
1310 4180 1490 4237 αὐτόν.
1541 4186 1680 4243 Μιᾶς
1726 4179 1816 4235 οὗν

165 4274 378 4325 πάντων
405 4270 641 4343 γνώμης
674 4268 993 4343 γενομένης,
1027 4268 1207 4345 λέγειν
1239 4268 1511 4346 ἠρξάμην.

229 4362 281 4417 ΙΙ
340 4358 536 4434 Ἐχθὲς
588 4362 649 4431 ⁸¹,
684 4357 917 4413 ἐντεῦθεν
970 4357 1327 4436 ἀπαλλαγεὶς,
1374 4360 1418 4414 ὦ
1467 4356 1637 4437 φίλοι,
1681 4360 1817 4432 ὁμο-

169 4447 312 4524 λογῶ
364 4447 478 4515 δτι,
507 4446 644 4501 πάνυ
691 4448 987 4526 φροντίζων
1040 4448 1170 4522 ὑπὲρ
1220 4451 1319 4518 τῆς
1363 4450 1497 4524 πρὸς
1538 4446 1822 4506 Ἀππίωνα

173 4535 494 4606 μελλούσης
522 4532 730 4600 ἔσεσθαι
774 4538 1073 4609 ζητήσεως,
1106 4536 1276 4592 ὕπνου
1304 4541 1491 4612 τυχεῖν
1526 4539 1674 4596 135
1726 4535 1825 4591 οὐκ

171 4624 466 4699 ἐδυνάμην.
526 4627 955 4702 ’Δγρυπνοῦντος
1024 4625 1081 4681 δὲ
1137 4647 1241 4699 μου
1310 4624 1594 4702 εἷσὲδραμε
1646 4625 1713 4681 τά
1770 4625 1821 4681 ἐν

1915 677 2002 733 los
2033 677 2323 749 colloquia
2356 679 2508 735 bona
2532 679 2853 752 corrigunt.
2886 679 3042 735 Dixit
3070 681 3296 753 Appion
3334 698 3348 736 :
3384 680 3565 737 Hodie

1914 766 2147 822 abunde
2178 766 2323 821 mihi
2359 767 2452 835 sit,
2485 773 2651 823 tuum
2686 774 2842 824 certo
2873 768 3183 840 agnovisse
3206 768 3567 826 institutum:

1915 870 2095 925 quare
2127 855 2353 926 primus
2384 860 2449 911 ut
2483 856 2799 927 loquereris
2832 856 3232 929 permisimus.
3262 858 3403 914 Cras
3433 875 3567 915 vero

1914 942 2029 1014 hic,
2063 944 2112 998 si
2143 944 2246 998 tibi
2279 944 2532 1012 videtur,
2562 943 2772 1001 iisdem
2825 944 3032 1001 amicis
3085 946 3564 1002 convenientibus

1914 1033 2240 1104 ostendam,
2276 1034 2429 1105 quod
2461 1033 2540 1089 dii
2575 1034 2756 1090 nostri
2784 1050 2970 1106 neque
3001 1034 3254 1091 adulteri
3277 1040 3436 1103 sunt,
3470 1051 3567 1092 ne-

1914 1138 2028 1194 que
2084 1123 2505 1193 interfectores,
2537 1140 2726 1196 neque
2754 1123 3070 1180 liberorum
3097 1124 3562 1197 interemptores,

1915 1227 2103 1283 neque
2133 1228 2401 1268 sororum
2431 1213 2518 1269 vel
2551 1212 2803 1269 filiarum
2846 1213 3182 1282 vitiatores;
3232 1218 3290 1269 at
3313 1218 3559 1283 veteres,

1914 1300 2054 1355 dum
2090 1302 2366 1374 mysteria
2400 1318 2433 1357 a
2462 1301 2603 1358 solis
2633 1302 2908 1359 descendi
2942 1302 3171 1375 cupidis
3221 1302 3422 1359 volunt
3470 1303 3563 1359 in-

1912 1388 2119 1462 telligi,
2152 1407 2219 1447 ea
2246 1390 2459 1448 fabulis
2487 1408 2634 1465 quas
2665 1392 2860 1448 dixisti
2894 1390 3561 1449 occultaverunt..lovem

1914 1479 2071 1535 enim
2104 1480 2419 1536 ferventem
2451 1496 2579 1538 esse
2611 1482 3028 1548 substantiam,
3062 1480 3305 1555 physica
3333 1482 3561 1538 ratione

1916 1572 2237 1624 asserunt:
2288 1570 2607 1627 Saturnum
2662 1577 2858 1627 autem
2905 1575 3180 1643 tempus;
3233 1574 3292 1627 et
3340 1570 3564 1627 Rheam

1917 1674 2149 1730 semper
2178 1658 2457 1715 ﬂuentem
2485 1676 2646 1732 aquae
2680 1664 2974 1716 naturam.
3026 1659 3467 1725 Verumtamen,
3501 1664 3569 1715 ut

1916 1746 2213 1817 pollicitus
2261 1765 2416 1814 sum,
2449 1765 2578 1804 eras
2626 1748 2792 1805 vobis
2840 1765 3012 1805 mane
3060 1748 3565 1819 convenientibus,

1916 1835 2179 1906 singulas
2211 1836 2431 1906 species
2462 1836 2772 1909 allegorice
2801 1854 3096 1910 exponens
3128 1854 3323 1894 rerum
3376 1836 3567 1894 mani-

1918 1925 2127 1980 festam
2180 1925 2387 1981 faciam
2437 1926 2761 1983 veritatem.
2794 1928 2878 1982 Ad
2928 1927 3048 1983 haec
3098 1942 3203 1999 ego
3235 1926 3351 1982 dixi
3389 1944 3401 1982 :
3435 1932 3567 1983 Cra-

1921 2013 2075 2068 stina
2104 2013 2217 2079 die,
2253 2018 2316 2069 ut
2344 2014 2688 2085 promisisti,
2722 2015 2803 2070 ita
2841 2016 3033 2071 facito.
3060 2015 3193 2071 Jam
3241 2032 3376 2072 vero
3428 2014 3567 2071 hinc

1919 2107 1975 2159 et
2006 2103 2286 2159 adversus
2315 2120 2383 2159 ea
2414 2120 2538 2175 quae
2571 2103 2835 2159 dicturus
2866 2120 2927 2159 es
2959 2104 3117 2160 audi.

1990 2191 2156 2247 XXV.
2193 2198 2438 2247 Deorum
2470 2196 2631 2265 gesta
2663 2193 2735 2260 si,
2768 2192 2921 2248 bona
2959 2209 3094 2248 cum
3142 2195 3361 2260 essent,
3394 2190 3566 2249 malis

1922 2279 2136 2335 fabulis
2166 2280 2392 2336 obtecta
2421 2284 2580 2348 sunt,
2615 2296 2829 2353 magna
2854 2281 2982 2351 ejus
3034 2280 3135 2352 qui
3183 2278 3324 2335 texit
3367 2283 3565 2335 osten-

1922 2369 2081 2423 ditur
2102 2368 2347 2437 malitia,
2371 2369 2526 2441 quod
2549 2369 2795 2425 honesta
2816 2368 3009 2441 pravis
3031 2367 3339 2424 occultarit
3368 2384 3570 2423 narra-

1922 2457 2201 2526 tionibus,
2237 2473 2309 2513 ne
2357 2457 2490 2529 quis
2537 2474 2739 2513 eorum
2789 2456 2952 2513 fieret
3004 2457 3282 2513 imitator.
3316 2457 3478 2521 Quod
3519 2455 3569 2513 si

1923 2546 2001 2601 dii
2030 2563 2161 2602 vere
2191 2551 2497 2617 gesserant
2526 2547 2729 2619 impia,
2763 2550 2965 2602 contra
2995 2545 3297 2617 oportebat
3328 2545 3428 2601 illa
3468 2544 3575 2601 bo-

1923 2634 2015 2691 nis
2062 2635 2274 2691 fabulis
2323 2635 2531 2704 velare,
2565 2652 2636 2691 ne
2685 2635 2975 2705 homines,
3007 2634 3168 2691 velut
3214 2633 3315 2706 qui
3362 2634 3421 2689 in
3462 2651 3569 2690 nu-

1925 2724 2085 2779 mina
2116 2724 2492 2796 respicerent,
2526 2723 2643 2779 illis
2694 2723 3023 2780 consimilia
3071 2724 3397 2780 niterentur
3442 2740 3573 2796 pec-

1922 2830 2073 2869 care.
2112 2812 2241 2869 Haec
2286 2830 2379 2869 me
2429 2813 2675 2880 dicente,
2711 2813 2810 2885 qui
2862 2813 3128 2880 aderant,
3160 2830 3274 2869 non
3324 2813 3574 2870 obscure

1921 2902 2269 2958 videbantur
2316 2902 2569 2975 incipere
2608 2901 2797 2958 dictos
2842 2919 2876 2957 a
2920 2919 3012 2958 me
3042 2918 3343 2959 sermones
3373 2918 3570 2959 amore

1921 2990 2217 3063 prosequi.
2247 2991 2473 3047 Etenim
2506 2990 2840 3063 frequenter
2870 2995 2925 3047 et
2962 2992 3224 3048 studiose
3271 2995 3566 3065 rogantes,

1921 3084 1987 3135 ut
2017 3080 2256 3136 omnino
2286 3079 2566 3153 postridie
2593 3080 2872 3149 venirem,
2906 3079 3156 3154 digressi
3187 3084 3345 3137 sunt.

2534 3275 2835 3332 HOMILIA
2874 3274 2943 3331 V.

1994 3382 2039 3438 Ῑ.
2073 3381 2364 3453 Sequente
2392 3380 2571 3453 igitur
2599 3382 2755 3453 apud
2784 3381 3000 3453 Tyrum
3050 3380 3165 3447 die,
3200 3381 3563 3453 quemadno-

1925 3471 2067 3526 dum
2096 3471 2246 3542 pacti
2276 3486 2532 3540 eramus,
2572 3469 2632 3525 in
2678 3469 2945 3542 quietum
2985 3468 3181 3525 locum
3230 3470 3568 3538 adveniens,

1927 3565 2162 3615 caeteros
2194 3558 2430 3631 quidem
2474 3575 2609 3614 cum
2663 3558 3019 3630 quihusdam
3066 3562 3125 3614 et
3161 3556 3291 3613 aliis
3322 3558 3572 3613 intuitus

1930 3665 2063 3703 cum
2120 3646 2507 3713 salutassem,
2551 3647 2877 3719 Appionem
2932 3663 3065 3702 vero
3124 3664 3238 3701 non
3294 3647 3571 3713 viderem,

1930 3753 2169 3793 causam
2210 3752 2314 3791 cur
2339 3734 2437 3791 ille
2468 3752 2583 3791 non
2613 3736 2843 3792 adesset
2873 3735 3089 3808 rogavi.
3123 3735 3193 3791 Et
3240 3734 3454 3807 aliquis
3484 3750 3574 3790 re-

1932 3824 2193 3897 spondit,
2223 3823 2393 3878 illum
2423 3841 2491 3879 ex
2520 3824 2649 3896 ipsa
2677 3840 2920 3896 vespera
2938 3829 3149 3896 aegroto
3166 3824 3427 3894 jacuisse
3446 3839 3573 3878 cor-

1933 3912 2200 3987 pusculo.
2233 3915 2497 3985 Cumque
2525 3930 2629 3985 ego
2651 3913 2951 3983 dixissem,
2977 3929 3210 3985 aequum
3234 3928 3363 3968 esse
3383 3916 3447 3966 ut
3466 3916 3577 3967 sta-

1931 4004 2039 4059 tim
2071 4002 2309 4075 profecti
2340 4017 2476 4056 eum
2506 4001 2899 4067 visitaremus,
2933 4001 3049 4056 fere
3070 4000 3264 4056 cuncti
3285 3998 3578 4071 deprecati

1935 4096 2093 4158 sunt,
2128 4095 2194 4146 ut
2241 4089 2405 4162 prius
2452 4089 2537 4146 eis
2581 4089 3000 4156 edissererem;
3033 4089 3118 4144 sic
3165 4087 3322 4144 enim
3375 4090 3579 4160 postea

1934 4197 2106 4253 posse
2128 4179 2249 4235 fieri
2274 4183 2337 4233 ut
2357 4177 2522 4233 illum
2546 4178 2954 4234 inviseremus.
2982 4177 3129 4244 Quia
3147 4193 3282 4250 ergo
3314 4193 3433 4232 una
3454 4179 3579 4232 erat

1936 4269 2201 4326 omnium
2232 4267 2520 4339 voluntas,
2550 4267 2705 4337 loqui
2732 4266 2899 4339 ccepi.

2008 4362 2078 4411 II.
2113 4356 2243 4412 Heri
2277 4356 2411 4411 hinc
2443 4356 2670 4423 abiens,
2713 4372 2746 4410 ο
2796 4356 2990 4424 amici,
3042 4354 3318 4425 multum,
3372 4354 3578 4421 fateor,

1937 4446 2228 4503 sollicitus
2257 4445 2328 4500 de
2358 4444 2557 4500 futura
2587 4444 2866 4500 adversus
2912 4443 3239 4515 Appionem
3287 4443 3579 4514 discepta-

1936 4536 2094 4591 tione
2123 4550 2396 4589 somnum
2428 4550 2632 4605 capere
2662 4548 2778 4587 non
2828 4532 3012 4604 potui.
3048 4531 3337 4604 Vigilante
3385 4536 3582 4585 autem

1944 4641 2035 4681 me
2066 4625 2601 4693 occurrerunt,quaa
2624 4621 2818 4676 Romae
2849 4626 3053 4676 contra
3081 4620 3249 4675 illum
3281 4635 3585 4675 commen-

167 4690 353 4790 Ῥώμη
386 4714 528 4791 πρὸς
560 4690 719 4771 αύτόν
767 4728 863 4789 μοι
900 4690 1361 4791 μεμηχανημένα.
1400 4690 1499 4771 Ἦν
1526 4690 1609 4770 ’δὲ
1655 4718 1809 4770 τοιαῦ

1941 4720 2037 4769 tus
2069 4712 2171 4768 fui.
2203 4712 2353 4768 Sunt
2407 4690 2603 4766 autem
2659 4709 2801 4766 haec.
2835 4712 2881 4765 A
2939 4725 3117 4780 puero
3172 4724 3278 4781 ego
3317 4707 3585 4763 Clemens

174 4826 251 4859 tr
286 4806 385 4860 Ἐκ
414 4801 610 4865 παιδὸς
642 4803 747 4880 ἐγὼ
782 4803 1021 4878 Κλήμης
1077 4804 1335 4875 ἀληθείας
1394 4802 1557 4881 ἐρῶν,
1587 4802 1676 4859 καὶ
1735 4808 1831 4873 ζηο

176 4900 276 4948 τῶν
306 4895 377 4949 tsi
408 4897 567 4968 ψυχῇ
616 4890 958 4971 διαφέροντα,
990 4893 1080 4948 καὶ
1131 4891 1205 4955 εἷς
1254 4893 1543 4955 ἀνασκευᾶς
1594 4892 1684 4947 καὶ
1735 4912 1833 4947 κα-

174 4985 435 5044 τασκευὰς
495 4980 736 5036 δαπανῶν
785 4982 909 5045 τοὺς
959 4982 1219 5058 χρόνους,
1264 4981 1354 5037 καὶ
1403 4982 1571 5055 μηθὲν
1620 4978 1831 5036 τὲλειον

178 5074 352 5145 εὖρεῖν
413 5068 736 5143 δυνάμενος,
787 5072 889 5127 ὑπὸ
945 5078 1043 5140 τῆς
1100 5070 1281 5133 ἀνοίας
1340 5069 1600 5141 ὲξώκειλα
1655 5072 1701 5106 ⁸³
1757 5067 1834 5131 εἷς

176 5162 357 5217 νύσον.
404 5160 505 5215 Καὶ
540 5158 605 5229 δὴ
640 5160 775 5233 ἐμοῦ
833 5161 1242 5234 κατακειμένου,
1275 5161 1303 5215 ὁ
1332 5158 1581 5215 Ἀππίων
1643 5154 1835 5229 ἐπιδη-

182 5256 267 5321 μεῖ
311 5248 384 5323 τῂ
438 5250 645 5323 Ῥώμῃ,
679 5250 939 5324 πατρικὸς
1003 5244 1075 5304 ὤν
1140 5270 1233 5321 μοι
1292 5248 1471 5327 φίλος,
1520 5247 1612 5303 καὶ
1664 5247 1836 5318 ἐπιξε-

176 5343 357 5393 νοῦται
417 5337 568 5409 ἐμοὶ,
624 5337 714 5393 καὶ
770 5335 1006 5414 κλινήρη
1070 5338 1253 5410 μαθὼν
1302 5336 1440 5413 πρὸς
1502 5335 1599 5409 ἐμὲ
1664 5334 1834 5407 εἰσέρ-

180 5448 359 5503 χεται,
392 5426 471 5489 ὠς
520 5424 765 5504 ἰατρικῆς
798 5427 897 5482 οὐκ
926 5426 1191 5501 ἀμύητος,
1223 5427 1315 5482 καὶ
1363 5424 1680 5490 πυνθάνεται
1736 5426 1837 5494 τῆς

1939 4800 2201 4859 veritatis
2230 4799 2552 4870 studiosus,
2581 4814 2964 4870 quaerensque
2986 4796 3192 4852 anima:
3222 4794 3410 4865 utilia,
3440 4798 3497 4850 et
3525 4794 3586 4849 in

1942 4890 2370 4947 confutationes
2400 4904 2466 4944 ac
2488 4888 2862 4960 probationes
2883 4890 3117 4959 tempus
3138 4885 3465 4953 insumens,
3496 4882 3587 4938 ni-

1942 4979 2146 5051 hilque
2176 4977 2377 5034 valens
2407 4976 2526 5032 veri
2570 4976 2849 5044 invenire,
2882 4976 2943 5031 in
2973 4974 3244 5031 morbum
3275 4989 3345 5028 ex
3373 4971 3586 5028 mentis

1952 5067 2299 5139 impotentia
2326 5066 2550 5121 deveni.
2583 5064 2847 5136 Cumque
2875 5064 3306 5129 decumberem,
3343 5061 3590 5117 Romam

1945 5156 2176 5213 advenit
2208 5154 2451 5227 Appion,
2485 5160 2762 5227 paternus
2793 5153 3039 5221 amicus,
3074 5156 3133 5207 et
3172 5151 3325 5222 apud
3361 5166 3452 5205 me
3484 5150 3592 5205 ho-

1946 5246 2198 5318 spitatur
2225 5261 2239 5299 :
2272 5244 2638 5314 audiensque
2670 5243 2727 5297 in
2760 5241 2904 5297 lecto
2937 5241 3267 5311 mejacere,
3289 5238 3361 5294 ad
3396 5237 3597 5293 mein»

1946 5352 2186 5408 gressus
2217 5339 2325 5401 est,
2357 5338 2640 5404 tanquam
2675 5331 2914 5386 medicis
2946 5329 3089 5384 artis
3112 5345 3226 5384 non
3248 5328 3589 5400 imperitus;

1948 5429 2122 5495 atque
2154 5428 2321 5495 rogat
2345 5438 2585 5478 causam
2621 5419 2953 5475 decubitus.
2987 5417 3102 5490 Ego
3132 5433 3264 5472 vero
3297 5415 3594 5472 hominem

1543 5552 1787 5607 VARI/E
1825 5549 2236 5607 LECTIONES.

248 5655 295 5689 ⁸⁸
325 5648 704 5726 προεκάλυψεν
737 5652 803 5721 0,
837 5650 1133 5726 mendose.
1210 5650 1255 5687 ³⁸
1282 5654 1380 5705 τοῦ
1410 5650 1626 5726 οτηηΟ.
1666 5650 1759 5726 ηδτ.
1774 5644 2098 5726 καθὲκαστον
2133 5662 2243 5726 scr.
2276 5648 2360 5726 0._
2388 5642 2687 5726 .ff-pﬁeot‘c
2747 5643 2881 5699 add.
2943 5657 2993 5697 c.
3020 5641 3111 5725 .0.
3172 5640 3348 5726 Idem.
3385 5633 3597 5726 ἒπχσκξς

186 5745 359 5793 πτειν,

185 5800 237 5855 S.
312 5792 361 5837 δῖ
392 5792 530 5875 χθᾶς
558 5795 624 5855 Ο.
701 5796 748 5834 ⁴²
779 5792 1027 5868 ἰξώκειον
1056 5793 1122 5853 0.

401 5743 459 5798 p.
484 5709 820 5798 Δὲειτεςτᾶιὲπεινξ,
858 5793 869 5798 _
895 5724 940 5759 δ’
967 5721 1132 5798 τόπρν
1169 5740 1284 5781 non
1314 5727 1405 5782 est
1434 5722 1495 5781 in
1520 5725 1585 5781 Ο.
1660 5721 1704 5759 ⁴⁰
1734 5709 1988 5777 δύνασθαι
2035 5720 2219 5779 textui
2265 5709 2514 5785 reddidi,
2548 5721 2862 5791 postquam
2917 5712 3205 5775 omissum
3235 5715 3359 5773 erat
3386 5728 3421 5770 a
3448 5709 3511 5771 Cl
3541 5712 3600 5769 et
