4112 6344
528 408 640 467 175
1350 405 1415 467 8.
1464 407 1905 467 CLEMENTIS
1951 407 1973 465 Ι
2022 408 2152 467 ROB

2322 406 2489 467 DNT.
2537 406 2796 466 OPERA
2843 407 3107 468 DUBIA.
3818 409 3946 468 176

526 555 643 595 non
673 538 1015 611 ignorabam
1038 552 1270 595 summo
1291 537 1525 594 Judaaos
1548 537 1819 611 prosequi
1851 537 2002 605 odio,
2028 538 2150 593 adet

2325 533 2646 597 ιτακλίσεως
2700 536 2799 605 τὴν
2857 535 3051 593 αἰτίαν.
3116 536 3257 610 Ἐγὼ
3319 533 3376 591 δὲ
3426 535 3517 591 τὸν
3597 533 3762 612 ἄνδρα
3836 538 3949 592 οὑκ

527 631 591 684 ut
633 631 691 683 et
746 632 947 683 contra
992 644 1090 683 eos
1140 628 1361 684 multos
1408 626 1709 700 scripserit
1750 627 1972 697 libros;
2015 646 2151 683 nunt

2324 629 2487 701 γνοῶν
2531 629 2577 662 ⁴³
2628 624 2766 680 πάνυ
2814 622 3116 687 Ἰουδαίους
3147 621 3219 680 δι’
3265 624 3561 701 ἀπεχθείας
3609 623 3827 703 ἔχοντα,
3861 627 3948 689 ὡς

527 720 680 773 certe
708 716 1006 772 Simonem
1056 716 1249 790 ipsum
1306 717 1362 772 in
1413 716 1733 772 amicitiam
1784 715 2025 771 admisit
2058 733 2151 771 nox

2316 713 2369 769 αὶ
2418 712 2607 770 πολλὰ
2655 709 2844 790 βιϐλία
2894 716 3009 769 κατ’
3039 713 3215 769 αὐτῶν
3264 716 3694 793 συγγεγραφέναι
3746 720 3809 753 ⁸⁸·
3841 716 3940 771 καὶ

525 807 757 879 quidem
790 807 861 862 ob
893 807 1153 862 discendi
1188 805 1451 861 studium
1496 823 1563 861 ac
1614 805 2035 871 eruditionem,
2069 822 2149 861 sec

2318 804 2440 859 ύτὸν
2483 804 2706 877 Σίμωνα
2744 808 2836 858 νῦν
2884 803 2946 858 ού
2998 801 3086 858 διὰ
3129 803 3485 881 φιλομάθειαν
3520 808 3565 842 ⁴⁵
3617 806 3692 868 είς
3743 805 3939 884 φιλίαν

527 895 667 969 quia
696 896 855 952 novit
885 911 1021 952 eum
1072 911 1200 952 esse
1245 894 1678 951 Samaritanum
1731 899 1787 950 et
1830 895 2151 950 Judzeorun

2325 893 2660 969 ροσιέμενον,
2709 890 2835 947 ἀλλ’
2884 890 3069 962 ἐπειδὴ
3118 894 3374 969 Σαμαρέα
3437 893 3595 949 αὑτὸν
3666 893 3779 950 οἶδε
3839 917 3944 968 μι-

527 985 780 1056 hostem,
815 986 1094 1041 adversus
1124 1000 1271 1056 quos
1301 983 1480 1040 etiam
1522 982 1599 1039 sit
1643 1000 2009 1057 progressus,
2044 983 2151 1038 idet

2316 980 2586 1037 οϊουδαῖόν
2618 1003 2675 1037 τε
2706 976 2833 1037 ὄντα
2862 980 2950 1037 καὶ
2999 983 3136 1037 κατὰ
3166 979 3441 1038 Ἰουδαίων
3491 981 3940 1057 προεληλυθότα,

528 1090 664 1131 eum
694 1073 806 1131 sibi
838 1072 1189 1144 conciliavit,
1213 1090 1324 1144 quo
1355 1072 1542 1146 possit
1570 1073 1790 1145 aliquid
1820 1072 1891 1129 ab
1914 1071 2013 1128 illo
2042 1088 2147 1127 con

2320 1072 2370 1125 ιὰ
2424 1075 2584 1127 τοῦτο
2633 1071 2791 1128 αὐτὸν
2853 1071 3328 1148 προσῳκειώσατο,
3373 1069 3465 1127 ἵνα
3522 1069 3738 1128 δύναιτο
3794 1073 3940 1131 κατὰ

526 1168 618 1220 tra
647 1164 882 1221 Judaaos
912 1162 1153 1219 discere.

2278 1158 2553 1217 Ἰουδαίων
2580 1182 2632 1216 τι
2656 1162 2783 1237 παρ’
2814 1160 2978 1216 αὑτοῦ
3012 1162 3308 1234 μανθάνειν.

598 1258 698 1309 ΙΙΙ.
731 1252 861 1309 Haec
890 1268 995 1325 ego
1026 1251 1218 1307 sciens
1248 1252 1317 1308 de
1337 1251 1620 1324 Appione,
1643 1249 1821 1306 simul
1845 1266 1911 1305 ac
1931 1266 2170 1305 causam

2352 1256 2440 1308 III.
2473 1253 2655 1307 Ταῦτα
2712 1250 2820 1325 ἐγὼ
2870 1248 3138 1326 προειδὼς
3188 1254 3231 1288 ⁴⁸
3280 1250 3400 1327 περῖ
3448 1256 3547 1307 τοῦ
3596 1251 3934 1327 Ἀππίωνος,

528 1343 716 1399 morbi
749 1342 933 1415 petiit,
966 1340 1239 1413 respondi
1267 1339 1560 1406 simulate,
1586 1356 1677 1395 me
1703 1340 1986 1410 juvenum
2012 1356 2152 1395 more

2310 1336 2392 1411 ῗμα
2438 1343 2515 1410 τῷ
2560 1339 2814 1403 πυθέσθαι
2864 1338 3023 1393 αὑτὸν
3072 1340 3172 1409 τὴν
3224 1338 3398 1395 αἰτίαν
3443 1347 3544 1411 τῆς
3572 1340 3729 1396 νόσου
3757 1362 3934 1417 προσ-

529 1433 799 1490 all'ectum
827 1432 1024 1486 dolere
1056 1430 1272 1486 animo.
1300 1431 1377 1485 Ad
1402 1429 1521 1485 haec
1546 1428 1642 1485 ille
1673 1429 1818 1484 dixit
1852 1446 1864 1484 :
1902 1428 2025 1495 Fili,
2048 1432 2153 1483 tan

2315 1432 2578 1498 ὀιητικῶς
2629 1430 2671 1465 ⁸⁷
2722 1428 3119 1505 ἀπεκρινάμην,
3170 1427 3253 1484 ὅτι
3300 1429 3367 1484 τὰ
3412 1429 3545 1485 νέων
3596 1433 3793 1508 πάσχω
3839 1431 3939 1487 καὶ

530 1539 706 1593 quam
740 1521 891 1593 patri
923 1520 1179 1575 confisus
1212 1536 1402 1589 narra,
1437 1519 1679 1591 quinam
1731 1519 1808 1574 sit
1854 1517 2034 1574 animi
2085 1523 2154 1573 tu

2316 1513 2436 1590 λγῶ
2486 1519 2584 1586 τήν
2644 1520 2851 1594 ψυχήν.
2898 1520 2957 1575 Ὀ
3008 1515 3065 1573 δὲ
3113 1517 3249 1593 πρὸς
3304 1523 3471 1574 ταῦτα
3536 1518 3665 1598 ἔφη·
3716 1520 3936 1593 Τέκνον,

530 1611 791 1668 morbus.
827 1610 1086 1680 Cumque
1124 1608 1336 1664 iterum
1368 1608 1499 1664 ficte
1536 1608 1850 1664 vehemens
1898 1608 2154 1663 duceret:

2310 1628 2355 1668 ›ς
2385 1607 2547 1683 πατρὶ
2578 1608 2845 1683 θαρσήσας
2879 1604 3027 1683 λέγε,
3050 1607 3132 1669 τίς
3168 1629 3261 1662 σου
3291 1615 3392 1678 τῆς
3446 1612 3633 1685 ψυχῆς
3663 1610 3697 1680 ἠ
3728 1609 3893 1671 νόσος
3920 1628 3934 1680 ς

528 1700 875 1771 suspirium,
907 1698 1074 1770 quasi
1105 1697 1324 1753 veritus
1357 1697 1521 1753 fateri
1553 1714 1835 1767 amorem,
1868 1696 2093 1752 silendo
2116 1713 2152 1752 e'

2311 1700 2449 1768 Ξμοῦ
2507 1694 2563 1750 δὲ
2618 1702 3061 1769 προσποιητικῶς
3123 1700 3167 1734 ⁴⁸
3223 1698 3389 1753 πάλιν
3461 1698 3935 1769 ἀναστενάξαντος,

525 1788 757 1846 vultum
790 1788 1148 1843 demittendo
1171 1785 1565 1858 suspicionem
1599 1786 1731 1842 dedi
1755 1787 1883 1857 ejus
1911 1787 2063 1857 quod
2090 1786 2147 1841 in

2314 1806 2357 1845 ›ς
2403 1782 2469 1853 δὴ
2520 1786 2643 1860 περὶ
2713 1783 2914 1861 ἔρωτος
2963 1785 3131 1841 εἰπεῖν
3190 1783 3535 1859 αῗδουμένου,
3589 1784 3678 1842 διά
3722 1809 3785 1861 γε
3830 1795 3938 1857 τῆς

526 1877 703 1934 dicari
724 1876 1017 1944 volebam;
1040 1884 1096 1931 at
1120 1874 1216 1931 ille
1236 1891 1431 1930 revera
1451 1891 1543 1931 me
1577 1874 1883 1930 mulierem
1911 1874 2150 1946 deperiri

526 1983 838 1988 _.A__-_---__
875 1964 1012 1988 J2_.2L
1050 1983 1060 1988 _
1093 1963 1244 1988 λτζιῖἲ
1279 1965 1332 1988 ξ..
1378 1964 1488 1988 “Et-
1543 1968 1625 1988 --ι
1681 1964 1767 1988 An:
1819 1981 1929 1988 ..-_
1987 1962 2141 1988 ...ιι-,2

2310 1880 2493 1943 ηιωπῆς
2525 1877 2678 1931 136
2726 1874 2815 1928 καὶ
2859 1879 2957 1929 τοῦ
3008 1874 3313 1930 κατανεύειν
3345 1878 3409 1945 ‘9,
3444 1874 3566 1952 περὶ
3618 1876 3679 1930 οὗ
3726 1874 3934 1946 ἤθελον

2310 1960 2631 1988 ,λίκιηην-Δμ-.
2697 1969 2955 1988 ___--9___,_
3018 1966 3108 1988 ,ελ
3176 1965 3275 1988 ιρι
3319 1986 3425 1988 μη.
3506 1966 3522 1988 ι
3588 1962 3634 1988 1“
3711 1965 3798 1988 ’,α-
3890 1969 3934 1988 ιιι

525 1983 840 2040 persuasus
872 1964 1016 2020 dixit
1049 1983 1061 2020 :
1093 1963 1248 2019 Nihil
1279 1965 1337 2019 in
1378 1964 1496 2020 vita
1540 1968 1647 2033 est,
1677 1964 1768 2019 cui
1819 1981 1934 2018 non
1986 1962 2144 2036 possi

2314 1960 2659 2033 νδείκνυσθαι,
2692 1969 2956 2040 παρεῖχον
3013 1966 3110 2034 τὴν
3174 1965 3427 2020 ὑπόνοιαν
3500 1966 3528 2020 ὁ
3584 1962 3658 2034 δὲ,
3707 1965 3828 2042 έρᾷν
3888 1969 3938 2004 ⁸ο

527 2056 791 2114 adhiberi
816 2054 1159 2110 remedium.
1196 2056 1324 2125 Ipse
1353 2054 1508 2109 enim
1541 2069 1669 2125 ego,
1700 2052 2145 2123 adhucjuvenis

2309 2074 2349 2107 ιε
2394 2053 2645 2129 γυναικὸς
2689 2052 2907 2119 ἀληθῶς
2956 2053 3319 2124 ἀναπεισθεὶς,
3372 2052 3497 2132 ἔφη’
3556 2052 3716 2109 Οὐδέν
3784 2054 3933 2110 ἐστιν

524 2163 659 2202 cum
683 2146 742 2200 in
764 2160 1021 2200 amorem
1041 2143 1377 2198 incidissem
1400 2142 1849 2215 elegantissima:
1881 2141 2146 2197 mulieris

2311 2164 2330 2196 ν
2374 2147 2455 2215 τῷ
2517 2142 2620 2217 βίῳ
2675 2142 2925 2217 βοηθείας
2970 2147 3156 2220 τυχεῖν
3210 2144 3286 2216 μὴ
3340 2140 3654 2217 δυνάμενον.
3687 2145 3789 2199 Καὶ
3821 2144 3935 2222 γὰρ

525 2251 639 2290 non
673 2234 843 2289 modo
873 2230 1237 2304 impossibile
1260 2232 1601 2301 judicabam
1651 2230 1749 2288 illa
1798 2231 1934 2298 frui,
1968 2247 2149 2287 verun

2314 2230 2457 2300 ύτὸς,
2490 2230 2579 2285 ὅτε
2626 2231 2747 2292 νέος
2794 2228 2946 2304 ἤμην
2996 2234 3059 2288 ⁵³.
3107 2230 3346 2305 ἐρασθεὶς
3405 2232 3661 2306 γυναικὸς
3708 2232 3934 2303 ἀξιολο-

528 2339 713 2395 neque
734 2322 987 2378 salutare
1011 2337 1271 2393 unquam
1295 2320 1635 2392 sperabam:
1661 2325 1717 2376 et
1739 2324 1937 2376 tamen
1964 2326 2152 2375 nactus

2309 2320 2551 2389 *wraitnc,
2585 2319 2646 2374 οὐ
2681 2314 2838 2393 μόνον
2868 2319 3031 2390 αὐτῆς
3064 2322 3109 2357 ⁸²
3140 2326 3327 2396 τυχεῖν
3359 2320 3618 2395 ἡγούμην
3664 2318 3933 2377 ἀδύνατον

524 2411 780 2483 aliquem
812 2410 1172 2483 Egyptium,
1206 2409 1452 2482 magicis
1503 2410 1559 2464 in
1610 2410 1836 2465 artibus
1885 2409 2148 2481 peritissi'

2310 2410 2431 2478 ίναι,
2485 2408 2610 2465 ἀλλ’
2662 2406 2786 2463 οὐδὲ
2852 2408 3283 2485 προσαγορεῦσαί
3334 2430 3465 2464 ποτε
3530 2408 3793 2480 ἤλπιζονο
3833 2410 3934 2466 καὶ

526 2517 710 2568 mum,
772 2504 830 2556 et
887 2504 1185 2555 contracta
1242 2515 1375 2554 cum
1435 2515 1502 2553 eo
1570 2498 1848 2567 amicitia,
1908 2513 2150 2552 amoren

2313 2520 2452 2571 μως,
2510 2500 2819 2575 περιτυχών
2878 2520 2984 2554 τινι
3047 2496 3349 2575 Αἰγυπτίῳ,
3409 2497 3548 2553 πάνυ
3604 2501 3670 2554 τά
3738 2500 3930 2576 μάγων

528 2606 719 2645 meum
755 2588 984 2644 declaro
1009 2605 1022 2643 :
1058 2604 1122 2643 ac
1156 2604 1269 2642 non
1298 2586 1488 2642 solum
1509 2586 1603 2641 ille
1624 2603 1686 2641 se
1710 2586 1852 2641 mihi
1878 2586 1947 2640 ad
1974 2588 2152 2657 cupit:

2310 2582 2609 2663 κριϐοὖντι,
2666 2588 2755 2642 καὶ
2815 2586 3074 2666 φιλωθεὶς
3128 2586 3364 2663 έκφαίνω
3426 2610 3529 2660 μου
3586 2589 3676 2644 τὸν
3728 2587 3933 2662 ἔρωτα,

524 2678 723 2734 omnia
752 2677 1029 2745 tradidit;
1082 2677 1181 2732 sed
1234 2676 1564 2748 largissime
1618 2675 1759 2729 mihi
1806 2675 2143 2747 gratificans

2312 2676 2363 2731 αὶ
2395 2676 2457 2731 ού
2491 2676 2656 2749 μόνον
2689 2676 2873 2731 ἑαυτόν
2911 2698 3003 2750 μοι
3034 2683 3265 2754 παρεῖχε
3304 2677 3437 2753 πρὸς
3486 2683 3587 2732 πᾶν
3634 2678 3662 2732 ὃ
3704 2673 3936 2734 ἐϐουλό-

526 2768 700 2822 etiam
733 2765 1011 2822 carminis
1038 2783 1141 2838 per
1170 2764 1321 2836 quod
1352 2765 1571 2836 potitus
1602 2763 1683 2819 fui
1716 2762 2017 2818 scientiam
2051 2781 2150 2819 nor

2307 2788 2407 2836 ιην,
2442 2764 2586 2821 ἀλλὰ
2616 2762 2998 2841 δαψιλέστερον
3031 2766 3170 2842 πρός
3204 2787 3270 2838 με
3320 2765 3783 2843 φιλοτιμούμενος
3831 2767 3931 2823 καὶ

527 2854 772 2911 invidit:
806 2859 980 2926 atque
1010 2871 1112 2926 per
1140 2853 1299 2908 illius
1330 2852 1587 2907 hominis
1616 2851 1902 2907 occultam
1932 2853 2151 2907 demon‘

2311 2856 2371 2923 ἦν
2404 2853 2684 2924 ἐπαοιδῆν,
2729 2852 2797 2909 δι’
2848 2858 2915 2924 ἧς
2973 2854 3191 2931 ἔτυχον,
3226 2852 3490 2910 διδάσκειν
3552 2855 3651 2910 οὐκ
3705 2856 3935 2935 ἐφθόνη-

524 2946 892 3011 strationem,
924 2959 1243 3015 persuasus
1277 2940 1538 3014 magistri
1562 2940 1980 3011 munificentia,
2005 2946 2060 2995 et
2082 2958 2148 2996 se

2310 2964 2377 2997 εν·
2434 2942 2493 2998 ἐκ
2540 2943 2597 2998 δὲ
2651 2946 2751 3014 τῆς
2810 2942 3015 2998 ἐκείνου
3090 2943 3344 3018 λαθραίας
3412 2942 3756 3016 ὑποδείξεως,
3804 2966 3931 3001 πει-

523 3032 633 3089 mel
668 3035 911 3106 potitus,
944 3047 1141 3087 amare
1172 3031 1414 3086 cessavi.

2307 3033 2413 3095 θεὶς
2464 3036 2531 3106 τῇ
2581 3037 2677 3087 τοῦ
2727 3030 3036 3103 διδάξαντος
3086 3032 3334 3112 ἀφθονίᾳ,
3389 3034 3479 3089 καὶ
3540 3036 3676 3106 ἅπαξ
3743 3034 3931 3091 έπιτυ-

2274 3122 2415 3197 χὼν,
2447 3119 2762 3195 ἐπαυσάμην
2792 3125 2890 3176 τοῦ
2922 3118 3145 3196 ἔρωτος.

590 3216 683 3274 IV.
716 3217 875 3273 Unde
905 3216 954 3272 si
985 3219 1042 3272 et
1070 3219 1135 3271 tu
1164 3214 1279 3272 tale
1317 3214 1457 3287 quid
1490 3214 1796 3271 hominum
1828 3231 1988 3271 more
2010 3218 2165 3288 pate-

2346 3211 2436 3265 IV.
2471 3214 2648 3281 Ὅθεν,
2682 3210 2727 3266 εἰ
2776 3210 2864 3265 καὶ
2903 3210 2966 3265 σὺ
3011 3210 3263 3267 τοιοῦτόν
3311 3232 3363 3266 τι
3413 3212 3685 3276 πέπονθας
3724 3211 3934 3289 ἀνθρω·

517 3305 620 3372 ris,
650 3304 794 3360 mihi
822 3305 1079 3361 conlisus
1110 3305 1333 3377 depone
1362 3321 1553 3361 curas.
1580 3305 1737 3361 Intra
1757 3304 1912 3361 enim
1936 3310 2141 3378 septcn

2306 3298 2459 3371 τίνως,
2515 3299 2781 3375 θάρσησον
2837 3302 2972 3372 ἡμῖν
3040 3300 3176 3376 πρὸς
3250 3299 3313 3356 τὸ
3390 3301 3711 3377 ἀμέριμνον·
3772 3301 3930 3366 ἐντὸς

517 3394 642 3449 dies
672 3394 911 3450 omnino
944 3398 1000 3450 te
1031 3392 1296 3450 mulieris
1326 3395 1537 3450 faciam
1561 3399 1909 3467 compotem.
1932 3394 2034 3450 His
2057 3411 2141 3467 egi

2301 3388 2369 3462 ’ἀρ
2400 3390 2622 3464 ἡμερῶν
2655 3389 2788 3443 ἔπτὰ
2816 3388 3032 3452 πάντως
3063 3389 3231 3459 αὐτῆς
3265 3389 3541 3465 ἐπιτυχεῖν
3582 3412 3640 3446 σε
3680 3393 3925 3461 ποιήσω.

518 3482 756 3554 auditis,
791 3499 986 3538 meum
1019 3483 1333 3555 respiciens
1356 3484 1427 3539 ad
1459 3501 1726 3556 scopum,
1749 3484 1839 3541 aio
1874 3502 1886 3540 :
1922 3489 2142 3556 Ignosci

2299 3481 2441 3532 ἀὔτα
2470 3476 2702 3540 ἀκούσας
2736 3477 2864 3554 ἐγὼ,
2901 3478 2977 3541 εἷς
3017 3478 3108 3533 τὸν
3163 3478 3291 3552 ἐμὸν
3339 3482 3383 3517 ⁸³
3434 3480 3632 3535 σκοπὸν
3679 3476 3923 3536 ἀποϐλέ-

520 3571 663 3627 mihi
698 3589 810 3628 non
834 3572 1069 3643 penitus
1090 3572 1347 3628 credenti
1371 3573 1622 3644 magiam
1654 3580 1908 3629 exstare:
1947 3573 2144 3629 multo:

2300 3589 2409 3638 των,
2464 3563 2619 3645 ἔφην·
2672 3566 2953 3644 Σύγγνωθί
3004 3588 3097 3641 μοι
3148 3569 3224 3641 μή
3277 3569 3415 3623 πάνυ
3463 3568 3767 3624 πιστεύοντι
3815 3591 3924 3643 μα-

517 3662 737 3734 quippe
758 3662 885 3731 jam
917 3666 1188 3734 expertus
1208 3679 1362 3733 sum,
1388 3661 1575 3718 multa
1598 3662 1886 3735 pollicitos
1909 3680 1973 3719 ac
1998 3680 2141 3719 men

2306 3655 2413 3712 είαν
2479 3657 2780 3735 ὑφεστάναισ
2833 3654 3056 3712 πολλῶν
3122 3658 3225 3733 γάρ
3275 3655 3460 3713 πολλᾶ
3517 3657 3927 3734 ἐπαγγελλομέ-

516 3750 675 3806 titos.
708 3752 977 3806 Attamen
1010 3756 1201 3806 movet
1232 3768 1324 3807 me
1355 3768 1420 3806 ac
1450 3750 1508 3805 in
1544 3769 1708 3823 spem
1741 3753 1979 3808 adducit
2025 3770 2140 3824 pro-

2303 3769 2373 3801 ων
2406 3747 2494 3801 καὶ
2546 3744 2984 3820 διαψευσαμένων
3030 3744 3138 3816 ἤδη
3189 3746 3544 3823 πεπείραμαι.
3580 3746 3732 3816 Πλὴν
3795 3744 3924 3803 δυσ-

517 3839 721 3895 missio
753 3844 874 3896 tua.
907 3839 1123 3896 Vereor
1172 3845 1390 3912 autem,
1420 3840 1562 3896 dum
1614 3842 1824 3914 cogito,
1862 3842 2007 3898 forte
2040 3841 2141 3896 de:-

2297 3840 2408 3890 ›πεῖ
2436 3838 2480 3871 ⁵⁸
2513 3840 2579 3908 μέ
2632 3835 2722 3889 καὶ
2782 3835 2855 3898 εἷς
2914 3832 3139 3898 ἐλπίδας
3200 3836 3319 3911 ἄγει
3377 3837 3412 3905 ἡ
3476 3837 3541 3905 σὴ
3601 3836 3921 3912 ὑπόσχεσις.

514 3944 717 3985 mones
749 3929 1045 3985 interdum
1076 3928 1264 4002 magis
1296 3930 1367 3985 ad
1409 3930 1687 3987 mandata
1734 3948 1849 3987 non
1900 3930 2135 3987 obedire

2299 3921 2493 3979 ιέδοικα
2551 3921 2607 3979 δὲ
2660 3923 3077 3997 ἐνθυμούμενος,
3114 3925 3189 3997 μὴ
3250 3925 3351 3997 ἄρα
3401 3925 3453 3979 οἱ
3506 3921 3755 3997 δαίμονες
3801 3931 3923 3989 τοῖς

2271 4012 2461 4090 μάγοις
2495 4013 2665 4069 ἐνίοτε
2692 4013 2829 4090 πρὸς
2857 4012 2923 4067 τὰ
2950 4010 3285 4086 κελευόμενα
3315 4012 3423 4089 ούχ
3456 4012 3787 4071 ὑπείκουσιν.

580 4106 647 4161 ν.
676 4107 996 4180 Respondit
1022 4107 1248 4179 Appion
1275 4125 1288 4163 :
1323 4106 1461 4161 Mihi
1492 4107 1765 4176 concede,
1794 4112 1857 4162 ut
1878 4107 1999 4163 hac
2022 4107 2157 4180 plus

2336 4105 2402 4160 V.
2438 4104 2539 4161 Καὶ
2595 4102 2892 4160 δἈππίων
2948 4100 3071 4180 ἔφη·
3131 4107 3305 4157 Ταῦτα
3363 4101 3486 4175 ἐμοί
3544 4124 3640 4157 σου
3700 4101 3917 4177 μᾶλλον

510 4214 685 4269 quam
715 4202 779 4252 tu
811 4213 1180 4269 cognoscam.
1214 4196 1297 4252 Ne
1342 4201 1536 4252 tamen
1592 4196 1737 4252 nihil
1786 4197 2037 4253 videaris
2086 4215 2134 4254 e1

2294 4193 2533 4269 λυγχώρεο
2570 4189 2787 4249 εἶ’δέναι.
2820 4194 2967 4249 137
3019 4191 3171 4261 Πλὴν
3212 4188 3303 4245 ἵνα
3354 4192 3430 4265 μή
3482 4189 3669 4266 δοκῇς,
3701 4193 3838 4269 πρὸς
3889 4192 3918 4248 ὃ

510 4302 602 4341 me
623 4286 917 4342 audivisse
946 4286 1017 4344 de
1049 4302 1116 4341 eo
1139 4286 1293 4357 quod
1320 4285 1541 4353 dixisti,
1568 4286 1751 4355 disce,
1782 4303 1899 4358 qua
1930 4287 2134 4342 rationi

2292 4304 2416 4360 φης,
2455 4279 2622 4355 μηδὲν
2674 4281 2961 4352 ἀκηκοέναι
3014 4282 3139 4357 παρ’
3191 4279 3348 4354 ἐμοῦ,
3396 4280 3529 4354 μάθε.
3576 4286 3690 4344 πῶς
3742 4281 3913 4359 ἀνάγ-

508 4378 791 4447 cogantur
820 4375 1112 4431 daemones
1163 4375 1404 4447 obsequi
1460 4375 1752 4430 mandatis
1801 4391 2105 4446 magorum

2290 4394 2361 4442 ,ην
2411 4369 2627 4447 ἔχουσιν
2674 4371 2725 4425 οἱ
2779 4368 3028 4444 δαίμονες
3075 4375 3190 4432 τοῖς
3239 4370 3436 4445 μάγοις
3498 4370 3729 4425 ὑπείκειν
3786 4372 3914 4447 περῖ

454 4474 459 4493 "
506 4481 639 4519 nam
672 4464 825 4520 sicut
857 4463 979 4519 fieri
1016 4480 1128 4519 non
1162 4468 1371 4535 potest,
1406 4468 1471 4518 ut
1520 4462 1688 4519 miles
1735 4463 1870 4519 duci
1920 4469 2078 4519 contr

2285 4463 2332 4515 ὃν
2390 4460 2723 4516 κελεύονται*
2787 4460 2862 4523 ὡς
2917 4461 3021 4536 γὰρ
3079 4457 3341 4514 ἀδύνατόν
3400 4458 3511 4514 ἐστι
3569 4460 3909 4536 στρατιώτην

502 4552 676 4621 dicat,
709 4557 766 4609 et
796 4552 949 4609 sicut
986 4551 1098 4624 ipsi
1131 4552 1311 4609 duces
1355 4569 1469 4608 non
1516 4557 1765 4623 possunt
1813 4552 2126 4624 imperator

2285 4555 2523 4605 ιντειπεῖν
2572 4554 2651 4622 τῷ
2699 4547 3010 4626 ἡγουμένῳ,
3039 4547 3228 4610 αὐτοῖς
3284 4569 3343 4603 τε
3399 4554 3517 4612 τοῖς
3572 4550 3909 4625 ἡγουμένοις

504 4659 619 4697 non
650 4643 1052 4713 obtemperare
1083 4641 1155 4712 (si
1188 4641 1320 4713 quis
1350 4640 1504 4696 enim
1532 4640 1861 4713 praepositis
1912 4642 2128 4697 rcsista‘

2283 4639 2365 4715 ὐχ
2396 4639 2507 4694 οἷόν
2536 4660 2594 4694 τε
2651 4642 2984 4711 παρακοῦσαι
3032 4637 3321 4714 βασιλέως
3357 4637 3426 4712 (εἰ
3483 4640 3587 4713 γάρ
3627 4660 3709 4701 τις
3758 4639 3907 4696 ἀντε-

501 4730 741 4786 omnino
771 4747 973 4802 poenas
1005 4729 1232 4802 solvet),
1258 4730 1339 4784 ita
1371 4730 1490 4784 ﬁeri
1518 4730 1741 4801 nequit,
1767 4735 1833 4785 ut
1853 4730 2125 4785 daemone:

2283 4734 2343 4784 ›εῖ
2392 4734 2509 4791 τοῖς
2571 4727 2942 4806 ἐφεστηκόσιν,
2988 4748 3202 4789 παντως
3273 4727 3544 4803 τιμωρίας
3619 4728 3907 4803 ἀξιοῦται’)

500 4818 724 4891 angelis
777 4818 1027 4874 ducibus
1070 4819 1194 4874 suis
1246 4835 1360 4873 non
1408 4818 1815 4885 subserviant;
1867 4836 1968 4890 per
1997 4837 2124 4891 quo:

2288 4817 2429 4881 ὕτως
2476 4814 2732 4872 ἀδύνατόν
2786 4816 2894 4873 ἐστι
2940 4815 3067 4879 τοὺς
3121 4813 3381 4889 δαίμονας
3431 4816 3507 4889 μή
3544 4815 3827 4893 ὑπουργεῖν
3862 4820 3907 4855 ⁸⁸

497 4907 749 4979 adjurati
781 4908 997 4962 cedunt
1026 4910 1364 4974 trementes,
1391 4911 1455 4961 ut
1483 4906 1581 4978 qui
1614 4907 1757 4962 bene
1790 4908 2053 4963 noverint
2082 4926 2121 4964 St

2288 4913 2369 4970 οῖς
2420 4906 2591 4962 αὐτῶν
2633 4905 2956 4982 ἡγουμένοις
3006 4903 3284 4981 ἀγγέλοις,
3332 4905 3451 4968 καθ’
3501 4906 3573 4959 ὧν
3621 4905 3904 4981 ὁρκιζόμε-

495 5013 610 5053 non
644 4997 953 5053 obsecutos
983 4995 1223 5054 omnino
1254 4996 1469 5069 puniri.
1502 4996 1620 5068 Ipsi
1663 5012 1896 5068 quoque
1928 4997 2116 5070 angeli

2275 5017 2335 5051 ὀι
2385 4995 2690 5074 φρίττοντες
2740 4993 2998 5067 εἶ’κουσιν,
3052 4994 3109 5049 εὗ
3159 4991 3359 5056 εἰδότες
3427 4993 3509 5048 ὅτι
3575 4993 3899 5065 ἀπειθήσαν-

1835 5175 2075 5231 VARI/ﬁ
2127 5175 2534 5233 LECTIONES.

553 5301 599 5377 f3
646 5306 705 5377 D_
746 5300 855 5374 legi
882 5300 1045 5377 __vult_
1082 5299 1281 5375 ἀγνοῶ.
1316 5304 1399 5377 At
1441 5299 1626 5377 oratio
1664 5304 1765 5377 _est
1804 5298 2214 5377 ﬁvpxélouﬁoc,
2248 5318 2381 5377 cum
2413 5297 2859 5377 V8_l_‘b9_7tp‘0't:8(bv
2892 5308 3227 5377 resumatur
3258 5303 3633 5377 participium
3664 5300 3893 5377 ἀγνοῶν.

480 5370 751 5451 Alioquin
784 5344 1160 5451 scribendum.
1190 5374 1344 5427 esset
1368 5367 1634 5451 ᾑγνρόουνἒ
1661 5370 1718 5425 S.
1799 5372 1853 5451 ὀξ
1874 5344 2299 5451 ἀναγεγραᾷέναι
2333 5373 2393 5428 C.
2544 5344 2699 5451 Ejegi
2740 5390 2788 5428 c.
2827 5378 2895 5451 ρ,
2928 5372 3093 5451 αὑτὴν
3152 5344 3293 5451 99ξῖ
3331 5344 3894 5451 φιλοιὲάθειανύτυςη

480 5419 839 5517 προσίέμενον
904 5446 965 5509 ι),
1000 5441 1325 5517 προσέμενεν
1360 5419 1515 5498 C'.IO.
1592 5438 1936 5514 ⁴⁶προειδώς
1989 5419 2202 5517 scripsi
2260 5462 2328 5499 ex
2385 5419 2653 5515 conject,
2687 5419 2928 5518 προϊδιύν
2959 5447 3019 5515 C,
3053 5419 3297 5520 προῗδώς
3335 5419 3420 5501 ΤΟ.
3471 5419 3631 5502 ’ῖΓυω
3688 5450 3767 5517 τῷ
3823 5449 3888 5530 Ο,

483 5530 533 5568 c.
568 5513 636 5568 D.
666 5517 763 5567 τοῦ
793 5519 851 5568 C.
931 5517 974 5550 ⁸⁷
1006 5516 1393 5568 ποοσποιητῶς
1426 5512 1486 5568 C.
1564 5513 2023 5568 ⁴⁸ποοσποιητῶς
2056 5521 2111 5568 C.
2190 5516 2235 5550 ‘9
2263 5514 2409 5568 κάτω
2469 5512 2638 5567 νεύειν
2667 5519 2724 5568 C.
2803 5516 2847 5552 ⁵ο
2882 5519 2962 5568 Ita
3013 5517 3078 5568 Ο.
3127 5524 3184 5568 et
3237 5536 3305 5568 ex
3363 5519 3607 5568 coniect.
3667 5516 3728 5568 C.
3788 5533 3888 5568 aui

483 5516 533 5569 c.
568 5516 636 5581 D,
666 5517 763 5567 τοῦ
793 5519 851 5568 C.
931 5517 974 5550 ⁸⁷
1006 5516 1051 5568 π
1085 5516 1393 5582 οσποιητῶς
1426 5516 1486 5569 C.
1564 5516 1608 5548 ⁸⁸
1636 5517 2023 5587 προσποιητῶς
2056 5516 2127 5571 Ο(
2190 5516 2235 5550 ⁴⁹
2263 5516 2409 5568 κάτω
2469 5516 2638 5567 νεύειν
2667 5516 2738 5569 (3.⁷
2803 5516 2847 5552 ⁵ο
2881 5519 2962 5572 Ita
3013 5516 3184 5584 O,'et
3237 5536 3305 5573 ex
3363 5519 3607 5589 conject.
3667 5516 3728 5581 C,
3788 5516 3888 5587 qui

483 5582 711 5659 épc‘bv_in
743 5590 923 5659 textu.
947 5534 1102 5659 Νὺξ.
1136 5586 1288 5643 Nihil
1318 5587 1381 5659 in
1412 5587 1912 5659 vita‘est-unquam
1942 5603 2033 5659 spe
2060 5588 2313 5659 (rabiam),
2336 5586 2715 5659 Cotelerianae_
2754 5588 3004 5643 versioni
3068 5588 3315 5656 reddidi,
3350 5606 3483 5644 cum
3538 5587 3889 5659 excidissent

483 5653 577 5743 ap.
699 5657 790 5743 ﬂ“
813 5656 906 5743 rl‘ta
936 5656 1085 5743 Onin‘
1101 5674 1327 5740 marg.,_
1342 5653 1589 5743 ἥμιν
1624 5653 1803 5743 textu”.
1840 5653 1997 5743 idem
2056 5653 2507 5734 ἀξιολογώτατος.
2585 5658 2629 5693 ⁵²
2660 5655 2850 5729 αὐτήν,
2883 5659 2921 5715 S
2953 5660 3137 5717 invita
3193 5653 3600 5736 grammatica.
3678 5660 3721 5697 ⁸⁸
3752 5657 3886 5734 ἐμοῦ

483 5725 545 5788 αξ
622 5727 667 5763 ⁸⁸
698 5725 783 5786 Ita
811 5726 855 5785 Ο
882 5744 933 5785 c.
966 5729 1026 5803 S,
1057 5725 1327 5784 δουσωπεῖ
1355 5725 1417 5785 α.
1494 5728 1538 5763 ⁸⁸
1570 5726 1821 5806 ὑποργεῖν
1854 5729 1919 5786 Ο.
