  <div class='ocr_page' id='page_1' title='image "/cluster/home/n/w/nwhite01/storage/ocr_20150623/2/hvd.32044073501421/098.png"; bbox 0 0 4114 6338; ppageno 0'>
   <div class='ocr_carea' id='block_1_1' title="bbox 196 481 311 540">
    <p class='ocr_par' dir='ltr' id='par_1_1' title="bbox 196 481 311 540">
     <span class='ocr_line' id='line_1_1' title="bbox 196 481 311 540; baseline 0 0"><span class='ocrx_word' id='word_1_1' title='bbox 196 481 311 540; x_wconf 75' lang='grc'>1⁵17</span> 
     </span>
    </p>
   </div>
   <div class='ocr_carea' id='block_1_2' title="bbox 1350 478 2473 542">
    <p class='ocr_par' dir='ltr' id='par_1_2' title="bbox 1350 478 2473 542">
     <span class='ocr_line' id='line_1_2' title="bbox 1350 478 2473 542; baseline 0.001 -1"><span class='ocrx_word' id='word_1_2' title='bbox 1350 479 1882 541; x_wconf 82' lang='lat' dir='ltr'>CLEMENTINA.</span> <span class='ocrx_word' id='word_1_3' title='bbox 1918 511 1992 523; x_wconf 89' lang='lat'><strong><em>—</em></strong></span> <span class='ocrx_word' id='word_1_4' title='bbox 2024 478 2357 542; x_wconf 80' lang='lat' dir='ltr'>HOMILlA</span> <span class='ocrx_word' id='word_1_5' title='bbox 2400 480 2473 542; x_wconf 76' lang='grc' dir='ltr'>ν.</span> 
     </span>
    </p>
   </div>
   <div class='ocr_carea' id='block_1_3' title="bbox 3501 478 3613 541">
    <p class='ocr_par' dir='ltr' id='par_1_3' title="bbox 3501 478 3613 541">
     <span class='ocr_line' id='line_1_3' title="bbox 3501 478 3613 541; baseline 0.036 -4"><span class='ocrx_word' id='word_1_6' title='bbox 3501 478 3613 541; x_wconf 83' lang='lat' dir='ltr'>I78</span> 
     </span>
    </p>
   </div>
   <div class='ocr_carea' id='block_1_4' title="bbox 192 608 1844 686">
    <p class='ocr_par' dir='ltr' id='par_1_4' title="bbox 192 608 1844 684">
     <span class='ocr_line' id='line_1_4' title="bbox 192 608 1844 684; baseline -0.001 -18"><span class='ocrx_word' id='word_1_7' title='bbox 192 633 276 674; x_wconf 84' lang='grc' dir='ltr'>τες</span> <span class='ocrx_word' id='word_1_8' title='bbox 305 614 352 649; x_wconf 77' lang='grc'>⁸⁵</span> <span class='ocrx_word' id='word_1_9' title='bbox 378 612 598 674; x_wconf 81' lang='grc' dir='ltr'>πάντως</span> <span class='ocrx_word' id='word_1_10' title='bbox 645 611 992 680; x_wconf 66' lang='grc' dir='ltr'>κολάζονται.</span> <span class='ocrx_word' id='word_1_11' title='bbox 1039 609 1214 667; x_wconf 85' lang='grc' dir='ltr'>Ἀλλᾶ</span> <span class='ocrx_word' id='word_1_12' title='bbox 1256 610 1346 665; x_wconf 80' lang='grc' dir='ltr'>καὶ</span> <span class='ocrx_word' id='word_1_13' title='bbox 1397 608 1551 665; x_wconf 77' lang='grc' dir='ltr'>αὐτοὶ</span> <span class='ocrx_word' id='word_1_14' title='bbox 1601 610 1654 664; x_wconf 73' lang='grc' dir='ltr'>οἱ</span> <span class='ocrx_word' id='word_1_15' title='bbox 1685 610 1844 684; x_wconf 80' lang='grc' dir='ltr'>ἅγγε-</span> 
     </span>
    </p>
   </div>
   <div class='ocr_carea' id='block_1_5' title="bbox 1961 608 3612 686">
    <p class='ocr_par' dir='ltr' id='par_1_5' title="bbox 1963 610 3612 686">
     <span class='ocr_line' id='line_1_5' title="bbox 1963 610 3612 686; baseline 0.002 -20"><span class='ocrx_word' id='word_1_16' title='bbox 1963 627 2082 683; x_wconf 90' lang='lat' dir='ltr'>per.</span> <span class='ocrx_word' id='word_1_17' title='bbox 2119 616 2298 668; x_wconf 90' lang='lat' dir='ltr'>Deum</span> <span class='ocrx_word' id='word_1_18' title='bbox 2331 613 2403 669; x_wconf 91' lang='lat' dir='ltr'>ab</span> <span class='ocrx_word' id='word_1_19' title='bbox 2434 613 2622 686; x_wconf 89' lang='lat' dir='ltr'>magis</span> <span class='ocrx_word' id='word_1_20' title='bbox 2655 611 2930 684; x_wconf 89' lang='lat' dir='ltr'>adjurati,</span> <span class='ocrx_word' id='word_1_21' title='bbox 2954 611 3254 680; x_wconf 89' lang='lat' dir='ltr'>obediunt,</span> <span class='ocrx_word' id='word_1_22' title='bbox 3287 628 3358 668; x_wconf 91' lang='lat' dir='ltr'>ne</span> <span class='ocrx_word' id='word_1_23' title='bbox 3384 610 3612 669; x_wconf 88' lang='lat' dir='ltr'>inobse-</span> 
     </span>
    </p>
   </div>
   <div class='ocr_carea' id='block_1_6' title="bbox 191 697 1848 775">
    <p class='ocr_par' dir='ltr' id='par_1_6' title="bbox 191 697 1848 775">
     <span class='ocr_line' id='line_1_6' title="bbox 191 697 1848 775; baseline -0.003 -18"><span class='ocrx_word' id='word_1_24' title='bbox 191 699 307 766; x_wconf 79' lang='grc' dir='ltr'>λοι,</span> <span class='ocrx_word' id='word_1_25' title='bbox 349 701 492 756; x_wconf 59' lang='grc' dir='ltr'>κατᾶ</span> <span class='ocrx_word' id='word_1_26' title='bbox 544 704 644 755; x_wconf 75' lang='grc' dir='ltr'>τοῦ</span> <span class='ocrx_word' id='word_1_27' title='bbox 703 699 1013 773; x_wconf 79' lang='grc' dir='ltr'>κρείττονος</span> <span class='ocrx_word' id='word_1_28' title='bbox 1074 700 1175 754; x_wconf 87' lang='grc' dir='ltr'>ὑπὸ</span> <span class='ocrx_word' id='word_1_29' title='bbox 1235 701 1418 775; x_wconf 80' lang='grc' dir='ltr'>μάγων</span> <span class='ocrx_word' id='word_1_30' title='bbox 1481 697 1848 774; x_wconf 78' lang='grc' dir='ltr'>ὀρκιζόμενοι,</span> 
     </span>
    </p>
   </div>
   <div class='ocr_carea' id='block_1_7' title="bbox 193 787 1847 865">
    <p class='ocr_par' dir='ltr' id='par_1_7' title="bbox 193 787 1847 865">
     <span class='ocr_line' id='line_1_7' title="bbox 193 787 1847 865; baseline -0.002 -19"><span class='ocrx_word' id='word_1_31' title='bbox 193 790 532 856; x_wconf 78' lang='grc' dir='ltr'>ὑπεὶκουσιν,</span> <span class='ocrx_word' id='word_1_32' title='bbox 597 791 800 862; x_wconf 78' lang='grc' dir='ltr'>μήπως</span> <span class='ocrx_word' id='word_1_33' title='bbox 860 788 1130 851; x_wconf 78' lang='grc' dir='ltr'>ἀπειθείας</span> <span class='ocrx_word' id='word_1_34' title='bbox 1184 790 1456 865; x_wconf 88' lang='grc' dir='ltr'>κριθέντες</span> <span class='ocrx_word' id='word_1_35' title='bbox 1514 787 1847 843; x_wconf 85' lang='grc' dir='ltr'>ἀπόλωνται.</span> 
     </span>
    </p>
   </div>
   <div class='ocr_carea' id='block_1_8' title="bbox 195 875 1850 956">
    <p class='ocr_par' dir='ltr' id='par_1_8' title="bbox 195 875 1850 956">
     <span class='ocr_line' id='line_1_8' title="bbox 195 875 1850 956; baseline -0.002 -21"><span class='ocrx_word' id='word_1_36' title='bbox 195 881 254 936; x_wconf 77' lang='lat' dir='ltr'>Ei</span> <span class='ocrx_word' id='word_1_37' title='bbox 290 881 398 956; x_wconf 72' lang='grc' dir='ltr'>γάρ</span> <span class='ocrx_word' id='word_1_38' title='bbox 433 883 514 952; x_wconf 80' lang='grc' dir='ltr'>μή</span> <span class='ocrx_word' id='word_1_39' title='bbox 540 878 717 934; x_wconf 84' lang='grc' dir='ltr'>πάντα</span> <span class='ocrx_word' id='word_1_40' title='bbox 748 875 972 954; x_wconf 80' lang='grc' dir='ltr'>ἔμψυχα</span> <span class='ocrx_word' id='word_1_41' title='bbox 1002 875 1129 934; x_wconf 79' lang='grc' dir='ltr'>ὄντα</span> <span class='ocrx_word' id='word_1_42' title='bbox 1171 879 1261 933; x_wconf 84' lang='grc' dir='ltr'>καὶ</span> <span class='ocrx_word' id='word_1_43' title='bbox 1311 877 1609 953; x_wconf 88' lang='grc' dir='ltr'>λογισμένα</span> <span class='ocrx_word' id='word_1_44' title='bbox 1638 877 1850 954; x_wconf 74' lang='grc' dir='ltr'>προεώο</span> 
     </span>
    </p>
   </div>
   <div class='ocr_carea' id='block_1_9' title="bbox 195 965 1846 1045">
    <p class='ocr_par' dir='ltr' id='par_1_9' title="bbox 195 965 1846 1045">
     <span class='ocr_line' id='line_1_9' title="bbox 195 965 1846 1045; baseline -0.004 -21"><span class='ocrx_word' id='word_1_45' title='bbox 195 991 261 1045; x_wconf 84' lang='grc' dir='ltr'>ρα</span> <span class='ocrx_word' id='word_1_46' title='bbox 287 971 391 1038; x_wconf 71' lang='grc' dir='ltr'>τήν</span> <span class='ocrx_word' id='word_1_47' title='bbox 418 969 482 1023; x_wconf 82' lang='grc' dir='ltr'>ἐκ</span> <span class='ocrx_word' id='word_1_48' title='bbox 512 973 610 1023; x_wconf 74' lang='grc' dir='ltr'>τοῦ</span> <span class='ocrx_word' id='word_1_49' title='bbox 641 966 949 1043; x_wconf 85' lang='grc' dir='ltr'>κρείττονος</span> <span class='ocrx_word' id='word_1_50' title='bbox 981 965 1158 1040; x_wconf 85' lang='grc' dir='ltr'>δίκην,</span> <span class='ocrx_word' id='word_1_51' title='bbox 1192 967 1455 1042; x_wconf 84' lang='grc' dir='ltr'>σύγχυσις</span> <span class='ocrx_word' id='word_1_52' title='bbox 1488 968 1546 1022; x_wconf 69' lang='grc' dir='ltr'>ἂν</span> <span class='ocrx_word' id='word_1_53' title='bbox 1595 965 1846 1042; x_wconf 77' lang='grc' dir='ltr'>ἐγεγόνει,</span> 
     </span>
    </p>
   </div>
   <div class='ocr_carea' id='block_1_10' title="bbox 191 1055 1421 1133">
    <p class='ocr_par' dir='ltr' id='par_1_10' title="bbox 191 1055 1421 1133">
     <span class='ocr_line' id='line_1_10' title="bbox 191 1055 1421 1133; baseline 0 -20"><span class='ocrx_word' id='word_1_54' title='bbox 191 1064 296 1113; x_wconf 80' lang='grc' dir='ltr'>τῶν</span> <span class='ocrx_word' id='word_1_55' title='bbox 330 1059 549 1113; x_wconf 83' lang='grc' dir='ltr'>πάντων</span> <span class='ocrx_word' id='word_1_56' title='bbox 585 1057 980 1126; x_wconf 82' lang='grc' dir='ltr'>στασιαζόντων</span> <span class='ocrx_word' id='word_1_57' title='bbox 1008 1058 1145 1133; x_wconf 89' lang='grc' dir='ltr'>πρὸς</span> <span class='ocrx_word' id='word_1_58' title='bbox 1177 1055 1421 1126; x_wconf 78' lang='grc' dir='ltr'>ἄλληλα.</span> 
     </span>
    </p>
   </div>
   <div class='ocr_carea' id='block_1_11' title="bbox 256 1142 1847 1224">
    <p class='ocr_par' dir='ltr' id='par_1_11' title="bbox 256 1142 1847 1224">
     <span class='ocr_line' id='line_1_11' title="bbox 256 1142 1847 1224; baseline -0.003 -22"><span class='ocrx_word' id='word_1_59' title='bbox 256 1150 360 1206; x_wconf 75' lang='lat' dir='ltr'>VI.</span> <span class='ocrx_word' id='word_1_60' title='bbox 394 1148 558 1223; x_wconf 78' lang='grc' dir='ltr'>Κάγὼ</span> <span class='ocrx_word' id='word_1_61' title='bbox 590 1144 744 1224; x_wconf 71' lang='grc' dir='ltr'>ἔφην·</span> <span class='ocrx_word' id='word_1_62' title='bbox 795 1145 998 1200; x_wconf 77' lang='grc' dir='ltr'>Ούκοῦν</span> <span class='ocrx_word' id='word_1_63' title='bbox 1051 1145 1227 1222; x_wconf 81' lang='grc' dir='ltr'>ὀρθῶς</span> <span class='ocrx_word' id='word_1_64' title='bbox 1272 1142 1387 1221; x_wconf 79' lang='grc' dir='ltr'>ἔχει</span> <span class='ocrx_word' id='word_1_65' title='bbox 1436 1145 1501 1200; x_wconf 70' lang='grc' dir='ltr'>τά</span> <span class='ocrx_word' id='word_1_66' title='bbox 1551 1145 1652 1201; x_wconf 83' lang='grc' dir='ltr'>ὑπὸ</span> <span class='ocrx_word' id='word_1_67' title='bbox 1683 1165 1847 1215; x_wconf 86' lang='grc' dir='ltr'>ποιη-</span> 
     </span>
    </p>
   </div>
   <div class='ocr_carea' id='block_1_12' title="bbox 189 1229 1850 1314">
    <p class='ocr_par' dir='ltr' id='par_1_12' title="bbox 189 1229 1850 1314">
     <span class='ocr_line' id='line_1_12' title="bbox 189 1229 1850 1314; baseline -0.003 -22"><span class='ocrx_word' id='word_1_68' title='bbox 189 1243 291 1292; x_wconf 78' lang='grc' dir='ltr'>τῶν</span> <span class='ocrx_word' id='word_1_69' title='bbox 342 1237 437 1291; x_wconf 77' lang='grc' dir='ltr'>καὶ</span> <span class='ocrx_word' id='word_1_70' title='bbox 496 1235 814 1314; x_wconf 70' lang='grc' dir='ltr'>φιλοσόφων</span> <span class='ocrx_word' id='word_1_71' title='bbox 863 1233 1131 1310; x_wconf 86' lang='grc' dir='ltr'>λεγόμενα</span> <span class='ocrx_word' id='word_1_72' title='bbox 1178 1237 1242 1306; x_wconf 74' lang='grc'>⁵⁷,</span> <span class='ocrx_word' id='word_1_73' title='bbox 1276 1235 1351 1296; x_wconf 79' lang='grc' dir='ltr'>ὡς</span> <span class='ocrx_word' id='word_1_74' title='bbox 1391 1234 1442 1288; x_wconf 85' lang='grc' dir='ltr'>έν</span> <span class='ocrx_word' id='word_1_75' title='bbox 1493 1229 1624 1305; x_wconf 72' lang='grc' dir='ltr'>ᾅδου</span> <span class='ocrx_word' id='word_1_76' title='bbox 1655 1234 1709 1287; x_wconf 75' lang='grc' dir='ltr'>αἱ</span> <span class='ocrx_word' id='word_1_77' title='bbox 1754 1236 1850 1307; x_wconf 81' lang='grc' dir='ltr'>ψυ-</span> 
     </span>
    </p>
   </div>
   <div class='ocr_carea' id='block_1_13' title="bbox 189 1321 1848 1405">
    <p class='ocr_par' dir='ltr' id='par_1_13' title="bbox 189 1321 1848 1405">
     <span class='ocr_line' id='line_1_13' title="bbox 189 1321 1848 1405; baseline -0.003 -23"><span class='ocrx_word' id='word_1_78' title='bbox 189 1327 284 1405; x_wconf 77' lang='grc' dir='ltr'>χαὶ</span> <span class='ocrx_word' id='word_1_79' title='bbox 311 1333 426 1382; x_wconf 83' lang='grc' dir='ltr'>τῶν</span> <span class='ocrx_word' id='word_1_80' title='bbox 481 1321 719 1394; x_wconf 76' lang='grc' dir='ltr'>ἀσεϐῶν,</span> <span class='ocrx_word' id='word_1_81' title='bbox 749 1330 1016 1402; x_wconf 84' lang='grc' dir='ltr'>κριθεῖσαι</span> <span class='ocrx_word' id='word_1_82' title='bbox 1063 1325 1137 1388; x_wconf 70' lang='grc' dir='ltr'>ἔθ’</span> <span class='ocrx_word' id='word_1_83' title='bbox 1187 1325 1269 1386; x_wconf 77' lang='grc' dir='ltr'>οἶς</span> <span class='ocrx_word' id='word_1_84' title='bbox 1316 1323 1648 1398; x_wconf 80' lang='grc' dir='ltr'>ἐτόλμησαν,</span> <span class='ocrx_word' id='word_1_85' title='bbox 1681 1323 1848 1379; x_wconf 89' lang='grc' dir='ltr'>κολά-</span> 
     </span>
    </p>
   </div>
   <div class='ocr_carea' id='block_1_14' title="bbox 193 1412 1849 1486">
    <p class='ocr_par' dir='ltr' id='par_1_14' title="bbox 193 1412 1849 1486">
     <span class='ocr_line' id='line_1_14' title="bbox 193 1412 1849 1486; baseline -0.001 -16"><span class='ocrx_word' id='word_1_86' title='bbox 193 1423 393 1486; x_wconf 78' lang='grc' dir='ltr'>ζονται,</span> <span class='ocrx_word' id='word_1_87' title='bbox 457 1415 573 1470; x_wconf 68' lang='grc' dir='ltr'>οἷον</span> <span class='ocrx_word' id='word_1_88' title='bbox 632 1414 858 1485; x_wconf 78' lang='grc' dir='ltr'>Ἰξίονος</span> <span class='ocrx_word' id='word_1_89' title='bbox 914 1415 1002 1469; x_wconf 77' lang='grc' dir='ltr'>καὶ</span> <span class='ocrx_word' id='word_1_90' title='bbox 1056 1412 1329 1469; x_wconf 84' lang='grc' dir='ltr'>Ταντάλου</span> <span class='ocrx_word' id='word_1_91' title='bbox 1393 1418 1588 1468; x_wconf 76' lang='grc' dir='ltr'>Τιτυοῦ</span> <span class='ocrx_word' id='word_1_92' title='bbox 1643 1435 1702 1468; x_wconf 88' lang='grc' dir='ltr'>τε</span> <span class='ocrx_word' id='word_1_93' title='bbox 1758 1413 1849 1468; x_wconf 84' lang='grc' dir='ltr'>καὶ</span> 
     </span>
    </p>
   </div>
   <div class='ocr_carea' id='block_1_15' title="bbox 192 1501 1850 1584">
    <p class='ocr_par' dir='ltr' id='par_1_15' title="bbox 192 1501 1850 1584">
     <span class='ocr_line' id='line_1_15' title="bbox 192 1501 1850 1584; baseline -0.002 -23"><span class='ocrx_word' id='word_1_94' title='bbox 192 1506 432 1584; x_wconf 67' lang='grc' dir='ltr'>Σισύφου</span> <span class='ocrx_word' id='word_1_95' title='bbox 485 1505 576 1559; x_wconf 81' lang='grc' dir='ltr'>καὶ</span> <span class='ocrx_word' id='word_1_96' title='bbox 631 1509 739 1560; x_wconf 90' lang='grc' dir='ltr'>τῶν</span> <span class='ocrx_word' id='word_1_97' title='bbox 800 1509 1001 1559; x_wconf 80' lang='grc' dir='ltr'>Δαναοῦ</span> <span class='ocrx_word' id='word_1_98' title='bbox 1058 1503 1367 1580; x_wconf 72' lang='grc' dir='ltr'>θυγατέρων</span> <span class='ocrx_word' id='word_1_99' title='bbox 1421 1502 1510 1557; x_wconf 77' lang='grc' dir='ltr'>καὶ</span> <span class='ocrx_word' id='word_1_100' title='bbox 1569 1501 1685 1557; x_wconf 74' lang='grc' dir='ltr'>ὅσοι</span> <span class='ocrx_word' id='word_1_101' title='bbox 1717 1504 1850 1558; x_wconf 75' lang='grc' dir='ltr'>ποτὶ</span> 
     </span>
    </p>
   </div>
   <div class='ocr_carea' id='block_1_16' title="bbox 190 1588 1847 1669">
    <p class='ocr_par' dir='ltr' id='par_1_16' title="bbox 190 1588 1847 1669">
     <span class='ocr_line' id='line_1_16' title="bbox 190 1588 1847 1669; baseline -0.002 -19"><span class='ocrx_word' id='word_1_102' title='bbox 190 1594 352 1650; x_wconf 58' lang='lat' dir='ltr'>illo:</span> <span class='ocrx_word' id='word_1_103' title='bbox 404 1594 635 1658; x_wconf 73' lang='grc' dir='ltr'>ἐνταῦθα</span> <span class='ocrx_word' id='word_1_104' title='bbox 683 1588 956 1665; x_wconf 74' lang='grc' dir='ltr'>ἠσέϐησαν</span> <span class='ocrx_word' id='word_1_105' title='bbox 993 1613 1006 1663; x_wconf 89' lang='grc'>;</span> <span class='ocrx_word' id='word_1_106' title='bbox 1041 1593 1139 1648; x_wconf 85' lang='grc' dir='ltr'>Καὶ</span> <span class='ocrx_word' id='word_1_107' title='bbox 1183 1597 1322 1655; x_wconf 88' lang='grc' dir='ltr'>πῶς.</span> <span class='ocrx_word' id='word_1_108' title='bbox 1358 1590 1465 1669; x_wconf 52' lang='grc' dir='ltr'>εἴγε</span> <span class='ocrx_word' id='word_1_109' title='bbox 1494 1593 1643 1647; x_wconf 77' lang='grc' dir='ltr'>ταῦθ’</span> <span class='ocrx_word' id='word_1_110' title='bbox 1676 1592 1847 1655; x_wconf 78' lang='grc' dir='ltr'>οὕτως</span> 
     </span>
    </p>
   </div>
   <div class='ocr_carea' id='block_1_17' title="bbox 192 1678 1848 1760">
    <p class='ocr_par' dir='ltr' id='par_1_17' title="bbox 192 1678 1848 1760">
     <span class='ocr_line' id='line_1_17' title="bbox 192 1678 1848 1760; baseline -0.002 -21"><span class='ocrx_word' id='word_1_111' title='bbox 192 1688 264 1760; x_wconf 66' lang='grc' dir='ltr'>μή</span> <span class='ocrx_word' id='word_1_112' title='bbox 297 1682 405 1760; x_wconf 80' lang='grc' dir='ltr'>ἔχῃ</span> <span class='ocrx_word' id='word_1_113' title='bbox 437 1686 580 1755; x_wconf 66' lang='lat'>&quot;-59,</span> <span class='ocrx_word' id='word_1_114' title='bbox 617 1679 839 1738; x_wconf 84' lang='grc' dir='ltr'>δυνατὸν</span> <span class='ocrx_word' id='word_1_115' title='bbox 891 1683 950 1737; x_wconf 77' lang='grc' dir='ltr'>ἃν</span> <span class='ocrx_word' id='word_1_116' title='bbox 1005 1682 1227 1758; x_wconf 77' lang='grc' dir='ltr'>μαγείαν</span> <span class='ocrx_word' id='word_1_117' title='bbox 1279 1681 1559 1758; x_wconf 69' lang='grc' dir='ltr'>ὑφεστάναι</span> <span class='ocrx_word' id='word_1_118' title='bbox 1595 1700 1609 1750; x_wconf 87' lang='grc'>;</span> <span class='ocrx_word' id='word_1_119' title='bbox 1639 1685 1743 1735; x_wconf 74' lang='grc' dir='ltr'>Τοῦ</span> <span class='ocrx_word' id='word_1_120' title='bbox 1792 1678 1848 1735; x_wconf 73' lang='grc' dir='ltr'>δὲ</span> 
     </span>
    </p>
   </div>
   <div class='ocr_carea' id='block_1_18' title="bbox 189 1764 1852 1847">
    <p class='ocr_par' dir='ltr' id='par_1_18' title="bbox 189 1764 1852 1847">
     <span class='ocr_line' id='line_1_18' title="bbox 189 1764 1852 1847; baseline -0.002 -19"><span class='ocrx_word' id='word_1_121' title='bbox 189 1774 456 1841; x_wconf 73' lang='grc' dir='ltr'>εἰπόντος,</span> <span class='ocrx_word' id='word_1_122' title='bbox 493 1771 635 1827; x_wconf 68' lang='grc' dir='ltr'>οὕτω</span> <span class='ocrx_word' id='word_1_123' title='bbox 664 1772 730 1827; x_wconf 80' lang='grc' dir='ltr'>τὰ</span> <span class='ocrx_word' id='word_1_124' title='bbox 761 1771 814 1826; x_wconf 77' lang='grc' dir='ltr'>ἐν</span> <span class='ocrx_word' id='word_1_125' title='bbox 862 1767 994 1843; x_wconf 74' lang='grc' dir='ltr'>ᾅδου</span> <span class='ocrx_word' id='word_1_126' title='bbox 1035 1767 1206 1847; x_wconf 61' lang='grc' dir='ltr'>ἔχειν,</span> <span class='ocrx_word' id='word_1_127' title='bbox 1260 1770 1368 1846; x_wconf 84' lang='grc' dir='ltr'>ἐγὼ</span> <span class='ocrx_word' id='word_1_128' title='bbox 1417 1764 1718 1842; x_wconf 83' lang='grc' dir='ltr'>έπυθόμην’</span> <span class='ocrx_word' id='word_1_129' title='bbox 1753 1769 1852 1825; x_wconf 81' lang='grc' dir='ltr'>Διά</span> 
     </span>
    </p>
   </div>
   <div class='ocr_carea' id='block_1_19' title="bbox 187 1853 1847 1937">
    <p class='ocr_par' dir='ltr' id='par_1_19' title="bbox 187 1853 1847 1937">
     <span class='ocr_line' id='line_1_19' title="bbox 187 1853 1847 1937; baseline -0.004 -19"><span class='ocrx_word' id='word_1_130' title='bbox 187 1863 234 1918; x_wconf 82' lang='grc' dir='ltr'>τί</span> <span class='ocrx_word' id='word_1_131' title='bbox 289 1860 360 1930; x_wconf 73' lang='grc' dir='ltr'>δή</span> <span class='ocrx_word' id='word_1_132' title='bbox 417 1859 512 1917; x_wconf 78' lang='grc' dir='ltr'>καὶ</span> <span class='ocrx_word' id='word_1_133' title='bbox 570 1860 724 1916; x_wconf 80' lang='grc' dir='ltr'>αὐτοὶ</span> <span class='ocrx_word' id='word_1_134' title='bbox 787 1859 1035 1937; x_wconf 74' lang='grc' dir='ltr'>μαγεύειν</span> <span class='ocrx_word' id='word_1_135' title='bbox 1093 1862 1141 1896; x_wconf 76' lang='grc' dir='ltr'><strong>⁸ο</strong></span> <span class='ocrx_word' id='word_1_136' title='bbox 1197 1858 1259 1913; x_wconf 83' lang='grc' dir='ltr'>οὑ</span> <span class='ocrx_word' id='word_1_137' title='bbox 1329 1853 1703 1934; x_wconf 77' lang='grc' dir='ltr'>περοϐήμεθα,</span> <span class='ocrx_word' id='word_1_138' title='bbox 1761 1857 1847 1912; x_wconf 79' lang='grc' dir='ltr'>ἐπὶ</span> 
     </span>
    </p>
   </div>
   <div class='ocr_carea' id='block_1_20' title="bbox 191 1943 1927 2052">
    <p class='ocr_par' dir='ltr' id='par_1_20' title="bbox 191 1943 1927 2052">
     <span class='ocr_line' id='line_1_20' title="bbox 191 1943 1927 2052; baseline -0.003 -46"><span class='ocrx_word' id='word_1_139' title='bbox 191 1951 445 2028; x_wconf 80' lang='grc' dir='ltr'>μοιχείας</span> <span class='ocrx_word' id='word_1_140' title='bbox 477 1950 830 2022; x_wconf 68' lang='grc' dir='ltr'>πεπεισμένοι</span> <span class='ocrx_word' id='word_1_141' title='bbox 878 1950 974 2019; x_wconf 73' lang='grc' dir='ltr'>τὴν</span> <span class='ocrx_word' id='word_1_142' title='bbox 1031 1949 1084 2004; x_wconf 70' lang='grc' dir='ltr'>ἓν</span> <span class='ocrx_word' id='word_1_143' title='bbox 1130 1943 1262 2020; x_wconf 69' lang='grc' dir='ltr'>ᾅδου</span> <span class='ocrx_word' id='word_1_144' title='bbox 1308 1945 1465 2017; x_wconf 82' lang='grc' dir='ltr'>δίκην</span> <span class='ocrx_word' id='word_1_145' title='bbox 1497 1967 1510 2018; x_wconf 89' lang='grc'>;</span> <span class='ocrx_word' id='word_1_146' title='bbox 1549 1947 1774 2022; x_wconf 81' lang='grc' dir='ltr'>μοιχείᾳ</span> <span class='ocrx_word' id='word_1_147' title='bbox 1801 1949 1845 1984; x_wconf 80' lang='grc'>⁶¹</span> <span class='ocrx_word' id='word_1_148' title='bbox 1882 1987 1927 2052; x_wconf 80' lang='grc' dir='ltr'><strong><em>Β</em></strong></span> 
     </span>
    </p>
   </div>
   <div class='ocr_carea' id='block_1_21' title="bbox 187 2037 1846 2116">
    <p class='ocr_par' dir='ltr' id='par_1_21' title="bbox 187 2037 1846 2116">
     <span class='ocr_line' id='line_1_21' title="bbox 187 2037 1846 2116; baseline -0.004 -21"><span class='ocrx_word' id='word_1_149' title='bbox 187 2043 286 2116; x_wconf 72' lang='grc' dir='ltr'>γάρ</span> <span class='ocrx_word' id='word_1_150' title='bbox 325 2041 616 2115; x_wconf 81' lang='grc' dir='ltr'>βιάσασθαι</span> <span class='ocrx_word' id='word_1_151' title='bbox 642 2041 742 2109; x_wconf 79' lang='grc' dir='ltr'>τὴν</span> <span class='ocrx_word' id='word_1_152' title='bbox 798 2039 875 2108; x_wconf 77' lang='grc' dir='ltr'>μὴ</span> <span class='ocrx_word' id='word_1_153' title='bbox 935 2037 1194 2093; x_wconf 84' lang='grc' dir='ltr'>θέλουσαν</span> <span class='ocrx_word' id='word_1_154' title='bbox 1249 2037 1308 2092; x_wconf 83' lang='grc' dir='ltr'>ού</span> <span class='ocrx_word' id='word_1_155' title='bbox 1365 2037 1675 2110; x_wconf 84' lang='grc' dir='ltr'>συντίθεμαι</span> <span class='ocrx_word' id='word_1_156' title='bbox 1714 2038 1846 2091; x_wconf 80' lang='grc' dir='ltr'>εἶναι</span> 
     </span>
    </p>
   </div>
   <div class='ocr_carea' id='block_1_22' title="bbox 195 2124 1847 2202">
    <p class='ocr_par' dir='ltr' id='par_1_22' title="bbox 195 2124 1847 2202">
     <span class='ocr_line' id='line_1_22' title="bbox 195 2124 1847 2202; baseline -0.003 -17"><span class='ocrx_word' id='word_1_157' title='bbox 195 2128 427 2187; x_wconf 79' lang='grc' dir='ltr'>δίκαιον.</span> <span class='ocrx_word' id='word_1_158' title='bbox 559 2126 617 2184; x_wconf 78' lang='grc' dir='ltr'>δέ</span> <span class='ocrx_word' id='word_1_159' title='bbox 643 2150 726 2191; x_wconf 87' lang='grc' dir='ltr'>τις</span> <span class='ocrx_word' id='word_1_160' title='bbox 769 2126 938 2197; x_wconf 75' lang='grc' dir='ltr'>αὐτὴν</span> <span class='ocrx_word' id='word_1_161' title='bbox 984 2129 1135 2185; x_wconf 70' lang='grc'>138</span> <span class='ocrx_word' id='word_1_162' title='bbox 1186 2126 1389 2182; x_wconf 85' lang='grc' dir='ltr'>πείθειν</span> <span class='ocrx_word' id='word_1_163' title='bbox 1433 2124 1847 2202; x_wconf 79' lang='grc' dir='ltr'>ἐπαγγέλλεται,</span> 
     </span>
    </p>
   </div>
   <div class='ocr_carea' id='block_1_23' title="bbox 194 2214 1847 2296">
    <p class='ocr_par' dir='ltr' id='par_1_23' title="bbox 194 2214 1847 2296">
     <span class='ocr_line' id='line_1_23' title="bbox 194 2214 1847 2296; baseline -0.004 -22"><span class='ocrx_word' id='word_1_164' title='bbox 194 2221 327 2296; x_wconf 81' lang='grc' dir='ltr'>πρὸς</span> <span class='ocrx_word' id='word_1_165' title='bbox 354 2223 546 2288; x_wconf 75' lang='grc' dir='ltr'>τοῦτο,</span> <span class='ocrx_word' id='word_1_166' title='bbox 582 2219 718 2292; x_wconf 77' lang='grc' dir='ltr'>μετά</span> <span class='ocrx_word' id='word_1_167' title='bbox 761 2221 860 2272; x_wconf 76' lang='grc' dir='ltr'>τοῦ</span> <span class='ocrx_word' id='word_1_168' title='bbox 912 2215 1001 2272; x_wconf 83' lang='grc' dir='ltr'>καὶ</span> <span class='ocrx_word' id='word_1_169' title='bbox 1050 2216 1210 2292; x_wconf 88' lang='grc' dir='ltr'>χάριν</span> <span class='ocrx_word' id='word_1_170' title='bbox 1261 2214 1582 2291; x_wconf 76' lang='grc' dir='ltr'>ὁμολογεῖν,</span> <span class='ocrx_word' id='word_1_171' title='bbox 1615 2214 1847 2288; x_wconf 73' lang='grc' dir='ltr'>ἑτοίμως</span> 
     </span>
    </p>
   </div>
   <div class='ocr_carea' id='block_1_24' title="bbox 195 2307 334 2384">
    <p class='ocr_par' dir='ltr' id='par_1_24' title="bbox 195 2307 334 2384">
     <span class='ocr_line' id='line_1_24' title="bbox 195 2307 334 2384; baseline 0 -20"><span class='ocrx_word' id='word_1_172' title='bbox 195 2307 334 2384; x_wconf 77' lang='grc' dir='ltr'>ἔχω.</span> 
     </span>
    </p>
   </div>
   <div class='ocr_carea' id='block_1_25' title="bbox 258 2391 1845 2473">
    <p class='ocr_par' dir='ltr' id='par_1_25' title="bbox 258 2391 1845 2473">
     <span class='ocr_line' id='line_1_25' title="bbox 258 2391 1845 2473; baseline -0.003 -21"><span class='ocrx_word' id='word_1_173' title='bbox 258 2399 383 2455; x_wconf 81' lang='lat' dir='ltr'><strong>VII.</strong></span> <span class='ocrx_word' id='word_1_174' title='bbox 417 2397 522 2452; x_wconf 77' lang='grc' dir='ltr'>Καὶ</span> <span class='ocrx_word' id='word_1_175' title='bbox 557 2395 586 2451; x_wconf 90' lang='lat'>6</span> <span class='ocrx_word' id='word_1_176' title='bbox 616 2395 861 2454; x_wconf 85' lang='grc' dir='ltr'>Ἀππίων</span> <span class='ocrx_word' id='word_1_177' title='bbox 891 2393 1016 2473; x_wconf 74' lang='grc' dir='ltr'>ἔφη·</span> <span class='ocrx_word' id='word_1_178' title='bbox 1050 2393 1123 2449; x_wconf 81' lang='lat' dir='ltr'><em>O6</em></span> <span class='ocrx_word' id='word_1_179' title='bbox 1165 2391 1316 2450; x_wconf 85' lang='grc' dir='ltr'>δοκεῖ</span> <span class='ocrx_word' id='word_1_180' title='bbox 1357 2415 1440 2448; x_wconf 88' lang='grc' dir='ltr'>σοι</span> <span class='ocrx_word' id='word_1_181' title='bbox 1471 2394 1662 2449; x_wconf 80' lang='grc' dir='ltr'>ταῦτὸν</span> <span class='ocrx_word' id='word_1_182' title='bbox 1693 2393 1845 2467; x_wconf 79' lang='grc' dir='ltr'>εἶναι,</span> 
     </span>
    </p>
   </div>
   <div class='ocr_carea' id='block_1_26' title="bbox 194 2481 1844 2562">
    <p class='ocr_par' dir='ltr' id='par_1_26' title="bbox 194 2481 1844 2562">
     <span class='ocr_line' id='line_1_26' title="bbox 194 2481 1844 2562; baseline -0.004 -20"><span class='ocrx_word' id='word_1_183' title='bbox 194 2483 297 2542; x_wconf 65' lang='grc' dir='ltr'>εἴτε</span> <span class='ocrx_word' id='word_1_184' title='bbox 332 2486 536 2562; x_wconf 73' lang='grc' dir='ltr'>μαγεία</span> <span class='ocrx_word' id='word_1_185' title='bbox 587 2485 752 2555; x_wconf 75' lang='grc' dir='ltr'>αὐτῆς</span> <span class='ocrx_word' id='word_1_186' title='bbox 805 2483 1090 2560; x_wconf 80' lang='grc' dir='ltr'>ἐπιτύχοις</span> <span class='ocrx_word' id='word_1_187' title='bbox 1121 2485 1189 2551; x_wconf 75' lang='grc'>⁸³,</span> <span class='ocrx_word' id='word_1_188' title='bbox 1223 2481 1328 2538; x_wconf 70' lang='grc' dir='ltr'>εἴτε</span> <span class='ocrx_word' id='word_1_189' title='bbox 1371 2482 1558 2546; x_wconf 77' lang='grc' dir='ltr'>πείσας</span> <span class='ocrx_word' id='word_1_190' title='bbox 1608 2481 1799 2558; x_wconf 83' lang='grc' dir='ltr'>λόγοις</span> <span class='ocrx_word' id='word_1_191' title='bbox 1829 2502 1844 2552; x_wconf 86' lang='grc'><strong>;</strong></span> 
     </span>
    </p>
   </div>
   <div class='ocr_carea' id='block_1_27' title="bbox 192 2570 1845 2652">
    <p class='ocr_par' dir='ltr' id='par_1_27' title="bbox 192 2570 1845 2652">
     <span class='ocr_line' id='line_1_27' title="bbox 192 2570 1845 2652; baseline -0.004 -21"><span class='ocrx_word' id='word_1_192' title='bbox 192 2575 351 2651; x_wconf 72' lang='grc' dir='ltr'>Κάγὼ</span> <span class='ocrx_word' id='word_1_193' title='bbox 398 2575 556 2652; x_wconf 64' lang='grc' dir='ltr'>ἔφην’</span> <span class='ocrx_word' id='word_1_194' title='bbox 611 2575 685 2629; x_wconf 80' lang='lat' dir='ltr'><em>O6</em></span> <span class='ocrx_word' id='word_1_195' title='bbox 727 2573 947 2636; x_wconf 87' lang='grc' dir='ltr'>πάντως</span> <span class='ocrx_word' id='word_1_196' title='bbox 996 2573 1209 2646; x_wconf 76' lang='grc' dir='ltr'>ὅμοιον·</span> <span class='ocrx_word' id='word_1_197' title='bbox 1261 2570 1404 2628; x_wconf 80' lang='grc' dir='ltr'>πολὺ</span> <span class='ocrx_word' id='word_1_198' title='bbox 1452 2573 1554 2647; x_wconf 80' lang='grc' dir='ltr'>γάρ</span> <span class='ocrx_word' id='word_1_199' title='bbox 1609 2572 1845 2650; x_wconf 73' lang='grc' dir='ltr'>ἀφέστη-</span> 
     </span>
    </p>
   </div>
   <div class='ocr_carea' id='block_1_28' title="bbox 191 2660 1848 2739">
    <p class='ocr_par' dir='ltr' id='par_1_28' title="bbox 191 2660 1848 2739">
     <span class='ocr_line' id='line_1_28' title="bbox 191 2660 1848 2739; baseline -0.002 -20"><span class='ocrx_word' id='word_1_200' title='bbox 191 2685 276 2719; x_wconf 83' lang='grc' dir='ltr'>κεν</span> <span class='ocrx_word' id='word_1_201' title='bbox 326 2663 599 2735; x_wconf 79' lang='grc' dir='ltr'>ἀλλήλων</span> <span class='ocrx_word' id='word_1_202' title='bbox 645 2662 915 2738; x_wconf 74' lang='grc' dir='ltr'>ἑκάτερον·</span> <span class='ocrx_word' id='word_1_203' title='bbox 970 2662 998 2717; x_wconf 85' lang='lat'>6</span> <span class='ocrx_word' id='word_1_204' title='bbox 1049 2663 1144 2736; x_wconf 76' lang='grc' dir='ltr'>μὲν</span> <span class='ocrx_word' id='word_1_205' title='bbox 1191 2661 1292 2739; x_wconf 77' lang='grc' dir='ltr'>γὰρ</span> <span class='ocrx_word' id='word_1_206' title='bbox 1343 2660 1572 2716; x_wconf 79' lang='grc' dir='ltr'>ἄκουσαν</span> <span class='ocrx_word' id='word_1_207' title='bbox 1621 2667 1848 2738; x_wconf 84' lang='grc' dir='ltr'>γυναῖκα</span> 
     </span>
    </p>
   </div>
   <div class='ocr_carea' id='block_1_29' title="bbox 191 2746 1844 2828">
    <p class='ocr_par' dir='ltr' id='par_1_29' title="bbox 191 2746 1844 2828">
     <span class='ocr_line' id='line_1_29' title="bbox 191 2746 1844 2828; baseline -0.002 -21"><span class='ocrx_word' id='word_1_208' title='bbox 301 2761 408 2823; x_wconf 79' lang='grc' dir='ltr'>τῆς</span> <span class='ocrx_word' id='word_1_209' title='bbox 462 2751 688 2828; x_wconf 81' lang='grc' dir='ltr'>μαγείας</span> <span class='ocrx_word' id='word_1_210' title='bbox 747 2751 838 2828; x_wconf 68' lang='grc' dir='ltr'>βία</span> <span class='ocrx_word' id='word_1_211' title='bbox 881 2750 1281 2828; x_wconf 83' lang='grc' dir='ltr'>έπαναγκάσας,</span> <span class='ocrx_word' id='word_1_212' title='bbox 1331 2751 1407 2813; x_wconf 82' lang='grc' dir='ltr'>ὡς</span> <span class='ocrx_word' id='word_1_213' title='bbox 1457 2746 1844 2813; x_wconf 76' lang='grc' dir='ltr'>ἐπιϐουλεύσας</span> 
     </span>
    </p>
   </div>
   <div class='ocr_carea' id='block_1_30' title="bbox 193 2837 1845 2920">
    <p class='ocr_par' dir='ltr' id='par_1_30' title="bbox 193 2837 1845 2920">
     <span class='ocr_line' id='line_1_30' title="bbox 193 2837 1845 2920; baseline -0.001 -23"><span class='ocrx_word' id='word_1_214' title='bbox 193 2845 458 2920; x_wconf 53' lang='grc' dir='ltr'>σώφρονι,</span> <span class='ocrx_word' id='word_1_215' title='bbox 489 2840 893 2917; x_wconf 76' lang='grc' dir='ltr'>χαλεπωτάτην</span> <span class='ocrx_word' id='word_1_216' title='bbox 943 2839 1131 2918; x_wconf 83' lang='grc' dir='ltr'>ὑπέχει</span> <span class='ocrx_word' id='word_1_217' title='bbox 1180 2842 1278 2910; x_wconf 78' lang='grc' dir='ltr'>την</span> <span class='ocrx_word' id='word_1_218' title='bbox 1331 2837 1507 2909; x_wconf 82' lang='grc' dir='ltr'>δίκην·</span> <span class='ocrx_word' id='word_1_219' title='bbox 1541 2839 1568 2894; x_wconf 96' lang='lat'>6</span> <span class='ocrx_word' id='word_1_220' title='bbox 1602 2837 1658 2894; x_wconf 72' lang='grc' dir='ltr'>δὲ</span> <span class='ocrx_word' id='word_1_221' title='bbox 1691 2840 1845 2916; x_wconf 86' lang='grc' dir='ltr'>λόγῳ</span> 
     </span>
    </p>
   </div>
   <div class='ocr_carea' id='block_1_31' title="bbox 192 2927 1848 3005">
    <p class='ocr_par' dir='ltr' id='par_1_31' title="bbox 192 2927 1848 3005">
     <span class='ocr_line' id='line_1_31' title="bbox 192 2927 1848 3005; baseline -0.001 -19"><span class='ocrx_word' id='word_1_222' title='bbox 192 2933 393 2999; x_wconf 79' lang='grc' dir='ltr'>πείσας,</span> <span class='ocrx_word' id='word_1_223' title='bbox 427 2932 520 2986; x_wconf 78' lang='grc' dir='ltr'>καὶ</span> <span class='ocrx_word' id='word_1_224' title='bbox 561 2931 649 2985; x_wconf 85' lang='grc' dir='ltr'>ἐπὶ</span> <span class='ocrx_word' id='word_1_225' title='bbox 680 2935 748 3005; x_wconf 80' lang='grc' dir='ltr'>τῇ</span> <span class='ocrx_word' id='word_1_226' title='bbox 801 2930 970 3000; x_wconf 78' lang='grc' dir='ltr'>αὐτῆς</span> <span class='ocrx_word' id='word_1_227' title='bbox 1018 2929 1228 3001; x_wconf 76' lang='grc' dir='ltr'>ἐξουσίᾳ</span> <span class='ocrx_word' id='word_1_228' title='bbox 1268 2930 1356 2984; x_wconf 81' lang='grc' dir='ltr'>καὶ</span> <span class='ocrx_word' id='word_1_229' title='bbox 1414 2927 1589 3004; x_wconf 81' lang='grc' dir='ltr'>βουλῇ</span> <span class='ocrx_word' id='word_1_230' title='bbox 1620 2931 1848 3000; x_wconf 83' lang='grc' dir='ltr'>ποιησά-</span> 
     </span>
    </p>
   </div>
   <div class='ocr_carea' id='block_1_32' title="bbox 197 3013 1845 3093">
    <p class='ocr_par' dir='ltr' id='par_1_32' title="bbox 197 3013 1845 3093">
     <span class='ocr_line' id='line_1_32' title="bbox 197 3013 1845 3093; baseline 0 -19"><span class='ocrx_word' id='word_1_231' title='bbox 197 3040 352 3091; x_wconf 84' lang='grc' dir='ltr'>μενος</span> <span class='ocrx_word' id='word_1_232' title='bbox 399 3022 504 3088; x_wconf 74' lang='grc' dir='ltr'>τήν</span> <span class='ocrx_word' id='word_1_233' title='bbox 568 3017 793 3093; x_wconf 70' lang='grc' dir='ltr'>αἳρεσιν,</span> <span class='ocrx_word' id='word_1_234' title='bbox 858 3019 957 3073; x_wconf 82' lang='grc' dir='ltr'>οὐκ</span> <span class='ocrx_word' id='word_1_235' title='bbox 1017 3013 1287 3075; x_wconf 75' lang='grc' dir='ltr'>ἐϐιάσατο.</span> <span class='ocrx_word' id='word_1_236' title='bbox 1337 3021 1533 3074; x_wconf 87' lang='grc' dir='ltr'>Ἦττον</span> <span class='ocrx_word' id='word_1_237' title='bbox 1587 3017 1644 3074; x_wconf 73' lang='grc' dir='ltr'>δὲ</span> <span class='ocrx_word' id='word_1_238' title='bbox 1693 3019 1845 3090; x_wconf 82' lang='grc' dir='ltr'>οἶμαι</span> 
     </span>
    </p>
   </div>
   <div class='ocr_carea' id='block_1_33' title="bbox 191 3106 1846 3184">
    <p class='ocr_par' dir='ltr' id='par_1_33' title="bbox 191 3106 1846 3184">
     <span class='ocr_line' id='line_1_33' title="bbox 191 3106 1846 3184; baseline 0 -22"><span class='ocrx_word' id='word_1_239' title='bbox 191 3108 630 3179; x_wconf 76' lang='grc' dir='ltr'>κολασθήσεσθαι</span> <span class='ocrx_word' id='word_1_240' title='bbox 662 3109 754 3163; x_wconf 84' lang='grc' dir='ltr'>τὸν</span> <span class='ocrx_word' id='word_1_241' title='bbox 782 3107 1078 3163; x_wconf 78' lang='grc' dir='ltr'>πεπεικότα</span> <span class='ocrx_word' id='word_1_242' title='bbox 1107 3112 1204 3162; x_wconf 74' lang='grc' dir='ltr'>τοῦ</span> <span class='ocrx_word' id='word_1_243' title='bbox 1249 3106 1594 3181; x_wconf 81' lang='grc' dir='ltr'>βιασαμένου·</span> <span class='ocrx_word' id='word_1_244' title='bbox 1626 3128 1846 3184; x_wconf 86' lang='grc' dir='ltr'>τοιγαρ-</span> 
     </span>
    </p>
   </div>
   <div class='ocr_carea' id='block_1_34' title="bbox 192 3194 1846 3273">
    <p class='ocr_par' dir='ltr' id='par_1_34' title="bbox 192 3194 1846 3273">
     <span class='ocr_line' id='line_1_34' title="bbox 192 3194 1846 3273; baseline -0.001 -20"><span class='ocrx_word' id='word_1_245' title='bbox 192 3203 302 3256; x_wconf 70' lang='grc' dir='ltr'>οῦν.</span> <span class='ocrx_word' id='word_1_246' title='bbox 337 3198 385 3253; x_wconf 79' lang='grc' dir='ltr'>εἰ</span> <span class='ocrx_word' id='word_1_247' title='bbox 422 3198 520 3272; x_wconf 76' lang='grc' dir='ltr'>μὲν</span> <span class='ocrx_word' id='word_1_248' title='bbox 552 3203 733 3252; x_wconf 86' lang='grc' dir='ltr'>πεῖσαι</span> <span class='ocrx_word' id='word_1_249' title='bbox 780 3195 1027 3267; x_wconf 87' lang='grc' dir='ltr'>δύνασαι,</span> <span class='ocrx_word' id='word_1_250' title='bbox 1058 3196 1220 3272; x_wconf 83' lang='grc' dir='ltr'>χάριν</span> <span class='ocrx_word' id='word_1_251' title='bbox 1269 3194 1372 3266; x_wconf 72' lang='grc' dir='ltr'>ἓξω</span> <span class='ocrx_word' id='word_1_252' title='bbox 1416 3195 1710 3273; x_wconf 82' lang='grc' dir='ltr'>ἐπιτυχὼν,</span> <span class='ocrx_word' id='word_1_253' title='bbox 1747 3195 1846 3251; x_wconf 82' lang='grc' dir='ltr'>ἂλ-</span> 
     </span>
    </p>
   </div>
   <div class='ocr_carea' id='block_1_35' title="bbox 191 3283 1842 3363">
    <p class='ocr_par' dir='ltr' id='par_1_35' title="bbox 191 3283 1842 3363">
     <span class='ocr_line' id='line_1_35' title="bbox 191 3283 1842 3363; baseline 0 -23"><span class='ocrx_word' id='word_1_254' title='bbox 191 3285 299 3348; x_wconf 76' lang='grc' dir='ltr'>λως</span> <span class='ocrx_word' id='word_1_255' title='bbox 329 3284 390 3342; x_wconf 74' lang='grc' dir='ltr'>δῖε</span> <span class='ocrx_word' id='word_1_256' title='bbox 420 3284 583 3355; x_wconf 75' lang='grc' dir='ltr'>ἥδιόν</span> <span class='ocrx_word' id='word_1_257' title='bbox 615 3289 660 3324; x_wconf 72' lang='grc'>⁸⁸</span> <span class='ocrx_word' id='word_1_258' title='bbox 695 3307 790 3359; x_wconf 91' lang='grc' dir='ltr'>μοι</span> <span class='ocrx_word' id='word_1_259' title='bbox 835 3287 1078 3349; x_wconf 82' lang='grc' dir='ltr'>τεθνάναι</span> <span class='ocrx_word' id='word_1_260' title='bbox 1125 3283 1359 3358; x_wconf 78' lang='grc' dir='ltr'>μᾶλλον,</span> <span class='ocrx_word' id='word_1_261' title='bbox 1392 3285 1426 3354; x_wconf 70' lang='grc' dir='ltr'><strong>ἢ</strong></span> <span class='ocrx_word' id='word_1_262' title='bbox 1457 3293 1556 3354; x_wconf 74' lang='grc' dir='ltr'>τήν</span> <span class='ocrx_word' id='word_1_263' title='bbox 1600 3287 1676 3359; x_wconf 88' lang='grc' dir='ltr'>μή</span> <span class='ocrx_word' id='word_1_264' title='bbox 1714 3287 1842 3363; x_wconf 76' lang='grc' dir='ltr'>βου-</span> 
     </span>
    </p>
   </div>
   <div class='ocr_carea' id='block_1_36' title="bbox 191 3374 1087 3451">
    <p class='ocr_par' dir='ltr' id='par_1_36' title="bbox 191 3374 1087 3451">
     <span class='ocr_line' id='line_1_36' title="bbox 191 3374 1087 3451; baseline -0.001 -20"><span class='ocrx_word' id='word_1_265' title='bbox 191 3374 435 3448; x_wconf 75' lang='grc' dir='ltr'>λομένην</span> <span class='ocrx_word' id='word_1_266' title='bbox 474 3374 670 3451; x_wconf 88' lang='grc' dir='ltr'>βιαίως</span> <span class='ocrx_word' id='word_1_267' title='bbox 700 3374 1087 3450; x_wconf 80' lang='grc' dir='ltr'>ἐπαναγκάσαι.</span> 
     </span>
    </p>
   </div>
   <div class='ocr_carea' id='block_1_37' title="bbox 254 3477 1848 3556">
    <p class='ocr_par' dir='ltr' id='par_1_37' title="bbox 254 3477 1848 3556">
     <span class='ocr_line' id='line_1_37' title="bbox 254 3477 1848 3556; baseline -0.001 -18"><span class='ocrx_word' id='word_1_268' title='bbox 254 3483 407 3540; x_wconf 81' lang='lat' dir='ltr'><strong>VIII.</strong></span> <span class='ocrx_word' id='word_1_269' title='bbox 442 3481 541 3536; x_wconf 83' lang='grc' dir='ltr'>Καὶ</span> <span class='ocrx_word' id='word_1_270' title='bbox 592 3481 622 3536; x_wconf 89' lang='lat'>6</span> <span class='ocrx_word' id='word_1_271' title='bbox 672 3480 942 3550; x_wconf 82' lang='grc' dir='ltr'>’Δππίων,</span> <span class='ocrx_word' id='word_1_272' title='bbox 991 3480 1215 3551; x_wconf 83' lang='grc' dir='ltr'>ἀληθῶς</span> <span class='ocrx_word' id='word_1_273' title='bbox 1269 3477 1570 3556; x_wconf 80' lang='grc' dir='ltr'>διαπορῶν,</span> <span class='ocrx_word' id='word_1_274' title='bbox 1619 3478 1744 3555; x_wconf 77' lang='grc' dir='ltr'>ἔφη’</span> <span class='ocrx_word' id='word_1_275' title='bbox 1787 3480 1848 3536; x_wconf 87' lang='grc' dir='ltr'>Τί</span> 
     </span>
    </p>
   </div>
   <div class='ocr_carea' id='block_1_38' title="bbox 191 3567 1846 3647">
    <p class='ocr_par' dir='ltr' id='par_1_38' title="bbox 191 3567 1846 3647">
     <span class='ocr_line' id='line_1_38' title="bbox 191 3567 1846 3647; baseline 0 -22"><span class='ocrx_word' id='word_1_276' title='bbox 191 3592 254 3642; x_wconf 81' lang='grc' dir='ltr'>με</span> <span class='ocrx_word' id='word_1_277' title='bbox 281 3572 401 3647; x_wconf 76' lang='grc' dir='ltr'>χρὴ</span> <span class='ocrx_word' id='word_1_278' title='bbox 436 3571 578 3646; x_wconf 86' lang='grc' dir='ltr'>πρὸς</span> <span class='ocrx_word' id='word_1_279' title='bbox 629 3571 687 3625; x_wconf 74' lang='grc' dir='ltr'>σὶ</span> <span class='ocrx_word' id='word_1_280' title='bbox 737 3569 911 3647; x_wconf 85' lang='grc' dir='ltr'>λέγειν</span> <span class='ocrx_word' id='word_1_281' title='bbox 945 3590 959 3640; x_wconf 90' lang='grc'><strong>;</strong></span> <span class='ocrx_word' id='word_1_282' title='bbox 993 3571 1132 3625; x_wconf 78' lang='grc' dir='ltr'>Ποτὲ</span> <span class='ocrx_word' id='word_1_283' title='bbox 1181 3571 1274 3642; x_wconf 78' lang='grc' dir='ltr'>μὲν</span> <span class='ocrx_word' id='word_1_284' title='bbox 1320 3571 1423 3645; x_wconf 81' lang='grc' dir='ltr'>γὰρ</span> <span class='ocrx_word' id='word_1_285' title='bbox 1463 3570 1538 3632; x_wconf 85' lang='grc' dir='ltr'>ὡς</span> <span class='ocrx_word' id='word_1_286' title='bbox 1571 3571 1674 3625; x_wconf 86' lang='grc' dir='ltr'>ὑπὸ</span> <span class='ocrx_word' id='word_1_287' title='bbox 1706 3567 1846 3645; x_wconf 80' lang='grc' dir='ltr'>ἔρω-</span> 
     </span>
    </p>
   </div>
   <div class='ocr_carea' id='block_1_39' title="bbox 184 3656 1848 3736">
    <p class='ocr_par' dir='ltr' id='par_1_39' title="bbox 184 3656 1848 3736">
     <span class='ocr_line' id='line_1_39' title="bbox 184 3656 1848 3736; baseline -0.001 -21"><span class='ocrx_word' id='word_1_288' title='bbox 184 3681 276 3722; x_wconf 85' lang='grc' dir='ltr'>τος</span> <span class='ocrx_word' id='word_1_289' title='bbox 328 3658 748 3736; x_wconf 77' lang='grc' dir='ltr'>ἒνοχΑούμενος</span> <span class='ocrx_word' id='word_1_290' title='bbox 809 3656 944 3734; x_wconf 78' lang='grc' dir='ltr'>εὔχῃ</span> <span class='ocrx_word' id='word_1_291' title='bbox 1001 3659 1301 3734; x_wconf 79' lang='grc' dir='ltr'>ἐπιτυχεῖν,</span> <span class='ocrx_word' id='word_1_292' title='bbox 1357 3659 1490 3713; x_wconf 75' lang='grc' dir='ltr'>ποτὲ</span> <span class='ocrx_word' id='word_1_293' title='bbox 1538 3656 1595 3714; x_wconf 76' lang='grc' dir='ltr'>δὲ</span> <span class='ocrx_word' id='word_1_294' title='bbox 1644 3658 1719 3721; x_wconf 87' lang='grc' dir='ltr'>ὠς</span> <span class='ocrx_word' id='word_1_295' title='bbox 1749 3658 1848 3714; x_wconf 84' lang='grc' dir='ltr'>οὐκ</span> 
     </span>
    </p>
   </div>
   <div class='ocr_carea' id='block_1_40' title="bbox 187 3743 1846 3824">
    <p class='ocr_par' dir='ltr' id='par_1_40' title="bbox 187 3743 1846 3824">
     <span class='ocr_line' id='line_1_40' title="bbox 187 3743 1846 3824; baseline -0.001 -22"><span class='ocrx_word' id='word_1_296' title='bbox 187 3748 321 3824; x_wconf 77' lang='grc' dir='ltr'>ἐρῶν</span> <span class='ocrx_word' id='word_1_297' title='bbox 353 3751 404 3786; x_wconf 73' lang='grc'>⁸⁸</span> <span class='ocrx_word' id='word_1_298' title='bbox 434 3755 540 3818; x_wconf 79' lang='grc' dir='ltr'>τῆς</span> <span class='ocrx_word' id='word_1_299' title='bbox 572 3746 860 3821; x_wconf 82' lang='grc' dir='ltr'>ἐπιθυμίας</span> <span class='ocrx_word' id='word_1_300' title='bbox 906 3753 1181 3823; x_wconf 74' lang='grc' dir='ltr'>προτιμᾷς</span> <span class='ocrx_word' id='word_1_301' title='bbox 1233 3748 1326 3802; x_wconf 87' lang='grc' dir='ltr'>τὸν</span> <span class='ocrx_word' id='word_1_302' title='bbox 1378 3743 1568 3824; x_wconf 71' lang='grc' dir='ltr'>φόϐον,</span> <span class='ocrx_word' id='word_1_303' title='bbox 1601 3746 1690 3802; x_wconf 78' lang='grc' dir='ltr'>καὶ</span> <span class='ocrx_word' id='word_1_304' title='bbox 1743 3744 1846 3802; x_wconf 78' lang='grc' dir='ltr'>οἷέι</span> 
     </span>
    </p>
   </div>
   <div class='ocr_carea' id='block_1_41' title="bbox 184 3832 1846 3911">
    <p class='ocr_par' dir='ltr' id='par_1_41' title="bbox 184 3832 1846 3911">
     <span class='ocr_line' id='line_1_41' title="bbox 184 3832 1846 3911; baseline -0.001 -19"><span class='ocrx_word' id='word_1_305' title='bbox 184 3837 374 3898; x_wconf 77' lang='grc' dir='ltr'>πείσας</span> <span class='ocrx_word' id='word_1_306' title='bbox 429 3836 527 3909; x_wconf 73' lang='grc' dir='ltr'>μὲν</span> <span class='ocrx_word' id='word_1_307' title='bbox 589 3835 662 3898; x_wconf 85' lang='grc' dir='ltr'>ὠς</span> <span class='ocrx_word' id='word_1_308' title='bbox 707 3835 1086 3911; x_wconf 81' lang='grc' dir='ltr'>ἀναμάρτητος</span> <span class='ocrx_word' id='word_1_309' title='bbox 1133 3832 1337 3891; x_wconf 77' lang='grc' dir='ltr'>ἔσεσθαι</span> <span class='ocrx_word' id='word_1_310' title='bbox 1387 3835 1698 3906; x_wconf 84' lang='grc' dir='ltr'>ἀνεύθυνος,</span> <span class='ocrx_word' id='word_1_311' title='bbox 1755 3835 1846 3911; x_wconf 79' lang='grc' dir='ltr'>βίᾳ</span> 
     </span>
    </p>
   </div>
   <div class='ocr_carea' id='block_1_42' title="bbox 184 3922 1844 4002">
    <p class='ocr_par' dir='ltr' id='par_1_42' title="bbox 184 3922 1844 4002">
     <span class='ocr_line' id='line_1_42' title="bbox 184 3922 1844 4002; baseline -0.001 -21"><span class='ocrx_word' id='word_1_312' title='bbox 184 3923 240 3981; x_wconf 63' lang='grc' dir='ltr'>ἴε</span> <span class='ocrx_word' id='word_1_313' title='bbox 266 3931 338 4000; x_wconf 74' lang='grc' dir='ltr'>τῇ</span> <span class='ocrx_word' id='word_1_314' title='bbox 369 3932 476 3993; x_wconf 79' lang='grc' dir='ltr'>τῆς</span> <span class='ocrx_word' id='word_1_315' title='bbox 532 3923 753 4001; x_wconf 82' lang='grc' dir='ltr'>μαγείας</span> <span class='ocrx_word' id='word_1_316' title='bbox 803 3923 1074 4001; x_wconf 74' lang='grc' dir='ltr'>ἐπιτυχὼν</span> <span class='ocrx_word' id='word_1_317' title='bbox 1129 3925 1334 4002; x_wconf 79' lang='grc' dir='ltr'>ὑφέξειν</span> <span class='ocrx_word' id='word_1_318' title='bbox 1383 3928 1426 3962; x_wconf 78' lang='grc'>⁸⁵</span> <span class='ocrx_word' id='word_1_319' title='bbox 1477 3922 1653 3994; x_wconf 79' lang='grc' dir='ltr'>δίκην.</span> <span class='ocrx_word' id='word_1_320' title='bbox 1687 3924 1844 3981; x_wconf 72' lang='grc' dir='ltr'>Ἀλὶ⁹</span> 
     </span>
    </p>
   </div>
   <div class='ocr_carea' id='block_1_43' title="bbox 182 4012 1840 4091">
    <p class='ocr_par' dir='ltr' id='par_1_43' title="bbox 182 4012 1840 4091">
     <span class='ocr_line' id='line_1_43' title="bbox 182 4012 1840 4091; baseline -0.001 -22"><span class='ocrx_word' id='word_1_321' title='bbox 182 4017 399 4091; x_wconf 66' lang='grc' dir='ltr'>ἀγνοεῖς</span> <span class='ocrx_word' id='word_1_322' title='bbox 458 4013 537 4075; x_wconf 84' lang='grc' dir='ltr'>ὠς</span> <span class='ocrx_word' id='word_1_323' title='bbox 590 4014 653 4068; x_wconf 90' lang='grc' dir='ltr'>τὸ</span> <span class='ocrx_word' id='word_1_324' title='bbox 708 4012 869 4075; x_wconf 88' lang='grc' dir='ltr'>τέλος</span> <span class='ocrx_word' id='word_1_325' title='bbox 927 4013 1129 4074; x_wconf 83' lang='grc' dir='ltr'>παντὸς</span> <span class='ocrx_word' id='word_1_326' title='bbox 1178 4015 1495 4088; x_wconf 87' lang='grc' dir='ltr'>πράγματος</span> <span class='ocrx_word' id='word_1_327' title='bbox 1555 4012 1794 4088; x_wconf 85' lang='grc' dir='ltr'>κρίνεται</span> <span class='ocrx_word' id='word_1_328' title='bbox 1827 4060 1840 4087; x_wconf 91' lang='grc'>,</span> 
     </span>
    </p>
   </div>
   <div class='ocr_carea' id='block_1_44' title="bbox 181 4097 1841 4178">
    <p class='ocr_par' dir='ltr' id='par_1_44' title="bbox 181 4097 1841 4178">
     <span class='ocr_line' id='line_1_44' title="bbox 181 4097 1841 4178; baseline -0.001 -20"><span class='ocrx_word' id='word_1_329' title='bbox 181 4103 265 4158; x_wconf 73' lang='grc' dir='ltr'>δτι</span> <span class='ocrx_word' id='word_1_330' title='bbox 295 4102 558 4178; x_wconf 82' lang='grc' dir='ltr'>γέγονεν,</span> <span class='ocrx_word' id='word_1_331' title='bbox 589 4101 650 4156; x_wconf 82' lang='grc' dir='ltr'>οὑ</span> <span class='ocrx_word' id='word_1_332' title='bbox 703 4102 764 4156; x_wconf 83' lang='grc' dir='ltr'>τὸ</span> <span class='ocrx_word' id='word_1_333' title='bbox 815 4105 932 4162; x_wconf 88' lang='grc' dir='ltr'>πῶς</span> <span class='ocrx_word' id='word_1_334' title='bbox 984 4102 1174 4177; x_wconf 88' lang='grc' dir='ltr'>γέγονε</span> <span class='ocrx_word' id='word_1_335' title='bbox 1225 4097 1594 4173; x_wconf 82' lang='grc' dir='ltr'>δοκιμάζεται.</span> <span class='ocrx_word' id='word_1_336' title='bbox 1628 4101 1726 4156; x_wconf 86' lang='grc' dir='ltr'>Καὶ</span> <span class='ocrx_word' id='word_1_337' title='bbox 1779 4101 1841 4156; x_wconf 83' lang='grc' dir='ltr'>σὺ</span> 
     </span>
    </p>
   </div>
   <div class='ocr_carea' id='block_1_45' title="bbox 182 4186 1842 4266">
    <p class='ocr_par' dir='ltr' id='par_1_45' title="bbox 182 4186 1842 4266">
     <span class='ocr_line' id='line_1_45' title="bbox 182 4186 1842 4266; baseline -0.002 -19"><span class='ocrx_word' id='word_1_338' title='bbox 182 4188 258 4262; x_wconf 65' lang='grc' dir='ltr'>δὲ,</span> <span class='ocrx_word' id='word_1_339' title='bbox 293 4191 387 4247; x_wconf 72' lang='grc' dir='ltr'>ἐὰν</span> <span class='ocrx_word' id='word_1_340' title='bbox 427 4189 750 4266; x_wconf 79' lang='grc' dir='ltr'>μοιχεύσῃς,</span> <span class='ocrx_word' id='word_1_341' title='bbox 782 4189 844 4245; x_wconf 81' lang='grc' dir='ltr'>ού</span> <span class='ocrx_word' id='word_1_342' title='bbox 877 4187 1075 4260; x_wconf 83' lang='grc' dir='ltr'>δήπου,</span> <span class='ocrx_word' id='word_1_343' title='bbox 1112 4187 1306 4266; x_wconf 80' lang='grc' dir='ltr'>μαγείᾳ</span> <span class='ocrx_word' id='word_1_344' title='bbox 1337 4190 1433 4263; x_wconf 76' lang='grc' dir='ltr'>μὶν</span> <span class='ocrx_word' id='word_1_345' title='bbox 1467 4186 1734 4262; x_wconf 82' lang='grc' dir='ltr'>δυνηθεὶς,</span> <span class='ocrx_word' id='word_1_346' title='bbox 1767 4189 1842 4254; x_wconf 86' lang='grc' dir='ltr'>ὠς</span> 
     </span>
    </p>
   </div>
   <div class='ocr_carea' id='block_1_46' title="bbox 181 4275 1842 4354">
    <p class='ocr_par' dir='ltr' id='par_1_46' title="bbox 181 4275 1842 4354">
     <span class='ocr_line' id='line_1_46' title="bbox 181 4275 1842 4354; baseline -0.001 -18"><span class='ocrx_word' id='word_1_347' title='bbox 181 4275 387 4350; x_wconf 68' lang='grc' dir='ltr'>ἀσεϐὴς</span> <span class='ocrx_word' id='word_1_348' title='bbox 450 4282 497 4316; x_wconf 72' lang='grc'>⁵⁸</span> <span class='ocrx_word' id='word_1_349' title='bbox 545 4281 796 4354; x_wconf 82' lang='grc' dir='ltr'>κριθήσῃ,</span> <span class='ocrx_word' id='word_1_350' title='bbox 854 4278 1038 4342; x_wconf 87' lang='grc' dir='ltr'>πείσας</span> <span class='ocrx_word' id='word_1_351' title='bbox 1093 4275 1170 4350; x_wconf 75' lang='grc' dir='ltr'>δὲ,</span> <span class='ocrx_word' id='word_1_352' title='bbox 1220 4284 1321 4348; x_wconf 85' lang='grc' dir='ltr'>τῆς</span> <span class='ocrx_word' id='word_1_353' title='bbox 1378 4280 1514 4333; x_wconf 86' lang='grc' dir='ltr'>κατὰ</span> <span class='ocrx_word' id='word_1_354' title='bbox 1557 4279 1656 4347; x_wconf 80' lang='grc' dir='ltr'>τήν</span> <span class='ocrx_word' id='word_1_355' title='bbox 1717 4300 1842 4352; x_wconf 86' lang='grc' dir='ltr'>μοι·</span> 
     </span>
    </p>
   </div>
   <div class='ocr_carea' id='block_1_47' title="bbox 177 4365 1837 4446">
    <p class='ocr_par' dir='ltr' id='par_1_47' title="bbox 177 4365 1837 4446">
     <span class='ocr_line' id='line_1_47' title="bbox 177 4365 1837 4446; baseline -0.001 -21"><span class='ocrx_word' id='word_1_356' title='bbox 177 4373 334 4446; x_wconf 81' lang='grc' dir='ltr'>χείαν</span> <span class='ocrx_word' id='word_1_357' title='bbox 371 4367 646 4446; x_wconf 78' lang='grc' dir='ltr'>ἁμαρτίας</span> <span class='ocrx_word' id='word_1_358' title='bbox 686 4366 1006 4443; x_wconf 76' lang='grc' dir='ltr'>ἀπολυθήσῃ</span> <span class='ocrx_word' id='word_1_359' title='bbox 1039 4387 1052 4438; x_wconf 92' lang='grc'><strong>;</strong></span> <span class='ocrx_word' id='word_1_360' title='bbox 1083 4368 1245 4443; x_wconf 85' lang='grc' dir='ltr'>Κάγὼ</span> <span class='ocrx_word' id='word_1_361' title='bbox 1295 4365 1449 4446; x_wconf 77' lang='grc' dir='ltr'>ἔφην·</span> <span class='ocrx_word' id='word_1_362' title='bbox 1483 4367 1582 4423; x_wconf 83' lang='grc' dir='ltr'>Διὰ</span> <span class='ocrx_word' id='word_1_363' title='bbox 1607 4369 1669 4423; x_wconf 90' lang='grc' dir='ltr'>τὸ</span> <span class='ocrx_word' id='word_1_364' title='bbox 1717 4367 1837 4444; x_wconf 78' lang='grc' dir='ltr'>έρᾷν</span> 
     </span>
    </p>
   </div>
   <div class='ocr_carea' id='block_1_48' title="bbox 178 4455 1839 4534">
    <p class='ocr_par' dir='ltr' id='par_1_48' title="bbox 178 4455 1839 4534">
     <span class='ocr_line' id='line_1_48' title="bbox 178 4455 1839 4534; baseline -0.002 -20"><span class='ocrx_word' id='word_1_365' title='bbox 178 4461 401 4522; x_wconf 77' lang='grc' dir='ltr'>πάντως</span> <span class='ocrx_word' id='word_1_366' title='bbox 437 4480 536 4533; x_wconf 84' lang='grc' dir='ltr'>μοι</span> <span class='ocrx_word' id='word_1_367' title='bbox 572 4459 937 4534; x_wconf 71' lang='grc' dir='ltr'>προκειμένου</span> <span class='ocrx_word' id='word_1_368' title='bbox 972 4459 1121 4515; x_wconf 73' lang='lat' dir='ltr'>I39</span> <span class='ocrx_word' id='word_1_369' title='bbox 1152 4457 1338 4532; x_wconf 86' lang='grc' dir='ltr'>τυχεῖν</span> <span class='ocrx_word' id='word_1_370' title='bbox 1387 4459 1485 4526; x_wconf 73' lang='grc' dir='ltr'>τῆς</span> <span class='ocrx_word' id='word_1_371' title='bbox 1536 4455 1839 4533; x_wconf 80' lang='grc' dir='ltr'>ἐρωμένης,</span> 
     </span>
    </p>
   </div>
   <div class='ocr_carea' id='block_1_49' title="bbox 179 4543 1840 4624">
    <p class='ocr_par' dir='ltr' id='par_1_49' title="bbox 179 4543 1840 4624">
     <span class='ocr_line' id='line_1_49' title="bbox 179 4543 1840 4624; baseline -0.001 -22"><span class='ocrx_word' id='word_1_372' title='bbox 179 4548 395 4624; x_wconf 74' lang='grc' dir='ltr'>ἀνάγκη</span> <span class='ocrx_word' id='word_1_373' title='bbox 433 4545 532 4620; x_wconf 78' lang='grc' dir='ltr'>μέν</span> <span class='ocrx_word' id='word_1_374' title='bbox 569 4567 662 4618; x_wconf 89' lang='grc' dir='ltr'>μοι</span> <span class='ocrx_word' id='word_1_375' title='bbox 709 4544 926 4610; x_wconf 76' lang='grc' dir='ltr'>ἑλέσθαι</span> <span class='ocrx_word' id='word_1_376' title='bbox 980 4547 1224 4621; x_wconf 86' lang='grc' dir='ltr'>θάτερον,</span> <span class='ocrx_word' id='word_1_377' title='bbox 1259 4546 1558 4620; x_wconf 78' lang='grc' dir='ltr'>αἱρήσομαι</span> <span class='ocrx_word' id='word_1_378' title='bbox 1609 4543 1685 4606; x_wconf 77' lang='grc' dir='ltr'>δὲ.</span> <span class='ocrx_word' id='word_1_379' title='bbox 1718 4545 1764 4600; x_wconf 83' lang='grc' dir='ltr'>εἶ</span> <span class='ocrx_word' id='word_1_380' title='bbox 1795 4548 1840 4583; x_wconf 75' lang='grc'>⁸⁷</span> 
     </span>
    </p>
   </div>
   <div class='ocr_carea' id='block_1_50' title="bbox 183 4632 1840 4710">
    <p class='ocr_par' dir='ltr' id='par_1_50' title="bbox 183 4632 1840 4710">
     <span class='ocr_line' id='line_1_50' title="bbox 183 4632 1840 4710; baseline -0.001 -20"><span class='ocrx_word' id='word_1_381' title='bbox 183 4636 294 4691; x_wconf 79' lang='grc' dir='ltr'>οἶόν</span> <span class='ocrx_word' id='word_1_382' title='bbox 323 4657 407 4701; x_wconf 84' lang='grc' dir='ltr'>τε,</span> <span class='ocrx_word' id='word_1_383' title='bbox 440 4633 768 4690; x_wconf 74' lang='grc' dir='ltr'>κολακεῦσαι</span> <span class='ocrx_word' id='word_1_384' title='bbox 824 4633 1058 4709; x_wconf 79' lang='grc' dir='ltr'>μᾶλλον,</span> <span class='ocrx_word' id='word_1_385' title='bbox 1107 4635 1143 4703; x_wconf 79' lang='grc' dir='ltr'><strong>ἢ</strong></span> <span class='ocrx_word' id='word_1_386' title='bbox 1199 4638 1477 4710; x_wconf 77' lang='grc' dir='ltr'>μαγεῦσαι.</span> <span class='ocrx_word' id='word_1_387' title='bbox 1511 4632 1669 4690; x_wconf 81' lang='grc' dir='ltr'>Ἀλλ’</span> <span class='ocrx_word' id='word_1_388' title='bbox 1715 4632 1840 4690; x_wconf 72' lang='grc' dir='ltr'>οὐδὲ</span> 
     </span>
    </p>
   </div>
   <div class='ocr_carea' id='block_1_51' title="bbox 1961 701 3610 775">
    <p class='ocr_par' dir='ltr' id='par_1_51' title="bbox 1961 701 3610 775">
     <span class='ocr_line' id='line_1_51' title="bbox 1961 701 3610 775; baseline 0.002 -19"><span class='ocrx_word' id='word_1_389' title='bbox 1961 701 2211 773; x_wconf 83' lang='lat' dir='ltr'>quentiae</span> <span class='ocrx_word' id='word_1_390' title='bbox 2243 703 2320 757; x_wconf 87' lang='lat' dir='ltr'>rei</span> <span class='ocrx_word' id='word_1_391' title='bbox 2354 707 2614 775; x_wconf 78' lang='lat' dir='ltr'>pereant.</span> <span class='ocrx_word' id='word_1_392' title='bbox 2664 702 2786 758; x_wconf 85' lang='lat' dir='ltr'>Nisi</span> <span class='ocrx_word' id='word_1_393' title='bbox 2839 703 2996 758; x_wconf 91' lang='lat' dir='ltr'>enim</span> <span class='ocrx_word' id='word_1_394' title='bbox 3050 706 3260 758; x_wconf 89' lang='lat' dir='ltr'>cuncta</span> <span class='ocrx_word' id='word_1_395' title='bbox 3309 701 3506 758; x_wconf 89' lang='lat' dir='ltr'>anima</span> <span class='ocrx_word' id='word_1_396' title='bbox 3553 706 3610 759; x_wconf 86' lang='lat' dir='ltr'>et</span> 
     </span>
    </p>
   </div>
   <div class='ocr_carea' id='block_1_52' title="bbox 1960 790 3605 864">
    <p class='ocr_par' dir='ltr' id='par_1_52' title="bbox 1960 790 3605 864">
     <span class='ocr_line' id='line_1_52' title="bbox 1960 790 3605 864; baseline 0.002 -19"><span class='ocrx_word' id='word_1_397' title='bbox 1960 790 2182 846; x_wconf 81' lang='lat' dir='ltr'>ratione</span> <span class='ocrx_word' id='word_1_398' title='bbox 2243 792 2485 863; x_wconf 68' lang='lat' dir='ltr'>prmdita</span> <span class='ocrx_word' id='word_1_399' title='bbox 2541 791 2838 863; x_wconf 76' lang='lat' dir='ltr'>justitiam</span> <span class='ocrx_word' id='word_1_400' title='bbox 2892 790 3158 849; x_wconf 90' lang='lat' dir='ltr'>Numinis</span> <span class='ocrx_word' id='word_1_401' title='bbox 3206 791 3605 864; x_wconf 75' lang='lat' dir='ltr'>praeviderent,</span> 
     </span>
    </p>
   </div>
   <div class='ocr_carea' id='block_1_53' title="bbox 1960 880 3608 955">
    <p class='ocr_par' dir='ltr' id='par_1_53' title="bbox 1960 880 3608 955">
     <span class='ocr_line' id='line_1_53' title="bbox 1960 880 3608 955; baseline 0.001 -18"><span class='ocrx_word' id='word_1_402' title='bbox 1960 880 2211 937; x_wconf 82' lang='lat' dir='ltr'>oriretur</span> <span class='ocrx_word' id='word_1_403' title='bbox 2234 882 2519 952; x_wconf 82' lang='lat' dir='ltr'>confusio,</span> <span class='ocrx_word' id='word_1_404' title='bbox 2543 881 2820 938; x_wconf 90' lang='lat' dir='ltr'>omnibus</span> <span class='ocrx_word' id='word_1_405' title='bbox 2850 898 3059 955; x_wconf 87' lang='lat' dir='ltr'>nempe</span> <span class='ocrx_word' id='word_1_406' title='bbox 3084 886 3290 938; x_wconf 84' lang='lat' dir='ltr'>mutua</span> <span class='ocrx_word' id='word_1_407' title='bbox 3319 881 3608 939; x_wconf 84' lang='lat' dir='ltr'>seditione</span> 
     </span>
    </p>
   </div>
   <div class='ocr_carea' id='block_1_54' title="bbox 1959 969 2386 1027">
    <p class='ocr_par' dir='ltr' id='par_1_54' title="bbox 1959 969 2386 1027">
     <span class='ocr_line' id='line_1_54' title="bbox 1959 969 2386 1027; baseline 0.005 -2"><span class='ocrx_word' id='word_1_408' title='bbox 1959 969 2386 1027; x_wconf 90' lang='lat' dir='ltr'>laborantibus.</span> 
     </span>
    </p>
   </div>
   <div class='ocr_carea' id='block_1_55' title="bbox 2029 1147 3608 1224">
    <p class='ocr_par' dir='ltr' id='par_1_55' title="bbox 2029 1147 3608 1224">
     <span class='ocr_line' id='line_1_55' title="bbox 2029 1147 3608 1224; baseline 0.004 -22"><span class='ocrx_word' id='word_1_409' title='bbox 2029 1149 2125 1202; x_wconf 86' lang='lat' dir='ltr'>VI.</span> <span class='ocrx_word' id='word_1_410' title='bbox 2162 1149 2228 1204; x_wconf 89' lang='lat' dir='ltr'>Et</span> <span class='ocrx_word' id='word_1_411' title='bbox 2269 1165 2375 1221; x_wconf 89' lang='lat' dir='ltr'>ego</span> <span class='ocrx_word' id='word_1_412' title='bbox 2414 1147 2532 1204; x_wconf 84' lang='lat' dir='ltr'>dixi</span> <span class='ocrx_word' id='word_1_413' title='bbox 2567 1165 2578 1203; x_wconf 94' lang='lat'>:</span> <span class='ocrx_word' id='word_1_414' title='bbox 2612 1149 2764 1205; x_wconf 89' lang='lat' dir='ltr'>Vera</span> <span class='ocrx_word' id='word_1_415' title='bbox 2807 1149 3002 1222; x_wconf 86' lang='lat' dir='ltr'>itaque</span> <span class='ocrx_word' id='word_1_416' title='bbox 3032 1153 3172 1206; x_wconf 91' lang='lat' dir='ltr'>sunt</span> <span class='ocrx_word' id='word_1_417' title='bbox 3203 1167 3328 1223; x_wconf 69' lang='lat' dir='ltr'>quae</span> <span class='ocrx_word' id='word_1_418' title='bbox 3358 1168 3391 1207; x_wconf 90' lang='lat' dir='ltr'>a</span> <span class='ocrx_word' id='word_1_419' title='bbox 3422 1151 3608 1224; x_wconf 88' lang='lat' dir='ltr'>poetis</span> 
     </span>
    </p>
   </div>
   <div class='ocr_carea' id='block_1_56' title="bbox 1958 1237 3604 1312">
    <p class='ocr_par' dir='ltr' id='par_1_56' title="bbox 1958 1237 3604 1312">
     <span class='ocr_line' id='line_1_56' title="bbox 1958 1237 3604 1312; baseline 0.001 -18"><span class='ocrx_word' id='word_1_420' title='bbox 1958 1241 2016 1294; x_wconf 88' lang='lat' dir='ltr'>et</span> <span class='ocrx_word' id='word_1_421' title='bbox 2045 1237 2410 1310; x_wconf 86' lang='lat' dir='ltr'>philosophis</span> <span class='ocrx_word' id='word_1_422' title='bbox 2440 1242 2774 1307; x_wconf 86' lang='lat' dir='ltr'>narrantur,</span> <span class='ocrx_word' id='word_1_423' title='bbox 2809 1238 2869 1294; x_wconf 91' lang='lat' dir='ltr'>in</span> <span class='ocrx_word' id='word_1_424' title='bbox 2903 1239 3106 1294; x_wconf 83' lang='lat' dir='ltr'>inferis</span> <span class='ocrx_word' id='word_1_425' title='bbox 3140 1240 3369 1296; x_wconf 89' lang='lat' dir='ltr'>animas</span> <span class='ocrx_word' id='word_1_426' title='bbox 3393 1240 3604 1312; x_wconf 91' lang='lat' dir='ltr'>impio-</span> 
     </span>
    </p>
   </div>
   <div class='ocr_carea' id='block_1_57' title="bbox 1960 1326 3607 1402">
    <p class='ocr_par' dir='ltr' id='par_1_57' title="bbox 1960 1326 3607 1402">
     <span class='ocr_line' id='line_1_57' title="bbox 1960 1326 3607 1402; baseline 0.001 -20"><span class='ocrx_word' id='word_1_427' title='bbox 1960 1345 2090 1382; x_wconf 89' lang='lat' dir='ltr'>rum</span> <span class='ocrx_word' id='word_1_428' title='bbox 2114 1326 2392 1398; x_wconf 89' lang='lat' dir='ltr'>judicari,</span> <span class='ocrx_word' id='word_1_429' title='bbox 2427 1332 2485 1382; x_wconf 91' lang='lat' dir='ltr'>et</span> <span class='ocrx_word' id='word_1_430' title='bbox 2514 1344 2617 1399; x_wconf 93' lang='lat' dir='ltr'>pro</span> <span class='ocrx_word' id='word_1_431' title='bbox 2668 1327 3027 1384; x_wconf 68' lang='lat' dir='ltr'>facinoribus</span> <span class='ocrx_word' id='word_1_432' title='bbox 3058 1329 3304 1401; x_wconf 82' lang='lat' dir='ltr'>puniri?</span> <span class='ocrx_word' id='word_1_433' title='bbox 3344 1328 3607 1402; x_wconf 81' lang='lat' dir='ltr'>Exempli</span> 
     </span>
    </p>
   </div>
   <div class='ocr_carea' id='block_1_58' title="bbox 1958 1415 3609 1491">
    <p class='ocr_par' dir='ltr' id='par_1_58' title="bbox 1958 1415 3609 1491">
     <span class='ocr_line' id='line_1_58' title="bbox 1958 1415 3609 1491; baseline 0.002 -21"><span class='ocrx_word' id='word_1_434' title='bbox 1958 1415 2147 1489; x_wconf 88' lang='lat' dir='ltr'>gratia</span> <span class='ocrx_word' id='word_1_435' title='bbox 2194 1415 2422 1472; x_wconf 90' lang='lat' dir='ltr'>animas</span> <span class='ocrx_word' id='word_1_436' title='bbox 2470 1415 2706 1482; x_wconf 82' lang='lat' dir='ltr'>Ixionis,</span> <span class='ocrx_word' id='word_1_437' title='bbox 2752 1416 3006 1482; x_wconf 86' lang='lat' dir='ltr'>Tantali,</span> <span class='ocrx_word' id='word_1_438' title='bbox 3053 1417 3226 1490; x_wconf 84' lang='lat' dir='ltr'>Tityi,</span> <span class='ocrx_word' id='word_1_439' title='bbox 3278 1417 3503 1491; x_wconf 80' lang='lat' dir='ltr'>Sityphi</span> <span class='ocrx_word' id='word_1_440' title='bbox 3551 1422 3609 1474; x_wconf 90' lang='lat' dir='ltr'>et</span> 
     </span>
    </p>
   </div>
   <div class='ocr_carea' id='block_1_59' title="bbox 1958 1505 3608 1579">
    <p class='ocr_par' dir='ltr' id='par_1_59' title="bbox 1958 1505 3608 1579">
     <span class='ocr_line' id='line_1_59' title="bbox 1958 1505 3608 1579; baseline 0.001 -17"><span class='ocrx_word' id='word_1_441' title='bbox 1958 1505 2138 1562; x_wconf 90' lang='lat' dir='ltr'>Danai</span> <span class='ocrx_word' id='word_1_442' title='bbox 2172 1505 2448 1572; x_wconf 86' lang='lat' dir='ltr'>filiarum,</span> <span class='ocrx_word' id='word_1_443' title='bbox 2481 1523 2585 1561; x_wconf 91' lang='lat' dir='ltr'>nec</span> <span class='ocrx_word' id='word_1_444' title='bbox 2619 1523 2734 1562; x_wconf 90' lang='lat' dir='ltr'>non</span> <span class='ocrx_word' id='word_1_445' title='bbox 2767 1505 2914 1562; x_wconf 90' lang='lat' dir='ltr'>alios</span> <span class='ocrx_word' id='word_1_446' title='bbox 2939 1523 3112 1563; x_wconf 89' lang='lat' dir='ltr'>omne</span> <span class='ocrx_word' id='word_1_447' title='bbox 3143 1507 3479 1579; x_wconf 89' lang='lat' dir='ltr'>quicunque</span> <span class='ocrx_word' id='word_1_448' title='bbox 3509 1507 3608 1564; x_wconf 87' lang='lat' dir='ltr'>hic</span> 
     </span>
    </p>
   </div>
   <div class='ocr_carea' id='block_1_60' title="bbox 1957 1595 3610 1667">
    <p class='ocr_par' dir='ltr' id='par_1_60' title="bbox 1957 1595 3610 1667">
     <span class='ocr_line' id='line_1_60' title="bbox 1957 1595 3610 1667; baseline 0.002 -18"><span class='ocrx_word' id='word_1_449' title='bbox 1957 1595 2228 1650; x_wconf 89' lang='lat' dir='ltr'>vixerunt</span> <span class='ocrx_word' id='word_1_450' title='bbox 2257 1595 2455 1667; x_wconf 89' lang='lat' dir='ltr'>impie.</span> <span class='ocrx_word' id='word_1_451' title='bbox 2488 1597 2566 1650; x_wconf 85' lang='lat' dir='ltr'>Ac</span> <span class='ocrx_word' id='word_1_452' title='bbox 2598 1595 2971 1667; x_wconf 91' lang='lat' dir='ltr'>quomodo,si</span> <span class='ocrx_word' id='word_1_453' title='bbox 3005 1595 3127 1651; x_wconf 71' lang='lat' dir='ltr'>haec</span> <span class='ocrx_word' id='word_1_454' title='bbox 3159 1613 3275 1652; x_wconf 91' lang='lat' dir='ltr'>non</span> <span class='ocrx_word' id='word_1_455' title='bbox 3307 1596 3390 1652; x_wconf 89' lang='lat' dir='ltr'>ita</span> <span class='ocrx_word' id='word_1_456' title='bbox 3418 1613 3480 1652; x_wconf 91' lang='lat' dir='ltr'>se</span> <span class='ocrx_word' id='word_1_457' title='bbox 3509 1596 3610 1654; x_wconf 88' lang='lat' dir='ltr'>ha-</span> 
     </span>
    </p>
   </div>
   <div class='ocr_carea' id='block_1_61' title="bbox 1959 1684 3605 1757">
    <p class='ocr_par' dir='ltr' id='par_1_61' title="bbox 1959 1684 3605 1757">
     <span class='ocr_line' id='line_1_61' title="bbox 1959 1684 3605 1757; baseline 0.001 -17"><span class='ocrx_word' id='word_1_458' title='bbox 1959 1685 2116 1755; x_wconf 85' lang='lat' dir='ltr'>bent,</span> <span class='ocrx_word' id='word_1_459' title='bbox 2152 1685 2362 1756; x_wconf 88' lang='lat' dir='ltr'>poterit</span> <span class='ocrx_word' id='word_1_460' title='bbox 2391 1685 2587 1756; x_wconf 84' lang='lat' dir='ltr'>magia</span> <span class='ocrx_word' id='word_1_461' title='bbox 2636 1685 3006 1740; x_wconf 84' lang='lat' dir='ltr'>subsistere?</span> <span class='ocrx_word' id='word_1_462' title='bbox 3053 1685 3317 1757; x_wconf 88' lang='lat' dir='ltr'>Cumque</span> <span class='ocrx_word' id='word_1_463' title='bbox 3363 1684 3460 1741; x_wconf 89' lang='lat' dir='ltr'>ille</span> <span class='ocrx_word' id='word_1_464' title='bbox 3517 1703 3605 1742; x_wconf 84' lang='lat' dir='ltr'>re-</span> 
     </span>
    </p>
   </div>
   <div class='ocr_carea' id='block_1_62' title="bbox 1958 1771 3605 1846">
    <p class='ocr_par' dir='ltr' id='par_1_62' title="bbox 1958 1771 3605 1846">
     <span class='ocr_line' id='line_1_62' title="bbox 1958 1771 3605 1846; baseline 0.001 -17"><span class='ocrx_word' id='word_1_465' title='bbox 1958 1771 2312 1846; x_wconf 76' lang='lat' dir='ltr'>spondisset,</span> <span class='ocrx_word' id='word_1_466' title='bbox 2346 1772 2428 1828; x_wconf 89' lang='lat' dir='ltr'>ita</span> <span class='ocrx_word' id='word_1_467' title='bbox 2455 1789 2583 1829; x_wconf 90' lang='lat' dir='ltr'>esse</span> <span class='ocrx_word' id='word_1_468' title='bbox 2613 1774 2686 1829; x_wconf 91' lang='lat' dir='ltr'>de</span> <span class='ocrx_word' id='word_1_469' title='bbox 2717 1772 2940 1846; x_wconf 83' lang='lat' dir='ltr'>inferis,</span> <span class='ocrx_word' id='word_1_470' title='bbox 2974 1791 3078 1845; x_wconf 87' lang='lat' dir='ltr'>ego</span> <span class='ocrx_word' id='word_1_471' title='bbox 3118 1773 3468 1846; x_wconf 83' lang='lat' dir='ltr'>interrogavi</span> <span class='ocrx_word' id='word_1_472' title='bbox 3501 1791 3514 1830; x_wconf 91' lang='lat'>:</span> <span class='ocrx_word' id='word_1_473' title='bbox 3547 1779 3605 1831; x_wconf 86' lang='lat' dir='ltr'>et</span> 
     </span>
    </p>
   </div>
   <div class='ocr_carea' id='block_1_63' title="bbox 1957 1861 3604 1936">
    <p class='ocr_par' dir='ltr' id='par_1_63' title="bbox 1957 1861 3604 1936">
     <span class='ocr_line' id='line_1_63' title="bbox 1957 1861 3604 1936; baseline 0.001 -19"><span class='ocrx_word' id='word_1_474' title='bbox 1957 1879 2062 1918; x_wconf 92' lang='lat' dir='ltr'>cur</span> <span class='ocrx_word' id='word_1_475' title='bbox 2090 1862 2202 1934; x_wconf 92' lang='lat' dir='ltr'>ipsi</span> <span class='ocrx_word' id='word_1_476' title='bbox 2257 1861 2514 1933; x_wconf 83' lang='lat' dir='ltr'>magiam</span> <span class='ocrx_word' id='word_1_477' title='bbox 2545 1878 2808 1918; x_wconf 85' lang='lat' dir='ltr'>exercere</span> <span class='ocrx_word' id='word_1_478' title='bbox 2841 1880 2954 1918; x_wconf 90' lang='lat' dir='ltr'>non</span> <span class='ocrx_word' id='word_1_479' title='bbox 2995 1862 3296 1930; x_wconf 87' lang='lat' dir='ltr'>timemus,</span> <span class='ocrx_word' id='word_1_480' title='bbox 3329 1862 3430 1936; x_wconf 90' lang='lat' dir='ltr'>qui</span> <span class='ocrx_word' id='word_1_481' title='bbox 3461 1863 3604 1919; x_wconf 91' lang='lat' dir='ltr'>certi</span> 
     </span>
    </p>
   </div>
   <div class='ocr_carea' id='block_1_64' title="bbox 1959 1950 3603 2024">
    <p class='ocr_par' dir='ltr' id='par_1_64' title="bbox 1959 1950 3603 2024">
     <span class='ocr_line' id='line_1_64' title="bbox 1959 1950 3603 2024; baseline -0.001 -16"><span class='ocrx_word' id='word_1_482' title='bbox 1959 1968 2166 2008; x_wconf 91' lang='lat' dir='ltr'>sumus</span> <span class='ocrx_word' id='word_1_483' title='bbox 2199 1950 2269 2006; x_wconf 92' lang='lat' dir='ltr'>de</span> <span class='ocrx_word' id='word_1_484' title='bbox 2301 1950 2486 2023; x_wconf 75' lang='lat' dir='ltr'>poenis</span> <span class='ocrx_word' id='word_1_485' title='bbox 2510 1951 2779 2006; x_wconf 88' lang='lat' dir='ltr'>adulterii</span> <span class='ocrx_word' id='word_1_486' title='bbox 2810 1951 2964 2022; x_wconf 91' lang='lat' dir='ltr'>apud</span> <span class='ocrx_word' id='word_1_487' title='bbox 2996 1951 3211 2007; x_wconf 90' lang='lat' dir='ltr'>inferos</span> <span class='ocrx_word' id='word_1_488' title='bbox 3231 1951 3258 2006; x_wconf 85' lang='lat'><strong>?</strong></span> <span class='ocrx_word' id='word_1_489' title='bbox 3285 1956 3494 2024; x_wconf 86' lang='lat' dir='ltr'>Stupro</span> <span class='ocrx_word' id='word_1_490' title='bbox 3526 1952 3603 2008; x_wconf 90' lang='lat' dir='ltr'>si-</span> 
     </span>
    </p>
   </div>
   <div class='ocr_carea' id='block_1_65' title="bbox 1959 2039 3604 2112">
    <p class='ocr_par' dir='ltr' id='par_1_65' title="bbox 1959 2039 3604 2112">
     <span class='ocr_line' id='line_1_65' title="bbox 1959 2039 3604 2112; baseline 0.001 -18"><span class='ocrx_word' id='word_1_491' title='bbox 1959 2039 2198 2112; x_wconf 89' lang='lat' dir='ltr'>quidem</span> <span class='ocrx_word' id='word_1_492' title='bbox 2247 2039 2542 2095; x_wconf 88' lang='lat' dir='ltr'>nolentem</span> <span class='ocrx_word' id='word_1_493' title='bbox 2597 2040 2874 2095; x_wconf 79' lang='lat' dir='ltr'>feminam</span> <span class='ocrx_word' id='word_1_494' title='bbox 2923 2042 3327 2112; x_wconf 88' lang='lat' dir='ltr'>comprimere,</span> <span class='ocrx_word' id='word_1_495' title='bbox 3372 2043 3604 2112; x_wconf 86' lang='lat' dir='ltr'>justum</span> 
     </span>
    </p>
   </div>
   <div class='ocr_carea' id='block_1_66' title="bbox 1958 2128 3604 2203">
    <p class='ocr_par' dir='ltr' id='par_1_66' title="bbox 1958 2128 3604 2203">
     <span class='ocr_line' id='line_1_66' title="bbox 1958 2128 3604 2203; baseline -0.001 -17"><span class='ocrx_word' id='word_1_496' title='bbox 1958 2146 2086 2186; x_wconf 91' lang='lat' dir='ltr'>esse</span> <span class='ocrx_word' id='word_1_497' title='bbox 2119 2145 2235 2184; x_wconf 89' lang='lat' dir='ltr'>non</span> <span class='ocrx_word' id='word_1_498' title='bbox 2267 2129 2571 2186; x_wconf 88' lang='lat' dir='ltr'>assentior.</span> <span class='ocrx_word' id='word_1_499' title='bbox 2606 2129 2716 2185; x_wconf 92' lang='lat' dir='ltr'>Sed</span> <span class='ocrx_word' id='word_1_500' title='bbox 2753 2128 2801 2184; x_wconf 88' lang='lat' dir='ltr'>si</span> <span class='ocrx_word' id='word_1_501' title='bbox 2832 2129 2966 2200; x_wconf 86' lang='lat' dir='ltr'>quis</span> <span class='ocrx_word' id='word_1_502' title='bbox 2998 2146 3420 2203; x_wconf 88' lang='lat' dir='ltr'>persuasurum</span> <span class='ocrx_word' id='word_1_503' title='bbox 3453 2146 3514 2186; x_wconf 91' lang='lat' dir='ltr'>se</span> <span class='ocrx_word' id='word_1_504' title='bbox 3536 2129 3604 2185; x_wconf 84' lang='lat' dir='ltr'>il-</span> 
     </span>
    </p>
   </div>
   <div class='ocr_carea' id='block_1_67' title="bbox 1958 2217 3607 2292">
    <p class='ocr_par' dir='ltr' id='par_1_67' title="bbox 1958 2217 3607 2292">
     <span class='ocr_line' id='line_1_67' title="bbox 1958 2217 3607 2292; baseline 0.001 -19"><span class='ocrx_word' id='word_1_505' title='bbox 1958 2217 2073 2273; x_wconf 87' lang='lat' dir='ltr'>lam</span> <span class='ocrx_word' id='word_1_506' title='bbox 2110 2217 2432 2291; x_wconf 87' lang='lat' dir='ltr'>pollicetur,</span> <span class='ocrx_word' id='word_1_507' title='bbox 2457 2219 2529 2274; x_wconf 92' lang='lat' dir='ltr'>ad</span> <span class='ocrx_word' id='word_1_508' title='bbox 2561 2218 2618 2273; x_wconf 90' lang='lat' dir='ltr'>id</span> <span class='ocrx_word' id='word_1_509' title='bbox 2651 2234 2756 2290; x_wconf 85' lang='lat' dir='ltr'>ego</span> <span class='ocrx_word' id='word_1_510' title='bbox 2789 2234 2922 2273; x_wconf 87' lang='lat' dir='ltr'>sum</span> <span class='ocrx_word' id='word_1_511' title='bbox 2954 2222 3214 2291; x_wconf 88' lang='lat' dir='ltr'>paratus,</span> <span class='ocrx_word' id='word_1_512' title='bbox 3248 2218 3607 2292; x_wconf 89' lang='lat' dir='ltr'>insuperque</span> 
     </span>
    </p>
   </div>
   <div class='ocr_carea' id='block_1_68' title="bbox 1958 2307 2483 2381">
    <p class='ocr_par' dir='ltr' id='par_1_68' title="bbox 1958 2307 2483 2381">
     <span class='ocr_line' id='line_1_68' title="bbox 1958 2307 2483 2381; baseline 0 -19"><span class='ocrx_word' id='word_1_513' title='bbox 1958 2307 2182 2363; x_wconf 86' lang='lat' dir='ltr'>habebo</span> <span class='ocrx_word' id='word_1_514' title='bbox 2213 2307 2483 2381; x_wconf 87' lang='lat' dir='ltr'>gratiam.</span> 
     </span>
    </p>
   </div>
   <div class='ocr_carea' id='block_1_69' title="bbox 2030 2395 3603 2470">
    <p class='ocr_par' dir='ltr' id='par_1_69' title="bbox 2030 2395 3603 2470">
     <span class='ocr_line' id='line_1_69' title="bbox 2030 2395 3603 2470; baseline 0.001 -18"><span class='ocrx_word' id='word_1_515' title='bbox 2030 2397 2146 2453; x_wconf 85' lang='lat' dir='ltr'><strong>VII.</strong></span> <span class='ocrx_word' id='word_1_516' title='bbox 2180 2397 2415 2468; x_wconf 84' lang='lat' dir='ltr'>Excepit</span> <span class='ocrx_word' id='word_1_517' title='bbox 2457 2395 2676 2470; x_wconf 82' lang='lat' dir='ltr'>Appion</span> <span class='ocrx_word' id='word_1_518' title='bbox 2712 2412 2724 2450; x_wconf 86' lang='lat'>:</span> <span class='ocrx_word' id='word_1_519' title='bbox 2757 2396 2961 2452; x_wconf 88' lang='lat' dir='ltr'>Nonne</span> <span class='ocrx_word' id='word_1_520' title='bbox 3010 2395 3116 2451; x_wconf 91' lang='lat' dir='ltr'>tibi</span> <span class='ocrx_word' id='word_1_521' title='bbox 3165 2396 3394 2452; x_wconf 91' lang='lat' dir='ltr'>videtur</span> <span class='ocrx_word' id='word_1_522' title='bbox 3449 2396 3603 2455; x_wconf 91' lang='lat' dir='ltr'>idem</span> 
     </span>
    </p>
   </div>
   <div class='ocr_carea' id='block_1_70' title="bbox 1957 2485 3604 2559">
    <p class='ocr_par' dir='ltr' id='par_1_70' title="bbox 1957 2485 3604 2559">
     <span class='ocr_line' id='line_1_70' title="bbox 1957 2485 3604 2559; baseline 0.001 -17"><span class='ocrx_word' id='word_1_523' title='bbox 1957 2503 2107 2552; x_wconf 77' lang='lat' dir='ltr'>esse,</span> <span class='ocrx_word' id='word_1_524' title='bbox 2141 2485 2260 2542; x_wconf 90' lang='lat' dir='ltr'>sive</span> <span class='ocrx_word' id='word_1_525' title='bbox 2291 2503 2391 2558; x_wconf 90' lang='lat' dir='ltr'>per</span> <span class='ocrx_word' id='word_1_526' title='bbox 2421 2485 2675 2558; x_wconf 85' lang='lat' dir='ltr'>magiam</span> <span class='ocrx_word' id='word_1_527' title='bbox 2709 2502 2774 2541; x_wconf 89' lang='lat' dir='ltr'>ea</span> <span class='ocrx_word' id='word_1_528' title='bbox 2807 2485 3072 2557; x_wconf 87' lang='lat' dir='ltr'>potiaris,</span> <span class='ocrx_word' id='word_1_529' title='bbox 3095 2485 3215 2541; x_wconf 85' lang='lat' dir='ltr'>sive</span> <span class='ocrx_word' id='word_1_530' title='bbox 3244 2503 3347 2559; x_wconf 90' lang='lat' dir='ltr'>per</span> <span class='ocrx_word' id='word_1_531' title='bbox 3393 2487 3604 2543; x_wconf 88' lang='lat' dir='ltr'>verbo-</span> 
     </span>
    </p>
   </div>
   <div class='ocr_carea' id='block_1_71' title="bbox 1956 2575 3605 2648">
    <p class='ocr_par' dir='ltr' id='par_1_71' title="bbox 1956 2575 3605 2648">
     <span class='ocr_line' id='line_1_71' title="bbox 1956 2575 3605 2648; baseline 0.001 -16"><span class='ocrx_word' id='word_1_532' title='bbox 1956 2594 2087 2632; x_wconf 88' lang='lat' dir='ltr'>rum</span> <span class='ocrx_word' id='word_1_533' title='bbox 2117 2575 2417 2632; x_wconf 87' lang='lat' dir='ltr'>suadelam</span> <span class='ocrx_word' id='word_1_534' title='bbox 2440 2575 2468 2630; x_wconf 78' lang='lat' dir='ltr'>‘l</span> <span class='ocrx_word' id='word_1_535' title='bbox 2530 2575 2825 2648; x_wconf 78' lang='lat' dir='ltr'>Respondi</span> <span class='ocrx_word' id='word_1_536' title='bbox 2857 2592 2963 2648; x_wconf 90' lang='lat' dir='ltr'>ego</span> <span class='ocrx_word' id='word_1_537' title='bbox 3013 2591 3026 2630; x_wconf 89' lang='lat'><strong>:</strong></span> <span class='ocrx_word' id='word_1_538' title='bbox 3071 2575 3197 2631; x_wconf 84' lang='lat' dir='ltr'>Non</span> <span class='ocrx_word' id='word_1_539' title='bbox 3229 2575 3467 2633; x_wconf 87' lang='lat' dir='ltr'>omnino</span> <span class='ocrx_word' id='word_1_540' title='bbox 3497 2593 3605 2648; x_wconf 88' lang='lat' dir='ltr'>par</span> 
     </span>
    </p>
   </div>
   <div class='ocr_carea' id='block_1_72' title="bbox 1954 2663 3602 2738">
    <p class='ocr_par' dir='ltr' id='par_1_72' title="bbox 1954 2663 3602 2738">
     <span class='ocr_line' id='line_1_72' title="bbox 1954 2663 3602 2738; baseline 0 -16"><span class='ocrx_word' id='word_1_541' title='bbox 1954 2670 2045 2722; x_wconf 90' lang='lat' dir='ltr'>est</span> <span class='ocrx_word' id='word_1_542' title='bbox 2080 2682 2092 2719; x_wconf 93' lang='lat'>:</span> <span class='ocrx_word' id='word_1_543' title='bbox 2125 2665 2376 2720; x_wconf 88' lang='lat' dir='ltr'>multum</span> <span class='ocrx_word' id='word_1_544' title='bbox 2411 2663 2627 2736; x_wconf 87' lang='lat' dir='ltr'>quippe</span> <span class='ocrx_word' id='word_1_545' title='bbox 2676 2664 2856 2719; x_wconf 90' lang='lat' dir='ltr'>distat</span> <span class='ocrx_word' id='word_1_546' title='bbox 2903 2680 3083 2718; x_wconf 90' lang='lat' dir='ltr'>unum</span> <span class='ocrx_word' id='word_1_547' title='bbox 3129 2664 3202 2718; x_wconf 91' lang='lat' dir='ltr'>ab</span> <span class='ocrx_word' id='word_1_548' title='bbox 3251 2664 3466 2734; x_wconf 88' lang='lat' dir='ltr'>altero;</span> <span class='ocrx_word' id='word_1_549' title='bbox 3500 2667 3602 2738; x_wconf 88' lang='lat' dir='ltr'>qui</span> 
     </span>
    </p>
   </div>
   <div class='ocr_carea' id='block_1_73' title="bbox 1955 2751 3602 2826">
    <p class='ocr_par' dir='ltr' id='par_1_73' title="bbox 1955 2751 3602 2826">
     <span class='ocr_line' id='line_1_73' title="bbox 1955 2751 3602 2826; baseline 0 -17"><span class='ocrx_word' id='word_1_550' title='bbox 1955 2755 2111 2811; x_wconf 89' lang='lat' dir='ltr'>enim</span> <span class='ocrx_word' id='word_1_551' title='bbox 2143 2753 2382 2808; x_wconf 89' lang='lat' dir='ltr'>invitam</span> <span class='ocrx_word' id='word_1_552' title='bbox 2415 2752 2720 2808; x_wconf 87' lang='lat' dir='ltr'>mulierem</span> <span class='ocrx_word' id='word_1_553' title='bbox 2745 2769 2846 2824; x_wconf 89' lang='lat' dir='ltr'>per</span> <span class='ocrx_word' id='word_1_554' title='bbox 2874 2751 2990 2807; x_wconf 90' lang='lat' dir='ltr'>vim</span> <span class='ocrx_word' id='word_1_555' title='bbox 3042 2751 3245 2825; x_wconf 62' lang='lat' dir='ltr'>magiis</span> <span class='ocrx_word' id='word_1_556' title='bbox 3293 2754 3448 2826; x_wconf 84' lang='lat' dir='ltr'>cogit</span> <span class='ocrx_word' id='word_1_557' title='bbox 3477 2759 3602 2809; x_wconf 89' lang='lat' dir='ltr'>tan-</span> 
     </span>
    </p>
   </div>
   <div class='ocr_carea' id='block_1_74' title="bbox 1955 2841 3595 2917">
    <p class='ocr_par' dir='ltr' id='par_1_74' title="bbox 1955 2841 3595 2917">
     <span class='ocr_line' id='line_1_74' title="bbox 1955 2841 3595 2917; baseline 0.001 -19"><span class='ocrx_word' id='word_1_558' title='bbox 1955 2861 2133 2917; x_wconf 90' lang='lat' dir='ltr'>quam</span> <span class='ocrx_word' id='word_1_559' title='bbox 2165 2842 2472 2898; x_wconf 86' lang='lat' dir='ltr'>insidiator</span> <span class='ocrx_word' id='word_1_560' title='bbox 2501 2841 2725 2914; x_wconf 70' lang='lat' dir='ltr'>pudicae</span> <span class='ocrx_word' id='word_1_561' title='bbox 2756 2841 3132 2914; x_wconf 86' lang='lat' dir='ltr'>gravissimas</span> <span class='ocrx_word' id='word_1_562' title='bbox 3164 2842 3327 2898; x_wconf 86' lang='lat' dir='ltr'>dabit</span> <span class='ocrx_word' id='word_1_563' title='bbox 3358 2860 3555 2916; x_wconf 71' lang='lat' dir='ltr'>poenas</span> <span class='ocrx_word' id='word_1_564' title='bbox 3581 2859 3595 2900; x_wconf 89' lang='lat'><strong>:</strong></span> 
     </span>
    </p>
   </div>
   <div class='ocr_carea' id='block_1_75' title="bbox 1955 2930 3609 3006">
    <p class='ocr_par' dir='ltr' id='par_1_75' title="bbox 1955 2930 3609 3006">
     <span class='ocr_line' id='line_1_75' title="bbox 1955 2930 3609 3006; baseline 0 -18"><span class='ocrx_word' id='word_1_565' title='bbox 1955 2933 2053 3006; x_wconf 89' lang='lat' dir='ltr'>qui</span> <span class='ocrx_word' id='word_1_566' title='bbox 2083 2949 2215 2988; x_wconf 89' lang='lat' dir='ltr'>vero</span> <span class='ocrx_word' id='word_1_567' title='bbox 2246 2947 2514 2987; x_wconf 89' lang='lat' dir='ltr'>sermone</span> <span class='ocrx_word' id='word_1_568' title='bbox 2544 2930 2858 3002; x_wconf 74' lang='lat' dir='ltr'>persuasit,</span> <span class='ocrx_word' id='word_1_569' title='bbox 2882 2935 3056 3003; x_wconf 90' lang='lat' dir='ltr'>atque</span> <span class='ocrx_word' id='word_1_570' title='bbox 3103 2931 3162 2986; x_wconf 90' lang='lat' dir='ltr'>in</span> <span class='ocrx_word' id='word_1_571' title='bbox 3208 2933 3335 3003; x_wconf 82' lang='lat' dir='ltr'>ejus</span> <span class='ocrx_word' id='word_1_572' title='bbox 3367 2932 3609 2989; x_wconf 89' lang='lat' dir='ltr'>arbitrio</span> 
     </span>
    </p>
   </div>
   <div class='ocr_carea' id='block_1_76' title="bbox 1957 3019 3606 3093">
    <p class='ocr_par' dir='ltr' id='par_1_76' title="bbox 1957 3019 3606 3093">
     <span class='ocr_line' id='line_1_76' title="bbox 1957 3019 3606 3093; baseline 0 -15"><span class='ocrx_word' id='word_1_573' title='bbox 1957 3038 2022 3078; x_wconf 89' lang='lat' dir='ltr'>ac</span> <span class='ocrx_word' id='word_1_574' title='bbox 2053 3021 2350 3076; x_wconf 89' lang='lat' dir='ltr'>voluntate</span> <span class='ocrx_word' id='word_1_575' title='bbox 2381 3019 2575 3093; x_wconf 89' lang='lat' dir='ltr'>posuit</span> <span class='ocrx_word' id='word_1_576' title='bbox 2605 3019 2970 3084; x_wconf 89' lang='lat' dir='ltr'>electionem,</span> <span class='ocrx_word' id='word_1_577' title='bbox 3004 3020 3056 3075; x_wconf 89' lang='lat' dir='ltr'>is</span> <span class='ocrx_word' id='word_1_578' title='bbox 3093 3037 3208 3076; x_wconf 92' lang='lat' dir='ltr'>non</span> <span class='ocrx_word' id='word_1_579' title='bbox 3239 3021 3439 3077; x_wconf 91' lang='lat' dir='ltr'>intulit</span> <span class='ocrx_word' id='word_1_580' title='bbox 3466 3021 3606 3078; x_wconf 91' lang='lat' dir='ltr'>vim.</span> 
     </span>
    </p>
   </div>
   <div class='ocr_carea' id='block_1_77' title="bbox 1958 3108 3609 3182">
    <p class='ocr_par' dir='ltr' id='par_1_77' title="bbox 1958 3108 3609 3182">
     <span class='ocr_line' id='line_1_77' title="bbox 1958 3108 3609 3182; baseline 0.001 -16"><span class='ocrx_word' id='word_1_581' title='bbox 1958 3110 2153 3166; x_wconf 88' lang='lat' dir='ltr'>Minus</span> <span class='ocrx_word' id='word_1_582' title='bbox 2184 3115 2404 3177; x_wconf 89' lang='lat' dir='ltr'>autem,</span> <span class='ocrx_word' id='word_1_583' title='bbox 2437 3108 2668 3180; x_wconf 90' lang='lat' dir='ltr'>opinior</span> <span class='ocrx_word' id='word_1_584' title='bbox 2702 3109 2977 3180; x_wconf 87' lang='lat' dir='ltr'>punietur</span> <span class='ocrx_word' id='word_1_585' title='bbox 3024 3109 3125 3181; x_wconf 91' lang='lat' dir='ltr'>qui</span> <span class='ocrx_word' id='word_1_586' title='bbox 3171 3109 3380 3180; x_wconf 81' lang='lat' dir='ltr'>suasit,</span> <span class='ocrx_word' id='word_1_587' title='bbox 3431 3127 3609 3182; x_wconf 85' lang='lat' dir='ltr'>quam</span> 
     </span>
    </p>
   </div>
   <div class='ocr_carea' id='block_1_78' title="bbox 1957 3197 3604 3271">
    <p class='ocr_par' dir='ltr' id='par_1_78' title="bbox 1957 3197 3604 3271">
     <span class='ocr_line' id='line_1_78' title="bbox 1957 3197 3604 3271; baseline 0.001 -17"><span class='ocrx_word' id='word_1_588' title='bbox 1957 3200 2055 3271; x_wconf 90' lang='lat' dir='ltr'>qui</span> <span class='ocrx_word' id='word_1_589' title='bbox 2089 3197 2297 3271; x_wconf 88' lang='lat' dir='ltr'>coegit.</span> <span class='ocrx_word' id='word_1_590' title='bbox 2327 3197 2611 3264; x_wconf 89' lang='lat' dir='ltr'>Quocirca</span> <span class='ocrx_word' id='word_1_591' title='bbox 2666 3197 2715 3253; x_wconf 90' lang='lat' dir='ltr'>si</span> <span class='ocrx_word' id='word_1_592' title='bbox 2745 3197 2983 3268; x_wconf 90' lang='lat' dir='ltr'>quidem</span> <span class='ocrx_word' id='word_1_593' title='bbox 3015 3197 3369 3268; x_wconf 87' lang='lat' dir='ltr'>persuadere</span> <span class='ocrx_word' id='word_1_594' title='bbox 3417 3203 3604 3270; x_wconf 87' lang='lat' dir='ltr'>potes,</span> 
     </span>
    </p>
   </div>
   <div class='ocr_carea' id='block_1_79' title="bbox 1958 3285 3607 3361">
    <p class='ocr_par' dir='ltr' id='par_1_79' title="bbox 1958 3285 3607 3361">
     <span class='ocr_line' id='line_1_79' title="bbox 1958 3285 3607 3361; baseline 0.002 -19"><span class='ocrx_word' id='word_1_595' title='bbox 1958 3289 2204 3361; x_wconf 88' lang='lat' dir='ltr'>gratiam</span> <span class='ocrx_word' id='word_1_596' title='bbox 2239 3287 2464 3342; x_wconf 85' lang='lat' dir='ltr'>habebo</span> <span class='ocrx_word' id='word_1_597' title='bbox 2494 3301 2733 3356; x_wconf 89' lang='lat' dir='ltr'>compos</span> <span class='ocrx_word' id='word_1_598' title='bbox 2765 3286 2952 3341; x_wconf 86' lang='lat' dir='ltr'>factus</span> <span class='ocrx_word' id='word_1_599' title='bbox 2977 3301 2991 3340; x_wconf 94' lang='lat'><strong>:</strong></span> <span class='ocrx_word' id='word_1_600' title='bbox 3021 3285 3190 3342; x_wconf 89' lang='lat' dir='ltr'>aliter</span> <span class='ocrx_word' id='word_1_601' title='bbox 3212 3302 3347 3343; x_wconf 88' lang='lat' dir='ltr'>vero</span> <span class='ocrx_word' id='word_1_602' title='bbox 3373 3287 3607 3345; x_wconf 75' lang='lat' dir='ltr'>dulcius</span> 
     </span>
    </p>
   </div>
   <div class='ocr_carea' id='block_1_80' title="bbox 1879 3347 3189 3448">
    <p class='ocr_par' dir='ltr' id='par_1_80' title="bbox 1879 3347 3189 3448">
     <span class='ocr_line' id='line_1_80' title="bbox 1879 3347 3189 3448; baseline -0.002 -15"><span class='ocrx_word' id='word_1_603' title='bbox 1879 3347 1920 3415; x_wconf 64' lang='grc' dir='ltr'><strong>Ο</strong></span> <span class='ocrx_word' id='word_1_604' title='bbox 1958 3347 2104 3433; x_wconf 63' lang='lat' dir='ltr'>mihi</span> <span class='ocrx_word' id='word_1_605' title='bbox 2136 3375 2280 3432; x_wconf 86' lang='lat' dir='ltr'>mori</span> <span class='ocrx_word' id='word_1_606' title='bbox 2316 3391 2492 3448; x_wconf 87' lang='lat' dir='ltr'>quam</span> <span class='ocrx_word' id='word_1_607' title='bbox 2523 3374 2817 3430; x_wconf 83' lang='lat' dir='ltr'>nolentem</span> <span class='ocrx_word' id='word_1_608' title='bbox 2846 3373 2904 3430; x_wconf 89' lang='lat' dir='ltr'>vi</span> <span class='ocrx_word' id='word_1_609' title='bbox 2935 3373 3189 3446; x_wconf 84' lang='lat' dir='ltr'>adigere.</span> 
     </span>
    </p>
   </div>
   <div class='ocr_carea' id='block_1_81' title="bbox 2027 3479 3605 3554">
    <p class='ocr_par' dir='ltr' id='par_1_81' title="bbox 2027 3479 3605 3554">
     <span class='ocr_line' id='line_1_81' title="bbox 2027 3479 3605 3554; baseline 0 -16"><span class='ocrx_word' id='word_1_610' title='bbox 2027 3484 2179 3539; x_wconf 86' lang='lat' dir='ltr'>Vlll.</span> <span class='ocrx_word' id='word_1_611' title='bbox 2212 3483 2282 3538; x_wconf 90' lang='lat' dir='ltr'>Et</span> <span class='ocrx_word' id='word_1_612' title='bbox 2309 3481 2536 3554; x_wconf 89' lang='lat' dir='ltr'>Appion</span> <span class='ocrx_word' id='word_1_613' title='bbox 2567 3496 2697 3536; x_wconf 89' lang='lat' dir='ltr'>vere</span> <span class='ocrx_word' id='word_1_614' title='bbox 2726 3479 2941 3536; x_wconf 90' lang='lat' dir='ltr'>dubius</span> <span class='ocrx_word' id='word_1_615' title='bbox 2988 3479 3171 3535; x_wconf 89' lang='lat' dir='ltr'>animi</span> <span class='ocrx_word' id='word_1_616' title='bbox 3220 3479 3366 3537; x_wconf 81' lang='lat' dir='ltr'>dixit</span> <span class='ocrx_word' id='word_1_617' title='bbox 3397 3497 3412 3538; x_wconf 91' lang='lat'><strong>:</strong></span> <span class='ocrx_word' id='word_1_618' title='bbox 3454 3482 3605 3549; x_wconf 84' lang='lat' dir='ltr'>Quid</span> 
     </span>
    </p>
   </div>
   <div class='ocr_carea' id='block_1_82' title="bbox 1958 3567 3604 3641">
    <p class='ocr_par' dir='ltr' id='par_1_82' title="bbox 1958 3567 3604 3641">
     <span class='ocr_line' id='line_1_82' title="bbox 1958 3567 3604 3641; baseline -0.002 -12"><span class='ocrx_word' id='word_1_619' title='bbox 1958 3589 2051 3628; x_wconf 89' lang='lat' dir='ltr'>me</span> <span class='ocrx_word' id='word_1_620' title='bbox 2073 3571 2176 3626; x_wconf 91' lang='lat' dir='ltr'>tibi</span> <span class='ocrx_word' id='word_1_621' title='bbox 2201 3569 2361 3626; x_wconf 81' lang='lat' dir='ltr'>eﬂ‘ari</span> <span class='ocrx_word' id='word_1_622' title='bbox 2385 3572 2612 3641; x_wconf 87' lang='lat' dir='ltr'>oportet</span> <span class='ocrx_word' id='word_1_623' title='bbox 2636 3571 2658 3624; x_wconf 74' lang='grc' dir='ltr'>Ρ</span> <span class='ocrx_word' id='word_1_624' title='bbox 2678 3568 2980 3624; x_wconf 84' lang='lat' dir='ltr'>Interdum</span> <span class='ocrx_word' id='word_1_625' title='bbox 3005 3567 3163 3623; x_wconf 90' lang='lat' dir='ltr'>enim</span> <span class='ocrx_word' id='word_1_626' title='bbox 3193 3567 3363 3639; x_wconf 87' lang='lat' dir='ltr'>quasi</span> <span class='ocrx_word' id='word_1_627' title='bbox 3386 3570 3604 3625; x_wconf 88' lang='lat' dir='ltr'>amoris</span> 
     </span>
    </p>
   </div>
   <div class='ocr_carea' id='block_1_83' title="bbox 1957 3657 3606 3731">
    <p class='ocr_par' dir='ltr' id='par_1_83' title="bbox 1957 3657 3606 3731">
     <span class='ocr_line' id='line_1_83' title="bbox 1957 3657 3606 3731; baseline -0.001 -16"><span class='ocrx_word' id='word_1_628' title='bbox 1957 3660 2273 3731; x_wconf 88' lang='lat' dir='ltr'>impatiens</span> <span class='ocrx_word' id='word_1_629' title='bbox 2293 3657 2404 3713; x_wconf 83' lang='lat' dir='ltr'>frui</span> <span class='ocrx_word' id='word_1_630' title='bbox 2428 3657 2725 3713; x_wconf 87' lang='lat' dir='ltr'>desideras</span> <span class='ocrx_word' id='word_1_631' title='bbox 2749 3674 2762 3725; x_wconf 90' lang='lat'><strong>;</strong></span> <span class='ocrx_word' id='word_1_632' title='bbox 2794 3657 3090 3711; x_wconf 88' lang='lat' dir='ltr'>interdum</span> <span class='ocrx_word' id='word_1_633' title='bbox 3113 3672 3267 3725; x_wconf 90' lang='lat' dir='ltr'>vero,</span> <span class='ocrx_word' id='word_1_634' title='bbox 3293 3658 3462 3728; x_wconf 89' lang='lat' dir='ltr'>quasi</span> <span class='ocrx_word' id='word_1_635' title='bbox 3489 3675 3606 3714; x_wconf 88' lang='lat' dir='ltr'>non</span> 
     </span>
    </p>
   </div>
   <div class='ocr_carea' id='block_1_84' title="bbox 1955 3744 3604 3819">
    <p class='ocr_par' dir='ltr' id='par_1_84' title="bbox 1955 3744 3604 3819">
     <span class='ocr_line' id='line_1_84' title="bbox 1955 3744 3604 3819; baseline -0.002 -14"><span class='ocrx_word' id='word_1_636' title='bbox 1955 3766 2138 3816; x_wconf 88' lang='lat' dir='ltr'>ames,</span> <span class='ocrx_word' id='word_1_637' title='bbox 2191 3757 2411 3803; x_wconf 78' lang='lat' dir='ltr'>metum</span> <span class='ocrx_word' id='word_1_638' title='bbox 2461 3746 2770 3819; x_wconf 87' lang='lat' dir='ltr'>anteponis</span> <span class='ocrx_word' id='word_1_639' title='bbox 2822 3744 3106 3818; x_wconf 90' lang='lat' dir='ltr'>cupidini,</span> <span class='ocrx_word' id='word_1_640' title='bbox 3164 3749 3223 3801; x_wconf 88' lang='lat' dir='ltr'>et</span> <span class='ocrx_word' id='word_1_641' title='bbox 3278 3745 3604 3819; x_wconf 81' lang='lat' dir='ltr'>existimas,</span> 
     </span>
    </p>
   </div>
   <div class='ocr_carea' id='block_1_85' title="bbox 1953 3835 3603 3911">
    <p class='ocr_par' dir='ltr' id='par_1_85' title="bbox 1953 3835 3603 3911">
     <span class='ocr_line' id='line_1_85' title="bbox 1953 3835 3603 3911; baseline 0 -18"><span class='ocrx_word' id='word_1_642' title='bbox 1953 3839 2132 3911; x_wconf 88' lang='lat' dir='ltr'>quod,</span> <span class='ocrx_word' id='word_1_643' title='bbox 2179 3837 2228 3892; x_wconf 91' lang='lat' dir='ltr'>si</span> <span class='ocrx_word' id='word_1_644' title='bbox 2287 3835 2624 3908; x_wconf 88' lang='lat' dir='ltr'>persuaris,</span> <span class='ocrx_word' id='word_1_645' title='bbox 2693 3835 2933 3907; x_wconf 89' lang='lat' dir='ltr'>impune</span> <span class='ocrx_word' id='word_1_646' title='bbox 2993 3839 3278 3907; x_wconf 87' lang='lat' dir='ltr'>tanquam</span> <span class='ocrx_word' id='word_1_647' title='bbox 3327 3835 3426 3907; x_wconf 90' lang='lat' dir='ltr'>qui</span> <span class='ocrx_word' id='word_1_648' title='bbox 3487 3853 3603 3893; x_wconf 87' lang='lat' dir='ltr'>non</span> 
     </span>
    </p>
   </div>
   <div class='ocr_carea' id='block_1_86' title="bbox 1955 3924 3601 4000">
    <p class='ocr_par' dir='ltr' id='par_1_86' title="bbox 1955 3924 3601 4000">
     <span class='ocr_line' id='line_1_86' title="bbox 1955 3924 3601 4000; baseline -0.001 -17"><span class='ocrx_word' id='word_1_649' title='bbox 1955 3926 2281 4000; x_wconf 83' lang='lat' dir='ltr'>peccaveris</span> <span class='ocrx_word' id='word_1_650' title='bbox 2309 3928 2556 3991; x_wconf 85' lang='lat' dir='ltr'>evades;</span> <span class='ocrx_word' id='word_1_651' title='bbox 2590 3925 2680 3979; x_wconf 89' lang='lat' dir='ltr'>sin</span> <span class='ocrx_word' id='word_1_652' title='bbox 2711 3941 2843 3979; x_wconf 88' lang='lat' dir='ltr'>vero</span> <span class='ocrx_word' id='word_1_653' title='bbox 2878 3940 2978 3994; x_wconf 91' lang='lat' dir='ltr'>per</span> <span class='ocrx_word' id='word_1_654' title='bbox 3009 3925 3291 3997; x_wconf 79' lang='lat' dir='ltr'>magicam</span> <span class='ocrx_word' id='word_1_655' title='bbox 3318 3924 3432 3981; x_wconf 89' lang='lat' dir='ltr'>vim</span> <span class='ocrx_word' id='word_1_656' title='bbox 3465 3941 3601 3982; x_wconf 88' lang='lat' dir='ltr'>cou-</span> 
     </span>
    </p>
   </div>
   <div class='ocr_carea' id='block_1_87' title="bbox 1955 4013 3601 4088">
    <p class='ocr_par' dir='ltr' id='par_1_87' title="bbox 1955 4013 3601 4088">
     <span class='ocr_line' id='line_1_87' title="bbox 1955 4013 3601 4088; baseline -0.001 -17"><span class='ocrx_word' id='word_1_657' title='bbox 1955 4033 2059 4088; x_wconf 91' lang='lat' dir='ltr'>pos</span> <span class='ocrx_word' id='word_1_658' title='bbox 2090 4015 2202 4070; x_wconf 88' lang='lat' dir='ltr'>voti</span> <span class='ocrx_word' id='word_1_659' title='bbox 2235 4016 2364 4082; x_wconf 78' lang='lat' dir='ltr'>ﬁas,</span> <span class='ocrx_word' id='word_1_660' title='bbox 2398 4030 2598 4085; x_wconf 76' lang='lat' dir='ltr'>poenas</span> <span class='ocrx_word' id='word_1_661' title='bbox 2629 4013 2822 4068; x_wconf 90' lang='lat' dir='ltr'>dabis.</span> <span class='ocrx_word' id='word_1_662' title='bbox 2853 4014 2962 4068; x_wconf 88' lang='lat' dir='ltr'>Sed</span> <span class='ocrx_word' id='word_1_663' title='bbox 2996 4013 3254 4084; x_wconf 76' lang='lat' dir='ltr'>ignoras,</span> <span class='ocrx_word' id='word_1_664' title='bbox 3287 4015 3601 4085; x_wconf 83' lang='lat' dir='ltr'>cujuscun-</span> 
     </span>
    </p>
   </div>
   <div class='ocr_carea' id='block_1_88' title="bbox 1953 4100 3599 4178">
    <p class='ocr_par' dir='ltr' id='par_1_88' title="bbox 1953 4100 3599 4178">
     <span class='ocr_line' id='line_1_88' title="bbox 1953 4100 3599 4178; baseline -0.001 -18"><span class='ocrx_word' id='word_1_665' title='bbox 1953 4121 2066 4178; x_wconf 89' lang='lat' dir='ltr'>que</span> <span class='ocrx_word' id='word_1_666' title='bbox 2108 4103 2324 4176; x_wconf 87' lang='lat' dir='ltr'>negotii</span> <span class='ocrx_word' id='word_1_667' title='bbox 2355 4103 2530 4159; x_wconf 82' lang='lat' dir='ltr'>finem</span> <span class='ocrx_word' id='word_1_668' title='bbox 2574 4100 2846 4173; x_wconf 88' lang='lat' dir='ltr'>judicari,</span> <span class='ocrx_word' id='word_1_669' title='bbox 2898 4105 2957 4158; x_wconf 87' lang='lat' dir='ltr'>et</span> <span class='ocrx_word' id='word_1_670' title='bbox 3008 4102 3247 4173; x_wconf 84' lang='lat' dir='ltr'>factum,</span> <span class='ocrx_word' id='word_1_671' title='bbox 3299 4119 3413 4159; x_wconf 91' lang='lat' dir='ltr'>non</span> <span class='ocrx_word' id='word_1_672' title='bbox 3465 4103 3599 4158; x_wconf 83' lang='lat' dir='ltr'>facti</span> 
     </span>
    </p>
   </div>
   <div class='ocr_carea' id='block_1_89' title="bbox 1953 4190 3597 4264">
    <p class='ocr_par' dir='ltr' id='par_1_89' title="bbox 1953 4190 3597 4264">
     <span class='ocr_line' id='line_1_89' title="bbox 1953 4190 3597 4264; baseline 0 -15"><span class='ocrx_word' id='word_1_673' title='bbox 1953 4195 2192 4250; x_wconf 90' lang='lat' dir='ltr'>modum</span> <span class='ocrx_word' id='word_1_674' title='bbox 2223 4191 2490 4264; x_wconf 80' lang='lat' dir='ltr'>expendi.</span> <span class='ocrx_word' id='word_1_675' title='bbox 2525 4192 2591 4246; x_wconf 88' lang='lat' dir='ltr'>Et</span> <span class='ocrx_word' id='word_1_676' title='bbox 2621 4207 2753 4246; x_wconf 92' lang='lat' dir='ltr'>vero</span> <span class='ocrx_word' id='word_1_677' title='bbox 2783 4195 2845 4246; x_wconf 89' lang='lat' dir='ltr'>tu</span> <span class='ocrx_word' id='word_1_678' title='bbox 2879 4190 2930 4247; x_wconf 93' lang='lat' dir='ltr'>si</span> <span class='ocrx_word' id='word_1_679' title='bbox 2963 4190 3319 4248; x_wconf 87' lang='lat' dir='ltr'>adulterium</span> <span class='ocrx_word' id='word_1_680' title='bbox 3349 4192 3597 4249; x_wconf 89' lang='lat' dir='ltr'>commi-</span> 
     </span>
    </p>
   </div>
   <div class='ocr_carea' id='block_1_90' title="bbox 1952 4280 3598 4355">
    <p class='ocr_par' dir='ltr' id='par_1_90' title="bbox 1952 4280 3598 4355">
     <span class='ocr_line' id='line_1_90' title="bbox 1952 4280 3598 4355; baseline 0 -17"><span class='ocrx_word' id='word_1_681' title='bbox 1952 4283 2119 4350; x_wconf 90' lang='lat' dir='ltr'>seris,</span> <span class='ocrx_word' id='word_1_682' title='bbox 2153 4282 2446 4353; x_wconf 88' lang='lat' dir='ltr'>nunquid,</span> <span class='ocrx_word' id='word_1_683' title='bbox 2471 4298 2574 4354; x_wconf 89' lang='lat' dir='ltr'>per</span> <span class='ocrx_word' id='word_1_684' title='bbox 2602 4280 2857 4353; x_wconf 86' lang='lat' dir='ltr'>magiam</span> <span class='ocrx_word' id='word_1_685' title='bbox 2887 4297 3126 4353; x_wconf 88' lang='lat' dir='ltr'>compos</span> <span class='ocrx_word' id='word_1_686' title='bbox 3154 4285 3461 4355; x_wconf 88' lang='lat' dir='ltr'>tamquam</span> <span class='ocrx_word' id='word_1_687' title='bbox 3491 4282 3598 4338; x_wconf 87' lang='lat' dir='ltr'>im-</span> 
     </span>
    </p>
   </div>
   <div class='ocr_carea' id='block_1_91' title="bbox 1951 4369 3597 4445">
    <p class='ocr_par' dir='ltr' id='par_1_91' title="bbox 1951 4369 3597 4445">
     <span class='ocr_line' id='line_1_91' title="bbox 1951 4369 3597 4445; baseline -0.001 -17"><span class='ocrx_word' id='word_1_688' title='bbox 1951 4373 2084 4445; x_wconf 89' lang='lat' dir='ltr'>pius</span> <span class='ocrx_word' id='word_1_689' title='bbox 2113 4369 2616 4436; x_wconf 83' lang='lat' dir='ltr'>condemnaberis,</span> <span class='ocrx_word' id='word_1_690' title='bbox 2650 4386 2751 4441; x_wconf 90' lang='lat' dir='ltr'>per</span> <span class='ocrx_word' id='word_1_691' title='bbox 2780 4369 3118 4426; x_wconf 89' lang='lat' dir='ltr'>suasionem</span> <span class='ocrx_word' id='word_1_692' title='bbox 3148 4387 3303 4438; x_wconf 92' lang='lat' dir='ltr'>vero,</span> <span class='ocrx_word' id='word_1_693' title='bbox 3334 4371 3406 4426; x_wconf 89' lang='lat' dir='ltr'>ab</span> <span class='ocrx_word' id='word_1_694' title='bbox 3436 4371 3597 4426; x_wconf 86' lang='lat' dir='ltr'>adul-</span> 
     </span>
    </p>
   </div>
   <div class='ocr_carea' id='block_1_92' title="bbox 1950 4458 3593 4534">
    <p class='ocr_par' dir='ltr' id='par_1_92' title="bbox 1950 4458 3593 4534">
     <span class='ocr_line' id='line_1_92' title="bbox 1950 4458 3593 4534; baseline -0.001 -17"><span class='ocrx_word' id='word_1_695' title='bbox 1950 4460 2079 4517; x_wconf 91' lang='lat' dir='ltr'>terii</span> <span class='ocrx_word' id='word_1_696' title='bbox 2127 4464 2364 4534; x_wconf 88' lang='lat' dir='ltr'>peccato</span> <span class='ocrx_word' id='word_1_697' title='bbox 2407 4458 2774 4516; x_wconf 87' lang='lat' dir='ltr'>absolveris?</span> <span class='ocrx_word' id='word_1_698' title='bbox 2822 4459 2893 4514; x_wconf 89' lang='lat' dir='ltr'>Et</span> <span class='ocrx_word' id='word_1_699' title='bbox 2939 4475 3044 4530; x_wconf 87' lang='lat' dir='ltr'>ego</span> <span class='ocrx_word' id='word_1_700' title='bbox 3093 4458 3366 4532; x_wconf 84' lang='lat' dir='ltr'>respondi</span> <span class='ocrx_word' id='word_1_701' title='bbox 3401 4475 3415 4515; x_wconf 89' lang='lat'>:</span> <span class='ocrx_word' id='word_1_702' title='bbox 3447 4459 3593 4516; x_wconf 87' lang='lat' dir='ltr'>Cum</span> 
     </span>
    </p>
   </div>
   <div class='ocr_carea' id='block_1_93' title="bbox 1950 4546 3592 4620">
    <p class='ocr_par' dir='ltr' id='par_1_93' title="bbox 1950 4546 3592 4620">
     <span class='ocr_line' id='line_1_93' title="bbox 1950 4546 3592 4620; baseline -0.002 -15"><span class='ocrx_word' id='word_1_703' title='bbox 1950 4566 2163 4616; x_wconf 89' lang='lat' dir='ltr'>amem,</span> <span class='ocrx_word' id='word_1_704' title='bbox 2197 4549 2554 4620; x_wconf 88' lang='lat' dir='ltr'>omninoque</span> <span class='ocrx_word' id='word_1_705' title='bbox 2584 4546 2728 4602; x_wconf 91' lang='lat' dir='ltr'>mihi</span> <span class='ocrx_word' id='word_1_706' title='bbox 2761 4563 3081 4619; x_wconf 89' lang='lat' dir='ltr'>proponam</span> <span class='ocrx_word' id='word_1_707' title='bbox 3115 4547 3228 4602; x_wconf 84' lang='lat' dir='ltr'><strong>frui</strong></span> <span class='ocrx_word' id='word_1_708' title='bbox 3261 4552 3476 4615; x_wconf 88' lang='lat' dir='ltr'>amata,</span> <span class='ocrx_word' id='word_1_709' title='bbox 3495 4563 3592 4602; x_wconf 91' lang='lat' dir='ltr'>ne-</span> 
     </span>
    </p>
   </div>
   <div class='ocr_carea' id='block_1_94' title="bbox 1948 4634 3590 4710">
    <p class='ocr_par' dir='ltr' id='par_1_94' title="bbox 1948 4634 3590 4710">
     <span class='ocr_line' id='line_1_94' title="bbox 1948 4634 3590 4710; baseline -0.002 -16"><span class='ocrx_word' id='word_1_710' title='bbox 1948 4655 2109 4696; x_wconf 87' lang='lat' dir='ltr'>cesse</span> <span class='ocrx_word' id='word_1_711' title='bbox 2141 4638 2376 4710; x_wconf 89' lang='lat' dir='ltr'>quidem</span> <span class='ocrx_word' id='word_1_712' title='bbox 2407 4640 2496 4692; x_wconf 84' lang='lat' dir='ltr'>est</span> <span class='ocrx_word' id='word_1_713' title='bbox 2526 4640 2592 4691; x_wconf 91' lang='lat' dir='ltr'>ut</span> <span class='ocrx_word' id='word_1_714' title='bbox 2634 4635 2881 4692; x_wconf 89' lang='lat' dir='ltr'>alterum</span> <span class='ocrx_word' id='word_1_715' title='bbox 2926 4635 3157 4708; x_wconf 88' lang='lat' dir='ltr'>eligam,</span> <span class='ocrx_word' id='word_1_716' title='bbox 3205 4634 3404 4691; x_wconf 89' lang='lat' dir='ltr'>malim</span> <span class='ocrx_word' id='word_1_717' title='bbox 3435 4652 3590 4705; x_wconf 90' lang='lat' dir='ltr'>vero,</span> 
     </span>
    </p>
   </div>
   <div class='ocr_carea' id='block_1_95' title="bbox 179 4718 1844 4801">
    <p class='ocr_par' dir='ltr' id='par_1_95' title="bbox 179 4721 1833 4801">
     <span class='ocr_line' id='line_1_95' title="bbox 179 4721 1833 4801; baseline -0.002 -20"><span class='ocrx_word' id='word_1_718' title='bbox 179 4724 448 4798; x_wconf 76' lang='grc' dir='ltr'>κολακείᾳ</span> <span class='ocrx_word' id='word_1_719' title='bbox 476 4724 682 4789; x_wconf 87' lang='grc' dir='ltr'>πείθειν</span> <span class='ocrx_word' id='word_1_720' title='bbox 717 4723 884 4795; x_wconf 73' lang='grc' dir='ltr'>αὐτὴν</span> <span class='ocrx_word' id='word_1_721' title='bbox 918 4721 1121 4801; x_wconf 59' lang='grc' dir='ltr'>ῥᾴδιον</span> <span class='ocrx_word' id='word_1_722' title='bbox 1157 4722 1295 4779; x_wconf 86' lang='grc' dir='ltr'>πάνυ</span> <span class='ocrx_word' id='word_1_723' title='bbox 1325 4724 1428 4800; x_wconf 86' lang='grc' dir='ltr'>γάρ</span> <span class='ocrx_word' id='word_1_724' title='bbox 1460 4721 1600 4779; x_wconf 83' lang='grc' dir='ltr'>ἐστιν</span> <span class='ocrx_word' id='word_1_725' title='bbox 1628 4725 1662 4793; x_wconf 80' lang='grc' dir='ltr'><strong>ἡ</strong></span> <span class='ocrx_word' id='word_1_726' title='bbox 1702 4724 1833 4800; x_wconf 86' lang='grc' dir='ltr'>γυνή</span> 
     </span>
    </p>
   </div>
   <div class='ocr_carea' id='block_1_96' title="bbox 1961 4718 3592 4801">
    <p class='ocr_par' dir='ltr' id='par_1_96' title="bbox 1961 4722 3592 4797">
     <span class='ocr_line' id='line_1_96' title="bbox 1961 4722 3592 4797; baseline -0.002 -13"><span class='ocrx_word' id='word_1_727' title='bbox 1961 4727 1996 4784; x_wconf 77' lang='lat' dir='ltr'>Ii</span> <span class='ocrx_word' id='word_1_728' title='bbox 2048 4726 2294 4784; x_wconf 84' lang='lat' dir='ltr'>facultas</span> <span class='ocrx_word' id='word_1_729' title='bbox 2325 4730 2436 4793; x_wconf 91' lang='lat' dir='ltr'>est,</span> <span class='ocrx_word' id='word_1_730' title='bbox 2479 4722 2813 4781; x_wconf 88' lang='lat' dir='ltr'>adulatione</span> <span class='ocrx_word' id='word_1_731' title='bbox 2852 4723 2962 4792; x_wconf 91' lang='lat' dir='ltr'>uti,</span> <span class='ocrx_word' id='word_1_732' title='bbox 3004 4741 3182 4797; x_wconf 91' lang='lat' dir='ltr'>quam</span> <span class='ocrx_word' id='word_1_733' title='bbox 3232 4723 3445 4796; x_wconf 86' lang='lat' dir='ltr'>magia.</span> <span class='ocrx_word' id='word_1_734' title='bbox 3479 4724 3592 4781; x_wconf 87' lang='lat' dir='ltr'>Sed</span> 
     </span>
    </p>
   </div>
   <div class='ocr_carea' id='block_1_97' title="bbox 182 4814 513 4894">
    <p class='ocr_par' dir='ltr' id='par_1_97' title="bbox 182 4814 513 4894">
     <span class='ocr_line' id='line_1_97' title="bbox 182 4814 513 4894; baseline -0.003 -23"><span class='ocrx_word' id='word_1_735' title='bbox 182 4814 513 4894; x_wconf 65' lang='grc' dir='ltr'>φιλόσοφος.</span> 
     </span>
    </p>
   </div>
   <div class='ocr_carea' id='block_1_98' title="bbox 251 4986 1834 5067">
    <p class='ocr_par' dir='ltr' id='par_1_98' title="bbox 251 4986 1834 5067">
     <span class='ocr_line' id='line_1_98' title="bbox 251 4986 1834 5067; baseline -0.001 -19"><span class='ocrx_word' id='word_1_736' title='bbox 251 4998 342 5050; x_wconf 79' lang='lat' dir='ltr'>IX.</span> <span class='ocrx_word' id='word_1_737' title='bbox 379 4991 481 5046; x_wconf 82' lang='grc' dir='ltr'>Καὶ</span> <span class='ocrx_word' id='word_1_738' title='bbox 542 4989 571 5045; x_wconf 90' lang='lat'>6</span> <span class='ocrx_word' id='word_1_739' title='bbox 631 4988 876 5045; x_wconf 85' lang='grc' dir='ltr'>’Λππίων</span> <span class='ocrx_word' id='word_1_740' title='bbox 937 4986 1060 5067; x_wconf 79' lang='grc' dir='ltr'>ἔφη’</span> <span class='ocrx_word' id='word_1_741' title='bbox 1125 4989 1302 5065; x_wconf 80' lang='grc' dir='ltr'>Ταύτῃ</span> <span class='ocrx_word' id='word_1_742' title='bbox 1355 4989 1568 5064; x_wconf 79' lang='grc' dir='ltr'>μᾶλλον</span> <span class='ocrx_word' id='word_1_743' title='bbox 1619 4989 1834 5056; x_wconf 67' lang='grc' dir='ltr'>εὔελπίς</span> 
     </span>
    </p>
   </div>
   <div class='ocr_carea' id='block_1_99' title="bbox 181 5077 1834 5154">
    <p class='ocr_par' dir='ltr' id='par_1_99' title="bbox 181 5077 1834 5154">
     <span class='ocr_line' id='line_1_99' title="bbox 181 5077 1834 5154; baseline 0.001 -19"><span class='ocrx_word' id='word_1_744' title='bbox 181 5080 296 5154; x_wconf 75' lang='grc' dir='ltr'>εἶμι</span> <span class='ocrx_word' id='word_1_745' title='bbox 353 5080 562 5136; x_wconf 77' lang='grc' dir='ltr'>πείθειν</span> <span class='ocrx_word' id='word_1_746' title='bbox 618 5081 663 5116; x_wconf 70' lang='grc'>⁸³</span> <span class='ocrx_word' id='word_1_747' title='bbox 719 5079 885 5148; x_wconf 77' lang='grc' dir='ltr'>αὑτὴν</span> <span class='ocrx_word' id='word_1_748' title='bbox 935 5077 1270 5151; x_wconf 81' lang='grc' dir='ltr'>δυνήσεσθαι,</span> <span class='ocrx_word' id='word_1_749' title='bbox 1322 5079 1396 5143; x_wconf 90' lang='grc' dir='ltr'>ὠς</span> <span class='ocrx_word' id='word_1_750' title='bbox 1445 5079 1602 5144; x_wconf 82' lang='grc' dir='ltr'>αὑτὸς</span> <span class='ocrx_word' id='word_1_751' title='bbox 1634 5082 1834 5154; x_wconf 79' lang='grc' dir='ltr'>θέΛεις,</span> 
     </span>
    </p>
   </div>
   <div class='ocr_carea' id='block_1_100' title="bbox 180 5165 1832 5246">
    <p class='ocr_par' dir='ltr' id='par_1_100' title="bbox 180 5165 1832 5246">
     <span class='ocr_line' id='line_1_100' title="bbox 180 5165 1832 5246; baseline 0.001 -23"><span class='ocrx_word' id='word_1_752' title='bbox 180 5166 329 5246; x_wconf 62' lang='grc' dir='ltr'>εῗπερ</span> <span class='ocrx_word' id='word_1_753' title='bbox 391 5191 454 5245; x_wconf 88' lang='grc' dir='ltr'>γε</span> <span class='ocrx_word' id='word_1_754' title='bbox 514 5166 928 5244; x_wconf 85' lang='grc' dir='ltr'>προσομιλῆσαι</span> <span class='ocrx_word' id='word_1_755' title='bbox 980 5168 1118 5242; x_wconf 75' lang='grc' dir='ltr'>αὑτῇ</span> <span class='ocrx_word' id='word_1_756' title='bbox 1167 5165 1458 5242; x_wconf 87' lang='grc' dir='ltr'>δυνάμεθα.</span> <span class='ocrx_word' id='word_1_757' title='bbox 1510 5170 1671 5244; x_wconf 82' lang='grc' dir='ltr'>Κάγὼ</span> <span class='ocrx_word' id='word_1_758' title='bbox 1704 5169 1832 5225; x_wconf 87' lang='grc' dir='ltr'>ἀπε-</span> 
     </span>
    </p>
   </div>
   <div class='ocr_carea' id='block_1_101' title="bbox 1948 4813 3590 4874">
    <p class='ocr_par' dir='ltr' id='par_1_101' title="bbox 1948 4813 3590 4874">
     <span class='ocr_line' id='line_1_101' title="bbox 1948 4813 3590 4874; baseline -0.004 0"><span class='ocrx_word' id='word_1_759' title='bbox 1948 4834 2054 4874; x_wconf 87' lang='lat' dir='ltr'>nec</span> <span class='ocrx_word' id='word_1_760' title='bbox 2081 4815 2386 4873; x_wconf 89' lang='lat' dir='ltr'>blanditiis</span> <span class='ocrx_word' id='word_1_761' title='bbox 2418 4813 2585 4870; x_wconf 83' lang='lat' dir='ltr'>facile</span> <span class='ocrx_word' id='word_1_762' title='bbox 2635 4813 2744 4870; x_wconf 90' lang='lat' dir='ltr'>erit</span> <span class='ocrx_word' id='word_1_763' title='bbox 2773 4813 3080 4870; x_wconf 89' lang='lat' dir='ltr'>mulierem</span> <span class='ocrx_word' id='word_1_764' title='bbox 3125 4814 3196 4869; x_wconf 90' lang='lat' dir='ltr'>ad</span> <span class='ocrx_word' id='word_1_765' title='bbox 3238 4828 3590 4870; x_wconf 88' lang='lat' dir='ltr'>consensum</span> 
     </span>
    </p>
   </div>
   <div class='ocr_carea' id='block_1_102' title="bbox 1947 4902 3400 4975">
    <p class='ocr_par' dir='ltr' id='par_1_102' title="bbox 1947 4902 3400 4975">
     <span class='ocr_line' id='line_1_102' title="bbox 1947 4902 3400 4975; baseline -0.004 -11"><span class='ocrx_word' id='word_1_766' title='bbox 1947 4907 2256 4974; x_wconf 90' lang='lat' dir='ltr'>adducere,</span> <span class='ocrx_word' id='word_1_767' title='bbox 2288 4903 2454 4960; x_wconf 89' lang='lat' dir='ltr'>valde</span> <span class='ocrx_word' id='word_1_768' title='bbox 2483 4903 2640 4959; x_wconf 89' lang='lat' dir='ltr'>enim</span> <span class='ocrx_word' id='word_1_769' title='bbox 2674 4902 2970 4975; x_wconf 63' lang='lat' dir='ltr'>sapientia</span> <span class='ocrx_word' id='word_1_770' title='bbox 2999 4903 3265 4960; x_wconf 88' lang='lat' dir='ltr'>studiosa</span> <span class='ocrx_word' id='word_1_771' title='bbox 3291 4906 3400 4959; x_wconf 87' lang='lat' dir='ltr'>est.</span> 
     </span>
    </p>
   </div>
   <div class='ocr_carea' id='block_1_103' title="bbox 2015 4993 3589 5066">
    <p class='ocr_par' dir='ltr' id='par_1_103' title="bbox 2015 4993 3589 5066">
     <span class='ocr_line' id='line_1_103' title="bbox 2015 4993 3589 5066; baseline -0.001 -16"><span class='ocrx_word' id='word_1_772' title='bbox 2015 4999 2114 5051; x_wconf 86' lang='lat' dir='ltr'>1X.</span> <span class='ocrx_word' id='word_1_773' title='bbox 2151 4999 2216 5049; x_wconf 82' lang='lat' dir='ltr'>Et</span> <span class='ocrx_word' id='word_1_774' title='bbox 2247 4993 2468 5066; x_wconf 85' lang='lat' dir='ltr'>Appion</span> <span class='ocrx_word' id='word_1_775' title='bbox 2505 5010 2518 5048; x_wconf 91' lang='lat'>:</span> <span class='ocrx_word' id='word_1_776' title='bbox 2552 4993 2630 5048; x_wconf 87' lang='lat' dir='ltr'>Eo</span> <span class='ocrx_word' id='word_1_777' title='bbox 2679 4993 2868 5063; x_wconf 86' lang='lat' dir='ltr'>magis</span> <span class='ocrx_word' id='word_1_778' title='bbox 2898 4993 3110 5060; x_wconf 89' lang='lat' dir='ltr'>inquit,</span> <span class='ocrx_word' id='word_1_779' title='bbox 3155 4993 3306 5048; x_wconf 88' lang='lat' dir='ltr'>bona</span> <span class='ocrx_word' id='word_1_780' title='bbox 3336 5007 3427 5047; x_wconf 90' lang='lat' dir='ltr'>me</span> <span class='ocrx_word' id='word_1_781' title='bbox 3453 5007 3589 5063; x_wconf 86' lang='lat' dir='ltr'>spes</span> 
     </span>
    </p>
   </div>
   <div class='ocr_carea' id='block_1_104' title="bbox 1945 5080 3589 5156">
    <p class='ocr_par' dir='ltr' id='par_1_104' title="bbox 1945 5080 3589 5156">
     <span class='ocr_line' id='line_1_104' title="bbox 1945 5080 3589 5156; baseline -0.004 -14"><span class='ocrx_word' id='word_1_782' title='bbox 1945 5085 2139 5156; x_wconf 87' lang='lat' dir='ltr'>habet,</span> <span class='ocrx_word' id='word_1_783' title='bbox 2173 5100 2343 5156; x_wconf 90' lang='lat' dir='ltr'>posse</span> <span class='ocrx_word' id='word_1_784' title='bbox 2374 5082 2427 5138; x_wconf 88' lang='lat' dir='ltr'>ei</span> <span class='ocrx_word' id='word_1_785' title='bbox 2476 5081 2836 5155; x_wconf 89' lang='lat' dir='ltr'>persuaderi,</span> <span class='ocrx_word' id='word_1_786' title='bbox 2869 5081 3364 5154; x_wconf 89' lang='lat' dir='ltr'>quemadmodum</span> <span class='ocrx_word' id='word_1_787' title='bbox 3399 5080 3589 5152; x_wconf 92' lang='lat' dir='ltr'>cupis,</span> 
     </span>
    </p>
   </div>
   <div class='ocr_carea' id='block_1_105' title="bbox 1943 5169 3584 5243">
    <p class='ocr_par' dir='ltr' id='par_1_105' title="bbox 1943 5169 3584 5243">
     <span class='ocr_line' id='line_1_105' title="bbox 1943 5169 3584 5243; baseline -0.003 -12"><span class='ocrx_word' id='word_1_788' title='bbox 1943 5174 1993 5231; x_wconf 91' lang='lat' dir='ltr'>si</span> <span class='ocrx_word' id='word_1_789' title='bbox 2024 5189 2155 5230; x_wconf 92' lang='lat' dir='ltr'>cum</span> <span class='ocrx_word' id='word_1_790' title='bbox 2187 5189 2256 5229; x_wconf 85' lang='lat' dir='ltr'>ea</span> <span class='ocrx_word' id='word_1_791' title='bbox 2276 5170 2529 5243; x_wconf 91' lang='lat' dir='ltr'>colloqui</span> <span class='ocrx_word' id='word_1_792' title='bbox 2550 5170 2741 5226; x_wconf 92' lang='lat' dir='ltr'>detur.</span> <span class='ocrx_word' id='word_1_793' title='bbox 2763 5170 2880 5242; x_wconf 89' lang='lat' dir='ltr'>Ego</span> <span class='ocrx_word' id='word_1_794' title='bbox 2904 5169 3330 5242; x_wconf 85' lang='lat' dir='ltr'>respondi,fieri</span> <span class='ocrx_word' id='word_1_795' title='bbox 3363 5169 3584 5243; x_wconf 90' lang='lat' dir='ltr'>nequit.</span> 
     </span>
    </p>
   </div>
   <div class='ocr_carea' id='block_1_106' title="bbox 175 5253 1844 5334">
    <p class='ocr_par' dir='ltr' id='par_1_106' title="bbox 175 5253 1833 5333">
     <span class='ocr_line' id='line_1_106' title="bbox 175 5253 1833 5333; baseline 0.001 -22"><span class='ocrx_word' id='word_1_796' title='bbox 175 5260 476 5333; x_wconf 77' lang='grc' dir='ltr'>κρινάμηνο</span> <span class='ocrx_word' id='word_1_797' title='bbox 537 5253 852 5316; x_wconf 82' lang='grc' dir='ltr'>Ἀδύνατον.</span> <span class='ocrx_word' id='word_1_798' title='bbox 913 5255 1009 5311; x_wconf 85' lang='grc' dir='ltr'>Καὶ</span> <span class='ocrx_word' id='word_1_799' title='bbox 1071 5255 1098 5311; x_wconf 92' lang='lat'>6</span> <span class='ocrx_word' id='word_1_800' title='bbox 1160 5256 1404 5313; x_wconf 86' lang='grc' dir='ltr'>Ἀππίων</span> <span class='ocrx_word' id='word_1_801' title='bbox 1465 5256 1728 5326; x_wconf 84' lang='grc' dir='ltr'>ἐπύθετο,</span> <span class='ocrx_word' id='word_1_802' title='bbox 1787 5259 1833 5315; x_wconf 84' lang='grc' dir='ltr'>εἰ</span> 
     </span>
    </p>
   </div>
   <div class='ocr_carea' id='block_1_107' title="bbox 1961 5253 3585 5334">
    <p class='ocr_par' dir='ltr' id='par_1_107' title="bbox 1961 5258 3585 5334">
     <span class='ocr_line' id='line_1_107' title="bbox 1961 5258 3585 5334; baseline 0 -18"><span class='ocrx_word' id='word_1_803' title='bbox 1961 5261 2169 5334; x_wconf 65' lang='lat' dir='ltr'>\ppion</span> <span class='ocrx_word' id='word_1_804' title='bbox 2213 5265 2410 5316; x_wconf 91' lang='lat' dir='ltr'>autem</span> <span class='ocrx_word' id='word_1_805' title='bbox 2458 5258 2788 5315; x_wconf 87' lang='lat' dir='ltr'>sciscitatus</span> <span class='ocrx_word' id='word_1_806' title='bbox 2816 5260 2922 5325; x_wconf 90' lang='lat' dir='ltr'>est,</span> <span class='ocrx_word' id='word_1_807' title='bbox 2954 5273 3098 5314; x_wconf 89' lang='lat' dir='ltr'>num</span> <span class='ocrx_word' id='word_1_808' title='bbox 3125 5265 3324 5330; x_wconf 90' lang='lat' dir='ltr'>posset</span> <span class='ocrx_word' id='word_1_809' title='bbox 3352 5258 3425 5314; x_wconf 85' lang='lat' dir='ltr'>ad</span> <span class='ocrx_word' id='word_1_810' title='bbox 3456 5275 3585 5316; x_wconf 87' lang='lat' dir='ltr'>eam</span> 
     </span>
    </p>
   </div>
   <div class='ocr_carea' id='block_1_108' title="bbox 1539 5391 2233 5450">
    <p class='ocr_par' dir='ltr' id='par_1_108' title="bbox 1539 5391 2233 5450">
     <span class='ocr_line' id='line_1_108' title="bbox 1539 5391 2233 5450; baseline 0 -2"><span class='ocrx_word' id='word_1_811' title='bbox 1539 5391 1782 5449; x_wconf 71' lang='lat' dir='ltr'>VARl/E</span> <span class='ocrx_word' id='word_1_812' title='bbox 1824 5393 2233 5450; x_wconf 86' lang='lat' dir='ltr'>LECTIONES.</span> 
     </span>
    </p>
   </div>
   <div class='ocr_carea' id='block_1_109' title="bbox 240 5503 3582 5588">
    <p class='ocr_par' dir='ltr' id='par_1_109' title="bbox 240 5503 3582 5588">
     <span class='ocr_line' id='line_1_109' title="bbox 240 5503 3582 5588; baseline -0.001 0"><span class='ocrx_word' id='word_1_813' title='bbox 240 5508 286 5544; x_wconf 82' lang='lat'><em>“</em></span> <span class='ocrx_word' id='word_1_814' title='bbox 331 5505 748 5588; x_wconf 58' lang='grc' dir='ltr'>,ἀπειθῖέσσεξτξε</span> <span class='ocrx_word' id='word_1_815' title='bbox 809 5506 921 5588; x_wconf 60' lang='grc' dir='ltr'>(ἐξ-ι</span> <span class='ocrx_word' id='word_1_816' title='bbox 986 5506 1360 5588; x_wconf 63' lang='grc' dir='ltr'>φιιρδοηίαοξ</span> <span class='ocrx_word' id='word_1_817' title='bbox 1430 5504 2047 5588; x_wconf 50' lang='grc' dir='ltr'>ἀπείθείσανῖεςρίξω</span> <span class='ocrx_word' id='word_1_818' title='bbox 2113 5509 2301 5588; x_wconf 63' lang='lat' dir='ltr'>.ve&#39;et.</span> <span class='ocrx_word' id='word_1_819' title='bbox 2379 5503 2778 5588; x_wconf 55' lang='grc' dir='ltr'>ἀπεὶθήεαῖτες</span> <span class='ocrx_word' id='word_1_820' title='bbox 2849 5510 2918 5565; x_wconf 79' lang='grc' dir='ltr'>ο·</span> <span class='ocrx_word' id='word_1_821' title='bbox 2989 5507 3033 5588; x_wconf 77' lang='lat' dir='ltr'>&#39;f&#39;</span> <span class='ocrx_word' id='word_1_822' title='bbox 3102 5504 3415 5588; x_wconf 65' lang='grc' dir='ltr'>φλεγόμενα</span> <span class='ocrx_word' id='word_1_823' title='bbox 3489 5511 3582 5584; x_wconf 83' lang='grc' dir='ltr'>ο,</span> 
     </span>
    </p>
   </div>
   <div class='ocr_carea' id='block_1_110' title="bbox 174 5575 3582 5655">
    <p class='ocr_par' dir='ltr' id='par_1_110' title="bbox 174 5575 3582 5655">
     <span class='ocr_line' id='line_1_110' title="bbox 174 5575 3582 5655; baseline 0.001 -21"><span class='ocrx_word' id='word_1_824' title='bbox 174 5585 476 5655; x_wconf 56' lang='lat' dir='ltr'>mendose,</span> <span class='ocrx_word' id='word_1_825' title='bbox 512 5580 571 5655; x_wconf 60' lang='grc' dir='ltr'>ξι</span> <span class='ocrx_word' id='word_1_826' title='bbox 595 5579 640 5613; x_wconf 70' lang='grc'><strong><em>⁵⁸</em></strong></span> <span class='ocrx_word' id='word_1_827' title='bbox 668 5578 712 5634; x_wconf 93' lang='lat'>0</span> <span class='ocrx_word' id='word_1_828' title='bbox 737 5577 888 5655; x_wconf 61' lang='lat' dir='ltr'>legit</span> <span class='ocrx_word' id='word_1_829' title='bbox 907 5578 1307 5655; x_wconf 79' lang='lat' dir='ltr'>in__indicativo</span> <span class='ocrx_word' id='word_1_830' title='bbox 1334 5575 1555 5655; x_wconf 28' lang='lat'>€733“</span> <span class='ocrx_word' id='word_1_831' title='bbox 1587 5579 1807 5655; x_wconf 70' lang='grc' dir='ltr'>μαγείαν</span> <span class='ocrx_word' id='word_1_832' title='bbox 1839 5582 1899 5639; x_wconf 90' lang='lat' dir='ltr'>C.</span> <span class='ocrx_word' id='word_1_833' title='bbox 1931 5583 2076 5655; x_wconf 83' lang='lat' dir='ltr'>Tum</span> <span class='ocrx_word' id='word_1_834' title='bbox 2110 5579 2197 5636; x_wconf 76' lang='grc' dir='ltr'>ἐπὶ</span> <span class='ocrx_word' id='word_1_835' title='bbox 2234 5575 2796 5655; x_wconf 16' lang='grc' dir='ltr'>μόγιχείᾳ--Ο-εζδῆἰλεε.</span> <span class='ocrx_word' id='word_1_836' title='bbox 2818 5577 3048 5655; x_wconf 34' lang='grc' dir='ltr'>’μαγείᾳ</span> <span class='ocrx_word' id='word_1_837' title='bbox 3077 5575 3126 5655; x_wconf 73' lang='grc' dir='ltr'>οξ</span> <span class='ocrx_word' id='word_1_838' title='bbox 3172 5575 3368 5655; x_wconf 54' lang='lat' dir='ltr'>D&#39;.,&#39;cl.</span> <span class='ocrx_word' id='word_1_839' title='bbox 3415 5575 3582 5655; x_wconf 59' lang='lat' dir='ltr'>capp;</span> 
     </span>
    </p>
   </div>
   <div class='ocr_carea' id='block_1_111' title="bbox 168 5601 3580 5724">
    <p class='ocr_par' dir='ltr' id='par_1_111' title="bbox 168 5601 3580 5724">
     <span class='ocr_line' id='line_1_111' title="bbox 174 5601 3580 5655; baseline 0.001 -21"><span class='ocrx_word' id='word_1_840' title='bbox 174 5601 474 5636; x_wconf 72' lang='grc' dir='ltr'>ωεωῖοεϐ.</span> <span class='ocrx_word' id='word_1_841' title='bbox 512 5601 571 5616; x_wconf 70' lang='grc'>’⁹·</span> <span class='ocrx_word' id='word_1_842' title='bbox 595 5601 640 5613; x_wconf 71' lang='grc'>*⁸</span> <span class='ocrx_word' id='word_1_843' title='bbox 668 5601 712 5634; x_wconf 90' lang='grc' dir='ltr'>υ</span> <span class='ocrx_word' id='word_1_844' title='bbox 737 5601 877 5651; x_wconf 64' lang='grc' dir='ltr'>ιρειι</span> <span class='ocrx_word' id='word_1_845' title='bbox 908 5601 962 5632; x_wconf 71' lang='lat' dir='ltr'><strong>In</strong></span> <span class='ocrx_word' id='word_1_846' title='bbox 999 5601 1307 5635; x_wconf 74' lang='grc' dir='ltr'>ιῐιαιοιιιινο</span> <span class='ocrx_word' id='word_1_847' title='bbox 1337 5601 1474 5655; x_wconf 82' lang='grc' dir='ltr'>εχει.</span> <span class='ocrx_word' id='word_1_848' title='bbox 1508 5601 1555 5615; x_wconf 86' lang='lat'>&quot;&quot;</span> <span class='ocrx_word' id='word_1_849' title='bbox 1587 5601 1807 5654; x_wconf 80' lang='grc' dir='ltr'>μαγειαν</span> <span class='ocrx_word' id='word_1_850' title='bbox 1839 5601 1899 5639; x_wconf 74' lang='lat' dir='ltr'>U.</span> <span class='ocrx_word' id='word_1_851' title='bbox 1931 5601 2076 5639; x_wconf 66' lang='lat' dir='ltr'>Tum</span> <span class='ocrx_word' id='word_1_852' title='bbox 2110 5601 2197 5636; x_wconf 80' lang='grc' dir='ltr'>επι</span> <span class='ocrx_word' id='word_1_853' title='bbox 2234 5601 2456 5655; x_wconf 80' lang='grc' dir='ltr'>μοιχειᾳ</span> <span class='ocrx_word' id='word_1_854' title='bbox 2486 5601 2549 5636; x_wconf 89' lang='grc' dir='ltr'>υ.</span> <span class='ocrx_word' id='word_1_855' title='bbox 2583 5601 2624 5616; x_wconf 75' lang='lat'>‘”</span> <span class='ocrx_word' id='word_1_856' title='bbox 2661 5601 2796 5652; x_wconf 61' lang='lat'>1168.</span> <span class='ocrx_word' id='word_1_857' title='bbox 2854 5601 3048 5655; x_wconf 77' lang='grc' dir='ltr'>μαγειᾳ</span> <span class='ocrx_word' id='word_1_858' title='bbox 3077 5601 3126 5637; x_wconf 81' lang='grc' dir='ltr'>Ο.</span> <span class='ocrx_word' id='word_1_859' title='bbox 3172 5601 3262 5647; x_wconf 79' lang='grc' dir='ltr'>υο,</span> <span class='ocrx_word' id='word_1_860' title='bbox 3295 5601 3368 5638; x_wconf 81' lang='grc' dir='ltr'>οι.</span> <span class='ocrx_word' id='word_1_861' title='bbox 3415 5601 3520 5654; x_wconf 69' lang='lat' dir='ltr'>08p</span> <span class='ocrx_word' id='word_1_862' title='bbox 3563 5627 3580 5644; x_wconf 77' lang='grc' dir='ltr'><strong><em>ο</em></strong></span> 
     </span>
     <span class='ocr_line' id='line_1_112' title="bbox 168 5601 3580 5724; baseline 0.001 -17"><span class='ocrx_word' id='word_1_863' title='bbox 168 5651 286 5724; x_wconf 67' lang='lat' dir='ltr'>7st</span> <span class='ocrx_word' id='word_1_864' title='bbox 314 5655 358 5724; x_wconf 11' lang='lat'>8,</span> <span class='ocrx_word' id='word_1_865' title='bbox 386 5695 400 5706; x_wconf 94' lang='lat'>.</span> <span class='ocrx_word' id='word_1_866' title='bbox 430 5653 482 5688; x_wconf 75' lang='grc'>⁸³</span> <span class='ocrx_word' id='word_1_867' title='bbox 512 5647 801 5724; x_wconf 18' lang='grc' dir='ltr'>ἐπιτυχὼν*</span> <span class='ocrx_word' id='word_1_868' title='bbox 847 5650 906 5703; x_wconf 89' lang='lat' dir='ltr'>C.</span> <span class='ocrx_word' id='word_1_869' title='bbox 947 5649 1171 5724; x_wconf 64' lang='lat' dir='ltr'>yerum</span> <span class='ocrx_word' id='word_1_870' title='bbox 1215 5652 1337 5720; x_wconf 87' lang='lat' dir='ltr'>jam</span> <span class='ocrx_word' id='word_1_871' title='bbox 1385 5651 1532 5724; x_wconf 86' lang='lat' dir='ltr'>vidit</span> <span class='ocrx_word' id='word_1_872' title='bbox 1580 5651 1638 5707; x_wconf 90' lang='lat' dir='ltr'>S.</span> <span class='ocrx_word' id='word_1_873' title='bbox 1691 5653 1845 5710; x_wconf 87' lang='lat' dir='ltr'>Idem</span> <span class='ocrx_word' id='word_1_874' title='bbox 1894 5653 2090 5716; x_wconf 88' lang='grc' dir='ltr'>παίσας</span> <span class='ocrx_word' id='word_1_875' title='bbox 2145 5654 2420 5709; x_wconf 89' lang='lat' dir='ltr'>mendose</span> <span class='ocrx_word' id='word_1_876' title='bbox 2449 5653 2494 5688; x_wconf 78' lang='grc'>⁸³</span> <span class='ocrx_word' id='word_1_877' title='bbox 2522 5647 2676 5720; x_wconf 74' lang='grc' dir='ltr'>ἥδιόν</span> <span class='ocrx_word' id='word_1_878' title='bbox 2710 5654 2764 5707; x_wconf 91' lang='lat' dir='ltr'>S.</span> <span class='ocrx_word' id='word_1_879' title='bbox 2807 5651 2895 5722; x_wconf 90' lang='lat'>0.,</span> <span class='ocrx_word' id='word_1_880' title='bbox 2947 5649 3132 5722; x_wconf 73' lang='grc' dir='ltr'>ἥδειόν</span> <span class='ocrx_word' id='word_1_881' title='bbox 3159 5659 3216 5708; x_wconf 86' lang='lat' dir='ltr'>C.</span> <span class='ocrx_word' id='word_1_882' title='bbox 3241 5655 3286 5690; x_wconf 77' lang='lat'><strong>“</strong></span> <span class='ocrx_word' id='word_1_883' title='bbox 3313 5653 3481 5724; x_wconf 71' lang='grc' dir='ltr'>αἱρῶν</span> 
     </span>
    </p>
   </div>
   <div class='ocr_carea' id='block_1_112' title="bbox 172 5714 3579 5801">
    <p class='ocr_par' dir='ltr' id='par_1_112' title="bbox 172 5714 3579 5801">
     <span class='ocr_line' id='line_1_113' title="bbox 172 5714 3579 5801; baseline 0.001 -23"><span class='ocrx_word' id='word_1_884' title='bbox 172 5722 217 5756; x_wconf 71' lang='grc'>⁸⁸</span> <span class='ocrx_word' id='word_1_885' title='bbox 246 5722 445 5801; x_wconf 44' lang='grc' dir='ltr'>ῥφὲξιξ</span> <span class='ocrx_word' id='word_1_886' title='bbox 461 5726 539 5801; x_wconf 51' lang='lat'>0:</span> <span class='ocrx_word' id='word_1_887' title='bbox 564 5723 610 5758; x_wconf 74' lang='lat'><strong><em>°°</em></strong></span> <span class='ocrx_word' id='word_1_888' title='bbox 633 5714 907 5792; x_wconf 65' lang='grc' dir='ltr'>ἀὲεϐήσας</span> <span class='ocrx_word' id='word_1_889' title='bbox 939 5719 998 5776; x_wconf 88' lang='lat' dir='ltr'>C.</span> <span class='ocrx_word' id='word_1_890' title='bbox 1029 5723 1073 5757; x_wconf 76' lang='grc'><strong>⁸⁷</strong></span> <span class='ocrx_word' id='word_1_891' title='bbox 1105 5720 1150 5775; x_wconf 80' lang='grc' dir='ltr'>εἷ</span> <span class='ocrx_word' id='word_1_892' title='bbox 1200 5714 1397 5779; x_wconf 73' lang='lat' dir='ltr'>addidi</span> <span class='ocrx_word' id='word_1_893' title='bbox 1429 5739 1479 5779; x_wconf 92' lang='lat' dir='ltr'>c.</span> <span class='ocrx_word' id='word_1_894' title='bbox 1513 5724 1558 5778; x_wconf 95' lang='grc' dir='ltr'><strong>Ο</strong></span> <span class='ocrx_word' id='word_1_895' title='bbox 1592 5740 1605 5778; x_wconf 94' lang='lat'>:</span> <span class='ocrx_word' id='word_1_896' title='bbox 1639 5739 1817 5794; x_wconf 89' lang='lat' dir='ltr'>quam</span> <span class='ocrx_word' id='word_1_897' title='bbox 1865 5714 2217 5800; x_wconf 85' lang='lat' dir='ltr'>particulam</span> <span class='ocrx_word' id='word_1_898' title='bbox 2268 5725 2470 5781; x_wconf 89' lang='lat' dir='ltr'>deesse</span> <span class='ocrx_word' id='word_1_899' title='bbox 2509 5714 2634 5797; x_wconf 83' lang='lat' dir='ltr'>jam</span> <span class='ocrx_word' id='word_1_900' title='bbox 2682 5714 3016 5799; x_wconf 78' lang='lat' dir='ltr'>suspicatus</span> <span class='ocrx_word' id='word_1_901' title='bbox 3063 5731 3152 5783; x_wconf 88' lang='lat' dir='ltr'>est</span> <span class='ocrx_word' id='word_1_902' title='bbox 3179 5726 3236 5784; x_wconf 92' lang='lat' dir='ltr'>S.</span> <span class='ocrx_word' id='word_1_903' title='bbox 3270 5727 3314 5762; x_wconf 79' lang='lat'>“</span> <span class='ocrx_word' id='word_1_904' title='bbox 3362 5714 3446 5784; x_wconf 87' lang='lat' dir='ltr'>lta</span> <span class='ocrx_word' id='word_1_905' title='bbox 3496 5727 3579 5801; x_wconf 84' lang='grc'>8.,</span> 
     </span>
    </p>
   </div>
   <div class='ocr_carea' id='block_1_113' title="bbox 172 5792 569 5855">
    <p class='ocr_par' dir='ltr' id='par_1_113' title="bbox 172 5792 569 5855">
     <span class='ocr_line' id='line_1_114' title="bbox 172 5792 569 5855; baseline 0.013 -7"><span class='ocrx_word' id='word_1_906' title='bbox 172 5792 371 5852; x_wconf 70' lang='grc' dir='ltr'>πείσειν</span> <span class='ocrx_word' id='word_1_907' title='bbox 403 5795 464 5855; x_wconf 81' lang='lat' dir='ltr'>C.</span> <span class='ocrx_word' id='word_1_908' title='bbox 501 5797 569 5853; x_wconf 89' lang='grc' dir='ltr'>Ο.</span> 
     </span>
    </p>
   </div>
  </div>
