4112 6344
492 430 610 494 H9

1312 433 1378 494 S.
1427 431 1873 495 CLEMENTIS
1916 432 1942 494 Ι
1986 428 2177 492 ROM.
2224 428 2458 494 PONT.
2503 431 2768 495 OPEBA
2810 432 3082 495 DUBIA.

3796 432 3921 495 180

493 564 694 620 scribi.
727 564 795 621 Et
824 580 929 638 ego
962 563 1079 621 dixi
1110 564 1167 621 id
1199 564 1436 635 quidem
1472 564 1634 620 fideri
1668 566 2011 638 posse.Tum
2034 565 2141 635 Ap-

2282 562 2553 618 πιστεῖλαι
2604 563 2739 639 αὐτῇ
2789 562 3012 620 δυνατόν
3063 564 3227 622 ἐστιν.
3268 563 3432 638 Κάγὼ
3478 560 3633 642 ἔφην·
3678 564 3917 619 Δυνατὸν

497 655 634 726 pion
669 671 682 710 :
713 654 844 710 Jam
878 657 1044 710 nocte
1066 654 1175 711 bac
1205 653 1571 710 conscribam
1595 652 2143 723 libellum,mcechiaa

500 741 736 798 laudem
764 760 778 812 ;
814 758 990 814 quem
1024 746 1089 798 tu
1120 759 1154 797 a
1184 758 1276 798 me
1307 746 1611 815 acceptum
1644 744 1715 798 ad
1748 759 1874 798 eam
1909 741 2143 808 mittes;

500 836 559 889 et
587 848 757 904 spero
788 832 943 903 quod
978 832 1127 888 ﬂexa
1157 832 1496 888 consentiet.
1521 834 1709 904 Atque
1736 831 1963 904 Appion
1996 846 2151 886 com-

504 921 757 994 positam
789 937 917 977 eam
948 920 1255 993 epistolam
1290 920 1433 977 mihi
1477 920 1655 989 dedit,
1705 922 1776 976 de
1826 936 1943 991 qua
1982 924 2151 974 nocte

500 1010 615 1065 ista
646 1010 892 1083 cogitavi
925 1027 1220 1082 quamque
1264 1013 1589 1082 Opportune
1636 1010 1975 1065 recordatus
2017 1024 2151 1063 sum

503 1116 595 1155 me
628 1099 842 1155 habere
872 1116 990 1154 una
1020 1100 1155 1154 cum
1180 1097 1312 1154 aliis
1353 1097 1584 1166 libellis,
1609 1115 1756 1171 quos
1786 1114 2015 1154 mecum
2049 1099 2152 1152 de-

502 1188 644 1243 fero.
679 1188 810 1243 Haac
841 1204 973 1243 cum
1007 1203 1359 1256 narrassem,
1393 1186 1725 1243 astantibus
1774 1186 2003 1242 ostendi
2031 1185 2155 1256 epi-

503 1276 739 1343 stolam,
770 1276 1117 1349 cupidisque
1167 1276 1369 1332 audire
1414 1275 1667 1331 recitavi.
1703 1276 1924 1347 Legens
1958 1278 2155 1329 autem

504 1365 622 1422 dixi
651 1382 664 1421 :
704 1367 832 1421 Haec
862 1371 973 1433 est,
999 1382 1030 1420 ο
1052 1365 1161 1420 viri
1193 1365 1525 1421 Graecorum
1560 1362 2158 1435 disciplina,quazlar-

506 1470 642 1527 gam
676 1454 893 1526 praebet
926 1454 993 1509 ad
1029 1454 1331 1510 audaciter
1363 1452 1720 1525 peccandum
1765 1452 2156 1508 occasionem.

518 1544 779 1617 Epistola
808 1560 942 1600 vero
972 1543 1055 1599 ita
1083 1543 1355 1599 habebat.

586 1724 656 1776 X.
688 1722 931 1777 Amator
952 1723 1156 1775 amatae
1188 1720 1435 1794 (absque
1460 1720 1800 1778 nominibus
1825 1723 2060 1793 pr0pter
2080 1719 2159 1775 le-

513 1827 617 1884 ges
649 1828 681 1865 a
711 1809 908 1866 stultis
938 1809 1277 1866 hominibus
1308 1810 1778 1883 sancitas)jussu
1808 1809 2163 1878 Amoris,an-

2254 652 2413 706 τοῦτό
2446 674 2528 725 γε.
2559 653 2655 707 Καὶ
2696 655 2724 708 6
2758 654 3001 711 Ἀππίων
3034 651 3159 731 ἔφη·
3197 655 3314 708 Ἔτι
3346 657 3391 691 ⁸9
3438 658 3505 728 τῇ
3550 653 3698 708 νυκτὶ
3744 653 3920 727 ταύτῃ

2257 740 2554 816 συγγράψω
2586 738 2823 817 βιϐλίον,
2878 743 3131 819 μοιχείας
3188 741 3485 817 ἐγκώμιον,
3518 742 3650 816 ὅπερ
3693 742 3754 796 σὺ
3785 762 3898 817 παρ

2258 828 2392 902 ἐμοῦ
2441 825 2623 884 λαϐὼν
2672 828 2996 905 ὀιαπέμψεις
3041 830 3210 905 αὐτῇ,
3258 831 3347 886 καὶ
3399 829 3609 900 ἐλπίζω
3656 830 3741 886 ὅτι
3786 852 3918 885 πει-

2259 919 2443 972 σθεῖσα
2491 921 2829 989 συνθήσεται.
2879 919 2977 974 Καὶ
3028 920 3339 997 συγγράψας
3390 921 3418 975 6
3452 920 3693 977 Ἀππίων
3738 920 3917 975 ἐκεῖνο

2260 1007 2322 1060 τὸ
2357 1001 2570 1080 βιϐλίον
2616 1006 2792 1063 ἐδίδου
2845 1008 2990 1083 ἐμοὶ,
3040 1009 3162 1084 περὶ
3213 1010 3275 1063 οὗ
3323 1010 3411 1064 καὶ
3463 1008 3515 1064 ἐν
3556 1014 3623 1084 τῇ
3674 1011 3827 1064 νυκτὶ
3874 1013 3922 1046 ⁷ο

2260 1095 2427 1169 ταύτῃ
2484 1095 2758 1169 ἐνενόησα,
2815 1098 2905 1152 καὶ
2962 1097 3225 1173 εὐκαίρως
3283 1101 3329 1136 τί
3391 1095 3537 1174 ἔχειν
3596 1098 3727 1153 αὐτὸ
3784 1098 3921 1153 ὑπε-

2267 1186 2537 1257 μνήσθην,
2571 1184 2662 1239 σὺν
2690 1184 2885 1248 ἄλλοις
2918 1181 3159 1262 βιϐλίοις
3190 1189 3273 1249 οἷς
3310 1188 3423 1259 μετ’
3452 1186 3688 1260 ἐμαυτοῦ
3716 1190 3762 1223 τ²
3795 1187 3922 1241 ἐπι-

2265 1274 2521 1350 φέρομαι.
2576 1277 2987 1351 Διηγησάμενος
3033 1272 3285 1330 δὲταῦτα
3324 1273 3498 1346 ἔδειξα
3526 1281 3643 1339 τοῖς
3682 1281 3921 1353 παροῦσι

2264 1363 2325 1417 τὸ
2362 1358 2601 1438 βιϐλίον,
2632 1365 2720 1418 xui
2773 1363 3136 1441 βουλομένοις
3187 1365 3481 1420 ἐπακοῦσαι
3525 1365 3781 1442 ἀνέγνων,
3828 1366 3922 1421 xui

2268 1448 2334 1521 δὴ
2369 1452 2623 1527 ἀναγνοὺς
2664 1451 2813 1531 ἔφην·
2866 1452 3012 1524 Αὕτη
3070 1454 3235 1521 ἐστὶν,
3289 1450 3502 1528 ἄνδρες,
3553 1456 3587 1524 ἡ
3638 1458 3744 1508 τῶν
3788 1452 3927 1510 Ἐλ-

2270 1540 2448 1612 λήνων
2498 1538 2745 1613 παιδεία,
2802 1542 3041 1620 γενναίαν
3102 1543 3351 1598 ὑπόθεσιν
3408 1539 3608 1619 ἔχουσα
3662 1544 3799 1615 πρὸς
3859 1544 3927 1599 τὸ

2270 1627 2439 1692 ἀδεῶς
2473 1630 2882 1705 ἐξαμαρτάνειν.
2913 1631 2985 1686 Τὸ
3016 1628 3073 1686 δὲ
3109 1626 3324 1706 βιϐλίον
3357 1631 3424 1701 ἦν
3454 1631 3625 1694 οὕτως
3657 1629 3809 1708 ἔχον,

2340 1724 2403 1774 Χ.
2437 1720 2492 1773 Ὀ
2524 1718 2657 1793 ἐρῶν
2687 1724 2756 1793 τῇ
2808 1719 3054 1795 ἐρωμένῃ
3100 1719 3423 1793 (ἀνωνύμως
3453 1718 3543 1775 διὰ
3569 1721 3693 1783 τοὺς
3726 1720 3785 1776 ἐκ
3810 1726 3924 1776 τῶν

2271 1807 2516 1878 ἀνοήτων
2570 1808 2870 1883 ἀνθρώπων
2909 1809 3136 1882 νόμους)
3186 1808 3463 1885 ἐπιταγαῖς
3522 1812 3771 1885 Ἔρωτος
3824 1816 3927 1865 τοῦ

515 1898 839 1972 tiquissimi
865 1899 1130 1954 omnium
1150 1900 1335 1971 pueri,
1361 1899 1611 1955 salutem
1637 1899 1798 1955 dicit.
1833 1898 2084 1971 Cognovi
2106 1903 2161 1953 te

2282 1898 2485 1952 πάντων
2530 1892 2899 1971 πρεσϐυτάτου
2948 1894 3142 1960 παιδὸς
3191 1897 3352 1974 χάριν
3406 1901 3473 1954 ⁷³.
3508 1902 3662 1956 140
3710 1905 3924 1976 Ἔγνων

515 1990 782 2047 animum
813 1989 883 2043 ad
907 1988 1168 2044 studium
1186 1989 1483 2060 sapientia:
1513 1988 1829 2061 applicare,
1860 1994 1915 2044 et
1946 1988 2018 2044 ob
2049 1987 2161 2042 vir-

516 2082 700 2134 tutem
730 2076 991 2133 aemulari
1023 2077 1331 2133 meliorum
1364 2078 1563 2134 vitam.
1597 2078 1846 2142 Quinam
1879 2093 2010 2132 vero
2043 2092 2163 2132 me-

515 2166 689 2223 liores
716 2167 856 2235 sint,
882 2183 1060 2238 quam
1094 2166 1245 2221 inter
1273 2166 1471 2222 omnia
1503 2166 1604 2229 dii,
1637 2172 1695 2222 et
1719 2166 1871 2221 inter
1895 2165 2164 2222 homines

516 2254 893 2331 philosophi?
920 2253 1007 2310 Illi
1043 2271 1298 2327 namque
1328 2254 1436 2311 soli
1468 2255 1661 2311 sciunt
1681 2272 1947 2328 quaenam
1979 2272 2049 2311 ex
2077 2270 2165 2310 ac-

516 2345 782 2401 tionibus
810 2349 1022 2399 natura
1050 2343 1171 2399 sint
1194 2344 1362 2400 malua
1384 2349 1486 2399 aut
1514 2345 1677 2400 bonae
1700 2349 1756 2399 et
1776 2360 2045 2415 quisnam
2066 2360 2167 2416 per

520 2434 719 2507 legum
750 2433 983 2489 decreta
1010 2432 1178 2501 tales,
1198 2450 1333 2489 cum
1364 2450 1479 2489 non
1510 2433 1647 2501 sint,
1682 2433 2165 2488 habeantur.Jam

524 2539 662 2597 ergo
694 2520 1073 2589 adulterium,
1106 2523 1263 2594 quod
1305 2522 1543 2593 dicitur,
1579 2520 1852 2577 nonnulli
1884 2521 2170 2577 actionem

524 2612 741 2671 malam
772 2627 902 2667 esse
932 2610 1327 2680 crediderunt,
1359 2610 1491 2667 licet
1513 2610 1850 2666 omnimodo
1880 2611 2034 2666 bona
2062 2610 2169 2679 sit;

526 2717 667 2759 nam
697 2700 769 2755 ad
800 2698 1031 2772 generis
1063 2698 1612 2771 multiplicationem
1650 2699 1823 2769 jussu
1867 2697 2171 2771 Cupidinis

531 2793 951 2848 exercetur.Est
982 2793 1179 2845 autem
1209 2789 1431 2860 Cupido
1460 2790 1704 2844 deorum
1732 2787 1996 2843 omnium
2028 2788 2173 2844 antio

534 2878 899 2953 quissimus;
931 2878 1154 2950 absque
1200 2878 1357 2933 enim
1402 2877 1685 2949 Cupidine
1715 2894 1828 2933 non
1859 2877 2173 2933 elemento-

532 2985 689 3037 rum,
722 2984 836 3023 non
868 2967 1132 3035 deorum,
1184 2983 1298 3021 non
1330 2966 1657 3034 hominum,
1703 2983 1817 3022 non
1868 2967 2170 3023 brutorum

529 3055 944 3121 animantium,
983 3071 1097 3110 non
1129 3060 1467 3111 ceterorum
1511 3056 1774 3112 omnium
1824 3072 2175 3127 congressus

528 3144 617 3203 vel
647 3143 939 3218 generatio
973 3143 1096 3199 fieri
1146 3149 1377 3217 potest;
1428 3161 1632 3201 omnes
1681 3145 1894 3201 etenim
1944 3144 2175 3200 Amoris

531 3250 741 3291 sumus
793 3233 1207 3289 instrumenta.
1256 3234 1367 3290 Sed
1415 3233 1540 3306 ipse
1571 3250 1674 3306 per
1722 3250 1827 3288 nos
1857 3234 2068 3305 opifex,
2101 3233 2171 3289 ad

2272 2006 2329 2041 σε
2358 1983 2654 2065 φιλοσοφίᾳ
2682 1990 2728 2022 7‘
2772 1986 3235 2063 προσανέχουσαν,
3269 1986 3360 2042 xui
3405 1988 3601 2062 ἀρετῆς
3647 1984 3800 2044 ἕνεκα
3828 1990 3928 2044 τὸν

2274 2079 2379 2130 τῶν
2431 2074 2753 2151 κρειττόνων
2813 2073 3081 2146 ζηλοῦσαν
3149 2076 3263 2152 βίον
3294 2120 3306 2133 .
3366 2075 3513 2138 Τίνες
3570 2074 3627 2131 δὲ
3698 2077 3758 2131 ἃν
3819 2078 3928 2133 εἶεν

2272 2163 2593 2240 κρείττονες,
2625 2165 2661 2233 ἢ
2695 2164 2803 2220 θεοὶ
2860 2165 2954 2239 μὲν
3006 2165 3275 2237 ἁπάντων,
3311 2165 3609 2241 ἀνθρώπων
3664 2163 3721 2221 δὲ
3751 2168 3805 2221 οἱ
3836 2189 3933 2246 φι-

2274 2251 2504 2330 λόσοφοι
2536 2272 2549 2322 ;
2584 2252 2743 2307 Οὗτοι
2775 2254 2877 2329 γάρ
2914 2253 3071 2327 μόνοι
3104 2251 3298 2321 ἴσασιν,
3331 2258 3437 2308 τῶν
3474 2252 3646 2329 ἔργων
3671 2258 3803 2309 ποῖα
3831 2254 3933 2328 μέν

2276 2342 2417 2397 ἐστιν
2440 2340 2591 2420 φύσει
2613 2341 2752 2396 κακὰ
2772 2344 2805 2411 ἢ
2824 2340 2986 2416 καλὰ,
3008 2348 3143 2398 ποῖα
3168 2339 3227 2397 δὲ
3244 2346 3313 2408 τῆ
3330 2347 3438 2396 τῶν
3460 2364 3639 2416 νομων
3662 2342 3937 2415 θέσει,οὐκ

2276 2426 2420 2502 ὄντα,
2453 2429 2753 2504 νομίζεται.
2788 2430 2991 2486 Αὐτίκα
3031 2435 3161 2507 γοῦν
3204 2432 3307 2501 τὴν
3336 2429 3640 2507 λεγομένην
3674 2430 3930 2507 μοιχείαν

2276 2520 2465 2596 πρᾶξίν
2515 2541 2656 2583 τινες
2708 2519 3066 2599 ὑπειλήφασιν
3112 2520 3246 2575 εἶναι
3298 2522 3509 2590 κακὴν,
3539 2520 3714 2576 καίτοι
3752 2520 3935 2589 καλὴν

2278 2610 2414 2666 κατὰ
2459 2610 2633 2664 πάντα
2681 2608 3049 2686 ὑπάρχουσαν·
3085 2609 3160 2673 εἷς
3209 2610 3313 2686 γάρ
3359 2611 3460 2679 τήν
3507 2615 3603 2665 τοῦ
3660 2610 3781 2687 βίου
3828 2631 3935 2665 πο-

2281 2698 2536 2774 λυγονίαν
2587 2698 2862 2775 ἐπιταγαῖς
2910 2700 3154 2773 Ἔρωτος
3205 2698 3431 2772 γίνεται.
3479 2700 3658 2775 Ἔρως
3706 2697 3764 2754 δέ
3794 2698 3938 2755 ἐστιν

2282 2789 2310 2844 6
2360 2787 2573 2842 πάντων
2622 2790 2756 2842 θεῶν
2809 2782 3205 2863 πρεσϐύτατος·
3253 2786 3375 2841 ἄνευ
3421 2786 3521 2863 γάρ
3567 2784 3633 2855 δὴ
3686 2789 3938 2862 Ἔρωτος

2283 2877 2345 2933 οὐ
2393 2877 2721 2953 στοιχείων,
2781 2876 2843 2932 οὐ
2900 2878 3057 2945 Θεῶν,
3119 2875 3219 2931 οὐκ
3273 2875 3595 2951 ἀνθρώπων,
3655 2874 3717 2930 οὐ
3779 2876 3938 2944 ζώων

2282 2965 2524 3041 ἀλόγων,
2571 2965 2632 3021 οὐ
2682 2970 2789 3020 τῶν
2847 2966 3056 3021 λοιπῶν
3110 2964 3356 3020 ἁπάντων
3410 2965 3553 3037 μίξις
3585 2966 3620 3033 ἦ
3656 2964 3861 3040 γὲνεσις
3895 2967 3944 3000 ’³⁵

2282 3054 2522 3133 γενέσθαι
2573 3052 2810 3110 δύναται⁸
2862 3056 3055 3116 πάντες
3097 3056 3198 3131 γάρ
3245 3075 3330 3109 τοι
3374 3053 3579 3129 δργανά
3631 3052 3788 3127 ἐσμεν
3839 3058 3943 3108 τοῦ

2284 3151 2561 3221 Ἔρωτος.
2610 3143 2781 3206 Αὐτὸς
2827 3141 2884 3199 δὲ
2932 3147 2975 3181 ⁷⁸
3024 3144 3051 3199 ὁ
3103 3141 3170 3198 δι’
3221 3146 3381 3217 ἡμῶν
3435 3142 3689 3220 τεχνίτης
3741 3143 3945 3204 παντὸς

2283 3239 2379 3289 τοῦ
2425 3234 2766 3309 γεννωμένου
2816 3236 3020 3308 ψυχαῖς
3071 3230 3357 3306 ἐπιδημῶν
3407 3231 3517 3288 ἐστι
3564 3236 3728 3293 νοῦς.
3778 3233 3941 3288 "Ost

538 3328 883 3379 cunctorum
906 3338 1034 3395 quae
1064 3322 1389 3395 gignuntur
1408 3322 1637 3379 animas
1668 3321 2169 3379 adveniens.Unde

2285 3323 2383 3379 οὐκ
2412 3321 2562 3377 αὐτοὶ
2612 3320 2879 3389 θέλοντες,
2932 3318 3060 3376 ἀλλ’
3108 3318 3231 3375 ὅταν
3285 3321 3373 3375 ὑπ’
3418 3320 3582 3376 αὐτοῦ
3631 3318 3943 3375 κελευσθῶ-

531 3427 649 3468 non
681 3410 915 3483 quando
949 3410 1062 3483 ipsi
1094 3410 1387 3477 volumus,
1412 3412 1512 3468 sed
1544 3412 1779 3484 quando
1809 3412 1881 3467 ab
1911 3428 1976 3467 eo
1999 3412 2171 3483 jube-

532 3516 687 3572 mur,
722 3499 881 3556 illius
912 3498 1270 3556 voluntatem
1323 3501 1508 3556 facere
1548 3500 1974 3557 desideramus.
2010 3501 2172 3565 Quod

532 3588 603 3656 si,
637 3587 737 3662 qui
767 3590 894 3660 eius
923 3587 1221 3645 voluntate
1244 3588 1536 3661 cupimus,
1560 3589 1943 3663 cupiditatem
1972 3595 2178 3663 popter

532 3677 591 3735 id
623 3678 777 3750 quod
801 3681 1042 3735 vocatur
1062 3677 1342 3750 pudicitia
1360 3677 1619 3733 nitamur
1647 3696 1772 3735 com
1781 3680 1867 3751 pri
1878 3696 2177 3752 mere,quo

532 3768 707 3824 modo
728 3768 869 3822 dum
896 3766 1160 3823 omnium
1179 3767 1422 3822 deorum
1444 3766 1871 3841 hominumque
1892 3768 2178 3841 antiquis-

534 3855 688 3913 simo
719 3856 1105 3928 refragamur,
1157 3872 1272 3911 non
1324 3856 1640 3912 maximam
1685 3858 2045 3930 impietatem
2078 3859 2181 3915 ad-

537 3944 844 4002 mittemus
867 3943 895 3999 ?

609 4032 706 4092 XI.
761 4032 1045 4090 Universa
1093 4032 1290 4105 itaque
1337 4032 1449 4105 ipsi
1497 4039 1697 4106 aperta
1739 4036 1858 4091 sint
1904 4034 2073 4105 ostia,
2124 4040 2181 4092 et

538 4138 743 4179 omnes
774 4121 1031 4177 molestas
1062 4138 1128 4178 ac
1158 4122 1421 4178 ascititizs
1453 4122 1757 4179 solvantur
1803 4123 1981 4197 leges,
2028 4125 2177 4182 zelo-

538 4212 694 4284 typis
725 4211 1067 4268 hominibus
1096 4212 1317 4284 positae,
1351 4212 1451 4285 qui
1501 4219 1694 4269 mente
1742 4214 1916 4286 capti,
1951 4231 2056 4271 nec
2087 4233 2183 4271 vo-

2286 3433 2403 3487 μεν,
2434 3411 2496 3467 τὸ
2530 3410 2732 3466 ἐκείνου
2779 3408 3041 3487 βούλημα
3078 3415 3253 3465 ποιεῖν
3288 3408 3680 3483 ἐπιθυμοῦμεν,
3713 3410 3779 3464 0i
3809 3407 3868 3465 δὲ
3899 3413 3945 3446 ⁷⁷

2282 3500 2486 3558 ἐκείνου
2540 3501 2715 3575 βουλῇ
2772 3498 3192 3573 ἐπιθυμοῦντες,
3247 3500 3413 3575 χάριν
3466 3506 3567 3569 τῆς
3629 3498 3944 3573 λεγομένης

2284 3588 2638 3669 σωφροσύνης
2714 3594 2928 3661 κρατεῖν
3001 3595 3102 3657 τῆς
3188 3587 3473 3661 ἐπιθυμίας
3550 3588 3941 3665 ἐπιχειρήσω-

2289 3700 2381 3754 μεν
2432 3681 2499 3746 ⁷⁸,
2549 3682 2667 3740 πῶς
2720 3683 2799 3750 τῷ
2855 3677 3070 3733 πάντων
3125 3672 3481 3753 πρεσϐυτάτῳ
3540 3678 3672 3732 θεῶν
3729 3698 3789 3732 τε
3848 3677 3943 3731 xui

2287 3769 2585 3844 ἀνθρώπων
2639 3765 3089 3843 ἀντιπράττοντες
3136 3768 3181 3803 ⁷⁸
3239 3767 3300 3822 οὐ
3355 3766 3422 3821 τὰ
3472 3765 3696 3843 μέγιστα
3743 3760 3947 3837 ἀσεϐή-

2290 3879 2368 3913 σω
2376 3878 2469 3931 μεν
2504 3874 2519 3926 ;

2369 4034 2460 4093 XI.
2495 4032 2678 4089 Ἀλλᾶ
2720 4038 2884 4087 πᾶσαι
2938 4033 3032 4105 μὲν
3079 4032 3441 4108 ἆνεῲχθωσαν
3489 4034 3538 4069 ⁸ο
3587 4030 3733 4103 αὐτῷ
3775 4029 3958 4105 θύραι,

2302 4123 2494 4185 πάντες
2543 4120 2601 4177 δὲ
2654 4121 2933 4198 μοχθηροὶ
2984 4126 3132 4179 Ill
3187 4122 3278 4176 xui
3329 4120 3473 4185 θετοὶ
3525 4118 3831 4176 λυέσθωσαν
3865 4120 3961 4175 νό-

2305 4234 2420 4286 μοι,
2482 4210 2815 4281 ζηλοτύποις
2872 4210 3179 4287 ἀνθρώποις
3235 4210 3498 4283 κείμενοι,
3558 4208 3788 4277 οἵτινες,
3850 4209 3961 4264 ὑπὸ

543 4298 730 4356 lentes
780 4318 1014 4373 aequum
1067 4301 1411 4375 intelligere,
1472 4302 1830 4375 insuperque
1890 4308 1947 4360 et
2001 4304 2169 4359 dicto:

2296 4300 2481 4362 ἀνοίας
2512 4300 2874 4376 κρατούμενοι
2924 4298 3014 4354 καὶ
3062 4299 3124 4353 τὸ
3175 4294 3399 4374 εὔλογον
3448 4303 3590 4352 νοεῖν
3640 4298 3715 4371 μὴ
3752 4294 3959 4373 βουλό-

543 4389 843 4447 adulteros
894 4391 1197 4463 suspicati,
1249 4409 1282 4446 a
1320 4392 1461 4448 Jove
1516 4392 1642 4464 ipso
1687 4409 1789 4464 per
1832 4392 2085 4448 Minoem
2134 4412 2169 4449 e

2300 4411 2474 4464 μενοι,
2508 4390 2726 4465 προσέτι
2762 4386 2820 4443 δὲ
2864 4386 2956 4443 καί
2999 4387 3125 4450 τοὺς
3179 4387 3508 4463 λεγομένους
3554 4386 3788 4463 μοιχοὺς
3824 4386 3964 4466 ὑφο-

539 4478 1017 4536 Rbadamantum
1043 4481 1203 4551 juste
1233 4479 1601 4536 illunduntus
1623 4480 1758 4536 latis
1788 4480 2187 4554 legibus.Nam

538 4570 813 4624 Amorem
846 4568 1061 4625 animis
1105 4569 1475 4625 accedentem
1525 4585 1786 4626 coercere
1836 4587 1948 4626 non
1979 4588 2188 4642 possu-

2296 4480 2559 4556 ρώμενοι,
2611 4478 2699 4532 ὑπ’
2752 4476 2916 4531 αὐτοῦ
2962 4481 3059 4531 τοῦ
3108 4476 3229 4537 Διὸς
3281 4473 3369 4530 διά
3418 4496 3481 4550 γε
3526 4473 3624 4530 τοῦ
3672 4475 3823 4532 Μίνω
3862 4476 3959 4529 vui

2294 4573 2391 4624 τοῦ
2467 4565 2867 4639 Ῥαδαμάνθυος
2921 4569 2963 4603 ⁸¹
3030 4565 3268 4642 εὐλόγως
3324 4567 3497 4626 Θετοῖς
3564 4565 3848 4634 παίζονται
3909 4568 3960 4602 ⁸³

543 4673 696 4713 mus.
729 4657 929 4730 Neque
963 4657 1120 4713 enim
1152 4658 1519 4714 voluntarius
1550 4665 1641 4715 est
1671 4660 1993 4714 amantium
2028 4661 2166 4716 ali'ec

2295 4658 2509 4731 νόμοις.
2542 4660 2756 4733 Ἔρωτα
2803 4658 2904 4732 γὰρ
2959 4653 3375 4727 ἐπιδημήσαντα
3422 4658 3625 4730 ψυχαῖς
3672 4654 3773 4709 οὐκ
3808 4651 3957 4709 ἔστιν

541 4750 661 4803 tus.
687 4752 818 4819 Ipse
853 4747 1054 4817 itaque
1082 4746 1333 4818 Jupiter,
1366 4747 1574 4802 barum
1606 4746 1800 4819 legum
1836 4750 1987 4803 lator
2015 4749 2187 4804 innu-

543 4837 722 4893 meris
752 4835 1071 4892 concubuit
1099 4852 1233 4890 cum
1272 4835 1622 4891 mulieribus
1654 4852 1667 4904 ;
1700 4841 1757 4892 et
1787 4837 2026 4909 quidem
2058 4855 2188 4910 pro-

544 4930 673 4998 pter
704 4924 990 4996 quosdam
1027 4924 1322 4996 sapientes
1369 4924 1526 4981 viros
1555 4924 1853 4981 beneﬁcus
1884 4924 1943 4980 in
1976 4924 2189 4983 libero-

543 5029 677 5069 rum
709 5012 1106 5086 procreatione
1128 5013 1318 5069 factus
1351 5030 1773 5085 nonnunquam
1808 5030 2189 5087 congressum

543 5117 720 5159 suum
750 5100 1092 5159 hominibus
1124 5101 1380 5167 donavit.
1415 5103 1570 5175 apud
1601 5118 1701 5159 eos
1740 5118 1892 5172 vero,
1926 5103 2026 5175 qui
2058 5120 2188 5177 gra-

2299 4749 2563 4823 ἐπισχεῖν.
2627 4746 2699 4800 Οὐ
2758 4747 2862 4821 γάρ
2922 4745 3062 4799 ἐστιν
3125 4743 3369 4798 ἑκούσιον
3422 4744 3485 4798 τὸ
3532 4748 3639 4797 τῶν
3702 4742 3958 4818 ἐρώντων

2298 4838 2489 4899 πάθος.
2522 4835 2725 4891 Αὐτίκα
2775 4839 2905 4910 γοῦν
2940 4834 2967 4887 ὁ
2998 4834 3125 4895 Ζεὺς
3178 4832 3358 4904 αὐτὸς,
3393 4833 3421 4887 6
3465 4832 3672 4887 τούτων
3717 4835 3961 4905 νομοθὲ-

2296 4948 2421 4996 της,
2476 4924 2693 5000 μυρίαις
2738 4921 3034 4994 συνήλυΟεν
3088 4922 3351 4997 γυναιξὶν,
3398 4918 3488 4976 xui
3538 4921 3627 4976 ὑπ’
3675 4920 3825 4977 ἐνίων
3859 4924 3961 4995 μὲν

2301 5020 2481 5094 σοφῶν
2528 5012 2815 5088 εὐεργέτης
2874 5011 3011 5087 πρὸς
3057 5009 3434 5076 τεκνοποιίαν,
3484 5008 3656 5065 ἐνίοτε
3708 5012 3807 5079 τὴν
3858 5010 3959 5066 αὐ-

2297 5109 2394 5161 τοῦ
2455 5103 2597 5178 μίξιν
2655 5104 2701 5139 ⁸⁸
2756 5101 3067 5177 ἀνθρώποις
3127 5096 3514 5177 δωρούμενοςο
3572 5098 3700 5174 παρ’
3756 5098 3839 5159 οἷς
3901 5096 3965 5154 δὲ

1906 5254 2147 5313 VARI/E
2187 5256 2576 5315 LECTIONES

613 5392 804 5466 °°__t1:t
865 5397 1018 5466 coni.
1095 5401 1159 5451 D.
1234 5398 1279 5432 ’³ο
1342 5394 1431 5450 καί
1504 5397 1774 5453 omittere
1828 5414 1943 5453 non
2022 5399 2270 5457 debebat
2327 5402 2383 5457 S.
2445 5417 2493 5456 c.
2565 5398 2648 5453 Cl.
2707 5398 2749 5432 τί
2825 5396 2986 5452 Hanc
3058 5395 3117 5450 Ci
3193 5394 3585 5466 conjecturam
3652 5381 3961 5466 confirmat

541 5469 604 5533 Ο,
661 5462 912 5543 εὔκαιρος
937 5462 1025 5543 AC,
1064 5467 1122 5523 in
1175 5472 1378 5543 textu:
1405 5470 1467 5543 "_
1502 5470 1588 5523 Ita
1629 5473 1709 5536 8.,
1766 5468 2126 5543 usﬂz_'suutov5
2178 5477 2237 5539 C,
2287 5476 2350 5528 Ο.
2378 5473 2447 5543 ,⁷³
2493 5472 2628 5543 Leg.
2656 5466 2889 5543 ,χαίρειν
3046 5468 3222 5543 “illa
3267 5462 3439 5543 O,A_et
3469 5466 3826 5543 esconjec‘t.
3870 5464 3958 5523 0.,

540 5533 865 5613 φιλοσοφίαν
898 5538 978 5594 id.
1000 5533 1071 5613 in
1102 5544 1257 5613 texti)
1291 5564 1304 5593 .
1339 5541 1381 5575 ⁷³
1411 5537 1662 5613 γέννησις
1691 5533 1827 5594 Cf"
1859 5537 1916 5613 δέ
1947 5544 2080 5598 add.
2117 5560 2166 5598 c.
2190 5533 2255 5600 Ο.
2288 5545 2332 5579 ⁷⁷
2364 5542 2407 5595 δ’
2436 5544 2495 5598 C.
2529 5533 2631 5597 V31
2656 5533 2749 5596 hic
2773 5533 3083 5613 legendum
3108 5537 3171 5613 εί
3196 5554 3298 5613 pro
3328 5535 3412 5613 Oi,
3438 5537 3521 5613 vel
3557 5533 3707 5613 infra
3738 5533 3828 5588 ἐὰν
3850 5553 3957 5613 po:

540 5606 799 5665 flendum
831 5619 963 5701 ante
993 5608 1172 5684 χάριν.
1208 5611 1305 5665 Eo.
1344 5606 1509 5693 PAfra.
1542 5606 2039 5701 "oéTttQXSLF‘Iﬁa'OpAEV
2075 5615 2137 5669 Ο.
2172 5616 2216 5651 ⁷⁹
2261 5606 2892 5698 Ροεῂάντιπράττοντὲς
2938 5610 3025 5697 in!
3050 5610 3093 5665 Ο
3117 5606 3340 5697 legitur
3378 5606 3760 5701 άξειίέχςῐωσξν,
3792 5606 3954 5701 ι]ιέοά

538 5697 607 5759 ex
643 5674 1033 5759 s‘eguentibu'f
1061 5674 1359 5759 perperam
1410 5674 1749 5759 irrepsitnw
1790 5674 2147 5759 άνέώχοωσαν
2187 5691 2253 5750 0,
2301 5692 2365 5742 ut
2400 5674 2927 5759 jampi'oposuitﬁ
2951 5699 2965 5750 ;
3001 5674 3353 5759 ἀνεῲχδησαν
3399 5674 3954 5759 βᾲπῬαδαμᾶνθου

541 5751 607 5808 Ο⁸
642 5752 688 5787 82

750 5759 807 5809 ta
836 5752 879 5808 Ο
912 5769 961 5807 c.
995 5752 1031 5809 S
1111 5750 1392 5806 παίσονται
1423 5754 1482 5809 C.
1516 5750 1561 5788 ⁸³
1592 5752 1727 5827 πρὸς
1746 5750 2089 5810 τεκνοτίόιίαν
2120 5755 2337 5829 ἐνοήθη,
2370 5750 2469 5826 τῆν
2503 5750 2841 5829 αὐτοῦ-μίξιν
2874 5750 3189 5826 legendum
3221 5756 3417 5809 censet
3442 5750 3509 5806 D.
