4114 6338
199 407 301 469 189

1327 405 1852 469 CLEMENTINA.
1888 438 1965 451 —
1996 404 2329 466 HOMILIA
2371 405 2449 466 ν.

3472 402 3588 464 190

206 537 503 611 μεμνημένη
566 539 689 613 περὶ
774 534 848 594 ὥν
910 559 993 594 σοι
1052 537 1271 618 ἐξέφῃνα
1332 537 1683 613 μυστηρίων,
1739 534 1826 592 διὰ

1943 537 2114 593 tabis.
2148 536 3062 607 Caeterum,cbarissima,memor
3090 551 3124 590 a
3145 550 3239 589 me
3265 532 3581 589 relatorum

201 626 509 704 γραμμάτων
545 648 640 701 μοι
678 628 781 697 τήν
835 629 933 698 σὴν
980 626 1149 699 δεῖξον
1199 628 1531 704 προαίρεσιν.
1581 625 1829 704 ’Έρῥωσό

205 738 303 789 μοι.

259 807 357 863 XX.
392 807 537 881 Ἐγὼ
583 805 767 860 τοίνυν
813 805 936 862 τότε
982 809 1026 842 ²⁷
1072 801 1256 860 λαϐὼν
1300 806 1362 861 τὸ
1409 801 1625 862 ϐιϐλίον
1665 808 1828 859 τοῦτο

202 896 325 970 παρὰ
368 899 462 948 τοῦ
521 894 854 964 ’Λππίωνος,
906 895 981 957 ὡς
1028 890 1199 957 ὅντως
1251 892 1569 969 διαπέμψων
1601 893 1729 948 αὐτὸ
1760 897 1827 966 τῇ

203 982 440 1057 ἐρωμένῃ,
512 982 844 1057 ἐπλασάμην
894 984 967 1047 ὡς
1017 982 1226 1055 ἐκείνης
1284 985 1421 1060 πρὸς
1476 988 1641 1039 ταῦτα
1690 984 1831 1038 ἀντι-

203 1074 479 1146 γραψάσης,
512 1073 605 1126 καὶ
650 1072 723 1147 τῇ
781 1074 1027 1148 ὑστεραίᾳ
1073 1076 1118 1110 ³⁸
1148 1071 1358 1128 ἐλθόντι
1409 1072 1555 1144 αὐτῷ
1587 1069 1831 1127 ἐπέδωκα

199 1160 550 1233 τῷἈππίωνι
587 1161 664 1224 ὠς
709 1160 867 1232 δῆθεν
917 1164 1015 1233 τὴν
1067 1163 1192 1239 παρ’
1225 1161 1431 1234 ἐκείνης
1476 1161 1826 1238 ἀντιγραφὴν,

204 1250 349 1313 οὕτως
379 1247 643 1327 ἔχουσαν·

252 1356 600 1436 Ἀντίγραφον
638 1357 941 1436 ἐπιστολῆς.
965 1360 1011 1396 ³³
1035 1358 1170 1436 πρὸς
1202 1358 1485 1414 ’Δππίωνα
1515 1356 1589 1421 ὠς
1622 1359 1769 1435 παρὰ

790 1437 889 1499 τῆς
924 1429 1222 1507 ἐρωμένης.

257 1519 383 1575 XXI.
433 1517 712 1591 Θαυμάζω
763 1523 903 1587 πῶς,
953 1517 1041 1574 ὲπῖ
1086 1519 1247 1597 σοφίᾳ
1302 1540 1367 1592 με
1414 1517 1711 1589 ἐπαινέσας,
1753 1518 1830 1581 ὠς

208 1607 395 1680 ἀνοήτῳ
450 1609 703 1686 γράφεις.
764 1608 856 1670 Ei;
912 1610 1015 1685 γὰρ
1079 1610 1170 1664 σὸν
1218 1608 1385 1671 πάθος
1434 1611 1479 1645 ³ο
1525 1607 1704 1664 πεῖσαί
1764 1628 1829 1680 με

208 1695 412 1765 θελήσας
470 1696 533 1753 ἐκ
608 1702 716 1752 τῶν
770 1698 894 1771 περὶ
966 1697 1095 1761 τοὺς
1135 1697 1285 1759 θεοὺς
1355 1695 1827 1774 μυθολογημάτων

208 1784 421 1855 ἐποιήσω
467 1788 535 1841 τά
584 1784 1002 1862 παραδείγματα
1036 1830 1049 1855 ,
1100 1789 1321 1864 Ἔρωτα
1366 1788 1459 1842 τὸν
1508 1786 1722 1841 πάντων
1783 1788 1827 1825 ³¹

1940 627 2349 699 mysteriorum
2381 627 2521 682 mihi
2550 644 2653 699 per
2683 626 2906 681 litteras
2926 630 3086 679 tuam
3110 623 3304 678 indica
3326 622 3584 678 volunta-

1939 719 2078 771 tem.
2113 715 2275 770 Vale.

2010 804 2115 859 XX.
2177 806 2293 878 Ego
2349 804 2529 877 igitur
2582 804 2691 860 hoc
2747 803 2944 859 libello
3003 803 3074 858 ab
3142 802 3403 874 Appione
3457 807 3581 858 tum

1938 900 2194 967 accepto,
2230 895 2398 966 quasi
2429 910 2559 949 vere
2584 894 2877 948 missurus
2910 893 2979 947 ad
3014 896 3579 963 amatam,tanquam

1937 984 2039 1039 illa
2095 983 2493 1055 rescripsisset
2550 982 2779 1046 conﬁxi,
2841 986 2897 1036 et
2972 980 3253 1053 postridie
3331 979 3582 1035 venienti

1934 1073 2153 1128 tradidi
2183 1072 2429 1145 Appioni
2462 1072 2617 1127 velut
2675 1070 2938 1126 mulieris
2998 1069 3365 1141 rescriptum,
3429 1068 3581 1141 quod

1940 1162 2023 1218 ita
2052 1162 2228 1218 habet
2261 1180 2274 1218 :

1940 1359 2289 1431 Rescriptum
2314 1355 2388 1413 ad
2417 1356 2725 1484 epistolarga
2744 1354 2844 1481 adt
2866 1356 3163 1429 Appionem
3208 1362 3471 1428 tanquam
3515 1355 3583 1410 ab

2613 1446 2651 1484 α
2728 1445 2819 1483 ma
2850 1445 2903 1483 α.

2613 1445 2903 1484 adamata.

2008 1519 2148 1575 XXI.
2184 1518 2362 1575 Miror
2390 1535 2508 1592 qua
2546 1518 2790 1580 ratione.
2840 1534 2972 1573 cum
3027 1533 3121 1572 me
3168 1517 3239 1572 de
3290 1517 3581 1588 sapientia

1937 1608 2163 1679 laudes,
2194 1612 2498 1681 tamquam
2557 1607 2798 1663 stultam
2857 1605 3193 1679 compellas.
3237 1606 3380 1661 Nam
3441 1608 3580 1660 dum

1939 1698 2103 1770 cupis
2134 1699 2203 1752 ad
2239 1703 2405 1753 tuum
2442 1714 2533 1771 me
2565 1698 2853 1752 adducere
2886 1697 3179 1765 aﬂ'ectum,
3230 1712 3295 1750 ex
3340 1696 3580 1749 deorum

1941 1787 2155 1843 fabulis
2186 1786 2493 1859 sumpsisti
2526 1786 2812 1857 exempla,
2870 1789 3163 1849 Amorem,
3196 1785 3394 1856 (quem
3456 1800 3581 1837 om-

207 1870 567 1948 πρεσϐύτατον,
622 1875 697 1937 ὡς
748 1873 882 1953 ἔφης
925 1878 992 1943 ³³,
1043 1874 1130 1931 ἐπὶ
1179 1875 1391 1930 πάντων
1442 1880 1573 1939 θεῶν
1618 1876 1707 1930 καὶ
1738 1875 1826 1930 ἆν-

208 1964 227 1979 A
278 1964 287 1979 1
468 1963 525 1979 ΑΝ
749 1972 776 1979 ρ.
976 1966 989 1979 ι
1124 1959 1153 1979 ο
1200 1967 1223 1979 Α
1259 1965 1272 1979 \
1366 1964 1392 1979 II
1599 1966 1613 1979 ι
1690 1964 1704 1979 9
1770 1966 1783 1979 ι

1943 1877 2102 1931 nium
2138 1876 2619 1946 antiquissimum
2652 1874 2935 1939 dixisti,et
2965 1891 3142 1942 supra
3173 1878 3412 1927 cunctos
3442 1873 3582 1927 deos

208 1964 430 2039 θρώπων,
466 1963 869 2043 βλασφημῆσαι
922 1966 997 2037 μή
1049 1959 1328 2044 φοϐηθεὶς,
1362 1964 1510 2027 ὅπως
1554 1966 1652 2034 τήν
1688 1964 1825 2038 ἐμὴν

208 2054 395 2130 φθείρῃς
424 2055 640 2129 ψυχὴν,
671 2053 761 2108 καὶ
789 2055 851 2108 τὸ
880 2052 1008 2127 ἐμὸν
1042 2059 1202 2127 σῶμα
1246 2049 1620 2131 περιυϐρίσῃς.
1648 2056 1827 2130 Ἔρως

208 2143 288 2218 γὰρ
316 2147 440 2207 θεῶν
475 2143 579 2197 οὐκ.
611 2141 750 2196 ἔστιν
799 2142 1136 2218 ἀρχηγέτης,
1169 2143 1197 2197 ὁ
1229 2142 1279 2197 έν
1329 2148 1447 2205 ταῖς
1490 2142 1825 2217 ἐπιθυμίαις.

212 2232 260 2285 Εἰ
285 2234 373 2307 γάρ
424 2233 561 2287 ἑκὼν
616 2230 890 2303 ἐπιθυμεῖ,
922 2230 1080 2294 αὐτός
1115 2235 1267 2290 I49
1300 2231 1438 2287 ἐστιν
1488 2232 1677 2287 ἑαυτοῦ
1722 2234 1825 2287 πά-

211 2321 282 2382 θος
307 2321 385 2374 καὶ
412 2320 666 2392 κόλασις,
698 2320 789 2374 καὶ
830 2319 948 2382 θεὸς
994 2319 1093 2375 οὐκ
1124 2320 1183 2374 ἃν
1230 2319 1313 2391 εἴη
1348 2322 1375 2375 6
1405 2322 1632 2397 πάσχων
1666 2322 1823 2377 ἑκών·

216 2407 325 2464 eicit
347 2412 483 2465 ἄκων
529 2408 629 2485 ἐρᾷ
673 2414 776 2477 τῆς
824 2410 1042 2483 μίξεως,
1086 2409 1175 2464 καὶ
1221 2410 1316 2471 τὰς
1365 2410 1633 2486 ἡμετέρας
1684 2408 1827 2487 διερ-

215 2497 420 2573 χόμενος
448 2498 634 2574 ψυχὰς
666 2496 849 2573 ὥσπερ
882 2495 951 2553 δι’
996 2496 1237 2573 ὀργάνων
1269 2502 1377 2553 τῶν
1408 2498 1689 2575 ἡμετέρων
1721 2521 1827 2555 σωο

222 2580 372 2650 μάτων
423 2579 498 2641 εἷς
551 2578 649 2640 τὰς
706 2582 813 2634 τῶν
872 2583 1083 2649 νοητῶν
1139 2579 1352 2657 φέρεται
1413 2580 1693 2643 συνουσίας
1726 2626 1740 2653 ,
1800 2581 1827 2634 6

216 2671 372 2721 τοῦτον
416 2667 535 2743 ἐρᾷν
586 2671 765 2723 ποιῶν
810 2668 900 2722 καὶ
947 2668 1124 2743 φέρων
1173 2668 1369 2741 μείζων
1419 2668 1583 2724 αὐτοῦ
1617 2669 1826 2745 τυγχά-

218 2774 297 2810 νει⁸
345 2757 427 2811 καὶ
476 2757 646 2813 πάλιν
707 2756 873 2812 αὐτοῦ
932 2756 1134 2812 ἐκείνου
1188 2761 1285 2812 τοῦ
1350 2758 1608 2835 φέροντος
1662 2758 1828 2834 ἑτέρῳ

222 2845 343 2918 πόθῳ
384 2848 706 2925 φερομένου,
753 2846 951 2920 μείζων
1002 2844 1178 2908 ἄλλος
1217 2847 1244 2901 6
1274 2847 1447 2923 φέρων
1496 2848 1696 2903 ἐκεῖνον
1744 2848 1829 2903 εὐ-

222 2933 439 3006 ρὶπιεται·
514 2935 607 2991 καὶ
686 2935 763 2997 εἷς
841 2934 1135 3012 ἀπέραντον
1213 2935 1548 3016 ἐπαναφορὰν
1607 2940 1652 2975 ³³
1720 2943 1826 2993 τῶν

224 3022 426 3093 ἐρώντων
454 3024 682 3101 γίνεται,
739 3021 787 3079 δ’
819 3024 956 3080 ἐστιν
986 3021 1265 3080 ἀδύνατον
1317 3025 1505 3089 Οὕτως
1545 3027 1644 3083 οὐκ
1688 3026 1826 3085 ἔστιν

224 3108 319 3167 οὔτε
361 3113 386 3167 6
441 3114 643 3191 φέρων,
704 3111 829 3168 οὔτε
880 3113 908 3167 ὁ
965 3113 1285 3191 φερόμενος,
1345 3114 1470 3171 ἀλλ’
1517 3116 1681 3171 αὐτοῦ
1731 3122 1828 3172 τοῦ

222 3198 415 3274 ἐρῶντος
443 3203 504 3258 τὸ
535 3201 934 3276 ἐπιθυμητικόν
965 3202 1076 3258 ἐστι
1105 3201 1295 3275 πάθος,
1321 3202 1503 3260 ἐλπίδι
1534 3204 1827 3280 αὐξόμενον

222 3289 291 3344 καὶ
317 3292 609 3367 ἀπογνώσει
643 3290 987 3365 μειούμενον.

276 3472 419 3526 XXII.
452 3472 513 3525 Ol.
543 3468 601 3526 δὲ
635 3474 850 3546 κρατεῖν
895 3468 1126 3546 αἰσχρᾶς
1174 3469 1461 3545 ἐπιθυμίας
1512 3472 1588 3545 μὴ
1624 3470 1829 3549 βουλό-

229 3577 349 3627 μενοι
388 3564 489 3613 τῶν
535 3562 672 3615 θεῶν
717 3556 1178 3632 καταψεύδονται,
1219 3559 1311 3615 ’ίνα
1357 3562 1479 3637 περὶ
1537 3562 1611 3616 ὧν
1656 3563 1828 3638 πράτ-

225 3664 391 3719 τουσιν,
433 3646 560 3710 τοὺς
605 3647 763 3709 θεοὺς
816 3647 891 3711 ὡς
935 3650 1233 3723 προτέρους
1284 3646 1577 3725 δράσαντας
1609 3649 1827 3706 ὑποδει-

223 3734 419 3808 κνύντες,
452 3736 911 3792 ἀπαλλάσσωνται
938 3739 984 3773 ³⁸
1008 3744 1110 3807 τῆς
1151 3737 1417 3812 μέμψεως
1472 3740 1536 3795 Εἰ
1575 3741 1677 3815 γάρ
1707 3762 1829 3795 παι-

224 3816 428 3887 δοποιίας
478 3822 681 3896 ἕνεκεν,
738 3826 828 3880 καὶ
886 3824 984 3880 οὐκ
1039 3824 1319 3902 ἀσελγείας
1354 3872 1369 3898 ,
1429 3828 1479 3883 οἱ
1542 3828 1826 3905 λεγόμενοι

223 3910 309 3964 θεοὶ
354 3915 441 3977 τὰς
500 3914 758 3990 μοιχείας
813 3913 1131 3988 ἐπετέλουν,
1187 3914 1241 3969 τί
1292 3917 1382 3972 καὶ
1437 3922 1553 3980 τοῖς
1613 3915 1824 3995 ἄρσεσιν

222 3995 462 4075 ἰμίγνυντο
509 4005 586 4072 3"‘;
624 4002 802 4058 Ἀλλᾶ
854 4004 1233 4080 χαριζόμενοι,
1288 4005 1471 4084 φησὶν,
1519 4012 1637 4070 ταῖς
1691 4007 1825 4083 ἐρω-

226 4088 369 4156 μέναις
414 4093 795 4165 κατηστέριζον
849 4094 893 4129 ⁸⁸
950 4092 1147 4155 αύτάς.
1207 4093 1409 4149 Οὐκοῦν
1468 4096 1574 4170 πρὸ
1628 4096 1825 4153 τούτου

220 4174 295 4263 οὐκ
333 4180 452 4246 ἦσαν
504 4180 723 4256 ἀστέρες
759 4223 773 4247 ,
826 4180 1021 4257 μέχρις
1072 4180 1161 4237 ὅτε
1222 4182 1509 4259 ἀσελγείας
1561 4185 1824 4263 προφάσει

223 4262 301 4319 ὕπὸ
343 4274 542 4345 μοιχῶν
594 4271 623 4325 6
679 4269 904 4345 οὐρανὸς
948 4268 1165 4347 ἄστροις
1213 4270 1494 4345 ἐκοσμήθη
1531 4292 1545 4343 ;
1590 4262 1712 4337 Πῶς
1768 4273 1827 4330 δὶ

220 4353 287 4407 καὶ
327 4357 371 4409 οἱ
416 4364 515 4413 τῶν
568 4361 1070 4435 κατηστερισμένιυν
1120 4363 1163 4397 ³⁷
1213 4358 1425 4438 ἔκγονοι
1460 4361 1509 4416 ἐν
1563 4358 1694 4433 ᾅδου
1730 4385 1824 4419 κο-

222 4438 449 4518 λάζονται,
499 4446 528 4502 6'
564 4469 627 4503 τε
675 4447 878 4511 ’Ἄτλας
928 4448 1287 4525 βαρούμενος,
1338 4451 1428 4505 καὶ
1478 4452 1505 4505 ὁ
1552 4452 1824 4516 Τάνταλος

224 4524 322 4604 δίψῃ
360 4538 399 4571 ³⁸
444 4536 785 4611 ἀνιώμενος,
836 4537 923 4593 καὶ
974 4524 1007 4592 6
1055 4538 1288 4609 Σίσυφος
1337 4537 1556 4611 ἐρείδων
1602 4544 1825 4617 πέτραν,

1938 1970 1993 2021 et
2024 1965 2312 2035 homines)
2344 1981 2458 2018 non
2491 1964 2713 2018 veritus
2738 1963 3043 2025 infamare,
3079 1979 3190 2031 quo
3226 1978 3419 2016 meum
3454 1978 3577 2017 cor-

1938 2070 2238 2125 rumperes
2270 2053 2554 2119 animum,
2584 2068 2899 2123 meumque
2930 2050 3287 2106 contumelia
3318 2051 3580 2106 alﬁceres

1936 2159 2167 2215 corpus.
2205 2145 2374 2198 Amor
2401 2143 2557 2198 enim
2601 2159 2713 2197 non
2765 2147 2854 2197 est
2902 2141 3143 2195 deorum
3195 2140 3463 2212 princeps
3513 2156 3581 2195 ac

1936 2233 2163 2297 ductor,
2198 2231 2248 2287 is
2288 2232 2386 2304 qui
2438 2232 2497 2285 in
2546 2230 2968 2301 cupiditatibus
3015 2234 3280 2285 versatur
3312 2248 3326 2297 ;
3360 2246 3493 2283 nam
3528 2228 3577 2283 si

1936 2326 2143 2394 sponte
2171 2321 2353 2393 cupit,
2387 2320 2511 2393 ipse
2540 2325 2629 2376 est
2657 2320 2748 2375 sui
2782 2319 3078 2392 perpessio
3111 2324 3169 2374 et
3199 2318 3577 2390 supplicium,

1938 2427 2044 2467 nec
2075 2412 2217 2466 deus
2248 2414 2355 2477 est,
2391 2410 2491 2482 qui
2524 2409 2845 2465 voluntarie
2877 2410 3132 2481 patitur:
3165 2410 3256 2464 sin
3298 2425 3433 2464 vero
3487 2408 3577 2462 in-

1936 2499 2091 2554 vitus
2128 2499 2352 2571 appetit
2399 2499 2797 2567 concubitum,
2855 2502 2911 2553 et
2970 2501 3199 2553 nostras
3257 2498 3580 2569 pervadens

1936 2588 2165 2644 animas
2194 2593 2475 2661 tanquam
2508 2605 2611 2660 per
2641 2605 2949 2660 corporum
2983 2593 3317 2643 nostrorum
3349 2587 3575 2642 instru-

1940 2682 2138 2733 menta
2168 2678 2352 2732 fertur
2380 2678 2450 2734 ad
2482 2694 2861 2749 congressum
2894 2693 3092 2732 eorum
3128 2693 3255 2749 qua:
3279 2678 3387 2732 sub
3414 2676 3578 2731 intel-

1937 2766 2240 2839 ligentiam
2273 2767 2510 2833 cadunt,
2542 2768 2639 2838 qui
2676 2782 2809 2821 eum
2841 2766 3068 2820 inducit
3098 2767 3169 2820 ad
3229 2766 3574 2836 amandum,

1939 2858 2128 2927 major
2158 2862 2246 2911 est
2274 2873 2341 2911 eo
2375 2874 2388 2912 :
2425 2856 2756 2928 iterumque
2787 2871 2920 2910 cum
2952 2854 3046 2909 hic
3082 2855 3180 2926 qui
3238 2855 3464 2909 inducit
3520 2854 3578 2908 in

1939 2944 2120 3000 alium
2150 2944 2463 3000 inducatur
2493 2946 2967 3015 amorem,major
2993 2943 3143 2999 alius
3174 2943 3274 3015 qui
3306 2943 3464 2998 hunc
3491 2944 3577 2996 in-

1938 3034 2100 3089 ducit
2129 3034 2495 3104 reperitur,et
2526 3034 2580 3086 in
2611 3032 2907 3087 inﬁnitum
2925 3033 3249 3087 amantium
3266 3046 3579 3085 numerum

1937 3122 2003 3177 ﬁt
2034 3138 2378 3195 progressus
2414 3140 2427 3191 ;
2462 3123 2615 3194 quod
2650 3122 2769 3176 fieri
2808 3138 2920 3177 non
2956 3121 3356 3192 potest.Igitur
3387 3134 3578 3190 neque

1940 3215 2029 3268 est
2058 3212 2158 3282 qui
2191 3210 2632 3282 inducit,neque
2662 3210 2761 3281 qui
2793 3209 3113 3276 inducitur;
3145 3208 3245 3263 sed
3277 3214 3366 3262 est
3395 3207 3581 3278 ipsius

1939 3300 2193 3356 amantis
2225 3301 2465 3355 aﬂ‘ectus
2494 3299 2933 3371 concupiscens,
2970 3298 3068 3370 qui
3119 3314 3221 3369 spe
3252 3300 3499 3368 augetur
3528 3300 3585 3351 et

1937 3388 2340 3460 desperatione
2372 3389 2678 3443 minuitur.

2009 3478 2169 3534 XXII.
2203 3478 2308 3542 Qui
2338 3494 2472 3533 vero
2503 3482 2732 3548 turpem
2765 3476 2973 3531 nolunt
3003 3474 3384 3547 cupiditatem
3419 3491 3581 3531 coer-

1938 3583 2088 3633 cere,
2120 3568 2190 3622 de
2221 3567 2332 3621 diis
2381 3567 2740 3621 mendaciter
2798 3566 3028 3637 ﬁngunt
3061 3583 3073 3633 ;
3109 3570 3173 3619 ut
3208 3565 3265 3619 in
3324 3565 3398 3619 iis
3453 3581 3580 3635 quae

1938 3660 2277 3729 perpetrant
2308 3656 2448 3711 deos
2481 3655 2699 3728 primos
2733 3671 2860 3710 esse
2901 3659 3169 3710 auctores
3218 3654 3579 3708 ostendendo

1938 3744 2106 3816 culpa
2137 3743 2537 3799 liberentur.Si
2572 3744 2727 3798 enim
2746 3744 3131 3814 suscipienda:
3155 3742 3372 3798 sabolis
3393 3741 3582 3813 gratia

1936 3838 1995 3890 et
2024 3851 2138 3889 non
2169 3834 2434 3889 libidinis
2477 3850 2633 3906 ergo,
2688 3834 2787 3905 qui
2838 3833 2917 3887 dii
2963 3837 3261 3899 vocantur,
3295 3830 3581 3885 adulteria

1936 3922 2489 3989 commiserunt,cur
2511 3938 2643 3976 cum
2678 3920 2956 3976 masculis
2990 3937 3221 3993 quoque
3252 3920 3578 3974 misceban-

1933 4015 2032 4067 tur
2058 4012 2087 4066 ?
2117 4012 2227 4067 Sed
2262 4015 2325 4066 ut
2356 4011 2845 4084 gratificarentur,
2881 4009 3454 4082 inquit,mulieribus
3476 4008 3579 4063 ad-

1937 4100 2167 4166 amatis,
2203 4099 2333 4154 illas
2381 4100 2439 4154 in
2492 4105 2651 4154 astra
2694 4103 3121 4154 converterunt.
3177 4098 3360 4169 Igitur
3406 4101 3578 4151 antea

1935 4195 2093 4245 astra
2123 4206 2236 4243 non
2269 4192 2649 4260 erant,usque
2679 4189 2820 4243 dum
2851 4187 3097 4241 lasciviae
3130 4188 3431 4242 occasione
3463 4203 3576 4241 caa-

1934 4278 2055 4333 lum
2090 4278 2276 4333 stellis
2304 4282 2681 4333 exornaretur
2702 4278 2730 4331 ?
2766 4278 2833 4332 Et
2863 4278 3155 4347 quomodo
3178 4277 3234 4330 in
3269 4275 3466 4332 stellas
3496 4292 3579 4330 re-

1935 4366 2186 4422 latarum
2222 4366 2383 4422 liberi
2418 4383 2482 4420 ac
2513 4371 2755 4438 nepotes
2788 4367 2936 4436 apud
2973 4366 3191 4422 inferos
3223 4360 3584 4437 puniuntur?

1936 4456 2089 4512 Atlas
2120 4463 2395 4528 gravatus
2426 4456 2700 4527 pondere,
2734 4454 3019 4510 Tantalus
3059 4461 3298 4509 enectus
3331 4454 3451 4516 siti,
3487 4455 3580 4507 Si-

1935 4544 2156 4618 syphus
2190 4549 2412 4617 petram
2446 4545 2722 4611 retinens,
2776 4544 2939 4616 Titys
2999 4550 3273 4614 pertusus
3332 4542 3578 4605 visrera,

224 4618 378 4717 Τιωος
421 4625 484 4678 τὰ
532 4623 828 4701 σπλάγχνα
875 4623 1309 4700 διορυττόμενος,
1343 4628 1513 4701 Ἰξίων
1541 4630 1664 4706 περὶ
1692 4651 1825 4706 τρο-

1943 4635 2052 4689 lxio
2085 4635 2238 4688 circa
2268 4640 2453 4688 rotam
2485 4633 2882 4688 indesinenter
2921 4634 3237 4687 volutatus.
3274 4632 3580 4695 Quomodo

225 4708 300 4782 χόν
338 4710 605 4777 ἀπαύστως
665 4712 1087 4788 κυλινδούμενος
1123 4735 1137 4786 ;
1172 4720 1326 4776 I50
1372 4722 1488 4779 πῶς
1538 4717 1595 4773 δὲ
1642 4719 1729 4774 καὶ
1769 4721 1820 4774 o't

1943 4740 2064 4780 vero
2090 4729 2146 4779 ut
2180 4727 2468 4778 amatores
2523 4722 2600 4776 dii
2637 4738 2756 4789 eos,
2818 4738 2966 4793 quos
3028 4720 3379 4791 polluerant,
3431 4719 3579 4771 inter

225 4792 394 4883 ἐρασταὶ
440 4803 545 4859 θεοὶ
604 4802 797 4870 ὅντες,
858 4803 947 4866 οὓς
1004 4804 1225 4877 ἐμίαναν
1262 4852 1276 4878 ,
1315 4808 1700 4883 κατηπέριζον
1753 4811 1819 4879 ⁸⁸,

228 4881 394 4953 humi:
419 4894 526 4966 (95)
553 4896 717 4949 τοῦτο
754 4894 829 4966 μὴ
863 4893 1223 4970 χαρισάμενοι
1249 4913 1262 4964 ;

278 4978 437 5036 XXIII.
479 4981 589 5038 Ούκ
634 4982 737 5058 ἄρα
781 4983 911 5052 ἦσαν
960 4983 1096 5055 θεοὶ,
1148 4982 1292 5040 ἀλλὰ
1338 4982 1611 5061 τυράννων
1645 4986 1818 5063 αἰνίγ-

1930 4817 2091 4868 astra
2124 4811 2465 4880 retulerunt,
2499 4809 2608 4866 sibi
2644 4815 2837 4866 autem
2871 4811 2928 4865 id
2992 4807 3253 4864 muneris
3296 4824 3410 4862 non
3443 4812 3581 4862 sunt

1930 4900 2128 4973 largiti
2158 4901 2186 4957 ?

1999 4990 2194 5046 ΧΧΙΙΙ.
2228 4990 2351 5046 Non
2386 5005 2523 5062 ergo
2554 4992 2719 5045 erant
2748 4988 2849 5059 dii,
2886 4988 2989 5045 sed
3041 4992 3427 5060 tyrannorum
3482 5001 3578 5039 ve-

1533 5129 1772 5187 VARIIE
1812 5132 2223 5189 LECTIONES.

231 5239 450 5341 ³³³⁷Τότε
492 5248 731 5322 adjunxi
782 5266 831 5308 ο.
880 5250 946 5309 0.
998 5251 1061 5340 ην
1091 5252 1178 5308 Ita
1224 5256 1269 5310 Ο
1317 5270 1605 5336 c..marg.
1657 5254 1741 5339 Ci,
1792 5256 1852 5311 in
1899 5256 2015 5381 cog.
2063 5261 2219 5312 textu
2282 5255 2403 5311 ὑστε
2442 5253 2501 5327 έᾳ
2543 5257 2594 5339 ξ’
2643 5252 2905 5325 ἐπιστολή

231 5377 259 5381 __
291 5312 467 5371 παίδων
515 5321 578 5377 0.
626 5323 675 5358 ³²
724 5321 871 5379 Vbb.
922 5321 996 5381 ὡς
1035 5343 1168 5381 wn:
1208 5325 1332 5381 des.
1383 5341 1440 5381 ιη
1492 5330 1556 5381 Ο.
1591 5327 1851 5381 Subinde
1901 5326 1966 5381 ἐπ
2037 5334 2137 5381 τῆς
2187 5329 2245 5381 C.
2298 5275 2499 5381 tmﬂpeic
2541 5345 2598 5381 ιη
2652 5345 2833 5381 [Πᾶνα.
2863 5329 2905 5363 ⁸³

291 5312 467 5401 ﬁdit;an
515 5312 581 5401 0:
626 5323 675 5401 '3”
922 5321 996 5384 ὡς
1035 5320 1168 5401 ἔφης
1200 5325 1332 5401 des.
1374 5324 1440 5401 _in
1492 5312 1851 5401 Ofsubi'nde
1887 5326 1966 5401 tu:

2959 5256 3022 5312 0.
3069 5256 3116 5291 ⁸ο
3162 5254 3333 5315 πάθος
3384 5271 3500 5310 om.
3535 5256 3577 5310 Ο

2037 5334 2137 5395 τῆς
2187 5329 2253 5403 C,
2298 5326 2499 5403 ἐπιθείς
2541 5326 3261 5403 ἰη-ωᾶτεζδδηέπαναφορά
3308 5329 3458 5403 conj.
3493 5328 3575 5383 Cl.

231 5377 265 5473 ξ
379 5393 419 5443 0
615 5377 1059 5473 ἀπαλλάσσοντάι
1076 5377 1166 5452 lC..-
1198 5377 1242 5433 δί
1257 5377 1274 5379 γ’
1291 5377 1579 5471 ἐμίγνυντο
1600 5377 1668 5454 '0—
1885 5377 2287 5473 ἔμἰγνόέῦτοῖι.
2300 5377 2878 5471 ἶάἰὶᾶζηᾶἶήᾶζῖνσὸ.

233 5448 263 5483 ³⁸
289 5449 408 5528 δίψει
434 5461 491 5517 Ο.
522 5464 567 5500 ³⁸
594 5448 993 5540 κατεστήριζον
1012 5448 1074 5538 C,

1550 5566 1930 5626 VARIORUM
1961 5569 2194 5627 NOTIE.

236 5649 377 5770 dI95)
405 5656 526 5742 beg:
558 5660 744 5723 αὐτοῖς
774 5678 855 5718 sc.
885 5667 1002 5724 τοῖς
1034 5660 1333 5747 ἐρωμένοις
1364 5707 1379 5732 ,
1411 5668 1545 5733 Cur,
1600 5665 1814 5737 inquit,

266 5734 295 5770 ll
321 5727 638 5770 mnlmmhna
671 5750 699 5770 ιι
733 5750 795 5770 an
826 5735 1111 5770 nAnmnha
1166 5752 1309 5770 ηηοε.
1364 5736 1516 5770 ίηθοπ
1549 5743 1701 5770 ιοθπα
1733 5754 1814 5770 .m,

266 5727 295 5773 1i
320 5727 640 5791 mulieribus
669 5750 705 5790 a
733 5750 796 5791 se
824 5727 1311 5809 adamatisfquas
1362 5727 1707 5796 inter'astra
1732 5727 1822 5796 re;

1924 5668 2140 5741 lerunt,
2174 5686 2289 5741 non
2324 5668 2379 5723 id
2415 5684 2646 5741 quoque
2678 5667 2877 5741 largiti,
2904 5673 3135 5741 sunt,ut
3162 5686 3364 5726 eorum
3391 5675 3575 5741 poste-

1933 5756 2029 5798 ros
2061 5738 2361 5816 (ἐκγόνους)
2392 5732 2644 5814 α’ρωὶλῖε
2675 5732 2919 5799 ἱηῑόι-ιιίε
2950 5732 3266 5800 liberarent
3293 5742 3321 5799 ‘2
3347 5732 3403 5799 Β.
