4114 6338
183 365 304 424 193

1329 360 1859 421 CLEMENTINA.
1892 393 1969 405 —
2009 362 2338 425 HOMILIA
2384 369 2455 425 V.

3480 373 3595 430 194

186 493 384 553 αὖτοὺς
428 490 736 565 προεθίζειν
787 487 995 567 λόγοις’
1036 488 1123 545 ὅτι
1166 486 1387 566 δευτέρα
1435 490 1592 569 φύσις
1634 492 1669 559 ἠ
1719 510 1839 543 συν-

1976 510 2069 564 [ue
2099 496 2297 565 probis
2328 498 2838 568 praeassuefaciant
2867 500 3259 567 sermonibus,
3289 502 3427 573 quia
3457 519 3595 558 con-

182 587 369 652 ⁴ιίθεια·
420 582 554 654 πρὸς
600 580 820 642 τούτοις
873 577 929 635 δὲ
959 583 1174 641 πυκνῶς
1225 579 1418 640 αὐτοὺς
1446 580 1542 640 τὰς
1592 577 1843 640 κολάσεις

186 675 347 731 I52
379 671 821 742 ὑπομιμνήσκειν
861 670 956 731 τὰς
1006 669 1065 723 ἐκ
1111 674 1218 724 τῶν
1264 669 1472 742 νόμων,
1508 667 1621 737 Ἕνα,
1664 664 1843 741 ὥσπερ

186 760 409 837 χαλινῷ
438 760 521 831 τῷ
548 754 707 836 φόϐῳ
756 760 1061 835 χρώμενοι,
1092 764 1211 820 ταῖς
1254 758 1476 820 ἀτόποις
1519 759 1592 831 μὴ
1628 757 1843 830 συντρέ-

186 871 367 927 χωσιν
397 846 627 918 ἡδοναῖς
672 851 733 885 ³ο·
770 849 1033 924 προσήκει
1082 844 1139 902 δὲ
1182 848 1271 903 καὶ
1321 847 1427 924 πρὸ
1473 852 1569 901 τοῦ
1599 848 1697 915 τὴν
1732 845 1846 901 ἐπι-

189 938 390 1011 θυμίαν
445 936 757 1010 έπακμᾶσαι
813 938 975 1013 γάμῳ
1049 936 1112 992 τὸ
1188 937 1408 1014 φυσικὸν
1467 944 1568 1006 τῆς
1625 934 1844 1005 ἡλικίας

188 1026 574 1105 π).ηροφορεῖν
626 1026 797 1088 πάθος
831 1072 848 1093 ,
904 1020 1165 1102 πρότερον
1224 1025 1509 1089 πείσαντας
1568 1024 1644 1087 εἷς
1704 1022 1845 1087 εἶδος

186 1116 381 1190 ἑτέρας
410 1116 668 1191 γυναικὸς
705 1116 781 1188 μὴ
814 1113 1084 1183 ἀτενίζειν.

258 1207 457 1262 XXVI.
496 1206 550 1259 Ὀ
580 1206 683 1280 γὰρ
725 1208 853 1265 νοῦς
902 1205 1087 1276 ἡμῶν,
1134 1203 1333 1259 ὁπόταν
1364 1206 1406 1243 ⁸⁸
1439 1202 1506 1259 τὰ
1553 1207 1742 1280 πρῶτα
1779 1206 1848 1277 τῇ

189 1295 379 1370 τέρψει
439 1295 503 1348 τὸ
545 1291 689 1355 εἶδος
731 1300 832 1363 τῆς
889 1292 1167 1369 ἐρωμένης
1226 1292 1611 1367 ἀπομάξηται,
1669 1291 1848 1369 ὥσπερ

192 1384 242 1437 ἐν
274 1382 579 1459 κατόπτρῳ
635 1380 834 1457 ἐνορῶν
884 1381 964 1435 ἀεὶ
1010 1382 1109 1450 την
1159 1386 1397 1459 μορφήν,
1448 1380 1536 1436 διὰ
1564 1389 1663 1452 τῆς
1712 1384 1848 1455 μνή-

196 1494 308 1544 μης
353 1472 717 1547 βασανίζεταισ
768 1469 857 1524 καὶ
910 1470 985 1542 μὴ
1040 1472 1326 1546 τυγχάνων
1381 1470 1475 1544 μὶν
1519 1478 1618 1540 τῆς
1669 1470 1850 1525 ἐπιθυ-

196 1560 349 1633 μίας,
380 1568 487 1630 τῆς
519 1559 805 1635 ἐπιτυχίας
860 1558 1059 1631 μελετᾷ
1105 1561 1197 1621 τὰς
1249 1556 1428 1627 ὁδοὺς,
1470 1559 1741 1635 ἐπιτυχὼν
1772 1557 1851 1628 δὲ,

194 1651 420 1722 μᾶλλον
476 1646 709 1721 αὔξεται,
761 1647 941 1724 ὥσπερ
986 1649 1047 1703 τὸ
1086 1652 1190 1723 πῦρ
1237 1656 1337 1719 τῆς
1386 1648 1521 1719 ὕλης
1566 1648 1852 1725 εὐποροῦν,

192 1742 282 1795 καῖ
340 1738 563 1811 μάλισθ’
612 1738 690 1792 ὅτ’
738 1737 799 1791 ἂν
970 1737 1123 1813 ψυχῇ
1180 1743 1277 1793 τοῦ
1326 1737 1555 1814 ἐρῶντος
1603 1740 1709 1814 πρὸ
1756 1741 1853 1792 τοῦ

1956 585 2203 639 suetudo
2233 591 2321 640 est
2349 587 2532 643 altera
2564 592 2771 644 natura
2804 607 2816 645 :
2852 591 2919 644 ad
2959 591 3074 644 haec
3106 597 3297 646 autem
3334 593 3598 664 frequen-

1953 676 2042 726 ter
2066 672 2123 727 in
2156 691 2357 729 eorum
2392 679 2732 733 memoriam
2782 685 3049 734 revocent
3096 679 3289 751 legum
3341 698 3544 752 poenas
3578 700 3590 737 :

1956 778 2071 833 quo
2104 769 2259 819 metu
2294 770 2573 837 tanquam
2607 767 2764 822 freno
2800 768 2884 822 usi
2916 770 3188 823 absurdis
3212 786 3323 823 non
3356 788 3597 826 consen-

1954 852 2105 907 tiant
2132 853 2547 925 voluptatibus.
2581 856 2857 911 Convenit
2882 874 3017 929 ergo
3042 863 3121 925 ut,
3146 864 3461 931 antequam
3494 861 3599 915 fer-

1953 945 2084 996 veat
2113 943 2423 1015 cupiditas,
2458 943 2711 999 naturali
2744 945 2929 1000 atatis
2961 946 3185 1001 aﬂ‘ectui
3229 964 3330 1019 per
3376 965 3597 1004 connu—

1954 1030 2121 1086 bium
2172 1032 2460 1101 satisﬁat;
2512 1034 3085 1105 persuadeamusque
3132 1034 3249 1090 illis
3299 1036 3483 1108 prius,
3530 1054 3602 1094 ne

1958 1118 2205 1173 formam
2237 1117 2477 1175 alterius
2512 1119 2774 1175 mulieris
2805 1120 3290 1193 contemplentur.

2030 1206 2217 1262 XXVI.
2253 1207 2474 1263 Etenim
2526 1226 2691 1264 mens
2741 1218 2958 1281 nostra,
2993 1227 3124 1265 cum
3176 1212 3432 1282 primum
3484 1213 3605 1270 sibi

1958 1296 2322 1367 impresserit
2370 1314 2503 1352 cum
2553 1297 2846 1368 voluptate
2902 1300 3187 1354 adamatze
3258 1301 3598 1374 imaginem,

1962 1386 2126 1457 quasi
2159 1386 2217 1439 in
2249 1386 2484 1457 speculo
2518 1404 2750 1459 semper
2776 1388 3020 1442 formam
3055 1388 3310 1460 intuens,
3346 1408 3447 1462 per
3478 1409 3597 1448 me-

1962 1475 2207 1530 moriam
2242 1479 2564 1545 torquetur,
2595 1481 2652 1530 et
2682 1476 2729 1531 si
2762 1476 2994 1547 quidem
3026 1483 3155 1532 voto
3205 1496 3315 1534 non
3370 1480 3599 1545 fruitur,

1962 1563 2221 1635 potiendi
2247 1569 2399 1619 artes
2434 1564 2781 1632 meditatur;
2816 1566 2902 1620 sin
2938 1571 3129 1621 autem
3176 1568 3408 1634 fruitur,
3442 1586 3600 1625 cres-

1962 1654 2042 1708 cit
2071 1652 2377 1724 cupiditas,
2412 1654 2565 1707 sicut
2604 1654 2756 1726 ignis
2806 1655 3048 1711 materia
3092 1657 3420 1729 abundans,
3458 1677 3601 1731 prae-

1964 1742 2285 1812 sertimque
2316 1743 2549 1813 quando
2589 1742 2645 1796 in
2680 1744 2961 1800 amatoris
3010 1744 3204 1799 animo
3248 1747 3423 1801 timor
3471 1751 3604 1803 ante

196 1832 410 1890 πάθους
468 1828 1048 1901 προσεντετυπωμένος
1129 1828 1206 1901 μη
1266 1828 1579 1903 προῦπάρξῃ
1635 1824 1802 1906 φόϐος
1838 1870 1850 1884 .

1976 1831 2236 1887 affectum
2262 1831 2584 1902 impressus
2599 1849 2711 1887 non
2736 1833 3093 1903 praeexstitit.
3129 1834 3272 1888 Nam
3288 1836 3440 1891 sicut
3454 1854 3606 1907 aqua

195 1922 285 1981 Ὡς
334 1920 442 1993 γὰρ
494 1915 642 1992 ὕδωρ
690 1919 796 1991 πῦρ
842 1911 1270 1989 κατασϐέννυσιν,
1315 1915 1487 1979 οὕτως
1542 1916 1631 1972 καὶ
1688 1912 1855 1995 φόϐος

196 2015 297 2078 τῆς
333 2006 549 2081 ἀλόγου
599 2004 884 2079 ἐπιθυμίας
934 2004 1043 2060 ἐστὶ
1092 2000 1431 2083 σϐεστήριος.
1464 2008 1619 2064 ’Ὀθεν
1662 2006 1766 2083 ἐγὼ
1798 2002 1857 2061 ἔκ

196 2118 347 2159 τινος
406 2092 679 2150 Ἰουδαίου
741 2094 810 2149 τὰ
867 2099 981 2167 Θεῷ
1028 2094 1302 2172 πρέποντα
1347 2096 1435 2150 καὶ
1479 2098 1525 2133 ⁸⁵
1571 2102 1708 2151 νοεῖν
1769 2093 1857 2150 καί

198 2192 377 2241 ποιεῖν
414 2184 749 2259 ἐκμαθοῦσα,
783 2182 1054 2246 εὐάλωτος
1103 2185 1237 2260 πρὸς
1288 2184 1536 2260 μοιχείαν
1587 2185 1689 2239 ὑπὸ
1728 2188 1855 2259 ψευ-

200 2274 309 2330 δῶν
347 2273 536 2348 μόθων
588 2272 650 2327 οὐ
698 2271 945 2347 γίνομαι.
996 2270 1217 2328 Θέλοντι
1252 2276 1297 2310 ⁸³
1330 2271 1387 2328 δέ
1433 2295 1517 2329 σοι
1567 2274 1655 2329 καὶ
1689 2295 1854 2328 σπου-

202 2362 423 2433 δάζοντι
492 2366 790 2438 σωφρονεῖν
826 2407 841 2433 ,
902 2358 1311 2437 φλεγμαινούσῃ
1381 2366 1426 2399 ⁶⁴
1498 2365 1653 2438 ψυχῇ
1724 2363 1859 2437 πρὸς

204 2452 401 2527 ἔρωτα,
442 2450 670 2525 βοηθοίη
706 2449 837 2512 Θεὸς
867 2449 954 2504 καὶ
986 2452 1083 2518 τήν
1116 2446 1253 2505 ἴασιν
1282 2451 1617 2527 παρασχοίη.

277 2547 505 2597 XXVII.
559 2540 895 2601 Ἐπακοόσας
956 2536 1012 2593 δὲ
1058 2540 1086 2594 ὁ
1134 2539 1377 2595 Ἀππίων
1424 2547 1524 2609 τῆς
1568 2540 1859 2614 ὑποκρίτου

210 2632 568 2707 ἀντιγραφῆς,
630 2624 749 2705 ἔφη’
801 2630 892 2698 Μή
949 2626 1003 2683 τί
1054 2627 1274 2703 ἀλόγως
1329 2627 1620 2691 Ἰουδαίους
1673 2634 1857 2703 μισῶ;

210 2725 297 2774 νῦν
329 2723 467 2795 γοῦν
498 2716 702 2787 ταύτην
731 2719 775 2753 ⁸⁵
802 2716 887 2779 τίς
920 2738 1050 2771 ποτε
1078 2719 1354 2794 συντυχὼν
1390 2716 1672 2790 Ἰουδαῖος,
1707 2721 1860 2777 153

212 2809 293 2863 καί
346 2808 431 2869 εἷς
485 2808 587 2876 τὴν
637 2804 924 2882 θρησκείαν
984 2808 1303 2881 μεταγαγὼν
1362 2806 1604 2863 ἀνέπεισε
1654 2829 1863 2886 σωφρο-

213 2904 337 2964 νεῖν,
369 2894 465 2951 καὶ
498 2889 759 2950 ἀδύνατόν
808 2893 918 2949 ἐστι
968 2898 1063 2949 τοῦ
1109 2893 1309 2950 λοιποῦ
1356 2895 1522 2965 αὐτὴν
1564 2899 1608 2933 ⁵⁸
1638 2896 1712 2958 εἷς
1741 2918 1861 2951 κοι-

214 2986 407 3040 νωνίαν
471 2984 661 3057 ἑτέρου
716 2984 862 3045 τινὸς
913 2982 1205 3055 συνελθεῖν,
1257 2982 1341 3039 δτι
1385 2986 1437 3038 οἱ
1485 2990 1722 3040 τοιοῦτοι
1771 2986 1859 3041 τὸν

215 3078 340 3131 Θεὸν
374 3076 454 3137 ὡς
506 3072 886 3143 παντεπόπτην
916 3076 1020 3127 τῶν
1071 3072 1313 3149 πράξεων
1364 3074 1683 3149 προθέμενοι
1733 3074 1862 3154 σφό-

214 3164 309 3240 δρα
356 3168 665 3243 σωφρονεῖν
717 3162 1158 3238 ἔγκαρτεροῦσιν,
1208 3163 1281 3225 ὡς
1340 3162 1523 3219 λαθεῖν
1579 3165 1655 3238 μὴ
1706 3162 1862 3219 δυνά-

217 3276 387 3328 μενοι.

280 3344 542 3400 XXVIII.
574 3346 750 3397 Ταῦτα
804 3339 1053 3412 ἀκούσας,
1108 3339 1239 3418 ἔφην
1288 3345 1368 3414 τῷ
1420 3342 1707 3399 Ἀππίωνι·
1758 3341 1862 3398 Νῦν

216 3454 295 3487 σοι
346 3432 417 3486 τὰ
462 3430 648 3500 ἀληθῆ
696 3428 1049 3505 ὁμολογήσω.
1101 3430 1240 3505 Ἐγὼ
1288 3432 1535 3507 γυναικὸς
1585 3431 1684 3487 οὐκ
1730 3432 1867 3505 ἠρά-

216 3534 344 3590 σθην
380 3517 513 3575 οὐδὲ
544 3517 715 3574 αλκου
748 3519 917 3586 τινὸς,
958 3517 1095 3572 πάνυ
1149 3539 1252 3591 μου
1282 3526 1381 3589 τῆς
1413 3523 1597 3597 ψυχῆς
1641 3518 1868 3577 δεδαπα-

216 3612 462 3683 νημένης
497 3608 636 3683 πρὸς
683 3606 857 3669 ἄλλας
907 3606 1188 3680 ἐπιθυμίας
1235 3608 1325 3662 καὶ
1372 3609 1509 3684 πρὸς
1557 3609 1778 3680 ἀληθῶν
1824 3614 1868 3648 ⁵⁷

218 3697 515 3774 δογμάτων
546 3696 770 3773 εὕρεσιν.
805 3696 901 3750 Καὶ
936 3698 1101 3771 μέχρι
1128 3701 1226 3751 τοῦ
1256 3701 1362 3765 νῦν,
1393 3697 1607 3761 πολλὰς
1640 3700 1867 3773 γνώμας

219 3786 540 3865 φιλοσόφων
590 3782 981 3855 διασκοπήσας,
1028 3786 1164 3861 πρὸς
1206 3784 1396 3841 οὐδένα
1447 3786 1621 3842 αὐτῶν
1660 3785 1865 3860 ἔνευσα,

216 3879 247 3946 ἢ
292 3878 436 3951 πρὸς
483 3876 550 3930 τὸ
599 3872 871 3930 Ἰουδαίων
928 3873 1091 3947 μόνον
1128 3918 1141 3943 ,
1192 3873 1436 3949 ἐμπόρου
1482 3878 1629 3939 τινὸς
1693 3879 1869 3934 αὐτῶν

216 3966 409 4030 ὀθόνας
461 3965 865 4039 πιπράποντος
915 3962 1138 4028 ἐνταῦθα
1184 3963 1254 4038 τῇ
1305 3965 1490 4039 Ῥώμῃ
1538 3964 1872 4041 ἐπιδεδημη-

214 4056 397 4126 κότος,
429 4054 524 4109 καὶ
555 4052 616 4108 ἔκ
644 4074 788 4115 τινος
821 4052 1110 4129 συντυχίας
1140 4052 1341 4128 ἀγαθῆς
1372 4053 1736 4132 ἁπλούστερόν
1775 4079 1868 4131 μοι

216 4146 274 4199 τὸ
310 4141 654 4219 μοναρχικόν
687 4142 939 4219 φρόνημα
965 4143 1362 4215 παραθεμέθου.

284 4234 483 4290 XXIX.
536 4231 796 4291 Ἀκούσας
852 4227 909 4285 δέ
961 4251 1066 4302 μου
1112 4237 1211 4300 τῆς
1253 4230 1509 4301 ἀληθείας
1543 4234 1869 4306 ὁἈππίων,

219 4322 245 4374 ὁ
274 4318 502 4393 ἀλόγως
554 4321 726 4390 μισῶν
775 4318 838 4371 τὸ
886 4315 1187 4388 Ἰουδαίων,
1236 4320 1326 4373 καὶ
1354 4319 1408 4374 τί
1445 4320 1577 4376 ποτέ
1605 4321 1744 4377 ἐστιν
1778 4323 1871 4378 αὖ·

214 4414 317 4463 τῶν
350 4409 413 4462 τὸ
446 4406 636 4461 πιστὸν
668 4403 791 4460 οὔτε
823 4404 979 4468 εἰδὼς
1029 4404 1149 4462 οὔτε
1182 4406 1377 4463 εἰδέναι
1416 4408 1610 4478 θέλων,
1636 4411 1871 4488 ἀκρίτως

222 4496 494 4572 όργισθεῖς
536 4498 607 4567 τῇ
648 4494 828 4569 σιωπῇ
858 4493 907 4565 ἐξ
960 4495 1122 4565 αὐτῆς
1165 4494 1274 4567 ἤδη
1316 4504 1416 4567 τῆς
1446 4500 1662 4571 Ῥώμης
1694 4500 1872 4572 ἀπηλ-

1966 1920 2283 1993 exstinguit
2312 1921 2526 1992 ignem,
2559 1921 2637 1976 ita
2667 1922 2841 1977 etiam
2864 1923 3041 1979 timor
3060 1924 3174 1978 vim
3202 1925 3374 1980 habet
3395 1928 3607 1982 exstin-

1965 2010 2180 2083 guendi
2214 2027 2449 2081 pravam
2482 2012 2882 2082 cupiditatem.
2919 2014 3197 2078 Quocirca
3227 2031 3352 2086 ego,
3386 2020 3447 2070 ut
3477 2033 3603 2087 quas

1966 2116 2000 2154 a
2029 2100 2283 2170 quodam
2313 2099 2511 2154 Judaeo
2565 2100 2867 2155 didicerim
2914 2106 2971 2156 et
3016 2103 3267 2174 cogitare
3319 2110 3375 2158 et
3421 2105 3609 2162 facere

1967 2206 2095 2260 quae
2125 2197 2307 2243 “eum
2334 2189 2557 2253 decent,
2591 2206 2693 2260 per
2726 2188 2902 2245 falsas
2950 2191 3177 2246 fabulas
3225 2193 3283 2246 in
3334 2199 3606 2265 stuprum

1967 2277 2176 2333 adduci
2205 2295 2319 2333 non
2351 2294 2618 2350 possum.
2646 2279 2770 2333 Tibi
2801 2296 2949 2345 vero,
2976 2282 3229 2351 cupienti
3259 2298 3324 2337 ac
3348 2282 3607 2339 studenti

1968 2372 2124 2421 caste
2154 2366 2360 2433 vivere,
2395 2368 2720 2439 animaeque
2752 2369 2820 2422 ad
2846 2386 3102 2424 amorem
3136 2370 3426 2443 ﬂagranti,
3460 2377 3610 2429 Deus

1969 2454 2247 2511 auxilium
2280 2455 2552 2527 praebeat,
2587 2462 2759 2527 atque
2791 2458 3012 2512 tribuat
3046 2458 3416 2517 medicinam.

2042 2544 2253 2600 XXVII.
2290 2544 2500 2599 Audito
2551 2549 2746 2600 autem
2799 2546 2999 2602 {ictitio
3044 2549 3347 2619 rescripto,
3379 2551 3609 2623 Appion

1970 2634 2162 2690 dixit:
2207 2636 2294 2690 An
2344 2634 2469 2690 sine
2517 2634 2738 2689 ratione
2779 2634 3012 2691 Judaeos
3061 2637 3204 2692 odi?
3251 2638 3416 2695 Nunc
3476 2657 3611 2712 ergo

1972 2725 2120 2780 banc
2151 2723 2361 2795 aliquis
2391 2724 2630 2779 Judaaus
2660 2729 2884 2793 nactus,
2902 2726 3330 2800 adductamque
3347 2730 3417 2783 ad
3436 2747 3611 2786 suum

1971 2814 2218 2881 cultum,
2250 2812 2309 2867 in
2341 2813 2610 2869 castitate
2640 2814 2846 2885 degere
2887 2816 3196 2885 persuasit,
3232 2822 3288 2872 et
3337 2818 3611 2889 deinceps

1969 2902 2334 2974 impossibile
2365 2908 2453 2958 est
2482 2908 2547 2957 ut
2575 2920 2643 2958 ea
2672 2902 2729 2956 in
2776 2904 3084 2975 cujusdam
3136 2906 3472 2979 complexus
3518 2925 3614 2964 ve-

1975 2993 2117 3059 niat,
2159 2991 2299 3063 quia
2348 2991 2467 3057 isti,
2501 2997 2682 3048 Deum
2730 2996 3009 3064 tanquam
3056 2995 3320 3050 omnium
3370 3012 3612 3067 operum

1972 3081 2360 3151 inspectorem
2404 3080 2515 3137 sibi
2569 3088 2978 3154 preponentes,
3018 3083 3363 3155 pudicitiam
3412 3085 3612 3141 admo-

1975 3170 2113 3225 dum
2149 3170 2402 3226 retinent
2430 3169 2586 3226 velut
2614 3170 2710 3241 qui
2742 3188 2855 3226 non
2888 3172 3116 3243 possint
3149 3172 3344 3229 latere.

2044 3347 2290 3403 XXVIII.
2314 3351 2447 3412 Quae
2470 3364 2602 3403 cum
2627 3347 3132 3416 audivissem,dixi
3161 3350 3409 3423 Appioni
3442 3370 3454 3409 :
3481 3353 3616 3409 Jam

1975 3436 2078 3493 tibi
2110 3453 2309 3492 verum
2344 3436 2585 3492 fatebor.
2622 3437 2737 3508 Ego
2769 3435 3075 3493 mulierem
3126 3456 3241 3495 non
3291 3440 3480 3495 amavi
3514 3457 3619 3496 ne-

1976 3543 2089 3598 que
2118 3524 2257 3597 quid
2293 3525 2628 3595 hujusmodi
2657 3550 2670 3592 ;
2703 3525 2937 3580 animus
2969 3526 3182 3599 quippe
3216 3544 3381 3583 meus
3413 3529 3472 3585 in
3505 3529 3622 3585 alia

1977 3616 2214 3670 omnino
2244 3614 2611 3670 consumitur
2640 3613 2948 3684 desideria,
2964 3614 3204 3684 scilicet,
3241 3616 3298 3672 in
3330 3618 3618 3689 reperien-

1977 3705 2068 3760 dis
2099 3702 2250 3759 veris
2282 3703 2675 3775 dogmatibus.
2712 3704 2775 3757 Et
2802 3703 2916 3759 huc
2948 3721 3134 3776 usque
3174 3705 3371 3761 animo
3404 3707 3473 3761 ad
3524 3723 3620 3762 va-

1978 3792 2096 3848 rias
2129 3791 2609 3864 philowpborum
2642 3792 2946 3865 Opiniones
2985 3794 3231 3863 adiecto,
3264 3796 3333 3850 ad
3387 3794 3619 3851 nullum

1976 3881 2212 3937 illorum
2262 3880 2555 3949 inclinavi,
2588 3882 2702 3937 nisi
2751 3884 2822 3937 ad
2872 3883 3209 3939 Judaaorum
3245 3883 3618 3956 religionem,

1978 3988 2111 4027 cum
2134 3987 2204 4026 ex
2235 3969 2349 4025 illis
2381 3975 2665 4026 mercator
2685 3970 2897 4043 aliquis
2922 3972 3232 4029 linteorum
3260 3972 3353 4029 hic
3375 3974 3621 4029 Romam

1978 4060 2329 4128 advenisset,
2363 4064 2420 4115 et
2452 4060 2600 4115 bono
2632 4062 2885 4131 quodam
2921 4078 3059 4117 casu
3098 4063 3240 4117 mihi
3276 4063 3625 4135 simpliciter

1980 4149 2329 4204 sententiam
2358 4152 2427 4202 de
2458 4165 2573 4204 uno
2605 4149 2706 4204 Dei
2746 4149 3078 4222 principatu
3130 4152 3622 4206 commendasset.

2051 4237 2235 4292 XXIX.
2270 4237 2491 4308 Appion
2540 4254 2693 4302 vero,
2727 4255 2761 4293 a
2810 4255 2900 4293 me
2945 4246 3182 4311 accepta
3228 4241 3489 4312 veritate,
3524 4239 3625 4311 qui

1978 4326 2163 4399 legem
2194 4327 2529 4382 Judzeorum
2560 4326 2760 4398 inique
2790 4328 3009 4397 oderat,
3036 4346 3139 4385 nec
3158 4347 3283 4400 qua:
3318 4335 3472 4385 esset
3503 4329 3626 4384 illo-

1981 4432 2111 4470 rum
2134 4416 2278 4470 ﬁdes
2310 4415 2529 4470 sciebat
2558 4421 2660 4471 aut
2690 4415 2919 4472 volebat
2943 4417 3115 4486 scire,
3148 4420 3371 4490 absque
3393 4418 3621 4490 judicio

1979 4504 2162 4560 iratus
2193 4502 2343 4560 clam
2372 4504 2572 4560 statim
2605 4506 2791 4562 Roma
2829 4507 3118 4575 discessit,
3152 4513 3210 4563 et
3238 4524 3305 4563 ex
3352 4524 3417 4563 eo
3467 4522 3622 4561 nunc

223 4585 472 4640 λάσσετο·
504 4584 596 4638 καὶ
643 4581 825 4638 ἔκτοτε
871 4587 957 4637 νῦν
1006 4589 1222 4659 πρῶτον
1259 4585 1405 4658 αὐτῷ
1436 4592 1859 4665 συντετυχηκὼς1

1980 4595 2238 4664 primum
2271 4594 2437 4650 illum
2471 4600 2701 4662 nactus,
2733 4597 2881 4651 iram
2914 4596 3195 4667 temporis
3224 4595 3383 4650 illius
3416 4596 3623 4651 merito

220 4677 307 4728 τὸν
337 4673 389 4744 ἐξ
420 4672 631 4728 ἐκείνου
677 4676 775 4727 τοῦ
825 4672 1030 4748 χρόνου
1080 4674 1249 4746 θυμὸν
1304 4674 1589 4732 ὑποπτεύω
1628 4678 1871 4742 εἰκότως.

227 4764 374 4832 Ηλήν
408 4762 489 4837 ἐφ’
516 4762 669 4834 ὑμῶν
714 4759 884 4816 αὐτοῦ
933 4760 1228 4835 πεύσομαι,
1278 4762 1331 4818 τί
1365 4762 1424 4818 ἂν
1453 4762 1573 4838 ἕγοι
1620 4765 1796 4842 λέγειν
1829 4772 1873 4807 ⁸⁸

224 4853 341 4928 περὶ
370 4856 481 4907 τῶν
532 4850 845 4925 λεγομένων
896 4851 1052 4918 θεῶν,
1109 4852 1183 4905 ὧν
1235 4852 1288 4906 οἱ
1336 4852 1464 4926 βίοι,
1513 4860 1873 4921 παντοπαθεῖς

227 4943 354 4997 εἶναι
388 4939 891 5016 μυθολογούμενοι,
922 4940 1059 5016 πρὸς
1114 4941 1212 5009 τὴν
1260 4946 1357 4996 τοῦ
1398 4943 1593 5015 ὁμοίου
1641 4946 1869 5019 μίμησιν

226 5029 473 5101 ἐπιτηδὲς
494 5027 714 5100 ᾅδονται
741 5026 807 5099 δη
819 5029 1079 5102 μοσίᾳ,ὧν
1099 5029 1235 5105 πρὸς
1256 5036 1373 5093 τοῖς
1396 5031 1749 5106 ἀνθρωπίνοις
1774 5036 1873 5090 πά.-

225 5122 384 5189 θεσιν,
423 5120 500 5182 ὡς
546 5117 707 5197 ἔφην,
737 5117 827 5173 καὶ
874 5118 928 5173 οἱ
964 5118 1103 5173 κατὰ
1129 5118 1296 5174 τόπον
1349 5116 1643 5177 δείκνυνται
1687 5126 1868 5204 τάφοι.

1981 4699 2197 4739 vereor.
2229 4686 2497 4738 Attanem
2529 4701 2725 4740 coram
2757 4684 2920 4741 vobis
2954 4684 3341 4756 interrogabo,
3365 4683 3503 4755 quid
3536 4684 3624 4737 di-

1982 4789 2110 4828 cere
2138 4772 2352 4828 habeat
2382 4774 2451 4828 de
2480 4772 2821 4844 vulgaribus
2854 4774 2986 4844 diis,
3019 4789 3268 4845 quorum
3297 4773 3445 4841 vitae,
3478 4789 3624 4841 quas

1982 4862 2257 4917 omnibus
2287 4861 2446 4917 vitiis
2475 4863 2769 4932 subjectae
2792 4864 3051 4917 referunt
3085 4860 3310 4931 fabulae,
3338 4860 3528 4932 palam
3554 4861 3625 4916 de

1982 4950 2274 5005 industria
2323 4950 2392 5005 ad
2446 4951 2833 5005 imitationem
2883 4960 3192 5017 canuntur,
3254 4964 3625 5019 quorumque

1981 5046 2188 5111 praeter
2216 5038 2509 5095 humanos
2540 5041 2802 5108 ati‘ectus,
2846 5043 2909 5093 ut
2956 5039 3095 5109 dixi,
3129 5038 3303 5094 etiam
3356 5036 3627 5109 sepulcra

1981 5145 2084 5201 per
2120 5127 2246 5183 loca
2284 5128 2694 5183 ostenduntur.

1581 5284 1818 5343 VARIE
1859 5288 2271 5346 LECTIONES.

290 5406 331 5440 ⁸³
357 5402 665 5483 ἡδονῆς-Ο.
698 5406 739 5442 ⁸⁸
770 5401 921 5483 όπότ⁹
952 5400 1096 5483 ἄνια.
1130 5406 1177 5441 ⁸³
1202 5402 1293 5483 καί
1325 5407 1543 5483 inserui
1574 5424 1623 5464 c.
1655 5414 1718 5466 Ο.
1752 5413 1795 5448 ⁸³
1820 5414 2116 5470 Turbatus
2136 5416 2245 5479 est,
2272 5414 2337 5483 ut
2362 5410 2589 5483 opinor,
2623 5412 2765 5483 ordo
2791 5411 3123 5483 verborum,
3153 5411 3251 5483 qui
3286 5411 3367 5467 sic
3400 5411 3629 5469 videtur

222 5479 711 5571 constituendus:
748 5474 961 5539 θέλοντι
995 5474 1163 5571 δέ’σοι
1208 5476 1297 5531 καὶ
1347 5476 1699 5563 σπουδαζοιντι
1749 5490 2044 5560 σωφρονεῖν
2099 5474 2326 5558 βοηθοίη
2382 5474 2529 5571 ᾇεὸς,
2574 5474 2661 5571 καὶ
2715 5474 3121 5571 φλεγμαινοόση
3152 5474 3451 5571 ’ψυχῇιτὴν
3486 5504 3622 5571 ιασιῖ

222 5551 510 5625 παράσχοι.
551 5552 612 5605 D.
643 5551 701 5605 S.
738 5554 958 5604 textum
989 5549 1289 5677 vulgatum
1319 5567 1490 5621 posse
1521 5554 1753 5610 retineri
1782 5549 2108 5623 existimat,
2134 5549 2449 5609 dummodo
2496 5549 2783 5610 scribatur

222 5622 300 5677 lta
327 5628 371 5676 0
400 5641 454 5677 c.
486 5622 581 5677 D..
614 5617 1051 5677 φλαιγιιαινούση
1124 5663 1136 5675 .
1175 5622 1325 5676 Tum
1358 5621 1630 5677 παράσγοι
1658 5628 1724 5677 Ο.
1756 5628 1799 5662 ⁵⁵
1832 5634 1875 5677 I)
1900 5628 2008 5677 legi
2042 5626 2162 5677 vult
2190 5624 2356 5677 ταύτῃ
2387 5626 2494 5677 (sc.
2526 5628 2761 5677 γυναικί)

1175 5622 1325 5702 Tum
1358 5621 1630 5702 παράσχοι
1658 5628 1724 5681 Ο.
1756 5628 1799 5662 ⁵⁸
1830 5634 1875 5683 D
1898 5628 2011 5702 legi
2042 5621 2162 5702 vult
2190 5624 2357 5699 ταύτῃ
2387 5626 2494 5700 (sc.
2526 5628 2761 5701 γυναικί)
2797 5667 2809 5681 .

218 5697 317 5750 τῶν
344 5692 575 5766 ἀληθῶν
700 5690 927 5769 ⁸³’λέγει
956 5690 1038 5751 Cl.
1071 5708 1189 5750 non
1218 5697 1301 5762 C.,
1336 5698 1401 5751 ut
1429 5690 1637 5767 parum
1670 5690 2181 5759 accuramasserit
2196 5702 2253 5755 S.

221 5617 300 5678 ιιέ
327 5617 454 5697 (ὶίὲο
486 5622 581 5697 Du
614 5617 1052 5697 φλςξηξαινοιέςη

2833 5553 3288 5664 φλεγμαινούσης
3582 5555 3628 5590 ⁵⁵

2865 5628 2886 5664 6
2916 5627 3081 5664 ηοξιι--ιίυ
3122 5644 3214 5664 nm
3271 5628 3314 5664 Π
3488 5626 3623 5664 wn?“-

2865 5628 2886 5664 ⁸
2916 5626 3081 5700 αὐτήν
3122 5644 3238 5683 om.
3271 5626 3343 5683 0.7
3395 5626 3438 5663 ⁵⁷
3488 5626 3623 5703 πρὸς
