4114 6338
509 355 624 416 193

1333 354 1396 415 S.
1445 352 1885 415 CLEMENTIS
1934 356 1954 414 l
2004 349 2193 416 BOM.
2239 351 2467 415 PONT.
2514 356 2774 415 OPEBA
2818 355 3082 418 DUBIA.

3804 354 3928 420 196

578 487 738 543 XXX.
774 491 890 542 Ista
941 502 1074 541 cum
1125 503 1159 541 a
1207 501 1299 540 me
1344 485 1437 540 alii
1499 490 1632 541 ante
1681 484 2063 547 audivissent,
2096 492 2139 539 e1

2333 486 2493 540 XXX.
2550 489 2725 540 Ταῦτα
2779 485 2831 539 οἱ
2886 481 3061 559 ἕτεροι
3133 486 3565 560 προακούσαντες
3625 485 3764 561 ἐμοῦ
3820 489 3913 544 καὶ

509 577 928 648 consequentia
991 576 1392 630 desiderarent
1465 574 1708 638 discere,
1765 578 2159 629 convenerunt

510 683 621 731 me,
657 670 720 719 ut
748 664 1064 736 Appionem
1096 663 1360 718 invisuri.
1392 668 1458 717 Et
1488 680 1626 718 vero
1656 679 1789 718 eum
1814 663 1939 732 jam
1971 663 2155 717 lotum

508 754 864 815 invenimus,
899 769 1102 807 mensa
1136 758 1355 823 parata.
1390 754 1577 816 Quare
1627 769 1813 823 pauca
1858 751 2155 808 examina-

509 844 721 908 vimus,
754 843 907 897 circa
937 842 1265 897 doctrinam
1298 842 1368 896 de
1399 841 1531 895 diis.
1568 841 1667 895 Ille
1698 857 1828 896 vero
1871 847 2153 910 nostram,

509 932 734 1004 Opinor,
767 930 1102 1001 intelligens
1133 930 1513 1000 voluntatem,
1547 930 1805 984 crastina
1834 930 1925 983 die
1957 945 2018 983 se
2048 928 2152 983 ali-

509 1022 647 1093 quid
681 1021 750 1075 de
781 1020 895 1075 diis
924 1020 1216 1075 dicturum
1246 1019 1534 1091 promisit,
1570 1019 1959 1089 eumdemque
1986 1018 2155 1074 nobis

504 1109 783 1166 indicavit
813 1109 1029 1178 locum,
1063 1108 1120 1163 in
1155 1125 1271 1180 quo
1296 1112 1451 1163 esset
1470 1107 1792 1163 locuturus.
1812 1106 1926 1162 Nos
1957 1111 2153 1162 autem

507 1215 637 1254 cum
675 1197 1082 1270 promissione,
1117 1196 1321 1269 gratiis
1351 1195 1434 1250 illi
1466 1195 1629 1263 actis,
1663 1194 1879 1267 singuli
1910 1196 2152 1251 domum

506 1288 720 1344 reversi
753 1303 980 1343 sumus.

1114 1462 1408 1518 HOMILIA
1448 1462 1542 1518 Vl.

576 1554 840 1609 I.Tertio
873 1557 1066 1608 autem
1099 1553 1191 1607 die
1237 1554 1306 1607 ad
1360 1552 1709 1624 praefinitum
1762 1551 1891 1622 Tyri
1943 1566 2149 1622 agrum

504 1661 638 1699 cum
678 1642 1156 1697 familiarissimis
1187 1658 1291 1713 ego
1323 1642 1557 1696 veniens
1578 1641 1899 1713 Appionem
1926 1641 2150 1695 nancis-

508 1750 627 1800 cor,
662 1733 719 1785 in
753 1731 942 1786 medio
972 1731 1295 1785 Anubionis
1338 1735 1393 1785 et
1421 1729 1776 1785 Athenodori
1824 1730 2144 1799 sedentem,

2272 574 2456 645 μαθεῖν
2482 572 2549 628 τὰ
2581 574 2704 644 ἐξῆς
2733 578 3049 641 ποθοῦντες,
3080 576 3233 633 154
3260 572 3529 643 συνῆλθόν
3556 597 3671 647 μοι,
3706 577 3784 641 ὡς
3805 578 3921 633 ἐπι-

2267 662 2590 737 σκεψόμενοι
2622 664 2923 721 ’Δππίωνα.
2960 663 3056 718 Καὶ
3107 661 3173 732 δὴ
3224 661 3558 737 λελουμένον
3612 665 3767 721 αὐτὸν
3802 665 3912 738 ἤδη

2265 748 2749 825 κατελαμϐάνομεν
2781 752 2861 830 ἐφ’
2907 752 3111 824 ἑτοίμῳ
3153 753 3410 827 τραπέζῃ.
3439 753 3633 829 Διόπερ
3665 758 3710 792 ⁶⁹
3753 754 3917 831 ὀλίγα

2264 836 2822 917 ἠκριϐολογησάμεθα
2871 841 2945 903 εἰς
2991 840 3085 896 τὸν
3134 842 3256 916 περὶ
3306 842 3437 896 θεῶν
3492 842 3676 918 λόγον.
3728 845 3785 897 Ὀ
3835 841 3915 914 δὲ,

2265 930 2440 1001 οἶμαι,
2474 931 2644 992 συνεὶς
2675 932 2833 1003 ἡμῶν
2882 932 2980 1000 τήν
3030 930 3363 1007 προαίρεσιν,
3394 931 3470 993 εἲς
3514 933 3612 1001 τήν
3656 932 3912 989 ἐπιοῦσαν

2264 1014 2410 1093 ἔχειν
2440 1021 2485 1055 ⁵ο
2514 1040 2563 1072 τι
2596 1018 2763 1073 εἰπεῖν
2800 1018 3064 1094 ὑπέσχετο
3114 1019 3239 1094 περὶ
3291 1024 3450 1086 θεῶν,
3480 1021 3567 1075 καὶ
3618 1021 3710 1076 τὸν
3752 1022 3919 1078 αὐτὸν

2263 1104 2647 1182 προεδήλωσεν
2703 1109 2836 1180 ἡμῖν
2885 1106 3074 1178 τόπον,
3110 1108 3185 1169 ὡς
3235 1106 3345 1162 ἐκεῖ
3382 1106 3781 1182 διαλεξόμενος.
3815 1111 3914 1167 Ἠ·

2266 1201 2385 1268 μεῖς
2420 1193 2476 1250 δὲ
2502 1195 2593 1250 σὺν
2625 1199 2693 1270 τῇ
2729 1196 3040 1272 ὑποσχέσει,
3073 1197 3234 1273 χάριν
3270 1194 3709 1275 ὁμολογήσαντες
3740 1198 3913 1273 αὐτῷ,

2262 1281 2445 1339 οἴκαδε
2472 1282 2697 1347 ἕκαστος
2726 1286 3185 1363 ἀπεχωρήσαμεν.

2890 1464 3156 1520 ὈΜῙΛΙΔ
3199 1465 3262 1521 ζ’.

2890 1465 2903 1481 ⁷
2956 1469 3004 1518 Μ
3039 1470 3107 1519 AI
3248 1507 3262 1521 .

2330 1558 2371 1608 Ῑ.
2402 1551 2563 1628 Τρίτῃ
2596 1550 2652 1607 δὲ
2680 1551 2859 1627 ἡμέρᾳ
2906 1465 2980 1614 3c
3014 1466 3084 1606 Ira
3115 1465 3542 1629 :pEwpwpévov
3582 1559 3684 1623 τῆς
3732 1556 3911 1631 Τύρου

2258 1641 2466 1717 χωρίον
2502 1641 2591 1695 σὺν
2624 1647 2739 1703 τοῖς
2769 1642 3121 1703 οἰκειοτάτοις
3151 1640 3325 1705 ἐλθὼν
3355 1639 3527 1718 ἔγωγε
3554 1646 3623 1712 ⁶¹,
3672 1642 3909 1720 εὑρίσκω

2254 1733 2346 1785 τὸν
2381 1730 2683 1801 Ἀππίωνα,
2736 1726 3098 1792 Ἀνουόίωνός
3145 1750 3204 1785 τε
3248 1730 3336 1786 καὶ
3387 1728 3765 1808 Ἀθηνοδώρου
3805 1753 3907 1787 κα-

503 1837 736 1891 unaque
769 1820 964 1891 plures
997 1819 1141 1875 alios
1173 1820 1432 1874 eruditos
1457 1819 1632 1890 viros,
1669 1818 1766 1889 qui
1818 1835 1922 1873 nos
1970 1835 2139 1889 oppe-

2260 1820 2543 1893 θεζόμενον
2608 1822 2794 1892 μέσον,
2845 1821 2934 1875 καὶ
2988 1820 3123 1892 μετά
3168 1818 3395 1875 πολλῶν
3453 1818 3638 1875 ἄλλων
3689 1825 3798 1877 τῶν
3841 1820 3905 1877 ἐκ

503 1910 821 1965 riebantur.
856 1912 1123 1963 Attamen
1158 1908 1303 1963 nihil
1333 1908 1550 1963 veritus
1596 1908 1858 1964 salutans
1907 1907 2141 1963 consedi

501 2017 569 2055 ex
626 1999 865 2054 adverso
908 1997 1206 2068 Appionis,
1240 1996 1339 2068 qui
1399 2014 1511 2052 non
1566 1996 1746 2051 multo
1806 2000 1935 2068 post
1985 1995 2145 2067 loqui

500 2088 711 2158 cmpit:
747 2086 911 2153 Volo,
946 2086 1203 2158 primum
1238 2086 1523 2158 incipiens
1555 2085 1709 2155 hinc,
1736 2087 1860 2154 jam
1903 2084 2017 2140 cito
2048 2100 2144 2139 ve-

500 2178 627 2232 nire
658 2177 729 2231 ad
760 2176 1162 2247 quaestionem.
1196 2178 1343 2230 Ante
1391 2191 1567 2246 quam
1609 2179 1694 2239 tu,
1730 2174 1809 2228 tili
1857 2174 2141 2241 Clemens,

501 2268 737 2321 adesses
788 2266 975 2333 nobis,
1010 2264 1278 2320 Anubiou
1330 2264 1423 2319 hic
1472 2269 1531 2319 et
1576 2263 2001 2329 Athenodorus,
2043 2262 2141 2335 qui

502 2355 624 2411 heri
660 2372 775 2409 una
806 2371 938 2409 cum
974 2353 1102 2409 aliis
1134 2354 1448 2409 audierunt
1486 2357 1541 2408 te
1571 2352 1975 2421 disserentem,
2010 2370 2143 2407 nar-

502 2448 774 2499 raverunt
803 2442 967 2508 mihi,
996 2458 1107 2511 quo
1140 2442 1310 2497 modo
1345 2441 1537 2497 Roma
1570 2440 1673 2495 tibi
1709 2446 1771 2495 ut
1799 2440 2017 2495 amanti
2049 2456 2142 2495 oc-

500 2549 739 2587 currens
771 2532 954 2586 multa
984 2535 1186 2586 contra
1228 2531 1366 2585 deos
1418 2530 1697 2585 mentitus
1746 2529 1977 2593 fuerim,
2012 2528 2143 2585 illos

502 2623 825 2695 praedicans
840 2622 1184 2692 paedicones,
1198 2620 1469 2682 lascivos.
1486 2624 1847 2691 stupratores
1863 2622 2140 2689 matrum,

501 2728 790 2777 sororum,
825 2709 1103 2774 filiarum,
1138 2709 1581 2780 innumerisque
1613 2708 1895 2763 obnoxios
1922 2707 2143 2763 adulte-

502 2800 621 2854 riis.
673 2799 786 2854 Sed
836 2804 890 2853 te
933 2798 1212 2870 oportuit,
1247 2796 1349 2864 fili,
1385 2797 1533 2853 scire
1583 2814 1675 2851 me
1724 2796 1862 2852 talia
1912 2815 2025 2851 non
2074 2813 2142 2851 ex

498 2888 693 2943 animo
724 2888 1055 2958 scripsisse,
1089 2887 1188 2942 sed
1233 2903 1428 2941 amore
1472 2885 1555 2940 tui
1601 2903 1736 2941 vera
1777 2885 2138 2955 occultasse;

472 2978 627 3048 quae
657 2978 706 3032 si
740 2994 894 3031 nunc
922 2975 1400 3045 desideras,audi
1424 2993 1457 3030 a
1479 2992 1592 3031 me.

569 3247 637 3304 Il.
671 3245 1054 3318 Antiquorum
1090 3243 1394 3300 hominum
1427 3242 1869 3315 sapientissimi,
1902 3259 2135 3299 omnem

496 3338 794 3390 veritatem
830 3352 932 3407 per
956 3335 1206 3390 laborem
1240 3332 1446 3397 edocti,
1480 3330 1755 3404 indignos
1784 3331 2137 3387 divinarum-

495 3441 605 3494 que
636 3424 1085 3494 disciplinarum
1120 3440 1234 3478 non
1284 3421 1527 3492 cupidos
1578 3419 1843 3476 celarunt
1877 3420 2135 3476 scientias

492 3512 893 3567 traditionem.
938 3512 1136 3583 Neque
1170 3511 1327 3566 enim
1358 3527 1427 3565 ex
1454 3510 1606 3565 Caelo
1629 3509 1903 3579 illiusque
1949 3514 2134 3564 matre

492 3602 669 3656 Terra
700 3601 983 3673 progeniti
1017 3605 1156 3655 sunt
1184 3600 1492 3655 duodecim
1534 3598 1718 3666 liberi,
1752 3599 2131 3669 quemadmo-

490 3690 630 3743 dum
684 3688 877 3744 fabula
916 3692 1243 3755 enumerat,
1298 3702 1489 3741 mares
1556 3686 1792 3756 quidem
1844 3686 2130 3751 Oceanus,

488 3779 677 3842 Coeus,
710 3778 897 3847 Crius,
930 3775 1519 3849 Hyperion,.lapetus,
1546 3775 1870 3843 Saturnus;
1907 3775 2130 3830 femina

486 3883 619 3921 vero
652 3866 854 3932 Theia,
906 3865 1166 3932 Themis,
1210 3863 1608 3934 Mnemosyne,
1657 3864 1847 3931 Ceres,
1896 3864 2127 3935 Tethys,

487 3955 663 4010 Rhea.
698 3955 896 4026 Neque
946 3954 1239 4009 Saturnus
1284 3951 1664 4006 adamantina
1711 3952 1855 4007 falce
1903 3958 2131 4009 exsecta

487 4046 637 4115 patri
670 4043 819 4098 Caelo
852 4042 1062 4112 virilia,
1096 4046 1160 4097 ut
1190 4039 1372 4107 fertis,
1404 4040 1463 4094 in
1499 4056 1657 4095 mare
1698 4042 1975 4111 projecit;
2026 4042 2128 4097 sed

484 4149 672 4204 neque
702 4150 769 4187 ex
799 4131 938 4187 Coeli
968 4131 1299 4186 exsectione
1329 4146 1428 4201 per
1461 4129 1573 4184 fusi
1606 4130 1910 4201 sanguinis
1931 4135 2128 4201 guttas

484 4229 609 4276 orta
657 4227 746 4276 est
792 4221 1009 4276 Venus.
1043 4221 1243 4292 Neque
1292 4219 1468 4275 etiam
1519 4219 1809 4274 Saturnus
1853 4236 1919 4273 ex
1970 4219 2130 4276 Rhea

484 4310 673 4381 primo
710 4310 820 4365 sibi
873 4312 1137 4382 genitum
1187 4309 1492 4365 Plutonem
1538 4307 1860 4377 absorbuit,
1895 4314 2130 4379 propter

2255 1908 2499 1971 παιδείας
2530 1907 2735 1985 ἀνδρῶν
2765 1912 2913 1982 ἡμᾶς
2944 1908 3334 1981 ἀναμενόντων.
3371 1909 3470 1966 Καὶ
3503 1908 3655 1983 ὅμως
3678 1908 3832 1965 οὐδὲν
3853 1914 3904 1949 ⁸³

2252 1997 2649 2074 καταπλαγεὶς,
2696 1998 3131 2074 προσαγορεύσας
3185 1998 3594 2068 ἁντικαθέζομαι
3637 2004 3716 2070 τῷ
3765 2006 3902 2053 Ἀπ-

2254 2086 2436 2157 πίωνι,
2495 2087 2552 2148 ὃς
2612 2088 2727 2159 μετ’
2786 2086 2847 2141 ού
2906 2086 3050 2141 πολὺ
3111 2086 3283 2163 λέγειν
3341 2085 3562 2163 ἤρξατο·
3612 2086 3900 2161 Βούλομαι

2252 2180 2468 2251 πρῶτος
2500 2175 2796 2251 ἀρξάμενος
2836 2175 3068 2239 ἐντεῦθεν
3098 2171 3209 2245 ἤδη
3250 2175 3462 2251 ταχέως
3493 2175 3667 2240 ἐλθεῖν
3720 2176 3807 2231 ἐπὶ
3837 2178 3905 2233 τὸ

2256 2262 2608 2336 ζητούμενον.
2642 2264 2754 2338 Πρὸ
2783 2266 2879 2317 τοῦ
2922 2262 2998 2335 σέ,
3029 2263 3213 2317 τέκνον
3264 2262 3524 2335 Κλήμης,
3575 2266 3710 2337 ἡμῖν
3757 2286 3900 2337 παρ-

2253 2359 2413 2420 εῖναι,
2471 2347 2739 2409 Ανουϐίων
2796 2352 2952 2413 οὗτος
2996 2354 3042 2389 ⁸⁸
3088 2352 3176 2407 καὶ
3227 2350 3625 2428 Ἀθηνόδωρος,
3671 2355 3721 2408 οἱ
3768 2355 3903 2429 χθὲς

2253 2443 2365 2515 ἅμα
2419 2447 2535 2504 τοῖς
2594 2439 2787 2503 ἀλλοις
2846 2440 3235 2503 ἐπακούσαντες
3298 2462 3391 2496 σου
3450 2439 3844 2518 διαλεγομένου
3881 2490 3897 2516 ,

2253 2530 2595 2610 ἀφηγήσαντό
2647 2552 2739 2602 μοι
2770 2532 2815 2567 ⁶⁴
2844 2534 2961 2591 πῶς
3001 2528 3051 2584 ἐν
3096 2534 3162 2603 τῇ
3191 2530 3393 2603 Ῥώμῃ,
3428 2530 3823 2607 συνερχόμενός
3851 2534 3900 2570 ⁸⁸

2250 2643 2333 2676 σοι
2368 2621 2442 2682 ὡς
2472 2619 2683 2693 ἐρῶντι,
2714 2617 2899 2674 πολλὰ
2928 2624 3031 2673 τῶν
3084 2621 3214 2673 θεῶν
3261 2620 3692 2693 κατεψευσάμην,
3727 2621 3895 2677 εἰπὼν

2251 2709 2443 2771 αὐτοὺς
2493 2706 2869 2784 παιδεραστάς,
2928 2706 3194 2783 ἀσελγεῖς,
3257 2708 3622 2784 μιγνυμένους
3682 2711 3894 2786 μητρά-

2250 2821 2350 2869 σιν,
2412 2796 2691 2876 ἀδελφαῖς,
2751 2799 3070 2871 θυγατράσιν
3104 2841 3119 2867 ,
3178 2798 3266 2851 καὶ
3341 2798 3558 2874 μυρίαις
3621 2799 3900 2875 μοιχείαις

2250 2888 2607 2965 ἐνεχομένους
2637 2890 2700 2943 ⁸⁵.
2730 2888 2881 2944 Ἰῧῦ
2903 2884 3060 2941 Ἀλλ’
3085 2886 3252 2962 ἐχρῆν
3286 2907 3362 2958 σε,
3390 2888 3435 2941 ὧ
3462 2886 3893 2963 τέκνον,εἷδέναι,

2250 2978 2331 3033 ὅτι
2389 2978 2463 3051 μή
2507 2979 2729 3031 τοιαῦτα
2776 2975 2898 3051 περὶ
2948 2978 3082 3039 θεῶν
3131 2980 3338 3052 φρονῶν
3368 2978 3414 3013 ⁸⁷
3462 2972 3714 3055 ἔγραφον,
3746 2976 3898 3034 ἀλλᾶ

2250 3070 2452 3142 στοργῇ
2482 3064 2551 3140 τῇ
2601 3064 2737 3141 πρὸς
2788 3065 2845 3119 σὶ
2889 3064 2956 3118 τὰ
3004 3062 3181 3135 ἀληθῆ
3216 3061 3391 3141 λέγειν
3436 3065 3888 3142 ἀπεκροπτόμην,

2253 3156 2407 3231 ἅπερ,
2441 3154 2486 3209 εἰ
2514 3158 2607 3209 νῦν
2636 3150 2858 3219 ἐθέλεις,
2888 3154 3013 3229 παρ’
3044 3151 3179 3226 ἐμοῦ
3209 3151 3460 3211 ἄκουσον.

2323 3248 2388 3301 ΙΙ.
2421 3248 2533 3297 Τῶν
2582 3241 2753 3298 πάλαι
2798 3239 3008 3317 ἀνδρῶν
3057 3242 3109 3297 οἱ
3158 3244 3485 3317 σοφώτατοι,
3531 3250 3701 3300 πᾶσαν
3740 3244 3891 3316 ἀλή-

2244 3334 2387 3387 θειαν
2445 3331 2597 3387 αὐτοὶ
2645 3330 2874 3405 καμάτῳ
2922 3333 2966 3369 ⁸⁸
3024 3332 3421 3405 μεμαθηκότες,
3467 3335 3596 3397 τοὺς
3638 3334 3887 3405 ἀναξίους

2242 3421 2331 3476 καὶ
2386 3421 2461 3494 μὴ
2514 3418 2866 3495 ὀρεγομένους
2917 3419 3071 3484 θείων
3125 3420 3460 3493 μαθημάτων
3506 3422 3883 3498 ἀπεκρύψαντο

2239 3511 2338 3580 τὴν
2398 3508 2705 3581 ἐπιστήμην
2764 3503 2976 3564 λαϐεῖν.
3037 3506 3174 3567 Οὔτε
3227 3510 3327 3585 γὰρ
3375 3509 3466 3564 ἀπ’
3504 3509 3743 3584 Οὐρανοῦ
3787 3510 3881 3566 καὶ

2238 3604 2338 3667 τῆς
2383 3595 2590 3672 μητρός
2622 3595 2787 3651 αὐτοῦ
2828 3602 2933 3665 Γῆς
2975 3596 3223 3672 γεγόνασι
3266 3593 3452 3660 παῖδες
3486 3594 3714 3667 δώδεκα,
3744 3598 3819 3661 ὡς
3850 3600 3879 3654 ὁ

2246 3691 2411 3761 μῦθος
2468 3686 2825 3761 καταριθμεῖ·
2889 3683 3105 3760 ἅῤῥενες
3168 3685 3299 3759 μὲν,
3352 3687 3627 3758 Ὠκεανὸς,
3688 3690 3879 3757 Κοῖος,

2241 3781 2404 3852 Κρῖος
2452 3778 2516 3843 ⁸9,
2565 3774 2844 3851 Ὑπερίων,
2896 3774 3153 3842 Ἰαπετὸς,
3205 3774 3428 3848 Κρόνος·
3478 3776 3693 3847 θήλειαι
3724 3780 3767 3814 ⁷ο
3798 3776 3879 3848 δὲ,

2240 3866 2362 3938 Θεᾶ,
2423 3863 2607 3937 Θέμις,
2669 3862 3045 3936 Μνημοσύνη,
3106 3865 3416 3938 Δημήτηρ,
3473 3864 3679 3937 Τηθὺς,
3736 3866 3880 3925 Ῥέα.

2239 3952 2373 4009 Οὔτε
2400 3958 2467 4027 τῇ
2504 3952 2554 4024 ἐξ
2600 3950 2904 4025 ἀδάμαντος
2954 3952 3097 4029 ἅρπῃ
3144 3952 3209 4007 τὰ
3256 3950 3438 4008 αἰδοῖα
3476 3953 3673 4029 Κρόνος
3704 3955 3885 4029 Ούρα-

2236 4048 2329 4099 νοῦ
2375 4048 2470 4098 τοῦ
2517 4042 2719 4113 πατρὸς
2771 4040 3033 4113 ἐκτεμὼν,
3087 4040 3160 4103 ὥς
3210 4062 3362 4119 φατε,
3394 4041 3471 4105 είς
3526 4044 3684 4118 βυθὸν
3716 4043 3883 4121 ἀπέρ-

2240 4134 2412 4210 ριψεν·
2446 4130 2572 4187 ἀλλ’
2602 4127 2716 4185 οὐδ’
2748 4129 2807 4185 ἐκ
2832 4132 2929 4199 τῆς
2977 4130 3269 4203 ἀποτομῆς
3314 4135 3411 4186 τοῦ
3460 4130 3699 4207 Οὐρανοῦ
3752 4154 3881 4189 στα-

2236 4222 2410 4297 γόνων
2461 4219 2679 4296 ῥυέντος
2717 4216 2945 4291 αἵματος
2983 4221 3016 4288 ἡ
3053 4216 3349 4295 Ἀφροδίτη
3385 4218 3611 4294 ἐγένετο.
3659 4218 3783 4276 Οὐδ’
3813 4219 3882 4277 αὗ

2237 4309 2441 4385 Κρόνος
2472 4313 2539 4382 τῇ
2570 4309 2692 4380 Ῥέᾳ
2728 4308 2900 4384 μιγεὶς
2946 4307 3035 4362 καὶ
3083 4310 3338 4385 γεννήσας
3391 4308 3687 4365 Πλούτωνα
3732 4316 3885 4387 πρῶ-

485 4399 808 4454 Promethei
847 4397 1152 4454 oraculum
1199 4398 1440 4465 veritus,
1468 4414 1540 4453 ne
1589 4413 1658 4452 ex
1699 4414 1764 4452 eo
1814 4398 2127 4453 concubitu

2252 4421 2326 4455 τον
2370 4399 2616 4453 κατέπιεν
2644 4441 2660 4465 ,
2709 4395 2798 4453 διά
2842 4418 2962 4451 τινα
3008 4396 3346 4474 Προμηθέως
3408 4400 3603 4473 θεσμὸν
3661 4396 3880 4475 δεδιὼς,

484 4493 656 4542 natus
707 4488 901 4543 infans
936 4486 1138 4543 fortior
1166 4486 1294 4559 ipso
1325 4489 1614 4557 existeret,
1647 4485 2013 4558 privaretque
2039 4485 2127 4558 ip-

2239 4490 2452 4562 μήποτε
2491 4485 2745 4562 γεννηθὲν
2797 4484 2848 4556 ἐξ
2898 4485 3063 4541 αὐτοῦ
3114 4486 3331 4564 βρέφος.
3378 4488 3746 4565 γενναιότερον
3791 4488 3884 4544 αὖ·

485 4594 619 4633 sum
644 4594 840 4649 regno.
874 4581 1001 4632 Non
1029 4576 1286 4632 secundo
1317 4574 1579 4645 genitum
1602 4574 1939 4646 Neptunum
1964 4575 2126 4630 simi-

2252 4581 2330 4632 τοῦ
2360 4576 2672 4652 γενόμενον,
2721 4573 2988 4652 ἀφέληται
3037 4574 3195 4629 αὐτὸν
3243 4583 3343 4645 τῆς
3399 4574 3677 4652 βασιλείας
3705 4580 3772 4635 ⁷⁸.
3806 4578 3882 4635 Οὐ

486 4665 617 4721 liter
645 4666 955 4739 absorpsit.
989 4666 1112 4722 Non
1146 4675 1274 4738 post
1305 4664 1412 4720 hos
1462 4670 1664 4720 natum
1695 4664 1894 4720 Jovem
1943 4670 2129 4721 mater

2252 4667 2322 4722 τὸν
2385 4661 2695 4720 Ποσειδῶνα
2742 4661 2989 4738 δεύτερον
3040 4666 3299 4739 γεννήσας
3352 4665 3562 4739 ὁμοίως
3608 4666 3880 4723 κατέπιεν·

481 4756 639 4811 lthea
670 4756 1001 4821 occultavit,
1035 4772 1138 4811 nec
1169 4753 1457 4826 expetenti
1490 4754 1739 4809 Saturno
1770 4752 2021 4824 lapidem
2054 4754 2124 4809 ad

478 4845 878 4901 devorandum
907 4844 1166 4901 tradidit.
1187 4844 1311 4899 Non
1337 4844 1385 4897 is
1406 4844 1714 4898 devoratus
1747 4842 1909 4913 prius
1930 4842 2127 4898 absor-

481 4940 609 5004 ptos
650 4934 826 4989 trusit
872 4939 929 4989 et
978 4933 1167 5005 coegit
1214 4933 1367 4987 exire
1411 4932 1665 5002 primum
1718 4931 1976 5003 quidem,
2023 4932 2124 5004 qui

479 5022 707 5091 primus
739 5023 1054 5096 absorptus
1082 5023 1292 5090 fuerat,
1320 5020 1650 5089 Plutonem,
1675 5027 1879 5093 postea
1908 5020 2123 5093 Neptu-

2234 4754 2296 4810 οὐ
2332 4755 2464 4828 μετά
2488 4753 2713 4816 τούτους
2758 4754 2848 4808 τὸν
2897 4752 2992 4807 Δία
3037 4754 3357 4828 γεννηθέντα
3398 4756 3433 4824 ἡ
3488 4758 3672 4833 μήτηρ
3720 4776 3882 4812 κατα.

2233 4845 2480 4920 κρύψασα
2534 4846 2569 4913 ἡ
2623 4842 2741 4897 Ῥέα
2798 4842 3152 4913 ἀπαιτήσαντι
3223 4847 3302 4913 τῷ
3358 4842 3542 4917 Κρόνῳ
3597 4851 3882 4901 καταπιεῖν

2236 4932 2385 4989 λίθον
2416 4935 2462 4969 ⁷³
2491 4928 2808 4987 ἀντέδωκεν.
2841 4933 2959 4998 Ὃς,
2995 4930 3056 4986 ού
3086 4931 3433 4999 καταποθεὶς,
3455 4931 3583 4995 τοὺς
3611 4955 3881 5009 προκαταο

2233 5021 2493 5085 ποθέντας
2524 5020 2723 5095 θλίψεις
2755 5019 2974 5092 ἐξέωσεν
3003 5023 3071 5092 ⁷³,
3105 5020 3181 5084 ὡς
3208 5021 3494 5098 προελθεῖν
3529 5027 3744 5100 πρῶτον
3778 5024 3875 5097 μὶν

1839 5154 2070 5211 VARI/E
2112 5158 2405 5215 LECTION
2414 5158 2518 5213 ES.

546 5251 591 5328 δέ
644 5246 728 5328 διςι
771 5247 902 5328 {in-sp
938 5254 1018 5328 ΔΟ.
1076 5252 1121 5328 διο
1182 5256 1224 5305 D
1278 5251 1549 5328 proponit
1593 5247 1849 5328 ﬁxum?
1884 5248 1993 5324 ἐγώ
2050 5273 2110 5328 γε
2158 5255 2218 5310 C.
2271 5256 2318 5291 ⁸³
2364 5250 2489 5307 οὐδέ
2535 5254 2601 5309 Ο.
2634 5253 2681 5328 δέ
2735 5251 2820 5307 Ita
2852 5252 2997 5328 O_et
3135 5268 3205 5328 ex
3258 5255 3524 5328 conject,
3557 5249 3758 5328 mihine
3815 5253 3878 5311 in

480 5325 662 5413 texti}.
690 5320 1106 5413 ⁶ξΔάφηγήσαιτό
1134 5320 1404 5413 ,μοι’,ξξ
1440 5323 1733 5413 mendose.
1794 5320 2273 5413 5"opvsg'f6psvoc
2321 5330 2380 5394 C,
2432 5322 2855 5413 συνεργούμενρς
2908 5325 2967 5379 S.
3028 5324 3073 5358 ⁸⁸
3115 5320 3517 5407 ,ἀνεχομένους
3546 5324 3605 5381 C.
3651 5326 3693 5361 ⁸⁷

3785 5344 3879 5399 Ρο·

477 5395 579 5468 νῷν
611 5390 975 5468 desideratur
1024 5396 1081 5448 in
1113 5390 1196 5468 At).
1228 5396 1270 5468 ξε
1302 5390 1515 5468 Ριλοᾉ-Οἰ
1546 5390 1801 5468 καμάτων
1828 5390 2230 5468 Αῐλιεεεὴᾷιιω
2280 5390 2479 5453 censet
2528 5390 2616 5468 ξιᾶ
2661 5390 2917 5468 καμάτων
2951 5410 2965 5449 :
2998 5390 3334 5468 conjectura
3379 5399 3505 5468 jam
3556 5390 3876 5465 superﬂua.

475 5464 519 5497 σε
554 5463 637 5542 Ita
662 5464 723 5542 ξ,
755 5467 1008 5542 οροιιρ.
1060 5466 1172 5542 gfr.
1228 5467 1379 5542 Hes”
1406 5465 1588 5542 Τζιςορ.
1642 5465 1766 5542 t3-_’t_,
1816 5465 1944 5542 3375,
1979 5463 2161 5542 ’κριός
2193 5475 2252 5536 C,
2286 5470 2347 5525 Ο.
2383 5465 2641 5542 79915159
2683 5463 2747 5542 9.
2799 5463 3225 5542 Tum._id.:0$_a
3256 5463 3692 5542 sine-iaccent‘u,
3729 5467 3879 5542 ΑΘεία

478 5536 627 5611 conj.
661 5539 719 5587 Ο.
752 5536 865 5588 Cl'r.
902 5534 1033 5590 Hes.
1068 5536 1254 5611 Theog.
1286 5538 1404 5611 135,
1437 5533 1559 5591 37f.
1590 5533 1941 5611 Apollod,_i,
1970 5533 2102 5606 2,’4.
2135 5533 2279 5597 Dein
2309 5537 2474 5611 mea;
2501 5533 2569 5593 Ο.
2604 5541 2645 5575 7‘
2685 5538 2829 5609 Lege
2852 5537 2951 5605 τῆν
2990 5533 3267 5611 βασιλείαν
3312 5545 3369 5595 Β.
3401 5541 3448 5575 ⁷⁴
3491 5537 3641 5594 λίθον
3673 5533 3876 5597 addidi

474 5622 524 5714 ρ,
650 5608 1439 5738 ιέυοέιέιωέρνοιέωέίὲἕίἳῗοδαω
1471 5606 1701 5665 monuit
1730 5608 1793 5667 D.
1824 5607 1940 5669 Cfr.
1977 5612 2204 5687 Recogn.
2233 5630 2289 5685 κ,
2326 5612 2415 5683 19,
2445 5609 2505 5676 ὅς
2536 5612 2596 5668 in
2627 5606 2860 5668 exordio
2891 5606 3191 5685 sequentis
3220 5611 3445 5691 periodi
3488 5612 3687 5670 addidi
3717 5627 3767 5669 ο.
3801 5612 3872 5675 Ο.

706 5722 723 5754 θ
756 5719 943 5750 *ν’-*ν
981 5719 1037 5751 ν,
1071 5719 1258 5753 ’σον-*ν’
1295 5719 1357 5739 νο

756 5673 946 5750 ἔξωσεν
978 5681 1037 5751 C,
1071 5676 1260 5753 ἐξῶσεν
