4112 6344
530 340 641 397 199

1347 337 1413 395 S.
1460 336 1903 396 CLEMENTIS
1949 336 1971 395 Ι
2020 333 2207 394 ROM.
2251 330 2485 395 PONT.
2531 334 2793 395 OPERA
2837 334 3098 398 DUBIA.

3812 334 3953 399 200

525 472 591 523 ut
621 468 817 541 genita
845 471 1036 523 ortum
1070 467 1366 535 habuisse,
1400 485 1513 523 non
1547 472 1743 523 autem
1794 472 1859 522 ut
1906 466 2154 538 ingenita

2280 462 2550 537 σημαίνει,
2585 463 2647 519 οὐ
2677 466 2739 520 τὸ
2779 464 2858 520 ἀεὶ
2908 465 3039 520 εἶναι
3082 466 3157 528 ὡς
3208 466 3459 542 ἀγένητα.
3495 466 3597 522 Καὶ
3628 468 3852 546 Ὀρφεὺς
3891 473 3947 507 ⁸⁸

527 573 761 629 semper
789 556 1097 612 exstitisse.
1133 556 1397 627 Orpheus
1426 561 1620 613 autem
1653 556 1829 612 chaos
1870 573 1973 611 ovo
2012 573 2168 611 com-

529 650 713 719 parat,
746 645 806 701 in
839 662 953 718 quo
987 646 1310 716 primorum
1343 644 1766 701 elementorum
1798 649 1921 700 erat
1968 645 2171 700 confu-

529 736 635 791 sio.
672 735 785 791 Hoc
818 735 1102 790 Hesiodus
1150 734 1327 790 chaos
1372 734 1662 807 proponit,
1700 735 1855 806 quod
1902 733 2171 806 Orpheus

2282 549 2427 606 δὲτὸ
2458 554 2593 628 χάος
2645 553 2737 626 ὠῷ
2782 556 3113 630 παρεικάζει,
3148 553 3199 609 ἐν
3251 556 3295 627 ᾧ
3342 558 3449 609 τῶν
3500 557 3731 631 πρώτων
3784 579 3945 614 στοι-

2280 640 2447 716 χείων
2479 643 2546 712 ἧν
2577 645 2612 713 ἡ
2642 642 2920 719 σύγχυσις.
2944 648 3112 698 Τοῦτο
3141 640 3389 706 Ἡσίοδος
3418 644 3557 718 χάος
3588 645 3941 713 ὑποτίθεται,

2280 728 2411 807 ὅπερ
2439 730 2665 806 Ὀρφεὺς
2696 731 2800 786 ὠὸν
2834 729 2979 808 λέγει
3012 732 3260 807 γενητὸν.
3298 731 3349 802 ἐξ
3381 732 3603 808 ἀπείρου
3632 740 3732 804 τῆς
3786 734 3945 807 ὕλης

528 841 699 880 ovum
748 823 891 879 dicit
940 824 1227 896 genitum,
1258 841 1329 880 ex
1376 824 1606 879 infinita
1652 824 1897 880 materia
1926 824 2154 895 produc

2278 814 2742 895 προϐεϐλημένον,
2773 821 2998 897 γεγονὸς
3030 818 3089 875 δὲ
3118 819 3260 876 οὕτω
3288 823 3351 878 ⁸⁷.

526 919 673 977 tum,
709 914 1043 985 factumque
1070 913 1154 967 ita
1183 929 1197 968 :

596 1017 838 1075 IV.Cum
873 1017 1116 1074 materia
1145 1022 1396 1089 quatuor
1415 1034 1627 1090 genera
1648 1017 2042 1089 complectens
2071 1018 2170 1073 ha-

526 1109 688 1164 beret
708 1108 965 1162 animam
998 1111 1054 1162 et
1082 1110 1269 1161 totum
1318 1105 1674 1162 immensum
1708 1107 2000 1178 quoddam
2035 1124 2164 1178 pro-

524 1198 771 1253 fundum
806 1212 1036 1267 semper
1065 1199 1267 1251 ﬂueret
1295 1212 1363 1250 ac
1391 1200 1607 1251 temere
1642 1195 1886 1251 ferretur
1914 1199 1970 1250 et
1998 1195 2167 1251 innu-

526 1303 717 1342 meras
748 1285 1119 1358 imperfectas
1153 1284 1457 1340 mistiones
1487 1284 1737 1340 subinde
1767 1284 2162 1356 prolunderet,

524 1380 700 1448 atque
730 1376 858 1430 ideo
890 1373 1019 1429 illas
1051 1374 1123 1429 ob
1161 1373 1563 1429 confusionem
1598 1372 1865 1441 solveret,
1901 1390 2005 1430 nec
2048 1390 2164 1429 non

526 1464 729 1533 biaret,
764 1463 932 1535 quasi
965 1463 1035 1518 ad
1068 1462 1501 1534 generationem
1534 1461 1808 1518 animalis
1834 1479 1946 1518 non
1971 1466 2165 1533 posset

525 1553 840 1625 compingi,
893 1551 1206 1623 aliquando
1255 1550 1517 1624 contigit,
1560 1556 1627 1608 ut
1668 1551 1813 1606 illud
1862 1551 2161 1607 infinitum

523 1641 785 1713 pelagus,
820 1658 921 1712 per
950 1640 1243 1712 propriam
1279 1645 1548 1695 naturam
1594 1657 1947 1697 concussum
1998 1645 2160 1696 motu

524 1729 1075 1792 naturali.ordinate
1103 1729 1175 1784 ab
1194 1730 1397 1784 eodem
1424 1730 1493 1786 ad
1528 1729 1683 1785 idem
1714 1729 1901 1785 instar
1923 1730 2161 1786 vorticis

2350 1017 2500 1075 I58
2532 1018 2619 1073 IV.
2654 1022 2760 1087 Τῆς
2791 1020 3137 1092 τετραγενοῦς
3168 1016 3307 1088 ὅλης
3339 1016 3592 1095 ἐμψύχου
3622 1016 3806 1092 οὔσης,
3830 1020 3933 1075 καὶ

2276 1102 2409 1160 ὅλου
2442 1105 2667 1182 ἀπείρου
2712 1107 2859 1169 τινὸς
2914 1106 3078 1183 βυθοῦ
3127 1105 3209 1162 ἀεὶ
3240 1106 3454 1183 ῥέοντος
3478 1110 3616 1182 (99),
3646 1108 3735 1163 καὶ
3768 1109 3935 1186 ἀκρί-

2272 1214 2381 1257 τως
2434 1196 2755 1273 φερομένου,
2797 1196 2885 1250 καὶ
2936 1195 3131 1272 μυρίας
3181 1197 3390 1259 ἀτελεῖς
3435 1196 3649 1271 κράσεις
3699 1198 3773 1260 εἰς
3819 1198 3932 1254 ἄλ·-

2275 1281 2403 1338 λοτε
2423 1281 2608 1346 ἄλλως
2639 1286 2683 1321 ⁸⁸
2714 1283 3128 1361 ἐπαναχέοντος,
3161 1285 3251 1340 καὶ
3283 1282 3372 1340 διὰ
3398 1284 3559 1341 τοῦτο
3590 1286 3752 1350 αὐτάς
3793 1289 3933 1343 ἀνα-

2276 1371 2502 1435 λόοντος
2531 1374 2601 1445 τῇ
2629 1373 2833 1445 ἀταξίᾳ,
2864 1373 2954 1428 καὶ
3004 1374 3306 1450 κεχηνότος
3346 1375 3435 1430 καὶ
3466 1378 3511 1413 ⁸⁸
3546 1375 3623 1438 εἷς
3674 1375 3930 1453 γέννησιν

2276 1463 2417 1531 ζώου
2449 1459 2665 1531 δεθῆναι
2728 1463 2802 1535 μή
2837 1460 3156 1536 δυναμένου,
3190 1458 3385 1535 συνέϐη
3435 1465 3568 1519 ποτὲ
3615 1464 3778 1520 αὐτοῦ
3821 1471 3929 1521 τοῦ

2272 1550 2495 1626 ἀπείρου
2543 1549 2833 1628 πελάγους,
2870 1552 2973 1606 ὐπὸ
3032 1550 3170 1615 ἰδίας
3210 1552 3418 1631 φύσεως
3473 1555 3927 1632 περιωθουμένου

2269 1642 2473 1711 κινήσει
2507 1645 2727 1718 φυσικῇ,
2762 1640 3029 1704 εὐτάκτως
3072 1640 3263 1717 ῥυῆναι
3319 1641 3425 1697 ἀπὸ
3481 1648 3578 1699 τοῦ
3634 1643 3798 1699 αὐτοῦ
3842 1643 3927 1707 εἷς

2267 1731 2330 1785 τὸ
2386 1729 2536 1802 αὐτὸ,
2570 1728 2750 1807 ὥσπερ
2811 1729 3021 1805 ἷλιγγα,
3054 1731 3143 1785 καὶ
3208 1730 3354 1804 μίξαι
3409 1732 3508 1795 τὰς
3565 1732 3771 1803 οὐσίας,
3823 1734 3923 1789 καὶ

522 1820 746 1888 ﬂueret,
785 1818 1263 1889 substantiasque
1295 1818 1594 1885 misceret;
1622 1819 1823 1889 sicque
1852 1819 2066 1874 mirum
2100 1819 2154 1874 in

2270 1818 2443 1882 οὕτως
2496 1818 2546 1890 ἐξ
2596 1820 2859 1874 ἀκουστοῦ
2889 1822 2933 1857 ⁰⁰
2961 1824 3067 1875 τῶν
3101 1819 3311 1875 πάντων
3366 1821 3427 1875 τὸ
3483 1824 3922 1895 νοστιμώτατον,

522 1910 784 1975 modum,
818 1909 969 1979 quod
993 1908 1257 1963 omnium
1285 1907 1574 1978 optimum
1597 1924 1664 1963 ac
1688 1907 2156 1964 maturissimum

520 2002 642 2054 erat
672 2005 847 2069 atque
879 1998 949 2052 ad
981 1996 1410 2070 generationem
1445 1996 1719 2052 animalis
1759 1996 2160 2069 aptissimum,

518 2087 673 2143 velut
701 2087 761 2142 in
794 2087 1026 2142 fornace
1056 2102 1156 2157 per
1188 2085 1440 2141 mediam
1464 2086 1793 2142 decurreret
1816 2085 2159 2142 universita-

518 2181 657 2245 tem,
689 2181 744 2231 et
774 2193 876 2248 per
905 2180 1116 2231 cuncta
1144 2175 1425 2231 ferentem
1454 2175 1731 2230 vorticem
1762 2175 1871 2231 iret
1900 2176 1971 2230 ad
2023 2193 2156 2247 pro-

520 2267 794 2332 fundum,
823 2264 1358 2336 circumfusumque
1380 2263 1652 2335 spiritum
1676 2264 2027 2331 attraheret;
2054 2280 2157 2320 nec

520 2372 635 2410 non
667 2353 835 2426 quasi
884 2353 945 2407 in
994 2352 1313 2408 maximam
1364 2351 1780 2408 fecunditatem
1812 2358 2155 2423 conceptum

518 2444 731 2499 faceret
763 2442 1073 2498 discretam
1113 2441 1616 2514 compositionem.
1652 2442 2156 2508 Quemadmodum

518 2533 672 2589 enim
704 2531 763 2587 in
794 2531 1036 2587 humido
1071 2532 1193 2586 ﬁeri
1225 2531 1373 2587 solet
1425 2530 1604 2602 bulla,
1638 2530 1719 2586 ita
1764 2530 2155 2587 orbiculatum

519 2622 774 2693 undique
805 2621 1291 2693 comprehensum
1323 2625 1412 2676 est
1441 2637 1674 2692 corpus.
1708 2621 1925 2675 Deinde
1957 2620 2153 2689 ipsum

516 2713 573 2767 in
606 2712 765 2783 seipo
796 2715 1159 2782 conceptum,
1187 2727 1221 2766 a
1252 2709 1443 2766 divino
1474 2710 1573 2781 qui
1606 2714 2005 2781 assumpserat
2034 2710 2153 2781 spi-

513 2801 627 2855 ritu
678 2801 1047 2867 subvectum,
1079 2799 1138 2854 in
1188 2799 1377 2854 lucem
1433 2798 1649 2871 prodiit
1693 2798 2013 2854 maximum
2046 2799 2154 2856 hoc

511 2906 748 2963 germen
780 2906 881 2945 seu
915 2889 1085 2957 fetus,
1119 2892 1402 2959 tanquam
1434 2905 1501 2943 ex
1531 2888 1996 2943 omniimmenso
2019 2905 2151 2960 pro-

510 2979 690 3034 fundo
720 2978 1091 3050 progenitum
1120 2977 1418 3049 opificium
1449 2978 1797 3045 animatum,
1818 2976 2009 3034 simile
2025 2978 2151 3035 ovis

509 3085 611 3141 per
639 3067 1058 3123 rotunditatem
1090 3070 1147 3121 et
1175 3065 1379 3121 avibus
1402 3082 1504 3138 per
1532 3065 1907 3121 celeritatem.

2270 1908 2401 1983 ὅπερ
2450 1908 2588 1985 πρὸς
2634 1909 2879 1984 γέννησιν
2930 1910 3071 1979 ζώου
3112 1907 3550 1980 ἐπιτηδειότατον
3600 1913 3689 1983 ἧν,
3733 1911 3920 1988 ὥσπερ

2270 1997 2321 2052 έν
2353 1998 2508 2074 χώνῃ
2540 1998 2675 2053 κατά
2708 1999 2873 2071 μέσου
2906 1997 3092 2073 ῥυῆναι
3121 2003 3219 2053 τοῦ
3268 2002 3488 2071 παντὸς,
3521 2001 3608 2055 καὶ
3660 2001 3763 2056 ὑπὸ
3809 2009 3920 2073 τῆς

2266 2086 2438 2142 πάντα
2467 2087 2736 2164 φερούσης
2767 2085 2980 2164 ἴλιγγος
3012 2094 3263 2163 χωρῆσαι
3299 2088 3373 2151 εἷς
3404 2092 3447 2127 ⁹ί
3497 2088 3684 2165 βάθος,
3710 2090 3799 2146 καὶ
3851 2091 3919 2147 τὸ

2266 2176 2638 2253 περικείμενον
2683 2181 2893 2250 πνεῦμα
2940 2175 3347 2250 ἐπισπάσασθαι,
3379 2179 3469 2232 καὶ
3518 2178 3592 2241 ὡς
3640 2180 3714 2242 εἷς
3761 2202 3917 2256 γονι-

2271 2265 2517 2338 μώτατον
2550 2262 2857 2343 συλληφθὲν
2900 2271 3074 2320 ποιεῖν
3120 2267 3369 2343 κριτικὴν
3406 2266 3674 2325 σύστασιν.
3705 2272 3914 2345 ’Ὠσπερ

2266 2353 2368 2429 γὰρ
2415 2353 2466 2408 ἐν
2520 2354 2663 2429 ὑγρῷ
2706 2360 2858 2432 φιΛεῖ
2904 2354 3141 2429 γίνεσθαι
3183 2354 3496 2433 πομφόλυξ,
3529 2356 3701 2419 οὕτως
3752 2379 3918 2436 σφαι-

2267 2440 2474 2519 ροειδὲς
2505 2443 2841 2519 πανταχόθεν
2884 2442 3195 2521 συνελήφθη
3229 2447 3273 2481 ⁹²
3303 2444 3485 2507 κότος.
3515 2451 3740 2501 Ἔπειτα
3777 2448 3916 2503 αὐτὸ

2266 2530 2318 2586 ἐν
2369 2532 2542 2604 ἑαυτῷ
2586 2533 2806 2603 κυηθὲν,
2841 2531 2944 2587 ὑπὸ
2992 2537 3088 2588 τοῦ
3132 2532 3540 2612 παρειληφότος
3569 2538 3612 2572 ⁸³
3645 2534 3913 2600 θειώδους

2263 2621 2568 2693 πνεύματος
2616 2620 3036 2698 ἀναφερόμενον,
3084 2621 3383 2698 προέκοψεν
3433 2622 3510 2686 εἷς
3576 2629 3689 2699 φῶς
3748 2624 3909 2700 μέγι-

2264 2709 2386 2765 στόν
2417 2732 2469 2765 τι
2499 2714 2657 2765 τοῦτο
2692 2709 2899 2781 άποκύη
2914 2732 3005 2783 μα,
3040 2710 3114 2773 ὡς
3146 2710 3202 2765 ἂν
3238 2711 3296 2765 ἐκ
3325 2714 3523 2774 παντὸς
3555 2711 3649 2767 τοῦ
3682 2712 3912 2790 ἀπείρου

2267 2799 2430 2875 βυθοῦ
2472 2796 2909 2871 ἀποκεκυημένον
2962 2796 3210 2875 ἔμψυχον
3254 2797 3665 2877 δημιούργημα,
3697 2803 3785 2857 καὶ
3839 2808 3910 2879 τῇ

2261 2887 2573 2967 περιφερείᾳ
2615 2891 2721 2943 τῶν
2771 2886 2893 2941 ὠῶν
2955 2888 3295 2963 προσεοικὸς,
3342 2888 3429 2943 καὶ
3472 2894 3551 2963 τῷ
3597 2892 3754 2967 τάχει
3801 2899 3911 2963 τῆς

2260 2979 2531 3048 πτήσεως.

580 3175 643 3230 ν.
678 3174 998 3230 Saturnum
1025 3172 1204 3246 igitur
1218 3171 2147 3245 mihiputaessetempus,Rbeam

2332 3175 2483 3232 I59
2513 3174 2580 3229 V.
2598 3171 2801 3248 Κρόνον
2831 3172 2921 3226 οὗν
2950 3170 3042 3227 τὸν
3075 3171 3269 3248 χρόνον
3297 3194 3390 3247 μοι
3410 3172 3654 3245 νόει,τήν
3678 3172 3735 3231 δὲ
3750 3177 3904 3234 Ῥέαν

507 3281 643 3322 vero
674 3262 819 3319 illud
841 3262 1094 3318 humidae
1117 3261 1482 3327 substantiae,
1502 3262 1659 3333 quod
1690 3261 1854 3318 ﬂuit:
1888 3263 2028 3334 quia
2050 3280 2151 3336 per

508 3360 741 3424 tempus
770 3357 996 3407 versata
1017 3351 1210 3406 omnis
1243 3349 1677 3417 materia,velut
1707 3368 1903 3416 ovum,
1935 3351 2147 3408 ccslum

510 3441 662 3512 quod
696 3441 1013 3495 rotundum
1045 3444 1133 3495 est
1163 3440 1435 3511 quodque
1477 3439 1674 3495 omnia
1720 3440 2147 3511 complectitur,

508 3529 915 3602 reperit.Quod
949 3545 1122 3584 ovum
1155 3528 1443 3601 principio
1477 3528 1724 3583 fecunda
1755 3528 2011 3584 medulla
2035 3529 2149 3601 ple-

509 3636 651 3674 num
684 3618 1038 3691 fuit,quippe
1067 3619 1223 3690 quod
1256 3623 1453 3688 posset
1481 3618 1768 3673 elementa
1796 3622 1854 3673 et
1886 3618 2147 3691 omnige-

508 3726 612 3764 nas
643 3708 865 3780 species
897 3724 1218 3779 procreare,
1256 3712 1511 3761 attamen
1545 3706 1916 3777 amnigenam
1940 3724 2009 3762 ex
2031 3727 2149 3764 una

505 3796 836 3852 substantia
857 3811 1090 3866 unaque
1108 3793 1298 3864 specie
1317 3793 1449 3847 tulit
1466 3793 1972 3865 imaginem.Sicut
1987 3796 2145 3851 enim

503 3887 563 3940 in
596 3884 833 3957 pavonis
865 3885 984 3939 fetu
1016 3899 1167 3937 unus
1200 3881 1437 3953 quidem
1469 3882 1556 3936 ovi
1580 3882 1812 3937 videtur
1841 3881 2018 3951 color,
2054 3901 2148 3955 po-

503 3979 715 4030 testate
745 3977 940 4029 autem
976 3971 1134 4027 mille
1154 3972 1212 4026 in
1236 3988 1297 4026 se
1319 3970 1494 4026 habet
1514 3971 1851 4041 perficiendi
1872 3972 2145 4029 animalis

505 4060 726 4117 colores
761 4078 773 4114 :
809 4060 888 4115 ita
916 4064 973 4115 et
1002 4059 1156 4130 quod
1185 4075 1254 4114 ex
1283 4058 1577 4114 immensa
1606 4059 1850 4115 materia
1879 4062 2144 4132 genitum

502 4154 591 4205 est
619 4166 788 4204 ovum
824 4148 1171 4215 animatum,
1189 4165 1259 4204 ex
1282 4148 1543 4219 subjecta
1559 4165 1905 4221 semperque
1928 4150 2145 4207 ﬂuente

505 4237 749 4293 materia
778 4241 1159 4305 commotum,
1194 4237 1565 4293 omnimodas
1612 4238 1823 4292 exserit
1874 4240 2140 4295 matatio-

504 4342 627 4382 nes.
664 4331 821 4381 Intra
851 4325 1006 4380 enim
1038 4325 1572 4382 circumferentiam
1614 4325 1849 4397 aliquod
1899 4326 2139 4396 animal,

501 4415 655 4486 quod
706 4420 795 4470 est
837 4413 1338 4480 masculofemina,
1387 4431 1490 4485 per
1549 4415 1916 4472 inexistentis
1962 4417 2141 4473 divini

2257 3263 2320 3317 τὸ
2365 3261 2482 3338 ῥέον
2534 3264 2633 3330 τῆς
2693 3261 2853 3337 ὑγρᾶς
2913 3260 3113 3323 οὐσίας·
3146 3261 3229 3316 δτι
3289 3262 3477 3338 χρόνῳ
3533 3264 3807 3341 φερομένη
3862 3269 3899 3337 ἡ

2258 3349 2363 3421 ίίλη
2399 3352 2574 3405 ἅπασα
2623 3348 2802 3426 ὥσπερ
2851 3349 2956 3405 ὠὸν
3005 3351 3101 3405 τὸο
3149 3353 3323 3407 πάντα
3369 3352 3693 3428 περιέχοντα
3739 3375 3906 3432 σφαι-

2259 3436 2441 3515 ροειδῆ
2478 3439 2774 3509 ἀπεκύησεν
2808 3439 3054 3513 οὐρανόν·
3098 3438 3229 3516 ὅπερ
3281 3442 3397 3495 κατ’
3444 3441 3619 3517 ἀρχὰς
3662 3448 3757 3497 τοῦ
3803 3466 3902 3520 γο-

2257 3529 2419 3601 νίμου
2454 3526 2657 3601 μυελοῦ
2687 3526 2898 3603 πλῆρες
2928 3530 3019 3599 ἧν,
3050 3530 3122 3591 ὡς
3154 3529 3212 3585 ἂν
3242 3533 3287 3567 ⁹⁴
3323 3537 3571 3607 στοιχεῖα
3615 3531 3706 3587 καὶ
3754 3536 3907 3609 χρώ-

2260 3639 2400 3692 ματα
2430 3614 2745 3672 παντοδαπὰ
2792 3617 3025 3673 ἐκτεκεῖν
3073 3616 3388 3691 δυνάμενον,
3420 3621 3509 3674 καὶ
3558 3620 3711 3693 ὅμως
3758 3643 3898 3677 παν-

2253 3703 2495 3775 τοδαπὴν
2524 3704 2582 3760 ἐκ
2616 3712 2744 3778 μιᾶς
2775 3706 2957 3769 οὐσίας
2986 3727 3045 3761 τε
3089 3707 3178 3762 καὶ
3228 3708 3527 3784 χρώματος
3579 3710 3697 3772 ἑνὸς
3745 3707 3903 3788 ἔφερε

2252 3796 2352 3864 τὴν
2388 3795 2695 3871 φαντασίαν.
2728 3798 2930 3873 ’Ὠσπερ
2960 3796 3060 3873 γάρ
3092 3796 3144 3851 έν
3176 3801 3252 3869 τῷ
3298 3801 3395 3852 τοῦ
3436 3799 3549 3853 ταὼ
3598 3803 3900 3874 γεννήματι

2252 3882 2307 3938 ’ὲν
2344 3883 2437 3955 μὲν
2465 3887 2564 3938 τοῦ
2596 3882 2706 3937 ὠοῦ
2739 3888 2943 3960 χρῶμα
2988 3881 3158 3953 δοκεῖ,
3190 3881 3413 3959 δυνάμει
3468 3884 3526 3941 δὲ
3573 3888 3739 3964 μυρία
3781 3886 3902 3966 ἔχει

2255 3971 2306 4026 έν
2356 3970 2528 4044 ἑαυτῷ
2584 3969 2680 4027 τοῦ
2735 3970 3038 4045 μέλλοντος
3105 3972 3544 4052 τελεσφορεῖσθαι
3601 3978 3899 4053 χρώματα,

2254 4060 2426 4123 οὕτως
2472 4060 2560 4115 καὶ
2607 4059 2669 4115 τὸ
2718 4060 2769 4132 ἐξ
2816 4061 3040 4138 ἀπείρου
3083 4062 3223 4133 ὕλης
3283 4065 3585 4134 ἀποκυηθὶν
3644 4063 3895 4143 ἔμψυχον

2254 4149 2383 4222 ὠὸν,
2416 4148 2475 4204 ἐκ
2498 4156 2599 4219 τῆς
2634 4149 2995 4223 ὑποκειμένης
3025 4151 3115 4207 καὶ
3137 4151 3218 4206 ἀεὶ
3252 4151 3483 4227 ῥεούσης
3526 4152 3664 4225 ὕλης
3715 4155 3899 4211 κινού-

2257 4260 2433 4312 μενον,
2482 4236 2826 4301 παντοδαπάς
2898 4238 3131 4317 ἐκφαίνει
3196 4242 3419 4317 τροπάς.
3482 4240 3736 4307 Ἔνδοθεν
3792 4246 3897 4322 γάρ

2249 4335 2349 4397 τῆς
2380 4327 2719 4407 περιφερείας
2755 4328 2889 4397 ζῶόν
2920 4351 2972 4384 τι
3006 4328 3339 4405 ἀρῥενόθηλυ
3381 4328 3729 4388 εἰδοποιεῖται
3762 4354 3900 4409 προ-

2250 4416 2372 4489 νοίᾳ
2423 4422 2520 4472 τοῦ
2568 4416 2779 4479 ἐνόντος
2826 4416 2878 4472 ἐν
2928 4416 3075 4490 αὐτῷ
3121 4416 3266 4473 θείου
3316 4420 3639 4492 πνεύματος,
3680 4423 3737 4477 ὃν
3789 4424 3901 4478 Φά-

498 4503 742 4576 spiritus
790 4504 1215 4577 providentiam
1272 4504 1576 4576 formatur,
1621 4504 1777 4576 quod
1826 4505 2140 4562 Phanetem

2266 4526 2386 4577 νητα
2434 4504 2653 4585 Ὀρφεὺς
2704 4504 2883 4575 καλεῖ,
2927 4504 3009 4561 ὅτι
3061 4505 3224 4562 αὐτοῦ
3274 4508 3525 4584 φανέντος
3575 4511 3637 4565 τὸ
3686 4516 3788 4565 πᾶν
3844 4511 3898 4585 ἐξ

1838 4648 2083 4705 VARI/E
2120 4648 2528 4706 LECTIONES.

566 4762 611 4843 ξθ
638 4761 1301 4843 Cfr.MI.‘obec_k_Agla0ph.
1337 4763 1531 4843 p.__li75
1561 4779 1722 4843 seqq.
1749 4779 1762 4831 ;
1798 4763 2049 4843 B_ra_ndis_
2073 4765 2221 4843 (list:
2235 4764 2450 4843 pylas:
2479 4763 2642 4843 Glrwc.
2675 4781 2812 4843 rant.
2841 4770 2892 4843 .I,
2905 4766 3108 4843 §O,67.
3132 4767 3192 4822 S.
3233 4764 3487 4843 "‘08er
3504 4773 3560 4843 S.
3602 4770 3649 4805 “
3675 4768 3893 4843 κράσεις

498 4829 699 4915 ἄλλοτ-ε
737 4829 1714 4915 590mg,deleta-praepositione,legi
1749 4829 1869 4893 vult
1900 4834 1965 4915 D;
2006 4836 2051 4870 ⁸³
2079 4829 2249 4915 «hac:
2268 4837 2326 4915 _°°
2355 4834 2406 4905 ἐξ
2437 4834 2658 4915 ἑκάστου
2679 4829 3264 4915 scrib_it'D,probante
3285 4840 3570 4915 Lobecliio
3591 4829 3892 4915 ΑριὰορΙι.,

496 4922 552 4987 p.
589 4906 712 4987 4⁸75ἶ
744 4906 904 4987 Ουρό
937 4906 1172 4987 Ολγθςῐὶῐ
1199 4909 1409 4987 mirum
1432 4908 1488 4961 in
1518 4906 1771 4987 modum,
1806 4906 2002 4987 nescio
2059 4908 2214 4987 unde
2268 4908 2448 4987 hanc”
2475 4906 3345 4987 interpretationem_liauserit.
3380 4913 3437 4967 S.
3471 4906 3731 4987 Sequens
3765 4906 3898 4969 ’τῶν

495 4975 717 5052 inserui
748 4992 795 5030 c.
831 4977 894 5032 Ο.
972 4978 1014 5052 9}
1051 4975 1125 5037 εἷς
1157 4978 1366 5052 excidit
1398 4994 1494 5052 ap:
1523 4978 1582 5033 Cl
1613 4978 1758 5052 et_S.
1811 4978 1882 5052 _”
1912 4976 2201 5048 συνειλήθη
2240 4978 2459 5052 mavult
2492 4975 2717 5052 Lobeck
2751 4981 2786 5035 Ι.
2824 4980 2888 5048 1.,
2923 4998 2957 5052 ρ

3011 4982 3228 5057 475.“8.
3263 4987 3407 5038 Tum
3436 4982 3596 5045 κύτος
3627 4986 3779 5057 conj.
3811 4986 3885 5056 G;

489 5045 683 5109 νυκτός
715 5054 956 5119 uterque
984 5048 1143 5104 hom.
1178 5050 1375 5105 codex.
1435 5044 1497 5084 '9'
1526 5044 1918 5124 κατειληφότος
1952 5056 2102 5105 recte
2119 5044 2240 5106 scr.
2276 5051 2503 5107 Lobeck
2533 5051 2571 5106 Ι.
2606 5052 2647 5106 Ι.
2682 5052 2741 5107 S.
2818 5044 3099 5126 ⁹⁴’π’Λῆρες
3124 5049 3337 5121 ἤνωσαν
3370 5058 3429 5109 C.

1874 5182 2248 5241 VARIORUM
2288 5185 2519 5242 Nom.
2664 5168 2667 5171 ’

564 5294 676 5375 (99)
709 5293 1159 5375 ’ᾼπείροῇυήτινὸα
1190 5295 1486 5375 βυθοῦᾼᾉάιεὶ
1520 5294 1861 5375 ῥέοντοςκῌι
1892 5298 2138 5369 quibus-

495 5364 1022 5443 dam_interpositis
1057 5386 1069 5423 :
1102 5364 1265 5423 αὐτοῦ
1293 5372 1391 5423 τοῦ
1422 5364 1663 5443 ἀπείρου-
1690 5364 1978 5443 πελάγους,
2025 5377 2135 5427 etc.

496 5435 791 5512 Pertinent
820 5435 934 5494 huc
969 5440 1092 5496 loca
1125 5435 1575 5512 Recogmtz'oauni
1607 5440 1705 5512 lib.
1738 5458 1793 5509 x,
1826 5435 2053 5512 cap.”
2084 5449 2141 5498 et

613 5512 721 5585 etc.
757 5510 1019 5583 Itemque
1065 5516 1238 5569 verba
1264 5508 1589 5585 'Porpliyrii
1638 5508 1793 5585 libro
1826 5508 2139 5585 ⁸υὲιηαηινο

489 5578 890 5654 Nympharum,
926 5578 1061 5654 'sub
1122 5586 1293 5640 finem
1331 5578 1574 5654 εΗόνῗεος
1634 5578 1710 5654 δὲ,
1754 5580 1841 5654 καὶ
1902 5580 2140 5645 θάλασσα

489 5646 578 5704 κάί
609 5646 850 5719 κλύδων,
878 5646 966 5707 καὶ
996 5656 1142 5732 παρὰ
1172 5654 1424 5711 Πλάτωνι
1453 5657 1489 5728 ἡ
1522 5646 1991 5727 ὁλικὴ’σύστασις.
2023 5656 2137 5715 ϐω-

2249 5310 2429 5358 terum
2451 5310 2502 5358 et
2529 5300 2675 5371 apud
2704 5300 3002 5376 Platonem
3046 5304 3293 5359 materia
3335 5306 3636 5374 congeries,
3673 5309 3895 5376 pontus,

2246 5390 2398 5448 mare
2427 5389 2492 5428 ac
2530 5374 2903 5448 procellarum
2946 5377 3109 5448 aestas
3153 5376 3491 5448 ‘appel’atur.
3527 5374 3895 5448 Nicephorus

2246 5444 2305 5500 in
2339 5441 2738 5523 Synesiump.
2774 5445 2922 5523 3_8_5_:
2958 5444 3119 5523 Βυθον
3149 5441 3209 5500 δέ
3234 5441 3528 5523 ’φασι-’την
3563 5441 3745 5523 ὕλην.
3782 5454 3891 5505 Αι-

2247 5533 2358 5587 que
2387 5515 2525 5571 hinc
2557 5515 2780 5587 Bythus
2803 5515 3529 5576 Valentinianorum.Vide
3560 5519 3617 5576 in
3646 5515 3893 5579 Chrono-

2245 5589 2483 5661 graphia
2510 5588 2738 5662 Georgii
2769 5587 3017 5662 Syncelli
3050 5607 3105 5662 p.
3136 5590 3226 5646 29.
3260 5591 3391 5648 Co'r.
