4112 6344
271 424 398 485 209

1408 422 1947 485 CLEMENTINA.
1982 454 2059 467 —
2095 422 2427 484 HOMlLIA
2470 422 2572 484 VI.

3574 422 3696 485 210

266 548 689 631 βάρϐαρος,καὶ
750 552 1077 631 παραλιπὼν
1135 554 1202 609 τὰ
1256 553 1619 633 συμφέροντα,
1680 551 1911 629 ἀνδρείαπ

2045 571 2178 611 nem
2213 554 2500 627 repellens
2533 572 2599 611 ac
2630 553 3109 627 temperantiam,
3134 553 3291 611 solas
3320 553 3497 627 eligat
3523 556 3693 612 volu-

263 663 323 699 τε
356 642 445 698 καὶ
494 642 848 722 σωφροσύνην
900 641 1317 718 παρωσάμενος,
1353 642 1521 717 μόνας
1578 640 1772 713 ἕληται
1833 642 1928 704 τὰς

272 730 481 803 ἡδονάς
539 732 626 787 καὶ
690 731 829 806 μόνῃ
885 736 956 805 τῇ
990 732 1248 804 ἐπιθυμίᾳ
1276 733 1374 801 τήν
1424 732 1580 803 νίκην
1608 730 1818 803 ἀποδῷ,
1852 732 1929 792 ὡς

266 829 398 897 παρ’
440 821 613 893 αὐτῆς
663 821 730 876 τὰ
774 822 1044 897 τέρποντα
1086 816 1530 894 ἀντιλαμϐάνων,
1579 821 1661 876 ἐπ’
1714 819 1927 893 ὀλέθρῳ

263 911 461 965 δαυτοῦ
518 931 578 966 τε
628 912 783 969 166
824 910 915 965 καὶ
965 913 1071 964 τῶν
1121 910 1285 964 αύτοῦ
1317 910 1345 964 ὁ
1389 912 1464 982 μὴ
1514 909 1689 982 ὀρθῶς
1736 908 1926 985 κρίνας

261 1000 365 1068 τήν
392 999 581 1075 τέρψιν
615 997 872 1073 λήψεται.
903 1000 1055 1071 Ἔρις
1104 996 1162 1053 δὲ
1210 997 1352 1053 ἐστιν
1390 1001 1435 1035 ³⁵
1472 1000 1507 1067 ἡ
1541 996 1925 1077 φιλονεικοῦσα

260 1088 449 1142 κακία.
482 1088 551 1143 Τὸ
583 1085 640 1142 δὲ
668 1091 776 1143 τῶν
812 1084 1140 1163 Ἐσπερίδων
1179 1091 1414 1163 χρυσοῦν
1472 1086 1655 1160 μῆλον
1688 1088 1718 1142 ὁ
1748 1085 1923 1141 πλοῦ-

258 1197 358 1239 τος
392 1176 452 1231 ἂν
484 1174 593 1247 εἴη,
625 1178 685 1239 ’ὀς
736 1176 907 1232 ἐνίοτε
952 1177 1041 1231 καὶ
1084 1176 1211 1239 τοὺς
1260 1177 1561 1255 σώφρονας,
1595 1174 1775 1251 ὥσπερ
1822 1176 1920 1245 τὴν

256 1268 457 1341 Ἦραν,
498 1266 638 1343 πρὸς
686 1265 952 1343 ῥᾳθυμίαν
1001 1268 1045 1303 ³⁸
1093 1264 1368 1344 ἐφίσταται
1418 1269 1483 1335 ³⁷,
1514 1264 1604 1319 καὶ
1652 1265 1781 1327 τοὺς
1832 1266 1923 1319 άν-

256 1351 502 1430 δρείους,
537 1353 716 1431 ὥσπερ
762 1356 863 1423 τήν
913 1356 1172 1423 ’Δθηνᾶν,
1201 1353 1277 1417 είς
1321 1353 1389 1409 τὰ
1438 1355 1515 1428 μὴ
1563 1352 1747 1417 αὐτοῖς
1795 1355 1926 1427 πρὲ-

258 1464 461 1515 ποντα,
511 1442 990 1522 φιλονεικοτὲρους
1057 1446 1103 1481 ³⁸
1154 1443 1533 1519 ἀπεργάζεται,
1586 1442 1677 1497 καὶ
1738 1445 1924 1518 ψυχῆς

260 1531 501 1603 κάλλος,
543 1531 724 1609 ὥσπερ
774 1530 1123 1611 ’Δφροδὶτην,
1173 1533 1437 1611 προφάσει
1486 1538 1693 1610 τρυφῆς
1746 1529 1921 1586 ἀπολ-

254 1618 402 1677 λύει.
439 1621 738 1697 Συντόμως
769 1620 897 1700 ἰρῶ’
930 1623 1133 1685 πάντας
1164 1621 1241 1684 εἷς
1269 1622 1441 1692 κακὴν
1471 1618 1583 1699 ἔριν
1626 1618 1919 1695 ἆνερεθίζει

257 1710 288 1766 ὁ
322 1708 590 1772 πλοῦτος.

330 1800 481 1857 XVI.
514 1801 573 1854 Ὁ
601 1796 661 1854 δὲ
716 1800 807 1855 τὸν
863 1803 963 1855 τοῦ
1006 1797 1253 1855 πλούτου
1284 1794 1527 1875 ἡγεμόνα
1563 1796 1652 1853 καὶ
1703 1796 1920 1877 φύλακα

256 1883 386 1967 ὄφιν
439 1888 646 1944 ἀνελὼν
677 1888 954 1965 Ἡρακλῆς
985 1890 1014 1944 ὁ
1042 1890 1267 1966 γνήσιος
1314 1888 1405 1993 καὶ
1450 1886 1752 1993 φιλόσοφός
1806 1886 1919 1942 ἐστι
1951 1928 1996 1993 Β

253 1978 388 2040 νοῦς
420 1980 557 2050 (10),
586 1978 645 2041 ὃς
674 1980 723 2015 ³³
750 1978 929 2049 πάσης
957 1978 1147 2040 κακίας
1180 1977 1385 2053 γυμνὸς
1427 1997 1501 2031 ων
1550 1974 1921 2052 ἐκπερινοστεῖ

254 2068 354 2123 τὸν
383 2066 616 2140 κόσμον,
647 2064 936 2138 ὶπιδημῶν
989 2071 1108 2129 ταῖς
1159 2070 1363 2142 ψυχαῖς
1413 2064 1504 2121 καὶ
1565 2065 1916 2140 σωφρονίζων

251 2155 391 2218 τοὺς
452 2155 897 2232 ἐντυγχάνοντας,
953 2154 1102 2231 λέγω
1163 2152 1221 2210 δὲ
1276 2155 1592 2231 ἀνθρώπους
1672 2154 1919 2217 ἑοικότας

254 2242 449 2299 λέουσι
505 2242 815 2319 τολμηροῖς
857 2243 892 2311 ἢ
952 2240 1175 2319 ἐλάφοις
1235 2238 1444 2304 δειλαῖς
1502 2244 1546 2278 ⁸ο
1600 2243 1634 2310 ἢ
1691 2240 1919 2317 κάπροις

252 2330 478 2408 ἀγρίοις
526 2332 563 2400 ἢ
617 2329 805 2408 ὕδραις
874 2330 1270 2407 πολυτρόποις.
1320 2330 1556 2403 Ὁμοίως
1622 2327 1680 2385 δὲ
1714 2329 1803 2384 καὶ
1851 2330 1919 2384 τά

250 2418 408 2477 ἄλλα
462 2419 656 2489 πάντα,
708 2419 810 2475 ὅσα
865 2419 1097 2489 ἀθλῆσαι
1158 2416 1373 2496 λέγεται
1401 2416 1694 2491 Ἡρακλῆς,
1726 2423 1915 2492 νοερᾶς

249 2511 456 2587 ἀρετῆς
494 2508 634 2565 ἐστιν
696 2507 1012 2585 αῗνίγματα.
1062 2506 1357 2586 Αύτάρκως
1403 2505 1461 2563 δὲ
1506 2510 1551 2547 ‘1
1592 2512 1684 2562 νῦν
1741 2506 1916 2582 ἐχέτω

250 2601 323 2654 τά
374 2597 659 2671 εἰρημένα.
692 2597 787 2661 Εἰς
843 2599 948 2674 γάρ
996 2593 1220 2653 ἕκαστον
1266 2597 1434 2653 εἰπεῖν
1484 2593 1610 2653 οὗδὶ
1638 2596 1667 2651 ὁ
1700 2594 1915 2671 σύμπας

254 2688 468 2763 χρόνος
496 2687 710 2762 ἀρκέσει
740 2689 805 2744 δ’.

325 2777 496 2835 XVII.
534 2774 710 2848 Πλὴν,
744 2774 1004 2848 θαυμάζω
1035 2778 1154 2838 πῶς
1183 2778 1351 2830 ταῦτα
1402 2778 1583 2851 σαφῶς
1634 2773 1724 2829 καὶ
1774 2771 1917 2828 εὗσε-

246 2860 365 2927 εῶς
396 2865 487 2919 καὶ
516 2864 815 2943 ὠφελίμως
840 2863 1135 2937 ἀκαλύπτῳ
1164 2865 1254 2919 καὶ
1284 2867 1351 2937 τῇ
1383 2862 1559 2935 εὐθείᾳ
1614 2860 1910 2934 δηλοῦσθαι

250 2952 553 3027 δυνάμενα,
602 2955 656 3008 οἱ
701 2952 962 3029 πλαγίοις
1025 2952 1431 3029 ἀποκρύψαντες
1493 2951 1773 3028 αἰνίγμασι
1821 2951 1911 3007 καὶ

250 3042 455 3116 μύθοις
487 3042 624 3098 αὐτὰ
650 3040 1095 3120 προκαλύψαντες
1122 3047 1314 3105 κακοῖς
1345 3042 1448 3097 ὑπὸ
1496 3046 1592 3097 σοῦ
1643 3037 1910 3117 ἔμφρονες

245 3133 341 3188 καὶ
398 3132 560 3210 σοφοὶ
612 3131 746 3188 εἶναι
791 3128 1068 3206 λέγονται,
1120 3128 1315 3194 οἵτινες
1363 3129 1543 3208 ὥσπερ
1591 3130 1694 3186 ὑπὸ
1740 3134 1909 3185 κακοῦ

2041 644 2484 716 ptates,solique
2515 644 2821 716 cupiditati
2845 643 3039 699 tradat
3063 643 3456 713 victoriam,ut
3484 644 3585 716 qui
3617 645 3689 701 ab

2038 749 2108 788 ea
2135 734 2394 788 vicissim
2428 733 2624 789 dulcia
2653 738 3069 805 consequatur,
3103 732 3175 788 ad
3208 733 3299 789 sui
3331 750 3691 806 suorumque

2038 821 2376 893 perniciem,
2412 822 2510 893 qui
2563 838 2679 876 non
2712 826 2867 876 recte
2909 821 3212 891 judicarit,
3246 821 3686 879 obleclationem

2038 911 2319 982 praeferet.
2355 910 2655 966 Discordia
2701 925 2836 965 vero
2885 914 2975 965 est
3028 910 3395 965 contentiosa
3441 911 3683 967 malitia.

2036 999 2421 1071 Hesperidum
2440 1005 2636 1054 autem
2657 1014 2897 1071 pomum
2916 1015 3158 1055 aureum
3178 998 3388 1054 divitias
3411 1000 3685 1071 sint,quae

2035 1088 2332 1144 interdum
2359 1088 2538 1143 etiam
2569 1091 2987 1159 temperantes,
3020 1092 3085 1142 ut
3131 1087 3446 1155 Junonem,
3482 1090 3553 1144 ad
3589 1107 3691 1145 so-

2038 1177 2295 1233 cordiam
2347 1176 2679 1249 impellunt,
2713 1181 2769 1232 et
2800 1177 2999 1245 fortes,
3034 1180 3098 1231 ut
3138 1176 3478 1243 Minervam,
3515 1178 3586 1233 ad
3620 1196 3690 1234 ea

2037 1283 2167 1338 qua:
2199 1265 2329 1321 illos
2361 1282 2475 1321 non
2507 1266 2716 1320 decent
2744 1265 3228 1320 contentiosiores
3262 1266 3535 1333 reddunt,
3567 1268 3688 1323 ani-

2035 1353 2236 1427 mique
2275 1353 2796 1425 pulchritudinem,
2832 1352 2988 1408 sicut
3038 1357 3346 1421 Venerem,
3382 1360 3681 1426 praetextu,

2033 1441 2377 1498 deliciarum
2429 1444 2837 1514 pessumdant.
2872 1440 2998 1497 Uno
3048 1442 3222 1497 verbo
3266 1442 3457 1498 dicam
3492 1462 3505 1499 :
3540 1461 3682 1501 cun-

2031 1536 2157 1589 ctos
2186 1533 2259 1588 ad
2290 1530 2507 1588 malam
2536 1532 2894 1588 discordiam
2925 1530 3215 1604 instigant
3245 1531 3478 1589 divitiae.

2098 1800 2249 1854 XVI.
2282 1803 2461 1855 Porro
2506 1797 2805 1865 Hercules,
2838 1797 2941 1867 qui
2992 1798 3331 1854 divitiarum
3386 1800 3592 1856 ducem
3624 1810 3682 1858 et

2026 1889 2328 1944 custodem
2361 1892 2689 1961 serpentem
2722 1886 3369 1957 interimit,intellectus
3388 1894 3477 1945 est
3498 1890 3681 1945 since-

2029 1994 2133 2033 rus
2182 1982 2239 2033 et
2286 1976 2749 2049 philosophicus,
2802 1976 2905 2047 qui
2954 1976 3150 2032 omnis
3201 1976 3437 2032 sceleris
3491 1995 3679 2049 purus

2028 2066 2319 2121 mundum
2363 2065 2591 2131 circuit,
2624 2065 2695 2120 ad
2727 2063 2955 2121 animas
2996 2064 3335 2131 adveniens,
3370 2070 3427 2121 et
3478 2068 3679 2123 obvios

2028 2154 2622 2227 castigans,homines
2652 2153 3077 2218 dico,leonibus
3109 2154 3433 2211 audacibus
3451 2155 3678 2213 similes

2025 2242 2115 2299 vel
2144 2244 2371 2299 timidis
2401 2243 2586 2299 cervis
2615 2242 2702 2299 vel
2746 2242 2884 2298 feris
2917 2242 3076 2314 apris
3110 2242 3194 2298 vel
3223 2243 3423 2315 hydris
3475 2245 3675 2300 multi-

2027 2332 2301 2404 plicibus.
2353 2332 2615 2405 Itemque
2664 2336 2866 2387 castera
2906 2332 3125 2397 omnia,
3168 2348 3295 2402 quaa
3349 2333 3675 2391 debellasse

2024 2421 2240 2477 dicitur
2267 2421 2563 2489 Hercules,
2597 2421 2855 2476 innuunt
2883 2420 2998 2479 vim
3032 2420 3315 2476 animi.At
3348 2438 3505 2477 nunc
3538 2439 3665 2495 quae

2025 2510 2182 2566 dicta
2211 2514 2350 2566 sunt
2395 2510 2711 2565 sufﬁciant.
2740 2509 2824 2564 Ad
2875 2508 3112 2582 singula
3163 2509 3319 2566 enim
3369 2510 3671 2569 referenda

2024 2615 2197 2656 omne
2228 2616 2344 2655 non
2377 2598 2522 2655 satis
2553 2602 2707 2655 esset
2736 2601 2987 2670 tempus.

2094 2779 2271 2833 XVII.
2304 2777 2587 2833 Caeterum
2636 2775 2820 2832 miror
2848 2794 2974 2843 cur,
3005 2794 3139 2833 cum
3194 2778 3315 2834 haec
3366 2778 3540 2846 clare,
3572 2780 3665 2852 pie

2022 2885 2090 2924 ac
2115 2867 2564 2939 utiliter,aperta
2592 2870 2862 2929 rectaque
2885 2867 2979 2922 via
3009 2866 3337 2939 potuissent
3360 2868 3663 2940 declarari,

2021 2955 2061 3011 ii
2092 2955 2193 3027 qui
2220 2954 2323 3010 illa
2369 2954 2623 3026 obliquis
2677 2953 3011 3010 celaverunt
3039 2956 3448 3027 aanigmatibus
3490 2963 3666 3029 atque

2018 3044 2291 3117 turpibus
2322 3043 2687 3100 occultarunt
2715 3043 2951 3111 fabulis,
2983 3045 3253 3099 dicantur
3285 3062 3319 3099 a
3348 3049 3403 3100 te
3442 3046 3664 3102 cordati

2017 3150 2085 3189 ac
2114 3133 2407 3205 sapientes
2440 3132 2751 3189 exstitisse.
2786 3133 2893 3199 Qui
2925 3149 3065 3188 sane
3095 3132 3253 3188 velut
3275 3150 3309 3187 a
3343 3133 3497 3190 malo
3531 3151 3663 3205 pro-

239 3219 621 3296 προαχθέντες
676 3218 938 3294 δαίμονος
1003 3217 1200 3296 σχεδὸν
1270 3222 1420 3277 167
1499 3221 1627 3281 τοὺς
1706 3218 1908 3282 πάντας

2027 3222 2176 3278 ducti
2208 3223 2469 3278 daamone
2491 3238 2697 3277 omnes
2727 3222 2845 3277 fere
2875 3221 3147 3277 homines
3169 3222 3663 3279 seduxerunt.Aut

238 3308 574 3386 ὶνήδρευσαν
611 3309 949 3383 ἀνθρώπους.
982 3311 1049 3366 Ἢ
1098 3310 1202 3385 γὰρ
1251 3309 1351 3365 οὐκ
1398 3304 1508 3364 ἔστι
1554 3313 1722 3364 ταῦτα
1758 3307 1899 3363 αἰνί-

2027 3310 2168 3367 anim
2200 3310 2322 3367 haec
2353 3327 2467 3365 non
2494 3314 2633 3366 sunt
2662 3310 2993 3381 aenigmata,
3019 3311 3119 3365 sed
3153 3315 3386 3382 peccata
3416 3312 3658 3367 deorum

231 3420 443 3477 γματα,
475 3397 605 3454 ἀλλ’
637 3397 815 3470 ἀληθῆ
860 3403 967 3453 τῶν
1008 3400 1141 3454 θεῶν
1190 3400 1576 3474 ἁμαρτήματα,
1608 3397 1697 3451 καὶ
1737 3395 1895 3472 ἐλεγ-

231 3508 359 3564 χειν
394 3487 593 3549 αὐτοὺς
624 3486 725 3543 οὐκ
762 3484 891 3558 ἔδει,
924 3484 1050 3541 οὐδὲ
1093 3488 1193 3555 τήν
1243 3487 1424 3563 ἀρχὴν
1469 3484 1605 3540 αὐτὰ
1645 3490 1763 3547 τοῖς
1812 3484 1897 3539 ἀν-

231 3578 485 3651 θρώποις
542 3575 621 3638 είς
681 3574 913 3650 μίμησιν
988 3576 1320 3652 προτιθὲναι’
1381 3576 1417 3645 ἢ
1477 3570 1894 3651 αἰνιγματωδῶς

231 3665 486 3742 ἒλέγχθη
519 3667 564 3702 ⁸³
590 3664 657 3720 τὰ
688 3665 793 3720 ὑπὸ
838 3669 945 3720 τῶν
996 3667 1131 3720 θεῶν
1182 3662 1395 3736 ψευδῶς
1443 3663 1799 3740 πεπραγμένα
1827 3666 1891 3735 ⁴⁴,

228 3754 325 3809 καὶ
355 3753 628 3829 ἥμαρτον,
658 3754 705 3808 ὦ
735 3752 1003 3823 ’Δππίων,
1034 3752 1118 3809 ὅτι
1150 3754 1202 3809 οἱ
1252 3754 1356 3809 ὑπὸ
1408 3757 1505 3807 σοῦ
1552 3750 1893 3826 ὀνομαζόμε-

229 3864 316 3899 νοι
381 3844 542 3921 σοφοὶ
590 3844 657 3897 τὰ
715 3843 888 3915 σεμνὰ
961 3841 1216 3915 ἀσέμνοις
1294 3841 1485 3915 μύθοις
1555 3838 1894 3915 καλύψαντες

233 3934 503 4006 ἁμαρτεῖν
554 3930 682 3993 τοὺς
742 3930 1061 4003 ἀνθρώπους
1117 3930 1539 4007 προετρέψαντο,
1582 3928 1672 3984 καὶ
1728 3932 1895 3983 ταῦτα

235 4016 559 4096 ὑϐρίσαντες
591 4018 684 4081 οὓς
712 4018 802 4073 καὶ
831 4018 985 4082 θεοὺς
1012 4019 1141 4074 εἶναι
1174 4018 1450 4093 ἐνόμισαν.

308 4110 509 4167 XVIII.
543 4108 742 4185 Διόπερ
772 4109 817 4145 ⁸⁸
851 4109 928 4182 μὴ
959 4108 1180 4187 σοφοὺς,
1213 4106 1361 4164 ἀλλά
1396 4108 1595 4171 κακοὺς
1628 4105 1891 4182 δαίμονας

231 4199 360 4261 τοὺς
383 4196 670 4259 τοιούτους
713 4196 921 4271 νόμιζε,
955 4195 1147 4260 οἵτινες
1177 4197 1342 4260 κακὰς
1393 4196 1672 4260 ὑποθέσεις
1721 4194 1890 4274 ἔργων

231 4286 419 4343 καλῶν
442 4280 879 4361 προεϐάλλοντο,
905 4283 997 4341 ’ίνα
1042 4287 1096 4341 οἱ
1146 4284 1394 4351 θέλοντες
1448 4286 1687 4360 μιμηταὶ
1737 4283 1889 4361 γενὲ-

232 4377 354 4431 σθαι
387 4380 501 4431 τῶν
525 4374 851 4453 κρειττόνων
878 4375 974 4438 τὰς
1002 4379 1110 4430 τῶν
1142 4373 1454 4453 λεγομενων
1502 4377 1636 4431 θεῶν
1681 4373 1890 4445 ζηλῶσι

2002 3417 2157 3470 vera,
2188 3405 2315 3455 tum
2348 3415 2463 3454 non
2496 3398 2755 3470 oportuit
2781 3398 2913 3453 illos
2944 3399 3471 3471 ostendere,neque
3503 3400 3661 3472 prin-

2002 3487 2151 3561 cipio
2177 3504 2247 3543 ea
2274 3486 2609 3543 hominibus
2639 3502 2961 3559 proponere
2998 3486 3312 3541 imitanda:
3347 3493 3450 3544 aut
3480 3490 3658 3562 aenig-

2003 3576 2214 3633 matice
2242 3580 2478 3632 ostensa
2508 3579 2803 3646 sunt,qua3
2834 3591 2869 3628 a
2900 3574 3013 3630 diis
3043 3591 3172 3630 vere
3202 3575 3355 3631 facta
3387 3594 3501 3631 non
3535 3578 3657 3634 fue-

2002 3670 2157 3733 rant,
2187 3671 2245 3721 et
2276 3662 2928 3736 deliquerunt,Appion,
2956 3680 3105 3735 quos
3135 3680 3307 3719 vocas
3339 3664 3654 3736 sapientes,

2002 3756 2145 3811 dum
2175 3753 2422 3810 honesta
2468 3751 2797 3808 inhonestis
2830 3750 3045 3807 fabulis
3093 3751 3354 3807 velantes
3397 3753 3468 3807 ad
3517 3770 3655 3826 pec-

2001 3842 2255 3899 candum
2283 3841 2554 3898 homines
2584 3840 3111 3913 incitarunt,idque
3140 3856 3274 3895 cum
3300 3840 3656 3899 contumelia

2002 3948 2227 4000 eorum,
2265 3947 2414 4004 quos
2444 3935 2500 3987 et
2530 3930 2845 3986 credebant
2875 3929 3036 3985 deos.

2074 4108 2280 4164 XVIII.
2335 4106 2617 4175 Quocirca
2662 4123 2779 4163 non
2830 4106 3146 4179 sapientes,
3206 4107 3307 4163 sed
3356 4107 3651 4165 daamones

2001 4214 2212 4271 pravos
2243 4197 2387 4253 istos
2418 4195 2707 4266 existima,
2739 4194 2841 4267 qui
2882 4194 3039 4251 mala
3067 4210 3308 4268 operum
3359 4197 3648 4252 bonorum

2002 4289 2351 4359 argumenta
2380 4284 2840 4358 przetenderunt,
2875 4288 2941 4340 ut
2970 4284 3011 4339 ii
3043 4285 3145 4358 qui
3194 4290 3472 4359 cuperent
3502 4304 3646 4359 pras-

2002 4375 2359 4432 stantiorum
2418 4373 2542 4430 ﬁeri
2597 4373 2946 4446 imitatores,
2972 4372 3345 4447 vulgatorum
3404 4376 3646 4433 deorum

1593 4544 1837 4602 VARIE
1881 4543 2301 4603 LECTIONES.

293 4672 340 4706 ³⁸
374 4666 517 4781 ἰτητίν
544 4686 662 4759 om:
695 4669 760 4727 Ο.
835 4670 881 4706 ⁸⁸
910 4670 1045 4777 ιοὲ.
1077 4666 1387 4759 ἐπιθυμίαν.
1422 4669 1550 4725 Non
1581 4670 1736 4726 enim
1768 4670 2064 4727 Junonem
2094 4668 2416 4736 socordem,
2450 4668 2552 4724 sed
2578 4666 2712 4775 ’eéjns
2742 4664 3009 4738 potiundi
3038 4666 3313 4738 cupidam
3347 4667 3483 4753 fecit
3538 4672 3646 4723 τῶν

293 4738 553 4795 τπεοδων
590 4739 787 4795 μηλον.
820 4742 886 4795 D.
1036 4739 1309 4795 ἐφισταται
1344 4743 1405 4795 D.
1439 4739 1718 4795 ἐπίσταται
1747 4745 1807 4795 C.
1844 4738 2100 4795 παράγειν
2131 4738 2407 4793 ἐπίσταται
2437 4742 2501 4795 Ο.
2654 4734 3096 4795 φιλονικοτὲρους
3128 4739 3191 4794 Ο.
3270 4739 3315 4774 ³⁹
3343 4738 3401 4795 ὸς
3430 4743 3474 4795 Ο
3504 4756 3553 4795 c.
3579 4742 3636 4795 S.

219 4738 553 4810 Ἑσπερίδων
589 4739 787 4810 μῆλον.
820 4742 886 4798 D.

224 4762 553 4816 ισπεριοων
631 4762 787 4810 ηΑον.
820 4762 886 4798 υ.
962 4762 1003 4777 ⁸³⁵
1036 4762 1309 4818 εφισταται
1344 4762 1352 4798 Ι

221 4812 253 4867 ὃ
284 4818 345 4870 C.
421 4815 469 4848 ‘°
500 4762 702 4873 δειλιοῖς
734 4813 799 4885 (1ἒ
870 4813 911 4848 ⁸¹
946 4808 1003 4867 δὲ
1034 4815 1249 4885 excidit
1280 4830 1352 4885 ap

1062 4738 1309 4818 φίσταται
1344 4739 1718 4818 0,-ξπίσταται
1737 4745 1828 4818 _Q,_
1844 4738 2100 4818 παράγειν
2131 4738 2407 4818 ἐπίσταται
2437 4742 2501 4796 Ο.

1361 4806 1466 4871 ,⁷01
1499 4819 1557 4869 et
1592 4814 1651 4870 S.
1731 4806 2013 4886 “fMalim’
2042 4811 2332 4886 ἀρκέσειεν.
2366 4812 2420 4866 S.
2442 4882 2474 4886 η
2500 4810 2545 4886 f3
2575 4806 2907 4883 ἐλεγχθῆναι
2932 4806 3008 4886 0.⁸
3074 4809 3121 4886 ‘f
3168 4813 3387 4886 Sensus
3438 4818 3637 4886 postn-

2654 4734 3191 4815 φιλονικοτιςρουιςξο3
3270 4739 3315 4774 ³³
3343 4735 3401 4799 ὅς
3430 4743 3474 4795 Ο
3504 4756 3553 4795 0.
3579 4742 3636 4804 S,

222 4884 350 4967 I_are
378 4886 611 4967 videtur
639 4879 885 4967 ἀψευδῶς
912 4884 1287 4967 πεπραγμένα,
1317 4877 1440 4967 ἑξεῖ-ε
1465 4887 1633 4967 facta.
1764 4877 2169 4967 Nequaquam.
2204 4883 2375 4967 Recte
2406 4877 2928 4967 sibioppon'untur
2952 4879 3021 4934 τὰ
3050 4877 3263 4967 ι
3309 4877 3456 4967 τῶνς
3478 4880 3638 4967 θεῶν.

456 4975 620 5029 ests.
648 4953 708 5029 εξ
733 4953 857 5029 ,ὑπὸ
900 4953 1187 5029 τῶγ’θέῶν

224 4957 446 5031 ἁμαρτῆ

1228 4949 1475 5031 ψευδῶς
1494 4957 1640 5031 sive
1662 4953 1761 5009 οὐκ
1788 4949 2009 5031 άληθῶς
2040 4951 2409 5031 πεπραγμένα.
2436 4954 2495 5011 S.
2527 4949 2688 5010 [dein
2718 4949 2971 5008 Ἀππίον.
3045 4951 3091 4988 ⁸⁸
3120 4951 3199 5005 Δι’
3229 4949 3363 5027 ὅπερ
3391 4954 3453 5011 C.
3485 4954 3637 5010 Tum

224 5023 469 5102 rsposui
490 5023 625 5086 vbb'.
658 5023 806 5082 ἀλλὰ
830 5025 1031 5089 κακούς
1061 5028 1121 5085 in
1153 5023 1257 5085 Ed.
1289 5023 1763 5100 Schvvegleriana
1792 5026 2038 5085 omissa.

1607 5186 1987 5245 VARIORUM
2030 5185 2261 5244 NOTIE.

322 5311 411 5384 10)
476 5310 633 5387 ’ξοφξν
702 5306 911 5387 ἆνελῂὼν
969 5307 1243 5387 Ἡρακλῆς
1294 5353 1317 5387 ,ν
1384 5310 1413 5364 ὁ
1486 5309 1714 5387 γνήσιος
1783 5308 1874 5387 agi

228 5378 535 5460 φιλόσοφός
556 5378 568 5387 ’
589 5378 699 5435 ἐστι
755 5384 883 5443 νοῦς
937 5378 1048 5438 etc;
1108 5378 1401 5439 Cornutus
1428 5399 1443 5438 :
1482 5378 1760 5457 Ἡρακλῆς
1820 5378 1878 5436 δὲ

219 5453 368 5510 ιστιν
401 5452 431 5506 ὁ
464 5450 517 5507 ἒν
548 5456 666 5513 τοῖς
694 5448 847 5515 ὅλοις
878 5451 1069 5515 λόγος,
1102 5460 1209 5510 etc.
1246 5458 1308 5509 In
1332 5452 1709 5511 Collectaneis
1730 5454 1877 5511 Con-

222 5472 368 5510 ιστιν
401 5472 431 5506 ο
464 5472 517 5507 ιν
548 5472 666 5513 τοις
694 5472 847 5515 οΑοις
879 5472 1069 5528 Λογος,
1102 5472 1209 5510 etc.
1246 5472 1308 5509 1n
1332 5472 1709 5511 uouectaneis
1730 5472 1877 5511 uou-

222 5524 480 5610 ataqtini
512 5523 1047 5610 P'orphvrog‘enetaa,
1081 5531 1353 5610 excerpta
1378 5542 1463 5610 ea.
1486 5526 1729 5610 Joannis
1758 5533 1877 5610 An-

219 5596 483 5668 tiocheni
529 5594 770 5668 Historia
812 5594 1113 5668 Chronica,
1164 5594 1291 5668 ipso
1333 5595 1505 5668 initio
1542 5614 1558 5653 :
1608 5598 1735 5650 Ὅτε
1788 5594 1880 5650 τὸν

222 5665 640 5745 Ἠραλὶαέδν
688 5672 801 5745 ⁸τῆς
846 5665 1239 5745 ξΑλκμήνηςλ
1269 5665 1567 5745 φιλόσοφον
1627 5668 1881 5745 ἱστοροῦς

226 5738 337 5811 σιν,
369 5744 484 5797 etc.
518 5738 659 5794 Tria
688 5738 816 5796 loca
843 5738 1071 5812 integra
1099 5738 1363 5796 conferre
1391 5738 1578 5811 opem
1627 5738 1881 5813 pretium

1986 5310 2160 5368 fuerit
2190 5324 2531 5383 :“quorurn
2560 5306 2837 5383 ultimum
2888 5305 3136 5383 feliciter
3188 5307 3519 5383 emendavit
3563 5310 3635 5383 ad

1986 5398 2145 5439 oram
2198 5378 2333 5455 lib'ri
2387 5380 2478 5455 sui
2510 5379 2539 5434 ὁ
2574 5378 2875 5455 μακαρίτης
2904 5378 3162 5455 Joannes
3214 5379 3501 5455 Tarinus,
3548 5381 3639 5436 vir

1988 5470 2223 5510 summo
2253 5450 2749 5519 ingenio,summa
2778 5450 3371 5517 eruditione,summa
3401 5451 3633 5508 virtute.

1990 5524 2284 5599 Ubi_enim
2319 5519 2568 5599 legitur,
2592 5520 2807 5599 ἐνίκησε
2833 5520 2926 5576 τὸν
2958 5520 3089 5599 -υἱὸν
3121 5527 3221 5599 τῇς
3270 5519 3483 5599 φαύλης
3516 5521 3634 5576 ἐπι..

1989 5594 2203 5668 θυμίας,
2236 5592 2511 5668 apposuit
2545 5592 2678 5668 βιόν.
2728 5592 3403 5668 ’ξος-εᾳῐθωρηῂοοίθεῐ
3460 5610 3633 5668 vene-

1988 5664 2378 5739 num,0pti'me
2407 5665 2757 5739 quadrat_a_d
2790 5664 3047 5739 fabulam
3078 5664 3198 5722 illic
3230 5665 3471 5723 relatam
3505 5666 3633 5723 dra-

1993 5738 2158 5796 conis
2189 5740 2260 5796 ab
2291 5735 2535 5797 Hercule
2559 5735 2756 5796 occisi.
2789 5736 2921 5799 Cor.
