4114 6338
448 394 559 461 2H

1277 401 1341 466 S.
1390 400 1832 466 CLEMENTIS
1877 400 1902 462 Ῑ
1950 400 2137 462 ΗΘΜ.
2184 396 2414 461 PONT.
2464 400 2723 461 OPERA
2769 398 3029 464 DUBlA.

3746 398 3871 460 212

453 532 871 590 aemularentur
898 538 1085 606 gesta,
1118 551 1246 607 quae
1279 535 1462 607 pridie
1502 535 1796 592 disserens
1830 551 1941 590 non
1998 550 2092 589 oc-

2214 532 2445 608 πράξεις,
2478 530 2541 594 ἀς
2575 528 2963 607 διαλεγόμενος
3013 533 3082 604 τῇ
3134 528 3239 604 πρὸ
3280 526 3483 600 ταύτης
3531 529 3716 607 ἡμέρᾳ
3769 531 3872 587 οὐκ

452 622 635 689 cului,
672 622 1007 694 parricidia,
1039 623 1631 695 inquam,liherorum
1666 623 2097 695 cedesﬁmpios

454 728 587 767 cum
624 711 931 779 matribus,
967 711 1219 779 ﬁliabus,
1253 714 1555 769 sororibus
1603 713 1974 778 concubitus,
2008 711 2094 765 in-

452 801 630 871 digna
680 800 996 868 adulteria,
1047 800 1443 857 masculorum
1495 802 1698 870 initus,
1730 808 1787 857 et
1835 802 2097 870 impuras

453 890 856 961 ncl'andasque
901 889 1197 960 libidines,
1232 907 1366 945 cum
1400 890 1728 946 innumeris
1760 890 1891 945 aliis
1941 890 2097 960 ejus-

452 979 747 1034 demmodi
780 979 999 1035 illicitis
1052 980 1585 1036 commistionibus.
1619 980 1775 1035 Inter
1818 995 1963 1049 quos
1993 978 2096 1033 ho-

454 1068 644 1122 mines
697 1068 949 1123 maxime
977 1066 1143 1139 impii
1172 1071 1353 1135 Esunt,
1390 1068 1490 1140 qui
1543 1068 1664 1123 haec
1712 1068 1969 1123 facinora
1998 1084 2099 1122 cu-

456 1157 628 1228 piunt
675 1157 856 1211 videri
887 1173 1042 1221 vera,
1076 1174 1191 1227 quo
1245 1157 1465 1213 similia
1495 1157 1772 1213 facientes
1806 1174 1916 1211 non
1966 1172 2099 1210 eru-

455 1246 714 1299 bescant.
744 1248 817 1299 At
848 1245 896 1299 si
930 1245 1022 1316 pie
1061 1262 1231 1317 agere
1260 1245 1604 1311 voluissent,
1635 1245 1912 1316 oportuit,
1944 1243 2101 1299 sicut

456 1334 629 1389 modo
659 1332 797 1400 dixi,
832 1337 917 1401 ut,
948 1332 1059 1389 etsi
1098 1333 1179 1388 dii
1209 1351 1341 1389 vere
1373 1334 1751 1390 admisissent
1798 1334 1869 1389 de
1899 1333 1970 1388 iis
2002 1333 2099 1387 de-

453 1426 691 1477 cantata
712 1422 1195 1494 ﬂagitia,propter
1214 1423 1594 1478 reverentiam
1626 1438 1765 1494 erga
1785 1422 1925 1477 deos
1945 1423 2101 1477 obte-

452 1515 655 1581 gerent
686 1526 779 1565 res
810 1510 1151 1567 inhonestae
1184 1511 1396 1567 fabulis
1427 1511 1783 1583 quibusdam
1809 1510 2099 1566 decentio-

455 1600 641 1668 rihus,
672 1609 730 1653 et
778 1616 895 1654 non
944 1615 976 1655 e
1024 1600 1338 1667 contrario,
1390 1600 1893 1672 quemadmodum
1944 1598 2097 1664 aitis,

456 1687 626 1743 bonis
658 1704 859 1743 eorum
890 1688 1162 1758 operibus
1195 1688 1380 1744 malas
1410 1694 1467 1745 et
1495 1693 1696 1760 turpes
1728 1690 2102 1743 admoverent

459 1775 678 1830 formas
710 1793 836 1846 qua:
866 1775 1041 1831 etiam
1074 1776 1381 1849 allegorice
1420 1777 1717 1849 explicatas
1750 1776 1934 1831 multo
1965 1791 2099 1830 cum

459 1862 655 1966 labore
683 1865 777 1963 vix
802 1864 1353 1966 possuntuintelligi‘:
1386 1870 1444 1921 et
1473 1866 1707 1938 quando
1738 1883 1771 1920 a
1803 1863 2102 1966 nonnullis
2134 1903 2178 1966 B

462 1952 697 2006 fuerunt
723 1952 1159 2020 intellecta,illis
1193 1953 1426 2024 quidem
1460 1971 1563 2025 pro
1596 1970 1810 2025 magna
1834 1952 2102 2008 molestia

460 2040 833 2111 praebuerunt
879 2057 993 2095 non
1023 2058 1236 2111 errare,
1267 2059 1402 2098 cum
1452 2041 1714 2097 licuisset
1746 2040 2011 2097 molestia
2042 2045 2099 2095 et

457 2126 653 2183 labore
682 2144 796 2183 non
830 2129 1013 2199 premi
1041 2153 1056 2195 ;
1087 2144 1186 2184 eos
1216 2146 1346 2183 vero
1376 2128 1476 2200 qui
1510 2130 1875 2194 aberrarunt,
1910 2127 2099 2181 fundi-

456 2220 552 2271 tus
585 2216 983 2288 perdiderunt.
1000 2216 1197 2272 Laudo
1226 2216 1422 2289 itaque
1454 2217 1605 2285 illos,
1638 2219 1737 2288 qui
1775 2215 2004 2270 fabulas
2027 2216 2100 2270 ad

456 2304 822 2360 honestiores
851 2303 1095 2359 trahunt
1124 2304 1455 2377 allegorias,
1490 2310 1552 2359 ut
1582 2307 1679 2376 qui
1712 2321 1781 2359 ex
1816 2303 1978 2358 Jovis
2008 2318 2101 2357 ca-

455 2394 575 2465 pite
622 2394 990 2464 prudentiam
1044 2393 1366 2465 prosiliisse
1410 2394 1687 2449 innuunt.
1740 2392 1905 2447 Certe
1955 2390 2102 2447 illud

455 2480 601 2536 mihi
631 2482 861 2536 videtur
876 2481 1501 2553 prohabilius,inventa
1528 2499 1658 2537 esse
1679 2478 2103 2536 contumeliosa

455 2568 579 2625 haec
603 2569 676 2625 ab
706 2569 992 2642 improbis
1020 2570 1490 2644 hominibus,qui
1524 2572 1804 2626 honorem
1836 2568 2102 2624 divinum

456 2657 851 2714 abstulerunt.

525 2764 847 2820 XlX.Porro
878 2767 1143 2822 omnium
1175 2767 1419 2822 deorum
1453 2782 1567 2822 non
1602 2765 1935 2820 invenimus
1966 2781 2101 2836 poe-

457 2853 632 2910 ticam
666 2853 999 2925 allegoriam
1033 2871 1162 2909 esse
1194 2860 1676 2926 consequentem.
1710 2854 1916 2909 Statim
1965 2870 2102 2924 ergo

458 2941 516 2996 in
549 2942 753 2996 mundi
786 2941 1168 3011 dispositione
1200 2949 1381 3014 poeta
1414 2943 1730 3015 aliquando
1763 2943 1965 2997 dicunt
1996 2959 2103 2996 na-

455 3031 673 3097 turam,
707 3028 1022 3100 aliquando
1074 3037 1327 3086 mentem
1360 3032 1569 3086 ducem
1601 3032 1893 3087 exstitisse
1924 3032 2103 3087 totius

458 3117 696 3189 Opiﬁcii.
729 3117 955 3173 Etenim
987 3134 1056 3173 ex
1087 3124 1297 3175 natura
1329 3120 1579 3192 primam
1611 3126 1799 3175 ortam
1831 3136 1958 3175 esse
1989 3118 2101 3174 ele-

458 3212 791 3261 mentorum
851 3208 1167 3262 motionem
1229 3225 1295 3264 ac
1355 3209 1848 3274 commistionem,
1890 3215 1950 3263 at
2001 3224 2103 3279 per

2206 619 2623 694 ἀπεκρυψάμην,
2660 620 2805 695 λέγω
2854 617 2911 675 δὲ
2957 619 3346 697 πατροφονίας,
3387 621 3765 683 τεκνοκτονίας
3798 624 3865 689 ⁸⁸,

2210 710 2380 783 μίξεις
2440 705 2648 771 ἀσεϐεῖς
2710 709 2986 785 μητέρων,
3043 710 3370 784 θυγατέρων,
3417 707 3691 787 ἀδελφῶν,
3750 732 3869 783 μοι·

2206 799 2361 874 χείας
2417 820 2477 853 τε
2524 802 2566 835 ⁴⁷
2612 798 2871 874 ἀπρεπεῖς
2931 799 3021 853 καὶ
3079 798 3460 875 ἀῤῥενομιξίας
3514 798 3603 853 καὶ
3668 802 3868 874 μιαράς

2207 887 2625 963 ἀῤῥητουργίας,
2657 888 2792 961 πρὸς
2835 886 3030 949 ἄλλαις
3087 887 3305 962 μυρίαις
3349 887 3628 949 τοιαύταις
3680 888 3866 959 ἀθεμί-

2206 998 2323 1038 τοις
2385 977 2586 1050 μίξεσιν
2640 980 2702 1013 ⁸⁸⁶
2747 978 2820 1030 ὧν
2879 971 3223 1031 ἀσεϐέστατοι
3280 978 3325 1013 ⁴⁹
3374 977 3427 1030 οἱ
3469 980 3638 1031 ταῦτα
3678 975 3864 1046 ἀληθῆ

2210 1062 2385 1121 δοκεῖν
2420 1066 2551 1120 εἶναι
2585 1064 2852 1132 θέλοντες,
2882 1064 2973 1119 ’ίνα
3000 1066 3068 1120 τά
3107 1065 3277 1137 ὅμοια
3320 1069 3600 1126 ποιοῦντες
3651 1066 3726 1137 μὴ
3778 1066 3866 1120 αἰ-

2211 1153 2407 1209 δῶνται
2439 1157 2502 1211 ⁵ο.
2536 1152 2705 1229 Οῖπερ
2748 1151 2856 1230 εἴγε
2904 1149 3139 1209 εὐσεϐεῖν
3192 1149 3511 1225 ἐϐούλοντο,
3547 1151 3718 1228 έχρῆν
3765 1152 3863 1208 αὐ-

2206 1244 2355 1311 τοὺς,
2390 1242 2521 1319 ὅπερ
2580 1243 2781 1319 ἀρτίως
2842 1242 3014 1312 εἷπον,
3048 1242 3091 1297 εἷ
3153 1242 3244 1297 καὶ
3303 1238 3474 1304 ὄντως
3530 1242 3583 1297 οἳ
3628 1241 3741 1297 θεοὶ
3796 1243 3868 1298 τά

2208 1332 2330 1407 περὶ
2388 1332 2563 1386 αὐτῶν
2623 1329 2859 1405 ᾀδόμενα
2917 1328 3267 1407 διεπράξαντο
3325 1332 3485 1402 κακά,
3515 1334 3653 1405 τιμῇ
3697 1334 3768 1404 τῇ
3818 1333 3861 1368 ⁸¹

2209 1422 2362 1477 168
2421 1421 2557 1495 πρὸς
2634 1420 2792 1482 θεοὺς
2870 1420 3316 1494 εὐπρεπεστέροις
3380 1420 3491 1474 τισὶ
3550 1418 3745 1493 μύθοις
3797 1422 3867 1474 τά

2210 1508 2413 1581 ἄσεμνα
2454 1512 2498 1545 ⁸³
2545 1507 2872 1579 έπισκέπειν,
2922 1509 3012 1563 καὶ
3065 1509 3142 1581 μή
3194 1507 3533 1577 τούναντίον,
3584 1508 3662 1570 ὥς
3708 1529 3862 1586 φατε,

2208 1597 2391 1653 καλῶν
2438 1596 2623 1659 αὐτοῖς
2684 1598 2928 1672 πράξεων
2980 1597 3361 1672 γεγενημένων
3400 1597 3541 1651 κακά
3590 1595 3682 1651 καὶ
3742 1593 3863 1651 ἄσε-

2212 1707 2315 1759 μνα
2360 1681 2713 1762 περιϐάλλειν
2760 1688 3043 1761 σχήματα,
3078 1687 3111 1739 ἅ
3137 1706 3256 1740 τινα
3303 1686 3390 1739 καὶ
3420 1687 3467 1723 ⁸³
3497 1682 3855 1759 ἀλληγορού-

2214 1795 2347 1846 μενα
2400 1774 2487 1829 καὶ
2548 1771 2637 1829 διά
2689 1774 2944 1845 καμάτων
3004 1773 3160 1849 μόγις
3202 1775 3467 1842 νοηθῆναι
3495 1770 3735 1827 δύναταν
3766 1772 3859 1828 καὶ

2210 1863 2334 1917 ὅταν
2387 1865 2563 1936 νοηθῇ
2621 1883 2783 1931 τισιν,
2841 1861 3066 1924 ἐκείνοις
3130 1862 3225 1934 μὶν
3286 1860 3399 1915 ἀντὶ
3469 1865 3567 1915 τοῦ
3642 1858 3859 1916 πολλοῦ

2213 1952 2423 2027 μόχθου
2472 1950 2744 2027 παρέσχον
2791 1952 2854 2005 τὸ
2908 1952 2983 2022 μὴ
3032 1948 3403 2020 πλανηθῆναι,
3438 1948 3552 2020 ἐξὸν
3600 1946 3657 2003 δὲ
3699 1950 3746 1986 ⁵⁸
3779 1951 3857 2023 μὴ

2215 2041 2514 2115 μοχθῆσαι,
2572 2040 2699 2101 τοὺς
2755 2036 2813 2093 δὲ
2870 2038 3233 2108 πλανηθέντας
3302 2035 3471 2114 ἄρδην
3549 2034 3862 2093 ἀπώλεσαν.

2211 2128 2363 2197 Πλὴν
2403 2128 2528 2189 τοὺς
2561 2128 2635 2190 εἷς
2666 2128 2728 2182 τὸ
2759 2126 3078 2201 σεμνότερον
3122 2125 3573 2203 ἀλληγοροῦντας
3620 2125 3783 2187 αὐτὰς
3815 2127 3863 2162 ⁸⁸

2211 2215 2580 2292 ἀποδέχομαι,
2613 2216 2792 2291 ὥσπερ
2829 2215 2957 2277 τοὺς
3003 2215 3062 2270 ἐκ
3110 2222 3210 2285 τῆς
3260 2215 3386 2277 Διὸς
3433 2214 3677 2293 κεφαλῆς
3725 2213 3865 2269 αἰνι-

2211 2306 2470 2379 ξαμένους
2504 2302 2843 2374 ἀναπηδῆσαι
2890 2306 2991 2373 τήν
3043 2303 3326 2382 φρόνησιν.
3358 2305 3516 2365 Ἴσως
3574 2300 3633 2357 δὲ
3688 2302 3864 2358 ἐκεῖνό

2216 2416 2307 2468 μοι
2356 2396 2744 2467 πιθανώτερον,
2777 2392 2859 2448 ὅτι
2909 2394 3012 2448 ὑπὸ
3058 2396 3102 2430 ⁸⁸
3156 2394 3455 2468 μοχθηρῶν
3508 2389 3737 2465 ἀνδρῶν,
3770 2388 3864 2447 δό-

2212 2485 2299 2554 ξαν
2353 2487 2483 2547 θεῶν
2533 2482 3001 2557 ἀπενεγκαμένων,
3035 2480 3228 2537 ἐκεῖναι
3280 2479 3663 2553 ἐτολμήθησαν
3720 2482 3763 2518 ⁵⁷
3808 2481 3866 2536 αἱ

2212 2567 2420 2647 ὕϐρεις.

2282 2771 2417 2822 XIX.
2454 2766 2730 2820 ’Δπάντων
2765 2762 2822 2820 δὲ
2849 2769 2958 2819 τῶν
3010 2767 3144 2819 θεῶν
3190 2764 3289 2832 τὴν
3339 2765 3634 2835 ποιητικὴν
3680 2760 3863 2832 ἀλλη-

2211 2854 2399 2930 γορίαν
2449 2853 2548 2908 οὐκ
2592 2852 2890 2916 ἀκόλουθον
2942 2853 3283 2928 εὑρίσκομεν.
3336 2851 3541 2907 Αὐτίκα
3589 2856 3720 2927 γοῦν
3773 2850 3864 2907 ἐπὶ

2211 2950 2311 3011 τῆς
2342 2939 2753 3015 διακοσμήσεως
2783 2946 2888 2995 τῶν
2941 2938 3087 2995 ὅλων
3137 2942 3270 2996 ποτέ
3313 2941 3405 3015 μὲν
3460 2940 3614 3019 φύσιν
3662 2939 3864 3016 λέγου-

2214 3052 2293 3085 σιν
2353 3030 2599 3099 ποιηταὶ,
2632 3030 2765 3086 ποτε
2824 3027 2882 3085 δὲ
2929 3034 3053 3084 νοῦν
3086 3030 3129 3066 ⁸⁸
3172 3029 3418 3106 ἀρχηγὸν
3472 3027 3711 3104 γενέσθαι
3759 3035 3865 3099 τῆς

2213 3119 2351 3191 ὅλης
2405 3117 2789 3195 δημιουργίας.
2839 3120 2933 3174 Ἐκ
2980 3117 3190 3197 φύσεως
3244 3119 3339 3191 μὲν
3386 3120 3490 3194 γὰρ
3547 3123 3653 3173 τῶν
3710 3139 3865 3173 στοι-

2212 3209 2381 3284 χείων
2417 3210 2517 3276 τὴν
2566 3210 2790 3283 πρώτην
2839 3208 3051 3277 κίνησιν
3097 3210 3185 3262 καὶ
3244 3204 3499 3280 σύμμιξιν
3558 3207 3865 3281 γεγονέναι,

459 3293 672 3349 mentis
705 3296 1124 3366 providentiam
1158 3297 1505 3368 dispositam
1540 3299 1740 3353 fuisse.
1765 3268 2097 3368 Et'quidem

2214 3298 2316 3352 ὑπὸ
2366 3294 2422 3351 δὲ
2463 3304 2562 3365 τῆς
2601 3302 2698 3351 τοῦ
2748 3301 2843 3351 νοῦ
2890 3295 3153 3370 προνοίας
3185 3293 3643 3369 διακεκοσμῆσθαι
3670 3299 3736 3354 ⁸9.
3765 3296 3865 3349 Καὶ

457 3380 566 3450 illi,
600 3382 963 3439 affirmantes
991 3384 1190 3439 orbem
1225 3403 1258 3440 a
1289 3390 1499 3441 natura
1530 3388 2008 3457 conditum,cum
2041 3385 2101 3441 id

460 3476 751 3540 nequeant
795 3478 951 3527 certo
1001 3474 1403 3530 demonstrare
1434 3480 1671 3547 pr0ptor
1718 3475 2098 3530 artificiosum

458 3559 664 3615 mundi
712 3576 881 3630 opus,
914 3560 1223 3617 innectunt
1270 3580 1504 3634 quoque
1534 3564 1749 3619 mentis
1799 3564 2101 3632 providen-

459 3648 623 3714 tiam,
660 3652 724 3702 ut
754 3656 810 3703 et
839 3666 937 3705 eos
966 3650 1067 3720 qui
1114 3652 1354 3706 omnino
1409 3652 1649 3722 sapiunt
1680 3653 1907 3723 possint
1949 3652 2101 3707 abri-

460 3752 612 3808 pere.
649 3737 763 3793 Nos
793 3743 987 3793 autem
1038 3740 1107 3792 ad
1152 3738 1285 3795 illos
1336 3739 1589 3795 dicimus
1624 3757 1636 3795 :
1668 3741 1727 3795 Si
1782 3741 2038 3794 mundus
2071 3757 2105 3794 a

464 3831 675 3880 natura
705 3825 940 3881 fortuito
974 3832 1252 3897 operante
1301 3827 1489 3882 factus
1520 3834 1627 3897 est,
1660 3829 1952 3899 quomodo
1976 3830 2103 3899 jam

460 3913 896 3985 preportionem
951 3930 1017 3968 ac
1049 3914 1313 3970 ordinem
1368 3916 1609 3987 accepit,
1643 3932 1775 3971 cum
1825 3917 1883 3971 id
1917 3934 1951 3972 a
1980 3916 2106 3972 sola

461 4000 779 4056 excellente
811 4001 1122 4073 prudentia
1138 4004 1260 4058 fieri
1291 4007 1667 4076 queat,atque
1689 4005 2105 4076 comprehendi

463 4106 498 4144 a
525 4089 651 4145 sola
680 4090 925 4145 scientia
956 4092 1074 4145 haec
1107 4108 1452 4162 pernoscere
1477 4110 1544 4148 ac
1563 4094 1835 4165 perficere
1850 4094 2106 4151 valente?

461 4177 623 4241 Quod
656 4177 702 4231 si
755 4177 1025 4233 universa
1057 4196 1090 4234 a
1122 4181 1434 4251 prudentia
1475 4187 1824 4254 acceperunt
1869 4200 2103 4256 compa-

460 4280 592 4338 gem
624 4271 681 4320 et
710 4264 1333 4339 dispositionem,quod
1367 4270 1691 4327 necessario
1722 4270 1892 4326 aliter
1919 4288 1981 4327 se
2012 4274 2107 4327 ha-

461 4354 596 4410 bere
618 4371 733 4409 non
768 4355 975 4425 potuit,
1013 4373 1129 4428 quo
1163 4364 1329 4429 pacto
1360 4360 1551 4415 adhuc
1579 4359 1859 4432 possibile
1889 4361 2019 4428 fuit,
2042 4367 2108 4417 ut

461 4442 580 4498 haec
611 4458 751 4498 casu
785 4443 907 4497 ﬁeri
939 4444 1353 4519 contingeret?

531 4547 759 4611 XX.Qui
789 4563 925 4620 ergo
955 4549 1196 4606 deorum
1228 4556 1394 4623 gesta
1426 4552 1783 4624 turpioribus
1812 4552 2105 4627 allegoriis

2211 3384 2619 3461 ἀποφηνάμενοι
2680 3384 2774 3455 μὲν
2835 3384 2884 3438 οἱ
2947 3384 3041 3456 μέν
3079 3384 3306 3460 ωφύσει
3362 3381 3865 3459 δεδημιουργῆσθαι

2208 3474 2272 3527 τὸ
2302 3478 2429 3537 πᾶν,
2452 3474 2528 3544 μή
2557 3472 2843 3538 δυνάμενοι
2878 3470 2934 3526 δὲ
2964 3474 3007 3509 σί
3038 3471 3426 3541 ἀνεπιλήπτως
3452 3476 3615 3527 τοῦτο
3649 3468 3869 3526 ἀποδει-

2209 3561 2395 3616 κνύναι
2442 3558 2531 3614 διά
2574 3561 2635 3615 τὸ
2682 3562 2781 3629 τῆς
2836 3558 3197 3637 δημιουργίας
3238 3558 3513 3635 ἔντεχνον,
3551 3558 3869 3636 παρεμπλέ-

2210 3670 2365 3704 κουσι
2395 3651 2548 3705 169
2580 3648 2669 3703 καὶ
2724 3652 2821 3702 τοῦ
2866 3652 2961 3701 νοῦ
3007 3649 3106 3716 τῆν
3166 3644 3445 3721 πρόνοιαν,
3482 3649 3557 3710 ὡς
3604 3646 3869 3723 συναρπά-

2213 3758 2298 3792 σαι
2348 3738 2438 3792 καῖ⁵
2485 3736 2610 3797 τοὺς
2660 3736 2796 3790 πάνυ
2850 3736 3050 3814 σοφοὺς
3106 3734 3409 3809 δυνάμενοι.
3441 3737 3631 3809 Ἡμεῖς
3682 3734 3741 3791 δέ
3770 3757 3868 3813 φα-

2216 3847 2310 3899 μεν
2358 3826 2492 3899 πρὸς
2552 3824 2766 3886 αὐτούς·
2813 3825 2878 3878 Εἴ
2939 3825 3033 3897 μὲν
3094 3824 3144 3895 ἐξ
3201 3824 3509 3898 αὐτομάτου
3568 3827 3777 3903 φύσεως
3834 3826 3865 3880 ὁ

2210 3915 2416 3989 κόσμος
2471 3916 2861 3989 γέγονεν,πῶς
2920 3911 2996 3968 ἔτι
3056 3912 3344 3989 ἀναλογίαν
3402 3913 3494 3968 καὶ
3532 3915 3676 3983 τάξιν
3709 3929 3865 3983 ειΛη-

2214 4025 2330 4082 φεν,
2374 4004 2508 4079 ἅπερ
2542 4002 2645 4057 ὑπὸ
2698 4002 2866 4076 μόνης
2914 3998 3367 4079 ὑπερϐαλλούσης
3415 4008 3731 4080 φρονήσεως
3780 4022 3869 4078 γε·

2212 4093 2391 4147 νέσθαι
2443 4088 2665 4146 δυνατόν
2714 4090 2844 4159 ἐστι,
2876 4091 2965 4146 καὶ
3015 4089 3434 4169 καταληφθῆναι
3483 4090 3586 4146 ὐπὸ
3642 4089 3869 4161 ἐπιστή-

2218 4202 2325 4254 μης
2370 4188 2469 4250 τῆς
2525 4180 2697 4253 μόνης
2756 4184 2923 4235 ταῦτα
2980 4174 3240 4256 ἀκριϐοῦν
3301 4178 3649 4254 δυναμένης;
3699 4178 3762 4235 Et
3810 4176 3871 4235 δὲ

2214 4270 2470 4347 φρονήσει
2526 4270 2593 4323 τά
2639 4268 2813 4324 πάντα
2866 4270 2965 4338 τὴν
3018 4268 3309 4344 σύγκρασιν
3359 4268 3449 4324 καὶ
3505 4265 3865 4341 διακόσμησιν

2215 4356 2461 4436 ειληφεν,
2493 4356 2625 4430 ὅπερ
2681 4356 2889 4432 ἀνάγκη
2944 4358 3019 4431 μή
3070 4356 3261 4420 ἄλλως
3309 4355 3482 4433 ἔχειν,
3521 4361 3641 4420 πῶς
3684 4355 3761 4412 ἔτι
3811 4356 3872 4411 ἐκ

2210 4451 2310 4502 τοῦ
2340 4445 2650 4520 αὐτομάτου
2684 4440 2958 4519 συμϐῆναι
2989 4449 3155 4500 ταῦτα
3207 4445 3443 4521 γενέσθαι
3503 4443 3725 4502 δυνατὸν
3780 4448 3867 4515 ἦν.

2286 4555 2395 4610 XX.
2431 4554 2493 4607 Οἱ
2522 4552 2700 4609 τοίνυν
2732 4553 2798 4608 τά
2848 4558 2965 4617 θεῖα
3014 4552 3101 4606 ἐπὶ
3148 4551 3212 4606 τὸ
3266 4551 3496 4628 αἰσχρὸν
3544 4551 3865 4629 ἀλληγορῆ-

460 4634 768 4690 voluerunt
795 4636 1104 4707 explicare,
1138 4638 1318 4705 velut,
1352 4639 1530 4695 Metin
1565 4656 1598 4695 a
1626 4640 1766 4695 Jove
1799 4640 1978 4696 fuisse
2009 4643 2101 4698 ah-

2214 4662 2299 4697 σαι
2352 4644 2399 4678 ⁶²
2448 4640 2794 4713 θελήσαντες,
2824 4643 2936 4696 οἷον
2973 4642 3069 4709 τῆν
3120 4647 3293 4709 Μῆτιν
3342 4642 3712 4710 καταποθῆναι
3764 4641 3868 4695 ὑπὸ

459 4726 741 4793 sorptam,
775 4722 814 4777 ii
846 4723 904 4779 in
951 4724 1256 4797 angustias
1304 4726 1658 4793 inciderunt,
1691 4728 1880 4800 ignari
1926 4733 2103 4801 quod,

458 4812 556 4881 qui
586 4812 657 4867 de
686 4812 800 4868 diis
829 4829 898 4868 ex
931 4813 1164 4884 obliquo
1197 4814 1470 4887 physicas
1525 4818 1894 4887 protulerunt
1925 4818 2105 4874 inter-

459 4900 838 4972 pretationes,
871 4903 1115 4958 deorum
1143 4919 1374 4975 quoque
1427 4905 1688 4976 ipsorum
1737 4906 2105 4963 existentiam

2215 4730 2361 4795 Διὸς,
2395 4728 2473 4791 είς
2533 4730 2763 4803 ἀπορίαν
2818 4729 3260 4803 ἐμπεπτώκασιν,
3318 4729 3378 4783 οὐ
3439 4731 3727 4801 συνιέντες,
3784 4728 3869 4784 ὅτι

2214 4819 2267 4873 οἱ
2296 4816 2549 4891 πλαγίως
2581 4818 3072 4894 φυσιολογήσαντες
3123 4817 3247 4893 περὶ
3300 4821 3433 4872 θεῶν
3483 4817 3576 4873 καὶ
3631 4818 3694 4874 τὸ
3734 4818 3869 4873 εἶναι

2214 4904 2369 4966 θεοὺς
2424 4905 2875 4979 ἀνῃρήκασιν,τά
2905 4903 3021 4975 εἴδη
3082 4907 3255 4962 αὐτῶν
3320 4904 3410 4961 διὰ
3457 4908 3560 4975 τῆς
3616 4905 3866 4982 ἀλληγο-

1809 5030 2051 5088 VARIE
2090 5032 2499 5092 LECTIONES.

528 5122 783 5204 ‘°_textov
816 5122 944 5196 (sic)
971 5123 1346 5187 τεκνοκτονίας
1377 5128 1442 5196 0,
1477 5126 1670 5201 priore
1697 5144 1835 5186 voce
1876 5130 2207 5197 subnotata,
2286 5131 2330 5167 ⁵⁷
2376 5150 2435 5185 τε
2492 5131 2713 5189 inserui
2770 5148 2823 5188 ο.
2880 5131 2946 5188 Ο.
2992 5135 3138 5186 Tum
3186 5128 3559 5206 ἀῤῥενομίξεις
3588 5133 3647 5186 C.
3726 5130 3770 5168 ιθ
3803 5134 3868 5187 D.

530 5208 609 5251 1)].
669 5194 937 5251 πράξεσιν.
1016 5198 1060 5232 ⁸9
1116 5190 1455 5251 ἀσεϐέστεοοι
1512 5202 1572 5251 C.
1648 5200 1694 5235 ⁸ο
1752 5201 1837 5251 Ita
1891 5201 1935 5251 Ο
1992 5218 2040 5251 c-
2101 5207 2157 5251 Β-
2190 5197 2552 5251 αἰδοῦνταιϐ-
2629 5203 2805 5251 uti:
2836 5204 2900 5251 Ο-
2976 5203 3022 5237 ⁸³
3059 5203 3132 5251 us}.
3168 5201 3333 5251 σευ.νά
3362 5204 3424 5251 C-
3501 5204 3547 5241 ⁸³
3580 5200 3864 5251 ὄννίιιατα-

457 5197 609 5278 conj.
669 5197 937 5266 πράξεσιν.
1016 5198 1060 5232 ⁸³
1116 5197 1572 5280 ἀσεϐέστεροιἝλ
1648 5200 1694 5235 ⁸ο
1752 5201 1837 5257 Ita
1891 5201 1935 5259 0
1992 5218 2040 5257 c.
2101 5207 2157 5272 S,
2190 5197 2461 5257 αἰδοῦνται
2493 5206 2552 5258 C.
2629 5203 2673 5239 ⁵¹
2705 5207 2805 5270 τῆς
2836 5204 2900 5259 Ο.
2976 5203 3022 5237 ⁸³
3058 5203 3133 5273 μή
3168 5197 3333 5274 σε’μίνά
3362 5197 3424 5260 0.
3461 5197 3547 5241 "3
3580 5200 3865 5277 ὀχήματα,

459 5263 783 5380 inﬁmo}
806 5267 1118 5380 «iam?
1144 5270 1370 5380 1.3m.”
1418 5275 1576 5377 {fcie
1632 5272 1898 5380 993°“?
1928 5344 1937 5359 ν
1972 5273 2020 5380 ἕ
2050 5269 2279 5380 δέωίῖωὶ
2324 5278 2399 5380 θ’
2427 5275 2533 5380 ἕθδ
2572 5272 3176 5380 P'”bei~°“l"9q"8"s
3203 5275 3500 5380 ἐξήῖιᾳυτῗά
3541 5290 3657 5380 me”
3689 5273 3869 5380 δεδιλξδ

460 5339 619 5388 textu
651 5335 732 5417 Ci.
770 5335 925 5417 idem
956 5335 1034 5410 ’μή
1064 5339 1123 5394 in
1147 5335 1340 5413 marg.
1418 5342 1462 5377 ⁸⁵
1490 5340 1684 5417 αὐτούς
1715 5335 1776 5413 (Ξ,
1810 5341 1944 5417 αὐτά
1972 5344 2032 5401 8.
2107 5346 2151 5380 ⁸⁵
2178 5344 2279 5400 ὑπό
2322 5335 2397 5415 8,’
2427 5335 2595 5417 deest
2622 5362 2713 5417 ap.
2736 5416 2743 5417 ί
2766 5345 2807 5400 G
2849 5348 2933 5417 et_
2953 5335 3025 5398 in'
3062 5345 3126 5399 Ο.

3290 5342 3379 5402 Ita
3412 5346 3457 5403 0
3505 5362 3555 5402 0.
3605 5346 3664 5413 S,
3710 5342 3868 5399 ἐτόλ-

470 5424 643 5493 μῃσαν
678 5407 970 5493 C'Aliam;
1006 5407 1688 5493 praeterea'nemendandi
1746 5407 2028 5493 rationem
2086 5407 2377 5493 proponit,
2400 5416 2613 5493 D,‘qui_
2635 5407 2809 5473 scribi
2842 5412 2965 5493 vult
2998 5415 3298 5493 μοχθηρῶν
3331 5413 3540 5493 ἀνδρῶν
3564 5407 3871 5493 ς-ςέκεῖνςιὶ

462 5475 668 5546 τόλμαι
728 5476 859 5543 ἦσαν
917 5479 974 5533 αἱ
1006 5475 1236 5556 Ὄϐρεις,
1312 5484 1355 5519 ⁸⁸
1394 5483 1453 5539 S.
1484 5485 1699 5541 Notum
1751 5495 1839 5543 est
1864 5475 2213 5568 Anasag-ora;
2268 5489 2438 5569 πάντα
2453 5475 2797 5561 ’,διεκόσμησε
2828 5488 2951 5545 νοῦς
2984 5475 3319 5611 ἁξίῖἶὼρὶ.
3354 5475 3523 5561 ΡΙίῃδ.
3556 5488 3658 5545 fol.
3688 5488 3759 5543 33
3809 5489 3865 5543 b.

462 5546 828 5611 Schaubach,
887 5556 1067 5606 Anax.
1126 5556 1328 5611 fragm.
1388 5557 1463 5611 fr.
1527 5557 1655 5611 VIII.
1715 5557 1795 5611 De
1848 5562 2056 5611 Stoncis
2113 5559 2214 5611 cfr.
2251 5559 2412 5611 Βιοα.
2450 5567 2636 5611 Laert.
2672 5558 2795 5611 VII.
2829 5557 2950 5611 134.
2988 5558 3011 5611 1
3055 5558 3107 5610 7.
3184 5559 3229 5593 ⁸⁸
3261 5560 3346 5611 lta
3374 5560 3418 5611 Ο
3448 5578 3501 5611 e.
3527 5561 3581 5611 S-
3617 5555 3865 5611 διακεκο-

461 5546 828 5630 Sch_aubach,
887 5556 1067 5630 apage.
1102 5546 1328 5630 'fragm.
1386 5557 1463 5625 fr.
1509 5557 1655 5630 _VIlI,
1678 5625 1688 5630 _
1715 5557 1795 5613 De
1847 5546 2097 5630 §toicisv
2113 5559 2222 5630 ct‘r,
2251 5559 2412 5630 Diog.
2450 5546 2795 5630 Laert.'Vll,
2829 5557 2950 5630 134_,
2988 5558 3011 5611 1

460 5618 945 5709 ageiitlatlp.’“‘°
996 5618 1409 5709 ἀποῇηνᾶμενος
1468 5625 1564 5699 μὶν
1622 5618 1776 5706 φύσει
1834 5627 1899 5685 Ο.
1934 5630 2081 5687 Tum
2141 5618 2638 5704 δεδημιόἶδργῆσθαι
2670 5632 2729 5705 S,
2761 5618 2826 5702 0,
2860 5618 2985 5697 δεδη
3001 5633 3369 5704 μιουργεῖσθαι
3401 5631 3463 5689 C.

467 5686 559 5763 μὲν
595 5689 654 5747 ο.
731 5690 777 5725 ει
808 5686 1097 5767 ἀλληγορῆ
1119 5686 1191 5749 '0'.

3184 5555 3346 5615 “‘lta
3374 5560 3418 5618 0
3441 5555 3501 5617 ve.
3527 5561 3582 5628 S,
3617 5555 3867 5612 διακεκοο

3184 5633 3369 5687 τεῖσθαι
3401 5631 3463 5687 C.
3538 5633 3583 5671 ⁰¹
3617 5628 3675 5685 δέ
3705 5631 3765 5687 S.
3799 5640 3864 5687 υ.

3653 5664 3765 5695 ὁυ,
3799 5664 3864 5701 υ,
