4114 6338
489 379 605 438 2Ιὸ

1322 377 1383 435 S.
1436 376 1874 437 CLI‘JMENTIS
1926 378 1939 433 Ι
1996 374 2152 431 BHM
2229 370 2458 428 PONT.
2508 371 2763 429 OPHtA
2813 370 3072 430 DUBlA.

3783 374 3906 433 216

488 507 869 581 temporalem
901 506 959 562 in
992 508 1147 580 turpi
1184 507 1488 581 complexu
1542 506 1762 579 pictum
1795 506 1889 579 (de
1919 504 2017 561 illo
2052 506 2131 559 fa-

2259 499 2542 575 γράψαντες
2590 498 2677 554 ἐπὶ
2718 498 2949 576 αἰσχρᾶς
2999 497 3237 571 πλοκῆς,
3271 497 3451 578 ὥσπερ
3500 499 3586 556 ἐπὶ
3636 505 3733 557 τοῦ
3775 503 3906 565 Διὸς

492 600 707 653 cientes
738 599 890 669 quod
927 599 995 653 de
1021 598 1162 653 Jove
1196 598 1382 653 facere
1419 598 1656 668 audent)
1692 597 1880 666 palam
1931 612 2138 667 propo-

494 693 715 752 nerent,
752 704 865 759 quo
897 686 982 741 vel
1012 688 1083 741 ab
1117 688 1201 741 ira
1245 687 1586 758 temporarii
1637 684 2026 757 imperatoris,
2053 684 2140 737 id-

496 794 606 848 que
664 776 939 843 hominis,
1000 777 1294 831 discerent
1350 792 1451 847 per
1507 792 1682 830 suum
1758 774 2135 845 supplicium,

496 866 993 935 quemadmodum
1027 869 1290 936 oporteat
1319 864 1758 919 convenientem
1793 864 2017 918 deterre
2044 863 2141 917 ho-

496 972 718 1009 norem.
782 959 898 1009 Ista
955 960 1150 1008 autem
1210 954 1314 1007 tibi
1373 954 1579 1022 refero,
1613 970 1726 1008 non
1789 952 1959 1023 quasi
2017 952 2141 1023 ipse

487 1046 614 1114 jam
647 1059 992 1115 cognoscam
1021 1060 1176 1109 eum,
1211 1042 1309 1113 qui
1342 1058 1471 1096 vere
1504 1046 1591 1096 est
1623 1047 1794 1105 Deus,
1830 1042 1927 1096 sed
1979 1057 2143 1112 aequo

494 1134 690 1187 animo
723 1134 1016 1203 profiteor,
1051 1132 1204 1201 quod
1240 1131 1371 1185 licet
1403 1147 1518 1185 non
1564 1131 1822 1185 noverim
1875 1130 2016 1203 quid
2069 1130 2144 1183 sit

500 1229 667 1287 Ueus,
701 1228 955 1275 attamen
1018 1221 1171 1293 quod
1228 1220 1303 1275 sit
1361 1219 1514 1275 Deus
1562 1219 1715 1273 clare
1763 1218 1908 1273 mihi
1950 1220 2146 1273 videor

493 1310 574 1365 sci
586 1327 663 1364 re.

564 1398 756 1452 XXIV.
793 1396 1083 1467 Principio
1117 1397 1314 1469 itaque
1356 1400 1608 1468 quatuor
1634 1396 1824 1468 prima
1856 1394 2146 1451 elementa

496 1504 609 1542 non
644 1491 894 1558 possunt
922 1502 1051 1541 esse
1084 1486 1259 1551 Deus,
1294 1502 1423 1558 quae
1467 1486 1538 1541 ab
1588 1484 1701 1539 alio
1759 1486 1910 1539 facta
1959 1489 2097 1539 sunt
2129 1501 2141 1538 :

498 1592 609 1630 non
667 1576 935 1639 mistura,
972 1590 1086 1629 non
1135 1575 1471 1645 temperies,
1507 1590 1622 1628 non
1672 1572 1994 1645 generatio,
2029 1589 2140 1627 non

500 1661 691 1717 omnis
723 1661 843 1717 hazc
875 1678 1000 1732 qum
1032 1661 1218 1716 ambit
1246 1660 1495 1717 visibilis
1529 1660 1733 1726 moles,
1772 1677 1959 1733 neque
1991 1661 2146 1733 quod

501 1750 572 1805 ad
608 1750 822 1805 inferos
844 1750 1123 1804 confluxit
1145 1750 1539 1805 sedimentum
1567 1768 1580 1818 ;
1616 1767 1729 1805 non
1753 1755 2146 1821 supernatans

501 1857 672 1910 aqua,
713 1856 824 1893 non
861 1839 1078 1893 fervida
1108 1839 1461 1908 substantia,
1494 1855 1609 1893 non
1662 1856 1759 1892 aer
1807 1839 1907 1909 qui
1960 1839 2031 1893 ab
2083 1854 2149 1892 ea
2183 1873 2225 1935 Β

508 1929 808 1998 hucusque
865 1928 1247 1998 protenditur.
1296 1927 1441 1981 Nam
1475 1934 1725 1998 quatuor
1753 1926 2063 1993 elementa,
2098 1926 2144 1981 si

506 2034 539 2071 a
565 2034 625 2071 se
655 2016 899 2071 invicem
932 2021 1199 2086 separata
1223 2016 1478 2082 fuerunt,
1516 2032 1629 2070 non
1664 2020 1978 2087 potuerunt
2008 2016 2146 2069 abs-

505 2122 616 2177 que
649 2122 859 2176 magno
892 2104 1112 2159 artiﬁce
1135 2110 1327 2159 mente
1350 2106 1419 2159 ad
1443 2105 1692 2159 aninalis
1711 2105 2144 2176 generationem

506 2194 733 2249 misceri
768 2194 855 2247 sin
889 2210 1020 2248 vero
1052 2210 1283 2265 semper
1316 2199 1518 2248 mutuo
1553 2195 1786 2248 fuerunt
1813 2195 2145 2263 conjuncta,

502 2282 585 2337 sic
616 2298 846 2353 quoque
878 2282 949 2335 ab
982 2281 1199 2335 artiﬁce
1226 2287 1415 2336 mente
1439 2282 1509 2335 ad
1536 2282 1947 2353 proprietatem
1972 2297 2150 2335 mem-

500 2371 739 2426 brorum
771 2376 827 2425 et
859 2370 1111 2441 partium
1144 2370 1418 2425 animalis
1451 2371 1826 2441 adaptantur.
1860 2387 1974 2441 quo
2010 2387 2145 2441 pos-

498 2459 618 2515 sint
642 2460 1016 2531 singulorum
1046 2461 1115 2515 ad
1150 2459 1384 2532 singula
1423 2476 1653 2515 servare
1686 2458 2146 2531 proportionem,

500 2554 558 2604 et
588 2548 994 2603 habitudinem
1030 2552 1183 2603 recte
1224 2550 1647 2603 cont'ormatam
1698 2548 2019 2613 obtineant,
2054 2553 2148 2603 ut-

505 2652 619 2707 que
651 2636 927 2691 interiora
954 2637 1149 2692 omnia
1180 2638 1617 2692 convenientem
1649 2637 1939 2708 accipiant
1969 2637 2149 2692 cohae-

509 2725 777 2781 rentiam.
811 2725 1086 2781 Similiter
1120 2732 1177 2781 et
1225 2726 1693 2797 uniuscujusque
1744 2727 1977 2797 propria
2027 2725 2149 2781 loca

511 2831 645 2869 cum
678 2813 837 2868 omni
867 2814 1156 2886 elegantia
1208 2830 1371 2869 mens
1421 2815 1627 2869 artifex
1672 2814 1948 2885 disponit.
1983 2814 2150 2869 Com-

513 2902 726 2975 pondio
756 2904 984 2957 dicam:
1034 2909 1089 2958 et
1141 2903 1200 2958 in
1245 2902 1520 2958 omnibus
1569 2902 1719 2970 aliis,
1754 2920 1883 2974 quae
1932 2903 2151 2959 animal

514 2993 725 3048 habere
755 2993 943 3062 debet,
969 2991 1116 3046 nihil
1139 2993 1301 3047 deest
1318 3009 1528 3064 magno
1547 2992 1682 3049 huic
1706 2992 1946 3047 animali
1970 2992 2151 3048 totius

509 3081 693 3137 orbis.

573 3170 728 3224 XXV.
782 3174 867 3224 Ita
925 3170 1254 3225 necessario
1312 3168 1557 3241 intelligi
1616 3169 1787 3224 debet
1834 3169 2147 3241 quemdam

503 3274 631 3313 esse
653 3258 977 3329 ingenitum
1011 3260 1323 3326 artiﬁcem,
1357 3260 1454 3329 qui
1489 3258 1775 3313 elementa
1804 3260 1889 3313 vel
1922 3258 2145 3313 distan-
2179 3236 2220 3301 C

502 3345 586 3400 tia
630 3347 1015 3416 conjunxerit,
1049 3347 1135 3401 vel
1186 3346 1492 3418 prmsentia
1542 3352 1746 3402 mutuo
1797 3347 1867 3401 ad
1927 3347 2144 3401 animal

500 3435 941 3506 producendum
973 3437 1192 3490 atl‘ahre
1226 3436 1546 3503 miscuerit,
1568 3452 1869 3507 unumque
1894 3436 2146 3507 perfece-

502 3524 578 3577 rit
608 3541 677 3577 cx
707 3524 930 3578 cunctis
963 3541 1129 3595 Opus.
1167 3526 1314 3579 Fieri
1352 3526 1507 3579 enim
1542 3541 1654 3579 non
1691 3529 1899 3595 potest,
1928 3530 1991 3579 ut
2013 3526 2147 3579 abs-

502 3629 615 3684 que
649 3613 857 3682 majori
904 3615 1156 3683 quadam
1211 3619 1402 3668 mente
1447 3614 1948 3685 sapientissimum
1999 3630 2145 3684 opus

502 3700 858 3755 absolvatur.
891 3700 1000 3753 Sed
1050 3717 1152 3753 nec
1184 3718 1349 3754 amor
1377 3717 1504 3755 esse
1548 3704 1740 3771 potest
1797 3703 2141 3754 cunctorum

499 3790 732 3859 opifex;
795 3805 910 3842 non
964 3788 1277 3859 cupiditas,
1316 3805 1427 3842 non
1477 3788 1584 3852 vis,
1617 3805 1732 3843 non
1791 3787 1930 3858 quid
1982 3786 2139 3841 aliud

500 3876 830 3948 ejusmodi;
889 3894 1017 3948 qua:
1076 3876 1294 3943 omnia,
1330 3877 1489 3931 casui
1544 3877 1809 3943 obnoxia,
1844 3876 2037 3931 venire
2087 3880 2145 3930 et

498 3965 659 4020 abire
687 3964 897 4021 solent.
932 3965 1130 4036 Neque
1166 3966 1343 4020 etiam
1390 3965 1544 4035 quod
1596 3966 1668 4021 ab
1719 3964 1833 4019 alio
1881 3969 2146 4019 movetur

499 4052 654 4108 Deus
682 4059 788 4120 est,
824 4069 1013 4123 neque
1044 4053 1197 4123 quod
1231 4070 1264 4107 ιι
1294 4056 1554 4123 tempore
1587 4056 1687 4106 aut
1718 4056 1927 4107 natura
1958 4056 2146 4106 muta-

498 4145 597 4196 tur
628 4159 691 4195 ac
724 4142 780 4195 in
817 4140 1065 4196 nihilum
1100 4140 1428 4196 resolvitur.

570 4247 761 4302 XXVI.
796 4250 930 4313 Quae
980 4264 1114 4302 cum
1175 4249 1246 4303 ad
1302 4248 1622 4319 Appionem
1679 4247 2079 4319 proloquerer,
2112 4264 2142 4303 e

497 4338 757 4392 Caesarea
788 4337 1022 4391 advenit
1052 4340 1277 4406 Petrus,
1302 4341 1357 4391 et
1388 4352 1711 4392 concursus
1742 4335 2141 4392 multitudinis

499 4424 556 4478 in
590 4425 740 4495 Ter
775 4425 905 4479 facti
940 4430 1098 4492 sunt,
1132 4424 1463 4479 festinantis
1500 4423 1613 4496 ipsi
1661 4440 1961 4481 occurrere
2009 4441 2141 4497 gra-

500 4514 761 4584 tiamque
791 4515 1074 4568 adventus
1106 4512 1384 4585 proﬁteri.
1417 4514 1489 4568 Et
1517 4512 1743 4585 Appion
1785 4514 2022 4586 quidem
2055 4532 2143 4571 se-

2246 587 2615 661 τετολμήκασι
2646 592 2892 658 ποιῆσαι,
2946 588 3088 643 οὕτω
3129 592 3451 660 ποιήσαντες
3500 591 3748 645 ἀνέθεσαν
3798 589 3907 662 δη-

2255 676 2435 749 μοσίᾳ,
2461 675 2553 731 ’ίνα
2582 677 2677 732 κᾶν
2711 678 2815 733 ἀπὸ
2846 684 2947 746 τῆς
2996 678 3167 752 ὀργῆς
3212 677 3309 733 τοῦ
3358 680 3689 754 προσκαίρου
3745 681 3903 755 βασι-

2251 765 2413 838 λέως,
2444 764 2536 821 καί
2580 772 2747 822 ταῦτα
2788 768 3076 840 ἀνθρώπου
3126 762 3299 839 ὄντος,
3342 769 3553 841 μάθωσι
3606 768 3902 824 κολασθέν-

2250 877 2359 927 τες,
2392 856 2467 918 ὡς
2508 854 2589 910 δεῖ
2642 857 2740 925 τήν
2795 853 3015 910 δέουσαν
3071 858 3353 930 ἀπονέμειν
3404 860 3593 930 τιμήν.
3624 863 3799 912 Ταῦτα
3846 856 3908 913 δέ

2253 965 2337 999 σοι
2396 944 2561 1020 λέγω,
2596 944 2702 1020 οὐχ
2759 944 2833 1006 ὡς
2891 944 3051 1007 αὐτὸς
3100 942 3207 1016 ἤδη
3271 944 3522 1021 ἐπιγνοὺς
3577 947 3666 1001 τὸν
3726 942 3903 1009 ὅντως

2253 1033 2380 1087 Θεὸν
2427 1032 2650 1105 ⁷¹,,ἆλλ’
2702 1032 3067 1108 εὐγνωμονῶν
3128 1032 3409 1110 ὁμολογῶ,
3445 1035 3490 1091 εἷ
3538 1035 3627 1090 καὶ
3673 1036 3725 1089 τί
3772 1037 3908 1097 Θεὸς

2254 1121 2353 1175 οὐκ
2399 1119 2537 1193 οἶδα,
2571 1120 2694 1177 ἀλλ’
2726 1121 2815 1176 οὖν
2864 1144 2925 1198 γε
2974 1128 3155 1200 σαφῶς
3210 1122 3290 1178 ὅτι
3339 1126 3467 1186 Θεὸς
3499 1127 3544 1161 ⁷²
3572 1124 3784 1198 νομίζω
3828 1124 3908 1181 εἱ·-

2254 1208 2421 1266 δέναι.

2328 1390 2509 1446 Χχιν.
2570 1386 2774 1444 Αὐτίκα
2822 1392 2949 1464 γοῦν
3006 1391 3073 1444 τὰ
3127 1394 3315 1466 πρῶτα
3370 1390 3601 1467 τέσσαρα
3655 1396 3913 1467 στοιχεῖα

2255 1476 2383 1538 Θεὸς
2414 1477 2542 1531 εἶναι
2575 1476 2640 1531 οὐ
2674 1474 2888 1532 δύναται
2917 1480 2984 1547 ⁷³,
3016 1479 3084 1532 τὰ
3130 1478 3234 1533 ὑπὸ
3275 1477 3449 1534 ἄλλου
3478 1478 3759 1554 γενόμενα⁸
3795 1479 3911 1556 οὐχ

2256 1568 2290 1635 ἡ
2327 1563 2616 1641 μίξις,οἷ›χ
2645 1568 2679 1636 ἡ
2702 1572 2910 1641 κρᾶσις,
2927 1565 3083 1642 οὖχὴ
3108 1568 3333 1641 γένεσις,
3350 1567 3413 1621 οὐ
3431 1569 3494 1623 τὸ
3519 1574 3621 1623 πᾶν
3647 1568 3907 1645 περιέχον

2257 1653 2451 1731 ὁρατὸν
2482 1653 2667 1717 κύτος⁹
2703 1652 2816 1709 οὐδ’
2838 1657 2873 1724 ἡ
2906 1654 2957 1710 ἐν
2990 1660 3069 1727 τῷ
3099 1653 3199 1729 ᾄδῃ
3230 1656 3527 1731 συρῥέουσα
3559 1658 3906 1729 ὑποστάθμηο

2258 1743 2319 1797 οὗ
2368 1744 2428 1798 τὸ
2477 1742 2805 1813 ἐπιπολάζον
2864 1741 3031 1820 ὕδωρ*
3066 1744 3174 1820 οὐχ
3203 1747 3237 1814 ἡ
3284 1744 3473 1814 ζέουσα
3529 1746 3702 1801 οὐσία·
3736 1746 3848 1823 οὐχ
3881 1746 3912 1801 ὀ

2259 1831 2309 1902 ἐξ
2340 1832 2506 1901 αὐτῆς
2538 1833 2701 1908 μέχρι
2740 1837 2847 1887 τῶν
2898 1833 3123 1888 ἐνταῦθα
3173 1831 3376 1904 διήκων
3427 1834 3556 1907 ἀήρ.
3587 1837 3662 1890 Τά
3704 1857 3762 1890 τε
3802 1837 3911 1912 γὰρ

2256 1927 2501 1997 στοιχεῖα
2530 1922 2775 1997 τέσσαρα,
2809 1920 2915 1976 εἶ’τε
2970 1920 3235 1993 ἀλλήλων
3289 1920 3613 1993 διεστάλκει,
3647 1924 3769 1979 ἄνευ
3816 1946 3910 1980 τι-

2254 2010 2343 2071 νὸς
2382 2010 2622 2085 μεγάλου
2651 2010 2903 2086 τεχνίτου
2940 2018 3162 2086 μιγῆναι
3195 2013 3330 2085 πρὸς
3366 2014 3507 2081 ζώου
3552 2012 3758 2087 γένεσιν
3808 2013 3913 2069 οὐκ

2257 2096 2498 2170 ἐδύνατο,
2534 2103 2684 2157 I72
2718 2097 2824 2154 εἴτε
2866 2100 2943 2153 ἀεὶ
2997 2098 3269 2170 ἀλλήλοις
3318 2108 3553 2170 συνῆπτε
3580 2105 3645 2173 ⁷⁸,
3678 2101 3765 2156 καὶ
3815 2102 3912 2156 οὕ·-

2253 2209 2361 2248 τως
2394 2189 2495 2242 ὑπὸ
2524 2187 2774 2263 τεχνίτου
2804 2193 2900 2242 νοῦ
2929 2189 3064 2264 πρὸς
3102 2189 3165 2243 τὸ
3214 2188 3412 2244 οἰκεῖον
3457 2195 3566 2244 τῶν
3613 2195 3710 2244 τοῦ
3762 2192 3910 2260 ζώου

2260 2275 2441 2347 μελῶν
2491 2277 2580 2330 καὶ
2644 2282 2820 2353 μερῶν
2882 2277 3295 2350 συναρμόζεται,
3349 2276 3441 2332 ’ἱνα
3507 2280 3607 2348 τὴν
3681 2279 3913 2335 ἑκάστου

2255 2365 2389 2439 πρὸς
2434 2361 2655 2419 ’ἑκαστον
2704 2364 2991 2441 ἀναλογίαν
3038 2365 3339 2436 ἀποσώζειν
3387 2364 3624 2440 δύνηται,
3665 2368 3756 2422 καὶ
3801 2371 3908 2438 τὴν

2254 2450 2361 2523 ’ἐξιν
2422 2454 2814 2532 εὐπερίγραφον
2865 2453 2987 2530 ἔχῃ,
3045 2456 3135 2509 καὶ
3189 2456 3254 2509 τὰ
3302 2453 3510 2519 ἔνδοθεν
3573 2458 3746 2513 πάντα
3801 2459 3908 2527 τὴν

2257 2544 2634 2617 προσήκουσαν
2695 2542 2957 2618 ἁρμονίαν
3022 2538 3291 2618 λαμϐάνῃ·
3361 2544 3568 2617 ὁμοίως
3616 2566 3675 2599 τε
3721 2548 3766 2582 ⁷⁸
3813 2551 3911 2601 καί

2256 2630 2381 2692 τοὺς
2434 2630 2667 2693 οἰκείους
2716 2631 2914 2693 τόπους
2963 2630 3186 2686 ἑκάστου
3235 2633 3368 2705 μετὰ
3398 2635 3573 2704 πάσης
3606 2633 3911 2713 εὐμορφίας

2259 2720 2287 2773 ὁ
2317 2720 2573 2795 τεχνίτης
2603 2724 2727 2782 νοῦς
2761 2718 2998 2797 ἀκριϐοῖ.
3036 2720 3287 2777 Συνελὼν
3316 2722 3440 2795 ἐρῶ·
3472 2722 3561 2777 καὶ
3620 2724 3684 2777 τὰ
3739 2722 3911 2795 ἄλλα,

2259 2806 2356 2862 ὅσα
2386 2809 2517 2863 ποτε
2546 2813 2680 2877 ζῶον
2715 2806 2796 2863 δεῖ
2842 2806 3011 2885 ἔχειν,
3044 2806 3195 2863 οὐδὲν
3244 2809 3455 2866 ἐνέλιπε
3484 2814 3528 2848 ⁷⁸
3552 2810 3630 2884 τῷ
3678 2810 3913 2886 μεγάλῳ

2257 2896 2437 2969 τούτῳ
2472 2899 2596 2971 ζώῳ
2625 2904 2723 2967 τῆς
2755 2896 2893 2969 ὅλης
2923 2905 3242 2977 περιφορᾶς.

2331 3165 2494 3220 XXV.
2528 3162 2710 3225 Οὕτως
2760 3163 2968 3239 ἀνάγκη
3022 3166 3142 3219 τινα
3190 3165 3324 3220 εἶναι
3371 3172 3512 3222 νοεῖν
3543 3170 3587 3204 ⁷⁷
3616 3166 3912 3243 ἀγέννητον

2259 3252 2537 3327 τεχνίτην,
2569 3253 2627 3314 ὃς
2676 3253 2741 3307 τὰ
2784 3259 3030 3329 στοιχεῖα
3063 3256 3097 3323 ἢ
3132 3252 3393 3309 διεστῶτα
3442 3259 3740 3332 συνήγαγεν
3773 3260 3839 3329 ⁷⁸,
3874 3261 3911 3329 ἦ

2258 3341 2475 3395 συνόντα
2532 3341 2807 3412 ἀλλήλοις
2864 3344 2998 3418 πρὸς
3058 3344 3198 3412 ζώου
3246 3346 3447 3419 γένεσιν
3480 3351 3748 3422 τεχνικῶς
3798 3345 3914 3402 ἐκέ-

2258 3450 2383 3504 ρασε
2438 3430 2525 3485 καὶ
2573 3428 2626 3485 ’ἑν
2675 3430 2733 3485 ἐκ
2779 3432 2992 3486 πάντων
3046 3429 3198 3508 ἔργον
3239 3433 3573 3491 ἀπετέλεσεν.
3611 3432 3908 3491 Ἀδύνατον

2256 3516 2358 3592 γὰρ
2419 3515 2540 3571 ἄνευ
2597 3519 2743 3580 τινὸς
2801 3524 2895 3573 νοῦ
2942 3519 3188 3591 μείζονος
3221 3520 3357 3575 πάνυ
3389 3523 3551 3600 σοφὸν
3585 3521 3737 3600 ἔργον
3770 3524 3911 3579 ἀπο-

2253 3604 2545 3669 τελεῖσθαι.
2579 3605 2717 3663 Οὐδέ
2778 3608 2881 3681 μὴν
2944 3605 3080 3685 ἔρως
3130 3613 3174 3646 ’³9
3224 3610 3356 3665 εἶναι
3416 3609 3634 3667 δύναται
3687 3613 3906 3670 πάντων

2252 3694 2530 3769 τεχνίτης,
2566 3695 2664 3750 οὐκ
2693 3696 2972 3770 ἐπιθυμία,
3006 3698 3108 3752 οὐκ
3150 3698 3323 3775 ἰσχὺς,
3357 3699 3455 3755 οὐκ
3502 3700 3642 3756 ἄλλο
3688 3723 3742 3757 τι
3784 3711 3911 3758 τοι-

2255 3788 2429 3853 οῦτον,
2466 3786 2643 3839 ἅτινα
2672 3786 2887 3854 παθητᾶ
2938 3783 3250 3858 συμϐαίνειν
3302 3790 3391 3843 καὶ
3442 3785 3751 3845 ἀποϐαίνειν
3804 3793 3911 3848 πέ-

2255 3892 2435 3948 φυκεν.
2472 3872 2628 3928 Ἀλλ’
2657 3872 2780 3928 οὐδὲ
2809 3874 2870 3929 τὸ
2905 3876 2989 3949 ὑφ’
3021 3877 3205 3952 ἑτέρου
3237 3878 3533 3951 φερόμενόν
3584 3878 3695 3935 ἐστι
3748 3881 3904 3949 Θεὸς,

2253 3958 2377 4015 οὖδέ
2406 3982 2465 4036 γε
2494 3962 2556 4015 τὸ
2584 3963 2685 4016 ὑπὸ
2716 3962 2920 4038 χρόνου
2949 3965 2984 4032 ἢ
3018 3964 3227 4042 φύσεως
3258 3964 3653 4041 ἀλλοιούμενον
3694 3968 3799 4024 καὶ·
3824 3969 3908 4034 εἰς

2250 4048 2313 4103 τὸ
2348 4050 2542 4122 μηκέτι
2574 4050 2705 4106 εἶναι
2740 4051 3129 4125 ἀναλυόμενον.

2322 4246 2511 4301 XXVI.
2572 4247 2746 4300 Ταῦτά
2806 4267 2913 4319 μου
2979 4244 3371 4324 διαλεγομένου
3430 4252 3565 4326 πρὸς
3621 4252 3713 4308 τὸν
3772 4254 3911 4308 Ἀπ-

2251 4332 2446 4404 πίωνα,
2503 4334 2607 4388 ἀπὸ
2664 4335 2982 4410 Καισαρείας
3036 4340 3189 4395 173
3257 4337 3450 4410 ἐπέστη
3533 4341 3755 4417 Πέτρος,
3805 4342 3905 4397 καὶ

2250 4420 2547 4499 συνδρομαὶ
2575 4428 2680 4479 τῶν
2715 4422 2902 4499 ὄχλων
2937 4424 3179 4501 ἐγένοντο
3213 4427 3263 4482 ἐν
3313 4433 3382 4502 τῇ
3427 4429 3606 4507 Τύρῳ,
3640 4428 3901 4487 σπευδόν-

2249 4533 2357 4568 των
2387 4514 2615 4584 ὑπαντᾷν
2648 4512 2792 4586 αὖτῷ
2820 4515 2909 4570 καὶ
2942 4516 3100 4591 χάριν
3131 4516 3199 4591 τῇ
3256 4515 3523 4591 ἐπιδημίᾳ
3580 4520 3903 4595 ὁμολογεῖν.

499 4602 673 4657 cessit
705 4620 836 4657 cum
868 4603 1173 4657 Anubione
1203 4607 1259 4658 et
1286 4602 1657 4658 Athenodoro
1696 4602 1875 4671 solis;
1928 4604 2137 4676 reliqui

2259 4603 2346 4658 Καὶ
2380 4604 2407 4657 ὁ
2443 4604 2535 4677 μὲν
2573 4604 2816 4661 Ἀππίων
2865 4604 3136 4681 ὑπεχώρει
3192 4608 3307 4678 μετ’
3340 4604 3699 4671 Ἀνουϐίωνος
3731 4612 3775 4645 ⁸ο
3807 4610 3903 4665 καῗ

497 4708 629 4745 vero
661 4708 863 4746 omnes
897 4696 1065 4746 I’ctro
1087 4691 1315 4747 obviam
1342 4692 1478 4747 ituri
1505 4692 1883 4763 prodivimus.
1910 4694 2142 4749 Primus

498 4786 693 4835 autem
726 4797 830 4853 ego
866 4786 999 4835 ante
1034 4785 1228 4851 portas
1250 4797 1383 4835 eum
1408 4781 1701 4853 excipiens
1723 4782 1792 4837 ad
1819 4781 2142 4855 hospitium

497 4870 655 4925 duxi.
692 4869 797 4924 Ubi
829 4887 960 4924 cum
996 4870 1236 4938 fuimus,
1267 4868 1493 4940 plebem
1517 4870 1753 4942 quidem
1778 4871 2141 4940 dimisimus,

496 4956 546 5011 ei
589 4973 721 5012 vero
769 4956 1016 5030 roganti,
1046 4962 1110 5012 ut
1155 4962 1283 5013 acta
1329 4975 1646 5027 narrarem,
1692 4958 1837 5014 nihil
1888 4961 2139 5017 abscon-

497 5044 648 5114 didi;
673 5046 772 5101 sed
797 5047 1054 5101 Simonis
1076 5046 1326 5102 indicavi
1351 5045 1676 5104 calumnias
1699 5053 1755 5103 et
1775 5053 2142 5121 portentosas

2254 4691 2633 4769 Ἀθηνοδώρου
2670 4692 2871 4767 μόνων,
2899 4695 2951 4748 οἱ
2982 4692 3039 4748 δὲ
3078 4692 3239 4749 ἄλλοι
3291 4696 3484 4758 πάντες
3533 4698 3608 4759 ὡς
3657 4698 3905 4769 ἀπαντη-

2252 4782 2469 4853 σόμενοι
2501 4784 2543 4818 ⁸¹
2576 4786 2654 4853 τῷ
2683 4783 2871 4859 Πέτρῳ
2903 4783 3262 4859 ὡρμήσαμεν.
3301 4790 3523 4861 Πρῶτος
3557 4783 3615 4840 δὲ
3653 4787 3763 4861 ἐγὼ
3796 4789 3909 4861 πρὸ

2249 4874 2355 4925 τῶν
2389 4867 2576 4925 πυλῶν
2609 4868 3007 4945 ἀποδεξάμενος
3038 4871 3195 4927 αὐτὸν
3239 4872 3325 4927 ἐπὶ
3373 4875 3471 4942 τὴν
3521 4875 3689 4945 ξενίαν
3741 4877 3904 4951 ἦγον.

2250 4960 2339 5021 Ὡς
2372 4956 2428 5013 δὲ
2460 4954 2770 5033 ἐγενόμεθα,
2797 4960 2925 5023 τοὺς
2956 4962 3050 5035 μὲν
3100 4957 3307 5038 ὄχλους
3358 4961 3725 5038 ἀπελύσαμεν,
3756 4964 3910 5039 αὐτῷ

2252 5044 2310 5103 δὲ
2340 5046 2625 5118 ἀξιώσαντί
2657 5068 2724 5122 με
2771 5050 2837 5104 τὰ
2881 5051 3194 5126 πραχθέντα
3238 5048 3416 5126 λέγειν
3465 5049 3619 5107 οὐδὲν
3667 5052 3906 5131 ἀπεκρυ-

1858 5207 2100 5266 VARIE
2131 5208 2536 5267 LECTIONES.

509 5398 521 5417 7
563 5327 856 5417 ξίρεόςκο.
934 5332 979 5365 79
1016 5332 1099 5386 Ita
1129 5331 1171 5386 0
1204 5347 1252 5417 ρ(
1280 5332 1339 5412 ξ,
1374 5328 1500 5385 Θεὸν
1531 5335 1637 5417 0:"
1666 5332 1711 5366 ⁷³
1741 5327 1991 5417 δύνανται
2022 5333 2086 5389 Ο.
2119 5335 2269 5416 Tum
2330 5333 2417 5417 ἀπ’
2474 5329 2647 5417 ἄλλου
2688 5336 2799 5417 'S._
2838 5334 2884 5369 7‘
2909 5333 2976 5387 τά
3010 5354 3114 5417 ’τευ
3138 5336 3240 5409 γὰρ
3286 5342 3511 5413 στοχεῖα
3569 5338 3637 5417 τρι
3689 5336 3754 5417 δί’
3796 5336 3907 5395 εἴτε

499 5397 881 5485 ἀεὶκάλληλοις
916 5408 1184 5485 συνῆπτον
1212 5403 1276 5485 ς),
1309 5403 1673 5485 ξρῐθῐζξῐὶθςίίίε
1702 5404 2002 5485 vocabulis
2032 5407 2286 5485 omissis.
2336 5406 2408 5485 .75
2434 5422 2493 5457 τε
2546 5405 2612 5485 ξ,
2641 5402 2702 5457 τό
2758 5406 2822 5485 _C,
2874 5408 2932 5461 0.
3010 5407 3055 5440 ⁷⁸
3085 5397 3181 5460 ὅσα
3212 5397 3370 5485 ἱποτε
3390 5397 3530 5477 Γ’ζῶν
3592 5407 3672 5463 δεῖ
3729 5406 3898 5485 ἔχειν,

497 5465 649 5523 οὐδὲν
680 5468 916 5525 ἐνέλειπε
945 5474 1004 5527 C.

496 5546 657 5617 notat
685 5546 740 5617 ὃ,
775 5559 906 5617 cum
941 5548 1126 5617 exstet
1155 5562 1247 5617 ap.
1281 5545 1362 5601 Cl.

1083 5475 1125 5550 ⁷7
1154 5477 1278 5527 νοῦν
1518 5473 1585 5550 τὰ
1616 5480 1861 5550 στοιχεῖα
1880 5472 2188 5550 ﬁdis—uoci}
2219 5476 2512 5550 συνήγαγεν
2542 5475 2606 5550 Ο,
2639 5476 2945 5550 συνήγαμεν
2980 5493 3045 5531 ex
3076 5478 3357 5536 Cotelerio
3391 5472 3585 5537 minus
3624 5472 3900 5540 accurate

1440 5547 1485 5581 79
1514 5546 1845 5625 Secundum
1878 5548 2277 5625 Parmeniden)
2311 5546 2377 5625 et
2398 5546 2840 5625 Empedoclem.”
2854 5548 2939 5625 _(.‘.t'.
2977 5550 3234 5625 Karsten,
3268 5554 3589 5625 Parmenid.
3642 5556 3803 5625 reliq.
3835 5572 3894 5611 ν.

958 5616 1141 5707 (θρίξ,
1167 5611 1627 5707 ΔξΣ--Ζξίξβεςᾳη
1660 5620 1837 5676 Arist.
1864 5621 2125 5707 'Mctaph.
2156 5624 2203 5687 Ι,
2236 5621 2288 5676 4.
2322 5621 2369 5676 1.
2407 5619 2467 5678 S.
2502 5611 2587 5656 ’⁸ο
2618 5611 3008 5681 Ἀννουὸίωνος
3040 5622 3104 5676 0.
3133 5611 3282 5679 Τιίη]
3319 5622 3478 5695 μόνον
3512 5628 3570 5680 C.
3646 5626 3689 5661 ⁸¹
3724 5611 3896 5679 ἀπαν-

494 5685 733 5756 τησομεν
767 5685 831 5755 Ο,
866 5686 935 5739 ad
969 5685 1130 5741 0mm
1162 5685 1479 5743 correctum
1515 5685 1581 5743 trn-
1605 5685 2064 5763 ἀπαντησάμενοῖ.
