  <div class='ocr_page' id='page_1' title='image "/cluster/home/n/w/nwhite01/storage/ocr_20150623/2/hvd.32044073501421/120.png"; bbox 0 0 4114 6338; ppageno 0'>
   <div class='ocr_carea' id='block_1_1' title="bbox 209 434 315 493">
    <p class='ocr_par' dir='ltr' id='par_1_1' title="bbox 209 434 315 493">
     <span class='ocr_line' id='line_1_1' title="bbox 209 434 315 493; baseline -0.038 1"><span class='ocrx_word' id='word_1_1' title='bbox 209 434 315 493; x_wconf 70' lang='grc'><strong>917</strong></span> 
     </span>
    </p>
   </div>
   <div class='ocr_carea' id='block_1_2' title="bbox 1312 430 2478 495">
    <p class='ocr_par' dir='ltr' id='par_1_2' title="bbox 1312 430 2478 495">
     <span class='ocr_line' id='line_1_2' title="bbox 1312 430 2478 495; baseline 0.001 -3"><span class='ocrx_word' id='word_1_2' title='bbox 1312 432 1838 494; x_wconf 79' lang='lat' dir='ltr'><strong>CLEMENTINA.</strong></span> <span class='ocrx_word' id='word_1_3' title='bbox 1873 430 2297 495; x_wconf 75' lang='lat' dir='ltr'><strong>—-HOMILIA</strong></span> <span class='ocrx_word' id='word_1_4' title='bbox 2343 431 2478 495; x_wconf 79' lang='lat' dir='ltr'><strong>Vll.</strong></span> 
     </span>
    </p>
   </div>
   <div class='ocr_carea' id='block_1_3' title="bbox 3482 430 3601 489">
    <p class='ocr_par' dir='ltr' id='par_1_3' title="bbox 3482 430 3601 489">
     <span class='ocr_line' id='line_1_3' title="bbox 3482 430 3601 489; baseline 0 0"><span class='ocrx_word' id='word_1_5' title='bbox 3482 430 3601 489; x_wconf 74' lang='grc'><strong>218</strong></span> 
     </span>
    </p>
   </div>
   <div class='ocr_carea' id='block_1_4' title="bbox 210 558 1843 639">
    <p class='ocr_par' dir='ltr' id='par_1_4' title="bbox 210 558 1839 637">
     <span class='ocr_line' id='line_1_4' title="bbox 210 558 1839 637; baseline 0 -18"><span class='ocrx_word' id='word_1_6' title='bbox 210 564 433 635; x_wconf 79' lang='grc' dir='ltr'>πτόμην,</span> <span class='ocrx_word' id='word_1_7' title='bbox 462 560 586 619; x_wconf 76' lang='grc' dir='ltr'>ἀλλ’</span> <span class='ocrx_word' id='word_1_8' title='bbox 634 561 871 636; x_wconf 78' lang='grc' dir='ltr'>ἐμήνυον</span> <span class='ocrx_word' id='word_1_9' title='bbox 916 562 1012 625; x_wconf 87' lang='grc' dir='ltr'><strong>τάς</strong></span> <span class='ocrx_word' id='word_1_10' title='bbox 1058 566 1243 619; x_wconf 81' lang='grc' dir='ltr'>τετοῦ</span> <span class='ocrx_word' id='word_1_11' title='bbox 1292 562 1545 637; x_wconf 88' lang='grc' dir='ltr'>Σίμωνος</span> <span class='ocrx_word' id='word_1_12' title='bbox 1577 558 1839 627; x_wconf 75' lang='grc' dir='ltr'>διαϐολὰς</span> 
     </span>
    </p>
   </div>
   <div class='ocr_carea' id='block_1_5' title="bbox 1957 558 3604 639">
    <p class='ocr_par' dir='ltr' id='par_1_5' title="bbox 1957 563 3604 639">
     <span class='ocr_line' id='line_1_5' title="bbox 1957 563 3604 639; baseline -0.002 -19"><span class='ocrx_word' id='word_1_13' title='bbox 1957 565 2283 639; x_wconf 66' lang='grc' dir='ltr'>ρτωειίεἰαε</span> <span class='ocrx_word' id='word_1_14' title='bbox 2339 567 2412 623; x_wconf 91' lang='lat' dir='ltr'><strong>ab</strong></span> <span class='ocrx_word' id='word_1_15' title='bbox 2443 566 2571 639; x_wconf 92' lang='lat' dir='ltr'><strong>ipso</strong></span> <span class='ocrx_word' id='word_1_16' title='bbox 2617 566 2825 631; x_wconf 89' lang='lat' dir='ltr'><strong>editas,</strong></span> <span class='ocrx_word' id='word_1_17' title='bbox 2855 572 3114 637; x_wconf 85' lang='lat' dir='ltr'><strong>quotque</strong></span> <span class='ocrx_word' id='word_1_18' title='bbox 3145 564 3382 619; x_wconf 81' lang='lat' dir='ltr'><strong>morbos</strong></span> <span class='ocrx_word' id='word_1_19' title='bbox 3411 563 3604 619; x_wconf 80' lang='lat' dir='ltr'><strong>immi-</strong></span> 
     </span>
    </p>
   </div>
   <div class='ocr_carea' id='block_1_6' title="bbox 210 649 1841 730">
    <p class='ocr_par' dir='ltr' id='par_1_6' title="bbox 210 649 1841 730">
     <span class='ocr_line' id='line_1_6' title="bbox 210 649 1841 730; baseline 0 -23"><span class='ocrx_word' id='word_1_20' title='bbox 210 655 286 708; x_wconf 74' lang='grc' dir='ltr'>καὶ</span> <span class='ocrx_word' id='word_1_21' title='bbox 330 654 423 714; x_wconf 73' lang='grc' dir='ltr'><strong>τας</strong></span> <span class='ocrx_word' id='word_1_22' title='bbox 468 649 793 727; x_wconf 76' lang='grc' dir='ltr'><strong>τερατώδεις</strong></span> <span class='ocrx_word' id='word_1_23' title='bbox 842 650 1131 730; x_wconf 75' lang='grc' dir='ltr'>φαντασίας</span> <span class='ocrx_word' id='word_1_24' title='bbox 1183 652 1269 707; x_wconf 87' lang='grc' dir='ltr'>ὑπ’</span> <span class='ocrx_word' id='word_1_25' title='bbox 1327 652 1492 708; x_wconf 79' lang='grc' dir='ltr'>αὐτοῦ</span> <span class='ocrx_word' id='word_1_26' title='bbox 1544 653 1841 729; x_wconf 88' lang='grc' dir='ltr'>γεγενημέ-</span> 
     </span>
    </p>
   </div>
   <div class='ocr_carea' id='block_1_7' title="bbox 210 739 1839 815">
    <p class='ocr_par' dir='ltr' id='par_1_7' title="bbox 210 739 1839 815">
     <span class='ocr_line' id='line_1_7' title="bbox 210 739 1839 815; baseline 0.001 -19"><span class='ocrx_word' id='word_1_27' title='bbox 210 763 309 808; x_wconf 81' lang='grc' dir='ltr'>νας,</span> <span class='ocrx_word' id='word_1_28' title='bbox 361 743 450 796; x_wconf 83' lang='grc' dir='ltr'>καὶ</span> <span class='ocrx_word' id='word_1_29' title='bbox 502 740 625 803; x_wconf 76' lang='grc' dir='ltr'>ὅσας</span> <span class='ocrx_word' id='word_1_30' title='bbox 686 739 922 814; x_wconf 77' lang='grc' dir='ltr'>ἔπεμψεν</span> <span class='ocrx_word' id='word_1_31' title='bbox 975 740 1165 803; x_wconf 81' lang='grc' dir='ltr'>νόσους</span> <span class='ocrx_word' id='word_1_32' title='bbox 1221 744 1267 778; x_wconf 73' lang='grc'><strong>⁸³</strong></span> <span class='ocrx_word' id='word_1_33' title='bbox 1320 742 1452 815; x_wconf 75' lang='grc' dir='ltr'>μετὰ</span> <span class='ocrx_word' id='word_1_34' title='bbox 1491 743 1591 812; x_wconf 74' lang='grc' dir='ltr'>τὴν</span> <span class='ocrx_word' id='word_1_35' title='bbox 1642 741 1703 797; x_wconf 74' lang='grc' dir='ltr'>ἐκ</span> <span class='ocrx_word' id='word_1_36' title='bbox 1739 748 1839 811; x_wconf 78' lang='grc' dir='ltr'>τῆς</span> 
     </span>
    </p>
   </div>
   <div class='ocr_carea' id='block_1_8' title="bbox 212 828 1844 907">
    <p class='ocr_par' dir='ltr' id='par_1_8' title="bbox 212 828 1844 907">
     <span class='ocr_line' id='line_1_8' title="bbox 212 828 1844 907; baseline 0 -23"><span class='ocrx_word' id='word_1_37' title='bbox 212 830 485 907; x_wconf 71' lang='grc' dir='ltr'>βουθυσίας</span> <span class='ocrx_word' id='word_1_38' title='bbox 516 830 771 898; x_wconf 77' lang='grc' dir='ltr'>ἑστίασιν,</span> <span class='ocrx_word' id='word_1_39' title='bbox 804 828 893 884; x_wconf 81' lang='grc' dir='ltr'><strong>καὶ</strong></span> <span class='ocrx_word' id='word_1_40' title='bbox 942 828 1025 884; x_wconf 76' lang='grc' dir='ltr'><strong>ὅτι</strong></span> <span class='ocrx_word' id='word_1_41' title='bbox 1073 828 1133 885; x_wconf 70' lang='grc' dir='ltr'>ἐκ</span> <span class='ocrx_word' id='word_1_42' title='bbox 1176 834 1283 885; x_wconf 83' lang='grc' dir='ltr'>τῶν</span> <span class='ocrx_word' id='word_1_43' title='bbox 1332 829 1633 886; x_wconf 78' lang='grc' dir='ltr'>νοσούντων</span> <span class='ocrx_word' id='word_1_44' title='bbox 1664 831 1717 885; x_wconf 78' lang='grc' dir='ltr'>οἱ</span> <span class='ocrx_word' id='word_1_45' title='bbox 1749 830 1844 903; x_wconf 75' lang='grc' dir='ltr'><strong>μὶν</strong></span> 
     </span>
    </p>
   </div>
   <div class='ocr_carea' id='block_1_9' title="bbox 206 917 1843 995">
    <p class='ocr_par' dir='ltr' id='par_1_9' title="bbox 206 917 1843 995">
     <span class='ocr_line' id='line_1_9' title="bbox 206 917 1843 995; baseline 0 -22"><span class='ocrx_word' id='word_1_46' title='bbox 206 920 408 974; x_wconf 70' lang='grc' dir='ltr'>αὐτόθεν</span> <span class='ocrx_word' id='word_1_47' title='bbox 440 922 489 957; x_wconf 79' lang='grc'>⁸³</span> <span class='ocrx_word' id='word_1_48' title='bbox 534 918 852 990; x_wconf 88' lang='grc' dir='ltr'>κατέμειναν</span> <span class='ocrx_word' id='word_1_49' title='bbox 900 917 952 973; x_wconf 80' lang='grc' dir='ltr'>ὲν</span> <span class='ocrx_word' id='word_1_50' title='bbox 991 922 1061 993; x_wconf 79' lang='grc' dir='ltr'><strong>τῇ</strong></span> <span class='ocrx_word' id='word_1_51' title='bbox 1109 917 1287 995; x_wconf 89' lang='grc' dir='ltr'>Τύρῳ,</span> <span class='ocrx_word' id='word_1_52' title='bbox 1320 920 1372 974; x_wconf 78' lang='grc' dir='ltr'>οἱ</span> <span class='ocrx_word' id='word_1_53' title='bbox 1421 917 1479 975; x_wconf 61' lang='lat' dir='ltr'><strong>Si</strong></span> <span class='ocrx_word' id='word_1_54' title='bbox 1518 920 1599 993; x_wconf 80' lang='grc' dir='ltr'>τῷ</span> <span class='ocrx_word' id='word_1_55' title='bbox 1632 918 1843 992; x_wconf 87' lang='grc' dir='ltr'>Σίμωνι</span> 
     </span>
    </p>
   </div>
   <div class='ocr_carea' id='block_1_10' title="bbox 206 1006 1842 1081">
    <p class='ocr_par' dir='ltr' id='par_1_10' title="bbox 206 1006 1842 1081">
     <span class='ocr_line' id='line_1_10' title="bbox 206 1006 1842 1081; baseline 0.001 -19"><span class='ocrx_word' id='word_1_56' title='bbox 206 1009 304 1080; x_wconf 75' lang='grc' dir='ltr'>ἅμα</span> <span class='ocrx_word' id='word_1_57' title='bbox 340 1014 416 1079; x_wconf 83' lang='grc' dir='ltr'><strong>τῷ</strong></span> <span class='ocrx_word' id='word_1_58' title='bbox 464 1008 564 1081; x_wconf 69' lang='grc' dir='ltr'><strong>ἐμὲ</strong></span> <span class='ocrx_word' id='word_1_59' title='bbox 612 1007 788 1062; x_wconf 77' lang='grc' dir='ltr'>ἐλθεῖν</span> <span class='ocrx_word' id='word_1_60' title='bbox 840 1006 1345 1080; x_wconf 81' lang='grc' dir='ltr'>συνεξεληλύθεισαν</span> <span class='ocrx_word' id='word_1_61' title='bbox 1389 1011 1435 1047; x_wconf 70' lang='grc'><strong>⁸⁸</strong></span> <span class='ocrx_word' id='word_1_62' title='bbox 1474 1008 1550 1071; x_wconf 82' lang='grc' dir='ltr'><strong>είς</strong></span> <span class='ocrx_word' id='word_1_63' title='bbox 1598 1010 1697 1079; x_wconf 75' lang='grc' dir='ltr'>τὴν</span> <span class='ocrx_word' id='word_1_64' title='bbox 1748 1015 1842 1063; x_wconf 84' lang='grc' dir='ltr'><strong>Σι-</strong></span> 
     </span>
    </p>
   </div>
   <div class='ocr_carea' id='block_1_11' title="bbox 203 1092 1842 1172">
    <p class='ocr_par' dir='ltr' id='par_1_11' title="bbox 203 1092 1842 1172">
     <span class='ocr_line' id='line_1_11' title="bbox 203 1092 1842 1172; baseline 0.002 -22"><span class='ocrx_word' id='word_1_65' title='bbox 203 1095 354 1165; x_wconf 79' lang='grc' dir='ltr'>δῶνα,</span> <span class='ocrx_word' id='word_1_66' title='bbox 388 1097 466 1158; x_wconf 83' lang='grc' dir='ltr'>ὡς</span> <span class='ocrx_word' id='word_1_67' title='bbox 502 1098 591 1150; x_wconf 81' lang='grc' dir='ltr'>ὑπ’</span> <span class='ocrx_word' id='word_1_68' title='bbox 621 1096 769 1168; x_wconf 77' lang='grc' dir='ltr'>αύτῷ</span> <span class='ocrx_word' id='word_1_69' title='bbox 796 1098 840 1133; x_wconf 77' lang='grc'>⁸⁸</span> <span class='ocrx_word' id='word_1_70' title='bbox 872 1092 1425 1172; x_wconf 81' lang='grc' dir='ltr'>θεραπευθησόμενοι,</span> <span class='ocrx_word' id='word_1_71' title='bbox 1450 1097 1541 1153; x_wconf 86' lang='grc' dir='ltr'><strong>καὶ</strong></span> <span class='ocrx_word' id='word_1_72' title='bbox 1574 1096 1656 1154; x_wconf 79' lang='grc' dir='ltr'><strong>ὅτι</strong></span> <span class='ocrx_word' id='word_1_73' title='bbox 1678 1096 1842 1171; x_wconf 80' lang='grc' dir='ltr'>ἐμάν-</span> 
     </span>
    </p>
   </div>
   <div class='ocr_carea' id='block_1_12' title="bbox 200 1182 1839 1261">
    <p class='ocr_par' dir='ltr' id='par_1_12' title="bbox 200 1182 1839 1261">
     <span class='ocr_line' id='line_1_12' title="bbox 200 1182 1839 1261; baseline 0.003 -22"><span class='ocrx_word' id='word_1_74' title='bbox 200 1187 342 1240; x_wconf 83' lang='grc' dir='ltr'>θανον</span> <span class='ocrx_word' id='word_1_75' title='bbox 375 1182 588 1257; x_wconf 83' lang='grc' dir='ltr'>μηδένα</span> <span class='ocrx_word' id='word_1_76' title='bbox 616 1185 792 1240; x_wconf 77' lang='grc' dir='ltr'>αὐτῶν</span> <span class='ocrx_word' id='word_1_77' title='bbox 844 1184 1037 1247; x_wconf 74' lang='grc' dir='ltr'>ἰάσεως</span> <span class='ocrx_word' id='word_1_78' title='bbox 1084 1186 1442 1261; x_wconf 72' lang='grc' dir='ltr'><strong>τετυχηκέναι</strong></span> <span class='ocrx_word' id='word_1_79' title='bbox 1476 1187 1566 1242; x_wconf 86' lang='grc' dir='ltr'>ὑπ’</span> <span class='ocrx_word' id='word_1_80' title='bbox 1596 1186 1744 1259; x_wconf 82' lang='grc' dir='ltr'><strong>αὖτῷ</strong></span> <span class='ocrx_word' id='word_1_81' title='bbox 1774 1189 1839 1245; x_wconf 80' lang='grc'><strong>⁸⁸.</strong></span> 
     </span>
    </p>
   </div>
   <div class='ocr_carea' id='block_1_13' title="bbox 197 1273 1845 1351">
    <p class='ocr_par' dir='ltr' id='par_1_13' title="bbox 197 1273 1845 1351">
     <span class='ocr_line' id='line_1_13' title="bbox 197 1273 1845 1351; baseline -0.001 -22"><span class='ocrx_word' id='word_1_82' title='bbox 197 1275 396 1343; x_wconf 74' lang='grc' dir='ltr'>καὶτήν</span> <span class='ocrx_word' id='word_1_83' title='bbox 429 1275 573 1349; x_wconf 81' lang='grc' dir='ltr'>πρὸς</span> <span class='ocrx_word' id='word_1_84' title='bbox 606 1273 890 1329; x_wconf 81' lang='grc' dir='ltr'>Ἀππίωνά</span> <span class='ocrx_word' id='word_1_85' title='bbox 929 1296 1021 1347; x_wconf 90' lang='grc' dir='ltr'><strong>μοι</strong></span> <span class='ocrx_word' id='word_1_86' title='bbox 1066 1276 1439 1351; x_wconf 71' lang='grc' dir='ltr'><strong>γεγενημένην</strong></span> <span class='ocrx_word' id='word_1_87' title='bbox 1488 1274 1723 1346; x_wconf 77' lang='grc' dir='ltr'>διάλεξιν</span> <span class='ocrx_word' id='word_1_88' title='bbox 1767 1280 1845 1347; x_wconf 83' lang='grc' dir='ltr'>τῷ</span> 
     </span>
    </p>
   </div>
   <div class='ocr_carea' id='block_1_14' title="bbox 201 1360 1843 1441">
    <p class='ocr_par' dir='ltr' id='par_1_14' title="bbox 201 1360 1843 1441">
     <span class='ocr_line' id='line_1_14' title="bbox 201 1360 1843 1441; baseline 0.001 -23"><span class='ocrx_word' id='word_1_89' title='bbox 201 1364 371 1439; x_wconf 81' lang='grc' dir='ltr'>Πέτρῳ</span> <span class='ocrx_word' id='word_1_90' title='bbox 427 1360 808 1439; x_wconf 83' lang='grc' dir='ltr'>διηγησάμην.</span> <span class='ocrx_word' id='word_1_91' title='bbox 857 1369 912 1418; x_wconf 80' lang='lat'><strong>&#39;0</strong></span> <span class='ocrx_word' id='word_1_92' title='bbox 962 1361 1020 1418; x_wconf 76' lang='grc' dir='ltr'><strong>δὲ</strong></span> <span class='ocrx_word' id='word_1_93' title='bbox 1076 1372 1315 1440; x_wconf 79' lang='grc' dir='ltr'>στοργῆς</span> <span class='ocrx_word' id='word_1_94' title='bbox 1371 1365 1461 1420; x_wconf 80' lang='grc' dir='ltr'><strong>καὶ</strong></span> <span class='ocrx_word' id='word_1_95' title='bbox 1522 1372 1843 1441; x_wconf 80' lang='grc' dir='ltr'>προτροπῆς</span> 
     </span>
    </p>
   </div>
   <div class='ocr_carea' id='block_1_15' title="bbox 199 1449 1841 1528">
    <p class='ocr_par' dir='ltr' id='par_1_15' title="bbox 199 1449 1841 1528">
     <span class='ocr_line' id='line_1_15' title="bbox 199 1449 1841 1528; baseline 0.001 -22"><span class='ocrx_word' id='word_1_96' title='bbox 199 1452 341 1528; x_wconf 78' lang='grc' dir='ltr'>χάριν</span> <span class='ocrx_word' id='word_1_97' title='bbox 369 1451 659 1514; x_wconf 79' lang='grc' dir='ltr'>ἐπαινέσας</span> <span class='ocrx_word' id='word_1_98' title='bbox 695 1473 761 1525; x_wconf 90' lang='grc' dir='ltr'><strong>με</strong></span> <span class='ocrx_word' id='word_1_99' title='bbox 791 1452 879 1507; x_wconf 83' lang='grc' dir='ltr'><strong>καὶ</strong></span> <span class='ocrx_word' id='word_1_100' title='bbox 922 1451 1249 1528; x_wconf 75' lang='grc' dir='ltr'>εὐλογήσας,</span> <span class='ocrx_word' id='word_1_101' title='bbox 1293 1452 1443 1509; x_wconf 82' lang='grc' dir='ltr'>ἀλῶν</span> <span class='ocrx_word' id='word_1_102' title='bbox 1495 1449 1841 1527; x_wconf 82' lang='grc' dir='ltr'><strong>μεταλαϐὼν⁹</strong></span> 
     </span>
    </p>
   </div>
   <div class='ocr_carea' id='block_1_16' title="bbox 201 1539 1846 1620">
    <p class='ocr_par' dir='ltr' id='par_1_16' title="bbox 201 1539 1846 1620">
     <span class='ocr_line' id='line_1_16' title="bbox 201 1539 1846 1620; baseline 0.002 -25"><span class='ocrx_word' id='word_1_103' title='bbox 201 1539 276 1595; x_wconf 78' lang='grc' dir='ltr'><strong>διά</strong></span> <span class='ocrx_word' id='word_1_104' title='bbox 316 1541 445 1603; x_wconf 75' lang='grc' dir='ltr'>τοὺς</span> <span class='ocrx_word' id='word_1_105' title='bbox 497 1542 775 1613; x_wconf 73' lang='grc' dir='ltr'>καμάτους</span> <span class='ocrx_word' id='word_1_106' title='bbox 820 1556 921 1611; x_wconf 83' lang='grc' dir='ltr'><strong>της</strong></span> <span class='ocrx_word' id='word_1_107' title='bbox 972 1540 1291 1619; x_wconf 77' lang='grc' dir='ltr'>ὁδοιπορίας</span> <span class='ocrx_word' id='word_1_108' title='bbox 1340 1547 1409 1617; x_wconf 81' lang='grc' dir='ltr'><strong>τῇ</strong></span> <span class='ocrx_word' id='word_1_109' title='bbox 1451 1542 1846 1620; x_wconf 66' lang='grc' dir='ltr'>ἀναγκαιοτάτη</span> 
     </span>
    </p>
   </div>
   <div class='ocr_carea' id='block_1_17' title="bbox 201 1628 1284 1706">
    <p class='ocr_par' dir='ltr' id='par_1_17' title="bbox 201 1628 1284 1706">
     <span class='ocr_line' id='line_1_17' title="bbox 201 1628 1284 1706; baseline 0.002 -22"><span class='ocrx_word' id='word_1_110' title='bbox 201 1628 392 1706; x_wconf 74' lang='grc' dir='ltr'>ἠσυχίᾳ</span> <span class='ocrx_word' id='word_1_111' title='bbox 417 1634 521 1685; x_wconf 76' lang='grc' dir='ltr'><strong>τοῦ</strong></span> <span class='ocrx_word' id='word_1_112' title='bbox 552 1630 724 1685; x_wconf 77' lang='grc' dir='ltr'>ὕπνου</span> <span class='ocrx_word' id='word_1_113' title='bbox 756 1630 942 1685; x_wconf 72' lang='grc' dir='ltr'>ἑαυτὸν</span> <span class='ocrx_word' id='word_1_114' title='bbox 974 1630 1284 1706; x_wconf 83' lang='grc' dir='ltr'>ἐπέτρεπεν.</span> 
     </span>
    </p>
   </div>
   <div class='ocr_carea' id='block_1_18' title="bbox 755 1860 1286 1935">
    <p class='ocr_par' dir='ltr' id='par_1_18' title="bbox 755 1860 1286 1935">
     <span class='ocr_line' id='line_1_18' title="bbox 755 1860 1286 1935; baseline 0.011 -22"><span class='ocrx_word' id='word_1_115' title='bbox 755 1860 1023 1917; x_wconf 73' lang='lat' dir='ltr'><strong>‘OMIAIA</strong></span> <span class='ocrx_word' id='word_1_116' title='bbox 1062 1860 1113 1914; x_wconf 78' lang='lat'><strong>2&#39;</strong></span> <span class='ocrx_word' id='word_1_117' title='bbox 1150 1862 1286 1935; x_wconf 70' lang='lat'><strong>(12).</strong></span> 
     </span>
    </p>
   </div>
   <div class='ocr_carea' id='block_1_19' title="bbox 1950 653 3604 727">
    <p class='ocr_par' dir='ltr' id='par_1_19' title="bbox 1950 653 3604 727">
     <span class='ocr_line' id='line_1_19' title="bbox 1950 653 3604 727; baseline -0.002 -16"><span class='ocrx_word' id='word_1_118' title='bbox 1950 654 2092 712; x_wconf 87' lang='lat' dir='ltr'><strong>serit</strong></span> <span class='ocrx_word' id='word_1_119' title='bbox 2123 661 2256 727; x_wconf 89' lang='lat' dir='ltr'><strong>post</strong></span> <span class='ocrx_word' id='word_1_120' title='bbox 2302 654 2445 711; x_wconf 88' lang='lat' dir='ltr'><strong>illud</strong></span> <span class='ocrx_word' id='word_1_121' title='bbox 2504 673 2571 711; x_wconf 81' lang='lat' dir='ltr'><strong>ex</strong></span> <span class='ocrx_word' id='word_1_122' title='bbox 2616 654 2919 711; x_wconf 89' lang='lat' dir='ltr'><strong>immolato</strong></span> <span class='ocrx_word' id='word_1_123' title='bbox 2963 655 3104 709; x_wconf 84' lang='lat' dir='ltr'><strong>bove</strong></span> <span class='ocrx_word' id='word_1_124' title='bbox 3145 653 3497 720; x_wconf 87' lang='lat' dir='ltr'><strong>convivium,</strong></span> <span class='ocrx_word' id='word_1_125' title='bbox 3547 655 3604 707; x_wconf 88' lang='lat' dir='ltr'><strong>et</strong></span> 
     </span>
    </p>
   </div>
   <div class='ocr_carea' id='block_1_20' title="bbox 1952 743 3598 817">
    <p class='ocr_par' dir='ltr' id='par_1_20' title="bbox 1952 743 3598 817">
     <span class='ocr_line' id='line_1_20' title="bbox 1952 743 3598 817; baseline -0.002 -18"><span class='ocrx_word' id='word_1_126' title='bbox 1952 745 2105 816; x_wconf 88' lang='lat' dir='ltr'><strong>quod</strong></span> <span class='ocrx_word' id='word_1_127' title='bbox 2138 762 2204 799; x_wconf 80' lang='lat' dir='ltr'><strong>ex</strong></span> <span class='ocrx_word' id='word_1_128' title='bbox 2235 745 2465 817; x_wconf 72' lang='lat' dir='ltr'><strong>aegrotis</strong></span> <span class='ocrx_word' id='word_1_129' title='bbox 2495 744 2591 800; x_wconf 82' lang='lat' dir='ltr'><strong>alii</strong></span> <span class='ocrx_word' id='word_1_130' title='bbox 2626 744 2862 815; x_wconf 88' lang='lat' dir='ltr'><strong>quidem</strong></span> <span class='ocrx_word' id='word_1_131' title='bbox 2894 743 3013 799; x_wconf 90' lang='lat' dir='ltr'><strong>illic</strong></span> <span class='ocrx_word' id='word_1_132' title='bbox 3045 743 3199 813; x_wconf 89' lang='lat' dir='ltr'><strong>apud</strong></span> <span class='ocrx_word' id='word_1_133' title='bbox 3219 743 3434 813; x_wconf 84' lang='lat' dir='ltr'><strong>Tyrum</strong></span> <span class='ocrx_word' id='word_1_134' title='bbox 3470 758 3598 812; x_wconf 88' lang='lat' dir='ltr'><strong>per-</strong></span> 
     </span>
    </p>
   </div>
   <div class='ocr_carea' id='block_1_21' title="bbox 1953 830 3602 904">
    <p class='ocr_par' dir='ltr' id='par_1_21' title="bbox 1953 830 3602 904">
     <span class='ocr_line' id='line_1_21' title="bbox 1953 830 3602 904; baseline -0.002 -16"><span class='ocrx_word' id='word_1_135' title='bbox 1953 833 2303 901; x_wconf 81' lang='lat' dir='ltr'><strong>manserint,</strong></span> <span class='ocrx_word' id='word_1_136' title='bbox 2337 834 2433 889; x_wconf 89' lang='lat' dir='ltr'><strong>alii</strong></span> <span class='ocrx_word' id='word_1_137' title='bbox 2463 850 2595 888; x_wconf 89' lang='lat' dir='ltr'><strong>vero</strong></span> <span class='ocrx_word' id='word_1_138' title='bbox 2627 833 2802 889; x_wconf 79' lang='lat' dir='ltr'><strong>simul</strong></span> <span class='ocrx_word' id='word_1_139' title='bbox 2835 850 2900 887; x_wconf 92' lang='lat' dir='ltr'><strong>ac</strong></span> <span class='ocrx_word' id='word_1_140' title='bbox 2929 848 3035 904; x_wconf 91' lang='lat' dir='ltr'><strong>ego</strong></span> <span class='ocrx_word' id='word_1_141' title='bbox 3065 832 3191 886; x_wconf 92' lang='lat' dir='ltr'><strong>veni</strong></span> <span class='ocrx_word' id='word_1_142' title='bbox 3234 831 3451 903; x_wconf 80' lang='lat' dir='ltr'><strong>egressi</strong></span> <span class='ocrx_word' id='word_1_143' title='bbox 3484 830 3602 885; x_wconf 91' lang='lat' dir='ltr'><strong>sint</strong></span> 
     </span>
    </p>
   </div>
   <div class='ocr_carea' id='block_1_22' title="bbox 1956 919 3597 993">
    <p class='ocr_par' dir='ltr' id='par_1_22' title="bbox 1956 919 3597 993">
     <span class='ocr_line' id='line_1_22' title="bbox 1956 919 3597 993; baseline -0.002 -16"><span class='ocrx_word' id='word_1_144' title='bbox 1956 938 2090 977; x_wconf 90' lang='lat' dir='ltr'><strong>cum</strong></span> <span class='ocrx_word' id='word_1_145' title='bbox 2124 922 2364 978; x_wconf 85' lang='lat' dir='ltr'><strong>Simone</strong></span> <span class='ocrx_word' id='word_1_146' title='bbox 2395 922 2455 977; x_wconf 91' lang='lat' dir='ltr'><strong>in</strong></span> <span class='ocrx_word' id='word_1_147' title='bbox 2484 923 2781 991; x_wconf 90' lang='lat' dir='ltr'><strong>Sidonem,</strong></span> <span class='ocrx_word' id='word_1_148' title='bbox 2814 925 3096 993; x_wconf 90' lang='lat' dir='ltr'><strong>tanquam</strong></span> <span class='ocrx_word' id='word_1_149' title='bbox 3129 921 3201 975; x_wconf 91' lang='lat' dir='ltr'><strong>ab</strong></span> <span class='ocrx_word' id='word_1_150' title='bbox 3232 936 3299 975; x_wconf 92' lang='lat' dir='ltr'><strong>eo</strong></span> <span class='ocrx_word' id='word_1_151' title='bbox 3328 919 3597 987; x_wconf 88' lang='lat' dir='ltr'><strong>sanandi,</strong></span> 
     </span>
    </p>
   </div>
   <div class='ocr_carea' id='block_1_23' title="bbox 1951 1009 3598 1083">
    <p class='ocr_par' dir='ltr' id='par_1_23' title="bbox 1951 1009 3598 1083">
     <span class='ocr_line' id='line_1_23' title="bbox 1951 1009 3598 1083; baseline -0.002 -17"><span class='ocrx_word' id='word_1_152' title='bbox 1951 1026 2189 1083; x_wconf 91' lang='lat' dir='ltr'><strong>quoque</strong></span> <span class='ocrx_word' id='word_1_153' title='bbox 2220 1011 2505 1067; x_wconf 83' lang='lat' dir='ltr'><strong>audierim</strong></span> <span class='ocrx_word' id='word_1_154' title='bbox 2539 1010 2767 1067; x_wconf 90' lang='lat' dir='ltr'><strong>nullum</strong></span> <span class='ocrx_word' id='word_1_155' title='bbox 2816 1026 3017 1065; x_wconf 90' lang='lat' dir='ltr'><strong>eorum</strong></span> <span class='ocrx_word' id='word_1_156' title='bbox 3050 1010 3121 1064; x_wconf 91' lang='lat' dir='ltr'><strong>ab</strong></span> <span class='ocrx_word' id='word_1_157' title='bbox 3172 1009 3296 1078; x_wconf 86' lang='lat' dir='ltr'><strong>ipso</strong></span> <span class='ocrx_word' id='word_1_158' title='bbox 3328 1014 3598 1063; x_wconf 87' lang='lat' dir='ltr'><strong>sanatum</strong></span> 
     </span>
    </p>
   </div>
   <div class='ocr_carea' id='block_1_24' title="bbox 1952 1097 3606 1170">
    <p class='ocr_par' dir='ltr' id='par_1_24' title="bbox 1952 1097 3606 1170">
     <span class='ocr_line' id='line_1_24' title="bbox 1952 1097 3606 1170; baseline -0.002 -15"><span class='ocrx_word' id='word_1_159' title='bbox 1952 1099 2170 1168; x_wconf 85' lang='lat' dir='ltr'><strong>fuisse;</strong></span> <span class='ocrx_word' id='word_1_160' title='bbox 2221 1100 2319 1156; x_wconf 89' lang='lat' dir='ltr'><strong>sed</strong></span> <span class='ocrx_word' id='word_1_161' title='bbox 2371 1106 2427 1155; x_wconf 89' lang='lat' dir='ltr'><strong>et</strong></span> <span class='ocrx_word' id='word_1_162' title='bbox 2480 1116 2669 1155; x_wconf 90' lang='lat' dir='ltr'><strong>meam</strong></span> <span class='ocrx_word' id='word_1_163' title='bbox 2719 1099 2998 1153; x_wconf 89' lang='lat' dir='ltr'><strong>adversus</strong></span> <span class='ocrx_word' id='word_1_164' title='bbox 3037 1097 3361 1170; x_wconf 87' lang='lat' dir='ltr'><strong>Appionem</strong></span> <span class='ocrx_word' id='word_1_165' title='bbox 3396 1098 3606 1169; x_wconf 77' lang='lat' dir='ltr'><strong>diepu-</strong></span> 
     </span>
    </p>
   </div>
   <div class='ocr_carea' id='block_1_25' title="bbox 1951 1186 3609 1257">
    <p class='ocr_par' dir='ltr' id='par_1_25' title="bbox 1951 1186 3609 1257">
     <span class='ocr_line' id='line_1_25' title="bbox 1951 1186 3609 1257; baseline -0.001 -15"><span class='ocrx_word' id='word_1_166' title='bbox 1951 1188 2233 1244; x_wconf 88' lang='lat' dir='ltr'><strong>tationem</strong></span> <span class='ocrx_word' id='word_1_167' title='bbox 2267 1189 2433 1244; x_wconf 87' lang='lat' dir='ltr'><strong>Petro</strong></span> <span class='ocrx_word' id='word_1_168' title='bbox 2467 1188 2655 1243; x_wconf 85' lang='lat' dir='ltr'><strong>retuli.</strong></span> <span class='ocrx_word' id='word_1_169' title='bbox 2692 1194 2760 1241; x_wconf 80' lang='lat' dir='ltr'><strong>At</strong></span> <span class='ocrx_word' id='word_1_170' title='bbox 2791 1187 2885 1241; x_wconf 90' lang='lat' dir='ltr'><strong>ille</strong></span> <span class='ocrx_word' id='word_1_171' title='bbox 2919 1204 3031 1257; x_wconf 65' lang='lat' dir='ltr'><strong>pra:</strong></span> <span class='ocrx_word' id='word_1_172' title='bbox 3076 1203 3272 1241; x_wconf 84' lang='lat' dir='ltr'><strong>amore</strong></span> <span class='ocrx_word' id='word_1_173' title='bbox 3312 1190 3369 1241; x_wconf 89' lang='lat' dir='ltr'><strong>et</strong></span> <span class='ocrx_word' id='word_1_174' title='bbox 3398 1186 3609 1241; x_wconf 77' lang='lat' dir='ltr'><strong>exhor-</strong></span> 
     </span>
    </p>
   </div>
   <div class='ocr_carea' id='block_1_26' title="bbox 1951 1274 3605 1349">
    <p class='ocr_par' dir='ltr' id='par_1_26' title="bbox 1951 1274 3605 1349">
     <span class='ocr_line' id='line_1_26' title="bbox 1951 1274 3605 1349; baseline -0.002 -17"><span class='ocrx_word' id='word_1_175' title='bbox 1951 1278 2119 1332; x_wconf 86' lang='lat' dir='ltr'><strong>tandi</strong></span> <span class='ocrx_word' id='word_1_176' title='bbox 2150 1278 2335 1349; x_wconf 87' lang='lat' dir='ltr'><strong>gratia</strong></span> <span class='ocrx_word' id='word_1_177' title='bbox 2366 1279 2423 1333; x_wconf 90' lang='lat' dir='ltr'><strong>in</strong></span> <span class='ocrx_word' id='word_1_178' title='bbox 2458 1294 2548 1333; x_wconf 91' lang='lat' dir='ltr'><strong>me</strong></span> <span class='ocrx_word' id='word_1_179' title='bbox 2582 1276 2815 1331; x_wconf 90' lang='lat' dir='ltr'><strong>laudem</strong></span> <span class='ocrx_word' id='word_1_180' title='bbox 2849 1292 2913 1331; x_wconf 87' lang='lat' dir='ltr'><strong>ac</strong></span> <span class='ocrx_word' id='word_1_181' title='bbox 2965 1274 3431 1331; x_wconf 81' lang='lat' dir='ltr'><strong>benedictionem</strong></span> <span class='ocrx_word' id='word_1_182' title='bbox 3464 1291 3605 1330; x_wconf 85' lang='lat' dir='ltr'><strong>con-</strong></span> 
     </span>
    </p>
   </div>
   <div class='ocr_carea' id='block_1_27' title="bbox 1954 1363 3609 1438">
    <p class='ocr_par' dir='ltr' id='par_1_27' title="bbox 1954 1363 3609 1438">
     <span class='ocr_line' id='line_1_27' title="bbox 1954 1363 3609 1438; baseline -0.002 -17"><span class='ocrx_word' id='word_1_183' title='bbox 1954 1364 2128 1433; x_wconf 80' lang='lat' dir='ltr'><strong>tulit;</strong></span> <span class='ocrx_word' id='word_1_184' title='bbox 2161 1371 2219 1422; x_wconf 90' lang='lat' dir='ltr'><strong>et</strong></span> <span class='ocrx_word' id='word_1_185' title='bbox 2248 1366 2376 1421; x_wconf 91' lang='lat' dir='ltr'><strong>cibo</strong></span> <span class='ocrx_word' id='word_1_186' title='bbox 2408 1372 2646 1438; x_wconf 85' lang='lat' dir='ltr'><strong>sumpto</strong></span> <span class='ocrx_word' id='word_1_187' title='bbox 2678 1382 2739 1421; x_wconf 90' lang='lat' dir='ltr'><strong>se</strong></span> <span class='ocrx_word' id='word_1_188' title='bbox 2782 1365 2973 1420; x_wconf 83' lang='lat' dir='ltr'><strong>somni</strong></span> <span class='ocrx_word' id='word_1_189' title='bbox 3008 1363 3210 1435; x_wconf 87' lang='lat' dir='ltr'><strong>quieti,</strong></span> <span class='ocrx_word' id='word_1_190' title='bbox 3244 1380 3374 1435; x_wconf 68' lang='lat' dir='ltr'><strong>qua:</strong></span> <span class='ocrx_word' id='word_1_191' title='bbox 3404 1364 3477 1419; x_wconf 93' lang='lat' dir='ltr'><strong>ob</strong></span> <span class='ocrx_word' id='word_1_192' title='bbox 3512 1364 3609 1417; x_wconf 91' lang='lat' dir='ltr'><strong>iti-</strong></span> 
     </span>
    </p>
   </div>
   <div class='ocr_carea' id='block_1_28' title="bbox 1954 1450 3609 1527">
    <p class='ocr_par' dir='ltr' id='par_1_28' title="bbox 1954 1450 3609 1527">
     <span class='ocr_line' id='line_1_28' title="bbox 1954 1450 3609 1527; baseline -0.001 -19"><span class='ocrx_word' id='word_1_193' title='bbox 1954 1456 2109 1509; x_wconf 85' lang='lat' dir='ltr'><strong>neris</strong></span> <span class='ocrx_word' id='word_1_194' title='bbox 2140 1472 2159 1509; x_wconf 89' lang='lat'><strong><em>:</em></strong></span> <span class='ocrx_word' id='word_1_195' title='bbox 2190 1455 2591 1527; x_wconf 82' lang='lat' dir='ltr'><strong>fatigationem</strong></span> <span class='ocrx_word' id='word_1_196' title='bbox 2644 1454 2895 1509; x_wconf 83' lang='lat' dir='ltr'><strong>maxime</strong></span> <span class='ocrx_word' id='word_1_197' title='bbox 2934 1457 3058 1509; x_wconf 90' lang='lat' dir='ltr'><strong>erat</strong></span> <span class='ocrx_word' id='word_1_198' title='bbox 3091 1450 3435 1520; x_wconf 87' lang='lat' dir='ltr'><strong>necessaria,</strong></span> <span class='ocrx_word' id='word_1_199' title='bbox 3488 1456 3609 1507; x_wconf 85' lang='lat' dir='ltr'><strong>tra-</strong></span> 
     </span>
    </p>
   </div>
   <div class='ocr_carea' id='block_1_29' title="bbox 1953 1542 2123 1599">
    <p class='ocr_par' dir='ltr' id='par_1_29' title="bbox 1953 1542 2123 1599">
     <span class='ocr_line' id='line_1_29' title="bbox 1953 1542 2123 1599; baseline 0 0"><span class='ocrx_word' id='word_1_200' title='bbox 1953 1542 2123 1599; x_wconf 85' lang='lat' dir='ltr'><strong>didit.</strong></span> 
     </span>
    </p>
   </div>
   <div class='ocr_carea' id='block_1_30' title="bbox 2545 1864 3011 1921">
    <p class='ocr_par' dir='ltr' id='par_1_30' title="bbox 2545 1864 3011 1921">
     <span class='ocr_line' id='line_1_30' title="bbox 2545 1864 3011 1921; baseline 0.002 -1"><span class='ocrx_word' id='word_1_201' title='bbox 2545 1864 2843 1921; x_wconf 80' lang='lat' dir='ltr'><strong>HOMlLIA</strong></span> <span class='ocrx_word' id='word_1_202' title='bbox 2887 1865 3011 1921; x_wconf 82' lang='lat' dir='ltr'><strong>VII.</strong></span> 
     </span>
    </p>
   </div>
   <div class='ocr_carea' id='block_1_31' title="bbox 259 1927 1843 2044">
    <p class='ocr_par' dir='ltr' id='par_1_31' title="bbox 259 1963 1843 2044">
     <span class='ocr_line' id='line_1_31' title="bbox 259 1963 1843 2044; baseline 0.002 -23"><span class='ocrx_word' id='word_1_203' title='bbox 259 1972 295 2023; x_wconf 87' lang='grc' dir='ltr'><strong>Ι.</strong></span> <span class='ocrx_word' id='word_1_204' title='bbox 328 1970 406 2041; x_wconf 79' lang='grc' dir='ltr'><strong>Τῇ</strong></span> <span class='ocrx_word' id='word_1_205' title='bbox 437 1968 485 2003; x_wconf 83' lang='grc'><strong>⁸⁷</strong></span> <span class='ocrx_word' id='word_1_206' title='bbox 513 1967 744 2040; x_wconf 78' lang='grc' dir='ltr'>τετάρτῃ</span> <span class='ocrx_word' id='word_1_207' title='bbox 776 1963 833 2020; x_wconf 75' lang='grc' dir='ltr'><strong>δὲ</strong></span> <span class='ocrx_word' id='word_1_208' title='bbox 876 1966 1059 2042; x_wconf 80' lang='grc' dir='ltr'>ἡμέρᾳ</span> <span class='ocrx_word' id='word_1_209' title='bbox 1108 1969 1205 2035; x_wconf 76' lang='grc' dir='ltr'>τῆς</span> <span class='ocrx_word' id='word_1_210' title='bbox 1236 1966 1289 2022; x_wconf 81' lang='grc' dir='ltr'>ἐν</span> <span class='ocrx_word' id='word_1_211' title='bbox 1340 1966 1505 2044; x_wconf 87' lang='grc' dir='ltr'>Τύρῳ</span> <span class='ocrx_word' id='word_1_212' title='bbox 1535 1970 1694 2041; x_wconf 71' lang='grc' dir='ltr'>ἡμῶν</span> <span class='ocrx_word' id='word_1_213' title='bbox 1729 1967 1843 2024; x_wconf 82' lang='grc' dir='ltr'>έπι-</span> 
     </span>
    </p>
   </div>
   <div class='ocr_carea' id='block_1_32' title="bbox 1957 1927 3608 2044">
    <p class='ocr_par' dir='ltr' id='par_1_32' title="bbox 2030 1970 3608 2043">
     <span class='ocr_line' id='line_1_32' title="bbox 2030 1970 3608 2043; baseline 0 -17"><span class='ocrx_word' id='word_1_214' title='bbox 2030 1970 2071 2026; x_wconf 94' lang='grc' dir='ltr'><strong>Ι.</strong></span> <span class='ocrx_word' id='word_1_215' title='bbox 2107 1972 2321 2037; x_wconf 86' lang='lat' dir='ltr'><strong>Quarto</strong></span> <span class='ocrx_word' id='word_1_216' title='bbox 2352 1985 2486 2026; x_wconf 89' lang='lat' dir='ltr'><strong>vero</strong></span> <span class='ocrx_word' id='word_1_217' title='bbox 2517 1971 2610 2027; x_wconf 91' lang='lat' dir='ltr'><strong>die</strong></span> <span class='ocrx_word' id='word_1_218' title='bbox 2641 1970 2824 2026; x_wconf 85' lang='lat' dir='ltr'><strong>nostri</strong></span> <span class='ocrx_word' id='word_1_219' title='bbox 2856 1970 3006 2042; x_wconf 89' lang='lat' dir='ltr'><strong>apud</strong></span> <span class='ocrx_word' id='word_1_220' title='bbox 3054 1971 3268 2043; x_wconf 86' lang='lat' dir='ltr'><strong>Tyrum</strong></span> <span class='ocrx_word' id='word_1_221' title='bbox 3321 1970 3608 2026; x_wconf 89' lang='lat' dir='ltr'><strong>adventus</strong></span> 
     </span>
    </p>
   </div>
   <div class='ocr_carea' id='block_1_33' title="bbox 201 2051 1847 2133">
    <p class='ocr_par' dir='ltr' id='par_1_33' title="bbox 201 2051 1847 2133">
     <span class='ocr_line' id='line_1_33' title="bbox 201 2051 1847 2133; baseline 0.002 -24"><span class='ocrx_word' id='word_1_222' title='bbox 201 2053 411 2127; x_wconf 78' lang='grc' dir='ltr'>δημίας,</span> <span class='ocrx_word' id='word_1_223' title='bbox 449 2056 558 2111; x_wconf 83' lang='grc' dir='ltr'>ὑπὸ</span> <span class='ocrx_word' id='word_1_224' title='bbox 588 2057 687 2125; x_wconf 72' lang='grc' dir='ltr'>τὴν</span> <span class='ocrx_word' id='word_1_225' title='bbox 713 2059 752 2112; x_wconf 82' lang='grc'>1</span> <span class='ocrx_word' id='word_1_226' title='bbox 771 2059 867 2112; x_wconf 70' lang='grc'><strong>74</strong></span> <span class='ocrx_word' id='word_1_227' title='bbox 889 2051 1083 2131; x_wconf 75' lang='grc' dir='ltr'>ὄρθρον</span> <span class='ocrx_word' id='word_1_228' title='bbox 1116 2054 1520 2130; x_wconf 80' lang='grc' dir='ltr'>προεληλυθότι</span> <span class='ocrx_word' id='word_1_229' title='bbox 1551 2062 1631 2129; x_wconf 80' lang='grc' dir='ltr'>τῷ</span> <span class='ocrx_word' id='word_1_230' title='bbox 1658 2059 1847 2133; x_wconf 85' lang='grc' dir='ltr'>Πέτρῳ</span> 
     </span>
    </p>
   </div>
   <div class='ocr_carea' id='block_1_34' title="bbox 201 2143 1848 2223">
    <p class='ocr_par' dir='ltr' id='par_1_34' title="bbox 201 2143 1848 2223">
     <span class='ocr_line' id='line_1_34' title="bbox 201 2143 1848 2223; baseline 0.003 -26"><span class='ocrx_word' id='word_1_231' title='bbox 201 2144 437 2214; x_wconf 66' lang='grc' dir='ltr'>ἀπήντων</span> <span class='ocrx_word' id='word_1_232' title='bbox 473 2143 870 2221; x_wconf 81' lang='grc' dir='ltr'>πλησιόχωροί</span> <span class='ocrx_word' id='word_1_233' title='bbox 896 2165 955 2199; x_wconf 90' lang='grc' dir='ltr'><strong>τε</strong></span> <span class='ocrx_word' id='word_1_234' title='bbox 985 2144 1085 2200; x_wconf 75' lang='grc' dir='ltr'><strong>οὐκ</strong></span> <span class='ocrx_word' id='word_1_235' title='bbox 1115 2144 1306 2219; x_wconf 79' lang='grc' dir='ltr'>ὀλίγοι</span> <span class='ocrx_word' id='word_1_236' title='bbox 1337 2147 1427 2200; x_wconf 79' lang='grc' dir='ltr'><strong>καὶ</strong></span> <span class='ocrx_word' id='word_1_237' title='bbox 1481 2146 1647 2216; x_wconf 82' lang='grc' dir='ltr'>αὐτῆς</span> <span class='ocrx_word' id='word_1_238' title='bbox 1674 2146 1848 2223; x_wconf 88' lang='grc' dir='ltr'>Τύρου</span> 
     </span>
    </p>
   </div>
   <div class='ocr_carea' id='block_1_35' title="bbox 203 2231 1849 2311">
    <p class='ocr_par' dir='ltr' id='par_1_35' title="bbox 203 2231 1849 2311">
     <span class='ocr_line' id='line_1_35' title="bbox 203 2231 1849 2311; baseline 0.002 -24"><span class='ocrx_word' id='word_1_239' title='bbox 203 2232 544 2305; x_wconf 73' lang='grc' dir='ltr'>πάμπολλοι,</span> <span class='ocrx_word' id='word_1_240' title='bbox 576 2234 667 2288; x_wconf 81' lang='grc' dir='ltr'><strong>καὶ</strong></span> <span class='ocrx_word' id='word_1_241' title='bbox 718 2232 1024 2311; x_wconf 64' lang='grc' dir='ltr'>ἐπεφώνουν</span> <span class='ocrx_word' id='word_1_242' title='bbox 1076 2231 1354 2308; x_wconf 84' lang='grc' dir='ltr'>λέγοντες.</span> <span class='ocrx_word' id='word_1_243' title='bbox 1382 2236 1442 2292; x_wconf 77' lang='grc' dir='ltr'><strong>Ὀ</strong></span> <span class='ocrx_word' id='word_1_244' title='bbox 1473 2234 1601 2298; x_wconf 86' lang='grc' dir='ltr'>Θεὸς</span> <span class='ocrx_word' id='word_1_245' title='bbox 1637 2233 1725 2290; x_wconf 76' lang='grc' dir='ltr'>διά</span> <span class='ocrx_word' id='word_1_246' title='bbox 1754 2241 1849 2291; x_wconf 79' lang='grc' dir='ltr'><strong>σοῦ</strong></span> 
     </span>
    </p>
   </div>
   <div class='ocr_carea' id='block_1_36' title="bbox 206 2320 1847 2399">
    <p class='ocr_par' dir='ltr' id='par_1_36' title="bbox 206 2320 1847 2399">
     <span class='ocr_line' id='line_1_36' title="bbox 206 2320 1847 2399; baseline 0.002 -23"><span class='ocrx_word' id='word_1_247' title='bbox 206 2323 338 2394; x_wconf 75' lang='grc' dir='ltr'>ἡμᾶς</span> <span class='ocrx_word' id='word_1_248' title='bbox 370 2321 621 2396; x_wconf 83' lang='grc' dir='ltr'>ἐλεείτω,</span> <span class='ocrx_word' id='word_1_249' title='bbox 656 2320 746 2378; x_wconf 74' lang='grc' dir='ltr'>διὰ</span> <span class='ocrx_word' id='word_1_250' title='bbox 776 2327 871 2377; x_wconf 77' lang='grc' dir='ltr'>σοῦ</span> <span class='ocrx_word' id='word_1_251' title='bbox 903 2323 1261 2398; x_wconf 83' lang='grc' dir='ltr'>θεραπευέτω.</span> <span class='ocrx_word' id='word_1_252' title='bbox 1294 2326 1355 2381; x_wconf 86' lang='grc' dir='ltr'>Ὀ</span> <span class='ocrx_word' id='word_1_253' title='bbox 1389 2320 1446 2378; x_wconf 74' lang='grc' dir='ltr'><strong>δὶ</strong></span> <span class='ocrx_word' id='word_1_254' title='bbox 1495 2324 1693 2399; x_wconf 83' lang='grc' dir='ltr'>Πέτρος</span> <span class='ocrx_word' id='word_1_255' title='bbox 1723 2322 1847 2395; x_wconf 79' lang='grc' dir='ltr'>ἔστη</span> 
     </span>
    </p>
   </div>
   <div class='ocr_carea' id='block_1_37' title="bbox 210 2409 1849 2487">
    <p class='ocr_par' dir='ltr' id='par_1_37' title="bbox 210 2409 1849 2487">
     <span class='ocr_line' id='line_1_37' title="bbox 210 2410 1759 2465; baseline 0.004 -41"><span class='ocrx_word' id='word_1_256' title='bbox 210 2410 284 2465; x_wconf 54' lang='grc' dir='ltr'><strong>ξπ.</strong></span> <span class='ocrx_word' id='word_1_257' title='bbox 344 2410 399 2465; x_wconf 71' lang='grc' dir='ltr'><strong>λ,</strong></span> <span class='ocrx_word' id='word_1_258' title='bbox 658 2411 672 2427; x_wconf 64' lang='grc' dir='ltr'><strong>ς</strong></span> <span class='ocrx_word' id='word_1_259' title='bbox 791 2411 805 2433; x_wconf 64' lang='grc' dir='ltr'>τ</span> <span class='ocrx_word' id='word_1_260' title='bbox 974 2415 999 2425; x_wconf 86' lang='grc'><strong>..</strong></span> <span class='ocrx_word' id='word_1_261' title='bbox 1144 2412 1158 2429; x_wconf 62' lang='grc' dir='ltr'><strong>ς</strong></span> <span class='ocrx_word' id='word_1_262' title='bbox 1311 2410 1325 2432; x_wconf 57' lang='grc' dir='ltr'><strong>ε</strong></span> <span class='ocrx_word' id='word_1_263' title='bbox 1428 2412 1441 2429; x_wconf 74' lang='grc'><strong><em>,</em></strong></span> <span class='ocrx_word' id='word_1_264' title='bbox 1732 2420 1759 2430; x_wconf 78' lang='grc'><strong>..</strong></span> 
     </span>
     <span class='ocr_line' id='line_1_38' title="bbox 276 2409 1849 2487; baseline 0.003 -23"><span class='ocrx_word' id='word_1_265' title='bbox 276 2436 287 2464; x_wconf 85' lang='grc' dir='ltr'><strong>ι</strong></span> <span class='ocrx_word' id='word_1_266' title='bbox 386 2424 505 2476; x_wconf 83' lang='grc' dir='ltr'>ιθου</span> <span class='ocrx_word' id='word_1_267' title='bbox 564 2432 713 2474; x_wconf 86' lang='grc' dir='ltr'>τινος</span> <span class='ocrx_word' id='word_1_268' title='bbox 786 2409 1003 2484; x_wconf 80' lang='grc' dir='ltr'>υψηλου</span> <span class='ocrx_word' id='word_1_269' title='bbox 1060 2430 1197 2487; x_wconf 93' lang='grc' dir='ltr'>προς</span> <span class='ocrx_word' id='word_1_270' title='bbox 1265 2433 1326 2466; x_wconf 91' lang='grc' dir='ltr'><strong>το</strong></span> <span class='ocrx_word' id='word_1_271' title='bbox 1383 2409 1632 2468; x_wconf 86' lang='grc' dir='ltr'>δυνασθαι</span> <span class='ocrx_word' id='word_1_272' title='bbox 1690 2435 1849 2469; x_wconf 90' lang='grc' dir='ltr'>πασιν</span> 
     </span>
    </p>
   </div>
   <div class='ocr_carea' id='block_1_38' title="bbox 212 2501 471 2574">
    <p class='ocr_par' dir='ltr' id='par_1_38' title="bbox 212 2501 471 2574">
     <span class='ocr_line' id='line_1_39' title="bbox 212 2501 471 2574; baseline -0.004 -19"><span class='ocrx_word' id='word_1_273' title='bbox 212 2501 420 2574; x_wconf 74' lang='grc' dir='ltr'>ὁρᾶσθαι</span> <span class='ocrx_word' id='word_1_274' title='bbox 455 2546 471 2571; x_wconf 84' lang='grc'><strong>,</strong></span> 
     </span>
    </p>
   </div>
   <div class='ocr_carea' id='block_1_39' title="bbox 216 2584 421 2660">
    <p class='ocr_par' dir='ltr' id='par_1_39' title="bbox 216 2584 421 2660">
     <span class='ocr_line' id='line_1_40' title="bbox 216 2584 421 2660; baseline 0.029 -5"><span class='ocrx_word' id='word_1_275' title='bbox 216 2584 421 2660; x_wconf 64' lang='grc' dir='ltr'>ἤρξατο·</span> 
     </span>
    </p>
   </div>
   <div class='ocr_carea' id='block_1_40' title="bbox 278 2675 1849 2753">
    <p class='ocr_par' dir='ltr' id='par_1_40' title="bbox 278 2675 1849 2753">
     <span class='ocr_line' id='line_1_41' title="bbox 278 2675 1849 2753; baseline 0.001 -22"><span class='ocrx_word' id='word_1_276' title='bbox 278 2680 341 2733; x_wconf 86' lang='lat' dir='ltr'><strong>Il.</strong></span> <span class='ocrx_word' id='word_1_277' title='bbox 394 2681 514 2749; x_wconf 84' lang='grc' dir='ltr'>Θεῷ</span> <span class='ocrx_word' id='word_1_278' title='bbox 561 2681 640 2748; x_wconf 82' lang='grc' dir='ltr'><strong>τῷ</strong></span> <span class='ocrx_word' id='word_1_279' title='bbox 687 2675 925 2732; x_wconf 80' lang='grc' dir='ltr'>κτίσαντι</span> <span class='ocrx_word' id='word_1_280' title='bbox 976 2678 1066 2732; x_wconf 81' lang='grc' dir='ltr'><strong>τὸν</strong></span> <span class='ocrx_word' id='word_1_281' title='bbox 1118 2676 1341 2753; x_wconf 73' lang='grc' dir='ltr'>οὐρανὸν</span> <span class='ocrx_word' id='word_1_282' title='bbox 1390 2676 1479 2733; x_wconf 75' lang='grc' dir='ltr'><strong>καὶ</strong></span> <span class='ocrx_word' id='word_1_283' title='bbox 1525 2677 1589 2734; x_wconf 87' lang='grc' dir='ltr'><strong>τὸ</strong></span> <span class='ocrx_word' id='word_1_284' title='bbox 1635 2677 1849 2751; x_wconf 88' lang='grc' dir='ltr'>σύμπαν</span> 
     </span>
    </p>
   </div>
   <div class='ocr_carea' id='block_1_41' title="bbox 214 2764 1851 2843">
    <p class='ocr_par' dir='ltr' id='par_1_41' title="bbox 214 2764 1851 2843">
     <span class='ocr_line' id='line_1_42' title="bbox 214 2764 1851 2843; baseline 0.002 -25"><span class='ocrx_word' id='word_1_285' title='bbox 214 2764 267 2818; x_wconf 76' lang='grc' dir='ltr'>οὐ</span> <span class='ocrx_word' id='word_1_286' title='bbox 317 2765 496 2822; x_wconf 77' lang='grc' dir='ltr'>λείπει</span> <span class='ocrx_word' id='word_1_287' title='bbox 554 2764 823 2843; x_wconf 74' lang='grc' dir='ltr'>πρόφασις</span> <span class='ocrx_word' id='word_1_288' title='bbox 899 2765 1038 2840; x_wconf 84' lang='grc' dir='ltr'>πρὸς</span> <span class='ocrx_word' id='word_1_289' title='bbox 1096 2766 1368 2842; x_wconf 83' lang='grc' dir='ltr'>σωτηρίαν</span> <span class='ocrx_word' id='word_1_290' title='bbox 1422 2770 1531 2822; x_wconf 79' lang='grc' dir='ltr'><strong>τῶν</strong></span> <span class='ocrx_word' id='word_1_291' title='bbox 1588 2767 1851 2836; x_wconf 79' lang='grc' dir='ltr'>σώζεσθαι</span> 
     </span>
    </p>
   </div>
   <div class='ocr_carea' id='block_1_42' title="bbox 211 2851 1852 2933">
    <p class='ocr_par' dir='ltr' id='par_1_42' title="bbox 211 2851 1852 2933">
     <span class='ocr_line' id='line_1_43' title="bbox 211 2851 1852 2933; baseline 0.003 -26"><span class='ocrx_word' id='word_1_292' title='bbox 211 2854 479 2911; x_wconf 84' lang='grc' dir='ltr'>θελόντων.</span> <span class='ocrx_word' id='word_1_293' title='bbox 514 2858 673 2917; x_wconf 88' lang='grc' dir='ltr'>Ὅθεν</span> <span class='ocrx_word' id='word_1_294' title='bbox 708 2851 850 2927; x_wconf 76' lang='grc' dir='ltr'>μηδὲ</span> <span class='ocrx_word' id='word_1_295' title='bbox 881 2852 968 2909; x_wconf 84' lang='grc' dir='ltr'>ἐπὶ</span> <span class='ocrx_word' id='word_1_296' title='bbox 999 2856 1043 2892; x_wconf 79' lang='grc'><strong>⁸⁸</strong></span> <span class='ocrx_word' id='word_1_297' title='bbox 1070 2860 1188 2917; x_wconf 90' lang='grc' dir='ltr'>τοῖς</span> <span class='ocrx_word' id='word_1_298' title='bbox 1231 2853 1449 2910; x_wconf 78' lang='grc' dir='ltr'>δοκοῦσι</span> <span class='ocrx_word' id='word_1_299' title='bbox 1487 2854 1715 2933; x_wconf 80' lang='grc' dir='ltr'>φαύλοις</span> <span class='ocrx_word' id='word_1_300' title='bbox 1748 2856 1852 2912; x_wconf 81' lang='grc' dir='ltr'>ὑπὸ</span> 
     </span>
    </p>
   </div>
   <div class='ocr_carea' id='block_1_43' title="bbox 211 2941 1849 3021">
    <p class='ocr_par' dir='ltr' id='par_1_43' title="bbox 211 2941 1849 3021">
     <span class='ocr_line' id='line_1_44' title="bbox 211 2941 1849 3021; baseline 0.001 -24"><span class='ocrx_word' id='word_1_301' title='bbox 211 2944 520 3019; x_wconf 77' lang='grc' dir='ltr'>προπετείας</span> <span class='ocrx_word' id='word_1_302' title='bbox 566 2964 649 3005; x_wconf 87' lang='grc' dir='ltr'><strong>τις</strong></span> <span class='ocrx_word' id='word_1_303' title='bbox 698 2941 859 2999; x_wconf 78' lang='grc' dir='ltr'>αὐτὸν</span> <span class='ocrx_word' id='word_1_304' title='bbox 910 2943 987 3005; x_wconf 85' lang='grc' dir='ltr'><strong>ὡς</strong></span> <span class='ocrx_word' id='word_1_305' title='bbox 1035 2944 1110 3017; x_wconf 80' lang='grc' dir='ltr'>μὴ</span> <span class='ocrx_word' id='word_1_306' title='bbox 1162 2946 1208 2981; x_wconf 80' lang='grc'><strong>⁸⁹</strong></span> <span class='ocrx_word' id='word_1_307' title='bbox 1244 2942 1625 3021; x_wconf 79' lang='grc' dir='ltr'>φιλάνθρωπον</span> <span class='ocrx_word' id='word_1_308' title='bbox 1676 2943 1849 2999; x_wconf 79' lang='grc' dir='ltr'>αἰτιά-</span> 
     </span>
    </p>
   </div>
   <div class='ocr_carea' id='block_1_44' title="bbox 210 3026 1849 3109">
    <p class='ocr_par' dir='ltr' id='par_1_44' title="bbox 210 3026 1849 3109">
     <span class='ocr_line' id='line_1_45' title="bbox 210 3026 1849 3109; baseline 0.002 -24"><span class='ocrx_word' id='word_1_309' title='bbox 210 3034 323 3089; x_wconf 87' lang='grc' dir='ltr'>σθω.</span> <span class='ocrx_word' id='word_1_310' title='bbox 380 3038 500 3088; x_wconf 84' lang='grc' dir='ltr'>Τῶν</span> <span class='ocrx_word' id='word_1_311' title='bbox 556 3032 661 3109; x_wconf 75' lang='grc' dir='ltr'><strong>γάρ</strong></span> <span class='ocrx_word' id='word_1_312' title='bbox 710 3026 1121 3106; x_wconf 84' lang='grc' dir='ltr'>συμϐαινόντων</span> <span class='ocrx_word' id='word_1_313' title='bbox 1182 3032 1450 3107; x_wconf 82' lang='grc' dir='ltr'>ἀνθρώπῳ</span> <span class='ocrx_word' id='word_1_314' title='bbox 1507 3036 1553 3071; x_wconf 79' lang='grc'>⁹⁰</span> <span class='ocrx_word' id='word_1_315' title='bbox 1606 3035 1672 3088; x_wconf 79' lang='grc' dir='ltr'>τὰ</span> <span class='ocrx_word' id='word_1_316' title='bbox 1716 3032 1849 3104; x_wconf 84' lang='grc' dir='ltr'>τέλη</span> 
     </span>
    </p>
   </div>
   <div class='ocr_carea' id='block_1_45' title="bbox 208 3119 1851 3197">
    <p class='ocr_par' dir='ltr' id='par_1_45' title="bbox 208 3119 1851 3197">
     <span class='ocr_line' id='line_1_46' title="bbox 208 3119 1851 3197; baseline 0.002 -23"><span class='ocrx_word' id='word_1_317' title='bbox 208 3119 502 3197; x_wconf 78' lang='grc' dir='ltr'>ἀνθρώποις</span> <span class='ocrx_word' id='word_1_318' title='bbox 571 3122 664 3194; x_wconf 78' lang='grc' dir='ltr'>μὲν</span> <span class='ocrx_word' id='word_1_319' title='bbox 724 3122 1015 3197; x_wconf 80' lang='grc' dir='ltr'>ἄγνωστα,</span> <span class='ocrx_word' id='word_1_320' title='bbox 1075 3121 1150 3184; x_wconf 82' lang='grc' dir='ltr'><strong>ὡς</strong></span> <span class='ocrx_word' id='word_1_321' title='bbox 1203 3122 1290 3177; x_wconf 82' lang='grc' dir='ltr'><strong>ἐπὶ</strong></span> <span class='ocrx_word' id='word_1_322' title='bbox 1348 3126 1498 3194; x_wconf 83' lang='grc' dir='ltr'><strong>κακῷ</strong></span> <span class='ocrx_word' id='word_1_323' title='bbox 1546 3122 1851 3178; x_wconf 81' lang='grc' dir='ltr'>ὑποπτευό-</span> 
     </span>
    </p>
   </div>
   <div class='ocr_carea' id='block_1_46' title="bbox 211 3205 1846 3288">
    <p class='ocr_par' dir='ltr' id='par_1_46' title="bbox 211 3205 1846 3288">
     <span class='ocr_line' id='line_1_47' title="bbox 211 3205 1846 3288; baseline 0.001 -24"><span class='ocrx_word' id='word_1_324' title='bbox 211 3230 326 3280; x_wconf 78' lang='grc' dir='ltr'>μενα</span> <span class='ocrx_word' id='word_1_325' title='bbox 355 3214 422 3280; x_wconf 71' lang='grc'><strong>⁸1,</strong></span> <span class='ocrx_word' id='word_1_326' title='bbox 456 3214 576 3282; x_wconf 84' lang='grc' dir='ltr'>Θεῷ</span> <span class='ocrx_word' id='word_1_327' title='bbox 624 3207 682 3265; x_wconf 67' lang='grc' dir='ltr'><strong>δὲ</strong></span> <span class='ocrx_word' id='word_1_328' title='bbox 724 3209 799 3272; x_wconf 86' lang='grc' dir='ltr'>ὡς</span> <span class='ocrx_word' id='word_1_329' title='bbox 851 3205 1243 3284; x_wconf 80' lang='grc' dir='ltr'>ἀποϐησόμενα</span> <span class='ocrx_word' id='word_1_330' title='bbox 1292 3210 1536 3286; x_wconf 84' lang='grc' dir='ltr'>εὐτυχῶς</span> <span class='ocrx_word' id='word_1_331' title='bbox 1570 3212 1846 3288; x_wconf 86' lang='grc' dir='ltr'>γνώριμα.</span> 
     </span>
    </p>
   </div>
   <div class='ocr_carea' id='block_1_47' title="bbox 531 2495 1850 2576">
    <p class='ocr_par' dir='ltr' id='par_1_47' title="bbox 531 2495 1850 2576">
     <span class='ocr_line' id='line_1_48' title="bbox 531 2495 1850 2576; baseline 0.002 -22"><span class='ocrx_word' id='word_1_332' title='bbox 531 2499 623 2555; x_wconf 80' lang='grc' dir='ltr'>καί</span> <span class='ocrx_word' id='word_1_333' title='bbox 675 2500 1112 2576; x_wconf 85' lang='grc' dir='ltr'>προσαγορεύσας</span> <span class='ocrx_word' id='word_1_334' title='bbox 1171 2495 1415 2565; x_wconf 87' lang='grc' dir='ltr'>θεοσεϐεῖ</span> <span class='ocrx_word' id='word_1_335' title='bbox 1463 2500 1620 2575; x_wconf 85' lang='grc' dir='ltr'>νόμῳ</span> <span class='ocrx_word' id='word_1_336' title='bbox 1677 2500 1850 2566; x_wconf 72' lang='grc' dir='ltr'>οὕτως</span> 
     </span>
    </p>
   </div>
   <div class='ocr_carea' id='block_1_48' title="bbox 1958 2056 3603 2130">
    <p class='ocr_par' dir='ltr' id='par_1_48' title="bbox 1958 2056 3603 2130">
     <span class='ocr_line' id='line_1_49' title="bbox 1958 2056 3603 2130; baseline -0.001 -16"><span class='ocrx_word' id='word_1_337' title='bbox 1958 2059 2067 2115; x_wconf 87' lang='lat' dir='ltr'><strong>sub</strong></span> <span class='ocrx_word' id='word_1_338' title='bbox 2099 2058 2429 2114; x_wconf 90' lang='lat' dir='ltr'><strong>diluculum</strong></span> <span class='ocrx_word' id='word_1_339' title='bbox 2462 2074 2697 2130; x_wconf 89' lang='lat' dir='ltr'><strong>egresso</strong></span> <span class='ocrx_word' id='word_1_340' title='bbox 2731 2058 2898 2113; x_wconf 90' lang='lat' dir='ltr'><strong>Petro</strong></span> <span class='ocrx_word' id='word_1_341' title='bbox 2932 2062 3340 2128; x_wconf 88' lang='lat' dir='ltr'><strong>processerunt</strong></span> <span class='ocrx_word' id='word_1_342' title='bbox 3370 2056 3603 2112; x_wconf 84' lang='lat' dir='ltr'><strong>obviam</strong></span> 
     </span>
    </p>
   </div>
   <div class='ocr_carea' id='block_1_49' title="bbox 1958 2144 3601 2219">
    <p class='ocr_par' dir='ltr' id='par_1_49' title="bbox 1958 2144 3601 2219">
     <span class='ocr_line' id='line_1_50' title="bbox 1958 2144 3601 2219; baseline -0.002 -16"><span class='ocrx_word' id='word_1_343' title='bbox 1958 2164 2072 2203; x_wconf 91' lang='lat' dir='ltr'><strong>non</strong></span> <span class='ocrx_word' id='word_1_344' title='bbox 2124 2147 2292 2218; x_wconf 86' lang='lat' dir='ltr'><strong>pauci</strong></span> <span class='ocrx_word' id='word_1_345' title='bbox 2329 2146 2581 2217; x_wconf 82' lang='lat' dir='ltr'><strong>finitimi,</strong></span> <span class='ocrx_word' id='word_1_346' title='bbox 2616 2163 2681 2201; x_wconf 89' lang='lat' dir='ltr'><strong>ac</strong></span> <span class='ocrx_word' id='word_1_347' title='bbox 2712 2163 2780 2201; x_wconf 83' lang='lat' dir='ltr'><strong>ex</strong></span> <span class='ocrx_word' id='word_1_348' title='bbox 2824 2147 2951 2219; x_wconf 87' lang='lat' dir='ltr'><strong>ipsa</strong></span> <span class='ocrx_word' id='word_1_349' title='bbox 2978 2147 3124 2217; x_wconf 81' lang='lat' dir='ltr'><strong>Tyro</strong></span> <span class='ocrx_word' id='word_1_350' title='bbox 3155 2144 3601 2217; x_wconf 89' lang='lat' dir='ltr'><strong>quamplurimi,</strong></span> 
     </span>
    </p>
   </div>
   <div class='ocr_carea' id='block_1_50' title="bbox 1958 2233 3607 2307">
    <p class='ocr_par' dir='ltr' id='par_1_50' title="bbox 1958 2233 3607 2307">
     <span class='ocr_line' id='line_1_51' title="bbox 1958 2233 3607 2307; baseline -0.001 -17"><span class='ocrx_word' id='word_1_351' title='bbox 1958 2239 2015 2290; x_wconf 87' lang='lat' dir='ltr'><strong>et</strong></span> <span class='ocrx_word' id='word_1_352' title='bbox 2045 2236 2447 2291; x_wconf 88' lang='lat' dir='ltr'><strong>acclamabant</strong></span> <span class='ocrx_word' id='word_1_353' title='bbox 2475 2235 2734 2291; x_wconf 88' lang='lat' dir='ltr'><strong>dicentes</strong></span> <span class='ocrx_word' id='word_1_354' title='bbox 2768 2253 2781 2291; x_wconf 92' lang='lat'>:</span> <span class='ocrx_word' id='word_1_355' title='bbox 2817 2235 2969 2291; x_wconf 84' lang='lat' dir='ltr'><strong>Deus</strong></span> <span class='ocrx_word' id='word_1_356' title='bbox 2999 2252 3100 2307; x_wconf 90' lang='lat' dir='ltr'><strong>per</strong></span> <span class='ocrx_word' id='word_1_357' title='bbox 3128 2240 3185 2290; x_wconf 84' lang='lat' dir='ltr'><strong>te</strong></span> <span class='ocrx_word' id='word_1_358' title='bbox 3216 2233 3400 2289; x_wconf 80' lang='lat' dir='ltr'><strong>nostri</strong></span> <span class='ocrx_word' id='word_1_359' title='bbox 3434 2234 3607 2289; x_wconf 88' lang='lat' dir='ltr'><strong>mise-</strong></span> 
     </span>
    </p>
   </div>
   <div class='ocr_carea' id='block_1_51' title="bbox 1960 2322 3600 2396">
    <p class='ocr_par' dir='ltr' id='par_1_51' title="bbox 1960 2322 3600 2396">
     <span class='ocr_line' id='line_1_52' title="bbox 1960 2322 3600 2396; baseline -0.001 -17"><span class='ocrx_word' id='word_1_360' title='bbox 1960 2329 2176 2395; x_wconf 87' lang='lat' dir='ltr'><strong>reatur,</strong></span> <span class='ocrx_word' id='word_1_361' title='bbox 2210 2341 2311 2396; x_wconf 91' lang='lat' dir='ltr'><strong>per</strong></span> <span class='ocrx_word' id='word_1_362' title='bbox 2340 2328 2395 2380; x_wconf 88' lang='lat' dir='ltr'><strong>te</strong></span> <span class='ocrx_word' id='word_1_363' title='bbox 2433 2341 2538 2380; x_wconf 91' lang='lat' dir='ltr'><strong>nos</strong></span> <span class='ocrx_word' id='word_1_364' title='bbox 2582 2329 2762 2379; x_wconf 92' lang='lat' dir='ltr'><strong>curet.</strong></span> <span class='ocrx_word' id='word_1_365' title='bbox 2801 2324 3006 2379; x_wconf 86' lang='lat' dir='ltr'><strong>Petrus</strong></span> <span class='ocrx_word' id='word_1_366' title='bbox 3048 2340 3179 2379; x_wconf 91' lang='lat' dir='ltr'><strong>vero</strong></span> <span class='ocrx_word' id='word_1_367' title='bbox 3212 2323 3374 2378; x_wconf 89' lang='lat' dir='ltr'><strong>stetit</strong></span> <span class='ocrx_word' id='word_1_368' title='bbox 3412 2322 3471 2377; x_wconf 91' lang='lat' dir='ltr'><strong>in</strong></span> <span class='ocrx_word' id='word_1_369' title='bbox 3502 2339 3600 2378; x_wconf 81' lang='lat' dir='ltr'><strong>ex-</strong></span> 
     </span>
    </p>
   </div>
   <div class='ocr_carea' id='block_1_52' title="bbox 1960 2412 3604 2486">
    <p class='ocr_par' dir='ltr' id='par_1_52' title="bbox 1960 2412 3604 2486">
     <span class='ocr_line' id='line_1_53' title="bbox 1960 2412 3604 2486; baseline -0.001 -17"><span class='ocrx_word' id='word_1_370' title='bbox 1960 2413 2115 2470; x_wconf 86' lang='lat' dir='ltr'><strong>celso</strong></span> <span class='ocrx_word' id='word_1_371' title='bbox 2144 2412 2359 2486; x_wconf 86' lang='lat' dir='ltr'><strong>lapide,</strong></span> <span class='ocrx_word' id='word_1_372' title='bbox 2393 2418 2457 2468; x_wconf 91' lang='lat' dir='ltr'><strong>ut</strong></span> <span class='ocrx_word' id='word_1_373' title='bbox 2486 2414 2559 2468; x_wconf 91' lang='lat' dir='ltr'><strong>ab</strong></span> <span class='ocrx_word' id='word_1_374' title='bbox 2590 2413 2867 2469; x_wconf 91' lang='lat' dir='ltr'><strong>omnibus</strong></span> <span class='ocrx_word' id='word_1_375' title='bbox 2896 2418 3093 2484; x_wconf 90' lang='lat' dir='ltr'><strong>posset</strong></span> <span class='ocrx_word' id='word_1_376' title='bbox 3122 2412 3402 2483; x_wconf 86' lang='lat' dir='ltr'><strong>conspici,</strong></span> <span class='ocrx_word' id='word_1_377' title='bbox 3439 2427 3604 2467; x_wconf 89' lang='lat' dir='ltr'><strong>cum-</strong></span> 
     </span>
    </p>
   </div>
   <div class='ocr_carea' id='block_1_53' title="bbox 1960 2501 3462 2576">
    <p class='ocr_par' dir='ltr' id='par_1_53' title="bbox 1960 2501 3462 2576">
     <span class='ocr_line' id='line_1_54' title="bbox 1960 2501 3462 2576; baseline -0.001 -19"><span class='ocrx_word' id='word_1_378' title='bbox 1960 2518 2075 2574; x_wconf 89' lang='lat' dir='ltr'><strong>que</strong></span> <span class='ocrx_word' id='word_1_379' title='bbox 2104 2502 2376 2576; x_wconf 85' lang='lat' dir='ltr'><strong>religioso</strong></span> <span class='ocrx_word' id='word_1_380' title='bbox 2416 2518 2576 2559; x_wconf 90' lang='lat' dir='ltr'><strong>more</strong></span> <span class='ocrx_word' id='word_1_381' title='bbox 2607 2501 2920 2558; x_wconf 89' lang='lat' dir='ltr'><strong>salutasset</strong></span> <span class='ocrx_word' id='word_1_382' title='bbox 2946 2502 3029 2557; x_wconf 89' lang='lat' dir='ltr'><strong>ita</strong></span> <span class='ocrx_word' id='word_1_383' title='bbox 3057 2517 3298 2557; x_wconf 84' lang='lat' dir='ltr'><strong>exorsus</strong></span> <span class='ocrx_word' id='word_1_384' title='bbox 3328 2504 3417 2556; x_wconf 91' lang='lat' dir='ltr'><strong>est</strong></span> <span class='ocrx_word' id='word_1_385' title='bbox 3448 2515 3462 2555; x_wconf 89' lang='lat'><strong>:</strong></span> 
     </span>
    </p>
   </div>
   <div class='ocr_carea' id='block_1_54' title="bbox 2033 2677 3608 2736">
    <p class='ocr_par' dir='ltr' id='par_1_54' title="bbox 2033 2677 3608 2736">
     <span class='ocr_line' id='line_1_55' title="bbox 2033 2677 3608 2736; baseline -0.002 -1"><span class='ocrx_word' id='word_1_386' title='bbox 2033 2680 2083 2735; x_wconf 83' lang='grc' dir='ltr'>ΙΙ</span> <span class='ocrx_word' id='word_1_387' title='bbox 2091 2721 2104 2734; x_wconf 94' lang='grc'><strong>.</strong></span> <span class='ocrx_word' id='word_1_388' title='bbox 2137 2679 2253 2736; x_wconf 92' lang='lat' dir='ltr'><strong>Deo</strong></span> <span class='ocrx_word' id='word_1_389' title='bbox 2282 2678 2525 2735; x_wconf 85' lang='lat' dir='ltr'><strong>creatori</strong></span> <span class='ocrx_word' id='word_1_390' title='bbox 2554 2677 2681 2735; x_wconf 66' lang='lat' dir='ltr'><strong>coeli</strong></span> <span class='ocrx_word' id='word_1_391' title='bbox 2712 2686 2767 2735; x_wconf 89' lang='lat' dir='ltr'><strong>et</strong></span> <span class='ocrx_word' id='word_1_392' title='bbox 2807 2677 3011 2735; x_wconf 89' lang='lat' dir='ltr'><strong>mundi</strong></span> <span class='ocrx_word' id='word_1_393' title='bbox 3044 2694 3157 2734; x_wconf 90' lang='lat' dir='ltr'><strong>non</strong></span> <span class='ocrx_word' id='word_1_394' title='bbox 3190 2678 3354 2734; x_wconf 91' lang='lat' dir='ltr'><strong>deest</strong></span> <span class='ocrx_word' id='word_1_395' title='bbox 3381 2677 3608 2733; x_wconf 89' lang='lat' dir='ltr'><strong>occasio</strong></span> 
     </span>
    </p>
   </div>
   <div class='ocr_carea' id='block_1_55' title="bbox 1962 2766 3606 2840">
    <p class='ocr_par' dir='ltr' id='par_1_55' title="bbox 1962 2766 3606 2840">
     <span class='ocr_line' id='line_1_56' title="bbox 1962 2766 3606 2840; baseline -0.002 -16"><span class='ocrx_word' id='word_1_396' title='bbox 1962 2769 2034 2825; x_wconf 89' lang='lat' dir='ltr'><strong>ad</strong></span> <span class='ocrx_word' id='word_1_397' title='bbox 2085 2768 2335 2825; x_wconf 83' lang='lat' dir='ltr'><strong>salutem</strong></span> <span class='ocrx_word' id='word_1_398' title='bbox 2385 2785 2586 2824; x_wconf 89' lang='lat' dir='ltr'><strong>eorum</strong></span> <span class='ocrx_word' id='word_1_399' title='bbox 2641 2768 2747 2840; x_wconf 81' lang='lat' dir='ltr'><strong>qui</strong></span> <span class='ocrx_word' id='word_1_400' title='bbox 2789 2767 3005 2823; x_wconf 88' lang='lat' dir='ltr'><strong>servari</strong></span> <span class='ocrx_word' id='word_1_401' title='bbox 3053 2766 3277 2824; x_wconf 87' lang='lat' dir='ltr'><strong>volunt.</strong></span> <span class='ocrx_word' id='word_1_402' title='bbox 3324 2766 3606 2832; x_wconf 88' lang='lat' dir='ltr'><strong>Quocirca</strong></span> 
     </span>
    </p>
   </div>
   <div class='ocr_carea' id='block_1_56' title="bbox 1961 2855 3604 2929">
    <p class='ocr_par' dir='ltr' id='par_1_56' title="bbox 1961 2855 3604 2929">
     <span class='ocr_line' id='line_1_57' title="bbox 1961 2855 3604 2929; baseline -0.002 -15"><span class='ocrx_word' id='word_1_403' title='bbox 1961 2874 2150 2929; x_wconf 91' lang='lat' dir='ltr'><strong>neque</strong></span> <span class='ocrx_word' id='word_1_404' title='bbox 2180 2858 2239 2912; x_wconf 90' lang='lat' dir='ltr'><strong>in</strong></span> <span class='ocrx_word' id='word_1_405' title='bbox 2271 2857 2363 2925; x_wconf 89' lang='lat' dir='ltr'><strong>iis,</strong></span> <span class='ocrx_word' id='word_1_406' title='bbox 2395 2874 2522 2929; x_wconf 68' lang='lat' dir='ltr'><strong>quae</strong></span> <span class='ocrx_word' id='word_1_407' title='bbox 2549 2858 2821 2913; x_wconf 92' lang='lat' dir='ltr'><strong>videntur</strong></span> <span class='ocrx_word' id='word_1_408' title='bbox 2849 2855 3024 2927; x_wconf 89' lang='lat' dir='ltr'><strong>mala,</strong></span> <span class='ocrx_word' id='word_1_409' title='bbox 3057 2856 3271 2929; x_wconf 85' lang='lat' dir='ltr'><strong>aliquis</strong></span> <span class='ocrx_word' id='word_1_410' title='bbox 3299 2873 3401 2928; x_wconf 89' lang='lat' dir='ltr'><strong>per</strong></span> <span class='ocrx_word' id='word_1_411' title='bbox 3424 2861 3604 2912; x_wconf 88' lang='lat' dir='ltr'><strong>teme-</strong></span> 
     </span>
    </p>
   </div>
   <div class='ocr_carea' id='block_1_57' title="bbox 1961 2945 3605 3003">
    <p class='ocr_par' dir='ltr' id='par_1_57' title="bbox 1961 2945 3605 3003">
     <span class='ocr_line' id='line_1_58' title="bbox 1961 2945 3605 3003; baseline -0.001 -1"><span class='ocrx_word' id='word_1_412' title='bbox 1961 2947 2191 3003; x_wconf 85' lang='lat' dir='ltr'><strong>ritatem</strong></span> <span class='ocrx_word' id='word_1_413' title='bbox 2215 2946 2382 3002; x_wconf 90' lang='lat' dir='ltr'><strong>illum</strong></span> <span class='ocrx_word' id='word_1_414' title='bbox 2406 2946 2559 3003; x_wconf 90' lang='lat' dir='ltr'><strong>velut</strong></span> <span class='ocrx_word' id='word_1_415' title='bbox 2579 2946 2887 3002; x_wconf 90' lang='lat' dir='ltr'><strong>hominum</strong></span> <span class='ocrx_word' id='word_1_416' title='bbox 2915 2963 3029 3003; x_wconf 93' lang='lat' dir='ltr'><strong>non</strong></span> <span class='ocrx_word' id='word_1_417' title='bbox 3046 2945 3605 3001; x_wconf 90' lang='lat' dir='ltr'><strong>amanteminsimu-</strong></span> 
     </span>
    </p>
   </div>
   <div class='ocr_carea' id='block_1_58' title="bbox 1959 3034 3606 3107">
    <p class='ocr_par' dir='ltr' id='par_1_58' title="bbox 1959 3034 3606 3107">
     <span class='ocr_line' id='line_1_59' title="bbox 1959 3034 3606 3107; baseline -0.001 -16"><span class='ocrx_word' id='word_1_418' title='bbox 1959 3035 2054 3091; x_wconf 81' lang='lat' dir='ltr'><strong>let.</strong></span> <span class='ocrx_word' id='word_1_419' title='bbox 2079 3036 2289 3091; x_wconf 86' lang='lat' dir='ltr'><strong>Eorum</strong></span> <span class='ocrx_word' id='word_1_420' title='bbox 2313 3036 2627 3107; x_wconf 71' lang='lat' dir='ltr'><strong>enim,quae</strong></span> <span class='ocrx_word' id='word_1_421' title='bbox 2648 3034 2883 3091; x_wconf 89' lang='lat' dir='ltr'><strong>mortali</strong></span> <span class='ocrx_word' id='word_1_422' title='bbox 2904 3034 3347 3101; x_wconf 71' lang='lat' dir='ltr'><strong>acciduntﬁnes</strong></span> <span class='ocrx_word' id='word_1_423' title='bbox 3368 3034 3606 3105; x_wconf 90' lang='lat' dir='ltr'><strong>quidem</strong></span> 
     </span>
    </p>
   </div>
   <div class='ocr_carea' id='block_1_59' title="bbox 1958 3121 3608 3197">
    <p class='ocr_par' dir='ltr' id='par_1_59' title="bbox 1958 3121 3608 3197">
     <span class='ocr_line' id='line_1_60' title="bbox 1958 3121 3608 3197; baseline -0.001 -18"><span class='ocrx_word' id='word_1_424' title='bbox 1958 3123 2299 3180; x_wconf 89' lang='lat' dir='ltr'><strong>hominibus</strong></span> <span class='ocrx_word' id='word_1_425' title='bbox 2332 3124 2613 3197; x_wconf 83' lang='lat' dir='ltr'><strong>incogniti</strong></span> <span class='ocrx_word' id='word_1_426' title='bbox 2663 3128 2822 3189; x_wconf 87' lang='lat' dir='ltr'><strong>sunt,</strong></span> <span class='ocrx_word' id='word_1_427' title='bbox 2855 3140 2921 3179; x_wconf 90' lang='lat' dir='ltr'><strong>ac</strong></span> <span class='ocrx_word' id='word_1_428' title='bbox 2967 3124 3038 3179; x_wconf 91' lang='lat' dir='ltr'><strong>de</strong></span> <span class='ocrx_word' id='word_1_429' title='bbox 3087 3122 3313 3178; x_wconf 90' lang='lat' dir='ltr'><strong>malitia</strong></span> <span class='ocrx_word' id='word_1_430' title='bbox 3358 3121 3608 3195; x_wconf 90' lang='lat' dir='ltr'><strong>supecti,</strong></span> 
     </span>
    </p>
   </div>
   <div class='ocr_carea' id='block_1_60' title="bbox 1959 3210 3610 3284">
    <p class='ocr_par' dir='ltr' id='par_1_60' title="bbox 1959 3210 3610 3284">
     <span class='ocr_line' id='line_1_61' title="bbox 1959 3210 3610 3284; baseline -0.002 -16"><span class='ocrx_word' id='word_1_431' title='bbox 1959 3212 2074 3268; x_wconf 91' lang='lat' dir='ltr'><strong>Deo</strong></span> <span class='ocrx_word' id='word_1_432' title='bbox 2106 3216 2301 3268; x_wconf 87' lang='lat' dir='ltr'><strong>autem</strong></span> <span class='ocrx_word' id='word_1_433' title='bbox 2333 3212 2570 3284; x_wconf 83' lang='lat' dir='ltr'><strong>cogniti,</strong></span> <span class='ocrx_word' id='word_1_434' title='bbox 2606 3216 2671 3267; x_wconf 91' lang='lat' dir='ltr'><strong>ut</strong></span> <span class='ocrx_word' id='word_1_435' title='bbox 2717 3210 2939 3267; x_wconf 89' lang='lat' dir='ltr'><strong>cessuri</strong></span> <span class='ocrx_word' id='word_1_436' title='bbox 2996 3211 3261 3267; x_wconf 85' lang='lat' dir='ltr'><strong>feliciter.</strong></span> <span class='ocrx_word' id='word_1_437' title='bbox 3298 3214 3491 3282; x_wconf 87' lang='lat' dir='ltr'><strong>Itaque</strong></span> <span class='ocrx_word' id='word_1_438' title='bbox 3519 3210 3610 3267; x_wconf 91' lang='lat' dir='ltr'><strong>Si-</strong></span> 
     </span>
    </p>
   </div>
   <div class='ocr_carea' id='block_1_61' title="bbox 204 3293 1843 3375">
    <p class='ocr_par' dir='ltr' id='par_1_61' title="bbox 204 3297 1839 3375">
     <span class='ocr_line' id='line_1_62' title="bbox 204 3297 1839 3375; baseline 0.001 -21"><span class='ocrx_word' id='word_1_439' title='bbox 204 3298 387 3354; x_wconf 74' lang='grc' dir='ltr'>Αὖτίκα</span> <span class='ocrx_word' id='word_1_440' title='bbox 434 3303 569 3375; x_wconf 77' lang='grc' dir='ltr'>γοῦν</span> <span class='ocrx_word' id='word_1_441' title='bbox 622 3298 809 3371; x_wconf 84' lang='grc' dir='ltr'>Σίμων</span> <span class='ocrx_word' id='word_1_442' title='bbox 861 3299 1114 3374; x_wconf 72' lang='grc' dir='ltr'>ἀριστερά</span> <span class='ocrx_word' id='word_1_443' title='bbox 1159 3302 1257 3353; x_wconf 72' lang='grc' dir='ltr'><strong>τοῦ</strong></span> <span class='ocrx_word' id='word_1_444' title='bbox 1310 3305 1443 3354; x_wconf 76' lang='grc' dir='ltr'>Θεοῦ</span> <span class='ocrx_word' id='word_1_445' title='bbox 1492 3297 1718 3374; x_wconf 85' lang='grc' dir='ltr'>δύναμις</span> <span class='ocrx_word' id='word_1_446' title='bbox 1766 3298 1839 3356; x_wconf 77' lang='grc' dir='ltr'>ὢν</span> 
     </span>
    </p>
   </div>
   <div class='ocr_carea' id='block_1_62' title="bbox 1957 3293 3607 3375">
    <p class='ocr_par' dir='ltr' id='par_1_62' title="bbox 1957 3298 3607 3371">
     <span class='ocr_line' id='line_1_63' title="bbox 1957 3298 3607 3371; baseline -0.001 -16"><span class='ocrx_word' id='word_1_447' title='bbox 1957 3316 2112 3365; x_wconf 89' lang='lat' dir='ltr'><strong>mon,</strong></span> <span class='ocrx_word' id='word_1_448' title='bbox 2147 3300 2245 3371; x_wconf 91' lang='lat' dir='ltr'><strong>qui</strong></span> <span class='ocrx_word' id='word_1_449' title='bbox 2277 3299 2517 3356; x_wconf 89' lang='lat' dir='ltr'><strong>sinistra</strong></span> <span class='ocrx_word' id='word_1_450' title='bbox 2548 3299 2643 3354; x_wconf 90' lang='lat' dir='ltr'><strong>Dei</strong></span> <span class='ocrx_word' id='word_1_451' title='bbox 2674 3300 2861 3355; x_wconf 88' lang='lat' dir='ltr'><strong>virtus</strong></span> <span class='ocrx_word' id='word_1_452' title='bbox 2890 3302 3471 3370; x_wconf 89' lang='lat' dir='ltr'><strong>est,potestatemque</strong></span> <span class='ocrx_word' id='word_1_453' title='bbox 3500 3298 3607 3354; x_wconf 90' lang='lat' dir='ltr'><strong>ba-</strong></span> 
     </span>
    </p>
   </div>
   <div class='ocr_carea' id='block_1_63' title="bbox 207 3385 1844 3461">
    <p class='ocr_par' dir='ltr' id='par_1_63' title="bbox 207 3385 1844 3461">
     <span class='ocr_line' id='line_1_64' title="bbox 207 3385 1844 3461; baseline 0.002 -20"><span class='ocrx_word' id='word_1_454' title='bbox 207 3388 283 3441; x_wconf 77' lang='grc' dir='ltr'>καί</span> <span class='ocrx_word' id='word_1_455' title='bbox 326 3393 430 3442; x_wconf 81' lang='grc' dir='ltr'>τῶν</span> <span class='ocrx_word' id='word_1_456' title='bbox 482 3388 579 3442; x_wconf 89' lang='grc' dir='ltr'>τὸν</span> <span class='ocrx_word' id='word_1_457' title='bbox 638 3388 767 3443; x_wconf 82' lang='grc' dir='ltr'>Θεὸν</span> <span class='ocrx_word' id='word_1_458' title='bbox 830 3387 929 3442; x_wconf 81' lang='grc' dir='ltr'><strong>οὐκ</strong></span> <span class='ocrx_word' id='word_1_459' title='bbox 980 3385 1202 3442; x_wconf 79' lang='grc' dir='ltr'>εἰδότων</span> <span class='ocrx_word' id='word_1_460' title='bbox 1258 3387 1345 3443; x_wconf 78' lang='grc' dir='ltr'><strong>ἐπὶ</strong></span> <span class='ocrx_word' id='word_1_461' title='bbox 1403 3388 1693 3461; x_wconf 78' lang='grc' dir='ltr'>κακοποιίᾳ</span> <span class='ocrx_word' id='word_1_462' title='bbox 1746 3391 1844 3459; x_wconf 79' lang='grc' dir='ltr'><strong>τὴν</strong></span> 
     </span>
    </p>
   </div>
   <div class='ocr_carea' id='block_1_64' title="bbox 209 3471 1849 3553">
    <p class='ocr_par' dir='ltr' id='par_1_64' title="bbox 209 3471 1849 3553">
     <span class='ocr_line' id='line_1_65' title="bbox 209 3471 1849 3553; baseline 0.002 -24"><span class='ocrx_word' id='word_1_463' title='bbox 209 3472 425 3546; x_wconf 69' lang='grc' dir='ltr'>ἰξουσίαν</span> <span class='ocrx_word' id='word_1_464' title='bbox 460 3473 609 3552; x_wconf 80' lang='grc' dir='ltr'>ἔχων</span> <span class='ocrx_word' id='word_1_465' title='bbox 643 3476 823 3539; x_wconf 89' lang='grc' dir='ltr'>νόσοις</span> <span class='ocrx_word' id='word_1_466' title='bbox 866 3476 1005 3550; x_wconf 79' lang='grc' dir='ltr'>ὑμᾶς</span> <span class='ocrx_word' id='word_1_467' title='bbox 1053 3471 1370 3553; x_wconf 87' lang='grc' dir='ltr'>περιϐαλεῖν</span> <span class='ocrx_word' id='word_1_468' title='bbox 1411 3473 1682 3549; x_wconf 71' lang='grc' dir='ltr'>ἠδυνήθη,</span> <span class='ocrx_word' id='word_1_469' title='bbox 1714 3475 1849 3532; x_wconf 73' lang='grc' dir='ltr'>α’ίτι-</span> 
     </span>
    </p>
   </div>
   <div class='ocr_carea' id='block_1_65' title="bbox 207 3562 1847 3642">
    <p class='ocr_par' dir='ltr' id='par_1_65' title="bbox 207 3562 1847 3642">
     <span class='ocr_line' id='line_1_66' title="bbox 207 3562 1847 3642; baseline 0.004 -27"><span class='ocrx_word' id='word_1_470' title='bbox 207 3584 280 3627; x_wconf 85' lang='grc' dir='ltr'><strong>νες</strong></span> <span class='ocrx_word' id='word_1_471' title='bbox 335 3562 421 3620; x_wconf 77' lang='grc' dir='ltr'>διὰ</span> <span class='ocrx_word' id='word_1_472' title='bbox 469 3567 575 3633; x_wconf 76' lang='grc' dir='ltr'>τὴν</span> <span class='ocrx_word' id='word_1_473' title='bbox 640 3570 738 3620; x_wconf 77' lang='grc' dir='ltr'><strong>τοῦ</strong></span> <span class='ocrx_word' id='word_1_474' title='bbox 802 3569 936 3620; x_wconf 77' lang='grc' dir='ltr'>Θεοῦ</span> <span class='ocrx_word' id='word_1_475' title='bbox 1002 3564 1209 3641; x_wconf 74' lang='grc' dir='ltr'>ἀγαθὴν</span> <span class='ocrx_word' id='word_1_476' title='bbox 1278 3566 1535 3642; x_wconf 91' lang='grc' dir='ltr'>πρόνοιαν</span> <span class='ocrx_word' id='word_1_477' title='bbox 1606 3565 1847 3642; x_wconf 87' lang='grc' dir='ltr'>γενέσθαι</span> 
     </span>
    </p>
   </div>
   <div class='ocr_carea' id='block_1_66' title="bbox 207 3652 1845 3729">
    <p class='ocr_par' dir='ltr' id='par_1_66' title="bbox 207 3652 1845 3729">
     <span class='ocr_line' id='line_1_67' title="bbox 207 3652 1845 3729; baseline 0.004 -26"><span class='ocrx_word' id='word_1_478' title='bbox 207 3656 637 3728; x_wconf 78' lang='grc' dir='ltr'>συγχωρηθεῖσαι</span> <span class='ocrx_word' id='word_1_479' title='bbox 686 3655 991 3729; x_wconf 73' lang='grc' dir='ltr'>ἠνάγκασαν</span> <span class='ocrx_word' id='word_1_480' title='bbox 1039 3655 1198 3727; x_wconf 79' lang='grc' dir='ltr'>ὑμᾶς,</span> <span class='ocrx_word' id='word_1_481' title='bbox 1248 3654 1338 3709; x_wconf 90' lang='grc' dir='ltr'><strong>τόν</strong></span> <span class='ocrx_word' id='word_1_482' title='bbox 1392 3654 1568 3719; x_wconf 83' lang='grc' dir='ltr'>ίᾶσθαι</span> <span class='ocrx_word' id='word_1_483' title='bbox 1619 3652 1845 3728; x_wconf 83' lang='grc' dir='ltr'>δυνάμε-</span> 
     </span>
    </p>
   </div>
   <div class='ocr_carea' id='block_1_67' title="bbox 206 3738 1845 3820">
    <p class='ocr_par' dir='ltr' id='par_1_67' title="bbox 206 3738 1845 3820">
     <span class='ocr_line' id='line_1_68' title="bbox 206 3738 1845 3820; baseline 0.002 -25"><span class='ocrx_word' id='word_1_484' title='bbox 206 3761 281 3794; x_wconf 83' lang='grc' dir='ltr'><strong>νον</strong></span> <span class='ocrx_word' id='word_1_485' title='bbox 333 3738 841 3817; x_wconf 74' lang='grc' dir='ltr'>περιϐλεψαμένους</span> <span class='ocrx_word' id='word_1_486' title='bbox 904 3741 994 3797; x_wconf 75' lang='grc' dir='ltr'><strong>καί</strong></span> <span class='ocrx_word' id='word_1_487' title='bbox 1062 3742 1314 3819; x_wconf 81' lang='grc' dir='ltr'>εὑρόντας</span> <span class='ocrx_word' id='word_1_488' title='bbox 1350 3788 1365 3813; x_wconf 88' lang='grc'><strong>,</strong></span> <span class='ocrx_word' id='word_1_489' title='bbox 1426 3745 1687 3820; x_wconf 78' lang='grc' dir='ltr'>προφάσει</span> <span class='ocrx_word' id='word_1_490' title='bbox 1744 3751 1845 3814; x_wconf 83' lang='grc' dir='ltr'><strong>τῆς</strong></span> 
     </span>
    </p>
   </div>
   <div class='ocr_carea' id='block_1_68' title="bbox 204 3829 1846 3907">
    <p class='ocr_par' dir='ltr' id='par_1_68' title="bbox 204 3829 1846 3907">
     <span class='ocr_line' id='line_1_69' title="bbox 204 3829 1846 3907; baseline 0.005 -26"><span class='ocrx_word' id='word_1_491' title='bbox 204 3831 570 3904; x_wconf 74' lang='grc' dir='ltr'>τοῦσώματος</span> <span class='ocrx_word' id='word_1_492' title='bbox 621 3831 903 3907; x_wconf 83' lang='grc' dir='ltr'>θεραπείας</span> <span class='ocrx_word' id='word_1_493' title='bbox 954 3831 1020 3886; x_wconf 80' lang='grc' dir='ltr'>τὰ</span> <span class='ocrx_word' id='word_1_494' title='bbox 1067 3836 1183 3904; x_wconf 88' lang='grc' dir='ltr'>Θεῷ</span> <span class='ocrx_word' id='word_1_495' title='bbox 1233 3829 1496 3887; x_wconf 77' lang='grc' dir='ltr'>δοκοῦντα</span> <span class='ocrx_word' id='word_1_496' title='bbox 1526 3829 1846 3906; x_wconf 81' lang='grc' dir='ltr'>ἀναδεξαμέ-</span> 
     </span>
    </p>
   </div>
   <div class='ocr_carea' id='block_1_69' title="bbox 203 3918 1841 3998">
    <p class='ocr_par' dir='ltr' id='par_1_69' title="bbox 203 3918 1841 3998">
     <span class='ocr_line' id='line_1_70' title="bbox 203 3918 1841 3998; baseline 0.005 -29"><span class='ocrx_word' id='word_1_497' title='bbox 203 3937 330 3983; x_wconf 78' lang='grc' dir='ltr'>νους,</span> <span class='ocrx_word' id='word_1_498' title='bbox 360 3922 653 3990; x_wconf 79' lang='grc' dir='ltr'>πεισθῆναι</span> <span class='ocrx_word' id='word_1_499' title='bbox 686 3926 923 3998; x_wconf 80' lang='grc' dir='ltr'>φρονεῖν,</span> <span class='ocrx_word' id='word_1_500' title='bbox 971 3918 1063 3975; x_wconf 70' lang='grc' dir='ltr'>’ίνα</span> <span class='ocrx_word' id='word_1_501' title='bbox 1110 3919 1282 3983; x_wconf 65' lang='grc' dir='ltr'>οὕτως</span> <span class='ocrx_word' id='word_1_502' title='bbox 1314 3920 1426 3993; x_wconf 78' lang='grc' dir='ltr'><strong>ἅμα</strong></span> <span class='ocrx_word' id='word_1_503' title='bbox 1470 3926 1587 3983; x_wconf 89' lang='grc' dir='ltr'>τοῖς</span> <span class='ocrx_word' id='word_1_504' title='bbox 1627 3921 1841 3996; x_wconf 88' lang='grc' dir='ltr'>σώμασι</span> 
     </span>
    </p>
   </div>
   <div class='ocr_carea' id='block_1_70' title="bbox 206 4007 1458 4085">
    <p class='ocr_par' dir='ltr' id='par_1_70' title="bbox 206 4007 1458 4085">
     <span class='ocr_line' id='line_1_71' title="bbox 206 4007 1458 4085; baseline 0.014 -27"><span class='ocrx_word' id='word_1_505' title='bbox 206 4010 603 4081; x_wconf 78' lang='grc' dir='ltr'>σωθησομένοις</span> <span class='ocrx_word' id='word_1_506' title='bbox 632 4008 725 4063; x_wconf 86' lang='grc' dir='ltr'><strong>καὶ</strong></span> <span class='ocrx_word' id='word_1_507' title='bbox 753 4008 847 4071; x_wconf 76' lang='grc' dir='ltr'><strong>τὰς</strong></span> <span class='ocrx_word' id='word_1_508' title='bbox 879 4010 1061 4084; x_wconf 75' lang='grc' dir='ltr'>ψυχὰς</span> <span class='ocrx_word' id='word_1_509' title='bbox 1092 4009 1234 4071; x_wconf 85' lang='grc' dir='ltr'>σώας</span> <span class='ocrx_word' id='word_1_510' title='bbox 1270 4007 1458 4085; x_wconf 66' lang='grc' dir='ltr'>ἔχητε.</span> 
     </span>
    </p>
   </div>
   <div class='ocr_carea' id='block_1_71' title="bbox 261 4096 1840 4173">
    <p class='ocr_par' dir='ltr' id='par_1_71' title="bbox 261 4096 1840 4173">
     <span class='ocr_line' id='line_1_72' title="bbox 261 4096 1840 4173; baseline 0.002 -22"><span class='ocrx_word' id='word_1_511' title='bbox 261 4100 349 4154; x_wconf 86' lang='lat' dir='ltr'><strong>Ill.</strong></span> <span class='ocrx_word' id='word_1_512' title='bbox 380 4096 652 4154; x_wconf 73' lang='grc' dir='ltr'>Μανθάνω</span> <span class='ocrx_word' id='word_1_513' title='bbox 680 4097 795 4167; x_wconf 80' lang='grc' dir='ltr'>οὗν,</span> <span class='ocrx_word' id='word_1_514' title='bbox 845 4097 920 4159; x_wconf 86' lang='grc' dir='ltr'>ὡς</span> <span class='ocrx_word' id='word_1_515' title='bbox 974 4098 1308 4172; x_wconf 74' lang='grc' dir='ltr'>βουθυτήσας</span> <span class='ocrx_word' id='word_1_516' title='bbox 1350 4097 1583 4154; x_wconf 73' lang='grc' dir='ltr'>ἑστίασιν</span> <span class='ocrx_word' id='word_1_517' title='bbox 1612 4101 1657 4136; x_wconf 67' lang='grc'><strong>⁸³</strong></span> <span class='ocrx_word' id='word_1_518' title='bbox 1700 4099 1840 4173; x_wconf 80' lang='grc' dir='ltr'>ὑμᾶς</span> 
     </span>
    </p>
   </div>
   <div class='ocr_carea' id='block_1_72' title="bbox 205 4181 1839 4265">
    <p class='ocr_par' dir='ltr' id='par_1_72' title="bbox 205 4181 1839 4265">
     <span class='ocr_line' id='line_1_73' title="bbox 205 4181 1839 4265; baseline 0.004 -28"><span class='ocrx_word' id='word_1_519' title='bbox 205 4181 249 4237; x_wconf 82' lang='grc' dir='ltr'>ὲν</span> <span class='ocrx_word' id='word_1_520' title='bbox 277 4186 404 4261; x_wconf 73' lang='grc' dir='ltr'>μέσῃ</span> <span class='ocrx_word' id='word_1_521' title='bbox 540 4184 734 4262; x_wconf 81' lang='grc' dir='ltr'>ἀγορᾷ,</span> <span class='ocrx_word' id='word_1_522' title='bbox 764 4186 853 4241; x_wconf 81' lang='grc' dir='ltr'><strong>καὶ</strong></span> <span class='ocrx_word' id='word_1_523' title='bbox 886 4185 1060 4249; x_wconf 68' lang='grc' dir='ltr'>οὕτως</span> <span class='ocrx_word' id='word_1_524' title='bbox 1094 4187 1249 4260; x_wconf 84' lang='grc' dir='ltr'>ὑμεῖς</span> <span class='ocrx_word' id='word_1_525' title='bbox 1282 4184 1419 4260; x_wconf 85' lang='grc' dir='ltr'>οἷ’νῳ</span> <span class='ocrx_word' id='word_1_526' title='bbox 1448 4186 1645 4261; x_wconf 87' lang='grc' dir='ltr'>πολλῷ</span> <span class='ocrx_word' id='word_1_527' title='bbox 1670 4208 1839 4265; x_wconf 79' lang='grc' dir='ltr'>παρε·</span> 
     </span>
    </p>
   </div>
   <div class='ocr_carea' id='block_1_73' title="bbox 202 4272 1839 4354">
    <p class='ocr_par' dir='ltr' id='par_1_73' title="bbox 202 4272 1839 4354">
     <span class='ocr_line' id='line_1_74' title="bbox 202 4272 1839 4354; baseline 0.004 -28"><span class='ocrx_word' id='word_1_528' title='bbox 202 4274 447 4349; x_wconf 79' lang='grc' dir='ltr'>νεχθέντες</span> <span class='ocrx_word' id='word_1_529' title='bbox 496 4275 613 4347; x_wconf 76' lang='grc' dir='ltr'><strong>ἃμα</strong></span> <span class='ocrx_word' id='word_1_530' title='bbox 674 4280 791 4337; x_wconf 88' lang='grc' dir='ltr'>τοῖς</span> <span class='ocrx_word' id='word_1_531' title='bbox 840 4280 1105 4350; x_wconf 88' lang='grc' dir='ltr'>πονηροῖς</span> <span class='ocrx_word' id='word_1_532' title='bbox 1174 4272 1395 4351; x_wconf 84' lang='grc' dir='ltr'>δαίμοσι</span> <span class='ocrx_word' id='word_1_533' title='bbox 1451 4276 1542 4332; x_wconf 84' lang='grc' dir='ltr'>τὸν</span> <span class='ocrx_word' id='word_1_534' title='bbox 1597 4275 1839 4354; x_wconf 81' lang='grc' dir='ltr'>ἄρχοντα</span> 
     </span>
    </p>
   </div>
   <div class='ocr_carea' id='block_1_74' title="bbox 206 4360 1834 4442">
    <p class='ocr_par' dir='ltr' id='par_1_74' title="bbox 206 4360 1834 4442">
     <span class='ocr_line' id='line_1_75' title="bbox 206 4360 1834 4442; baseline 0.004 -27"><span class='ocrx_word' id='word_1_535' title='bbox 206 4360 354 4418; x_wconf 59' lang='lat' dir='ltr'><strong>eritch</strong></span> <span class='ocrx_word' id='word_1_536' title='bbox 398 4362 869 4442; x_wconf 66' lang='grc' dir='ltr'>έφιλοφρονεῖσθε,</span> <span class='ocrx_word' id='word_1_537' title='bbox 919 4364 1007 4419; x_wconf 83' lang='grc' dir='ltr'>καὶ</span> <span class='ocrx_word' id='word_1_538' title='bbox 1057 4364 1231 4427; x_wconf 75' lang='grc' dir='ltr'>οὕτως</span> <span class='ocrx_word' id='word_1_539' title='bbox 1286 4365 1436 4437; x_wconf 85' lang='grc' dir='ltr'>ὑμῶν</span> <span class='ocrx_word' id='word_1_540' title='bbox 1490 4365 1541 4420; x_wconf 82' lang='grc' dir='ltr'>οἷ</span> <span class='ocrx_word' id='word_1_541' title='bbox 1587 4365 1834 4422; x_wconf 89' lang='grc' dir='ltr'>πλεῖστοι</span> 
     </span>
    </p>
   </div>
   <div class='ocr_carea' id='block_1_75' title="bbox 207 4449 1837 4530">
    <p class='ocr_par' dir='ltr' id='par_1_75' title="bbox 207 4449 1837 4530">
     <span class='ocr_line' id='line_1_76' title="bbox 207 4449 1837 4530; baseline 0.003 -27"><span class='ocrx_word' id='word_1_542' title='bbox 207 4449 289 4504; x_wconf 71' lang='grc' dir='ltr'><strong>ὑπὸ</strong></span> <span class='ocrx_word' id='word_1_543' title='bbox 332 4458 434 4508; x_wconf 82' lang='grc' dir='ltr'>τῶν</span> <span class='ocrx_word' id='word_1_544' title='bbox 486 4458 676 4517; x_wconf 82' lang='grc' dir='ltr'>παθῶν</span> <span class='ocrx_word' id='word_1_545' title='bbox 734 4456 881 4512; x_wconf 76' lang='lat' dir='ltr'><strong>I75</strong></span> <span class='ocrx_word' id='word_1_546' title='bbox 936 4454 1371 4530; x_wconf 64' lang='grc' dir='ltr'>κατελήφθησαν,</span> <span class='ocrx_word' id='word_1_547' title='bbox 1426 4453 1642 4530; x_wconf 81' lang='grc' dir='ltr'>ἀγνοίας</span> <span class='ocrx_word' id='word_1_548' title='bbox 1691 4454 1837 4528; x_wconf 66' lang='grc' dir='ltr'>αἰτίᾳ</span> 
     </span>
    </p>
   </div>
   <div class='ocr_carea' id='block_1_76' title="bbox 205 4540 1832 4618">
    <p class='ocr_par' dir='ltr' id='par_1_76' title="bbox 205 4540 1832 4618">
     <span class='ocr_line' id='line_1_77' title="bbox 205 4540 1832 4618; baseline 0.003 -25"><span class='ocrx_word' id='word_1_549' title='bbox 205 4543 302 4594; x_wconf 76' lang='grc' dir='ltr'>καθ’</span> <span class='ocrx_word' id='word_1_550' title='bbox 329 4543 533 4599; x_wconf 67' lang='grc' dir='ltr'>ἑαυτῶν</span> <span class='ocrx_word' id='word_1_551' title='bbox 569 4540 729 4604; x_wconf 84' lang='grc' dir='ltr'>ἰδίαις</span> <span class='ocrx_word' id='word_1_552' title='bbox 775 4542 962 4618; x_wconf 82' lang='grc' dir='ltr'>χερσὶν</span> <span class='ocrx_word' id='word_1_553' title='bbox 1001 4542 1423 4615; x_wconf 84' lang='grc' dir='ltr'>ἐπισπασάμενοι</span> <span class='ocrx_word' id='word_1_554' title='bbox 1468 4543 1531 4597; x_wconf 85' lang='grc' dir='ltr'>τὸ</span> <span class='ocrx_word' id='word_1_555' title='bbox 1576 4547 1673 4597; x_wconf 78' lang='grc' dir='ltr'><strong>τοῦ</strong></span> <span class='ocrx_word' id='word_1_556' title='bbox 1707 4541 1832 4598; x_wconf 82' lang='grc' dir='ltr'>ὀλέ-</span> 
     </span>
    </p>
   </div>
   <div class='ocr_carea' id='block_1_77' title="bbox 1957 3386 3603 3458">
    <p class='ocr_par' dir='ltr' id='par_1_77' title="bbox 1957 3386 3603 3458">
     <span class='ocr_line' id='line_1_78' title="bbox 1957 3386 3603 3458; baseline 0 -13"><span class='ocrx_word' id='word_1_557' title='bbox 1957 3389 2054 3445; x_wconf 90' lang='lat' dir='ltr'><strong>bet</strong></span> <span class='ocrx_word' id='word_1_558' title='bbox 2073 3388 2143 3443; x_wconf 90' lang='lat' dir='ltr'><strong>ad</strong></span> <span class='ocrx_word' id='word_1_559' title='bbox 2177 3388 2621 3443; x_wconf 82' lang='lat' dir='ltr'><strong>maleﬁcentiam</strong></span> <span class='ocrx_word' id='word_1_560' title='bbox 2644 3388 2703 3443; x_wconf 92' lang='lat' dir='ltr'><strong>in</strong></span> <span class='ocrx_word' id='word_1_561' title='bbox 2736 3403 2835 3442; x_wconf 91' lang='lat' dir='ltr'><strong>eos</strong></span> <span class='ocrx_word' id='word_1_562' title='bbox 2858 3386 2956 3458; x_wconf 89' lang='lat' dir='ltr'><strong>qui</strong></span> <span class='ocrx_word' id='word_1_563' title='bbox 2989 3386 3171 3441; x_wconf 90' lang='lat' dir='ltr'><strong>Deum</strong></span> <span class='ocrx_word' id='word_1_564' title='bbox 3204 3387 3603 3455; x_wconf 88' lang='lat' dir='ltr'><strong>nesciunt,vos</strong></span> 
     </span>
    </p>
   </div>
   <div class='ocr_carea' id='block_1_78' title="bbox 1954 3474 3606 3550">
    <p class='ocr_par' dir='ltr' id='par_1_78' title="bbox 1954 3474 3606 3550">
     <span class='ocr_line' id='line_1_79' title="bbox 1954 3474 3606 3550; baseline -0.001 -17"><span class='ocrx_word' id='word_1_565' title='bbox 1954 3476 2144 3550; x_wconf 89' lang='lat' dir='ltr'><strong>potuit</strong></span> <span class='ocrx_word' id='word_1_566' title='bbox 2170 3476 2390 3533; x_wconf 88' lang='lat' dir='ltr'><strong>morbis</strong></span> <span class='ocrx_word' id='word_1_567' title='bbox 2418 3475 2741 3549; x_wconf 89' lang='lat' dir='ltr'><strong>implicare.</strong></span> <span class='ocrx_word' id='word_1_568' title='bbox 2772 3476 2871 3547; x_wconf 92' lang='lat' dir='ltr'><strong>qui</strong></span> <span class='ocrx_word' id='word_1_569' title='bbox 2905 3474 3092 3530; x_wconf 90' lang='lat' dir='ltr'><strong>morbi</strong></span> <span class='ocrx_word' id='word_1_570' title='bbox 3124 3491 3227 3547; x_wconf 89' lang='lat' dir='ltr'><strong>per</strong></span> <span class='ocrx_word' id='word_1_571' title='bbox 3256 3475 3469 3531; x_wconf 89' lang='lat' dir='ltr'><strong>bonam</strong></span> <span class='ocrx_word' id='word_1_572' title='bbox 3502 3476 3606 3532; x_wconf 90' lang='lat' dir='ltr'><strong>Dei</strong></span> 
     </span>
    </p>
   </div>
   <div class='ocr_carea' id='block_1_79' title="bbox 1953 3563 3603 3637">
    <p class='ocr_par' dir='ltr' id='par_1_79' title="bbox 1953 3563 3603 3637">
     <span class='ocr_line' id='line_1_80' title="bbox 1953 3563 3603 3637; baseline 0 -17"><span class='ocrx_word' id='word_1_573' title='bbox 1953 3566 2378 3637; x_wconf 90' lang='lat' dir='ltr'><strong>providentiam</strong></span> <span class='ocrx_word' id='word_1_574' title='bbox 2416 3565 2647 3621; x_wconf 91' lang='lat' dir='ltr'><strong>evenire</strong></span> <span class='ocrx_word' id='word_1_575' title='bbox 2696 3563 2967 3636; x_wconf 89' lang='lat' dir='ltr'><strong>permissi</strong></span> <span class='ocrx_word' id='word_1_576' title='bbox 3005 3568 3319 3636; x_wconf 86' lang='lat' dir='ltr'><strong>coegerunt</strong></span> <span class='ocrx_word' id='word_1_577' title='bbox 3362 3581 3483 3632; x_wconf 91' lang='lat' dir='ltr'><strong>vos,</strong></span> <span class='ocrx_word' id='word_1_578' title='bbox 3536 3570 3603 3620; x_wconf 92' lang='lat' dir='ltr'><strong>ut</strong></span> 
     </span>
    </p>
   </div>
   <div class='ocr_carea' id='block_1_80' title="bbox 1952 3653 3600 3726">
    <p class='ocr_par' dir='ltr' id='par_1_80' title="bbox 1952 3653 3600 3726">
     <span class='ocr_line' id='line_1_81' title="bbox 1952 3653 3600 3726; baseline 0.001 -18"><span class='ocrx_word' id='word_1_579' title='bbox 1952 3654 2194 3726; x_wconf 74' lang='lat' dir='ltr'><strong>quaesito</strong></span> <span class='ocrx_word' id='word_1_580' title='bbox 2226 3671 2291 3710; x_wconf 93' lang='lat' dir='ltr'><strong>eo</strong></span> <span class='ocrx_word' id='word_1_581' title='bbox 2319 3654 2416 3726; x_wconf 90' lang='lat' dir='ltr'><strong>qui</strong></span> <span class='ocrx_word' id='word_1_582' title='bbox 2447 3654 2640 3710; x_wconf 81' lang='lat' dir='ltr'><strong>sinare</strong></span> <span class='ocrx_word' id='word_1_583' title='bbox 2673 3653 2888 3709; x_wconf 87' lang='lat' dir='ltr'><strong>valeret</strong></span> <span class='ocrx_word' id='word_1_584' title='bbox 2917 3658 2974 3709; x_wconf 91' lang='lat' dir='ltr'><strong>et</strong></span> <span class='ocrx_word' id='word_1_585' title='bbox 3005 3653 3261 3718; x_wconf 84' lang='lat' dir='ltr'><strong>invento,</strong></span> <span class='ocrx_word' id='word_1_586' title='bbox 3294 3654 3600 3709; x_wconf 86' lang='lat' dir='ltr'><strong>occasione</strong></span> 
     </span>
    </p>
   </div>
   <div class='ocr_carea' id='block_1_81' title="bbox 1951 3742 3601 3815">
    <p class='ocr_par' dir='ltr' id='par_1_81' title="bbox 1951 3742 3601 3815">
     <span class='ocr_line' id='line_1_82' title="bbox 1951 3742 3601 3815; baseline -0.001 -16"><span class='ocrx_word' id='word_1_587' title='bbox 1951 3743 2271 3815; x_wconf 88' lang='lat' dir='ltr'><strong>corporalis</strong></span> <span class='ocrx_word' id='word_1_588' title='bbox 2303 3742 2539 3799; x_wconf 59' lang='lat' dir='ltr'><strong>medela:</strong></span> <span class='ocrx_word' id='word_1_589' title='bbox 2588 3742 2804 3815; x_wconf 87' lang='lat' dir='ltr'><strong>placita</strong></span> <span class='ocrx_word' id='word_1_590' title='bbox 2850 3742 2966 3799; x_wconf 88' lang='lat' dir='ltr'><strong>Deo</strong></span> <span class='ocrx_word' id='word_1_591' title='bbox 2998 3742 3379 3814; x_wconf 88' lang='lat' dir='ltr'><strong>susciperetis</strong></span> <span class='ocrx_word' id='word_1_592' title='bbox 3427 3747 3601 3813; x_wconf 89' lang='lat' dir='ltr'><strong>atque</strong></span> 
     </span>
    </p>
   </div>
   <div class='ocr_carea' id='block_1_82' title="bbox 1949 3829 3607 3903">
    <p class='ocr_par' dir='ltr' id='par_1_82' title="bbox 1949 3829 3607 3903">
     <span class='ocr_line' id='line_1_83' title="bbox 1949 3829 3607 3903; baseline -0.002 -14"><span class='ocrx_word' id='word_1_593' title='bbox 1949 3832 2263 3889; x_wconf 88' lang='lat' dir='ltr'><strong>crederetis</strong></span> <span class='ocrx_word' id='word_1_594' title='bbox 2323 3838 2387 3888; x_wconf 92' lang='lat' dir='ltr'><strong>ut</strong></span> <span class='ocrx_word' id='word_1_595' title='bbox 2417 3833 2501 3888; x_wconf 93' lang='lat' dir='ltr'><strong>sic</strong></span> <span class='ocrx_word' id='word_1_596' title='bbox 2534 3850 2651 3888; x_wconf 91' lang='lat' dir='ltr'><strong>una</strong></span> <span class='ocrx_word' id='word_1_597' title='bbox 2691 3849 2825 3889; x_wconf 93' lang='lat' dir='ltr'><strong>cum</strong></span> <span class='ocrx_word' id='word_1_598' title='bbox 2871 3830 3113 3889; x_wconf 89' lang='lat' dir='ltr'><strong>servatis</strong></span> <span class='ocrx_word' id='word_1_599' title='bbox 3163 3829 3507 3903; x_wconf 89' lang='lat' dir='ltr'><strong>corporibus</strong></span> <span class='ocrx_word' id='word_1_600' title='bbox 3549 3835 3607 3886; x_wconf 91' lang='lat' dir='ltr'><strong>et</strong></span> 
     </span>
    </p>
   </div>
   <div class='ocr_carea' id='block_1_83' title="bbox 1950 3920 2713 3979">
    <p class='ocr_par' dir='ltr' id='par_1_83' title="bbox 1950 3920 2713 3979">
     <span class='ocr_line' id='line_1_84' title="bbox 1950 3920 2713 3979; baseline 0 -2"><span class='ocrx_word' id='word_1_601' title='bbox 1950 3920 2179 3979; x_wconf 87' lang='lat' dir='ltr'><strong>animas</strong></span> <span class='ocrx_word' id='word_1_602' title='bbox 2209 3921 2473 3978; x_wconf 88' lang='lat' dir='ltr'><strong>habeatis</strong></span> <span class='ocrx_word' id='word_1_603' title='bbox 2502 3920 2713 3979; x_wconf 88' lang='lat' dir='ltr'><strong>salvas.</strong></span> 
     </span>
    </p>
   </div>
   <div class='ocr_carea' id='block_1_84' title="bbox 2019 4097 3597 4171">
    <p class='ocr_par' dir='ltr' id='par_1_84' title="bbox 2019 4097 3597 4171">
     <span class='ocr_line' id='line_1_85' title="bbox 2019 4097 3597 4171; baseline 0 -16"><span class='ocrx_word' id='word_1_604' title='bbox 2019 4099 2116 4155; x_wconf 91' lang='grc' dir='ltr'><strong>ΙΙΙ.</strong></span> <span class='ocrx_word' id='word_1_605' title='bbox 2149 4098 2341 4155; x_wconf 83' lang='lat' dir='ltr'><strong>Audio</strong></span> <span class='ocrx_word' id='word_1_606' title='bbox 2372 4098 2595 4171; x_wconf 87' lang='lat' dir='ltr'><strong>utique,</strong></span> <span class='ocrx_word' id='word_1_607' title='bbox 2627 4113 2763 4155; x_wconf 92' lang='lat' dir='ltr'><strong>eum</strong></span> <span class='ocrx_word' id='word_1_608' title='bbox 2792 4098 2937 4156; x_wconf 88' lang='lat' dir='ltr'><strong>bove</strong></span> <span class='ocrx_word' id='word_1_609' title='bbox 2983 4100 3235 4155; x_wconf 87' lang='lat' dir='ltr'><strong>mactato</strong></span> <span class='ocrx_word' id='word_1_610' title='bbox 3266 4097 3597 4155; x_wconf 91' lang='lat' dir='ltr'><strong>convivium</strong></span> 
     </span>
    </p>
   </div>
   <div class='ocr_carea' id='block_1_85' title="bbox 1946 4187 3599 4260">
    <p class='ocr_par' dir='ltr' id='par_1_85' title="bbox 1946 4187 3599 4260">
     <span class='ocr_line' id='line_1_86' title="bbox 1946 4187 3599 4260; baseline -0.001 -16"><span class='ocrx_word' id='word_1_611' title='bbox 1946 4188 2112 4245; x_wconf 90' lang='lat' dir='ltr'><strong>vobis</strong></span> <span class='ocrx_word' id='word_1_612' title='bbox 2142 4188 2200 4244; x_wconf 93' lang='lat' dir='ltr'><strong>in</strong></span> <span class='ocrx_word' id='word_1_613' title='bbox 2234 4187 2425 4244; x_wconf 91' lang='lat' dir='ltr'><strong>medio</strong></span> <span class='ocrx_word' id='word_1_614' title='bbox 2454 4188 2687 4245; x_wconf 87' lang='lat' dir='ltr'><strong>dedisse</strong></span> <span class='ocrx_word' id='word_1_615' title='bbox 2716 4188 2860 4258; x_wconf 87' lang='lat' dir='ltr'><strong>foro,</strong></span> <span class='ocrx_word' id='word_1_616' title='bbox 2881 4188 3084 4260; x_wconf 88' lang='lat' dir='ltr'><strong>sicque</strong></span> <span class='ocrx_word' id='word_1_617' title='bbox 3112 4204 3213 4245; x_wconf 91' lang='lat' dir='ltr'><strong>vos</strong></span> <span class='ocrx_word' id='word_1_618' title='bbox 3246 4187 3435 4245; x_wconf 90' lang='lat' dir='ltr'><strong>multo</strong></span> <span class='ocrx_word' id='word_1_619' title='bbox 3462 4188 3599 4244; x_wconf 91' lang='lat' dir='ltr'><strong>vino</strong></span> 
     </span>
    </p>
   </div>
   <div class='ocr_carea' id='block_1_86' title="bbox 1945 4276 3599 4351">
    <p class='ocr_par' dir='ltr' id='par_1_86' title="bbox 1945 4276 3599 4351">
     <span class='ocr_line' id='line_1_87' title="bbox 1945 4276 3599 4351; baseline 0 -18"><span class='ocrx_word' id='word_1_620' title='bbox 1945 4278 2171 4350; x_wconf 88' lang='lat' dir='ltr'><strong>abrepti</strong></span> <span class='ocrx_word' id='word_1_621' title='bbox 2221 4294 2340 4333; x_wconf 88' lang='lat' dir='ltr'><strong>una</strong></span> <span class='ocrx_word' id='word_1_622' title='bbox 2392 4293 2526 4333; x_wconf 89' lang='lat' dir='ltr'><strong>cum</strong></span> <span class='ocrx_word' id='word_1_623' title='bbox 2597 4276 2788 4350; x_wconf 88' lang='lat' dir='ltr'><strong>pravis</strong></span> <span class='ocrx_word' id='word_1_624' title='bbox 2847 4277 3215 4334; x_wconf 67' lang='lat' dir='ltr'><strong>daemonibus</strong></span> <span class='ocrx_word' id='word_1_625' title='bbox 3272 4278 3599 4351; x_wconf 91' lang='lat' dir='ltr'><strong>principem</strong></span> 
     </span>
    </p>
   </div>
   <div class='ocr_carea' id='block_1_87' title="bbox 1943 4365 3599 4440">
    <p class='ocr_par' dir='ltr' id='par_1_87' title="bbox 1943 4365 3599 4440">
     <span class='ocr_line' id='line_1_88' title="bbox 1943 4365 3599 4440; baseline -0.001 -17"><span class='ocrx_word' id='word_1_626' title='bbox 1943 4382 2144 4423; x_wconf 88' lang='lat' dir='ltr'><strong>eorum</strong></span> <span class='ocrx_word' id='word_1_627' title='bbox 2177 4365 2460 4438; x_wconf 83' lang='lat' dir='ltr'><strong>complexi</strong></span> <span class='ocrx_word' id='word_1_628' title='bbox 2491 4365 2655 4437; x_wconf 87' lang='lat' dir='ltr'><strong>estis,</strong></span> <span class='ocrx_word' id='word_1_629' title='bbox 2688 4371 2865 4440; x_wconf 89' lang='lat' dir='ltr'><strong>atque</strong></span> <span class='ocrx_word' id='word_1_630' title='bbox 2912 4367 2995 4423; x_wconf 90' lang='lat' dir='ltr'><strong>ita</strong></span> <span class='ocrx_word' id='word_1_631' title='bbox 3041 4371 3305 4423; x_wconf 87' lang='lat' dir='ltr'><strong>vestrum</strong></span> <span class='ocrx_word' id='word_1_632' title='bbox 3359 4366 3599 4439; x_wconf 89' lang='lat' dir='ltr'><strong>plurimi</strong></span> 
     </span>
    </p>
   </div>
   <div class='ocr_carea' id='block_1_88' title="bbox 1942 4454 3603 4529">
    <p class='ocr_par' dir='ltr' id='par_1_88' title="bbox 1942 4454 3603 4529">
     <span class='ocr_line' id='line_1_89' title="bbox 1942 4454 3603 4529; baseline -0.001 -18"><span class='ocrx_word' id='word_1_633' title='bbox 1942 4454 2163 4512; x_wconf 88' lang='lat' dir='ltr'><strong>morbis</strong></span> <span class='ocrx_word' id='word_1_634' title='bbox 2193 4456 2343 4528; x_wconf 91' lang='lat' dir='ltr'><strong>capti</strong></span> <span class='ocrx_word' id='word_1_635' title='bbox 2375 4460 2533 4523; x_wconf 88' lang='lat' dir='ltr'><strong>sunt,</strong></span> <span class='ocrx_word' id='word_1_636' title='bbox 2569 4472 2672 4528; x_wconf 91' lang='lat' dir='ltr'><strong>per</strong></span> <span class='ocrx_word' id='word_1_637' title='bbox 2701 4455 3092 4529; x_wconf 88' lang='lat' dir='ltr'><strong>ignorantiam</strong></span> <span class='ocrx_word' id='word_1_638' title='bbox 3138 4456 3197 4511; x_wconf 90' lang='lat' dir='ltr'><strong>in</strong></span> <span class='ocrx_word' id='word_1_639' title='bbox 3248 4473 3310 4512; x_wconf 90' lang='lat' dir='ltr'><strong>se</strong></span> <span class='ocrx_word' id='word_1_640' title='bbox 3351 4456 3603 4528; x_wconf 86' lang='lat' dir='ltr'><strong>propriis</strong></span> 
     </span>
    </p>
   </div>
   <div class='ocr_carea' id='block_1_89' title="bbox 1944 4544 3601 4628">
    <p class='ocr_par' dir='ltr' id='par_1_89' title="bbox 1944 4544 3601 4628">
     <span class='ocr_line' id='line_1_90' title="bbox 1944 4544 3601 4628; baseline -0.002 -26"><span class='ocrx_word' id='word_1_641' title='bbox 1944 4546 2219 4601; x_wconf 77' lang='lat' dir='ltr'><strong>manibus</strong></span> <span class='ocrx_word' id='word_1_642' title='bbox 2250 4549 2497 4600; x_wconf 88' lang='lat' dir='ltr'><strong>attracto</strong></span> <span class='ocrx_word' id='word_1_643' title='bbox 2530 4545 2804 4617; x_wconf 91' lang='lat' dir='ltr'><strong>perniciei</strong></span> <span class='ocrx_word' id='word_1_644' title='bbox 2838 4544 3052 4617; x_wconf 88' lang='lat' dir='ltr'><strong>gladio.</strong></span> <span class='ocrx_word' id='word_1_645' title='bbox 3088 4549 3282 4617; x_wconf 86' lang='lat' dir='ltr'><strong>Neque</strong></span> <span class='ocrx_word' id='word_1_646' title='bbox 3317 4546 3474 4599; x_wconf 89' lang='lat' dir='ltr'><strong>enim</strong></span> <span class='ocrx_word' id='word_1_647' title='bbox 3499 4546 3601 4628; x_wconf 50' lang='lat' dir='ltr'><strong>ad:</strong></span> 
     </span>
    </p>
   </div>
   <div class='ocr_carea' id='block_1_90' title="bbox 208 4627 1843 4728">
    <p class='ocr_par' dir='ltr' id='par_1_90' title="bbox 208 4627 1828 4709">
     <span class='ocr_line' id='line_1_91' title="bbox 208 4627 1828 4709; baseline 0.002 -26"><span class='ocrx_word' id='word_1_648' title='bbox 208 4640 315 4703; x_wconf 83' lang='grc' dir='ltr'>θρου</span> <span class='ocrx_word' id='word_1_649' title='bbox 361 4632 531 4709; x_wconf 73' lang='grc' dir='ltr'>ξίφος.</span> <span class='ocrx_word' id='word_1_650' title='bbox 587 4631 659 4686; x_wconf 79' lang='grc' dir='ltr'>Ού</span> <span class='ocrx_word' id='word_1_651' title='bbox 712 4634 811 4707; x_wconf 73' lang='grc' dir='ltr'><strong>γὰρ</strong></span> <span class='ocrx_word' id='word_1_652' title='bbox 861 4630 919 4686; x_wconf 79' lang='grc' dir='ltr'><strong>ἃν</strong></span> <span class='ocrx_word' id='word_1_653' title='bbox 971 4633 1071 4701; x_wconf 72' lang='grc' dir='ltr'>τὴν</span> <span class='ocrx_word' id='word_1_654' title='bbox 1118 4633 1234 4686; x_wconf 87' lang='grc' dir='ltr'>καθ’</span> <span class='ocrx_word' id='word_1_655' title='bbox 1283 4632 1435 4704; x_wconf 80' lang='grc' dir='ltr'>ὑμῶν</span> <span class='ocrx_word' id='word_1_656' title='bbox 1487 4627 1648 4708; x_wconf 80' lang='grc' dir='ltr'>ἔσχον</span> <span class='ocrx_word' id='word_1_657' title='bbox 1682 4631 1828 4703; x_wconf 77' lang='grc' dir='ltr'>ἐξου-</span> 
     </span>
    </p>
   </div>
   <div class='ocr_carea' id='block_1_91' title="bbox 1957 4627 3601 4728">
    <p class='ocr_par' dir='ltr' id='par_1_91' title="bbox 1957 4632 3601 4705">
     <span class='ocr_line' id='line_1_92' title="bbox 1957 4632 3601 4705; baseline 0 -17"><span class='ocrx_word' id='word_1_658' title='bbox 1957 4651 2174 4690; x_wconf 54' lang='lat' dir='ltr'><strong>versum</strong></span> <span class='ocrx_word' id='word_1_659' title='bbox 2206 4650 2306 4689; x_wconf 90' lang='lat' dir='ltr'><strong>vos</strong></span> <span class='ocrx_word' id='word_1_660' title='bbox 2335 4634 2630 4689; x_wconf 68' lang='lat' dir='ltr'><strong>daemones</strong></span> <span class='ocrx_word' id='word_1_661' title='bbox 2679 4633 3027 4689; x_wconf 89' lang='lat' dir='ltr'><strong>habuissent</strong></span> <span class='ocrx_word' id='word_1_662' title='bbox 3079 4637 3447 4705; x_wconf 87' lang='lat' dir='ltr'><strong>potestatem,</strong></span> <span class='ocrx_word' id='word_1_663' title='bbox 3482 4632 3601 4688; x_wconf 86' lang='lat' dir='ltr'><strong>nisl</strong></span> 
     </span>
    </p>
   </div>
   <div class='ocr_carea' id='block_1_92' title="bbox 208 4718 1825 4797">
    <p class='ocr_par' dir='ltr' id='par_1_92' title="bbox 208 4718 1825 4797">
     <span class='ocr_line' id='line_1_93' title="bbox 208 4718 1825 4797; baseline 0.003 -26"><span class='ocrx_word' id='word_1_664' title='bbox 208 4718 301 4772; x_wconf 75' lang='grc' dir='ltr'>σίαν</span> <span class='ocrx_word' id='word_1_665' title='bbox 333 4722 379 4774; x_wconf 72' lang='grc' dir='ltr'>οἱ</span> <span class='ocrx_word' id='word_1_666' title='bbox 411 4720 688 4793; x_wconf 79' lang='grc' dir='ltr'>δαίμονες,</span> <span class='ocrx_word' id='word_1_667' title='bbox 744 4721 789 4776; x_wconf 80' lang='grc' dir='ltr'><strong>εἰ</strong></span> <span class='ocrx_word' id='word_1_668' title='bbox 834 4722 908 4795; x_wconf 84' lang='grc' dir='ltr'>μὴ</span> <span class='ocrx_word' id='word_1_669' title='bbox 952 4720 1214 4797; x_wconf 89' lang='grc' dir='ltr'>πρότερον</span> <span class='ocrx_word' id='word_1_670' title='bbox 1259 4726 1337 4792; x_wconf 83' lang='grc' dir='ltr'>τῷ</span> <span class='ocrx_word' id='word_1_671' title='bbox 1387 4718 1612 4797; x_wconf 66' lang='grc' dir='ltr'>ἄρχοντι</span> <span class='ocrx_word' id='word_1_672' title='bbox 1650 4721 1825 4778; x_wconf 72' lang='grc' dir='ltr'>αὐτῶν</span> 
     </span>
    </p>
   </div>
   <div class='ocr_carea' id='block_1_93' title="bbox 1938 4721 3587 4796">
    <p class='ocr_par' dir='ltr' id='par_1_93' title="bbox 1938 4721 3587 4796">
     <span class='ocr_line' id='line_1_94' title="bbox 1938 4721 3587 4796; baseline -0.001 -17"><span class='ocrx_word' id='word_1_673' title='bbox 1938 4725 2101 4796; x_wconf 88' lang='lat' dir='ltr'><strong>prius</strong></span> <span class='ocrx_word' id='word_1_674' title='bbox 2132 4739 2265 4779; x_wconf 91' lang='lat' dir='ltr'><strong>cum</strong></span> <span class='ocrx_word' id='word_1_675' title='bbox 2298 4740 2499 4779; x_wconf 90' lang='lat' dir='ltr'><strong>eorum</strong></span> <span class='ocrx_word' id='word_1_676' title='bbox 2534 4722 2793 4795; x_wconf 83' lang='lat' dir='ltr'><strong>principe</strong></span> <span class='ocrx_word' id='word_1_677' title='bbox 2836 4722 3095 4778; x_wconf 82' lang='lat' dir='ltr'><strong>fuissetis</strong></span> <span class='ocrx_word' id='word_1_678' title='bbox 3142 4721 3384 4792; x_wconf 85' lang='lat' dir='ltr'><strong>epulati.</strong></span> <span class='ocrx_word' id='word_1_679' title='bbox 3421 4723 3587 4777; x_wconf 76' lang='lat' dir='ltr'><strong>Prin-</strong></span> 
     </span>
    </p>
   </div>
   <div class='ocr_carea' id='block_1_94' title="bbox 206 4806 1843 4887">
    <p class='ocr_par' dir='ltr' id='par_1_94' title="bbox 206 4806 1827 4887">
     <span class='ocr_line' id='line_1_95' title="bbox 206 4806 1827 4887; baseline 0.005 -28"><span class='ocrx_word' id='word_1_680' title='bbox 206 4806 488 4878; x_wconf 82' lang='grc' dir='ltr'>ὁμοδίαιτοι</span> <span class='ocrx_word' id='word_1_681' title='bbox 519 4808 835 4885; x_wconf 78' lang='grc' dir='ltr'>ἐγεγόνειτε.</span> <span class='ocrx_word' id='word_1_682' title='bbox 884 4810 1037 4866; x_wconf 68' lang='grc' dir='ltr'>Οὕτω</span> <span class='ocrx_word' id='word_1_683' title='bbox 1067 4811 1167 4887; x_wconf 77' lang='grc' dir='ltr'><strong>γάρ</strong></span> <span class='ocrx_word' id='word_1_684' title='bbox 1211 4810 1467 4886; x_wconf 82' lang='grc' dir='ltr'>άπαρχῆς</span> <span class='ocrx_word' id='word_1_685' title='bbox 1508 4813 1551 4848; x_wconf 69' lang='grc'>³³</span> <span class='ocrx_word' id='word_1_686' title='bbox 1600 4811 1702 4866; x_wconf 84' lang='grc' dir='ltr'>ὑπὸ</span> <span class='ocrx_word' id='word_1_687' title='bbox 1730 4816 1827 4867; x_wconf 81' lang='grc' dir='ltr'><strong>τοῦ</strong></span> 
     </span>
    </p>
   </div>
   <div class='ocr_carea' id='block_1_95' title="bbox 1957 4806 3587 4887">
    <p class='ocr_par' dir='ltr' id='par_1_95' title="bbox 1957 4810 3587 4884">
     <span class='ocr_line' id='line_1_96' title="bbox 1957 4810 3587 4884; baseline 0.001 -18"><span class='ocrx_word' id='word_1_688' title='bbox 1957 4812 2087 4883; x_wconf 85' lang='lat' dir='ltr'><strong>:ipio</strong></span> <span class='ocrx_word' id='word_1_689' title='bbox 2135 4810 2425 4883; x_wconf 89' lang='lat' dir='ltr'><strong>siquidem</strong></span> <span class='ocrx_word' id='word_1_690' title='bbox 2475 4810 2574 4867; x_wconf 90' lang='lat' dir='ltr'><strong>illa</strong></span> <span class='ocrx_word' id='word_1_691' title='bbox 2622 4828 2724 4884; x_wconf 87' lang='lat' dir='ltr'><strong>per</strong></span> <span class='ocrx_word' id='word_1_692' title='bbox 2767 4811 3175 4866; x_wconf 85' lang='lat' dir='ltr'><strong>universorum</strong></span> <span class='ocrx_word' id='word_1_693' title='bbox 3223 4811 3587 4867; x_wconf 90' lang='lat' dir='ltr'><strong>conditorem</strong></span> 
     </span>
    </p>
   </div>
   <div class='ocr_carea' id='block_1_96' title="bbox 204 4896 1843 4978">
    <p class='ocr_par' dir='ltr' id='par_1_96' title="bbox 204 4896 1826 4978">
     <span class='ocr_line' id='line_1_97' title="bbox 204 4896 1826 4978; baseline 0.004 -29"><span class='ocrx_word' id='word_1_694' title='bbox 204 4897 350 4953; x_wconf 79' lang='grc' dir='ltr'>πάντα</span> <span class='ocrx_word' id='word_1_695' title='bbox 394 4898 678 4961; x_wconf 86' lang='grc' dir='ltr'>κτίσαντος</span> <span class='ocrx_word' id='word_1_696' title='bbox 724 4904 856 4954; x_wconf 71' lang='grc' dir='ltr'>Θεοῦ</span> <span class='ocrx_word' id='word_1_697' title='bbox 888 4896 1035 4954; x_wconf 79' lang='grc' dir='ltr'>δυσὶν</span> <span class='ocrx_word' id='word_1_698' title='bbox 1084 4900 1333 4956; x_wconf 71' lang='grc' dir='ltr'>ἑκάστοτε</span> <span class='ocrx_word' id='word_1_699' title='bbox 1380 4896 1633 4978; x_wconf 77' lang='grc' dir='ltr'>ἄρχουσι,</span> <span class='ocrx_word' id='word_1_700' title='bbox 1669 4898 1826 4973; x_wconf 79' lang='grc' dir='ltr'>δεξιῷ</span> 
     </span>
    </p>
   </div>
   <div class='ocr_carea' id='block_1_97' title="bbox 1957 4896 3587 4978">
    <p class='ocr_par' dir='ltr' id='par_1_97' title="bbox 1957 4899 3587 4974">
     <span class='ocr_line' id='line_1_98' title="bbox 1957 4899 3587 4974; baseline 0 -18"><span class='ocrx_word' id='word_1_701' title='bbox 1957 4902 2119 4957; x_wconf 89' lang='lat' dir='ltr'><strong>)eum</strong></span> <span class='ocrx_word' id='word_1_702' title='bbox 2150 4899 2240 4956; x_wconf 87' lang='lat' dir='ltr'><strong>lex</strong></span> <span class='ocrx_word' id='word_1_703' title='bbox 2272 4899 2560 4974; x_wconf 66' lang='lat' dir='ltr'><strong>praefinita</strong></span> <span class='ocrx_word' id='word_1_704' title='bbox 2587 4904 2677 4957; x_wconf 88' lang='lat' dir='ltr'><strong>est</strong></span> <span class='ocrx_word' id='word_1_705' title='bbox 2727 4899 2957 4956; x_wconf 90' lang='lat' dir='ltr'><strong>duobus</strong></span> <span class='ocrx_word' id='word_1_706' title='bbox 3006 4899 3283 4973; x_wconf 89' lang='lat' dir='ltr'><strong>utrinque</strong></span> <span class='ocrx_word' id='word_1_707' title='bbox 3313 4899 3587 4969; x_wconf 90' lang='lat' dir='ltr'><strong>ducibus,</strong></span> 
     </span>
    </p>
   </div>
   <div class='ocr_carea' id='block_1_98' title="bbox 1548 5043 2217 5102">
    <p class='ocr_par' dir='ltr' id='par_1_98' title="bbox 1548 5043 2217 5102">
     <span class='ocr_line' id='line_1_99' title="bbox 1548 5043 2217 5102; baseline 0.003 -4"><span class='ocrx_word' id='word_1_708' title='bbox 1548 5044 1789 5101; x_wconf 68' lang='lat' dir='ltr'><strong>VARI/E</strong></span> <span class='ocrx_word' id='word_1_709' title='bbox 1828 5043 2217 5102; x_wconf 87' lang='lat' dir='ltr'><strong>LECTIONES</strong></span> 
     </span>
    </p>
   </div>
   <div class='ocr_carea' id='block_1_99' title="bbox 259 5152 3592 5232">
    <p class='ocr_par' dir='ltr' id='par_1_99' title="bbox 259 5152 3592 5232">
     <span class='ocr_line' id='line_1_100' title="bbox 259 5152 3592 5232; baseline 0.001 -22"><span class='ocrx_word' id='word_1_710' title='bbox 259 5154 494 5232; x_wconf 43' lang='lat' dir='ltr'><strong>&quot;ﬁscus</strong></span> <span class='ocrx_word' id='word_1_711' title='bbox 648 5156 713 5232; x_wconf 37' lang='lat'><strong>&#39;3‘</strong></span> <span class='ocrx_word' id='word_1_712' title='bbox 741 5152 927 5232; x_wconf 66' lang='grc' dir='ltr'>αύτόθι</span> <span class='ocrx_word' id='word_1_713' title='bbox 976 5158 1037 5214; x_wconf 89' lang='lat' dir='ltr'><strong>C.</strong></span> <span class='ocrx_word' id='word_1_714' title='bbox 1070 5158 1117 5193; x_wconf 82' lang='grc'>⁸⁴</span> <span class='ocrx_word' id='word_1_715' title='bbox 1162 5162 1249 5232; x_wconf 75' lang='lat' dir='ltr'><strong>Ita</strong></span> <span class='ocrx_word' id='word_1_716' title='bbox 1294 5158 1339 5214; x_wconf 94' lang='grc' dir='ltr'>Ο</span> <span class='ocrx_word' id='word_1_717' title='bbox 1388 5174 1437 5232; x_wconf 74' lang='lat' dir='ltr'><strong>c.</strong></span> <span class='ocrx_word' id='word_1_718' title='bbox 1488 5156 2095 5232; x_wconf 31' lang='grc' dir='ltr'>Ξυσυνεξεληλύθησαν</span> <span class='ocrx_word' id='word_1_719' title='bbox 2126 5163 2184 5232; x_wconf 79' lang='lat' dir='ltr'><strong>C.</strong></span> <span class='ocrx_word' id='word_1_720' title='bbox 2216 5158 2261 5195; x_wconf 82' lang='grc'><strong><em>⁸⁸</em></strong></span> <span class='ocrx_word' id='word_1_721' title='bbox 2309 5156 2397 5213; x_wconf 83' lang='grc' dir='ltr'>ὑπ’</span> <span class='ocrx_word' id='word_1_722' title='bbox 2443 5154 2612 5232; x_wconf 76' lang='grc' dir='ltr'>αὐτοῦ</span> <span class='ocrx_word' id='word_1_723' title='bbox 2744 5157 2789 5232; x_wconf 60' lang='grc' dir='ltr'><strong>ξδ</strong></span> <span class='ocrx_word' id='word_1_724' title='bbox 2821 5154 2910 5232; x_wconf 58' lang='grc' dir='ltr'>ὑπξ</span> <span class='ocrx_word' id='word_1_725' title='bbox 2954 5153 3116 5211; x_wconf 82' lang='grc' dir='ltr'>αὐτοῦ</span> <span class='ocrx_word' id='word_1_726' title='bbox 3146 5156 3592 5232; x_wconf 75' lang='grc' dir='ltr'>τετυχηκέναι</span> 
     </span>
    </p>
   </div>
   <div class='ocr_carea' id='block_1_100' title="bbox 204 5224 3588 5305">
    <p class='ocr_par' dir='ltr' id='par_1_100' title="bbox 204 5224 3588 5305">
     <span class='ocr_line' id='line_1_101' title="bbox 204 5224 3588 5305; baseline 0 -21"><span class='ocrx_word' id='word_1_727' title='bbox 204 5224 239 5258; x_wconf 83' lang='grc'><strong>³⁷</strong></span> <span class='ocrx_word' id='word_1_728' title='bbox 262 5230 321 5297; x_wconf 82' lang='grc' dir='ltr'>τῇ</span> <span class='ocrx_word' id='word_1_729' title='bbox 348 5229 563 5305; x_wconf 65' lang='lat' dir='ltr'><strong>praefixi</strong></span> <span class='ocrx_word' id='word_1_730' title='bbox 775 5228 935 5305; x_wconf 80' lang='lat' dir='ltr'><strong>Idem</strong></span> <span class='ocrx_word' id='word_1_731' title='bbox 966 5235 1175 5305; x_wconf 75' lang='lat' dir='ltr'><strong>postea</strong></span> <span class='ocrx_word' id='word_1_732' title='bbox 1194 5230 1285 5283; x_wconf 86' lang='grc' dir='ltr'>τὸν</span> <span class='ocrx_word' id='word_1_733' title='bbox 1314 5224 1608 5305; x_wconf 31' lang='grc' dir='ltr'><strong>ορθρονξ,⁸⁸</strong></span> <span class='ocrx_word' id='word_1_734' title='bbox 1639 5224 2052 5305; x_wconf 44' lang='grc' dir='ltr'><strong>ἰπίόηῇηοξη</strong></span> <span class='ocrx_word' id='word_1_735' title='bbox 2104 5231 2392 5305; x_wconf 28' lang='grc' dir='ltr'><strong>μήμὰθθει</strong></span> <span class='ocrx_word' id='word_1_736' title='bbox 2440 5228 2623 5305; x_wconf 29' lang='lat' dir='ltr'><strong>in‘O:</strong></span> <span class='ocrx_word' id='word_1_737' title='bbox 2649 5230 2694 5265; x_wconf 76' lang='grc' dir='ltr'><strong>⁸ο</strong></span> <span class='ocrx_word' id='word_1_738' title='bbox 2739 5227 3039 5305; x_wconf 80' lang='grc' dir='ltr'>ἀνθρώπων</span> <span class='ocrx_word' id='word_1_739' title='bbox 3086 5233 3144 5305; x_wconf 72' lang='lat'><strong>_(:,</strong></span> <span class='ocrx_word' id='word_1_740' title='bbox 3196 5224 3496 5305; x_wconf 61' lang='grc' dir='ltr'>ἀνθρώποις</span> <span class='ocrx_word' id='word_1_741' title='bbox 3531 5229 3588 5285; x_wconf 87' lang='lat' dir='ltr'><strong>in</strong></span> 
     </span>
    </p>
   </div>
   <div class='ocr_carea' id='block_1_101' title="bbox 204 5298 3581 5375">
    <p class='ocr_par' dir='ltr' id='par_1_101' title="bbox 204 5298 3581 5375">
     <span class='ocr_line' id='line_1_102' title="bbox 204 5298 3581 5375; baseline 0.001 -20"><span class='ocrx_word' id='word_1_742' title='bbox 204 5298 364 5375; x_wconf 43' lang='lat' dir='ltr'><strong>marg:</strong></span> <span class='ocrx_word' id='word_1_743' title='bbox 398 5300 608 5375; x_wconf 79' lang='lat' dir='ltr'><strong>Vocem</strong></span> <span class='ocrx_word' id='word_1_744' title='bbox 638 5298 938 5375; x_wconf 51' lang='lat' dir='ltr'><strong>ivppu&#39;yrcov</strong></span> <span class='ocrx_word' id='word_1_745' title='bbox 969 5298 1512 5375; x_wconf 44' lang='lat' dir='ltr'><strong>delendam‘cen&#39;set</strong></span> <span class='ocrx_word' id='word_1_746' title='bbox 1545 5303 1605 5372; x_wconf 89' lang='grc' dir='ltr'><strong>Ι),</strong></span> <span class='ocrx_word' id='word_1_747' title='bbox 1638 5301 2043 5375; x_wconf 68' lang='grc' dir='ltr'>συμοαινόντων</span> <span class='ocrx_word' id='word_1_748' title='bbox 2074 5298 2256 5357; x_wconf 77' lang='grc' dir='ltr'>παθῶν</span> <span class='ocrx_word' id='word_1_749' title='bbox 2293 5300 2561 5375; x_wconf 83' lang='lat' dir='ltr'><strong>proponit</strong></span> <span class='ocrx_word' id='word_1_750' title='bbox 2591 5302 2628 5375; x_wconf 82' lang='lat' dir='ltr'><strong>S</strong></span> <span class='ocrx_word' id='word_1_751' title='bbox 2660 5319 2673 5357; x_wconf 90' lang='lat'><strong>:</strong></span> <span class='ocrx_word' id='word_1_752' title='bbox 2708 5298 3054 5375; x_wconf 68' lang='lat' dir='ltr'><strong>conjecturae</strong></span> <span class='ocrx_word' id='word_1_753' title='bbox 3077 5303 3201 5375; x_wconf 77' lang='lat' dir='ltr'><strong>jam</strong></span> <span class='ocrx_word' id='word_1_754' title='bbox 3254 5298 3581 5373; x_wconf 74' lang='lat' dir='ltr'><strong>superfluae.</strong></span> 
     </span>
    </p>
   </div>
   <div class='ocr_carea' id='block_1_102' title="bbox 202 5366 3578 5449">
    <p class='ocr_par' dir='ltr' id='par_1_102' title="bbox 202 5366 3578 5449">
     <span class='ocr_line' id='line_1_103' title="bbox 202 5366 3578 5449; baseline 0.002 -28"><span class='ocrx_word' id='word_1_755' title='bbox 202 5367 238 5449; x_wconf 60' lang='grc' dir='ltr'><strong>ξξ</strong></span> <span class='ocrx_word' id='word_1_756' title='bbox 263 5366 660 5449; x_wconf 50' lang='grc' dir='ltr'>ὑποπτενόιέενα</span> <span class='ocrx_word' id='word_1_757' title='bbox 688 5366 752 5428; x_wconf 60' lang='grc' dir='ltr'><strong>Οξ</strong></span> <span class='ocrx_word' id='word_1_758' title='bbox 790 5372 1132 5449; x_wconf 35' lang='grc' dir='ltr'>Τμιῃᾼίᾀοω.</span> <span class='ocrx_word' id='word_1_759' title='bbox 1156 5366 1543 5449; x_wconf 62' lang='grc' dir='ltr'>ἀποϐησόμενα</span> <span class='ocrx_word' id='word_1_760' title='bbox 1573 5366 1622 5429; x_wconf 70' lang='grc' dir='ltr'><strong>(ξ.</strong></span> <span class='ocrx_word' id='word_1_761' title='bbox 1658 5366 1724 5445; x_wconf 71' lang='grc' dir='ltr'><strong>Ι),</strong></span> <span class='ocrx_word' id='word_1_762' title='bbox 1758 5373 2064 5449; x_wconf 84' lang='grc' dir='ltr'>άποσόμενα</span> <span class='ocrx_word' id='word_1_763' title='bbox 2092 5378 2153 5433; x_wconf 85' lang='lat' dir='ltr'><strong>C.</strong></span> <span class='ocrx_word' id='word_1_764' title='bbox 2191 5366 2347 5431; x_wconf 78' lang='lat' dir='ltr'><strong>idem</strong></span> <span class='ocrx_word' id='word_1_765' title='bbox 2381 5366 2420 5429; x_wconf 57' lang='grc' dir='ltr'>[ί</span> <span class='ocrx_word' id='word_1_766' title='bbox 2451 5370 2745 5444; x_wconf 78' lang='grc' dir='ltr'>ἐπεσόμενα</span> <span class='ocrx_word' id='word_1_767' title='bbox 2773 5366 2857 5428; x_wconf 70' lang='lat' dir='ltr'><strong>vel</strong></span> <span class='ocrx_word' id='word_1_768' title='bbox 2889 5366 3278 5445; x_wconf 71' lang='grc' dir='ltr'>ἀποσωξόμενα</span> <span class='ocrx_word' id='word_1_769' title='bbox 3303 5366 3361 5428; x_wconf 78' lang='lat' dir='ltr'><strong>in</strong></span> <span class='ocrx_word' id='word_1_770' title='bbox 3393 5390 3578 5447; x_wconf 83' lang='lat' dir='ltr'><strong>marg.</strong></span> 
     </span>
    </p>
   </div>
   <div class='ocr_carea' id='block_1_103' title="bbox 201 5438 1384 5519">
    <p class='ocr_par' dir='ltr' id='par_1_103' title="bbox 201 5438 1384 5519">
     <span class='ocr_line' id='line_1_104' title="bbox 201 5438 1384 5519; baseline 0.005 -25"><span class='ocrx_word' id='word_1_771' title='bbox 201 5438 238 5473; x_wconf 77' lang='grc'><em>⁸³</em></span> <span class='ocrx_word' id='word_1_772' title='bbox 262 5440 507 5496; x_wconf 76' lang='grc' dir='ltr'>εἱστίασεν</span> <span class='ocrx_word' id='word_1_773' title='bbox 527 5438 674 5515; x_wconf 72' lang='lat' dir='ltr'><strong>Epit.</strong></span> <span class='ocrx_word' id='word_1_774' title='bbox 708 5460 757 5499; x_wconf 91' lang='lat' dir='ltr'><strong>c.</strong></span> <span class='ocrx_word' id='word_1_775' title='bbox 790 5444 882 5499; x_wconf 70' lang='grc'><strong>54.</strong></span> <span class='ocrx_word' id='word_1_776' title='bbox 914 5445 959 5480; x_wconf 73' lang='grc'><strong>⁸³</strong></span> <span class='ocrx_word' id='word_1_777' title='bbox 988 5443 1078 5497; x_wconf 84' lang='grc' dir='ltr'><strong>ἀπ’</strong></span> <span class='ocrx_word' id='word_1_778' title='bbox 1109 5443 1287 5519; x_wconf 77' lang='grc' dir='ltr'>ἀρχῆς</span> <span class='ocrx_word' id='word_1_779' title='bbox 1318 5438 1384 5501; x_wconf 85' lang='grc' dir='ltr'><strong>Ο.</strong></span> 
     </span>
    </p>
   </div>
   <div class='ocr_carea' id='block_1_104' title="bbox 1564 5569 2211 5629">
    <p class='ocr_par' dir='ltr' id='par_1_104' title="bbox 1564 5569 2211 5629">
     <span class='ocr_line' id='line_1_105' title="bbox 1564 5569 2211 5629; baseline 0.003 -5"><span class='ocrx_word' id='word_1_780' title='bbox 1564 5569 1939 5628; x_wconf 80' lang='lat' dir='ltr'><strong>VARIORUM</strong></span> <span class='ocrx_word' id='word_1_781' title='bbox 1982 5571 2211 5629; x_wconf 63' lang='lat' dir='ltr'><strong>NOTAE.</strong></span> 
     </span>
    </p>
   </div>
   <div class='ocr_carea' id='block_1_105' title="bbox 258 5683 3577 5761">
    <p class='ocr_par' dir='ltr' id='par_1_105' title="bbox 258 5683 3577 5761">
     <span class='ocr_line' id='line_1_106' title="bbox 258 5683 3577 5761; baseline 0.002 -23"><span class='ocrx_word' id='word_1_782' title='bbox 258 5683 362 5761; x_wconf 70' lang='lat' dir='ltr'><strong>(l2)</strong></span> <span class='ocrx_word' id='word_1_783' title='bbox 389 5683 651 5761; x_wconf 53' lang='lat' dir='ltr'><strong>Homilies</strong></span> <span class='ocrx_word' id='word_1_784' title='bbox 691 5683 954 5758; x_wconf 74' lang='lat' dir='ltr'><strong>septimae</strong></span> <span class='ocrx_word' id='word_1_785' title='bbox 982 5684 1225 5744; x_wconf 88' lang='lat' dir='ltr'><strong>alteram</strong></span> <span class='ocrx_word' id='word_1_786' title='bbox 1251 5685 1652 5760; x_wconf 86' lang='lat' dir='ltr'><strong>inscriptionis</strong></span> <span class='ocrx_word' id='word_1_787' title='bbox 1681 5692 1904 5761; x_wconf 85' lang='lat' dir='ltr'><strong>partem</strong></span> <span class='ocrx_word' id='word_1_788' title='bbox 1935 5704 2031 5760; x_wconf 91' lang='lat' dir='ltr'><strong>ap.</strong></span> <span class='ocrx_word' id='word_1_789' title='bbox 2065 5688 2126 5743; x_wconf 92' lang='lat' dir='ltr'><strong>C.</strong></span> <span class='ocrx_word' id='word_1_790' title='bbox 2159 5685 2391 5743; x_wconf 92' lang='lat' dir='ltr'><strong>obviam</strong></span> <span class='ocrx_word' id='word_1_791' title='bbox 2439 5689 2527 5741; x_wconf 86' lang='lat' dir='ltr'><strong>EN</strong></span> <span class='ocrx_word' id='word_1_792' title='bbox 2574 5690 2741 5740; x_wconf 80' lang='grc' dir='ltr'>ΤΥΡΩ</span> <span class='ocrx_word' id='word_1_793' title='bbox 2788 5686 2840 5741; x_wconf 78' lang='grc' dir='ltr'><strong>Δ¹</strong></span> <span class='ocrx_word' id='word_1_794' title='bbox 2882 5703 3009 5760; x_wconf 65' lang='lat' dir='ltr'><strong>quas</strong></span> <span class='ocrx_word' id='word_1_795' title='bbox 3041 5687 3300 5745; x_wconf 81' lang='lat' dir='ltr'><strong>scholion</strong></span> <span class='ocrx_word' id='word_1_796' title='bbox 3336 5685 3577 5759; x_wconf 86' lang='lat' dir='ltr'><strong>redolet,</strong></span> 
     </span>
    </p>
   </div>
   <div class='ocr_carea' id='block_1_106' title="bbox 205 5754 774 5813">
    <p class='ocr_par' dir='ltr' id='par_1_106' title="bbox 205 5754 774 5813">
     <span class='ocr_line' id='line_1_107' title="bbox 205 5754 774 5813; baseline 0.011 -7"><span class='ocrx_word' id='word_1_797' title='bbox 205 5754 353 5813; x_wconf 85' lang='lat' dir='ltr'><strong>omisi</strong></span> <span class='ocrx_word' id='word_1_798' title='bbox 382 5772 430 5813; x_wconf 92' lang='lat' dir='ltr'><strong>c.</strong></span> <span class='ocrx_word' id='word_1_799' title='bbox 465 5756 529 5812; x_wconf 93' lang='grc' dir='ltr'><strong>Ο.</strong></span> <span class='ocrx_word' id='word_1_800' title='bbox 562 5754 774 5813; x_wconf 68' lang='grc' dir='ltr'>Βιιεεεῖ</span> 
     </span>
    </p>
   </div>
  </div>
