4112 6344
467 356 586 414 219

1301 359 1365 418 8.
1413 359 1858 420 CLEMENTIS
1904 362 1926 422 Ι
1975 362 2164 421 ROM.
2210 363 2439 423 PONT.
2488 363 2749 424 OPERA
2794 362 3059 424 DUBIA.

3759 362 3881 421 220

469 488 671 545 dextro
701 491 756 545 et
788 488 1045 557 sinistro,
1071 492 1136 544 ut
1167 506 1284 545 non
1323 489 1535 547 habeat
1568 493 1715 549 alter
1744 495 1977 551 illorum
2010 514 2113 567 po-

2237 514 2283 548 τε
2309 493 2397 547 καὶ
2431 493 2696 567 εὐωνύμῳ
2728 496 2790 563 9‘,
2825 491 3030 568 ὡρίσθη
3079 490 3269 565 νόμος,
3326 491 3400 565 μὴ
3433 494 3477 528 ⁸⁸
3515 484 3662 567 ἔχειν
3691 490 3876 546 ἑκάτε-

471 583 763 649 testatem,
799 578 909 632 nisi
946 579 1078 649 pius
1112 580 1353 635 conviva
1374 582 1707 654 cujuspiam
1742 585 2113 656 fuerit,quem

476 667 757 724 beneﬁcio
789 666 875 721 vel
912 668 1127 739 injuria
1154 670 1315 739 cupit
1345 670 1595 727 afﬁcere.
1630 674 1792 728 Sicut
1821 690 1956 745 ergo
1990 691 2116 746 per-

476 756 657 826 ceptis
688 756 1012 823 sacriﬁciis,
1063 774 1186 829 qua:
1240 759 1604 816 daemonibus
1637 762 1864 817 fuerant
1898 763 2114 828 oblata,

474 845 717 900 venistis
749 845 805 898 in
838 845 1177 901 servitutem
1220 846 1379 902 illius
1431 849 1529 920 qui
1572 850 1806 905 malitiae
1849 851 2116 923 princeps

475 935 672 1001 est,ita
693 934 741 989 si
774 935 846 988 ab
872 934 943 989 iis
976 935 1377 992 abstinueritis
1398 943 1454 992 et
1470 939 1540 994 ad
1568 940 1748 995 Deum
1776 958 1877 1011 per
1897 942 2113 996 bonum

474 1023 859 1094 dextrumque
882 1024 1202 1096 principem
1234 1028 1634 1098 confugeritis,
1667 1029 1989 1085 honoribus
2020 1046 2117 1085 sa-

474 1112 674 1167 eriﬁcii
708 1114 1041 1184 expertibus
1069 1115 1343 1172 facientes
1374 1134 1497 1187 quae
1528 1117 1857 1189 vult,probe
1889 1120 2114 1186 scitote,

473 1201 627 1271 quod
658 1218 788 1255 cum
824 1203 1081 1274 corporis
1125 1204 1376 1260 sanitate
1408 1207 1635 1261 animas
1668 1223 1899 1279 quoque
1930 1208 2117 1278 possi-

476 1289 689 1345 debitis
738 1307 931 1346 sanas.
982 1293 1111 1364 Ipse
1162 1311 1415 1366 namque
1456 1296 1640 1361 solus,
1682 1312 1785 1366 per
1814 1296 2115 1351 sinistram

463 1379 757 1447 occidens,
792 1396 893 1451 per
925 1381 1184 1438 dextram
1234 1389 1427 1455 potest
1468 1386 1646 1440 vitam
1682 1383 1879 1456 largiri
1911 1410 1924 1452 ;
1957 1384 2117 1456 pari-

460 1470 666 1538 terque
698 1473 752 1523 et
783 1474 1104 1540 percutere,
1140 1476 1196 1526 et
1220 1472 1515 1542 jacentem
1548 1474 1767 1545 erigere
1798 1474 1900 1545 (α).

540 1556 631 1610 IV.
658 1556 968 1628 Propterea
999 1559 1255 1630 primum
1284 1578 1315 1616 a
1351 1578 1707 1633 praecursore
1744 1562 1979 1617 Simone
2018 1562 2114 1616 de-

467 1644 618 1715 cepti
645 1644 864 1701 ratione
883 1648 1089 1701 animae
1110 1648 1325 1704 mortui
1347 1650 1489 1705 estis
1516 1655 1624 1706 Deo
1645 1655 1701 1706 et
1719 1667 1956 1723 corpore
1976 1650 2115 1706 fuis-

466 1732 544 1787 tis
568 1734 1036 1805 afflicti,potestis
1056 1742 1248 1793 autem
1276 1739 1774 1796 similiteriterum
1798 1757 1901 1812 per
1934 1739 2116 1812 pugni-

462 1822 803 1929 teqtiam,ut
824 1824 1088 1891 dixi,Deo
1112 1827 1326 1900 placita
1358 1828 1608 1901 amplexi
1633 1835 1688 1885 et
1709 1846 1946 1902 corpore
1979 1846 2114 1884 con-
2151 1866 2196 1929 B

477 1909 788 1978 valescere,
812 1917 864 1967 et
894 1915 1151 1971 animam
1192 1934 1548 1990 recuperare.
1574 1923 1749 1974 Porro
1773 1918 1886 1973 Deo
1904 1916 2120 1989 placita

472 2004 647 2055 sunt:
673 2016 805 2056 eum
826 2005 1068 2073 precari,
1092 2010 1281 2077 petere
1305 2007 1498 2062 abillo
1521 2013 1805 2080 tanquam
1834 2009 1903 2063 ab
1927 2024 1992 2063 eo
2019 2018 2123 2079 qui

476 2094 687 2143 cuncta
704 2108 863 2161 aequa
886 2092 1008 2164 lege
1030 2094 1593 2163 tribuit,daemonum
1618 2115 1821 2152 mensa
1834 2114 1960 2152 sese
1982 2098 2119 2153 abs-

473 2175 675 2248 tinere,
701 2196 814 2235 non
838 2188 1072 2253 gustare
1094 2202 1328 2242 carnem
1353 2188 1738 2255 demortuam,
1772 2187 2118 2260 sanguinem

472 2282 585 2320 non
614 2268 996 2341 attingere,ab
1022 2275 1180 2328 omni
1208 2274 1403 2330 illuvie
1427 2277 1719 2331 mundari.
1750 2276 1991 2348 Reliqua
2021 2292 2121 2329 au-

473 2358 591 2409 tem
621 2374 736 2413 uno
759 2361 954 2429 verbo,
996 2380 1357 2436 quaecunque
1393 2366 1601 2432 Judaai,
1626 2383 1762 2437 erga
1784 2366 1966 2421 Deum
1991 2363 2119 2420 reli-

471 2444 1327 2521 giosihomines,audieruut,et
1340 2471 1438 2509 vos
1458 2456 1648 2510 cuncti
1670 2456 1954 2519 audite,in
1978 2454 2133 2510 mul—

471 2537 547 2593 tis
570 2540 912 2611 corporibus
933 2558 1111 2597 unam
1132 2548 1386 2598 mentem
1411 2544 1603 2615 adepti
1621 2561 1633 2600 :
1650 2562 1775 2615 qua:
1795 2545 2124 2616 unusquis-

474 2628 586 2684 sibi
611 2629 904 2685 desiderat
926 2631 1099 2698 bona,
1121 2632 1321 2687 eadem
1346 2638 1404 2687 et
1421 2634 1490 2687 de
1514 2634 1777 2705 proximo
1802 2634 2120 2707 statuat(b).

475 2718 567 2773 Sic
591 2724 783 2774 autem
811 2722 1218 2792 unusquisque
1241 2727 1499 2777 vestrum
1522 2724 1736 2778 bonum
1762 2724 2117 2795 cogitaverit.

480 2806 528 2861 si
561 2808 673 2864 ista
700 2810 853 2881 apud
882 2826 941 2865 se
973 2815 1196 2883 repetat
1228 2828 1240 2866 :
1271 2811 1395 2866 Non
1428 2812 1513 2866 vis
1545 2812 1789 2867 interﬁci
1812 2812 1838 2866 ?
1870 2812 2120 2867 alterum

480 2913 596 2952 non
626 2897 940 2953 interﬁcias
966 2916 1112 2965 ;non
1145 2900 1229 2955 vis
1263 2918 1498 2956 uxorem
1526 2905 1687 2955 tuam
1722 2902 1792 2956 ab
1830 2899 1942 2957 alio
1986 2918 2121 2956 con-

481 2987 756 3057 stuprari,
791 2987 1031 3043 alterius
1085 2996 1324 3059 nuptam
1374 3007 1445 3044 ne
1494 2996 1850 3060 constupra;
1889 3008 2002 3045 non
2037 2991 2121 3045 vis

484 3074 785 3145 quidpiam
820 3093 1014 3131 rerum
1046 3082 1280 3132 tuarum
1331 3079 1483 3133 furto
1514 3078 1776 3133 auferri?
1806 3078 1949 3133 nihil
1980 3079 2121 3134 alte-

482 3165 607 3219 rius
637 3164 848 3220 furare.
882 3167 1069 3237 Atque
1105 3167 1184 3221 ita
1242 3185 1309 3223 ex
1341 3168 1502 3223 vobis
1534 3168 1678 3240 ipsis
1729 3170 1880 3240 quod
1915 3168 2124 3223 rationi

2229 603 2319 658 ρον
2371 582 2543 637 αὐτῶν
2590 582 2845 656 ἐξουσίαν,
2899 581 2984 637 ἐὰν
3042 583 3115 654 μή
3171 580 3432 657 πρότερόν
3482 602 3584 635 τινι
3637 579 3879 657 ὁμοτρά-

2226 677 2386 740 πεζος
2434 674 2704 748 γένηται,
2755 671 2812 725 ’ὀν
2863 669 3149 739 εύποιῆσαι
3204 672 3240 739 ἢ
3292 675 3532 725 κακῶσαι
3597 667 3875 744 βούλεται.

2224 763 2424 834 ’Ὠσπερ
2458 762 2548 816 οὗν
2584 758 2838 832 δαίμοσιυ
2884 757 3297 832 ἀποδεδομένων
3345 760 3594 831 θυμάτων
3644 756 3881 831 μεταλα-

2228 844 2407 911 ϐόντες
2438 855 2517 922 τῷ
2548 857 2646 920 τῆς
2674 849 2860 911 καγίας
2892 849 3119 925 ἡγεμόνι
3166 846 3633 919 κατεδουλώθητε,
3678 847 3877 917 οὕτως,

2229 936 2287 992 ἃν
2337 938 2543 993 τούτων
2594 937 2927 1010 παυσάμενοι
2974 941 3051 1009 τῷ
3096 941 3210 1008 Θεῷ
3258 935 3347 991 διὰ
3392 941 3489 991 τοῦ
3539 936 3744 1011 ἀγαθοῦ
3784 935 3881 990 καὶ

2229 1025 2403 1098 δεξιοῦ
2433 1027 2701 1103 ἡγεμόνος
2732 1026 3102 1102 προσφύγητε,
3155 1026 3372 1088 ἀθ-Ξτοις
3420 1031 3605 1098 τιμαῖς
3653 1029 3878 1079 ποιοῦν-

2226 1138 2313 1179 τες
2343 1116 2375 1170 ἃ
2409 1116 2691 1192 βούλεται,
2728 1114 2783 1170 εὖ
2817 1112 2924 1170 ἷὲῐτε
2956 1115 3037 1170 ὅτι
3090 1114 3181 1169 σὺν
3212 1119 3281 1189 τῇ
3325 1119 3418 1169 τοῦ
3450 1116 3704 1188 σώματος
3738 1114 3880 1168 ίάσει

2227 1206 2314 1260 καὶ
2361 1206 2457 1268 τὰς
2507 1205 2687 1281 ψυχὰς
2735 1203 3073 1281 ὑγιαινούσας
3121 1202 3284 1277 ἕξετε.
3340 1204 3510 1265 Αὐτὸς
3559 1203 3661 1279 γὰρ
3708 1202 3881 1275 μόνος

2228 1292 2317 1349 διὰ
2346 1302 2445 1364 τῆς
2478 1295 2761 1370 ἀριστερᾶς
2792 1294 3020 1369 ἀναιρῶν
3055 1290 3143 1348 διά
3168 1297 3269 1362 τῆς
3314 1290 3486 1364 δεξιᾶς
3540 1298 3881 1361 ζωοποιῆσαι

2228 1381 2465 1439 δύναται·
2501 1381 2709 1457 ὁμοίως
2758 1381 2815 1437 δὲ
2856 1382 2944 1438 καὶ
2994 1384 3239 1455 πατάξαι,
3287 1382 3377 1437 καὶ
3429 1383 3719 1451 ἀναστῆσαι
3762 1385 3878 1435 κεῖ-

2230 1494 2410 1547 μενον.

2299 1562 2390 1619 IV.
2426 1560 2521 1615 Διά
2545 1565 2704 1615 τοῦτο
2731 1565 2947 1636 πρῶτον
2996 1559 3099 1614 ὑπὸ
3145 1564 3239 1613 τοῦ
3271 1555 3592 1635 προδρόμου
3626 1557 3882 1631 Σίμωνος

2225 1649 2712 1726 προαπατηθέντες,
2763 1649 2878 1722 Θεῷ
2935 1650 3028 1710 τὰς
3089 1648 3270 1723 ψυχὰς
3329 1648 3615 1712 ἀπεθάνετε
3670 1648 3759 1703 καὶ
3813 1648 3883 1703 τὰ

2227 1740 2452 1812 σώματα
2482 1737 2851 1814 ἐπατάχθητες
2908 1735 3131 1792 δύνασθε
3184 1734 3240 1791 δὲ
3273 1736 3483 1810 ὁμοίως
3509 1738 3572 1792 τὸ
3604 1735 3880 1812 δεύτερον,

2227 1825 2316 1882 διὰ
2343 1835 2443 1896 τῆς
2480 1826 2778 1901 μετανοίας,
2812 1826 2885 1888 ὠς
2935 1822 3091 1904 ἔφην,
3141 1826 3207 1880 τά
3257 1830 3372 1898 Θεῷ
3417 1825 3709 1901 ἀρέσκοντα
3747 1825 3878 1880 ἀνα-

2228 1915 2506 1989 δεξάμενοι
2555 1916 2644 1970 καὶ
2691 1916 2755 1970 τὰ
2800 1915 3025 1988 σώματα
3072 1914 3378 1990 ἀναρῥῶσαι
3427 1915 3515 1970 καὶ
3560 1915 3655 1976 τὰς
3693 1915 3876 1989 ψυχὰς

2227 2001 2534 2063 ἀναλαϐεῖν.
2585 2006 2736 2059 Ἔστι
2781 2002 2837 2059 δὲ
2888 2004 2954 2058 τὰ
3001 2004 3296 2079 ἀρέσκοντα
3335 2008 3414 2075 τῷ
3456 2008 3569 2075 Θεῷ
3613 2003 3677 2058 τὸ
3726 2003 3876 2076 αὐτῷ

2228 2095 2641 2170 προσεύχεσθαι·
2690 2093 2848 2148 αὐτὸν
2899 2092 3064 2147 αἰτεῖν
3116 2096 3159 2129 9°
3210 2093 3282 2154 ὡς
3330 2092 3498 2147 πάντα
3552 2091 3704 2165 νόμῳ
3754 2113 3877 2168 κρι-

2228 2189 2362 2256 τικῴ
2394 2182 2627 2238 διδόντα·
2679 2188 2949 2258 τραπέζης
3001 2180 3277 2254 δαιμόνων
3333 2182 3650 2257 ἀπέχεσθαι·
3685 2188 3881 2255 νεκρᾶς

2234 2275 2309 2346 μὴ
2342 2271 2583 2347 γεύεσθαι
2637 2272 2851 2346 σαρκός·
2891 2273 2965 2345 μὴ
3017 2275 3171 2329 176
3219 2271 3406 2345 ψαύειν
3452 2269 3680 2344 α’ίματος
3720 2275 3785 2308 '7'
3823 2271 3888 2325 ἐκ

2227 2362 2424 2423 παντὸς
2454 2360 2813 2425 ἀπολούεσθαι
2845 2364 2888 2398 0⁸
2921 2359 3181 2434 λύματος·
3216 2361 3280 2414 τὰ
3312 2358 3368 2415 δὲ
3396 2357 3569 2415 λοιπά
3593 2358 3667 2414 ἐνὶ
3701 2359 3883 2435 λόγῳ,

2230 2451 2302 2513 ὠς
2360 2452 2411 2506 οἱ
2464 2451 2590 2506 Θεὸν
2646 2446 2893 2511 σέϐοντες
2938 2446 3174 2518 ἤκουσαν
3225 2446 3518 2520 Ἰουδαῖοι,
3570 2447 3659 2503 καὶ
3725 2449 3887 2521 ὑμεῖς

2226 2538 2488 2595 ἀκούσατε
2518 2540 2766 2610 ἅπαντες,
2818 2538 2869 2593 ἐν
2912 2537 3148 2600 πολλοῖς
3198 2538 3413 2609 σώμασι
3468 2537 3592 2611 μίαν
3644 2538 3884 2613 γνώμην

2229 2623 2603 2689 ἀναλαϐόντες·
2639 2628 2771 2702 ἅπερ
2814 2623 3035 2689 ἕκαστος
3085 2627 3259 2699 ἑαυτῷ
3312 2625 3565 2702 βούλεται
3616 2624 3777 2697 καλά,
3819 2626 3890 2680 τὰ

2229 2720 2363 2775 αύτᾶ
2424 2717 2766 2795 βούλευέσοω
2824 2721 2867 2755 ⁹⁹
2920 2720 3009 2773 καὶ
3066 2723 3146 2789 τῷ
3202 2716 3463 2786 πλησίον.
3518 2716 3675 2775 Οὕτω
3725 2714 3770 2770 δ’
3824 2715 3886 2771 ἂν

2232 2811 2381 2884 ὑμῶν
2414 2805 2635 2870 ἕκαστος
2664 2810 2883 2878 νοήσειε
2910 2807 2973 2862 τὸ
3021 2806 3213 2877 καλὸν,
3250 2806 3294 2861 εί
3340 2807 3514 2879 ἑαυτῷ
3565 2803 3886 2881 διαλεχθείη

2229 2900 2294 2954 τὰ
2322 2903 2563 2953 τοιαῦτω
2606 2897 2678 2952 Οὐ
2730 2895 2904 2959 θέλεις
2955 2898 3294 2974 φονευθῆναι,
3346 2892 3531 2969 ἓτερον
3589 2896 3662 2968 μὴ
3698 2894 3893 2973 φονεύ-

2229 3008 2343 3060 σῃς·
2379 2986 2441 3041 οὗ
2492 2984 2669 3049 θέλεις
2718 2986 2817 3053 τήν
2869 2985 2966 3052 σὴν
3022 2984 3107 3062 ὑφ’
3154 2985 3342 3060 ἑτέρου
3396 2985 3750 3058 μοιχευθῆναι
3781 3004 3888 3057 γυ-

2228 3082 2406 3147 ναῖκα,
2438 3077 2534 3143 τὴν
2569 3073 2751 3151 ἑτέρου
2788 3075 2862 3147 μή
2922 3074 3151 3148 μοίχευε
3193 3074 3460 3149 γαμετήν*
3512 3072 3574 3127 ού
3625 3071 3800 3134 θέλεις
3836 3093 3891 3126 τι

2231 3188 2338 3221 των
2387 3169 2492 3219 σῶν
2542 3163 2839 3231 κλαπῆναι,
2883 3162 3067 3237 ἑτέρου
3122 3162 3198 3234 μὴ
3258 3160 3459 3217 κλέπτε
3519 3159 3720 3235 μηδέν.
3785 3162 3893 3217 Καὶ

482 3258 940 3309 consentaneum
965 3228 1053 3310 est
1074 3256 1467 3329 intelligentes
1498 3228 1671 3329 atque
1703 3228 2121 3322 facientes,Deo

2239 3253 2411 3316 οὕτως
2465 3254 2551 3331 ἀφ’
2603 3253 2754 3324 ὑμῶν
2799 3250 2973 3305 αὐτῶν
3020 3251 3082 3305 τὸ
3133 3248 3360 3325 εὔλογον
3411 3247 3749 3311 συννοοῦντες
3801 3249 3894 3304 καὶ

484 3339 645 3395 chari
686 3342 867 3396 effecti
922 3346 1359 3416 consequemini
1385 3347 1732 3401 sanitatem:
1768 3347 2028 3418 alioquin
2071 3350 2129 3402 et

488 3428 546 3482 in
580 3431 843 3501 praesenti
880 3432 1088 3488 saeculo
1121 3436 1464 3506 corporibus
1515 3435 1950 3507 torquebimini,
1985 3440 2040 3491 et
2069 3436 2127 3489 in

486 3517 684 3575 futuro
709 3519 1032 3592 puniemini
1065 3523 1397 3579 animabus.

559 3702 624 3753 V.
661 3699 789 3755 Haec
820 3718 853 3755 a
900 3700 1066 3756 Petro
1118 3701 1318 3773 paucis
1350 3701 1556 3757 diebus
1606 3704 1791 3757 edocti
1842 3706 1897 3758 et
1941 3702 2129 3758 sanati

487 3787 761 3859 haptizati
796 3794 955 3844 sunt.
996 3791 1207 3845 Deinde
1238 3792 1388 3844 inter
1418 3796 1623 3845 cetera
1645 3790 1805 3845 illius
1849 3790 2133 3846 miracula

490 3876 697 3949 reliqui
731 3894 935 3933 omnes
965 3878 1022 3933 in
1058 3879 1249 3934 medio
1300 3879 1422 3934 foro
1472 3879 1691 3951 passim
1741 3881 1797 3935 in
1853 3881 2045 3936 cinere
2078 3885 2134 3934 et

493 3982 660 4021 sacco
693 3968 993 4033 sedebant,
1027 3972 1266 4041 agentes
1299 3969 1699 4040 pcenitentiam
1742 3969 1811 4023 de
1842 3969 2133 4041 prioribus

490 4054 737 4109 delictis.
771 4056 841 4109 Et
869 4057 967 4127 qui
997 4057 1271 4112 Sidonem
1305 4057 1655 4126 incolebant,
1689 4056 1801 4113 ista
1832 4058 2134 4112 audientes

493 4144 712 4199 similia
745 4145 1023 4213 fecerunt,
1050 4147 1450 4217 miseruntque
1482 4148 1551 4201 ad
1586 4151 1822 4202 Petrum
1851 4146 2136 4219 supplica-

495 4237 681 4298 turos,
716 4235 864 4303 quod
911 4235 1019 4308 ipsi
1074 4242 1308 4308 propter
1357 4237 1590 4292 morbos
1640 4253 1753 4291 non
1796 4241 2033 4308 possent
2062 4236 2132 4290 ad

495 4321 662 4377 illum
695 4325 908 4379 venire.
964 4327 1143 4396 Igitur
1190 4331 1391 4381 Petrus
1434 4343 1567 4381 cum
1619 4343 1720 4398 per
1766 4342 1981 4397 paucos
2014 4325 2136 4380 dies

498 4412 631 4484 Tyri
664 4419 1056 4469 commoratus
1096 4421 1251 4469 esset
1298 4422 1653 4488 cunctosque
1702 4415 1859 4471 illius
1891 4414 2136 4469 civitatis

494 4500 762 4557 homines
820 4502 1217 4569 instruxisset,
1272 4508 1329 4558 et
1378 4504 1742 4559 liberavisset
1808 4504 2138 4575 omnigenis

2239 3348 2522 3404 ποιοῦντες
2554 3385 2567 3410 ,
2620 3342 2735 3412 Θεῷ
2784 3338 3107 3417 προσφιλεῖς
3165 3338 3499 3413 γενόμενοι,
3559 3337 3898 3408 ἐπιτεύξεσθε

2238 3439 2339 3501 τῆς
2400 3431 2615 3501 ἰάσεως,
2676 3428 2788 3483 ἐπεὶ
2845 3428 2935 3482 καὶ
2996 3426 3047 3481 ἐν
3091 3431 3167 3499 τῷ
3227 3427 3449 3503 παρόντι
3510 3427 3664 3482 αἰῶνι
3725 3428 3897 3503 βασα-

2236 3521 2554 3591 νισθήσεσθε
2608 3519 2674 3572 τὰ
2725 3518 2971 3589 σώματα,
3030 3516 3123 3570 καὶ
3182 3514 3233 3570 ἐν
3292 3520 3370 3588 τῷ
3421 3513 3677 3590 μέλλοντι
3728 3513 3899 3571 κολαο

2240 3610 2496 3680 σθήσεσθε
2525 3608 2621 3669 τὰς
2652 3606 2848 3683 ψυχάς.

2311 3701 2377 3754 V.
2409 3702 2582 3751 Ταῦτα
2633 3698 2699 3734 ¹⁰⁰
2748 3697 2849 3750 ὑπὸ
2893 3700 2987 3750 τοῦ
3038 3694 3241 3769 Πέτρου
3293 3693 3343 3747 έν
3398 3692 3609 3769 ὀλίγαις
3654 3693 3897 3768 ἡμέραις

2239 3787 2643 3863 κατηχηθέντες
2690 3784 2779 3839 καὶ
2828 3785 3061 3845 ἰαθέντες
3108 3782 3502 3853 ὲοαπτίσθησαν
3549 3828 3560 3839 .
3607 3789 3837 3837 Ἔπειτα
3877 3788 3893 3820 ί

2238 3885 2356 3940 τοῖς
2417 3877 2633 3937 λοιποῖς
2689 3874 2851 3929 αὖτοῦ
2903 3873 3165 3947 θαύμασιν
3224 3873 3275 3927 οἱ
3335 3872 3521 3927 λοιποὶ
3588 3871 3784 3933 πάντες
3845 3871 3898 3926 ἐν

2247 3968 2430 4042 μέσαις
2459 3970 2576 4027 ταῖς
2623 3966 2842 4041 ἀγοραῖς
2882 3960 3156 4036 πανδημεὶ
3192 3961 3278 4017 ἐπὶ
3311 3962 3514 4016 σποδοῦ
3553 3961 3643 4015 καὶ
3694 3961 3896 4015 σάκκου

2243 4056 2577 4125 ἐκαθέζοντο,
2615 4057 2996 4127 μετανοοῦντες
3042 4051 3127 4105 ἐπὶ
3175 4056 3293 4112 τοῖς
3349 4050 3603 4127 πρότερον
3637 4052 3896 4124 ἡμαρτη-

2248 4144 2448 4219 μένοις.
2478 4143 2576 4198 Καὶ
2609 4143 2660 4195 οἱ
2702 4141 2751 4196 έν
2806 4138 3003 4195 Σιδῶνι
3052 4144 3218 4194 ταῦτα
3268 4138 3588 4200 ἀκούσαντες
3634 4139 3699 4192 τά
3729 4137 3903 4211 ὅμοια

2246 4234 2531 4304 ἐποίησαν,
2591 4231 2679 4285 καὶ
2724 4230 2901 4291 ἱκέτας
2949 4228 3084 4303 πρὸς
3129 4228 3217 4283 τὸν
3276 4228 3477 4305 Πέτρον
3540 4224 3902 4297 ἀπέστελλον,

2247 4323 2319 4384 ὡς
2350 4320 2503 4376 αὐτοὶ
2536 4317 2623 4374 διὰ
2663 4318 2760 4380 τὰς
2806 4317 2999 4379 νόσους
3042 4316 3179 4391 πρὸς
3230 4315 3388 4371 αὐτὸν
3444 4314 3621 4371 ἐλθεῖν
3681 4315 3757 4387 μὴ
3812 4312 3909 4369 δυ-

2244 4411 2463 4484 νάμενοι
2514 4415 2570 4463 'O
2603 4407 2802 4483 Πέτρος
2837 4404 2893 4461 δὲ
2922 4408 3144 4481 ἡμερῶν
3178 4404 3239 4459 ού
3280 4403 3506 4459 πολλῶν
3556 4401 3907 4480 ἐνδιατρίψας

2283 4504 2309 4515 ..ρ

2244 4504 2313 4575 τῇ
2347 4503 2366 4536 ²
2398 4498 2574 4574 Τύρῳ,
2608 4496 2696 4551 καὶ
2738 4497 3059 4570 κατηχήσας
3109 4493 3234 4556 τοὺς
3285 4493 3336 4548 ἐν
3382 4493 3517 4567 αὐτῇ
3552 4496 3701 4550 177
3739 4493 3908 4547 ἅπαν-

492 4592 713 4647 morbis
745 4608 810 4647 ac
840 4592 1192 4647 instituisset
1224 4593 1555 4658 ecclesiam,
1589 4600 1760 4665 atque
1791 4611 1859 4647 ex
1896 4593 2124 4664 presby-

2244 4612 2340 4651 τας
2375 4633 2390 4656 ,
2453 4590 2542 4641 καὶ
2614 4582 2968 4639 παντοδαπῶν
3032 4582 3229 4643 αὐτοὺς
3288 4581 3605 4653 ἀπαλλάξας
3664 4583 3849 4636 παθῶν
3890 4628 3906 4654 ,

497 4681 655 4753 teris,
690 4682 787 4752 qui
820 4699 953 4737 eum
988 4682 1398 4753 sequebantur,
1454 4682 1597 4753 ipsis
1629 4682 1968 4754 episcopum
2003 4698 2136 4735 con-

496 4771 804 4839 stitmsset,
858 4772 1129 4827 Sidonem
1181 4770 1425 4843 appulit.
1478 4776 1553 4825 At
1617 4771 1839 4839 Simon,
1895 4771 2139 4825 audiens

500 4860 653 4931 quod
687 4860 1025 4915 adventaret
1053 4863 1281 4927 Petrus,
1308 4859 1615 4916 confestim
1651 4860 1721 4914 ad
1756 4861 2019 4931 Berytum
2045 4876 2142 4914 au-

496 4948 647 5021 fugit
676 4964 809 5003 cum
842 4949 1102 5021 Appione
1132 4954 1187 5004 et
1216 4950 1409 5005 sociis.

572 5165 646 5237 (α)
678 5165 845 5223 Deut.
877 5181 1054 5232 χχχιι,
1085 5166 1189 5235 39;
1224 5166 1245 5222 Ι
1278 5164 1418 5237 Reg.
1454 5181 1515 5229 ιι,
1545 5165 1599 5220 6.

2248 4675 2538 4745 ἐκκλησίαν
2588 4695 2646 4729 τε
2692 4672 3111 4745 συστησάμενος,
3161 4673 3250 4726 καὶ
3305 4672 3409 4726 ἀπὸ
3457 4676 3563 4726 τῶν
3619 4672 3907 4744 ἑπομένων

2250 4766 2395 4837 αύτῷ
2470 4758 2846 4839 πρεσϐυτέρων
2923 4761 3213 4817 ἐπίσκοπον
3274 4760 3457 4823 αὐτοῖς
3512 4762 3853 4830 καταστήσας
3890 4806 3906 4833 ,

2252 4854 2504 4929 ὥρμησεν
2537 4853 2613 4915 εἷς
2647 4849 2880 4907 Σιδῶνα.
2927 4856 2982 4903 Ὁ
3015 4848 3072 4905 δὲ
3104 4850 3291 4923 Σίμων
3344 4850 3529 4924 μαθὼν
3561 4848 3769 4919 ἥκοντα
3809 4850 3907 4903 τὸν

2252 4944 2452 5020 Πέτρον
2505 4942 2657 5004 εὐθὺς
2705 4938 2910 5016 ἀπέδρα
2961 4939 3038 5003 εἰς
3087 4940 3331 5017 Βηρυτὸν
3386 4940 3502 5013 μετ’
3534 4941 3555 4976 ³
3590 4935 3911 5000 ’Δππίωνος

2253 5033 2344 5089 καὶ
2373 5037 2478 5088 τῶν
2512 5030 2677 5087 αὐτοῦ
2709 5029 2957 5107 ἑταίρων.

1676 5163 1751 5236 (b)
1783 5163 1987 5219 Matth.
2022 5180 2124 5233 v11,
2154 5164 2241 5219 12.

1783 5328 1789 5335 ·
1854 5306 2096 5362 VARI/E
2137 5302 2547 5362 LECTIONES.

573 5419 616 5453 ³⁸
640 5419 725 5474 Ita
758 5418 824 5481 D,
859 5413 1028 5486 δεξιόν
1078 5437 1137 5471 τε
1187 5414 1276 5470 καὶ
1331 5412 1500 5469 εύωνύ
1552 5435 1624 5469 ων
1683 5417 1742 5483 C,
1776 5409 1961 5482 δεξιῶν
2018 5432 2076 5466 τε
2130 5409 2217 5465 καὶ
2277 5408 2571 5481 εὐωνύμων
2614 5410 2677 5463 Ο.
2729 5406 2876 5534 πὸή

573 5496 654 5534 2m
692 5491 846 5534 rlmmt
905 5492 947 5525 96
1007 5490 1084 5534 ltn
1122 5506 1186 5534 ργ
1217 5490 1458 5534 ηηηὶρρι..
1609 5484 1745 5534 ἐστίν
1782 5492 2024 5534 uterque
2054 5485 2220 5534 Hom.
2255 5484 2451 5534 codex.
2485 5483 2526 5516 97
2560 5479 2761 5534 αἳματα
2838 5518 2853 5533 .

1540 5488 1576 5549 ἰ,
1609 5479 1745 5540 ἐστίν
1773 5479 2024 5556 uterque
2054 5485 2220 5539 Hom.
2255 5479 2526 5556 eodem?"
2560 5479 2761 5556 αῖματα
2790 5479 2853 5534 Ο.

500 5495 657 5545 textu
692 5491 869 5543 deest.
905 5492 947 5525 ⁹⁶
1007 5490 1090 5544 Ita
1122 5506 1187 5544 ex
1217 5490 1459 5559 conject.

2912 5406 2955 5461 Ο
2986 5408 3043 5462 et
3088 5405 3159 5461 de
3207 5404 3453 5473 conject.
3512 5404 3570 5468 C.
3623 5402 3681 5458 in
3734 5403 3913 5474 cujus

2888 5478 2932 5513 9⁸
2973 5477 3130 5532 Hanc
3178 5475 3549 5531 Oltoboniani
3600 5473 3908 5529 lectionem

503 5563 875 5617 commendat
904 5566 941 5631 ι]
971 5579 1039 5616 ex
1070 5545 1343 5631 conject:
1370 5560 1467 5615 sed
1502 5545 1627 5613 exh.
1664 5545 2079 5631 inclusae-acip
2114 5562 2293 5631 textu.
2332 5553 2542 5631 Dcinde
2678 5550 2729 5603 οἳ
2763 5567 2813 5606 C-
2846 5546 3068 5631 (ᾗχδσοι
3119 5550 3183 5631 (ἶ-
3235 5545 3356 5631 si“)
3387 5547 3447 5616 Ο,
3502 5545 3580 5599 οσ’
3612 5546 3662 5599 οἱ
3694 5546 3764 5631 δε,
3785 5546 3910 5631 ".P

504 5634 769 5689 emendat
810 5628 1430 5705 @00).é_70w‘°°1'l‘01a3_10t
1548 5634 1563 5665 ί
1600 5629 1893 5705 Forteleg.

508 5709 745 5781 apparet
777 5701 833 5761 Ξ.
866 5705 888 5737 ³
924 5703 1002 5775 τῷ
1034 5705 1086 5759 S.
1124 5705 1143 5738 ³
1179 5703 1312 5777 μετά
1340 5703 1403 5758 Ο.
1431 5702 1589 5758 Idem
1623 5701 1831 5759 deinde
1861 5701 2070 5754 ἑαυτοῦ.

1926 5626 2013 5680 καὶ
2046 5625 2153 5683 ἐπί.
2194 5627 2495 5700 Vulgatam
2527 5623 2731 5681 saltem
2765 5615 3301 5695 scripturam'haud
3336 5615 3541 5675 Sanam
3576 5632 3706 5673 esse
3739 5615 3913 5673 facile
