4114 6338
185 457 272 516 221
1270 452 1796 515 CLENIENTINA.
1820 484 1895 495 —
1932 450 2255 512 HUMlLlA
2305 450 2433 511 VII.

3437 447 3555 506 222

240 588 320 641 VI.
350 588 458 642 Τοῦ
489 582 547 641 δὲ
576 586 786 661 ῐ1έτρου
830 583 1089 648 εἶσιόντος
1131 584 1208 647 είς
1236 586 1334 655 τήν
1388 581 1619 654 Σιδῶνα,
1652 581 1786 638 πολ-

1989 588 2075 640 Vl.
2108 590 2387 641 Caeterum
2420 601 2553 641 cum
2586 584 2791 641 Petrus
2820 584 3093 641 Sidonem
3128 581 3428 655 ingressus
3459 597 3548 635 es-

186 677 291 737 λοὺς
320 675 364 730 ἐν
394 673 604 737 κλίναις
657 674 909 754 φέροντες
960 676 1065 749 πρὸ
1112 674 1275 730 αὐτοῦ
1326 672 1583 737 ἐτίθεσαν.
1630 674 1691 729 Ὀ
1740 669 1797 726 δὲ

183 766 291 839 πρὸς
328 764 514 826 αὐτοὺς
564 763 691 842 ἔφη·
739 766 828 833 Μή
880 764 1055 819 τοίνυν
1099 763 1363 836 νομίσητε
1412 762 1507 836 ἐμέ
1553 783 1605 816 τι
1638 760 1793 816 δύνα-

181 856 274 908 σθαι
318 856 442 929 πρὸς
492 855 754 930 ὑμετέραν
808 852 985 923 ἴασιν,
1037 850 1203 928 ἄνδρα
1257 853 1448 921 θνητὸν
1492 852 1581 905 καὶ
1636 850 1793 905 αὐτὸν

179 941 376 1003 πολλοῖς
415 941 637 996 πάθεσιν
684 942 970 997 ὑποπεσεῖν
1018 939 1333 1014 δυνάμενονθ
1382 941 1695 1018 ὑφηγεῖσθαι
1740 935 1796 993 δὲ

180 1031 280 1103 ὑμῖν
304 1032 388 1085 τὸν
417 1031 621 1105 τρόπον
657 1028 726 1086 δι’
759 1032 821 1086 οὗ
872 1038 1109 1100 σωθῆναι
1164 1027 1450 1101 δυνήσεσθε
1495 1029 1555 1084 οὗ
1587 1040 1791 1107 φοονω,

175 1119 241 1172 καί
285 1118 434 1181 αύτδς
486 1121 635 1193 παρὰ
680 1125 780 1174 τοῦ
827 1126 926 1189 τῆς
976 1118 1233 1190 ἀληθείας
1286 1122 1574 1197 [Ιροφξτου
1609 1118 1789 1191 μαθὼν

175 1206 273 1269 τοὺς
320 1209 772 1283 προωρισμένους
828 1213 924 1264 τοῦ
982 1206 1116 1264 Θεοῦ
1173 1211 1279 1283 πρὸ
1334 1203 1645 1276 καταϐολῆς
1697 1206 1789 1261 κό-

176 1317 283 1365 σμον
330 1296 618 1369 ὁρισμοὺς,
655 1297 799 1373 Λέγω
852 1295 908 1352 δὲ
962 1297 1049 1352 ἐπῖ
1100 1298 1282 1359 ποίαις
1330 1303 1520 1358 κακαῖς
1570 1295 1789 1368 πράξεσι

174 1385 269 1445 τοὺς
295 1384 615 1456 ἀνθρώπους
647 1384 821 1456 ἔταξεν
871 1387 971 1440 ὑπὸ
1010 1390 1107 1440 τοῦ
1152 1393 1254 1455 τῆς
1283 1385 1471 1447 κακίας
1516 1384 1789 1459 ἡγεμόνος

173 1478 447 1540 κακοῦσθαι,
500 1474 717 1547 ὁμοίως
768 1472 875 1529 δὲ⁴
904 1474 990 1529 ἐπὶ
1040 1473 1224 1536 ποίαις
1274 1474 1499 1549 ἀγαθαῖς
1538 1472 1785 1549 πράξεσιν

172 1563 299 1635 ὥρισε
350 1562 619 1637 πρότερον
674 1562 1052 1625 πιστεύσαντας
1104 1562 1249 1635 αύτῷ
1300 1562 1520 1635 ἰωμένῳ
1567 1561 1633 1617 τὰ
1681 1563 1786 1615 σώ-

173 1670 282 1719 ματα
306 1651 593 1722 σώζεσθαι,
628 1646 811 1706 ἔπειτα
858 1653 945 1706 καὶ
995 1654 1088 1714 τὰς
1137 1651 1316 1729 ψυχὰς
1367 1648 1787 1724 ἐπανορθοῦσθαι

172 1738 275 1810 πρὸς
302 1739 359 1793 τὸ
389 1739 727 1815 ἀνώλεθρον.

221 1849 323 1900 VII.
353 1846 560 1901 Ταύτας
612 1847 792 1902 τοίνυν
841 1846 933 1909 τάς
974 1868 1032 1903 τε
1080 1846 1279 1922 ἀγαθὰς
1322 1848 1409 1902 καὶ
1456 1846 1623 1909 κακάς
1653 1848 1786 1922 πρά-

1906 679 2018 745 sct,
2052 674 2267 730 multos
2295 674 2351 729 in
2386 674 2550 730 lectis
2582 675 2791 729 allatos
2824 691 3015 729 coram
3048 673 3174 744 ipso
3207 675 3546 743 posuerunt.

1907 763 2008 819 Ille
2052 769 2246 819 autem
2299 764 2443 819 dixit
2491 765 2559 819 ad
2612 781 2710 819 eos
2746 781 2757 818 :
2793 764 2873 818 Ne
2904 779 3035 816 vero
3084 759 3428 816 existimetis
3458 776 3551 814 me

1906 853 2119 924 aliiluid
2155 871 2325 925 posse
2352 854 2425 908 ad
2458 854 2814 908 curationem
2850 858 3120 921 vestram,
3147 849 3245 920 qui
3280 851 3387 904 sim
3426 850 3551 920 ipso

1906 959 2136 1016 quoque
2168 942 2341 997 homo
2392 942 2677 1007 mortalis,
2730 946 2788 996 et
2819 942 2874 994 in
2910 940 3097 995 multa
3145 938 3362 1010 possim
3407 937 3549 991 inci-

1904 1034 2037 1088 dere
2078 1033 2320 1087 adversa
2353 1032 2596 1086 :docere
2630 1035 2821 1085 autem
2857 1046 2956 1083 vos
2989 1028 3226 1082 modum
3260 1044 3372 1098 quo
3406 1024 3553 1081 salvi

1901 1138 2029 1178 esse
2061 1121 2320 1193 possitis,
2355 1136 2465 1176 non
2505 1121 2809 1191 gravabor,
2844 1118 2941 1189 qui
2977 1118 3099 1190 ipse
3126 1117 3300 1170 etiam
3335 1132 3366 1169 a
3398 1114 3547 1169 veri-

1898 1212 2038 1266 tatis
2090 1211 2374 1282 Propheta
2420 1210 2595 1263 didici
2630 1209 2891 1280 praaﬁxos
2924 1224 2956 1261 a
3007 1206 3120 1260 Deo
3168 1210 3299 1259 ante
3340 1202 3549 1258 mundi

1900 1299 2375 1355 constitutionem
2408 1298 2711 1361 terminos,
2738 1296 2797 1350 in
2830 1294 3125 1367 qualibus,
3151 1294 3547 1364 inquam,ma-

1897 1388 1971 1445 lis
2001 1389 2275 1460 operibus
2306 1386 2663 1458 disposuerit
2690 1390 2750 1438 ut
2780 1384 3048 1438 homines
3071 1399 3102 1435 a
3135 1381 3370 1436 malitiae
3401 1382 3547 1435 duce

1897 1477 2364 1549 affligantur,sed
2401 1474 2669 1530 similiter
2700 1474 2754 1527 in
2780 1473 3051 1544 qualibus
3074 1470 3241 1525 bonis
3266 1469 3539 1542 operibus

1897 1565 2213 1621 decreverit
2245 1569 2328 1629 ut,
2363 1564 2461 1636 qui
2496 1564 2552 1617 in
2586 1580 2716 1617 eum
2750 1561 2906 1617 velut
2950 1560 3242 1615 medicum
3275 1557 3538 1613 credide-

1897 1655 2036 1724 rint,
2072 1654 2234 1725 prius
2265 1669 2503 1725 corpore
2534 1656 2830 1717 curentur,
2866 1649 3073 1705 deinde
3104 1653 3160 1704 et
3189 1647 3387 1703 anima
3418 1646 3536 1701 ins-

1895 1747 2203 1798 taurentur
2232 1742 2302 1796 ad
2334 1741 2604 1797 salutem.

1964 1849 2086 1904 Vll.
2120 1853 2237 1905 Has
2268 1865 2404 1921 ergo
2447 1864 2803 1920 cognoscens
2844 1847 3026 1902 bonas
3056 1848 3113 1901 et
3143 1842 3327 1899 malas
3359 1842 3537 1899 actio-

172 1936 251 2003 ξεις
294 1932 445 1995 εἰδὼς
496 1935 805 2008 προμηνύω
851 1936 976 2007 ὑμῖν
1026 1936 1101 1998 ὡς
1132 1939 1153 1973 ⁸
1185 1933 1345 1997 ὁδοὺς
1396 1933 1511 2005 δύο,
1566 1933 1785 1991 ὑποδει-

1899 1957 2000 1995 nes
2028 1939 2352 2010 praenuntia
2383 1939 2546 1993 vobis
2576 1938 2741 2008 quasi
2776 1937 2923 1991 duas
2945 1935 3257 1991 ostendens
3287 1933 3541 2003 vias,per

173 2022 423 2079 κνύωνόιά
447 2024 615 2087 ποίας
668 2026 759 2097 μὲν
816 2022 1119 2100 βαδίζοντες
1168 2023 1526 2092 ἀπόλλυνται,
1575 2024 1733 2079 ποίαν
1763 2028 1784 2062 ⁸

176 2108 218 2164 δὲ
241 2109 502 2175 ὁδεύοντες
556 2113 955 2181 ἀποσώζονται,
993 2118 1122 2184 ’Θεῷ
1176 2110 1554 2187 ὁδηγούμενοι.
1591 2116 1651 2169 Ἣ
1688 2116 1782 2186 μὲν

177 2198 241 2252 οὖν
263 2206 359 2256 τῶν
388 2200 791 2274 ἀπολλυμένων
843 2199 967 2262 ὁδὸς
1017 2200 1246 2256 πλατεῖα
1296 2204 1390 2273 μὲν
1420 2203 1508 2257 καὶ
1558 2202 1784 2274 ὁμαλω-

174 2288 298 2358 τάτη,
328 2290 684 2345 ἀπολλύουσα
714 2288 771 2345 δὲ
814 2288 938 2344 ἄνευ
983 2295 1081 2345 τοῦ
1129 2290 1318 2361 πόνου,
1352 2293 1385 2360 ἡ
1421 2290 1479 2346 δὶ
1526 2296 1629 2345 τῶν
1676 2314 1783 2347 σω-

177 2377 377 2448 ζομένων
436 2381 597 2448 στενή
662 2380 757 2450 μὲν
814 2379 901 2433 καὶ
960 2385 1208 2454 τραχεῖα,
1263 2380 1507 2449 σώζουσα
1554 2378 1611 2434 δὲ
1650 2382 1785 2454 πρὸς

176 2466 234 2534 τῷ
270 2466 399 2521 τέλει
443 2467 579 2530 τοὺς
630 2464 1079 2543 διαπορευθέντας
1133 2467 1425 2530 ἐπιπόνως.
1475 2469 1690 2523 Τούτων
1729 2466 1788 2524 δὲ

176 2558 256 2606 τῶν
298 2552 385 2609 δύο
433 2554 576 2611 ὁδῶν
629 2557 1015 2631 προκαθέζεται
1079 2559 1231 2614 178
1286 2556 1505 2612 ἀπιστία
1558 2558 1646 2612 καὶ
1694 2558 1785 2611 πί-

177 2662 293 2703 στις·
336 2644 419 2699 καὶ
470 2643 720 2700 ὁδεύουσι
770 2643 861 2700 διὰ
914 2646 1009 2718 μὲν
1055 2644 1303 2708 ἀπιστίας
1354 2647 1407 2700 οἴ
1449 2648 1544 2707 τὰς
1589 2644 1787 2715 ἡδονὰς

177 2733 531 2806 προκρίναντες,
598 2732 669 2788 δι’
726 2734 785 2797 ἃς
845 2738 1150 2805 [ποιοῦντες
1210 2736 1238 2789 ὃ
1286 2734 1386 2790 οὐκ
1440 2734 1660 2809 ἀρεστὸν
1706 2737 1787 2807 τῷ

177 2818 264 2891 Θεῷ
287 2822 366 2875 καὶ
416 2820 795 2896 ἀμελήσαντες
850 2824 925 2886 εἷς
977 2824 1040 2878 τὸ
1072 2829 1240 2878 σῶσαι
1282 2826 1466 2899 ψυχὴν
1506 2829 1585 2895 τῷ
1614 2822 1785 2900 λόγῳ,

179 2905 391 2964 ἐλάθοντο
437 2910 654 2986 ἡμέρας
702 2911 935 2985 κρίσεως
985 2914 1052 2986 ⁷,]
1085 2909 1210 2967 οὐδὲ
1259 2918 1435 2981 ζητεῖν
1478 2912 1542 2967 τὸ
1589 2912 1789 2990 συμφέ-

180 3016 247 3068 ρον
273 2997 327 3052 ού
356 2996 702 3077 διεφύλαξαν.
756 3001 1041 3075 ’Δγνοοῦσι
1095 3002 1277 3073 μέντοι
1328 3002 1403 3063 ὡς
1454 3001 1555 3055 οὐκ
1581 3000 1787 3077 ἀνθρω-

180 3084 317 3147 πίνοις
360 3087 523 3159 ὅμοια
578 3088 646 3141 τὰ
692 3091 831 3142 Θεοῦ
885 3089 1227 3164 βουλήματω
1282 3094 1498 3163 πρῶτον
1552 3090 1645 3161 μὲν
1683 3091 1787 3165 γάρ

181 3170 266 3228 οἶδε
292 3176 350 3229 τὰ
377 3178 597 3230 πάντων
634 3173 995 3249 διανοήματα,
1045 3177 1134 3231 καὶ
1182 3177 1280 3232 οὐκ
1322 3177 1373 3231 ἐν
1424 3183 1502 3248 τῷ
1532 3177 1787 3254 ἐγχειρῆ-

179 3281 240 3313 σαι
268 3263 439 3334 μόνον,
490 3262 643 3320 ἀλλά
689 3265 779 3319 καὶ
811 3265 861 3320 ἐν
911 3271 989 3337 τῷ
1036 3265 1278 3335 ἐννοῆσαι
1316 3264 1539 3329 ἕκαστος
1576 3266 1784 3321 εὐθύνε-

177 3369 257 3405 ται.
286 3353 475 3425 Πολλῷ
504 3357 525 3391 ⁸
562 3354 622 3407 δὲ
649 3357 810 3422 ἦττον
842 3350 1119 3409 ἀσεϐοῦσιν
1152 3356 1204 3409 οἱ
1244 3356 1613 3431 ἐγχειροῦντες
1644 3354 1788 3411 καλὰ

178 3446 285 3493 νοεῖν
306 3442 388 3495 καὶ
411 3442 909 3517 ἀποτυγχάνοντες,
932 3447 1037 3497 τῶν
1068 3441 1205 3515 μηδὲ
1227 3442 1371 3505 ὅλως
1397 3443 1788 3517 ἐγχειρούντων

184 3532 264 3590 ιοῖς
289 3530 493 3593 καλοῖς.
527 3534 651 3585 ’Ότι
684 3534 830 3603 αύτῷ
877 3536 953 3603 τῷ
995 3537 1111 3603 Θεῷ
1160 3529 1359 3602 ἔδοξεν,
1388 3533 1479 3587 τὸν
1511 3530 1561 3587 ἐν
1590 3533 1785 3607 γνώσει

178 3620 258 3669 τῶν
300 3618 473 3674 καλῶν
520 3620 947 3694 παραπίπτοντα
972 3623 1013 3691 ³,
1042 3621 1178 3675 κατά
1223 3619 1388 3695 λόγον
1437 3625 1543 3676 τῶν
1576 3621 1785 3696 ἀνθρω-

179 3704 312 3761 πίνων
355 3710 841 3783 παραπτωμάτων,
880 3709 1112 3785 μετρίως
1160 3708 1491 3765 κολασθέντα
1532 3714 1576 3747 ¹⁰
1606 3713 1785 3779 σωθῆ-

178 3812 273 3850 ναι.
316 3797 373 3849 Οἱ
421 3794 476 3851 δὲ
525 3799 630 3865 τήν
678 3797 860 3872 ἀρχὴν
910 3797 999 3851 καὶ
1043 3802 1141 3852 τοῦ
1186 3802 1385 3871 γνῶναι
1433 3798 1495 3852 τὸ
1542 3804 1784 3874 κρεῖττον

180 3878 562 3953 ἐξημεληκότες,
607 3885 705 3939 κᾶν
762 3885 928 3961 μυρία
970 3883 1126 3962 ’ἑτερα
1172 3889 1409 3961 πράξωσι
1459 3886 1620 3957 καλὰ,
1669 3888 1720 3942 ἐν

180 3964 221 4021 δὲ
243 3971 379 4033 αὐτὸς
405 3974 574 4046 ὥρισε
630 3973 892 4048 θρησκεία
945 3976 1022 4047 μή
1074 3976 1354 4049 γένωνται,
1404 3975 1661 4049 ἀμελείας
1700 3973 1786 4053 ἔγ-

179 4055 331 4129 κλημα
370 4058 635 4125 λαϐόντες
682 4066 752 4136 τῇ
806 4063 1031 4138 μεγίστῃ
1079 4058 1579 4135 ἀποσϐεσθήσονται
1619 4063 1785 4120 κολά-

182 4165 239 4199 σει
257 4150 516 4213 παντελῶς
550 4155 614 4207 ¹¹.

231 4238 443 4295 Vlll.'H
498 4238 558 4295 δὲ
622 4240 711 4294 ὑπ’
771 4239 936 4295 αὐτοῦ
1006 4240 1280 4315 ὀρισθεῖσα
1335 4243 1592 4318 θρησκεία
1648 4241 1788 4298 ἐστὶν

182 4322 301 4391 αὕτη·
344 4330 410 4383 Τὸ
463 4330 634 4402 μόνον
687 4328 846 4384 αὐτὸν
898 4325 1095 4401 σέϐειν,
1144 4329 1233 4385 καί
1278 4335 1359 4403 τῷ
1398 4338 1497 4400 τῆς
1528 4329 1792 4402 ἀληθείας

184 4411 300 4485 μένῳ
346 4417 615 4473 πιστεύειν
665 4420 941 4493 προφήτῃ,
991 4419 1080 4473 καὶ
1132 4418 1209 4481 εἷς
1268 4421 1452 4497 ἄφεσιν
1505 4421 1783 4493 ἁμαρτιῶν

184 4498 515 4595 βαπτισθῆναι,
579 4506 669 4560 καὶ
722 4508 896 4569 οὕτως
956 4504 1045 4561 διὰ
1096 4515 1197 4576 τῆς
1256 4508 1553 4583 άγνοτάτης
1606 4510 1784 4586 βαφῆς

182 4592 552 4663 ἀναγεννηθῆναι
607 4599 721 4665 Θεῷ
773 4592 862 4649 διὰ
907 4600 1002 4649 τοῦ
1052 4598 1325 4664 σώζοντος
1376 4594 1603 4658 ὕδατος*
1652 4618 1781 4671 τρα-

1895 2044 2073 2099 quam
2107 2028 2343 2098 quidem
2385 2026 2715 2099 gradientes
2760 2029 3017 2096 pereant,
3070 2041 3171 2095 per
3201 2038 3375 2093 quam
3406 2036 3536 2075 vero

1892 2117 2228 2172 incedentes
2250 2116 2564 2178 salventur,
2588 2114 2747 2169 ducti
2770 2131 2803 2168 a
2825 2114 2959 2168 Deo.
2976 2113 3076 2167 Via
3098 2111 3272 2183 igitur
3292 2126 3536 2181 pereun-

1895 2206 2041 2261 tium
2068 2205 2185 2259 lata
2206 2210 2295 2259 est
2310 2208 2365 2259 et
2386 2201 3061 2275 planissima,perditque
3079 2201 3299 2269 absque
3317 2196 3535 2262 labore;

1896 2301 1954 2350 at
1973 2296 2064 2349 via
2086 2298 2442 2349 servatorum
2464 2296 2716 2363 angusta
2744 2297 2831 2345 est
2860 2297 2917 2345 et
2948 2287 3538 2360 aspera,tandemque

1895 2383 2005 2438 iter
2037 2382 2312 2437 facientes
2334 2386 2521 2436 servat
2542 2397 2675 2435 cum
2698 2379 2892 2434 labore
2920 2378 3103 2432 multo
3124 2378 3224 2449 (a),
3255 2378 3537 2430 Caeterum

1895 2470 1988 2526 his
2020 2472 2249 2525 duabus
2279 2470 2385 2523 viis
2410 2468 2718 2541 praesident
2749 2466 3121 2522 incredulitas
3153 2471 3209 2520 et
3238 2465 3538 2533 ﬁdes,pro-

1896 2560 2241 2615 ﬁciscuntur
2260 2562 2455 2613 autem
2482 2555 3057 2629 perincredulitatem
3080 2554 3315 2625 quidem
3331 2552 3429 2621 qui
3448 2567 3540 2605 vo-

1895 2647 2150 2721 luptates
2174 2647 2571 2719 praetulerunt,
2591 2650 2824 2717 propter
2838 2643 3171 2715 quas[quod
3192 2642 3307 2697 Deo
3328 2639 3540 2711 displi-

1898 2743 1987 2793 cet
2027 2738 2304 2793 facientes
2337 2752 2523 2806 neque
2553 2752 2753 2790 curam
2784 2734 2992 2789 animae
3025 2731 3237 2786 salutis
3269 2734 3537 2801 gerentes

1898 2827 2009 2883 diei
2035 2826 2242 2898 judicii
2275 2825 2436 2881 obliti
2480 2824 2639 2895 sunt]
2672 2838 2856 2891 neque
2889 2822 3041 2893 quod
3078 2820 3217 2875 utile
3250 2825 3339 2874 est
3368 2834 3534 2873 cura-

1894 2920 2103 2971 verunt
2149 2930 2422 2987 quaerere.
2466 2918 2668 2984 Itaque
2716 2913 3004 2983 ignorant,
3056 2909 3155 2965 Dei
3186 2907 3428 2964 consilia
3458 2906 3538 2961 si-

1896 3005 2061 3061 milia
2091 3021 2205 3059 non
2235 3019 2362 3058 esse
2392 3002 2687 3057 humanis.
2727 3001 2918 3055 Primo
2949 3000 3161 3054 etenim
3197 2998 3354 3052 novit
3383 2996 3537 3051 Deus

1897 3092 2279 3163 cogitationes
2300 3108 2391 3146 om
2404 3090 2649 3156 nium,et
2675 3105 2788 3143 non
2812 3089 2883 3143 ob
2909 3088 3092 3142 solam
3115 3086 3536 3156 operationem,

1895 3183 1997 3237 sed
2022 3186 2078 3237 et
2100 3186 2332 3252 prepter
2350 3178 2761 3250 cogitationem
2791 3174 3535 3246 unusquisquejudicatur.

1900 3270 2081 3325 Multo
2113 3275 2309 3324 autem
2344 3268 2541 3322 minus
2572 3266 2735 3338 impii
2768 3270 2927 3330 sunt,
2960 3264 3058 3335 qui
3091 3264 3358 3318 nituntur
3390 3262 3542 3316 bona

1898 3358 2224 3429 intelligere
2254 3362 2310 3411 et
2338 3358 2630 3421 aberrant,
2654 3370 2830 3425 quam
2863 3352 2960 3422 qui
2993 3352 3322 3405 nullatenus
3345 3367 3541 3421 aggre-

1896 3447 2140 3502 diuntur
2171 3447 2342 3500 bona.
2394 3446 2539 3507 Quia
2569 3444 2683 3498 Deo
2719 3442 2953 3513 placuit,
2990 3446 3053 3494 ut
3085 3440 3181 3510 qui
3228 3439 3284 3493 in
3318 3439 3537 3509 cogita-

1892 3536 2051 3591 tione
2075 3534 2207 3589 boni
2234 3535 2436 3605 lapsus
2459 3532 2819 3601 luerit,juxta
2836 3530 3119 3584 rationem
3143 3529 3536 3582 humanorum

1896 3624 2192 3695 lapsuum,
2226 3622 2451 3677 modice
2503 3621 2821 3689 castigatus
2853 3624 3130 3673 servetur.
3179 3626 3254 3671 At
3282 3616 3381 3687 qui
3413 3634 3535 3670 om-

1896 3714 2037 3768 nino
2068 3711 2388 3778 intelligere
2427 3710 2823 3781 neglexerunt,
2874 3707 2981 3762 etsi
3030 3709 3341 3777 operentur
3368 3706 3536 3757 innu-

1897 3818 2058 3856 mera
2088 3800 2201 3855 alia
2232 3798 2527 3871 prazclara,
2579 3798 2708 3851 ideo
2758 3797 2911 3868 quod
2942 3797 3003 3849 in
3044 3794 3321 3865 religione
3362 3810 3395 3846 a
3428 3798 3538 3846 er

1896 3890 2137 3945 definita
2170 3905 2283 3943 non
2338 3886 2685 3951 exstiterint,
2740 3883 3112 3955 indiligentiae
3146 3887 3381 3953 sumpto
3430 3879 3538 3934 cri-

1897 3980 2055 4035 mine
2116 3994 2218 4050 per
2270 3978 2593 4032 maximum
2642 3974 2877 4048 penitus
2928 3973 3253 4029 interibunt
3308 3968 3539 4043 suppli-

1896 4085 2073 4125 Clum.

1965 4247 2112 4303 VIII.
2149 4247 2323 4302 Porro
2354 4245 2425 4301 ab
2457 4262 2523 4301 eo
2554 4244 2793 4300 definita
2831 4242 3031 4314 religio
3070 4243 3191 4298 haec
3221 4246 3310 4298 est
3342 4259 3355 4299 :
3390 4243 3537 4299 Eum

1897 4336 2089 4392 solum
2118 4335 2324 4403 colere,
2358 4351 2424 4389 ac
2473 4333 2584 4388 soli
2634 4333 2866 4387 credere
2913 4332 3205 4403 PrOphetae
3254 4331 3537 4396 veritatis,

1895 4426 1955 4480 in
1988 4424 2393 4479 remissionem
2444 4427 2819 4493 peccatorum
2871 4420 3175 4491 baptizari,
3208 4421 3409 4491 sicque
3442 4437 3542 4491 per

1896 4513 2299 4569 intinctionem
2324 4512 2702 4582 purissimam
2726 4510 2949 4565 renasci
2979 4514 3090 4564 Deo
3122 4510 3178 4564 in
3212 4526 3366 4580 aqua
3392 4508 3543 4564 salu-

1893 4602 2043 4668 tari;
2077 4600 2216 4654 nihil
2252 4616 2483 4654 sumere
2516 4600 2585 4652 de
2620 4615 2821 4653 mensa
2851 4598 3319 4665 daemonumJioc
3351 4602 3439 4650 est
3472 4597 3542 4650 de

179 4678 307 4747 πέζης
336 4678 607 4754 δαιμόνων
664 4684 738 4755 μὴ
796 4679 1261 4756 μεταλαμϐάνειν,
1296 4683 1439 4759 λέγω
1470 4682 1526 4739 δὲ
1556 4682 1781 4739 εἰδωλο-

1899 4689 2253 4761 idolothytis,
2308 4689 2577 4755 mortuis,
2638 4688 2960 4754 suffocatis,
3012 4704 3045 4740 a
3098 4687 3285 4741 bestia
3326 4684 3534 4754 captis,

180 4762 335 4830 θύτων,
378 4777 609 4845 νεκρῶν,
661 4777 919 4844 πνικτῶν,
972 4772 1355 4847 θηριαλώτων,
1406 4772 1654 4845 α’ίματος·
1704 4777 1778 4847 μὴ

180 4850 440 4931 ἁκαθάρτως
487 4863 645 4917 I79
699 4861 875 4935 βιοῦν,
929 4860 1033 4915 ἀπὸ
1085 4862 1276 4930 κοίτης
1326 4862 1573 4937 γυναικὸς
1626 4863 1780 4918 λούε-

179 4951 288 5015 σθαι,
314 4946 462 5010 αύτάς
496 4947 683 5020 μέντοι
732 4948 823 5002 καὶ
874 4947 1102 5027 ἄφεδρον
1149 4948 1462 5028 φυλάσσειν,
1496 4952 1694 5014 πάντας
1725 4950 1781 5007 δὲ

181 5040 444 5113 ῖωφρονεῖν,
488 5035 727 5091 εὐποιεῖν
762 5080 776 5105 ,
832 5038 909 5110 μὴ
966 5035 1191 5092 ἀδικεῖν’
1253 5038 1399 5113 παρά
1452 5044 1550 5095 τοῦ
1609 5042 1781 5096 πάντα

180 5109 428 5203 δυναμένου
458 5129 593 5179 Θεοῦ
624 5125 771 5193 ζωήν
821 5123 1042 5180 αἰώνιον
1094 5109 1420 5201 προσδοκᾷν’
1476 5126 1663 5203 εὐχαῖς
1690 5130 1778 5185 καὶ

182 5199 350 5276 δεήσεσι
379 5214 653 5290 συνεχέσιν
694 5212 1049 5287 αἰτουμένους
1098 5215 1263 5285 αὐτὴν
1314 5210 1519 5273 λαϐεῖν.
1539 5199 1780 5275 ⁷’Ῐ“οιαῦτα

228 5323 289 5393 (α)
321 5326 516 5386 Matth.
545 5348 647 5398 vn,
683 5331 771 5386 13.

1891 4779 2211 4849 sanguine;
2246 4794 2360 4831 non
2380 4778 2607 4847 impure
2634 4776 2839 4841 vivere,
2876 4774 3055 4829 lavari
3090 4780 3219 4844 post
3251 4774 3536 4827 concubi-

1889 4874 2017 4922 tum
2050 4883 2184 4922 cum
2218 4865 2480 4928 muliere,
2510 4865 2759 4919 feminas
2781 4880 2913 4919 vero
2943 4862 3232 4919 custodire
3264 4863 3437 4915 etiam
3458 4861 3537 4916 le-

1890 4972 2021 5028 gem
2053 4953 2437 5026 purgationis,
2464 4958 2711 5008 cunctos
2745 4958 2939 5008 autem
2971 4956 3362 5023 temperantes
3388 4966 3536 5019 esse,

1889 5044 2371 5109 benefacere,non
2403 5042 2633 5097 afﬁcere
2655 5041 2870 5113 injuria
2895 5059 2909 5109 ;
2943 5058 2976 5095 a
3005 5040 3121 5095 Deo
3144 5039 3540 5111 omnipotente

1890 5138 2223 5204 exspectare
2252 5131 2427 5186 vitam
2460 5136 2742 5185 aeternam
2769 5148 2782 5197 ;
2816 5130 3063 5201 petendo
3088 5128 3250 5183 illius
3279 5128 3539 5200 adeptio-

1890 5238 2025 5279 nem
2056 5220 2418 5277 orationibus
2448 5223 2504 5276 et
2556 5218 2830 5292 precibus
2883 5218 3201 5274 continuis.
3240 5219 3364 5272 Hac
3395 5223 3451 5273 et
3481 5217 3538 5271 in

1495 5447 1735 5507 VARIIE
1774 5451 2075 5509 LECTION
2082 5451 2185 5507 ES.

182 5534 249 5653 ᾗ)
272 5538 394 5594 τεο.
425 5541 447 5576 ⁸
473 5541 625 5597 Vbb.
660 5539 789 5623 ὑμῖν
816 5540 890 5604 ὡς
923 5544 1014 5600 bis
1042 5544 1318 5617 leguntur
1346 5545 1503 5627 in_0.
1534 5548 1555 5582 ⁸
1581 5544 1709 5617 ποίᾳ
1738 5552 1795 5603 C.
1828 5550 1848 5583 ⁷
1872 5550 2166 5604 Lacunam
2210 5548 2268 5603 iu
2318 5548 2445 5603 cod.
2498 5546 2685 5601 Oltob.
2741 5549 2869 5615 post
2908 5540 2979 5599 δι’
3025 5543 3085 5605 ἅς
3132 5546 3359 5601 obviam
3407 5565 3532 5603 ver-

210 5618 249 5653 ln
268 5610 474 5653 αππιαν-ρ
504 5618 722 5653 tantum
782 5630 905 5653 num
940 5618 1267 5653 ηρωρηδιιηι
1304 5634 1467 5653 nnnnn
1500 5618 1726 5653 ςηηιηα..
1782 5621 1802 5653 ε
1832 5618 2029 5653 mdis.
2059 5622 2101 5653 n
2167 5624 2227 5653 ..ι
2264 5621 2392 5653 mm;
2452 5618 2491 5653 ρ
2546 5618 2601 5653 in
2653 5619 2747 5653 ρηί
2826 5624 2981 5653 omn"
3016 5614 3240 5653 «ulla...
3297 5620 3318 5653 9
3343 5622 3447 5653 ...τιν
3485 5617 3532 5653 ἐς,

210 5610 249 5658 18
268 5610 474 5681 erplere
504 5610 748 5690 tentaVii,
782 5610 1469 5690 quce‘praece'duntuncis
1500 5610 1750 5674 inclusa.
1782 5621 1802 5655 ⁸
1832 5618 2029 5690 πολλῷ
2059 5622 2121 5676 Ο.
2167 5624 2231 5674 ut
2263 5621 2417 5689 conj.
2452 5618 2513 5681 C,
2546 5618 2603 5672 in
2653 5610 2769 5687 cui.
2826 5624 2985 5690 textu
3016 5614 3264 5674 πολλῶν.
3294 5620 3318 5690 7’
3343 5622 3447 5672 τῶν
3485 5617 3536 5672 ἐν

265 5697 307 5734 το
328 5677 867 5762 ,ξι-παεαπιῖττάνῖων
895 5677 1099 5762 ΟῘᾹΑυῐ
1128 5696 1257 5759 post
1287 5685 1466 5762 ἔδοξεν
1495 5691 1828 5747 addendum
1863 5690 1951 5746 ἐπί
1996 5677 2079 5747 vel
2112 5690 2253 5761 περί,
2301 5677 2402 5745 aut
2434 5677 2808 5762 scribendum
2841 5688 2965 5751 τοὺς
3000 5722 3066 5729 -
3096 5689 3535 5762 παρα-πίπτοντας

186 5751 365 5806 censuit
391 5759 452 5810 D.
486 5742 531 5793 ίο
560 5752 921 5819 κολασθέντας
952 5758 1012 5815 C.
1047 5760 1088 5795 ¹¹
1124 5742 1405 5821 παντελῶξ
1436 5742 1834 5833 Ο,ἧθο-άῄθῖὴέ
1866 5742 2532 5837 ᾖὲὸρόξωίιἽέκῖεξιῖἀυὶὲιί,
2838 5762 2893 5817 C.
2951 5742 2964 5751 '
3146 5742 3182 5762 γ’
