4114 6338
526 396 644 457 223

1347 398 1410 458 S.
1460 398 1905 460 CLEMENTIS
1949 401 1975 461 Ι
2023 399 2210 461 ROM.
2259 400 2490 463 PONT.
2537 400 2803 465 OPERA
2847 402 3119 465 DUBIA.

3832 405 3954 467 εει

526 529 745 587 Sidone
774 528 943 585 Petro
974 529 1276 597 suadente,
1327 546 1460 584 cum
1516 547 1721 602 paucis
1751 530 1959 588 diebus
2003 532 2173 587 multi

2295 530 2376 586 καὶ
2411 530 2463 586 ἐν
2489 536 2560 606 τῇ
2594 529 2793 587 Σιδῶνι
2830 536 2927 588 τοῦ
2975 532 3182 609 Πέτρου
3229 538 3656 611 παραινοῦντος,
3712 534 3952 609 ἡμέραις

529 622 609 678 ibi
640 636 872 695 quoque
900 619 1301 691 paenitentiam
1334 619 1613 691 egissent,
1661 637 1727 676 ac
1764 621 2171 688 credidissent,

529 717 703 783 atque
734 710 926 766 sanati
977 713 1195 778 essent,
1237 708 1543 765 ecclesiam
1595 710 1893 778 instituit;
1929 716 1987 767 et
2017 717 2174 784 post-

529 817 707 873 quam
735 799 990 872 aliquem
1022 814 1090 854 ex
1121 798 1494 871 presbyteris,
1543 800 1644 868 qui
1694 816 1828 856 eum
1879 807 2176 857 consecta-

526 891 762 960 bantur,
786 887 1186 945 constituisset
1212 886 1332 945 illis
1360 888 1723 962 episcopum,
1746 890 1962 946 Sidone
1984 906 2172 963 egres-

535 996 642 1035 sus
673 982 781 1034 est.

599 1069 686 1123 IX.
737 1066 948 1123 Statim
998 1069 1195 1121 autem
1245 1082 1313 1122 ac
1357 1070 1629 1140 Berytum
1677 1067 1961 1139 pervenit,
2012 1072 2176 1124 terra:

532 1161 732 1213 motus
783 1156 973 1211 factus
996 1160 1287 1227 est,atque
1316 1155 1481 1228 plebs
1512 1157 1789 1212 accedens
1823 1159 1893 1213 ad
1919 1157 2171 1213 Petrum:

535 1245 644 1301 Fer
671 1242 1204 1315 opem,inquiebat;
1237 1243 1554 1300 timuimus
1585 1244 1767 1312 enim,
1798 1246 2172 1313 dixerunt,ne

532 1349 735 1390 omnes
766 1332 1006 1387 omnino
1030 1332 1376 1404 periremus.
1400 1334 1563 1388 Tunc
1587 1334 1811 1400 Simon,
1844 1341 2175 1392 commento

530 1421 873 1495 excogitato,
902 1437 1019 1475 una
1068 1437 1201 1476 cum
1236 1422 1518 1493 Appione,
1558 1422 1883 1491 Anubione,
1916 1423 2174 1479 Atheno-

528 1512 668 1567 doro
700 1509 1039 1581 ceterisque
1069 1508 1371 1565 sodalibus
1402 1510 1635 1583 publice
1676 1511 2040 1568 multitudini
2072 1514 2173 1568 ad-

524 1616 730 1655 versus
761 1599 994 1654 Petrum
1045 1598 1455 1655 acclamabat:
1500 1600 1721 1672 Fugite,
1763 1618 1796 1657 o
1838 1600 1968 1670 viri,
2016 1600 2173 1657 hunc

526 1688 856 1757 hominem;
880 1703 1129 1760 magnus
1150 1692 1241 1744 est
1264 1687 1668 1745 :mibicredite
1687 1693 1745 1746 et
1759 1694 1924 1745 terra
1948 1694 2170 1746 motum

521 1778 578 1835 is
608 1778 772 1833 vobis
802 1777 955 1844 fecit,
989 1776 1116 1849 ipse
1146 1778 1380 1834 morbos
1409 1778 1697 1847 excitavit,
1730 1782 1796 1835 ut
1823 1796 1925 1835 vos
1957 1783 2173 1851 perter-

2287 616 2501 696 ὀλίγαις
2530 619 2755 676 πολλῶν
2801 621 2956 675 κάκεῖ
3001 624 3451 694 μετανοησάντων
3506 624 3595 679 καὶ
3628 624 3950 680 πιστευσάν-

2281 728 2388 763 των
2417 753 2431 779 ,
2480 710 2570 765 καὶ
2620 711 3046 783 θεραπευθέντων
3104 710 3401 783 ἐκκλησίαν
3445 712 3763 783 συνέστησεν
3791 758 3806 784 ,
3855 713 3949 767 καὶ

2282 804 2389 854 τῶν
2423 800 2800 873 συνεπομένων
2835 799 2981 872 αὐτῷ
3029 796 3407 877 πρεσϐυτέρων
3448 803 3572 857 τινὰ
3602 803 3949 873 καταστήσας

2286 887 2470 951 αὑτοῖς
2503 886 2819 959 ἐπίσκοπον,
2854 888 2996 962 ἐξῄει
3026 896 3129 959 τῆς
3164 887 3428 952 Σιδῶνος.

2356 1072 2449 1124 IX.
2498 1067 2589 1129 Ὧς
2640 1064 2697 1122 δὲ
2755 1065 2907 1129 εὐθὺς
2971 1061 3137 1137 ἐπέϐη
3194 1073 3295 1137 τῆς
3356 1068 3608 1144 Βηρυτοῦ
3643 1111 3662 1138 ,
3720 1066 3949 1140 σεισμὸς

2283 1153 2512 1230 ἐγένετο·
2564 1154 2653 1211 καὶ
2684 1155 2737 1211 οἱ
2784 1152 2950 1232 σ’ίχλοι
2999 1154 3315 1231 προσιόντες
3347 1160 3427 1229 τῷ
3472 1157 3682 1229 Πέτρῳο
3718 1157 3949 1227 Βοήθει,

2284 1242 2496 1320 ἔλεγον
2556 1239 2913 1323 πεφοϐήμεθα
2969 1245 3106 1319 γάρ,
3165 1240 3359 1322 ἔφασαν
3393 1288 3407 1314 ,
3474 1245 3551 1317 μὴ
3611 1244 3714 1318 ἄρα
3775 1241 3950 1319 ἄρδην

2282 1332 2477 1396 πάντες
2524 1331 2879 1407 ἀπολώμεθα.
2910 1332 3039 1387 Τότε
3087 1333 3116 1388 ὁ
3152 1332 3367 1405 Σίμων,
3398 1332 3688 1407 τολμήσας
3720 1334 3835 1406 ἅμα
3863 1338 3948 1406 τῷ

2279 1422 2546 1477 Ἀππίωνι
2629 1422 2719 1477 καὶ
2812 1415 3131 1476 Ἀνουϐίωνι
3228 1422 3319 1476 καὶ
3410 1419 3777 1498 ’Δθηνοδώρω
3854 1421 3951 1477 καὶ

2278 1516 2395 1574 τοῖς
2428 1510 2647 1574 λοιποῖς
2678 1510 2914 1587 ἑταίροις
2942 1509 3129 1579 αὑτοῦ,
3158 1506 3405 1583 δημοσίᾳ
3432 1516 3551 1573 τοῖς
3584 1507 3781 1587 ὄχλοις
3811 1512 3956 1566 κατὰ

2278 1606 2377 1656 τοῦ
2429 1600 2633 1677 Πέτρου
2678 1595 2825 1655 ἐϐόα·
2882 1598 3135 1676 Φεύγετε,
3190 1595 3405 1675 ἄνδρες,
3457 1600 3549 1654 τὸν
3604 1596 3773 1669 ἄνδρα
3818 1604 3953 1655 τοῦ-

2276 1709 2392 1745 τονο
2454 1691 2629 1765 μάγος
2676 1688 2826 1745 ἐστί·
2884 1686 3223 1758 πιστεύσατε,
3284 1687 3374 1742 καὶ
3432 1686 3525 1742 τὸν
3578 1686 3800 1761 σεισμὸν
3849 1686 3954 1744 αύ-

2276 1779 2370 1842 τὸς
2402 1778 2651 1847 ἐποίησεν
2698 1778 2824 1851 ὑμῖν
2856 1780 2924 1851 “,
2954 1777 3045 1832 καὶ
3092 1776 3187 1839 τὰς
3239 1775 3433 1839 νόσους
3482 1775 3721 1844 ἐκίνησεν
3760 1775 3949 1846 αὐτὸς,

527 1870 671 1933 reat,
708 1865 875 1937 quasi
902 1865 1029 1939 ipse
1057 1866 1136 1922 sit
1183 1866 1357 1922 Deus.
1407 1870 1599 1940 Atque
1646 1866 1832 1923 multa
1880 1867 2170 1939 ejusmodi

2295 1853 2369 1922 ίνα
2416 1867 2555 1940 ὑμᾶς
2605 1864 3016 1937 καταπλήξηται
3067 1867 3136 1929 ¹³,
3176 1865 3251 1927 ὡς
3296 1864 3455 1927 αὐτὸς
3507 1862 3580 1920 ὢν
3642 1864 3794 1928 Θεός.
3846 1866 3949 1921 Καὶ

532 1972 670 2030 pars
700 1954 958 2011 Simonis
987 1959 1192 2011 contra
1220 1955 1455 2011 Petrum
1508 1956 1695 2023 ﬁnxit,
1726 1955 1884 2012 velut
1911 1973 2045 2012 eum
2077 1956 2176 2028 qui

532 2046 825 2102 humanas
851 2044 1004 2101 vires
1049 2045 1583 2118 supergrederetur.
1616 2050 1881 2118 Cumque
1923 2045 2089 2118 plebs
2122 2063 2184 2102 se

534 2135 589 2190 in
623 2135 855 2191 silentio
879 2134 1186 2200 tenuisset,
1215 2134 1420 2190 Petrus
1444 2135 1758 2191 subridens
1790 2140 2069 2190 terrorem
2094 2134 2183 2190 in-

531 2225 784 2280 cutiente
815 2222 1079 2279 libertate
1109 2222 1255 2279 dixit
1288 2240 1301 2279 :
1335 2222 1456 2278 Viri
1505 2240 1633 2294 qua
1684 2224 1758 2279 ab
1808 2224 1939 2280 istis
1971 2224 2184 2279 dicun-

532 2317 650 2375 tur,
680 2313 862 2368 fateor
891 2328 982 2368 me
1010 2329 1181 2386 posse
1228 2312 1342 2368 Deo
1388 2311 1617 2367 volente
1659 2312 1885 2368 elﬁcere
1914 2329 1928 2368 :
1963 2313 2033 2367 ad
2062 2312 2184 2368 haec

536 2406 777 2474 paratus
809 2418 964 2468 sum,
1019 2400 1132 2456 nisi
1184 2400 1328 2456 mihi
1378 2400 1702 2457 habueritis
1758 2402 1931 2457 fidem
1982 2401 2043 2456 in
2092 2401 2184 2457 his

540 2508 669 2563 quae
698 2489 925 2563 loquor,
958 2490 1295 2547 universam
1343 2496 1597 2547 vestram
1629 2491 1894 2547 funditus
1932 2494 2186 2547 evertere

536 2579 850 2636 civitatem.

610 2673 686 2727 X.
725 2673 985 2741 Cumque
1030 2669 1205 2726 turba
1232 2668 1443 2725 timore
1481 2672 1637 2725 esset
1676 2672 1969 2725 commota
2014 2672 2185 2740 atque

539 2759 908 2833 promisisset
938 2776 1000 2815 se
1027 2760 1176 2830 quod
1206 2759 1277 2815 ab
1309 2759 1840 2832 ipsoimperaretur
1860 2761 2183 2816 facturam:

538 2850 721 2905 Nemo
746 2855 1028 2921 vestrum,
1060 2848 1250 2922 inquit
1282 2853 1511 2912 Petrus,
1547 2865 1736 2921 neque
1766 2848 2181 2905 commercium

536 2956 669 2995 cum
702 2939 833 2995 istis
864 2938 1051 3011 magis
1081 2938 1313 3007 habeat,
1348 2954 1537 3010 neque
1568 2955 1702 2994 cum
1758 2937 1831 2994 iis
1877 2940 2179 3009 jungatur.

537 3028 707 3085 Plebs
747 3032 943 3083 autem
993 3026 1171 3083 simul
1222 3044 1288 3082 ac
1328 3028 1499 3083 breve
1547 3028 1891 3083 mandatum
1941 3027 2183 3095 audivit,

543 3116 799 3173 fustibus
830 3116 1083 3188 sumptis
1130 3132 1229 3173 eos
1261 3122 1565 3189 persecuta
1595 3121 1703 3180 est,
1735 3117 1918 3172 donec
1948 3116 2184 3189 penitus

541 3207 685 3263 urbe
717 3206 1055 3278 pepulisset.
1078 3206 1143 3260 Et
1163 3205 1411 3279 ingressi
1434 3205 1770 3278 quicunque
1800 3221 1869 3261 ex
1901 3204 1973 3261 iis
2004 3221 2183 3278 aegro-

540 3276 744 3350 tabant
788 3276 845 3351 et
896 3312 928 3349 a
970 3276 1330 3350 daemonibus
1374 3276 1752 3357 venabantur,
1786 3310 1849 3349 se
1889 3294 1960 3349 ad
2009 3276 2185 3365 pedes
2216 3276 2258 3342 C

540 3384 690 3439 Petri
726 3385 1111 3456 projecerunt.
1143 3383 1244 3440 Ille
1272 3400 1404 3440 vero
1434 3383 1555 3439 haec
1593 3399 1837 3439 cernens
1866 3398 2185 3454 eorumque

539 3477 840 3546 stuporem
870 3473 1068 3529 volens
1100 3472 1319 3529 solvere
1350 3473 1421 3529 ad
1474 3489 1572 3529 eos
1604 3473 1755 3528 infit.

608 3580 700 3637 ΧΙ.
735 3581 852 3653 Ego
884 3580 934 3635 si
964 3584 1129 3636 terra:
1163 3584 1361 3636 motus
1392 3583 1449 3636 et
1481 3580 1765 3653 quidquid
1797 3577 1922 3634 volo
1950 3594 2187 3650 possem

540 3672 749 3738 facere,
782 3686 898 3726 non
942 3670 1071 3726 dico
1103 3670 1258 3741 quod
1310 3669 1609 3725 Simonem
1658 3685 1792 3724 cum
1842 3668 2018 3724 sociis
2062 3667 2188 3723 suis

544 3760 1028 3816 exterminassem
1061 3760 1197 3830 (non
1218 3757 1373 3814 enim
1400 3759 1470 3813 ad
1502 3757 1810 3813 hominum
1842 3757 2188 3812 internecio-

546 3866 682 3907 nem
711 3848 931 3904 missus
963 3847 1089 3919 fui),
1125 3847 1226 3901 sed
1259 3862 1393 3902 eum
1437 3846 1579 3902 mihi
1612 3847 1867 3902 amicum
1900 3846 2187 3902 reddidis-

549 3955 695 4005 sem,
728 3954 799 3994 ne
829 3953 974 3993 veris
1012 3935 1326 3992 detrahens
1363 3951 1502 3991 mea:
1544 3934 1935 4007 prmdicationi
1988 3934 2191 3990 multis

550 4026 969 4099 impedimento
998 4028 1153 4083 esset
1200 4025 1272 4080 ad
1304 4023 1579 4081 salutem.
1615 4024 1777 4088 Quod
1809 4024 1860 4080 si
1892 4023 2034 4079 mihi
2065 4040 2189 4081 cre-

549 4118 690 4185 dite,
724 4117 848 4189 ipse
877 4119 967 4171 est
997 4131 1226 4188 magus,
1257 4115 1384 4187 ipse
1431 4113 1837 4183 calumniator,
1869 4112 1992 4184 ipse
2022 4113 2191 4168 mali-

546 4206 639 4262 tis:
670 4205 940 4262 minister
968 4203 1029 4259 in
1060 4220 1158 4260 eos
1188 4202 1289 4275 qui
1323 4203 1593 4259 nesciunt
1632 4203 1957 4258 veritatem.
1998 4206 2191 4274 Atque

547 4294 678 4351 ideo
710 4294 1111 4367 peccatoribus
1139 4292 1516 4366 aegritudines
1554 4296 1746 4366 potest
1775 4291 2022 4359 eflicere,
2054 4307 2186 4348 cum

548 4401 650 4442 eos
681 4389 1015 4458 peccatores
1045 4384 1345 4453 adjutores
1387 4382 1602 4438 habeat
1648 4381 1952 4454 potestatis
1991 4386 2191 4437 contra

548 4474 847 4548 ipsos.Ego
871 4477 1063 4530 autem
1097 4472 1197 4529 Dei
1228 4471 1490 4529 omnium
1521 4472 1776 4527 auctoris
1809 4487 2009 4527 servus
2032 4487 2187 4539 sum,

548 4564 853 4635 dextrique
881 4564 1007 4633 ejus
1054 4562 1350 4635 Pr0phetm
1388 4560 1735 4632 discipulus.
1770 4559 2050 4625 Quocirca
2087 4559 2187 4631 qui

2291 1954 2477 2011 πολλά
2518 1959 2739 2011 τοιαῦτα
2787 1955 2861 2017 ὡς
2919 1955 3051 2031 ὑπὲρ
3102 1951 3328 2026 δύναμιν
3389 1952 3734 2024 ἀνθρωπίνην
3789 1951 3946 2009 δυνα-

2297 2046 2459 2119 μένου
2489 2050 2584 2100 τοῦ
2616 2044 2823 2121 Πέτρου
2873 2040 3265 2117 κατεψεύδοντο
3320 2043 3371 2097 οἱ
3401 2042 3525 2119 περῖ
3568 2042 3659 2097 τὸν
3696 2042 3945 2115 Σίμωνα.

2291 2133 2550 2210 ’Πσυχίαν
2600 2131 2657 2188 δὲ
2703 2132 2850 2205 αύτῷ
2895 2136 2941 2170 ¹⁴
2987 2130 3380 2208 παρασχόντων
3409 2135 3517 2186 τῶν
3550 2126 3741 2208 ὄχλων
3776 2132 3805 2185 ὁ
3844 2133 3949 2187 Πέ-

2289 2244 2417 2300 τρος
2481 2221 2658 2299 βραχὺ
2708 2218 3096 2295 ὑπομειδιάσας
3138 2219 3557 2295 καταπληκτικῇ
3612 2219 3682 2295 τῇ
3730 2218 3952 2296 παῤῥη-

2293 2312 2399 2383 σίᾳ·
2447 2308 2691 2386 ’Δνδρες,
2744 2310 2909 2375 εἶπεν,
2962 2306 3096 2385 ἅπερ
3140 2309 3288 2364 οὗτοι
3342 2306 3637 2384 λέγουσιν,
3689 2312 3824 2369 Θεοῦ
3870 2307 3957 2373 θέ-

2292 2399 2511 2473 λοντος,
2540 2404 2716 2455 ποιεῖν
2750 2397 2973 2461 δυνατὸς
3028 2400 3165 2453 εἶναι
3211 2396 3495 2473 ὁμολογῶ,
3546 2398 3683 2474 πρὸς
3733 2394 3792 2452 δὲ
3819 2395 3954 2453 τού-

2288 2510 2405 2551 τοις
2432 2486 2654 2562 ’ἐτοιμός
2686 2487 2823 2561 εἶμι,
2855 2486 2943 2542 ἐὰν
2981 2487 3055 2561 μή
3087 2482 3345 2556 πείθησθέ
3367 2488 3411 2524 ⁸⁸
3435 2506 3533 2560 μοι
3565 2484 3689 2563 περὶ
3726 2483 3951 2562 ῶλέγω,

2289 2580 2390 2648 τήν
2422 2583 2590 2633 πᾶσαν
2627 2577 2778 2651 ὑμῶν
2812 2571 3166 2652 ἐκϐαθρεῦσαι
3198 2574 3385 2632 πόλιν.

2363 2670 2511 2726 801
2548 2668 2613 2725 Χ.
2644 2669 2758 2721 Τῶν
2812 2663 2871 2721 δέ
2921 2660 3109 2741 ὄχλων
3157 2659 3506 2741 φοϐηθέντων
3552 2662 3643 2719 καὶ
3696 2665 3739 2702 ¹⁶
3782 2664 3956 2735 ποιή-

2292 2778 2401 2813 σειν
2435 2753 2939 2831 ἐπαγγειλαμένων,
2980 2752 3110 2829 8περ
3145 2754 3204 2809 ἂν
3242 2754 3332 2808 ὑπ’
3375 2753 3541 2808 αὑτοῦ
3587 2750 3948 2809 κελεύωνται.

2291 2844 2497 2917 Μηδεὶς
2532 2847 2705 2920 ὑμῶν,
2738 2841 2837 2923 ἔφη
2876 2844 2905 2898 ὁ
2955 2842 3178 2920 Πέτρος,
3227 2845 3366 2917 μήτε
3415 2841 3685 2917 ὁμιλείτω
3731 2841 3952 2906 τούτοις

2289 2941 2405 2999 τοῖς
2435 2936 2648 3012 γόησιν,
2685 2935 2826 3008 μήτε
2872 2930 3271 3009 ἀναμιγνύσθω.
3308 2932 3371 2985 Ol
3422 2928 3480 2987 δὲ
3509 2926 3678 3008 ὄχλοι
3730 2931 3845 3004 ἅμα
3872 2935 3954 3004 τῷ

2292 3026 2514 3081 ἀκοῦσαι
2560 3028 2659 3079 τοῦ
2705 3022 3074 3096 κελεύσματος
3119 3025 3217 3077 τοῦ
3265 3020 3538 3095 συντόμου
3588 3023 3630 3059 ¹⁷
3661 3018 3798 3091 ξύλα
3844 3018 3949 3075 λα-

2292 3109 2477 3178 ϐόντες
2536 3111 2760 3168 ἐδίωκον
2816 3111 3041 3178 αὐτοὺς,
3090 3107 3198 3173 ἕως
3254 3108 3448 3172 αὐτοὺς
3507 3106 3792 3171 παντελῶς
3847 3115 3952 3179 τῆς

2292 3198 2509 3266 πόλεως
2560 3200 2845 3276 ἐξήλασαν.
2896 3200 2996 3255 Καὶ
3045 3198 3377 3262 εἰσελθόντες
3428 3200 3481 3255 οἱ
3527 3202 3812 3260 νοσοῦντες
3858 3197 3954 3253 αύ-

2295 3297 2404 3348 τῶν
2432 3292 2521 3347 καὶ
2563 3289 2930 3363 δαιμονῶντες
2976 3289 3115 3365 πρὸς
3162 3287 3290 3344 ποσὶ
3341 3292 3439 3343 τοῦ
3474 3286 3678 3364 Πέτρου
3730 3286 3955 3349 ἑαυτοὺς

2296 3381 2601 3458 ἐρρίπτουν.
2634 3386 2689 3435 '0
2738 3376 2796 3435 δὲ
2838 3382 3006 3433 ταῦτα
3056 3376 3296 3455 βλέπων,
3341 3377 3433 3432 καὶ
3475 3378 3574 3446 τήν
3608 3373 3948 3449 κατάπληξιν

2296 3470 2470 3526 αύτῶν
2499 3467 2758 3525 ἀναλῦσαι
2790 3465 2987 3539 θέλων,
3020 3467 3158 3543 πρὸς
3187 3465 3384 3529 αὐτοὺς
3416 3464 3541 3544 ἔφη’

2366 3583 2454 3633 XL
2488 3576 2629 3652 Ἐγὼ
2672 3573 2927 3648 σεισμοὺς
2974 3572 3063 3629 καὶ
3110 3578 3213 3628 πᾶν
3244 3570 3274 3627 ὅ
3301 3593 3354 3628 τι
3407 3569 3684 3646 βούλομαι
3735 3569 3781 3627 εἷ
3830 3567 3954 3627 ἐδυ-

2295 3668 2471 3741 νάμην
2503 3669 2677 3721 ποιεῖν
2714 3666 2778 3737 ιδ,
2830 3663 3055 3736 Σίμωνα
3104 3661 3167 3718 ού
3213 3659 3359 3739 λέγω
3408 3660 3492 3716 ὅτι
3542 3661 3677 3734 μετά
3713 3664 3821 3715 τῶν
3852 3660 3956 3715 αύ-

2296 3760 2394 3811 τοῦ
2425 3754 2649 3830 ἑταίρων
2686 3756 2730 3792 ¹⁹
2780 3750 3143 3828 ἐξωλόθρευον
3198 3750 3284 3825 (ού
3334 3752 3437 3826 γὰρ
3488 3748 3575 3805 ἐπὶ
3635 3754 3812 3828 φθορᾷ
3868 3750 3958 3804 ἀν-

2299 3844 2534 3917 θρώπων
2585 3836 2974 3915 ἀπέσταλμαι),
3026 3837 3173 3894 ἀλλὰ
3223 3836 3386 3915 φίλον
3432 3837 3655 3911 ἐμαυτῷ
3684 3835 3842 3891 αὑτὸν
3894 3836 3954 3890 ἂν

2299 3931 2665 4004 ἐποιησάμην,
2708 3928 2801 3985 ’ίνα
2853 3930 2928 4002 μή
2965 3949 3071 4001 μου
3116 3928 3179 3982 τὸ
3208 3925 3410 3997 ἀληθὲς
3442 3921 3759 3982 διαϐάλλων
3788 3926 3958 4000 κήρυ-

2296 4041 2411 4098 γμα
2464 4016 2700 4082 πολλοῖς
2747 4013 3014 4091 ἐμποδίζῃ
3055 4015 3192 4092 πρὸς
3239 4014 3515 4089 σωτηρίαν
3546 4057 3560 4072 .
3614 4012 3677 4098 El
3738 4010 3795 4069 δὲ
3856 4033 3958 4085 μοι

2297 4097 2575 4165 πιστεύετε
2603 4110 2667 4179 ³ο,
2719 4104 2878 4167 αύτός
2928 4104 3039 4160 ἐστι
3093 4104 3285 4179 μάγος,
3322 4102 3486 4166 αὐτὸς
3536 4097 3821 4172 διάϐολος,
3853 4100 3957 4156 αὑ-

2295 4198 2389 4261 τὸς
2426 4196 2613 4259 κακίας
2646 4194 2919 4271 ὑπηρέτης
2963 4193 3098 4249 κατά
3146 4196 3254 4248 τῶν
3313 4191 3651 4267 ἀγνοούντων
3694 4190 3758 4244 τὸ
3808 4186 3954 4257 ἀλη-

2296 4286 2405 4351 θές.
2454 4287 2551 4341 Καὶ
2600 4282 2689 4341 διὰ
2733 4288 2893 4340 τοῦτο
2942 4282 3309 4360 ἁμαρτάνουσι
3369 4283 3416 4321 ²¹
3462 4279 3654 4342 νόσους
3715 4278 3955 4354 ἐνεργεῖν

2298 4373 2569 4441 δύναται,
2628 4372 2915 4449 συνεργοὺς
2973 4370 3115 4449 ἔχων
3186 4370 3315 4434 τοὺς
3388 4370 3795 4446 ἁμαρτάνοντας
3847 4372 3958 4437 τῆς

2296 4466 2413 4520 κατ’
2458 4463 2634 4520 αὐτῶν
2684 4461 2959 4535 δυνάμεως
2987 4504 2999 4517 .
3050 4460 3192 4537 Ἐγὼ
3238 4458 3297 4515 δὲ
3340 4463 3472 4513 Θεοῦ
3533 4461 3580 4495 ³³
3627 4460 3729 4513 τοῦ
3782 4453 3961 4512 πάντα

2296 4553 2661 4624 πεποιηκότος
2724 4550 2837 4625 εἰμὶ
2894 4548 3095 4612 δοῦλος
3126 4594 3142 4620 ,
3198 4552 3296 4604 τοῦ
3354 4544 3530 4619 δεξιοῦ
3582 4542 3749 4602 αὐτοῦ
3807 4549 3959 4621 Προ-

547 4671 677 4710 sum
706 4654 868 4709 illius
898 4650 1220 4725 apostolus,
1243 4667 1377 4707 vera
1408 4650 1653 4723 praedico
1678 4667 1691 4717 ;
1721 4650 1872 4705 bono
1902 4649 2057 4704 enim
2086 4647 2182 4703 mi-

2298 4646 2471 4724 φήτου
2508 4643 2775 4715 μαθητής.
2828 4640 2919 4695 Διὸ
2964 4638 3166 4694 ἐκείνου
3216 4635 3533 4725 ἀπόστολος
3567 4632 3641 4725 ὢν
3672 4633 3957 4725 ἀληθεύω⁸

549 4744 807 4800 nistrans
828 4742 1003 4799 etiam
1027 4742 1260 4797 morbos
1281 4740 1539 4813 depello;
1569 4756 1704 4795 nam
1728 4738 2022 4795 secundus
2046 4737 2183 4792 mis-

547 4850 650 4890 sus
679 4831 1315 4906 sum,quandoquidem
1338 4830 1612 4904 praecedit
1638 4828 1897 4895 morbus,
1922 4827 2190 4899 sequitur

545 4938 680 4979 vero
710 4923 958 4979 sanatio.
1002 4926 1110 4978 Per
1157 4919 1326 4976 illum
1376 4935 1511 4993 ergo
1558 4917 1892 4975 maleficum
1924 4932 2186 4988 magum,

546 5010 663 5068 Deo
710 5009 1019 5078 iscreduli,
1068 5008 1432 5082 agrotastis;
1466 5023 1570 5080 per
1610 5021 1702 5062 me
1751 5009 1969 5072 autem,
2016 5003 2189 5059 modo

546 5097 607 5154 in
638 5116 772 5156 cum
803 5098 1073 5166 credatis,
1098 5096 1473 5156 sanabimini.
1495 5096 1588 5152 Sic
1607 5094 1760 5152 enim
1791 5092 2187 5166 experimento

2296 4734 2479 4810 ἀγαθῷ
2531 4734 2631 4809 γὰρ
2691 4731 2973 4807 ὑπηρετῶν
3026 4727 3115 4782 καὶ
3172 4727 3363 4788 νόσους
3420 4723 3730 4781 ἀπελαύνω*
3782 4723 3955 4796 ἐπέμ-

2296 4834 2436 4901 φθην
2466 4822 2567 4898 γὰρ
2600 4818 2866 4895 δεύτερος.
2901 4815 3015 4872 ἐπεὶ
3046 4820 3432 4901 προηγεγεῖται
3467 4814 3564 4887 μὶν
3608 4811 3792 4885 νόσος³
3822 4810 3953 4867 ἕπε-

2296 4900 2381 4967 ται
2429 4913 2474 4948 ²³
2506 4907 2564 4965 δὲ
2612 4905 2772 4970 ἴασις.
2812 4907 2891 4962 Δι’
2940 4903 3145 4960 ἐκείνου
3196 4904 3291 4977 μὲν
3341 4900 3432 4958 οὖν
3464 4906 3561 4957 τοῦ
3610 4903 3758 4961 181
3797 4920 3965 4956 κακο-

2297 5002 2460 5055 ποιοῦ
2494 4999 2776 5072 μάγουτῷ
2822 4997 2937 5067 Θεῷ
2984 4992 3387 5065 ἀποστήσαντες
3436 4990 3731 5063 ἐνοσήσατι
3780 4992 3852 5061 ²⁴,
3883 4985 3962 5045 δι’

2298 5087 2434 5161 ἐμοῦ
2464 5082 2543 5158 δὲ,
2603 5082 2689 5139 ἐάν
2745 5103 2806 5139 τε
2851 5083 2998 5156 αύτῷ
3039 5079 3378 5151 πιστεύσητε,
3428 5079 3713 5153 ῒαθήσεσθε
3745 5097 3759 5111 ·
3805 5076 3956 5133 οὕτω

1908 5215 2142 5273 VARIE
2184 5209 2589 5269 LECTIONES.

618 5320 663 5355 ²²
719 5320 855 5389 ἡμῖν
915 5322 974 5374 o.
1032 5321 1221 5389 una
1274 5318 1343 5389 or
1379 5334 1449 5389 οη
1492 5320 1553 5389 o_.
1611 5311 2137 5389 καταπλήξῃ-τε-Ολ
2184 5310 2333 5389 Tum
2391 5301 2535 5389 ἄλλα

1818 5369 2051 5453 ιίᾞύτῷ
2187 5396 2236 5434 c.
2289 5378 2356 5453 D,
2400 5369 2683 5453 αύτῶκίρ.
2737 5375 2782 5412 1⁸
2832 5376 2921 5453 Ita
3038 5369 3157 5453 ᾳ.
3190 5369 3642 5453 ξπείσθησθέᾝζ
3669 5373 3713 5408 ¹⁶
3752 5369 3814 5426 Ci
3844 5369 3962 5453 έτέ-

546 5388 703 5463 ὑπέρ,
744 5384 812 5472 in
865 5397 1017 5472 textu
1073 5388 1301 5472 (361188,.
1332 5388 1473 5472 ing
1515 5385 1593 5472 ιξξς
1641 5384 1764 5472 πέρ.

583 5446 661 5521 ως
690 5446 822 5515 ante
852 5462 1099 5531 ποιήσειν
1132 5446 1304 5518 οιτίίἑὶ
1350 5477 1400 5516 c.
1433 5460 1498 5516 Ο.
1622 5446 1869 5531 retinere
1914 5446 2079 5531 velis,
2110 5449 2421 5531 legendum
2453 5450 2606 5531 auct.
2638 5446 2719 5531 S.,
2743 5451 2871 5531 “aut

574 5531 805 5619 ετοίμως.
840 5521 982 5619 Epilt‘:
1012 5550 1071 5619 ολ
1217 5534 1392 5619 habet
1420 5526 1735 5619 προθύμως.
1785 5526 1845 5583 Ci
1892 5521 2431 5619 v‘ersio‘ttirr‘i-ﬂug
2463 5521 2785 5619 ﬁglesihj

550 5586 596 5659 ἐῖ
630 5586 899 5673 ιδυνάμῇ
924 5586 990 5659 Π.
1020 5586 1071 5641 ἶδ
1099 5586 1350 5660 Ποία-οὉί
1374 5586 1784 5673 οοάῇεοιὶιιιεξιῃ
1805 5597 2113 5673 conﬁrmat
2141 5598 2205 5673 ρ,
2236 5586 2438 5673 Edam:
2463 5586 2608 5673 63d...
2627 5587 2804 5673 Hg‘m;
2829 5586 3069 5673 ναι-ἰδίει.
3097 5589 3152 5673 λθ
3184 5589 3294 5673 ξιον
3316 5588 3361 5645 Ο
3374 5604 3422 5673 ρ

2593 5321 2662 5391 ρλ
2706 5300 2895 5391 τειλξᾴ
2948 5303 3153 5391 ἱείοωοη
3184 5302 3285 5376 qui
3313 5301 3616 5391 ,ἀρίοξρρξ
3667 5298 3954 5391 9991-955

2920 5446 2997 5519 μὴ
3045 5441 3267 5519 ἑτέρως,
3315 5441 3437 5519 aut,
3489 5444 3645 5519 quod
3694 5448 3962 5519 praestat,

3005 5514 3144 5589 μως’
3172 5518 3301 5573 cod.
3334 5514 3652 5589 ,RngSOIi.
3689 5514 3740 5589 “_
3782 5518 3965 5589 ποιεῖν

3508 5630 3522 5655 ,
3556 5582 3863 5640 πιστεύεται
3899 5585 3964 5641 C.

2518 5521 2689 5573 otest.
2743 5517 2785 5554 ιτ
2838 5536 2965 5571 συντ

549 5652 596 5715 δι’
1008 5652 1789 5749 ρ,Α’ὁζῖμξρἕοῖνῐτέσέξοῗῐε
1814 5652 1926 5743 ἐγὼ
1984 5662 2043 5721 δὲ
2090 5652 2204 5717 τοῦ’
2228 5652 2363 5716 Θεοῦ
2398 5659 2461 5716 C.
2493 5659 2539 5695 ³³
2570 5660 2655 5716 Ita.
2682 5659 2751 5730 D,
2778 5652 2963 5714 ἔπειτα
3000 5660 3063 5727 C,
3094 5660 3160 5718 Ο.
3192 5660 3240 5696 ³⁸
3274 5660 3337 5717 In
3370 5660 3417 5716 Ο
3460 5652 3626 5733 prius
3674 5658 3970 5731 scriptum

548 5744 674 5817 erat
702 5744 972 5823 ἐνοήσατε.
1005 5746 1224 5804 Deinde
1254 5744 1411 5801 idem
1443 5760 1558 5800 om.
1582 5761 1660 5798 τε.
