4112 6344
191 390 321 453 225

1324 386 1937 451 CLEMENTINA.—-
1960 380 2285 444 HOMILIA
2324 379 2486 444 VIII.

3489 380 3606 443 226

194 523 304 598 γὰρ
332 526 434 577 τοῦ
480 518 703 576 δυνατοῦ
746 519 845 589 τήν
895 523 1084 593 πεῖραν
1132 522 1177 556 ³⁸
1208 515 1487 583 λαϐόντες,
1520 517 1605 572 ἐπὶ
1652 518 1715 572 τὸ
1767 516 1850 571 εύο
1883 557 1894 585 λ

2009 522 2120 571 ιοιο
2172 515 2330 570 illius
2390 516 2489 587 qui
2548 521 2754 587 puteus
2806 520 2916 581 est,
2946 516 3017 570 ad
3076 516 3220 570 bene
3280 517 3609 570 {eiciendum

194 617 376 665 ποιεῖν
410 608 765 686 τραπόμενοι,
796 607 886 662 καὶ
935 609 1032 670 τὰς
1079 607 1261 682 ψυχὰς
1311 608 1643 676 ἀνασωθῆναι
1694 602 1853 675 δυνη-

198 699 410 770 θείητε.

276 795 392 845 XII.
441 791 616 842 Ταῦτα
661 785 826 841 αὐτοῦ
876 784 1157 861 λέγοντος,
1205 784 1255 840 οἱ
1305 782 1495 845 πάντες
1543 785 1856 859 γονυπετεῖς

195 878 309 954 πρὸ
363 880 473 932 τῶν
531 875 694 930 αὐτοῦ
752 870 957 930 ἔκειντο
1014 870 1219 930 ποδῶν.
1270 872 1328 927 Ὀ
1380 869 1437 927 δὲ
1495 871 1571 933 εἷς
1630 870 1855 947 οὐρανὸν

1962 604 2246 671 conversi,
2279 604 2455 660 etiam
2507 604 2833 659 secundum
2884 604 3112 658 animas
3162 601 3306 658 salvi
3338 618 3467 659 esse
3506 621 3609 676 po-

1963 692 2177 749 teritis.

2038 782 2160 838 XII.
2196 782 2331 847 Quae
2379 798 2513 838 cum
2564 781 2828 849 dixisset,
2863 780 3057 836 cuncti
3106 780 3177 837 ad
3209 798 3401 855 genua
3451 784 3606 839 acci-

1968 871 2170 927 dentes
2192 871 2470 942 jacebant
2514 875 2646 926 ante
2679 871 2852 943 pedes
2881 870 3060 925 illius.
3092 872 3164 925 At
3205 870 3322 939 ille,
3356 871 3605 929 sublatis

200 964 340 1042 ἆρας
388 965 484 1027 τὰς
534 969 743 1040 χεῖρας,
774 962 865 1017 καὶ
914 967 992 1035 τῷ
1035 967 1150 1034 Θεῷ
1196 960 1627 1033 προσευξάμενος
1673 958 1858 1013 ἰάσατο

2009 977 2029 1015 1
2077 958 2287 1016 cmlum
2350 959 2953 1030 manibus,Deumque
3008 966 3431 1031 comprecatus,
3464 978 3607 1017 cun-

196 1054 333 1116 τοὺς
380 1054 582 1114 πάντας
634 1050 694 1107 ἐκ
742 1050 915 1125 μόνης
967 1050 1156 1127 εὐχῆς.
1199 1049 1315 1107 Οὐκ
1364 1048 1565 1125 ὀλίγων
1609 1045 1667 1103 δὲ
1716 1049 1862 1121 ἡμε-

1971 1054 2094 1105 ctos
2141 1048 2471 1121 precatione
2514 1048 2639 1104 sola
2687 1053 2926 1103 curavit.
2970 1053 3094 1103 Non
3147 1066 3362 1120 paucos
3414 1055 3608 1107 autem

204 1149 318 1221 ρῶν
349 1140 693 1218 παραμείνας
719 1145 837 1203 τοῖς
869 1139 1183 1215 Βηρυτίοις,
1208 1139 1300 1194 καὶ
1336 1136 1585 1200 πολλοὺς
1636 1140 1704 1211 τῇ
1758 1157 1865 1211 μο-

2014 1138 2097 1194 ies
2126 1138 2280 1210 apud
2312 1138 2570 1209 Berytios
2598 1141 3014 1203 commoratus,
3046 1154 3180 1192 cum
3230 1138 3449 1195 multos
3478 1138 3612 1195 reli-

202 1230 451 1309 ναρχικῇ⁹
510 1228 766 1305 θρησκείᾳ
822 1227 1100 1294 συνεθίσας
1154 1230 1201 1265 ²⁶
1258 1227 1348 1283 καὶ
1423 1226 1707 1302 βαπτίσας,
1757 1225 1864 1281 ἀπὸ

2009 1225 2132 1281 ioni
2188 1242 2326 1297 erga
2382 1242 2565 1280 unum
2620 1229 2801 1280 Deum
2859 1226 3329 1293 consuefecisset,
3363 1244 3467 1283 nec
3495 1244 3612 1284 non

204 1326 319 1377 τῶν
374 1319 659 1393 ἐπομένων
730 1315 880 1391 αύτῷ
952 1311 1329 1394 πρεσϐυτέρων
1402 1312 1498 1371 ἕνα
1571 1314 1863 1371 ἐπίσκοπον

1976 1315 2348 1387 baptizasset,
2392 1331 2509 1370 uno
2558 1329 2626 1369 ex
2674 1313 3027 1386 presbyteris
3076 1313 3174 1385 qui
3223 1330 3354 1370 eum
3408 1332 3616 1388 seque-

208 1411 404 1473 αὐτοῖς
476 1409 841 1478 καταστήσας,
899 1406 974 1469 εἷς
1027 1408 1127 1476 τὴν
1181 1400 1378 1461 Βίϐλον
1438 1407 1484 1442 ³⁷
1540 1403 1703 1477 ἐξῄει.
1765 1400 1868 1461 Καὶ

2009 1409 2197 1462 lantur
2243 1404 2389 1476 ipsis
2418 1402 2478 1458 in
2530 1401 2866 1474 episcopum
2911 1403 3248 1471 constituto,
3280 1403 3339 1459 in
3371 1405 3618 1479 Byblum

208 1498 516 1575 γενόμενος
574 1495 686 1551 ἐκεῖ
738 1494 829 1550 καὶ
887 1495 1071 1568 μαθὼν
1130 1492 1212 1549 ὅτι
1266 1494 1453 1567 Σίμων
1515 1489 1640 1548 οὐδὲ
1673 1493 1870 1566 μιᾶἱς²³

2016 1494 2142 1549 biit.
2174 1495 2297 1558 Quo
2327 1508 2461 1547 cum
2494 1492 2871 1564 pervenisset,
2905 1496 3200 1563 comperto
3232 1494 3383 1565 quod
3418 1494 3619 1551 Simon

208 1588 432 1663 ἡμέρας
504 1586 686 1647 αὐτοῖς
750 1582 1125 1661 προσέμεινεν,
1176 1581 1304 1639 ἀλλ’
1360 1581 1554 1644 εύθέως
1609 1580 1689 1643 οίς
1743 1577 1869 1656 Τρί-

209 1677 384 1733 πολιν
443 1674 720 1750 ὥρμησεν,
781 1672 983 1749 ὀλίγων
1046 1674 1267 1748 ήμερῶν
1326 1670 1511 1733 αὐτοῖς
1570 1668 1870 1744 ἐπιμείνας,

1981 1600 2053 1639 ne
2084 1598 2199 1637 uno
2231 1581 2467 1653 quidem
2501 1580 2594 1635 die
2624 1578 2755 1636 illos
2786 1585 3197 1653 exspectasset,
3212 1582 3312 1636 sed
3339 1584 3537 1638 statim
3559 1584 3619 1640 in

1982 1669 2267 1743 Tripolim
2298 1670 2833 1741 evasisset,paucos
2865 1669 2987 1724 dies
3018 1670 3172 1742 apud
3204 1686 3302 1727 eos
3335 1678 3621 1740 moratus,

210 1767 307 1823 καὶ
341 1762 676 1840 θεραπεύσας
707 1761 808 1817 οὐκ
837 1759 1087 1837 όλίγους;
1112 1760 1203 1815 καὶ
1240 1764 1360 1823 ταῖς
1408 1753 1631 1821 Βίϐλοις
1678 1756 1873 1820 αὐτοὺς

2009 1759 2318 1830 :uratisque
2366 1757 2593 1826 multis,
2644 1774 2709 1813 ac
2758 1758 2817 1812 in
2867 1756 3166 1828 Scriptura
3210 1759 3496 1830 exercitis,
3550 1761 3621 1817 ad

212 1855 543 1925 ἐνασκήσας,
576 1857 691 1908 κατ’
718 1849 876 1928 ἴχνος
905 1854 1003 1906 τοῦ
1035 1849 1289 1923 Σίμωνος
1339 1848 1416 1911 εἷς
1460 1849 1561 1918 τήν
1608 1845 1871 1923 Τρίπολιν

222 1945 235 1957 ο
403 1942 415 1957 ο
730 1937 755 1957 δ
805 1941 816 1957 ι
1036 1938 1050 1957 9
1100 1940 1114 1957 \
1248 1936 1303 1957 ηπ
1323 1936 1344 1957 \
1527 1935 1586 1957 ἐν
1654 1935 1668 1957 ε
1698 1956 1701 1957 ,
1802 1932 1848 1957 ,Ι

2009 1847 2265 1920 l‘ripolim
2313 1864 2416 1920 per
2467 1846 2712 1918 vestigia
2762 1846 3017 1902 Simonis
3072 1849 3376 1921 processit,
3430 1854 3623 1907 certus

2155 1936 2382 1957 εμηηε
2441 1953 2547 1957 _-_
2589 1936 2983 1957 ___L.-_.-______

216 1942 535 2019 ἐπορεύετο,
590 1937 942 2015 μεταδιώκειν
994 1938 1151 1995 αὐτὸν
1205 1936 1440 2013 μᾶλλον,
1487 1935 1596 2013 ούχ
1649 1932 1879 2014 ὑποφεύ-

216 2054 335 2111 γειν
372 2031 785 2108 προῃρημένος.

864 2212 1124 2265 ὉΜΙΛΙΑ
1167 2208 1247 2265 Η’.

298 2325 347 2375 Ι.
382 2316 478 2379 Εἷς
509 2312 567 2371 δί
592 2316 690 2385 τὴν
723 2313 995 2391 Τρίπολιν
1044 2313 1262 2370 εἰσιόντι
1307 2314 1389 2386 τῷ
1439 2313 1649 2390 Πέτρῳ,
1700 2309 1752 2365 οἱ
1801 2330 1885 2388 φι-

224 2406 629 2482 λομαθέστεροι
658 2402 719 2460 ἔκ
743 2425 804 2460 τε
830 2411 931 2474 τῆς
969 2402 1144 2481 Τύρου
1198 2404 1289 2459 καὶ
1347 2399 1608 2471 Σιδῶνος,
1639 2401 1886 2476 Βηρυτοῦ

222 2518 288 2552 τε
315 2497 410 2552 καὶ
444 2490 667 2563 Βίϐλου,
697 2494 787 2549 καὶ
819 2493 880 2549 ἐκ
900 2498 1005 2548 τῶν
1054 2492 1466 2569 πλησιοχώρων
1496 2492 1649 2548 ’182
1679 2484 1887 2543 πολλοὶ

208 2585 606 2657 συνεισῄεσαν.
648 2583 759 2639 Ούκ
804 2582 999 2652 ἥκιστα
1046 2580 1104 2637 δὲ
1143 2586 1253 2637 τῶν
1298 2580 1389 2635 ἀπ’
1437 2579 1605 2649 αὐτῆς
1646 2585 1746 2648 τῆς
1793 2574 1889 2631 πό-

230 2675 379 2737 λεως
409 2669 599 2749 ὄχλων
634 2669 933 2748 συνδρομαὶ
964 2671 1220 2746 ἐγίνοντο,
1246 2669 1476 2744 ἱστορεῖν
1536 2666 1888 2744 βουλομένων

231 2764 428 2821 αὐτόν.
493 2760 903 2836 Συνετύγχανον
956 2757 1047 2814 οὖν
1096 2761 1230 2831 ἡμῖν
1281 2757 1333 2812 ἐν
1385 2763 1503 2820 τοῖς
1549 2754 1890 2832 προαστείοις

275 2849 721 2906 ἱ⁹”“’
919 2847 972 2902 6‘
1156 2844 1486 2903 ’δλ“’
1646 2842 1885 2900 ”λλ“

237 2874 264 2907 ο
350 2872 425 2906 υπ
490 2870 655 2905 αυτου
704 2869 915 2926 εκπεμφ
952 2868 1095 2909 εντες
1144 2868 1176 2901 α
1214 2868 1236 2901 ε
1278 2867 1390 2925 φοι,
1425 2867 1495 2901 τα
1533 2866 1592 2900 τε
1639 2864 1672 2898 α
1751 2864 1784 2898 α
1826 2862 1895 2897 τα

236 2940 383 2996 κατᾶ
429 2939 530 3008 τὴν
579 2936 745 2992 πόλιν
785 2936 875 2992 καὶ
922 2938 988 2992 τὰ
1032 2935 1479 3012 πραττόμενατῷ
1524 2934 1736 3007 Σίμωνι
1786 2932 1897 3003 ἐξα-

239 3024 536 3105 κριϐῶσαι,
604 3026 755 3088 ὅπως
819 3025 1068 3087 ἐλθόντες
1135 3025 1540 3102 ὑφηγήσωνται.
1604 3018 1897 3092 ’Δποδεξά-

249 3138 404 3193 μενοι
436 3116 597 3171 αὐτὸν
630 3114 718 3170 ἐπὶ
746 3116 845 3184 τήν
879 3111 1162 3190 Μαροόνου
1194 3115 1241 3150 ’9
1269 3113 1405 3188 ἦγον
1441 3111 1634 3170 οἰκίαν.

323 3206 481 3263 11.Ὁ
528 3202 586 3259 δὲ
620 3202 701 3258 ἐπ’
748 3201 893 3275 αὒτῷ
932 3207 1012 3274 τῷ
1054 3208 1154 3272 τῆς
1192 3200 1365 3275 ξενίας
1404 3200 1618 3257 πυλῶνι
1645 3198 1754 3271 ἤδη
1805 3219 1903 3275 γε·

248 3295 452 3371 γονὼς,
494 3291 838 3368 ἐπιστραφεὶς
884 3297 1002 3354 τοῖς
1050 3287 1248 3367 ὄχλοις
1298 3289 1584 3367 ὑπέσχετο,
1621 3289 1754 3363 μετᾶ
1801 3288 1900 3357 τὴν

256 3385 517 3440 ἐπιοῦσαν
569 3382 691 3458 περὶ
739 3376 1039 3442 θεοσεϐείας
1086 3380 1268 3443 αὐτοῖς
1318 3377 1697 3456 διαλεχθῆναι.
1727 3375 1914 3434 Εἰσελ-

259 3472 457 3537 θόντος
488 3468 546 3526 δέ
582 3470 767 3543 αὐτοῦ,
800 3470 853 3525 οἱ
882 3467 1110 3545 πρόοδοι
1140 3474 1255 3531 τοῖς
1285 3468 1679 3540 συνεληλυθόσι
1739 3467 1908 3540 ξενίας

256 3560 614 3635 ηὗτρέπιζον,
664 3558 777 3614 Ούκ
836 3556 1189 3613 ἀπελείποντο
1240 3555 1298 3613 δέ
1359 3556 1485 3613 οὐδὲ
1535 3558 1587 3612 οἱ
1637 3554 1909 3631 ἀποδεχό-

262 3670 423 3723 μενοι
473 3648 562 3703 καὶ
621 3647 914 3719 ξενίζοντες
969 3654 1071 3717 τῆς
1125 3651 1232 3701 τῶν
1266 3646 1552 3718 ἀξιούντων
1580 3646 1908 3723 προθυμίας.

254 3738 481 3793 Τούτων
528 3737 586 3793 δὲ
632 3740 679 3774 ³ο
733 3734 889 3792 οὐδὲν
950 3735 1107 3799 εῗδὼς
1153 3736 1182 3791 ὁ
1244 3734 1467 3812 Πέτρος,
1516 3735 1761 3807 ἀξιωθεὶς
1824 3735 1910 3813 ὑφ’

257 3830 427 3899 ἡμῶν
484 3833 691 3904 τροφῆς
771 3819 1117 3899 μεταλαϐεῖν,
1176 3823 1299 3903 ἔφη,
1355 3825 1432 3898 μή
1509 3822 1913 3899 μεταλήψεσθαι

255 3914 532 3991 πρότερον
587 3913 769 3988 αὐτὸς,
816 3914 983 3989 πρινή
1016 3917 1060 3952 ³¹
1109 3912 1236 3977 τοὺς
1286 3911 1722 3984 συνεληλυθότας
1770 3912 1916 3986 αύτῷ

261 4002 761 4061 διαναπαύσασθαι.
815 4003 1288 4079 Ἀποκρινομένων
1391 3999 1449 4056 δὲ
1547 4005 1748 4075 ἡμῶν,
1832 4001 1916 4057 ὅτι

257 4090 405 4171 ἔφθη
455 4093 603 4146 τοῦθ’
636 4091 808 4154 οὕτως
854 4098 1192 4168 γεγενῆσθαι,
1223 4088 1487 4169 προφάσει
1532 4098 1634 4161 τῆς
1678 4091 1813 4168 πρὸς
1863 4092 1919 4147 σὲ

1986 1955 2121 1995 eum
2154 1936 2407 2009 insequi,
2440 1953 2553 1992 non
2587 1936 3008 2008 subterfugere.

2573 2202 2874 2259 HOMILIA
2915 2202 3057 2259 VIII.

2066 2313 2111 2367 Ι.
2143 2310 2287 2368 Cum
2345 2314 2541 2366 autem
2600 2314 2806 2366 Petrus
2862 2309 3147 2382 Tripolim
3204 2310 3631 2387 ingrederetur,

1996 2400 2096 2475 qui
2150 2398 2414 2455 discendi
2470 2402 2637 2454 erant
2691 2397 3022 2470 cupidiores
3073 2416 3144 2455 ex
3200 2401 3370 2473 Tyro,
3402 2404 3633 2474 Sidone,

1998 2492 2201 2562 Beryto
2230 2504 2295 2543 ac
2326 2487 2526 2561 Byblo,
2553 2491 2611 2542 et
2640 2486 2810 2543 multi
2841 2504 2911 2543 ex
2939 2488 3210 2545 finitimis
3241 2490 3417 2546 simul
3449 2492 3634 2550 intra-

1998 2583 2154 2634 runt.
2173 2576 2405 2633 Maximi
2434 2575 2613 2631 etiam
2644 2591 2712 2631 ex
2741 2575 2869 2647 ipsa
2899 2576 3131 2633 civitate
3158 2576 3463 2636 hominum
3495 2598 3639 2637 con-

1999 2684 2209 2724 cursus
2258 2666 2493 2735 ﬁebant,
2526 2664 2986 2721 desiderantium
3015 2665 3207 2722 videre
3238 2669 3426 2725 illum.
3460 2670 3644 2743 Igitur

2002 2757 2229 2812 obviam
2263 2756 2396 2811 facti
2430 2759 2569 2809 sunt
2617 2754 2786 2810 nobis
2818 2753 2877 2809 in
2911 2756 3231 2823 suburbiis,
3262 2759 3363 2829 qui
3392 2760 3464 2815 ab
3513 2761 3641 2833 ipso

2004 2846 2133 2901 ideo
2164 2844 2329 2900 missi
2378 2843 2629 2911 fuerant,
2664 2848 2730 2898 ut
2760 2844 2999 2915 profecti
3029 2845 3396 2917 explorarent
3442 2866 3644 2907 narra-

2006 2939 2250 3006 rentque
2296 2937 2424 2989 tum
2457 2932 2619 2988 urbis
2667 2931 2810 2989 alias
2840 2950 2953 3005 res,
2985 2938 3111 2990 tum
3149 2935 3407 2994 Simonis
3453 2944 3642 3011 gesta.

2008 3024 2075 3080 Et
2116 3022 2466 3096 excipientes
2512 3020 2680 3077 illum
2728 3020 2788 3078 in
2838 3021 3079 3079 domum
3128 3024 3419 3083 Maroonis
3466 3028 3649 3086 duxe-

2009 3118 2168 3169 runt.

2088 3204 2157 3258 ΙΙ.
2192 3203 2247 3258 Is
2274 3216 2408 3257 vero
2430 3199 2558 3271 jam
2591 3200 2744 3256 fores
2773 3199 3012 3273 hospitii
3058 3204 3285 3270 tenens,
3312 3220 3650 3274 conversus,

2021 3289 2383 3348 multitudini
2428 3288 2719 3361 promisit,
2752 3305 2816 3345 se
2864 3295 2997 3362 post
3027 3290 3180 3347 diem
3231 3295 3550 3350 crastinum
3585 3297 3657 3353 de

2020 3382 2178 3439 cultu
2212 3380 2312 3436 Dei
2343 3378 2460 3435 illis
2488 3378 2665 3434 verba
2694 3378 3005 3435 facturum.
3041 3381 3307 3454 Ingresso
3346 3388 3541 3439 autem
3569 3401 3657 3452 eo,

2020 3472 2121 3546 qui
2164 3468 2449 3544 pramissi
2481 3468 2730 3534 fuerant,
2762 3466 3016 3541 hospitia
3044 3468 3117 3525 iis
3147 3472 3247 3541 qui
3287 3470 3463 3527 simul
3494 3489 3661 3531 vene-

2019 3567 2151 3618 rant
2200 3559 2570 3616 ordinabant.
2600 3556 2714 3613 Nec
2761 3574 2894 3613 vero
2925 3557 3025 3630 qui
3066 3558 3317 3632 hospitio
3371 3563 3659 3635 suscipie-

2020 3651 2183 3718 bant,
2231 3648 2528 3704 alacritate
2576 3652 2742 3703 erant
2788 3647 3089 3703 inferiores
3136 3648 3210 3705 iis
3256 3651 3353 3722 qui
3406 3651 3658 3723 hospitia

2018 3737 2412 3813 postulabant.
2445 3737 2702 3803 Quorum
2741 3752 2877 3792 cum
2909 3736 3054 3792 nihil
3086 3738 3261 3794 sciret
3309 3738 3531 3807 Petrus,
3563 3757 3659 3798 ro-

2020 3834 2193 3903 gatus
2222 3844 2256 3883 a
2288 3825 2676 3897 nobis,cibum
2709 3842 2962 3895 sumere,
2995 3843 3368 3900 nequaquam
3400 3846 3461 3885 se
3491 3846 3660 3886 sum-

2024 3923 2261 3991 pturum
2292 3916 2457 3984 dixit,
2491 3914 2605 3969 nisi
2637 3915 2800 3987 prius
2829 3916 2932 3987 qui
2962 3931 3095 3971 eum
3129 3917 3359 3973 fuerant
3402 3919 3664 3977 comitati

2024 4004 2564 4077 interquiescerent.
2598 4005 3103 4076 Respondentibus
3132 4012 3327 4062 autem
3379 4008 3567 4064 nobis.
3600 4008 3665 4065 Id

2018 4097 2145 4169 jam
2177 4094 2259 4151 ita
2302 4094 2520 4150 factum
2552 4097 2659 4161 est,
2693 4093 2798 4162 eis,
2833 4098 3069 4165 propter
3114 4111 3373 4152 amorem
3406 4112 3544 4169 erga
3587 4100 3666 4167 te,

265 4188 514 4258 στοργῆς
562 4178 772 4255 σπουδῇ
801 4182 1004 4243 πάντας
1034 4183 1081 4218 ³³
1124 4179 1320 4242 αὐτοὺς
1369 4176 1799 4253 ὑποδεξαμένων,
1843 4181 1894 4236 ὡκ

2029 4201 2232 4243 omnes
2264 4184 2423 4256 ipsos
2454 4182 2715 4239 studiose
2762 4183 3242 4255 suscipientibus,
3275 4186 3416 4243 adeo
3450 4192 3531 4254 ut,
3566 4187 3669 4259 qui

263 4270 400 4333 τοὺς
461 4270 538 4342 μὴ
598 4268 900 4345 ἐσχηκότας
949 4269 1042 4333 οὓς
1094 4268 1362 4341 ξενίσωσιν
1388 4271 1435 4307 ³³
1465 4264 1890 4346 ὑπερϐαλλόντω

2031 4292 2146 4331 non
2195 4273 2549 4340 habuerunt,
2602 4287 2749 4342 quos
2796 4272 3049 4344 hospitio
3096 4275 3438 4345 reciperent,
3490 4292 3669 4348 supra

269 4357 641 4429 λελυπῆσθαιο
703 4360 732 4415 ὁ
800 4360 1028 4431 Πέτρος,
1091 4357 1321 4421 ἀκούσας
1403 4358 1493 4413 καὶ
1580 4359 1762 4429 ἡσθεὶς
1823 4362 1892 4430 τῆ

2035 4362 2275 4419 modum
2309 4359 2524 4416 fuerint
2555 4358 2900 4431 contristati,
2933 4364 3138 4416 Petrus
3170 4363 3372 4418 audita
3400 4379 3479 4430 re,
3514 4361 3670 4418 dele-

269 4446 452 4520 ὀξείας
503 4445 914 4525 φιλανθρωπίας
964 4451 1033 4519 3‘,
1079 4446 1382 4524 εὐλογήσας
1426 4445 1621 4509 αὐτοὺς
1678 4446 1894 4519 ἐξῆλθεν

2035 4455 2224 4508 ctatus
2253 4453 2525 4522 prompta
2554 4447 3268 4517 bumanitate,benedictis
3298 4451 3369 4507 iis
3398 4467 3671 4523 egressus

266 4536 366 4592 καὶ
412 4535 658 4604 θαλάσση
704 4536 1040 4609 λουσάμενος
1087 4535 1332 4606 εἰσῆλθεν
1363 4538 1427 4603 ³⁸,
1458 4536 1549 4591 καὶ
1593 4537 1777 4592 σιτίων
1832 4535 1894 4592 σὺ

2037 4545 2126 4597 est
2157 4556 2170 4595 :
2204 4555 2455 4610 cumque
2501 4536 2742 4594 lavisset
2793 4538 2852 4593 in
2902 4538 3069 4605 mari,
3113 4540 3417 4612 ingressus
3463 4544 3571 4609 est,
3620 4544 3679 4596 et

268 4630 396 4687 τοῖς
444 4623 707 4701 προόδοις
758 4621 1102 4700 μεταλαϐὼν,
1152 4625 1375 4703 ἐσπέρας
1424 4620 1894 4698 ἐπικαταλαϐούση

2042 4635 2354 4702 postquam
2388 4625 2584 4682 cibum
2632 4642 2766 4682 cum
2797 4628 3255 4698 praecursoribus
3304 4629 3681 4700 sumpsisset,

272 4714 382 4770 ὕπν
390 4735 545 4773 ωσεν.

2041 4722 2208 4774 nocte
2236 4716 2574 4772 adveniente
2602 4731 2809 4771 somno
2839 4731 2902 4771 se
2931 4715 3109 4771 dedit.

355 4809 457 4861 III.
483 4804 612 4859 Ὑπὸ
645 4800 702 4860 δὲ
746 4803 843 4867 τὰς
892 4800 1140 4881 δευτέρας
1186 4807 1294 4859 τῶν
1343 4802 1717 4880 ἀλεκτρυόνων
1752 4804 1933 4883 φωνὰς

277 4890 619 4956 διϋπνισθεῖς
667 4889 814 4968 εὗρεν
863 4894 1012 4967 ἡμᾶς
1062 4892 1428 4970 ἐγρηγορότας
1452 4896 1517 4962 ³⁸,
1550 4894 1691 4967 ἦμεν
1742 4891 1799 4949 δὲ
1841 4892 1933 4950 σὺν

281 4981 435 5053 αύτῷ
491 4981 544 5036 οἱ
603 4982 800 5045 πάντες
856 4981 1160 5053 ἑκκαίδεκα,
1212 4982 1369 5044 αὐτὸς
1426 4984 1455 5038 6
1511 4984 1734 5058 Πέτρος,
1782 4985 1935 5041 183

280 5069 443 5144 κάγὼ
487 5070 516 5124 ὁ
565 5068 825 5143 Κλήμης,
880 5073 1125 5142 Νικήτης
1183 5091 1243 5126 τε
1305 5071 1395 5125 καὶ
1443 5070 1699 5143 ’Δκύλας,
1747 5072 1836 5127 καὶ
1885 5093 1894 5123 ι

2047 5078 2104 5130 et
2127 5071 2533 5144 Aquila,atque
2553 5069 2858 5125 duodecim
2883 5071 2981 5142 qui
3010 5071 3311 5144 prmgressi
3336 5058 3688 5128 fuerant.Sa-

279 5155 711 5233 προοδεύσαντες
791 5156 1023 5218 δώδεκα.
1105 5157 1553 5236 Προσαγορεύσας
1628 5158 1716 5214 οὖν
1794 5163 1894 5233 ήμὶ

2048 5162 2253 5218 lutatis
2267 5177 2402 5232 ergo
2418 5159 2585 5215 nobis
2597 5158 2743 5213 dixit
2758 5176 2771 5215 :
2791 5158 2966 5215 Hodie
2990 5160 3129 5231 quia
3146 5159 3277 5215 aliis
3293 5162 3556 5233 occupati
3574 5178 3687 5216 non

282 5244 416 5325 ἔφη’
476 5249 728 5321 Σήμερον
788 5254 905 5311 τοῖς
964 5246 1064 5319 ἔξω
1113 5249 1189 5321 μή
1241 5245 1607 5323 σχολάζοντες
1666 5246 1886 5320 ἀλλήλο

2050 5248 2457 5317 sumus,nobis
2485 5264 2782 5304 vacemus.
2816 5248 3094 5314 Quocirca
3122 5265 3227 5322 ego
3260 5250 3496 5321 quidem
3529 5249 3693 5304 vobis

283 5333 449 5407 ἐσμὲν
518 5332 803 5412 εῧσχολοι.
864 5337 959 5392 Διὸ
1018 5336 1123 5413 ἐγὼ
1187 5336 1281 5411 μὲν
1342 5336 1469 5410 ὑμῖν
1524 5336 1592 5391 τὰ
1653 5337 1788 5410 μετὰ
1840 5338 1894 5393 τὶ

2053 5356 2180 5412 quae
2212 5337 2365 5409 apud
2416 5337 2633 5409 Tyrum
2664 5340 2796 5408 post
2844 5337 3174 5409 digressum
3229 5342 3485 5393 vestrum
3530 5338 3697 5411 gesta

1654 5470 1892 5529 νΑνΙιΕ
1928 5471 2338 5530 LECTIONES.

359 5565 625 5644 "ltelpav
671 5568 738 5644 _C.
814 5572 861 5606 ⁸⁸
915 5570 1077 5644 Alius
1136 5570 1399 5644 praeferet
1455 5566 1758 5644 συνετίςτρις.Δ
1813 5587 1917 5627 nec
1958 5571 2266 5644 immerito
2324 5562 2735 5644 g;_wv§gqicaq
2777 5570 2840 5644 O_.
2917 5569 2961 5603 "7
3017 5562 3229 5644 Βύϐλον
3290 5570 3558 5644 Ερίζμο..
3600 5569 3689 5626 58.

289 5642 338 5678 ³⁸
369 5634 631 5713 οὖδεμιᾶς
659 5641 726 5697 Ο.
801 5644 848 5680 ³⁸
877 5634 1176 5754 Μαροώνού
1206 5644 1351 5714 Epit.
1385 5657 1435 5697 c.
1466 5641 1558 5697 59.
1632 5641 1678 5678 ³ο
1708 5637 1766 5696 δέ
1795 5658 1911 5698 om.
1944 5642 2010 5699 Ο.
2088 5646 2133 5681 δι
2164 5638 2292 5754 πρὶν
2318 5634 2355 5709 ἦ
2384 5634 2446 5694 C.
2520 5637 2567 5672 ⁸³
2598 5638 2749 5694 Fort.
2810 5638 2924 5712 leg.
2984 5640 3217 5697 πάντων.
3249 5646 3306 5697 S.
3382 5641 3427 5678 ³³
3456 5638 3689 5714 ξενίσουο

291 5732 375 5754 mu
409 5713 455 5754 ﬂ
551 5713 600 5751 οι
629 5712 829 5754 Malim
860 5716 928 5754 τί
997 5713 1108 5754 ζειν.
1137 5709 1538 5754 ωιληυαηωπία,
1571 5715 1609 5754 R
1704 5713 1751 5750 ⁸8
1780 5709 2036 5754 βίηελθιξιυ
2066 5718 2106 5754 ﬂ
2274 5707 2654 5754 ἆνονινοοότας
2685 5708 2748 5754 Γ),
2783 5709 2930 5754 'I‘nm
2964 5708 3018 5754 ’ὲζ
3039 5710 3128 5754 νηὶ
3171 5708 3296 5754 δίνη
3326 5711 3366 5754 Ω

291 5732 375 5769 σιν
409 5713 477 5773 Ο.
501 5707 513 5713 ’
551 5713 600 5751 ³⁴
627 5712 833 5775 Malim
860 5716 931 5790 τῇ
962 5707 1108 5788 ὀξείᾳ
1137 5707 1543 5794 φιλανθρωπίᾳ.
1570 5715 1629 5771 8.
1704 5713 1751 5750 ⁸⁸
1779 5709 2036 5771 εἰσελθών
2066 5718 2127 5773 C.
2200 5707 2246 5754 ⁸⁸
2274 5707 2654 5789 ἄγ’ρηγορότας
2685 5708 2749 5767 Ο.
2783 5707 2934 5770 Τιιῖῐι
2964 5708 3019 5785 ἓξ
3039 5710 3130 5767 καὶ
3171 5708 3297 5768 δέκα
3326 5711 3385 5773 C.

2116 4804 2677 4863 III.Subsecundum
2697 4820 2831 4859 vero
2851 4804 3142 4876 gallorum
3157 4810 3395 4861 cantum
3417 4821 3685 4879 experge-

2046 4898 2234 4952 factus
2254 4910 2358 4950 nos
2386 4893 2605 4949 invenit
2637 4892 3223 4965 vigilantes;eramus
3255 4900 3449 4950 autem
3478 4910 3681 4951 omnes

2046 5003 2179 5041 cum
2211 5001 2277 5040 eo
2308 4982 2709 5053 sedecim,ipse
2726 4982 2929 5038 Petrus
2959 4986 3014 5038 et
3034 4998 3139 5054 ego
3162 4982 3685 5052 Clemens,Nicetas
