4114 6338
469 291 586 351 227

1295 288 1357 349 S.
1408 286 1848 349 CLEMENTIS
1895 290 1914 347 l
1966 282 2151 347 liOM.
2202 287 2428 348 PONT.
2475 285 2733 349 OPERA
2780 285 3043 350 DUBlA.

3754 283 3879 348 228

468 419 1063 487 sunt,enarrabo:vos
1094 424 1290 474 autem
1322 422 1514 474 autem
1547 418 1688 473 mihi
1709 417 1950 489 quaehis
1979 418 2096 473 aSi‘

2223 415 2328 470 ἀπὸ
2384 416 2557 493 Τύρου
2589 420 2633 454 ⁸⁷
2672 413 2852 487 ἔξοδον
2914 416 3248 492 γεγενημένα
3304 411 3663 491 διηγήσομαι,
3716 416 3876 489 ὑμεῖς

469 527 640 565 mone
671 513 997 581 perpetrata
1045 514 1202 575 sunt,
1250 508 1587 581 diligentius
1645 507 1932 579 exponite.
1967 506 2112 562 Cum

466 600 645 671 igitur
678 616 780 654 nos
814 602 1016 653 mutuo
1049 596 1405 668 specialibus
1439 597 1872 652 narrationibus
1907 596 2113 650 donas-

468 706 686 756 semus,
720 688 1024 760 ingressus
1054 691 1141 742 est
1173 686 1411 758 quidam
1451 703 1479 741 e
1514 684 1923 752 familiaribus,
1957 684 2112 739 hunc

470 777 740 831 nuntium
776 776 939 831 Petro
969 775 1216 830 efferens
1251 792 1262 830 :
1297 775 1517 842 Simon,
1554 775 1651 829 ubi
1687 773 1891 828 didicit
1920 777 1975 828 te
2009 773 2110 827 ad-

469 866 718 930 venisse,
738 881 940 919 versus
972 864 1198 935 Syriam
1234 866 1530 936 profectus
1563 863 1856 933 est,turbae
1888 865 2107 929 autem,

469 971 595 1026 qua:
631 970 806 1008 unam
828 954 980 1008 hanc
1011 959 1237 1008 noctem
1269 951 1425 1006 velut
1444 968 1705 1007 annuum
1727 956 1961 1023 tempus
1990 950 2110 1021 0pi-

468 1048 705 1110 nantur,
738 1058 842 1097 nec
874 1045 1124 1113 possunt
1155 1040 1543 1109 praestitutum
1575 1057 1608 1095 a
1635 1045 1691 1095 te
1722 1040 1877 1095 diem
1908 1054 2107 1109 exspe-

468 1135 642 1198 ctare,
674 1148 777 1203 pro
826 1130 1046 1186 foribus
1080 1134 1254 1198 stant,
1289 1134 1346 1185 et
1377 1146 1478 1202 per
1523 1132 1709 1184 ccetus
1747 1144 1812 1182 ac
1860 1126 2108 1183 circulos

464 1222 533 1276 de
569 1219 823 1275 Simonis
855 1219 1167 1274 calumniis
1200 1218 1352 1273 inter
1382 1235 1444 1273 se
1489 1216 1732 1272 invicem
1767 1215 2105 1288 colloquun-

462 1309 685 1380 tur,qui
719 1325 851 1363 cum
871 1325 969 1362 eas
993 1308 1049 1361 in
1074 1324 1239 1379 spem
1259 1306 1797 1377 adduxisset,atque
1816 1304 2106 1377 pollicitus

462 1405 617 1455 esset
646 1397 799 1468 quod
824 1401 878 1450 te
911 1395 1114 1451 multis
1139 1397 1209 1450 de
1227 1393 1572 1450 criminibus
1593 1399 1932 1465 praesentem
1953 1396 2107 1447 esset

462 1486 856 1547 convicturus,
890 1482 1119 1555 cognito
1155 1483 1405 1538 adventu
1460 1486 1560 1536 tuo
1592 1497 1652 1537 se
1698 1485 1872 1535 noctu
1906 1480 1963 1535 in
2016 1481 2105 1535 fu-

464 1590 595 1645 gam
632 1572 1088 1643 conjeccritzsed
1121 1576 1176 1625 et
1205 1576 1260 1626 te
1292 1570 1493 1625 audire
1516 1569 1881 1636 desiderant;
1908 1569 2103 1625 nescio

463 1660 617 1716 enim
655 1661 805 1714 unde
838 1676 1037 1714 rumor
1077 1658 1301 1724 incidit,
1338 1658 1506 1731 quasi
1538 1658 1708 1713 hodie
1739 1658 1818 1713 sis
1849 1658 1916 1712 ad
1970 1657 2102 1713 illos

2224 501 2279 558 δὲ
2312 507 2355 541 ³⁸
2404 504 2527 577 ἐμοὶ
2564 506 2630 560 τὰ
2681 505 2906 568 ἐνταῦθα
2956 505 3059 559 ὑπὸ
3102 509 3199 559 τοῦ
3236 504 3483 578 Σίμωνος
3514 507 3873 581 πεπραγμένα

2221 593 2310 648 καὶ
2369 589 2742 670 ἀκριϐέστερον
2795 594 3127 669 ἐξηγήσασθε
3181 596 3245 649 ³³.
3299 594 3711 667 Ἀμειψαμένων
3774 592 3868 648 οῦν

2221 679 2505 752 ἀλλήλους
2563 688 2681 744 ταῖς
2736 681 2788 737 ἐν
2850 682 2999 756 μέρει
3051 678 3385 758 διηγήσεσιν,
3420 681 3588 755 εἰσῄει
3634 702 3717 743 τις
3755 687 3869 736 τῶν

2222 774 2466 841 συνήθων
2514 769 2881 846 ἀπαγγέλλων
2933 772 3142 846 Πέτρῳο
3193 769 3273 825 ὅτι
3326 770 3512 843 Σίμων
3571 770 3754 843 μαθών
3812 790 3872 825 σε

2220 856 2632 931 ἐπιδημήσαντα
2696 861 2793 928 την
2873 858 2960 913 ἐπὶ
3039 859 3233 935 Συρίαν
3294 858 3547 934 ὥρμησεν
3600 855 3750 927 ὁδὸν,
3814 859 3870 913 0i

2220 943 2277 1000 δὲ
2325 942 2491 1022 ὄχλοι
2537 947 2635 1016 τὴν
2689 945 2813 1021 μίαν
2872 946 3072 1016 ταύτην
3120 946 3287 1002 νύκτα
3316 948 3391 1010 ὡς
3430 946 3672 1002 ἐνιαυτοῦ
3723 946 3870 1022 χρό-

2217 1055 2304 1089 νον
2362 1036 2721 1111 ἡγησάμενοι,
2778 1036 2869 1091 xui
2929 1036 3208 1109 ἀναμένειν
3268 1038 3366 1106 τήν
3446 1034 3686 1091 δοθεῖσαν
3761 1037 3873 1092 ὑπὸ

2216 1126 2312 1177 σοῦ
2396 1124 2729 1199 προθεσμίαν
2816 1125 2893 1196 μή
2978 1122 3287 1197 δυνάμενοι,
3342 1125 3451 1201 πρὸ
3513 1130 3620 1181 τῶν
3681 1127 3863 1202 θυρῶν

2217 1209 2521 1284 ἑστήκασιν,
2557 1214 2692 1267 κατὰ
2748 1212 3015 1283 συντάξεις
3064 1216 3108 1250 ⁴⁰
3158 1212 3247 1268 καὶ
3304 1212 3613 1289 συλλόγους
3678 1212 3871 1284 ἀλλή-

2216 1295 2337 1361 λοις
2383 1298 2504 1371 περῖ
2550 1306 2649 1369 τῆς
2696 1304 2791 1355 τοῦ
2842 1301 3095 1375 Σίμωνος
3140 1296 3405 1372 διαϐολῆς
3452 1299 3866 1375 διαλαλοῦντες,

2215 1386 2296 1441 ὅτι
2359 1389 2687 1464 μετεωρίσας
2746 1388 2958 1462 αὐτοὺς,
2991 1389 3079 1444 καὶ
3138 1389 3224 1445 ἐπὶ
3282 1389 3519 1453 πολλοῖς
3574 1397 3765 1453 κακοῖς
3807 1412 3868 1447 σε

2215 1472 2448 1550 ἐλέγξειν
2501 1474 2727 1539 ἐλθόντα
2778 1478 3172 1555 ὑποσχόμενος,
3226 1477 3645 1553 ἐπιδημήσαντα
3698 1479 3866 1556 γνοὺς

2212 1562 2422 1640 νύκτωρ
2491 1562 2698 1642 ἔφυγενο
2760 1564 2906 1636 πλὴν
2983 1567 3335 1641 ἐπιθυμοῦσιν
3415 1568 3567 1623 αὗτοὶ
3638 1568 3866 1623 ἀκοῦσαί

2214 1672 2329 1708 σου.
2363 1652 2474 1708 Οὐκ
2503 1651 2624 1708 οἴδα
2650 1654 2810 1718 πόθεν
2848 1658 3006 1732 φήμη
3058 1678 3140 1719 τις
3190 1655 3465 1729 ἐπέπεσεν,
3499 1658 3574 1719 ὡς
3631 1656 3864 1730 μέλλονο

463 1749 656 1804 locutu
669 1749 874 1804 rus.Ne
892 1749 1068 1819 igitur
1082 1747 1333 1802 multum
1352 1747 1569 1818 fatigati
1588 1751 1793 1819 praeter
1814 1746 2096 1802 rationem

2209 1741 2301 1803 τός
2352 1763 2445 1796 σου
2497 1744 2733 1819 σήμερον
2790 1743 2970 1806 αὐτοῖς
3029 1742 3389 1821 διαλέγεσθαι.
3451 1749 3565 1803 Ἵνα
3622 1745 3713 1800 οῦν
3776 1747 3858 1819 μὴ

2210 1829 2224 1848 ν
2276 1829 2291 1848 ε
2426 1829 2478 1848 ν
2680 1832 2693 1848 ,
2880 1833 2924 1848 ,π
2957 1834 2968 1848 ,
3143 1831 3166 1848 α
3232 1833 3249 1848 ς
3282 1834 3294 1848 ,
3565 1833 3577 1848 ,
3722 1837 3734 1848 .

460 1838 849 1905 dimittantur,
886 1837 1024 1909 quid
1078 1837 1180 1891 tibi
1218 1836 1546 1892 faciendum
1579 1836 1677 1903 sit,
1706 1835 1829 1907 ipse
1879 1851 2094 1906 cogno-

462 1927 597 1982 scis.

530 2015 619 2071 IV.
653 2017 722 2071 Et
751 2016 974 2082 Petrus,
994 2014 1321 2070 admiratus
1346 2013 1503 2086 vulgi
1534 2014 1818 2084 studium,
1854 2029 2095 2084 respon-

459 2106 586 2161 dit:
628 2104 869 2171 Videtis,
929 2104 1159 2168 fratres,
1220 2119 1335 2174 quo
1395 2106 1563 2174 pacto
1621 2100 1848 2156 Domini
1911 2100 2092 2155 nostri

456 2194 630 2249 verba
690 2193 996 2248 manifesto
1056 2190 1427 2263 impleantur.
1462 2190 1693 2245 Memini
1753 2190 1909 2244 enim
1959 2205 2092 2243 eum

457 2283 694 2338 dicere:
749 2283 902 2337 Multi
956 2282 1175 2335 venient
1234 2280 1308 2334 ab
1363 2280 1569 2334 oriente
1622 2280 1671 2334 et
1729 2277 2015 2342 occidente,
2062 2293 2096 2330 a

453 2373 825 2443 septentrione
877 2372 928 2425 et
985 2368 1239 2435 meridie,
1298 2375 1348 2423 et
1404 2368 1715 2423 recumbent
1765 2367 1824 2421 in
1878 2367 2096 2420 sinibus

453 2460 702 2530 Abrahae,
734 2461 906 2515 Isaaci
952 2467 1002 2513 et
1026 2458 1212 2514 Jacobi
1255 2456 1351 2527 (a).
1406 2457 1513 2511 Sed
1547 2462 1602 2511 et
1650 2456 1823 2524 Multi,
1879 2453 2094 2525 inquit,

452 2551 648 2619 vocali,
680 2550 845 2620 pauci
890 2563 1014 2602 vero
1044 2547 1198 2602 electi
1229 2546 1325 2618 (b).
1360 2545 1519 2608 Quod
1552 2560 1687 2616 ergo
1718 2543 1827 2614 ipsi
1860 2542 2097 2597 veniant

452 2638 659 2705 vocati,
693 2637 747 2691 id
782 2636 1166 2707 adimpletum
1215 2640 1321 2689 est.
1350 2633 1494 2696 Quia
1522 2649 1653 2687 vero
1705 2632 1813 2687 hoc
1844 2648 1955 2686 non
2007 2635 2096 2686 est

456 2744 655 2782 eorum
711 2726 1033 2797 proprium,
1061 2724 1160 2779 sed
1215 2727 1303 2777 est
1335 2721 1430 2776 Dei
1482 2721 1580 2791 qui
1630 2738 1728 2775 eos
1757 2721 1979 2775 vocavit
2027 2737 2093 2776 ac

455 2814 885 2880 fecitvenire,in
912 2830 977 2867 eo
992 2811 1114 2867 solo
1144 2810 1466 2865 mercedem
1493 2825 1605 2862 non
1629 2813 2092 2879 consequuntur,

458 2905 733 2975 quoniam
770 2903 1031 2973 ipsorum
1065 2899 1362 2971 proprium
1398 2914 1511 2951 non
1545 2902 1651 2963 est,
1686 2897 1785 2951 sed
1834 2897 1960 2967 ejus
1994 2898 2091 2968 qui

454 2992 758 3064 permovit.
809 2990 972 3053 Quod
1020 2988 1069 3043 si
1116 2992 1247 3060 post
1293 2985 1652 3042 vocationem
1722 2986 1875 3040 bona
1920 3002 2095 3057 opera

453 3081 691 3148 faciant,
746 3079 899 3150 quod
952 3094 1153 3133 eorum
1206 3080 1295 3131 est
1339 3074 1661 3147 proprium,
1692 3079 1834 3129 tunc
1884 3092 1987 3146 pro
2027 3092 2093 3131 eo

451 3168 733 3239 recipient
764 3168 1112 3222 mercedem.

520 3257 588 3310 V.
623 3256 820 3326 Neque
851 3255 1004 3310 enim
1059 3253 1304 3320 Hebraei,
1338 3252 1522 3325 Moysi
1554 3254 1933 3321 credentes,et
1964 3270 2090 3325 qua:

448 3345 520 3399 ab
554 3361 618 3400 eo
652 3345 804 3399 dicta
852 3347 990 3398 sunt
1019 3360 1133 3398 non
1180 3342 1594 3408 custodientes,
1630 3341 1948 3409 salvantur,
1979 3342 2090 3397 nisi

451 3450 576 3505 quae
609 3434 718 3489 sibi
776 3433 928 3487 dicta
959 3437 1096 3487 sunt
1135 3431 1487 3487 custodiant.
1522 3430 1667 3485 Nam
1700 3431 1853 3502 quod
1906 3430 2088 3502 Moysi

450 3522 823 3587 crediderint,
858 3538 973 3575 non
1027 3537 1094 3575 ex
1124 3519 1356 3575 illorum
1407 3524 1599 3574 ortum
1633 3523 1720 3574 est
1765 3517 2087 3586 voluntate,

448 3612 546 3666 sed
606 3628 673 3665 ex
734 3610 830 3664 Dei
891 3609 989 3680 qui
1052 3609 1231 3681 Moysi
1294 3607 1438 3662 dixit
1493 3624 1504 3661 :
1556 3609 1689 3662 Ecce
1742 3622 1839 3676 ego
1895 3608 2087 3663 accedo

446 3700 514 3754 ad
563 3708 611 3754 te
656 3702 715 3753 in
761 3699 1014 3754 columna
1058 3700 1243 3764 nubis,
1277 3706 1338 3751 ut
1366 3696 1556 3751 audiat
1602 3701 1835 3766 populus
1864 3699 2086 3766 quando

442 3792 635 3861 loquor
689 3789 758 3843 ad
833 3798 907 3853 te,
970 3792 1019 3841 et
1075 3787 1180 3841 tibi
1253 3786 1476 3840 credant
1531 3787 1586 3838 in
1663 3790 1935 3841 frter-num
1991 3786 2081 3858 (ε).

441 3880 585 3935 Cum
638 3895 774 3949 ergo
808 3875 1060 3930 Hebraeis
1108 3878 1163 3928 et
1196 3873 1290 3941 iis,
1323 3872 1421 3944 qui
1470 3889 1539 3928 ex
1578 3873 1851 3944 gentibus
1898 3873 2083 3928 vocati

443 3971 600 4033 sunt,
624 3985 655 4021 a
688 3967 801 4021 Deo
832 3965 1035 4019 datum
1067 3962 1143 4017 sit
1173 3962 1404 4017 credere
1434 3961 1692 4017 veritatis
1725 3962 2080 4029 doctoribus,

442 4055 827 4124 relictumque
859 4053 935 4107 sit
983 4050 1347 4119 singulorum
1384 4050 1613 4122 proprio
1656 4050 1898 4117 judicio,
1932 4051 2084 4107 bona

442 4159 618 4214 opera
677 4157 957 4209 exercere,
1006 4156 1228 4195 merces
1286 4140 1431 4194 bene
1491 4140 1868 4210 Operantibus
1920 4140 2081 4209 juste

440 4232 797 4303 rependitur.
834 4229 1031 4299 Neque
1061 4229 1215 4283 enim
1258 4227 1455 4294 Musis,
1492 4244 1678 4299 neque
1733 4227 1944 4283 Christi
1978 4230 2080 4283 ad-

438 4325 609 4376 ventu
642 4336 789 4390 opus
828 4319 1055 4382 fuisset,
1089 4318 1135 4372 si
1170 4335 1203 4372 a
1234 4334 1293 4371 se
1328 4316 1469 4388 ipsis
1497 4319 1649 4388 quod
1685 4317 1890 4371 rationi
1944 4335 2079 4373 con-

438 4415 778 4465 sentaneum
813 4412 900 4463 est
930 4407 1251 4461 voluissent
1282 4405 1606 4477 intelligere
1640 4422 1653 4459 :
1689 4406 1787 4460 sed
1820 4422 1925 4462 nec
1956 4424 2077 4462 ma-

2207 1829 2291 1883 ἐπὶ
2350 1829 2494 1885 πολὺ
2550 1832 2813 1905 καμόντες
2869 1833 3081 1910 ἀλόγως
3139 1831 3577 1905 διαλύωνται,τί
3624 1837 3734 1912 χρή
3798 1857 3862 1892 σε

2203 1924 2398 1991 ποιεῖν,
2434 1919 2592 1982 αὐτὸς
2622 1921 2930 1997 γινώσκεις.

2278 2009 2367 2065 IV.
2402 2009 2498 2063 Kui
2530 2010 2558 2063 6
2589 2011 2813 2084 Πέτρος,
2845 2010 3120 2084 θαυμάσας
3147 2016 3255 2067 τῶν
3307 2006 3497 2089 ὄχλων
3542 2014 3643 2081 τήν
3690 2033 3858 2067 σπου·

2205 2093 2324 2167 δὴν,
2356 2096 2698 2173 ἆπεκρίνατο’
2734 2100 2940 2175 Ὁρᾶτε,
2974 2097 3223 2178 ἀδελφοὶ,
3254 2105 3371 2163 πῶς
3422 2102 3473 2155 0i
3502 2106 3598 2156 τοῦ
3654 2101 3860 2179 Κυρίου

2203 2187 2363 2257 ἡμῶν
2447 2183 2604 2260 λόγοι
2684 2185 2937 2265 ἐμφανῶς
3010 2186 3313 2247 τελοῦνται.
3376 2192 3672 2264 Μέμνημαι
3748 2191 3857 2266 γάρ

2204 2274 2369 2329 αὐτοῦ
2429 2274 2696 2338 εἰπόντος’
2760 2274 2970 2333 Πολλοὶ
3026 2277 3334 2333 ἐλεύσονται
3404 2278 3510 2334 ἀπὸ
3574 2278 3855 2335 ἀνατολῶν

2201 2363 2291 2417 xui
2354 2360 2595 2436 δυσμῶν,
2648 2362 2844 2439 ἄρκτου
2898 2386 2958 2420 τε
3012 2365 3100 2421 καὶ
3164 2363 3529 2444 μεσημϐρίας,
3582 2368 3672 2423 καὶ
3727 2371 3856 2424 ἆναο

2202 2449 2551 2523 κλιθήσονται
2613 2452 2687 2515 εἷς
2743 2452 2984 2517 κόλπους
3020 2450 3271 2531 Ἀϐραάμ
3327 2457 3415 2511 καὶ
3475 2458 3631 2516 184
3676 2459 3857 2514 Ἰσαὰκ

2202 2539 2290 2595 καί
2348 2536 2561 2597 Ἰακώϐ.
2625 2540 2801 2597 Ἀλλᾶ
2884 2543 2971 2598 καὶ
3053 2543 3279 2616 πολλοί,
3369 2546 3554 2623 φησίν,
3628 2546 3853 2617 κλητοί,

2205 2627 2388 2705 ὀλίγοι
2442 2627 2499 2684 δὲ
2556 2630 2820 2687 ἐκλεκτοί.
2852 2632 2921 2686 Τὸ
2980 2633 3083 2704 μὴν
3144 2632 3234 2687 οῦν
3278 2631 3449 2689 ἐλθεῖν
3482 2634 3675 2697 αὐτοῦς
3708 2633 3852 2706 κλη-

2205 2716 2388 2781 θέντας
2464 2717 2844 2794 πεπλήρωται.
2906 2721 3055 2775 Ἐπεί
3113 2720 3169 2776 δὲ
3217 2725 3261 2761 ⁴¹
3324 2723 3423 2777 ούκ
3490 2723 3662 2778 αὐτῶν
3736 2724 3854 2779 ἐστι

2201 2812 2365 2862 τοῦτο
2400 2804 2558 2878 ἴδιον,
2593 2807 2737 2864 ἀλλὰ
2788 2814 2885 2864 τοῦ
2931 2808 3258 2875 καλέσαντος
3320 2811 3511 2874 αὐτοὺς
3566 2818 3698 2868 Θεοῦ
3754 2814 3851 2868 καὶ

2203 2895 2377 2960 ἐλθεῖν
2453 2897 2836 2969 πεποιηκότος,
2895 2897 2981 2953 ἐπὶ
3055 2899 3233 2973 τούτῳ
3290 2900 3443 2974 μόνῳ
3504 2902 3693 2974 μισθὸν
3747 2902 3853 2959 οὐκ

2204 2982 2443 3060 ἔχουσιν,
2477 2985 2558 3041 ὅτι
2588 2988 2663 3060 μὴ
2698 2985 2870 3041 αὐτῶν
2903 2984 3061 3061 ἴδιον,
3095 2987 3239 3043 ἀλλᾶ
3283 2994 3381 3044 τοῦ
3432 2989 3850 3065 ἐνεργήσαντος.

2202 3074 2324 3128 Ἐάν
2371 3072 2427 3129 δὲ
2484 3075 2617 3147 μετὰ
2663 3076 2722 3129 τὸ
2769 3078 2814 3111 ⁴²
2860 3074 3127 3146 κληθῆναι
3177 3076 3321 3132 καλᾶ
3368 3079 3661 3155 πράξωσιν,
3713 3079 3852 3159 ὅπερ

2124 3150 2165 3215 C
2205 3164 2343 3217 ἐστὶν
2378 3162 2549 3217 αὐτῶν
2579 3161 2735 3233 ἴδιον,
2766 3163 2887 3219 τότε
2919 3163 3004 3219 ἐπὶ
3034 3164 3213 3239 τούτῳ
3248 3168 3437 3239 μισθὸν
3473 3164 3699 3241 ἕξουσιν.

2270 3249 2509 3308 ν.Ούδὶ
2588 3253 2691 3329 γάρ
2775 3248 3018 3328 Ἑϐραῖοι
3103 3261 3322 3309 Μωυσεῖ
3379 3259 3423 3294 ⁴⁸
3481 3257 3847 3332 πιστεύοντες,

2197 3340 2285 3395 καὶ
2340 3341 2407 3395 τὰ
2454 3338 2522 3396 δι’
2553 3340 2715 3396 αὐτοῦ
2765 3340 2995 3417 ῥηθέντα
3030 3343 3104 3415 μή
3139 3343 3520 3421 φυλάσσοντες,
3556 3346 3846 3416 σώζονται,

2199 3428 2284 3485 ἐὰν
2338 3431 2412 3502 μή
2456 3431 2521 3484 τά
2569 3430 2798 3505 ῥηθέντα
2847 3431 3029 3494 αὐτοῖς
3077 3432 3405 3511 φυλάξωσιν.
3439 3438 3556 3490 Ὅτι
3587 3436 3676 3490 καὶ
3705 3437 3767 3491 τὸ
3798 3438 3847 3473 ⁸⁸

2196 3524 2415 3573 Μωυσεῖ
2470 3524 2747 3574 πιστεῦσαι
2803 3519 2997 3583 αὐτοὺς
3052 3522 3181 3597 ούχὶ
3235 3529 3335 3592 τῆς
3396 3523 3569 3579 αὐτῶν
3634 3524 3849 3600 βουλῆς

2194 3609 2433 3682 γέγονεν,
2467 3606 2612 3662 ἀλλά
2666 3613 2763 3663 τοῦ
2817 3614 2951 3664 Θεοῦ
3007 3615 3103 3664 τοῦ
3163 3611 3448 3687 εἰρηκότος
3508 3619 3726 3667 Μωϋσεῖ
3772 3617 3841 3650 η’

2196 3694 2332 3752 Ἰδοὺ
2381 3697 2748 3771 παραγίνομαι
2801 3696 2905 3774 ἐγὼ
2954 3700 3090 3772 πρὸς
3140 3700 3197 3754 σὲ
3248 3699 3299 3754 ἐν
3356 3700 3542 3773 στόλῳ
3590 3700 3847 3779 νεφέλτιςν

2187 3784 2279 3839 ’ίνα
2337 3785 2537 3858 ἀκούσῃ
2584 3786 2611 3839 ὁ
2670 3785 2801 3849 λαὸς
2861 3785 3161 3849 λαλοῦντός
3227 3810 3329 3861 μου
3410 3790 3546 3864 πρὸς
3614 3791 3690 3862 σὶ,
3751 3792 3845 3846 καί

2194 3895 2276 3928 σοι
2335 3876 2687 3928 πιστεύσωσιν
2742 3875 2818 3937 εἰς
2874 3875 2965 3929 τὸν
3021 3875 3210 3931 αἰῶνα.
3246 3878 3393 3933 Ἑπεῖ
3436 3877 3527 3931 οὗν
3561 3874 3835 3953 Ἑϐραίοις

2189 3983 2248 4017 τε
2302 3963 2392 4017 καὶ
2446 3966 2562 4023 τοῖς
2624 3963 2731 4017 ἀπὸ.
2787 3962 2949 4018 ἐθνῶν
3003 3963 3364 4038 κεκλημένοις
3395 3968 3456 4021 τὸ
3489 3964 3840 4031 διδασκάλοις

2192 4050 2450 4122 ἀληθείας
2479 4055 2755 4105 πιστεῦσαι
2790 4053 2849 4107 ἐκ
2880 4057 3012 4107 Θεοῦ
3043 4054 3287 4128 γέγονεν,
3317 4059 3425 4109 τῶν
3456 4053 3640 4110 καλῶν
3698 4056 3839 4131 πρά-

2190 4142 2319 4211 ξεων
2382 4138 2494 4212 ἰδίᾳ
2548 4140 2717 4217 κρίσει
2780 4142 2985 4215 ἑκάστῳ
3043 4149 3218 4197 ποιεῖν
3271 4142 3773 4217 ἀπολελειμμένων,
3807 4146 3837 4200 ὁ

2193 4230 2379 4303 μισθὸς
2436 4236 2549 4291 τοῖς
2606 4229 2662 4284 εὖ
2703 4229 2995 4304 πράσσουσι
3055 4228 3276 4293 δικαίως
3332 4230 3667 4289 ἀποδίδοται.
3704 4229 3840 4290 Οὕτι

2188 4320 2291 4394 γὰρ
2351 4319 2409 4373 ἃν
2466 4319 2759 4389 Μωϋσέως,
2819 4316 2940 4373 οὕτε
2998 4327 3097 4389 τῆς
3154 4326 3255 4375 τοῦ
3304 4322 3485 4392 Ἰησοῦ
3541 4322 3838 4399 παρουσίας

2188 4408 2350 4483 χρεία
2405 4404 2665 4481 ἤν,ε’ἒτερ
2724 4407 2811 4485 ἀφ’
2843 4407 3044 4463 ἑαυτῶν
3097 4410 3158 4463 τὸ
3204 4408 3427 4486 εὔλογον
3486 4416 3626 4466 νοεῖν
3677 4405 3837 4464 ἐϐού-

437 4497 638 4569 gistris
670 4495 955 4552 credendo
986 4511 1200 4565 eosque
1228 4492 1495 4549 dominos
1526 4495 1782 4550 vocando
1801 4494 1959 4550 salus
1993 4513 2079 4552 ac-

2207 4507 2371 4563 ιοντο,
2410 4494 2535 4551 οὐδὲ
2585 4495 2635 4550 ἐν
2666 4500 2744 4567 τῷ
2775 4497 3043 4551 πιστεύειν
3075 4495 3422 4561 διδασκάλοις
3470 4500 3559 4554 xui
3616 4499 3837 4573 κυρίους

438 4591 711 4731 qui?
764 4674 892 4729 ideo
950 4672 1020 4727 ab
1080 4671 1332 4727 Hebreis
1391 4670 1628 4742 quidem
1663 4671 1762 4744 qui
1818 4672 2073 4745 Moysem

502 4827 579 4899 (a)
612 4826 815 4883 Matth.
849 4843 967 4894 vm,
1004 4826 1063 4879 11
1094 4842 1107 4893 ;
1141 4825 1275 4879 Luc.
1309 4840 1433 4890 χιιι,
1465 4822 1554 4877 29.
1631 4822 1707 4894 (b)
1740 4824 1947 4879 Matth.
1980 4842 2072 4893 xx,
2108 4827 2194 4880 16.

2183 4584 2376 4647 αὖτοὺς
2407 4584 2610 4661 λέγειν,
2640 4586 2674 4655 ἡ
2708 4583 2955 4660 σωτηρία
2983 4585 3212 4660 γίνεται.

2256 4675 2346 4731 Vl.
2374 4674 2578 4730 Τούτου
2620 4674 2723 4751 γὰρ
2755 4676 2868 4749 (13)
2894 4670 3066 4729 ἕνεκεν
3120 4676 3224 4729 ἀπὸ
3278 4675 3371 4748 μὲν
3414 4673 3679 4755 Ἐϐραίων
3738 4677 3835 4733 τὸν

2272 4827 2341 4898 (c)
2373 4829 2548 4884 Exod.
2582 4845 2694 4899 χιχ,
2724 4829 2779 4883 9.

1789 4981 2028 5038 VARle
2066 4984 2365 5041 LECTION
2376 4986 2473 5042 ES.

504 5111 547 5145 ³⁷
575 5108 679 5162 ἀπὸ
735 5111 832 5161 τοῦ
886 5105 1058 5183 Τύρου
1115 5106 1176 5160 C.
1251 5105 1294 5140 ⁸³
1350 5122 1409 5156 τε
1461 5103 1526 5171 Ο,
1587 5103 1684 5209 qui
1744 5106 1991 5164 subinde
2049 5105 2171 5180 ἐμοὶ
2213 5105 2279 5162 τά
2327 5125 2375 5162 c.
2426 5109 2485 5171 S,
2524 5107 2591 5162 τὰ
2641 5106 2764 5181 ἐμοί
2812 5111 2871 5168 C.
2920 5112 3249 5171 Proximum
3290 5112 3380 5169 καί
3411 5132 3524 5172 non
3557 5118 3735 5173 estin
3766 5118 3837 5173 Ο,

510 5177 835 5209 ἓ...-..1-..-η-
895 5179 938 5209 Π
1036 5179 1081 5209 ιο
1136 5175 1409 5209 -..συνίης-ρ
1467 5178 1504 5209 (‘
1631 5179 1647 5209 1
1707 5174 1821 5209 Sans)
1884 5172 1937 5209 Μ
1993 5184 2026 5209 u
2110 5180 2152 5209 n
2232 5176 2417 5209 2-..2J
2478 5178 2517 5209 Π
2592 5182 2736 5209 τμη-ν.
2787 5187 2942 5209 _-:--
2999 5203 3022 5209 ,ι
3096 5188 3138 5209 n
3199 5194 3256 5209 --ι
3297 5191 3556 5209 ,-,M_A_,-A
3591 5196 3622 5209 η
3726 5188 3737 5209 ι
3776 5194 3812 5209 η

435 5182 479 5253 ἓθ
509 5177 837 5253 διηγήσασθε
895 5175 972 5234 Ο.’
1036 5179 1081 5253 φ
1135 5175 1409 5253 συστάσεις
1454 5178 1523 5253 .C.

1631 5174 1823 5260 intrrat
1884 5172 1941 5260 δέ
1993 5172 2173 5260 83:0,
2231 5176 2417 5260 ἐπειδή
2453 5178 2538 5260 AC.
2592 5172 2739 5260 Tum
2786 5187 2947 5260 τοῦτο
2994 5203 3043 5243 c.
3095 5188 3262 5260 0,7ut
3296 5191 3563 5260 proponit
3591 5188 3740 5260 8,716
3773 5172 3836 5244 C.

435 5252 486 5285 ⁴²
519 5244 743 5333 μετ’ἀἰτὸ
777 5258 841 5333 (ι),
875 5258 939 5305 ut
970 5251 1105 5333 Epit.
1140 5266 1188 5303 c.
1220 5250 1318 5333 62,.
1344 5244 1610 5333 μετὰιτοῦ.
1631 5247 1763 5333 Qin
1792 5244 2083 5333 textui'A’d
2108 5244 2278 5333 oram
2311 5244 2917 5333 Ott-obonianizydgu,
2949 5261 3006 5312 et
3054 5244 3223 5329 paulo
3275 5244 3451 5333 posti-.7
3480 5244 3834 5330 νοθευόμενα,

434 5317 587 5393 quod
622 5325 688 5376 ad
723 5317 1139 5392 subsequentia
1167 5324 1409 5390 spectat.
1489 5317 1531 5351 δε
1562 5321 1766 5391 Μωϋσῇ
1801 5318 1865 5375 Ο.
1945 5322 1990 5355 “
2015 5319 2077 5375 τό
2103 5322 2167 5390 Ο,
2204 5327 2266 5377 ut
2298 5321 2521 5379 mavult
2550 5331 2606 5392 ὃ,
2636 5326 2716 5394 τῷ
2745 5328 2803 5382 C.
2837 5317 2983 5384 Tum
3015 5321 3219 5403 Μωυσῇ
3270 5317 3333 5387 ὸ.
3412 5332 3456 5366 ιδ
3508 5317 3712 5405 Μωυσῇ
3763 5317 3831 5389 Οξ

1335 5536 1341 5541 _
1808 5471 2187 5529 VARIORUM
2220 5472 2451 5529 NOT/E.

497 5595 609 5673 (13)
639 5592 840 5651 Τούτου
872 5594 973 5673 γὰρ
1005 5614 1055 5651 κ.
1088 5614 1138 5648 τ.
1173 5589 1228 5649 λ.
1260 5591 1403 5649 Vide
1434 5608 1506 5650 ne
1537 5596 1806 5668 nugatori
1834 5597 2106 5657 Ebionaeo
2139 5598 2314 5656 ﬁdem
2344 5597 2583 5655 habeas.
2618 5598 2750 5661 Cor.
