4112 6344
212 355 335 414 2‘29

396 490 424 502 ~

1315 350 1846 412 CLEMENTlNA.
1884 384 1953 393 —
1989 352 2319 413 IIOMILlA
2368 354 2525 412 Vlll.

3507 357 3626 416 230

214 490 457 553 Ἃωῧσῆν
496 484 535 519 ί⁶
584 478 909 537 διδάσκαλον
976 484 1109 541 185
1176 481 1481 559 εἰληφότων
1537 480 1863 535 καλόπτεται

2004 492 2391 554 πίεοορὶοιτριϊι
2424 489 2791 555 acceperunt,
2809 485 3187 539 absconditur
3216 485 3386 542 Jesus
3414 502 3424 541 :
3450 488 3520 541 ab
3554 488 3626 543 iis

219 575 248 628 ὁ
273 575 513 641 Ἰησοῦς,
546 573 649 625 ἀπὸ
682 574 724 607 ⁵⁷
758 569 815 625 δὲ
842 576 920 641 τῷ
953 572 1131 639 ’1ησοῦ
1182 572 1611 625 πεπιστευκότων
1648 571 1675 623 6
1706 572 1872 625 Μωυ-

221 669 324 729 σῆς
382 661 806 733 ἀποκρύπτεται.
868 665 1008 720 Μιᾶς
1054 660 1155 734 γὰρ
1208 656 1277 712 δι’
1333 659 1654 735 ἀμφοτέρων
1723 655 1871 711 διδα-

223 749 449 810 σκαλίας
536 746 702 815 οὔσης
785 749 877 803 τὸν
962 747 1168 802 τούτων
1224 747 1332 801 τινὶ
1389 749 1433 782 ⁸⁸
1484 745 1876 800 πεπιστευκότα

223 838 253 894 6
296 840 425 899 Θεὸς
482 834 832 911 ἀποδέχεται.
890 834 1065 893 Ἀλλὰ
1119 835 1181 889 τὸ
1237 836 1504 890 πιστεόειν
1565 833 1876 906 διδασκάλῳ

220 925 379 1000 ἓγεκα
426 931 526 981 τοῦ
571 930 746 980 ποιεῖν
784 927 853 979 τὰ
903 924 1004 979 ὑπὸ
1052 928 1148 979 τοῦ
1178 927 1223 961 ⁴⁹
1252 928 1385 979 Θεοῦ
1425 922 1692 999 λεγόμενα
1736 922 1878 998 γίνε-

219 1037 336 1072 ται.
366 1019 488 1069 Ὅτι
521 1011 578 1069 δὲ
606 1015 758 1077 τοῦθ’
788 1013 962 1076 οὕτως
1011 1009 1148 1088 ἔχει,
1177 1012 1337 1074 αὐτὸς
1387 1014 1415 1066 6
1465 1011 1660 1087 Κύριος
1716 1014 1876 1084 ἡμῶν

221 1102 396 1179 λέγει·
458 1101 931 1178 Ἐξομολογοῦμαί
989 1104 1033 1138 ⁵ο
1091 1122 1197 1170 σοι,
1252 1103 1424 1177 Πάτερ
1490 1105 1586 1155 τοῦ
1652 1100 1881 1175 οὐρανοῦ

219 1194 314 1248 καὶ
373 1200 477 1262 τῆς
536 1195 661 1267 γῆς,
722 1191 804 1246 ὅτι
862 1190 1169 1267 ἀπέκρυψας
1229 1195 1395 1245 ταῦτα
1448 1191 1553 1244 ἀπὸ
1612 1194 1789 1267 σοφῶν
1836 1191 1877 1225 ⁸¹

220 1282 315 1336 καὶ
402 1276 802 1355 πρεσϐυτέρων,
861 1279 950 1333 καὶ
1034 1276 1381 1349 ἀπεκάλυψας
1458 1278 1591 1331 αὐτὰ
1663 1277 1881 1346 νηπίοις

223 1368 589 1439 θηλάζουσιν.
615 1369 801 1430 Οὕτως
833 1367 993 1428 αὐτὸς
1026 1369 1053 1421 6
1075 1367 1204 1428 Θεὸς
1234 1373 1353 1428 τοῖς
1387 1368 1481 1438 μὲν
1514 1364 1708 1442 ἔκρυψε
1740 1363 1884 1420 διδά-

225 1458 455 1529 σκαλον,
506 1458 579 1519 ὡς
645 1456 1054 1533 προεγνωκόσιν
1106 1455 1139 1509 ἃ
1190 1453 1272 1510 δεῖ
1337 1456 1606 1527 πράττειν,
1666 1462 1781 1517 τοῖς
1826 1453 1884 1509 δὲ

225 1547 607 1621 ἀπεκάλυψεν,
640 1547 714 1608 ὡς
746 1546 1028 1621 ἀγνοοῦσιν
1062 1544 1095 1599 ἃ
1125 1546 1238 1619 χρή
1271 1550 1462 1599 ποιεῖν.

302 1638 427 1693 VII.
461 1633 597 1689 Οὔτε
645 1634 737 1689 οὖν
766 1629 1011 1707 Ἑϐραῖοι
1062 1633 1185 1709 περὶ
1243 1631 1459 1708 ἀγνοίας
1493 1630 1671 1702 Ἰησοῦ
1722 1653 1883 1687 κατα-

227 1723 569 1794 δικάζονται,
602 1721 690 1778 διὰ
734 1722 828 1778 τόν
877 1721 1173 1797 κρύψαντα,
1224 1721 1309 1776 ἐάν
1358 1743 1420 1796 γε
1467 1722 1788 1796 πράττοντες
1821 1721 1888 1775 τὰ

227 1812 322 1868 διὰ
382 1814 657 1874 Μωυσέως
686 1815 755 1884 ⁸³,
786 1812 844 1867 ’ὀν
887 1811 1159 1886 ἠγνόησαν
1216 1812 1290 1884 μή
1325 1806 1791 1911 ι.διισ”ιςσωσιν·“οί5τν
1822 1810 1884 1864 αὖ
1916 1846 1965 1911 Β

228 1904 285 1957 οἱ
345 1902 439 1955 ἀπ’
499 1903 544 1937 ⁵⁸
599 1899 758 1954 ἐθνῶν
819 1899 1170 1975 ἀγνοήσαντες
1226 1899 1317 1953 τὸν
1361 1905 1594 1967 Μωυσῆν
1652 1896 1740 1953 διὰ
1794 1900 1884 1953 τὸν

225 1989 555 2063 καλύψαντα
608 1985 1078 2056 καταδικάζονται,
1112 1987 1199 2042 ἐάν
1258 2007 1358 2062 περ
1401 1990 1490 2041 καί
1539 1987 1690 2041 οὗτοι
1719 1987 1887 2063 πράσ-

229 2099 418 2141 σοντες
476 2078 539 2131 τὰ
597 2075 686 2132 διὰ
738 2081 835 2131 τοῦ
862 2078 1040 2145 Ἰησοῦ
1098 2075 1328 2151 ῥηθέντα
1381 2076 1455 2148 μή
1492 2078 1793 2147 μισήσωσιν
1827 2076 1884 2130 ’ὸν

229 2168 542 2242 ἠγνόησαν.
578 2166 679 2223 Καὶ
709 2165 809 2220 οὐκ
860 2164 911 2219 ἐν
956 2169 1034 2236 τῷ
1083 2162 1210 2225 τοὺς
1263 2161 1619 2218 διδασκάλους
1667 2164 1888 2237 κυρίους

230 2256 451 2325 καλεῖν,
482 2256 551 2309 τὰ
607 2252 663 2308 δὲ
703 2252 914 2309 δούλων
978 2254 1051 2327 μὴ
1103 2257 1298 2321 ποιεῖν,
1331 2250 1667 2330 ὠφελοῦνταί
1722 2273 1885 2314 τινες.

232 2344 446 2399 Τούτου
505 2344 610 2419 γάρ
658 2340 833 2397 ἕνεκεν
884 2343 912 2397 6
959 2343 1172 2411 Ἰησοῦς
1220 2344 1379 2414 ἡμῶν
1432 2341 1565 2417 πρός
1612 2362 1733 2396 τινα
1788 2363 1889 2395 πυ-

232 2432 498 2507 κνότερον
552 2432 751 2503 Κύριον
802 2430 959 2484 αὐτὸν
1011 2427 1260 2502 λέγοντα,
1299 2426 1469 2501 μηδὲν
1520 2426 1575 2483 δὲ
1630 2435 1892 2484 ποιοῦντα

233 2524 312 2576 ὧν
373 2520 533 2581 αὐτὸς
590 2520 912 2595 προσέταξεν
945 2522 1011 2590 ⁸⁸,
1044 2517 1169 2595 ἔφη’
1211 2517 1271 2571 Τί
1334 2538 1400 2589 με
1457 2516 1655 2592 λέγεις,
1708 2518 1887 2594 Κύριε,

236 2610 432 2685 Κύριε,
489 2609 578 2662 καὶ
636 2608 698 2663 οὐ
755 2613 932 2669 ποιεῖς
991 2607 1023 2661 ἃ
1073 2606 1254 2682 λέγω;
1316 2606 1389 2660 Οὐ
1454 2607 1554 2681 γάρ
1615 2605 1888 2684 ὠφελήσει

232 2701 364 2754 τινά
420 2700 485 2752 τὸ
544 2696 737 2773 Αέγειν,
770 2696 915 2751 ἀλλὰ
970 2697 1033 2750 τὸ
1094 2701 1292 2753 ποιεῖν.
1336 2697 1427 2749 Ἐκ
1481 2698 1678 2758 παντὸς
1737 2698 1890 2753 186

238 2789 334 2841 οὖν
364 2786 574 2861 τρόπου
622 2783 806 2840 καλῶν
859 2781 1026 2859 ἔργων
1078 2784 1259 2859 χρεία.
1296 2783 1445 2851 Πλὴν
1474 2781 1526 2838 εἷ’
1546 2805 1627 2845 τις
1657 2787 1701 2820 ⁵⁵
1729 2806 1889 2839 κατα-

236 2875 464 2947 ξιωθείη
517 2874 642 2935 τοὺς
690 2872 1030 2951 ἀμφοτέρους
1094 2873 1383 2947 ἐπιγνῶναι
1443 2873 1516 2935 ὡς
1565 2880 1690 2945 μιᾶς
1742 2871 1889 2928 διδα-

238 2964 473 3025 σκαλίας
540 2964 629 3017 ὑπ’
685 2962 859 3015 αὐτῶν
913 2962 1347 3034 κεκηρυγμένης,
1409 2961 1566 3024 οὗτος
1642 2962 1777 3037 ἀνὴρ
1838 2962 1889 3016 ἐν

239 3058 362 3124 Θεῷ
406 3052 671 3112 πλούσιος
732 3051 1158 3122 κατηρίθμηται,
1206 3052 1273 3103 τὰ
1312 3071 1371 3104 τε
1428 3051 1631 3126 ἀρχαῖα
1677 3051 1769 3105 νέα
1814 3056 1892 3124 τῷ

239 3142 455 3217 χρόνῳ,
491 3140 581 3195 καὶ
611 3140 678 3194 τὸ.
704 3140 860 3195 καινὰ
889 3138 1097 3194 παλαιὰ
1121 3134 1247 3192 ὄντα
1276 3140 1570 3207 νενοηκὼς.

312 3320 465 3375 VIII.
496 3322 670 3372 Ταῦτα
713 3321 811 3372 τοῦ
858 3317 1064 3390 Πέτρου
1096 3313 1372 3391 λέγοντος,
1406 3318 1456 3370 οἱ
1488 3312 1674 3392 ὄχλοι,
1709 3317 1889 3392 ὥσπερ

242 3408 351 3462 ὑπό
409 3427 555 3468 τινος
610 3404 922 3475 κληθέντες,
980 3404 1222 3476 εἰσῄεσαν
1284 3400 1407 3458 ἔνθα
1462 3407 1490 3458 6
1543 3401 1744 3481 Πέτρος
1800 3409 1888 3475 ἦν,

235 3504 294 3550 ,Ο
354 3494 399 3513 «ι
501 3497 514 3513 ς
720 3495 731 3510 ι
840 3490 865 3509 ν
1067 3493 1079 3513 ν
1134 3494 1146 3509 η
1253 3493 1278 3513 υ
1684 3500 1709 3509 ~
1764 3495 1789 3515 υ

349 3508 409 3550 οε
462 3517 554 3549 τον
603 3494 775 3549 πολυν
837 3493 1009 3568 οχλον
1069 3491 1194 3547 ιδων
1241 3514 1419 3569 ωσπερ
1462 3515 1713 3566 ποταςκιου
1758 3517 1890 3565 ησυ-

236 3605 349 3659 χον
408 3583 580 3658 ῥεῦμα
637 3584 823 3657 πράως
892 3582 1244 3656 προσρέοντα,
1298 3579 1397 3659 ἔφη
1474 3583 1551 3654 τῷ
1616 3585 1888 3659 Μαροόνῃο

242 3677 363 3727 Ποῦ
394 3692 481 3726 σοι
510 3671 678 3732 τόπος
727 3670 945 3725 ἐνταῦθα
997 3668 1207 3742 μᾶλλον
1255 3669 1380 3732 τοὺς
1427 3666 1631 3747 ὄχλους
1687 3680 1889 3748 χωρεῖν

240 3761 708 3833 δ’)ντὶμενος;τοῦ
766 3757 823 3813 δὲ
852 3762 896 3795 ⁵⁵
936 3758 1218 3834 Μαροόνου
1278 3759 1352 3821 εἷς
1411 3760 1577 3814 τόπον
1633 3762 1890 3834 ὕπαιθρον

237 3851 653 3921 κεχηπευμένον
713 3847 1047 3922 προάγοντος
1104 3847 1284 3920 αὐτὸν,
1348 3846 1557 3904 ε’ίποντο
1605 3852 1656 3904 0i
1701 3847 1887 3926 ὄχλοι.

238 3942 301 3992 Ὀ
358 3935 416 3991 δὲ
470 3937 663 4007 Πέτρος
714 3936 799 3990 ἐπί
844 3955 990 3996 τινος
1038 3934 1243 4010 βάσεως
1292 3933 1601 4011 ἀνδριάντος
1645 3939 1706 3993 οὐ
1755 3941 1892 3996 πάνυ

244 4024 475 4099 ὑψηλῆς
504 4028 568 4096 ⁸³,
600 4025 837 4089 ἐπιστὰς,
873 4026 984 4096 ἅμα
1021 4029 1101 4095 τῷ
1149 4024 1239 4077 τὸν
1282 4019 1454 4099 ὄχλον
1506 4023 1743 4089 θεοσεϐεῖ
1789 4028 1893 4085 ἔθει

244 4112 703 4189 προσαγορεῦσαι,
750 4110 907 4174 εἰδὼς
974 4110 1221 4174 πολλοὺς
1279 4112 1338 4167 ἐκ
1384 4119 1489 4167 τῶν
1535 4119 1894 4189 παρεστώτων

246 4200 445 4279 ὄχλων
477 4204 577 4256 ὑπὸ
608 4199 877 4274 δαιμόνων
913 4222 971 4256 τε
1015 4202 1103 4255 καὶ
1154 4200 1380 4257 πολλῶν
1427 4205 1607 4258 παθῶν
1652 4205 1710 4261 ἐκ
1758 4207 1897 4263 πολ-

247 4294 369 4349 λῶν
427 4292 643 4367 χρόνων
695 4288 1151 4365 ἐνοχλουμένους,
1197 4290 1497 4365 βρύχοντάς
1537 4314 1595 4347 τε
1654 4297 1769 4366 μετ’
1812 4296 1895 4350 οἲ-

246 4388 450 4455 μωγῆς
534 4380 623 4434 καὶ
709 4378 1005 4440 πίπτοντας
1094 4380 1212 4451 μεθ’
1271 4380 1494 4449 ἱκεσίας,
1573 4380 1901 4457 ἐπιτιμήσας

242 4470 439 4530 αὐτοῖς
496 4469 586 4523 καὶ
646 4467 881 4544 ἡσυχίαν
936 4467 1081 4543 ἔχειν
1140 4469 1441 4541 προστάξας
1470 4469 1559 4524 καὶ
1610 4473 1709 4541 τήν
1762 4471 1897 4527 ἱᾶσιν

1985 588 2115 625 vero
2149 572 2246 641 qui
2282 573 2338 626 in
2371 573 2573 626 Jcsum
2615 572 3002 639 crediderunt,
3035 574 3223 629 Moses
3278 575 3623 634 occultatur.

1983 666 2122 715 Cum
2175 661 2328 715 enim
2381 678 2498 715 una
2547 661 2622 716 sit
2670 678 2768 732 per
2816 668 3132 734 utrumque
3172 663 3457 729 doctrina,
3490 681 3623 720 eum

1987 750 2088 821 qui
2120 748 2424 804 alterutrui
2457 750 2637 805 credit
2667 751 2867 821 recipit
2899 752 3070 806 Deus.
3106 756 3319 807 Verum
3369 755 3511 808 ﬁdes
3564 755 3625 809 in

1989 839 2335 909 magistrum
2370 839 2496 893 ideo
2528 847 2632 905 est,
2665 845 2727 893 ut
2759 850 2884 910 quae
2917 858 2950 895 a
2980 841 3095 895 Deo
3141 842 3293 895 dicta
3324 848 3461 896 sunt
3491 860 3626 914 per-

1989 933 2255 998 agantur.
2291 928 2448 990 Quod
2492 934 2685 982 autem
2721 928 2825 982 hoc
2858 928 2937 982 ita
2987 946 3048 983 se
3080 929 3312 993 habeat,
3345 930 3469 1002 ipse
3517 930 3626 985 Do-

1991 1017 2189 1071 minus
2219 1021 2416 1071 noster
2445 1016 2525 1071 ait
2552 1033 2563 1071 :
2599 1018 2871 1083 Conﬁteor
2901 1018 3193 1081 tibi,Patcr
3220 1020 3346 1074 caeli
3370 1029 3419 1073 et
3448 1023 3626 1087 terrae,

1990 1107 2122 1177 quia
2178 1106 2503 1160 abscondisti
2561 1105 2676 1161 haec
2713 1121 2745 1157 a
2799 1107 3139 1175 sapientibus
3197 1111 3248 1161 et
3302 1110 3628 1175 senioribus,

1991 1198 2039 1248 et
2069 1194 2323 1249 revelain
2350 1210 2415 1247 ea
2436 1193 2695 1264 parvulis
2726 1194 3053 1248 lactentibus
3081 1195 3179 1264 (a).
3202 1195 3294 1250 Sic
3324 1196 3475 1251 Deus
3505 1197 3629 1268 ipse

1992 1282 2108 1337 illis
2136 1282 2369 1351 quidem
2405 1282 2707 1336 abscondit
2730 1282 3124 1349 doctorem,ut
3147 1284 3465 1354 quiscirent
3491 1302 3617 1357 quas

1991 1371 2471 1438 essentfarienda,
2529 1370 2618 1424 his
2673 1387 2806 1424 vero
2866 1372 3155 1437 revelavit,
3215 1377 3278 1427 ut
3336 1374 3435 1444 qui
3496 1392 3625 1446 quae

1994 1476 2164 1532 agere
2193 1464 2455 1531 oporteat
2486 1458 2838 1531 ignorarent.

2064 1637 2394 1707 Vll.Neque
2421 1653 2556 1707 ergo
2584 1636 2801 1691 Hebraei
2826 1638 2893 1691 de
2938 1637 3303 1708 ignoratione
3348 1641 3485 1692 Jesu
3507 1655 3638 1693 con-

1998 1727 2612 1797 demnantur,propter
2638 1742 2769 1780 eum
2805 1726 2898 1796 qui
2934 1726 3335 1796 abscondit,si,
3362 1727 3634 1783 facientes

1999 1834 2029 1870 a
2060 1820 2248 1886 Moyse
2291 1815 2643 1886 praescripta,
2679 1830 2851 1884 quem
2888 1814 3156 1869 nesciunt
3204 1816 3335 1870 odio
3368 1833 3479 1870 non
3534 1816 3636 1871 ha-

1998 1905 2170 1959 beant
2198 1920 2212 1956 :
2237 1919 2423 1973 neque
2452 1919 2683 1957 rursum
2706 1902 2802 1974 qui
2824 1919 2890 1956 ex
2911 1904 3181 1973 gentibus
3216 1906 3451 1971 sunt,de
3483 1904 3641 1975 igno-

1997 1998 2121 2047 rato
2151 1996 2341 2064 Moyse
2372 1992 2857 2061 condemnentur,
2892 1996 3126 2062 propter
3153 2009 3286 2047 eum
3318 1992 3415 2062 qui
3448 1991 3638 2047 occul-

1997 2081 2159 2147 tavit,
2194 2081 2241 2134 si
2275 2085 2332 2135 et
2364 2080 2478 2152 ipsi
2512 2096 2613 2151 per
2644 2079 2943 2134 Christum
2975 2080 3127 2134 dicta
3162 2080 3636 2152 facientes,quem

1998 2170 2268 2241 ignorant
2297 2169 2429 2224 odio
2460 2184 2573 2223 non
2608 2174 3057 2239 prosequantur.
3087 2168 3362 2241 Nihilque
3383 2169 3638 2241 cuipiam

1999 2257 2274 2329 proderit,
2309 2257 2608 2328 magistris
2661 2272 2873 2311 nomen
2905 2256 3279 2333 dominorum
3332 2258 3489 2321 dare,
3524 2273 3640 2311 non

2000 2346 2186 2400 facere
2216 2351 2411 2399 autem
2462 2362 2634 2415 opera
2665 2362 2986 2399 servorum.
3021 2345 3165 2400 Nam
3218 2346 3434 2399 idcirco
3472 2346 3643 2401 Jesus

2001 2440 2199 2489 noster
2228 2435 2297 2488 ad
2332 2434 2769 2504 quemdam,qui
2803 2450 2933 2487 cum
2971 2434 3300 2503 frequenter
3332 2435 3642 2488 Dominum

1998 2524 2259 2591 vocabat,
2294 2522 2437 2577 nihil
2474 2529 2664 2575 tamen
2698 2522 2768 2575 ab
2800 2538 2866 2575 eo
2898 2522 3306 2575 mandatorum
3351 2522 3596 2576 faciebat
3628 2538 3641 2577 :

2003 2613 2161 2680 Quid,
2212 2612 2422 2682 inquit,
2475 2612 2611 2665 mihi
2652 2610 2808 2674 dicis,
2862 2612 3107 2679 Domine,
3161 2612 3404 2675 Domine,
3437 2619 3488 2666 ct
3534 2626 3643 2667 non

2000 2704 2138 2767 lacis
2168 2715 2293 2772 quae
2322 2700 2439 2753 dico
2470 2700 2543 2769 (b)
2565 2699 2898 2754 PNeminem
2934 2699 3146 2768 quippe
3170 2700 3399 2765 juvabit
3430 2700 3640 2765 dicere,

2002 2791 2099 2844 scd
2139 2792 2340 2844 facere.
2376 2788 2544 2843 Omni
2580 2788 2771 2856 itaque
2804 2788 2974 2841 modo
3005 2804 3151 2857 opus
3183 2795 3270 2841 est
3303 2788 3467 2842 bonis
3501 2804 3643 2859 ope-

2003 2878 2475 2934 ribusCaaterum
2510 2876 2556 2929 si
2590 2876 2679 2930 cui
2714 2876 2993 2930 donatum
3028 2875 3216 2941 fuerit,
3251 2881 3306 2929 et
3356 2880 3557 2930 Jesum
3587 2881 3645 2931 et

2003 2968 2257 3039 Moysem
2318 2980 2682 3035 cognoscere,
2742 2969 3020 3034 tanquam
3081 2981 3197 3017 una
3252 2965 3512 3019 doctrina
3568 2966 3642 3021 ab

2005 3062 2248 3126 utroque
2282 3052 2710 3123 prmdicata,hic
2740 3056 2825 3107 vir
2857 3053 2913 3105 in
2947 3053 3062 3107 Deo
3093 3053 3251 3106 dives
3283 3054 3640 3120 censebitur,

2004 3146 2103 3216 qui
2134 3150 2323 3200 vetera
2358 3160 2502 3198 nova
2532 3145 2873 3213 tempore,et
2898 3158 3066 3209 nova,
3100 3158 3226 3212 quae
3256 3146 3447 3197 vetera
3476 3144 3639 3210 sunt,

1921 3206 1963 3272 Ο
2002 3206 2275 3305 intelligit
2301 3232 2391 3302 (ε).

2070 3325 2217 3378 Vlll.
2251 3322 2379 3375 Hine
2410 3321 2575 3375 Petro
2607 3318 2833 3372 dicente
2864 3318 3056 3372 omnis
3098 3318 3433 3384 multitudo,
3467 3319 3637 3389 quasi

2000 3414 2071 3469 ab
2103 3412 2298 3482 aliquo
2329 3414 2580 3475 evocata,
2615 3407 2876 3476 ingressa
2907 3412 2996 3460 est
3027 3406 3123 3459 ubi
3155 3412 3280 3462 erat
3314 3408 3532 3462 Petrus.
3567 3408 3640 3464 Ut

2001 3509 2191 3558 autem
2228 3499 2323 3553 ille
2350 3498 2492 3552 vidit
2513 3494 2894 3564 turbus,velut
2925 3495 3115 3548 amnis
3138 3495 3427 3564 placidum
3462 3496 3643 3552 fluen-

2001 3598 2124 3647 tum
2158 3589 2364 3644 leniter
2410 3589 2822 3645 commeantes,
2856 3583 3001 3637 dixit
3049 3583 3305 3637 Marooni
3341 3600 3352 3637 :
3391 3584 3493 3638 Ubi
3546 3586 3639 3642 hic

2002 3679 2104 3735 tibi
2142 3678 2303 3732 locus
2338 3674 2554 3746 est.qui
2588 3673 2772 3744 magis
2804 3673 2988 3743 possit
3017 3688 3218 3742 capere
3250 3672 3398 3725 hanc
3444 3673 3639 3727 mulli-

2002 3768 2266 3823 tudinem
2288 3765 2393 3819 ?Et
2426 3764 2695 3818 Maroone
2722 3761 3041 3815 deducente
3063 3776 3195 3813 eum
3226 3760 3284 3813 in
3316 3761 3641 3817 subdialem

2008 3858 2174 3913 horto
2205 3854 2497 3909 excultum
2527 3851 2743 3914 locum,
2776 3855 2987 3904 secutze
3021 3854 3159 3903 sunt
3205 3850 3407 3902 turbaz.
3442 3849 3643 3904 Petrus

2007 3950 2197 4000 autem
2232 3959 2408 4013 super
2437 3942 2623 3995 basim
2674 3945 2877 3993 statua:
2912 3955 3023 3992 non
3068 3938 3134 3990 ad
3171 3938 3407 3991 modum
3459 3938 3645 3993 excel-

2006 4052 2130 4091 sam
2182 4031 2527 4093 consistens,
2561 4027 2736 4083 simul
2785 4032 2957 4097 atque
3008 4026 3286 4096 populum
3320 4042 3477 4081 more
3511 4026 3643 4081 reli-

2006 4124 2169 4197 gioso
2217 4120 2549 4181 salutasset,
2580 4117 2783 4170 videns
2834 4115 3051 4170 multos
3100 4115 3347 4169 astantis
3396 4114 3581 4185 plebis
3610 4133 3646 4171 a

2007 4211 2369 4267 daemonibus
2386 4212 2442 4262 et
2471 4206 2739 4278 pluribus
2772 4204 3132 4273 morbisjam
3165 4204 3263 4258 diu
3283 4202 3643 4270 molestatos.

2009 4318 2071 4355 ac
2103 4300 2348 4354 stridere
2378 4313 2511 4351 cum
2544 4294 2785 4363 ulalatu,
2821 4298 2877 4348 et
2907 4292 3201 4363 procidere
3252 4309 3385 4347 eum
3419 4292 3649 4364 suppli-

2010 4390 2258 4454 catione,
2292 4384 2592 4456 increpitis
2625 4382 2716 4448 iis,
2751 4382 3169 4452 silentiumque
3216 4381 3645 4452 tenerejussis,

2010 4494 2114 4532 nec
2144 4494 2256 4531 non
2291 4474 2586 4547 pollicitus
2615 4471 2969 4527 curationem
2989 4475 3116 4542 post
3150 4470 3416 4525 habitum
3433 4486 3649 4525 sermo-

247 4560 393 4631 μετὰ
420 4559 483 4612 τὸ
512 4555 869 4633 διαλεχθῆναι
902 4555 1306 4631 ὑποσχόμενος,
1334 4563 1433 4613 τοῦ
1491 4560 1666 4635 Λέγειν
1699 4558 1888 4635 ἤρξατε

2004 4582 2159 4633 nem,
2192 4565 2275 4619 ita
2305 4562 2465 4635 loqui
2498 4562 2671 4633 ccepit
2703 4578 2715 4615 :

244 4648 455 4709 οὕτως·

326 4742 418 4793 IX.
454 4735 794 4811 Ἀρχόμενος
838 4734 929 4790 τόν
983 4735 1113 4811 ὑπὲρ
1164 4730 1462 4797 θεοσεϐείας
1513 4734 1673 4813 λόγον
1734 4744 1901 4794 ποιεῖ-

247 4828 375 4880 σθαι
434 4831 552 4887 τοῖς
607 4824 885 4887 παντελῶς
943 4826 1196 4899 civi/005m
1250 4825 1317 4878 τὰ
1374 4827 1417 4862 ⁵⁸
1446 4825 1635 4894 πάντα,
1660 4828 1748 4882 καὶ
1798 4829 1900 4883 ὑπὸ

244 4919 361 4970 τῶν
393 4919 491 4969 τοῦ
520 4914 891 4989 ἀντικειμένου
921 4916 1055 4985 ἡμῖν
1110 4913 1364 4986 Σίμωνος
1425 4909 1695 4969 διαϐολῶν
1758 4915 1902 4970 ἐσπι-

249 5003 531 5076 λωμένοις
580 5004 672 5058 τὸν
730 5008 878 5071 γοῦν,
935 5003 1219 5078 ἀναγκαῖον
1283 5004 1577 5077 ἡγησάμην
1661 5009 1899 5080 πρῶτον,

251 5092 389 5166 ὑπὲρ
440 5096 537 5145 τοῦ
593 5094 667 5165 μὴ
718 5090 826 5146 δεῖν
871 5091 1172 5169 μέμφεσθαι
1218 5091 1307 5144 τὸν
1358 5091 1424 5145 τά
1467 5092 1638 5145 πάντα
1668 5114 1901 5164 πεποιη-

326 5193 401 5261 (α)
434 5191 633 5247 Matth.
666 5208 743 5258 XI,
776 5192 866 5247 25.
943 5193 1019 5262 (ὁ)
1052 5189 1253 5245 Matth.
1287 5206 1384 5257 v11,
1418 5191 1508 5245 21.

2084 4746 2170 4798 IX.
2198 4740 2488 4812 Incipiens
2519 4739 2589 4794 de
2615 4754 2749 4794 vero
2775 4737 2874 4793 Dei
2906 4736 3063 4792 cultu
3099 4737 3284 4791 facere
3319 4751 3648 4791 sermonem

2011 4834 2079 4887 ad
2116 4849 2212 4885 eos
2247 4830 2344 4900 qui
2382 4829 2614 4900 penitus
2644 4828 2915 4897 ignorant
2945 4826 3161 4889 omnia,
3196 4840 3443 4894 quorum
3486 4840 3654 4879 mens

2013 4938 2114 4993 per
2145 4918 2453 4973 adversarii
2486 4917 2665 4971 nostri
2692 4914 2947 4970 Simonis
2970 4913 3295 4968 calumnias
3319 4914 3526 4967 l‘cedata
3545 4918 3656 4977 est,

2013 5007 2407 5063 necessarium
2440 5005 2598 5074 duxi,
2632 5004 2821 5076 primo
2856 5019 3185 5058 sermonem
3220 5001 3430 5055 habere
3460 5000 3531 5053 de
3562 5015 3653 5061 eo.

2014 5098 2166 5169 quod
2203 5113 2315 5151 non
2365 5098 2627 5166 oporteat
2658 5093 2918 5148 omnium
2968 5098 3282 5146 creatorem
3314 5088 3495 5144 Deum
3530 5087 3657 5142 cul-

1586 5193 1656 5263 (c)
1690 5194 1886 5248 Matth.
1920 5212 2042 5262 xm,
2073 5196 2163 5250 52.

1604 5289 1847 5345 VARI/1‘3
1887 5290 2297 5347 LECTIONES.

327 5377 372 5411 δε
399 5376 555 5447 Nihil
590 5378 935 5433 mutandum
969 5377 1049 5431 Cf.
1086 5376 1221 5430 Lob.
1248 5446 1251 5447 ν
1276 5377 1482 5447 Phryn.
1536 5394 1591 5447 p.
1646 5380 1766 5432 156.
1801 5380 2095 5435 Habemus
2143 5379 2204 5435 in
2253 5378 2607 5433 Clementinis
2652 5376 2825 5431 etiam
2877 5376 3134 5431 dativum
3167 5374 3322 5429 hom.
3349 5372 3648 5447 111111.418.

244 5448 309 5503 S.
343 5449 387 5481 ‘7
558 5448 621 5523 Π,
671 5452 753 5523 O,_
785 5447 885 5501 ὑπό
934 5449 995 5503 C.
1047 5448 1193 5523 Tum
1215 5446 1296 5523 “in
1331 5442 1406 5523 Q;
1439 5442 1555 5516 τοῦ,
1608 5466 1763 5523 man.
1814 5468 1928 5506 sec.
1980 5469 2159 5523 supra
2184 5447 2288 5523 fui}
2338 5456 2469 5523 ante
2513 5451 2731 5523 ἶΙησοῦη
2760 5465 2872 5523 ap._
2902 5447 2961 5523 CI
2995 5442 3365 5523 1G)v““_1v.voi
3486 5444 3530 5478 ‘9
3557 5447 3652 5523 τοῦ

243 5520 468 5598 gmz-Q.
497 5521 542 5598 5.0
571 5512 1004 5598 ἐξο-μολογοιῖμεν
1039 5519 1177 5598 Ο.ξ¹
1202 5512 1770 5598 ’ξκριυψάςλταῦταιάπρ
1800 5526 1977 5598 σοφῶν
2009 5512 2191 5598 βῘ-καί
2224 5512 2431 5598 copula
2460 5512 2631 5598 etiam
2666 5512 2832 5598 adest
2860 5519 2915 5573 iu
2948 5518 3069 5598 Lac.
3211 5518 3279 5598 TI;
3310 5517 3373 5598 δῖ
3395 5514 3649 5598 Minucio:

242 5591 315 5665 Ο,
416 5589 521 5644 ἀπό
552 5586 619 5647 U.
722 5586 1074 5665 προσέτασσεν
1096 5590 1255 5665 ﬁt“?
1276 5586 1482 5665 si'1icp
1513 5607 1561 5665 c_.
1597 5591 1703 5665 _Cl.,
1802 5586 1887 5655 τις
1914 5597 1975 5652 C.
2008 5595 2051 5632 ⁵⁸
2084 5590 2139 5649 δέ
2170 5586 2470 5650 οω.’Τυω
2500 5590 2663 5647 τόπον
2702 5592 2845 5665 Epit.
2882 5607 2932 5647 ο.
2976 5591 3066 5661 62,
3098 5588 3188 5643 τόν
3241 5588 3301 5661 C,
3334 5587 3398 5645 Ο.
3434 5587 3652 5645 Deinde

243 5659 411 5719 αὐτόν
440 5678 554 5721 om.
587 5666 632 5721 υ
657 5664 699 5699 ⁸“¹
736 5656 818 5720 Ita
844 5667 888 5720 Ο
916 5680 965 5721 c.
998 5666 1055 5733 8,
1089 5656 1291 5737 ὑψιλῆς
1324 5664 1384 5720 C.
1418 5662 1460 5697 ⁵⁸
1490 5660 1558 5717 τά
1581 5656 1828 5722 deestin
1860 5666 1925 5724 Ο.
