4112 6344
482 322 593 382 231

1326 325 1390 383 S.
1437 319 1879 383 CLEMENTIS
1926 317 1949 380 ι
1999 321 2187 381 ROM.
2236 316 2465 383 PONT.
2514 321 2773 385 OPERA
2817 319 3079 387 DUBlA.

3769 328 3892 394 232

482 469 642 527 pare,
675 470 793 509 non
842 451 1081 510 aliunde
1130 453 1437 527 incipiens,
1487 470 1662 526 quam
1709 454 1781 511 ab
1829 452 1946 509 ista
1992 469 2108 525 qua

2233 451 2364 507 κότα
2393 453 2520 509 Θεὸν
2552 456 2597 491 ⁵⁸
2624 454 2714 509 τὸν
2753 451 2915 530 λόγον
2936 456 3376 530 ποιήσασθαι,τὸν
3410 461 3556 518 187
3585 461 3685 516 οὐκ
3714 460 3889 517 ἄλλος

483 542 853 617 providenter
880 543 952 599 ab
983 560 1049 600 eo
1080 549 1405 616 opportune
1443 544 1710 615 subjecta
1740 542 1850 599 fuit
1877 541 2123 611 occasio,

481 638 546 688 ut
578 636 963 704 cognoscatur
979 633 1133 705 quod
1165 641 1319 689 recta
1335 632 1559 689 ratione
1581 632 1910 704 complures
1926 648 1961 687 a
1981 630 2128 686 mul-

485 721 560 777 tis
589 721 954 778 daemonibus
970 721 1191 778 obsessi
1212 726 1352 777 sunt
1375 727 1433 778 et
1450 739 1483 777 a
1498 721 1742 778 diversis
1756 719 2127 776 difficilibus-

484 827 598 883 que
631 811 852 867 morbis
881 810 1384 884 comprehensi,ut
1412 827 1514 884 per
1543 810 1651 866 hoc
1681 825 1914 882 quoque
1942 826 2126 882 appa-

482 905 605 955 reat
626 899 859 971 justitia
889 900 1010 956 Dei.
1036 901 1101 956 Et
1130 900 1230 973 qui
1263 917 1365 972 per
1391 899 1787 972 ignorantiam
1813 897 1981 954 illum
2030 914 2125 955 ac-

482 993 787 1057 cusarunt,
820 988 869 1044 si
900 1005 1078 1056 nunc,
1112 989 1406 1045 discentes
1440 988 1582 1062 quid
1615 988 1985 1045 sentiendum
2026 988 2123 1052 sit,

482 1094 583 1150 per
612 1078 824 1133 bonam
872 1078 1342 1150 praedicationem
1374 1083 1433 1135 et
1479 1077 1631 1134 bona
1660 1093 1836 1149 opera
1864 1094 1898 1133 a
1944 1076 2123 1149 priori

480 1167 725 1222 crimine
754 1183 818 1223 se
848 1172 1131 1237 revocent,
1169 1183 1408 1223 causam
1460 1166 1598 1223 mali
1631 1165 1907 1222 facinoris
1953 1166 2124 1238 igno-

479 1255 702 1327 rantiae,
734 1259 800 1311 ut
828 1255 1056 1311 veniam
1087 1259 1545 1327 consequantur,
1574 1254 1953 1311 ascribentes.

546 1436 617 1488 X.
656 1435 738 1489 Ita
765 1449 899 1489 vero
929 1433 1106 1489 habet
1136 1449 1150 1489 :
1181 1436 1323 1488 Cum
1369 1432 1545 1501 Deus,
1578 1432 1677 1503 qui
1717 1431 1880 1488 solus
1930 1433 2120 1489 bonus

472 1526 582 1590 eat,
618 1525 833 1576 cuncta
863 1522 1010 1577 bene
1049 1526 1300 1578 creasset
1331 1538 1396 1577 ac
1426 1521 1647 1578 homini
1678 1521 1751 1576 ad
1800 1520 2119 1593 imaginem

482 1626 650 1664 suam
685 1610 833 1665 facto
863 1610 1222 1677 tradidisset,
1254 1611 1305 1665 is
1335 1609 1511 1666 homo
1537 1609 1855 1665 conditoris
1886 1610 1976 1665 sui
2008 1610 2122 1683 spi-

476 1714 613 1753 rans
646 1697 1172 1763 divinitatem,cum
1203 1702 1357 1754 esset
1384 1714 1555 1754 verus
1585 1697 1868 1770 prepheta
1895 1703 1952 1753 et
1983 1697 2119 1753 uni-

2238 550 2321 604 θεν
2354 540 2685 617 ἀρχόμενος,
2717 544 2751 611 ἢ
2786 542 2870 597 ἀα’
2899 543 3065 613 αὐτῆς
3093 552 3193 615 τῆς
3220 548 3355 602 κατά
3383 548 3641 623 πρόνοιαν
3678 551 3764 605 ὑπ’
3794 552 3889 606 αὐ-

2234 634 2331 684 τοῦ
2362 630 2627 706 εὐκαίρως
2670 626 3073 703 ὑποϐληθείσης
3117 635 3461 714 προφάσεως’
3497 636 3591 694 ’ἶνα
3636 642 3877 714 γνωσθῇ,

2236 718 2311 781 ὡς
2342 716 2587 795 εὐλόγως
2617 720 2670 775 οἳ
2701 718 2905 776 πολλοὶ
2938 721 3041 777 ὑπὸ
3072 722 3296 779 πολλῶν
3325 722 3598 799 δαιμὸνων
3630 749 3884 804 συνεσχε-

2235 808 2401 878 θησαν
2458 809 2547 864 καὶ
2610 809 2711 865 ὑπὸ
2769 808 3086 866 ἀλλοκότων
3153 818 3336 877 παθῶν
3408 813 3823 893 κατελήφθησαν
3859 862 3879 887 ,

2235 894 2384 959 ὅπως
2432 898 2521 953 καὶ
2568 896 2620 953 ἓν
2669 897 2848 971 τούτῳ
2894 899 2958 954 τὸ
3002 904 3100 955 τοῦ
3147 906 3280 956 Θεοῦ
3326 900 3532 958 δίκαιον
3583 908 3746 982 φανῇ.
3781 907 3882 961 Καὶ

2235 986 2287 1040 οἱ
2319 982 2388 1041 δι’
2419 982 2634 1062 ἄγνοιαν
2688 986 3030 1065 μεμφόμενοι
3079 989 3262 1062 αὐτὸν,
3300 990 3395 1046 κᾶν
3424 994 3469 1029 ⁶⁰
3496 997 3582 1047 νῦν
3620 994 3883 1067 μαθόντες

2234 1074 2308 1136 ὡς
2355 1071 2438 1131 δεῖ
2484 1081 2723 1155 φρονεῖν,
2775 1074 2846 1132 δι’
2897 1076 3169 1155 εὐφημίας
3214 1100 3275 1134 τε
3329 1078 3421 1134 καὶ
3482 1080 3726 1144 εὐποιίας
3782 1087 3883 1138 τοῦ

2231 1162 2500 1240 προτέρου
2576 1162 2926 1240 ἐγκλήματος
3001 1165 3223 1230 ὶαυτοὺς
3297 1167 3731 1226 ἀνακαλέσωνται
3779 1176 3824 1210 σί
3862 1218 3878 1243 ,

2231 1252 2405 1308 αἰτίαν
2452 1258 2549 1309 τοῦ
2604 1259 2772 1309 κακοῦ
2816 1252 3183 1329 τολμήματος
3226 1257 3324 1326 τὴν
3372 1258 3589 1333 ἄγνοιαν
3638 1260 3717 1323 εἰς
3772 1262 3874 1331 τήν

2230 1342 2556 1417 συγγνώμην
2594 1343 2945 1416 προθέμενοι.

2300 1436 2364 1485 Χ.
2415 1432 2573 1507 Ἔχει
2627 1427 2685 1486 δὲ
2722 1431 2917 1494 οὕτως·
2973 1436 3078 1487 Τοῦ
3138 1432 3303 1506 μόνου
3361 1433 3561 1510 ἀγαθοῦ
3619 1441 3755 1493 Θεοῦ
3804 1439 3875 1493 τά

2227 1519 2401 1575 πάντα
2455 1518 2639 1582 καλῶς
2690 1514 3057 1589 πεποιηκότος
3129 1521 3219 1575 καὶ
3289 1519 3739 1597 παραδεδωκότος
3793 1530 3874 1598 τῷ

2226 1610 2343 1663 κατ’
2390 1607 2569 1663 εἰκόνα
2611 1607 2774 1664 αὐτοῦ
2819 1608 3093 1686 γενομένῳ
3144 1613 3190 1646 ⁶²
3234 1609 3518 1687 ἀνθρώπῳ,
3553 1613 3582 1667 ὁ
3628 1615 3871 1689 γεγονὼς

2224 1699 2322 1765 τῆς
2350 1701 2447 1751 τοῦ
2475 1698 2842 1767 πεποιηκότος
2888 1697 3047 1754 αὐτὸν
3098 1697 3273 1754 πνὲων
3322 1699 3625 1770 θειότητος.
3658 1700 3872 1773 ἀληθὴς

471 1805 638 1843 versa
685 1793 1077 1859 cognosceret,
1110 1787 1168 1842 in
1217 1788 1496 1844 honorem
1543 1787 1733 1843 Patris
1771 1787 1872 1859 qui
1921 1788 2108 1843 omnia

2227 1787 2524 1864 Προφήτης
2560 1784 2631 1841 ὢν
2664 1786 2752 1841 καὶ
2784 1784 2943 1849 εἰδὼς
2972 1786 3038 1842 τὰ
3083 1784 3207 1859 ὅλα,
3240 1787 3316 1849 είς
3361 1790 3529 1862 τιμήν
3572 1794 3671 1845 τοῦ
3699 1792 3877 1847 πάντα

469 1875 554 1929 illi
587 1880 1039 1947 concesserat,et
1067 1876 1139 1932 ob
1159 1876 1406 1932 salutem
1437 1893 1506 1932 ex
1522 1893 1584 1933 se
1614 1876 1947 1932 futurorum
1971 1876 2115 1933 filio-

467 1970 910 2037 rum,tanquam
942 1981 1259 2038 germanus
1292 1970 1457 2037 pater
1484 1964 1944 2021 benevolentiam
1977 1981 2114 2038 erga

468 2070 500 2108 a
532 2069 593 2109 se
624 2053 950 2126 gignendos
978 2053 1192 2110 liberos
1222 2069 1744 2125 conservans,quos
1774 2058 2009 2126 cuperet
2039 2054 2109 2109 ad

463 2159 665 2199 eorum
701 2142 1017 2199 utilitatem
1049 2142 1291 2215 diligere
1312 2142 1495 2198 Deum
1527 2148 1586 2198 et
1613 2142 1779 2199 aDeo
1809 2141 2113 2215 diligi,iter

466 2233 622 2303 quod
654 2233 722 2288 ad
756 2232 916 2288 illius
942 2234 1184 2288 duceret
1214 2231 1531 2287 amicitiam
1562 2231 2110 2302 demonstravit,do-

467 2322 706 2392 cuitque
765 2320 1120 2393 quibusnam
1192 2319 1495 2375 hominum
1562 2319 1892 2376 actionibus
1949 2319 2110 2377 solus

467 2410 852 2481 omniumque
884 2408 1170 2471 Dominus
1200 2407 1353 2464 Deus
1384 2407 1804 2464 delectetur:et
1832 2408 2108 2477 ostensis,

466 2515 591 2570 quae
624 2498 706 2552 illi
739 2498 1048 2570 placerent,
1082 2496 1269 2569 legem
1318 2501 1592 2552 aeternam
1625 2497 1852 2553 cunctis
1895 2496 2106 2565 sanxit,

465 2604 591 2658 quae
624 2604 727 2642 nec
774 2588 847 2642 ab
877 2585 1147 2642 hostibus
1195 2586 1462 2641 consumi
1493 2590 1707 2657 posset,
1742 2602 1847 2641 nec
1877 2586 1949 2641 ab
1990 2584 2107 2642 ullo

463 2675 645 2748 impio
675 2674 1085 2747 interpolanda
1113 2679 1286 2742 esset,
1322 2690 1427 2729 nec
1459 2690 1574 2730 uno
1604 2674 1665 2729 in
1693 2673 1819 2730 loco
1861 2676 2107 2730 abscon-

462 2766 718 2830 deretur,
753 2765 853 2819 sed
887 2782 921 2820 a
949 2764 1177 2819 cunctis
1206 2767 1405 2835 posset
1434 2761 1568 2834 legi.
1594 2763 1773 2818 Erant
1800 2779 1935 2835 ergo
1967 2762 2104 2834 illis,

460 2871 529 2909 ex
558 2853 887 2909 obedientia
915 2851 1083 2923 legis,
1117 2857 1331 2908 cuncta
1357 2851 1807 2923 aﬂ‘atim,fruges
1838 2850 2104 2923 pulcher-

461 2942 643 3009 rimaz,
676 2941 812 2996 anni
842 2940 1269 3011 completi,sine
1298 2938 1691 3005 tristitia,sine
1721 2939 2101 3007 morbis,cum

461 3029 851 3087 saluberrima
881 3029 1033 3086 aeris
1064 3027 1341 3101 temperie
1370 3031 1497 3084 tuto
1523 3027 1744 3084 donati.

528 3298 619 3354 XI.
650 3302 725 3353 At
756 3296 861 3363 illi,
894 3296 1032 3369 quia
1084 3295 1345 3352 nondum
1374 3292 1531 3351 mala
1576 3296 1796 3368 experti
1846 3295 2096 3365 fuerant,

460 3389 532 3444 ad
566 3388 758 3460 ipsum
780 3387 1068 3442 bonorum
1086 3385 1305 3441 donum
1334 3401 1511 3441 sensu
1542 3384 1935 3455 destituti,per
1949 3384 2100 3440 cibo-

463 3494 593 3533 rum
635 3482 691 3531 et
719 3475 1056 3530 deliciarum
1106 3473 1528 3530 abundantiam
1560 3474 1629 3529 ad
1657 3473 1869 3546 ingrati
1918 3473 2099 3529 animi

460 3566 668 3621 vitium
700 3564 1228 3633 declinaverunt,ut
1256 3562 1682 3619 arbitrarentur
1710 3578 1826 3618 non
1856 3562 2101 3619 existere

461 3653 1071 3724 Providentiam,quod
1091 3650 1250 3708 nullo
1264 3650 1879 3724 praecedentejustitiaa
1903 3650 2100 3707 labore

460 3744 611 3798 bona
667 3747 733 3796 ut
784 3741 1107 3795 mercedem
1173 3739 1552 3811 recepissent,
1587 3744 1785 3811 utpote
1832 3738 1991 3794 nullo
2031 3756 2099 3795 ex

456 3831 602 3904 ipsis
633 3831 691 3885 in
719 3846 920 3885 casum
947 3828 1201 3900 aliquem
1232 3826 1322 3883 vel
1354 3828 1622 3883 morbum
1652 3832 1754 3883 aut
1788 3828 1964 3884 ullam
1996 3845 2096 3884 ne-

457 3921 788 3977 cessitatem
820 3916 1089 3989 delapso:
1122 3917 1264 3972 adeo
1297 3916 1881 3987 ut,quemadmodum
1910 3916 2100 3974 solent

454 4009 724 4065 homines
754 4024 787 4062 a
818 4022 993 4079 prava
1020 4004 1384 4061 aberratione
1409 4004 1633 4071 afflicti,
1665 4006 1970 4077 Deum,qui
1999 4022 2099 4062 eos

458 4103 685 4170 poterat
713 4112 939 4161 sanare,
975 4094 1361 4166 despicerent.
1393 4093 1608 4148 Verum
1652 4094 1945 4150 enimvero
1975 4099 2099 4151 sta-

458 4186 563 4241 tim
595 4190 726 4257 post
746 4186 1244 4255 contemptum,ex
1273 4188 1465 4238 metus
1494 4182 1779 4239 vacuitate
1808 4188 1866 4239 et
1894 4200 2099 4239 secura

454 4274 748 4347 voluptate
778 4271 1377 4345 procedentem,velut
1405 4271 1478 4327 ab
1508 4271 1815 4327 harmonia
1841 4273 2096 4345 quadam

458 4367 881 4434 consequenter
924 4362 1216 4433 adaptata,
1243 4360 1409 4431 justa
1455 4377 1554 4417 eos
1584 4360 1798 4417 invasit
1847 4362 2096 4434 punitio,

459 4469 585 4525 qua:
618 4451 772 4507 bona
801 4449 1037 4521 quidem
1079 4454 1144 4504 ut
1174 4449 1345 4506 noxia
1390 4449 1633 4523 expulit,
1666 4450 1823 4507 mala
1868 4467 2003 4507 vero
2036 4455 2099 4507 ut

459 4543 736 4614 adjutura
764 4545 965 4596 contra
993 4538 1243 4594 induxit.

525 4719 647 4775 XII.
679 4718 825 4773 Nam
856 4732 926 4772 ex
953 4714 1079 4772 celi
1112 4713 1319 4771 incolis
1368 4715 1674 4787 spiritibus
1706 4715 1766 4787 ii,
1813 4716 1913 4790 qui
1963 4715 2094 4773 infi-

460 4824 618 4864 mam
670 4806 967 4878 regionem
1016 4803 1285 4860 habitant
1338 4804 1553 4876 angeli,
1606 4805 1810 4862 oll'ensi
1866 4807 2096 4878 ingrato

459 4896 767 4952 hominum
818 4909 956 4965 erga
986 4891 1170 4947 Deum
1215 4890 1412 4947 animo
1460 4892 1775 4963 postulant,
1808 4892 1867 4947 in
1917 4894 2095 4949 vitam

460 4985 769 5042 hominum
798 4981 993 5039 venire
1023 4978 1212 5049 liceat,
1246 4984 1311 5035 ut
1337 4996 1468 5036 vere
1497 4980 1765 5038 homines
1805 4983 1960 5052 facti,
1995 5001 2100 5057 per

2222 1874 2368 1946 αὐτῷ
2408 1872 2801 1950 δωρησαμένου
2851 1876 3059 1949 Ματρὸς
3110 1875 3198 1930 καί
3242 1876 3317 1939 εἷς
3364 1878 3633 1953 σωτηρίαν
3680 1884 3787 1934 τῶν
3819 1878 3871 1951 ἐξ

2219 1962 2382 2019 αὐτοῦ
2410 1962 2710 2039 γενομένων
2762 1964 2914 2033 υἱῶν,
2961 1964 3038 2025 ὡς
3086 1966 3265 2039 πατὴρ
3305 1968 3532 2037 γνήσιος
3571 1968 3709 2042 πρὸς
3739 1967 3870 2031 τοὺς

2222 2052 2310 2107 ὑπ’
2357 2051 2520 2107 αὐτοῦ
2575 2051 2891 2128 γενομένους
2936 2050 3132 2115 παῖδας
3185 2055 3482 2124 ἀποσώζων
3536 2057 3599 2110 τὸ
3657 2053 3864 2130 εὔνουν,

2224 2138 2558 2216 βουλόμενος
2609 2139 2801 2203 αὐτοὺς
2861 2139 2996 2218 πρὸς
3040 2141 3104 2197 τὸ
3136 2146 3409 2221 συμφέρον
3455 2143 3641 2207 αὐτοῖς
3688 2142 3869 2223 φιλεῖν

2218 2230 2345 2285 Θεὸν
2401 2228 2491 2284 καὶ
2564 2227 2839 2308 φιλεῖσθαι
2916 2230 3004 2285 ὑπ’
3061 2230 3262 2303 αὐτοῦ,
3327 2232 3428 2301 τήν
3486 2233 3621 2307 πρὸς
3678 2231 3862 2312 φιλίαν

2221 2318 2385 2375 αὐτοῦ
2424 2318 2656 2393 ἄγουσαν
2705 2317 2947 2398 ἐξέφηνεν
2992 2316 3142 2387 ὁδὸν,
3192 2317 3404 2393 διδάξας
3434 2320 3615 2383 ποίαις
3661 2322 3869 2397 ἀνθρώ-

2216 2429 2333 2463 πων
2392 2408 2641 2483 πράξεσιν
2703 2410 2731 2463 ὁ
2793 2407 2960 2480 μόνος
3005 2408 3095 2463 καὶ
3155 2410 3369 2464 πάντων
3423 2406 3688 2480 δεσπότης
3740 2412 3871 2473 Θεὸς

2217 2497 2574 2572 εὐφραίνεται,
2621 2498 2711 2551 καὶ
2757 2498 2824 2552 τά
2871 2495 3058 2570 ἐκείνῳ
3105 2494 3365 2552 δοκοῦντα
3411 2497 3642 2577 ἐκφήνας
3692 2499 3863 2572 νόμον

2217 2586 2436 2641 αἰώνιον
2484 2584 2647 2661 ὥρισε
2691 2591 2807 2648 τοῖς
2850 2588 2896 2623 ⁸³
2941 2585 3117 2655 ὅλοις,
3173 2588 3303 2658 μήθ’
3351 2586 3455 2642 ὑπὸ
3503 2586 3787 2661 πολεμίωι
3821 2592 3870 2626 ⁸⁸

2217 2674 2597 2749 ἐμπρησθῆναι
2655 2672 2948 2747 δυνάμενον
2985 2718 2999 2743 ,
3062 2676 3188 2747 μήθ’
3261 2675 3363 2730 ὑπὸ
3426 2671 3652 2739 ἀσεϐοῦς
3714 2698 3865 2740 τινος

2218 2762 2673 2836 ὑπονοθευόμενον
2709 2807 2723 2830 ,
2786 2765 2926 2836 μήτε
2981 2762 3057 2819 ἐνὶ
3124 2758 3276 2836 τόπῳ
3329 2763 3821 2841 ἀποκεκρυμμένον

2215 2851 2360 2908 ἀλλὰ
2389 2857 2547 2906 πᾶσιν
2598 2852 3005 2927 ἀναγνωσθῆναι
3051 2849 3363 2925 δυνάμενον.
3399 2855 3496 2908 Ἦν
3549 2851 3641 2908 οὖν
3670 2854 3857 2917 αὐτοῖς

2213 2940 2272 2996 ἐκ
2298 2947 2398 3010 τῆς
2428 2940 2750 3016 πειθαρχίας
2800 2945 2898 2997 τοῦ
2946 2940 3120 3013 νόμου
3167 2942 3341 2997 πάντα
3389 2940 3610 3019 ἄφθονα,
3639 2944 3707 2997 τὰ
3745 2948 3854 2999 τῶν

2209 3034 2430 3105 καρπῶν
2487 3028 2779 3099 κάλλιστα,
2827 3030 2895 3084 τά
2956 3031 3104 3087 I88
3162 3035 3268 3085 τῶν
3329 3029 3461 3086 ἑτῶν
3531 3029 3716 3087 τέλεια
3761 3031 3857 3087 καὶ

2212 3116 2393 3174 ἄλυπα
2427 3115 2515 3173 καί
2575 3116 2757 3186 ἄνοσα,
2804 3119 2938 3192 μετά
2988 3118 3167 3189 πάσης
3224 3124 3325 3189 τῆς
3377 3123 3483 3174 τῶν
3545 3117 3713 3194 άὲρων
3768 3118 3857 3175 εὐ-

2130 3177 2175 3244 C
2211 3208 2434 3284 κρασίας
2466 3206 2638 3269 ἀδεῶς
2670 3177 3044 3283 δεδωιρημένα.

2278 3297 2369 3353 ΧΙ.
2403 3296 2465 3350 Οἱ
2514 3293 2572 3350 δὲ
2620 3295 2733 3350 ἐπεὶ
2785 3296 2861 3369 μή
2893 3300 3109 3368 πρῶτον
3140 3300 3248 3351 τῶν
3292 3300 3472 3353 κακῶν
3524 3296 3855 3371 ἐπειράσθη-

2208 3405 2320 3455 σαν,
2351 3385 2487 3461 πρὸς
2543 3383 2709 3454 αὐτὴν
2750 3386 2795 3421 ⁸⁸
2838 3388 2946 3439 τῶν
2991 3385 3207 3461 ἀγαθῶν
3254 3383 3457 3461 δωρεὰν
3512 3388 3853 3459 ἀναισθήτως

2208 3469 2446 3549 ἔχοντες,
2507 3472 2611 3527 ὑπὸ
2668 3475 2764 3542 τῆς
2825 3473 3058 3550 ἀφθόνου
3112 3482 3319 3552 τροφῆς
3376 3476 3465 3531 καὶ
3522 3477 3728 3554 τρυφῆς
3777 3477 3859 3541 εἷς

2208 3560 2526 3637 ἀχαριστίαν
2570 3560 2933 3635 ἐξετρέποντο,
2966 3562 3040 3625 ὡς
3088 3563 3327 3636 νομίσαι,
3358 3563 3551 3627 αὐτοὺς
3605 3563 3734 3638 μηδ’
3782 3565 3855 3621 εῖ-

2205 3671 2291 3705 ναι
2324 3649 2603 3725 Πρόνοιαν,
2637 3649 2749 3704 ἐπεῖ
2787 3651 2864 3722 μὴ
2894 3648 3155 3727 πρότερον
3200 3672 3464 3725 καμοντες
3517 3651 3601 3707 ἰπὶ
3651 3650 3857 3710 δικαιο·

2207 3737 2373 3808 σύνης
2431 3738 2504 3799 ὡς
2565 3735 2752 3810 μισθὸν
2810 3740 2878 3793 τά
2932 3738 3107 3813 ἀγαθὰ
3139 3737 3452 3818 εἰλήφεσαν,
3484 3741 3575 3796 ἅτε
3622 3738 3857 3814 μηδενὸς

2207 3826 2380 3882 αὐτῶν
2480 3827 2633 3881 πάθει
2662 3826 2770 3881 τινὶ
2811 3829 2847 3895 ἢ
2877 3826 3021 3899 νόσῳ
3050 3828 3085 3897 ἢ
3129 3825 3271 3902 ἄλλῃ
3312 3829 3420 3883 τινὶ
3469 3828 3669 3905 ἀνάγκῃ
3719 3830 3851 3885 ὑπο-

2206 3914 2483 3975 πεσόντυς·
2539 3912 2647 3982 ἵνα,
2708 3914 2782 3977 ὡς
2824 3914 3131 3991 ἀνθρώποις
3178 3914 3336 3994 φίλον
3393 3915 3533 3972 ἐστὶν
3601 3917 3703 3972 ὑπὸ
3756 3920 3857 3987 τῆς

2204 4011 2377 4073 κακῆς
2436 4001 2755 4080 διαμαρτίας
2786 4007 2831 4041 ⁸⁸
2878 4006 3220 4075 κακωθεῖσιν,
3264 4006 3475 4068 ἑαυτοῖς
3529 4006 3622 4062 τὸν
3674 4006 3851 4062 ἰᾶσθαι

2207 4091 2501 4165 δυνάμενον
2559 4088 3005 4169 περιϐλέῴωνται
3056 4094 3204 4151 Θεόν.
3263 4093 3439 4152 Ἀλλᾶ
3490 4095 3591 4171 γὰρ
3656 4095 3855 4157 εὐθὲως

2209 4182 2343 4256 μετά
2371 4182 2468 4250 τὴν
2520 4180 2580 4237 ἐκ
2622 4188 2724 4252 τῆς
2768 4177 2999 4259 ἀφοϐίας
3046 4183 3136 4237 καὶ
3186 4179 3376 4245 ἀδεοῦς
3422 4190 3632 4262 τρυφῆς
3692 4204 3855 4239 κατα-

2206 4270 2488 4349 φρόνησιν,
2522 4269 2702 4346 ὥσπερ
2735 4269 2786 4341 ἐξ
2835 4270 3094 4347 ἁρμονίας
3124 4272 3269 4334 τινὸς
3310 4269 3627 4335 ἀκολούθως
3678 4270 3849 4351 ἐφηρ-

2210 4359 2505 4431 μοσμὲνης,
2540 4354 2719 4413 δικαία
2778 4380 2862 4421 τις
2919 4358 3103 4421 αὐτοῖς
3158 4359 3437 4431 ἀπήντησε
3490 4359 3754 4435 τιμωρία,
3785 4361 3855 4416 τὰ

2210 4448 2303 4521 μὲν
2335 4448 2438 4523 γὰρ
2464 4450 2507 4485 ⁸⁷
2538 4447 2711 4523 ἀγαθὰ
2740 4446 2815 4507 ὡς
2850 4445 3133 4523 βλάψαντα
3163 4449 3471 4521 ἀπωθοῦσα,
3502 4448 3569 4504 τὰ
3617 4445 3675 4505 δὲ
3711 4450 3853 4505 κακά

2124 4545 2171 4610 Ι)
2203 4536 2279 4600 ὡς
2308 4533 2663 4614 ὠφελήσαντα
2691 4535 3125 4615 ἀντεισφὲρουσα.

2274 4720 2388 4774 Xll.
2420 4720 2535 4772 Τῶν
2562 4714 2663 4793 γάρ
2691 4714 2783 4771 τὸν
2812 4713 3037 4790 οὐρανὸν
3071 4713 3421 4773 ἐνοικούντων
3452 4718 3496 4755 ⁸⁸
3526 4715 3849 4791 πνευμάτων

2206 4806 2258 4861 οἱ
2287 4808 2385 4875 τὴν
2411 4804 2704 4861 κατωτάτω
2734 4805 2919 4881 χώραν
2979 4811 3357 4869 κατοικοῦντες
3414 4804 3641 4881 ἄγγελοι
3687 4807 3853 4883 ἀχθε-

2205 4893 2416 4958 σθὲντες
2473 4894 2559 4949 ἐπὶ
2624 4895 2685 4966 τῇ
2736 4898 2845 4949 τῶν
2898 4893 3195 4971 ἀνθρώπων
3244 4895 3321 4957 εἲς
3370 4897 3496 4951 Θεὸν
3531 4894 3846 4970 ἀχαριστίᾳ,

2206 4982 2479 5039 αἰτοῦνται
2535 4982 2613 5047 εἰς
2667 4982 2758 5039 τὸν
2822 4981 3117 5062 ἀνθρώπων
3177 4982 3353 5048 ἐλθεῖν
3390 4983 3530 5061 βίον,
3557 4982 3651 5039 ’ἶνα
3682 4978 3855 5046 ὄντως

1798 5097 2038 5156 νΑΗυΕ
2086 5101 2494 5159 LECTIONES.

526 5200 571 5235 ‘9
600 5196 727 5252 Θεόν
761 5198 827 5261 Ο,
862 5201 925 5252 ut
952 5194 1064 5267 legi
1089 5192 1260 5265 jubet
1301 5197 1358 5267 et
1404 5198 1485 5267 C,_
1516 5196 1571 5250 in
1622 5195 1739 5265 cuj.
1786 5198 1943 5252 textu
1977 5202 2130 5254 Θεοῦ.
2181 5200 2226 5236 ⁶⁰
2253 5197 2342 5252 καί
2373 5202 2431 5255 C.
2482 5200 2524 5235 “
2574 5195 2990 5253 ἀνακαλέσονται
3034 5199 3094 5257 C.
3130 5199 3175 5236 ⁶²

3261 5196 3511 5272 ενωμὲνῳ
3645 5200 3691 5235 ⁸³
3736 5201 3855 5260 τοῖς

454 5270 665 5326 excidit
695 5287 767 5340 ap
795 5268 880 5343 _(_Jl
913 5265 1066 5343 (edd.
1094 5267 1281 5343 4698,
1312 5265 1580 5343 _47§2_4)_e_t
1712 5267 1759 5302 “
1796 5268 1944 5343 pigre
1988 5267 2250 5343 πολέμων
2297 5270 2357 5339 C,
2407 5270 2536 5343 μήθ’
2585 5270 2687 5324 ὑπὸ
2733 5267 3017 5341 πολεμίων
3056 5272 3122 5337 D,
3177 5265 3314 5343 μήτε
3360 5265 3649 5343 πολεμίοις
3695 5272 3848 5343 conj.

456 5344 515 5403 S.
551 5342 691 5413 μήτε
719 5332 951 5414 πολὲμῴ
991 5340 1054 5414 Ο.
1086 5341 1131 5375 ⁸⁸
1156 5332 1278 5409 τήν’
1304 5336 1364 5392 C.
1395 5338 1440 5373 “
1476 5332 1559 5390 ’δι’
1605 5332 1879 5414 ἁμαρτίαξ
1903 5340 1946 5395 Ο
1981 5332 2287 5414 ὃμείΙῷοουε
2334 5332 2713 5399 multifariam
2761 5332 3363 5414 corruptus.'Dati'vus
3408 5332 3847 5414 utagmen-

458 5408 774 5488 dit'contra
807 5408 1550 5488 legelsnlinguzeQraeca’Let
1577 5408 1731 5488 quid
1763 5410 1935 5488 lautia:
1986 5412 2098 5488 sibi
2146 5412 2301 5483 velit,
2352 5413 2588 5488 difficile
2630 5408 3100 5488 est‘intellectu;
3134 5416 3385 5486 denique
3413 5408 3845 5488 gul-plexisch

458 5501 583 5559 nop_
606 5484 757 5559 idem
790 5480 1279 5559 significatiquod
1315 5480 1615 5559 despicere.
1647 5484 2097 5559 Conjectaverim
2125 5501 2254 5542 esse
2285 5480 2656 5559 scribendum
2689 5480 2859 5559 ἀδεῶς
2887 5483 2979 5540 τὸν
3006 5480 3361 5559 τιμωρεῖσθαι
3409 5480 3719 5559 δυνάμενον⁸
3740 5502 3850 5559 πα-

496 5549 1032 5636 αδλὲψιωνταιζθεόν.
1076 5556 1119 5594 ⁸⁷
1146 5549 1271 5636 ’γάρ
1310 5549 1430 5611 om.
1480 5551 1547 5622 Ο,
1592 5553 1665 5611 ad
1708 5549 1824 5632 uti].
1874 5570 2036 5614 oram
2077 5561 2349 5617 monetur
2378 5572 2393 5618 :
2424 5556 2715 5616 νοθεύεται.
2746 5558 2791 5596 ⁸⁸
2838 5549 3190 5615 ἰνοικούντων
3239 5558 3320 5616 Cl.
3354 5558 3516 5631 (1698
3546 5549 3617 5616 ὀἱ
3666 5556 3850 5633 1724),

480 5646 551 5686 πο
561 5625 821 5684 ικούντων
853 5629 911 5687 8.
