4114 6338
184 366 304 437 333

1288 360 1817 435 CLEMENTINA.
1851 399 1927 410 —
1958 365 2286 427 HOMILIA
2332 365 2494 429 VIII.

3474 366 3592 428 234

184 492 469 569 ἄνθρωποι
527 488 829 568 γενόμενοι,
861 488 949 547 ἐπὶ
1006 489 1259 563 πολιτείᾳ
1314 492 1527 549 πλείονι
1587 492 1713 556 τοὺς
1760 493 1834 557 είς

1971 494 2197 552 nultam
2229 497 2728 554 conversationem
2778 497 3106 569 redargutis
3164 498 3263 570 qui
3300 499 3358 553 in
3404 499 3595 557 Deum

182 584 342 639 αὐτὸν
374 582 845 659 ἀχαριστήσαντας
876 579 1181 658 έλέγξαντες
1221 580 1407 637 αὐτόθι
1451 587 1521 656 τῇ
1570 584 1685 639 κατ’
1728 583 1836 653 ἀξί-

182 694 239 727 αν
292 670 523 727 ἕκαστον
582 665 905 726 ὑποϐάλωσι
947 665 1231 746 ⁸τιμωρίᾳ.
1280 670 1472 726 Ὁπότε
1537 669 1628 727 οὗν
1683 673 1833 729 189

183 761 505 831 αἰτήσαντες
535 754 755 827 ἔλαϐον,
782 760 917 835 πρὸς
946 764 1117 815 πᾶσαν
1149 758 1369 823 ἑαυτοὺς
1429 755 1761 835 μετέϐαλλον
1791 762 1837 799 ⁸³

184 850 365 927 φύσιν,
426 851 521 905 ἅτε
593 845 973 925 θειωδεστέρας
1047 842 1195 912 ὄντες
1250 847 1433 913 οὐσίας
1492 849 1584 906 καὶ
1642 847 1839 926 ῥᾳδίως

183 940 319 1016 πρὸς
368 939 549 994 πάντα
596 937 1015 1015 μετατρέπεσθαι
1081 934 1392 1011 δυνάμενοι.
1442 937 1541 994 Καὶ
1600 937 1837 1016 ἐγένοντο

182 1026 342 1093 λίθος
369 1026 579 1101 τίμιος,
628 1026 719 1081 καὶ
774 1026 1110 1103 μαργαρίτης
1165 1022 1550 1101 περίϐλεπτος,
1590 1025 1840 1104 πορφύρα

180 1138 237 1173 τε
265 1116 315 1173 εἷ
346 1115 517 1192 τύχοι
549 1114 843 1187 καλλίστη,
873 1114 963 1170 καὶ
993 1116 1195 1192 χρυσὸς
1227 1113 1461 1188 ἔνδοξος,
1488 1116 1577 1171 καὶ
1626 1122 1769 1171 πᾶσα
1796 1118 1842 1152 ⁷ο

184 1205 527 1279 πολυτίμιος
572 1202 703 1275 ὕλη.
736 1203 834 1258 Καὶ
883 1207 988 1259 τῶν
1041 1204 1135 1278 μὶν
1188 1204 1263 1268 είς
1302 1210 1511 1281 χεῖρας,
1542 1209 1649 1261 τῶν
1679 1203 1735 1259 δὲ
1764 1203 1841 1269 είς

181 1293 395 1350 κόλπον
431 1292 739 1364 ἐνέπιπτον,
769 1291 859 1347 καὶ
892 1293 980 1347 ὑπ’
1010 1292 1185 1348 αὐτῶν
1236 1294 1445 1357 ἑκόντες
1494 1292 1839 1351 έκλέπτοντο.

182 1378 606 1440 Πετεᾶἱλλοντο
661 1379 718 1437 δὲ
762 1379 852 1436 καί
901 1380 976 1444 εἲς
1019 1381 1329 1457 τετράποδα
1370 1382 1457 1438 καὶ
1508 1381 1584 1444 είς
1625 1382 1842 1459 ἑρπετὰ,

183 1469 364 1544 νηκτά
392 1492 454 1527 τε
482 1469 575 1526 καὶ
605 1469 907 1543 πτηνὰ,καὶ
939 1470 1017 1533 εἷς
1040 1476 1144 1525 πᾶν
1177 1470 1309 1547 ὅπερ
1338 1468 1558 1541 ἤθελον.
1589 1472 1783 1525 "Anu
1800 1473 1842 1507 τί

186 1561 278 1617 καὶ
338 1560 395 1617 οἱ
442 1560 574 1635 παρ’
606 1560 732 1633 ὑμῖν
782 1558 1006 1630 ποιηταὶ
1051 1556 1279 1638 ἀφοϐίας
1328 1558 1472 1631 αἱνίᾳ
1520 1559 1597 1621 ὠς
1654 1558 1843 1635 ἔτυχεν

184 1645 442 1720 ᾅδουσιν,
476 1647 555 1701 ένὶ
586 1648 632 1682 ⁷⁸
659 1644 842 1700 τοίνυν
867 1645 962 1708 τὰς
990 1646 1204 1702 πάντων
1253 1644 1467 1708 πολλὰς
1516 1644 1605 1701 καὶ
1656 1643 1844 1724 διαφό-

186 1758 315 1813 ρους
351 1734 579 1813 πράξεις
616 1734 1004 1808 ἀπονέμοντες.

1940 584 2153 657 ingrati
2185 586 2435 653 fuerant,
2486 586 2792 643 confestim
2836 603 3324 659 unumquemque
3379 588 3588 644 merito

1942 673 2240 730 efficerent
2287 674 2595 747 supplicio.
2629 675 2871 742 Quando
2909 675 3089 748 igitur
3114 677 3269 749 quod
3310 676 3597 749 petierant

1944 766 2313 834 acceperunt,
2338 763 2397 819 in
2420 779 2653 819 omnem
2676 779 2738 820 se
2760 768 3066 820 mutarunt
3086 770 3377 836 naturam,
3407 768 3471 821 ut
3490 764 3595 838 qui

1945 850 2247 907 divinioris
2288 856 2482 907 essent
2537 852 2904 922 substantiis,
2963 853 3246 925 facileque
3276 854 3334 909 in
3397 852 3597 910 omnia

1945 944 2185 1012 possent
2221 941 2494 995 converti.
2546 944 2613 995 Et
2642 940 2777 996 facti
2810 944 2949 996 sunt
2977 939 3125 1012 lapis
3182 941 3500 1013 pretiosus,
3532 946 3592 999 et

1949 1028 2264 1101 margarita
2295 1029 2626 1101 conspicua,
2658 1034 2717 1084 et
2764 1046 3019 1101 purpura
3055 1030 3103 1085 si
3135 1046 3261 1101 quas
3319 1030 3593 1102 pulcher-

1948 1116 2119 1185 rima,
2150 1120 2207 1173 et
2230 1133 2437 1173 aurum
2466 1118 2714 1190 insigne,
2746 1134 2813 1173 ac
2848 1117 3040 1173 omnis
3070 1118 3381 1190 magniﬁca
3406 1123 3595 1175 mate-

1950 1206 2056 1262 ria.
2087 1207 2273 1277 Atque
2305 1207 2361 1261 in
2395 1205 2641 1262 aliorum
2677 1206 2913 1279 quidem
2948 1223 3181 1271 manus,
3230 1207 3288 1262 in
3339 1206 3591 1263 aliorum

1949 1311 2083 1351 vero
2107 1294 2304 1351 sinum
2337 1294 2686 1363 inciderunt,
2720 1300 2779 1352 et
2807 1294 2977 1350 abiis
3020 1300 3227 1368 sponte
3288 1296 3594 1368 rapieban-

1950 1388 2065 1439 tur.
2116 1384 2227 1441 Sed
2279 1389 2335 1438 et
2382 1384 2751 1440 tranformati
2784 1388 2924 1441 sunt
2968 1383 3029 1439 in
3080 1385 3490 1457 quadrupedes
3541 1387 3600 1442 et

1950 1478 2271 1545 serpentes,
2306 1472 2493 1544 pisces
2518 1478 2576 1528 et
2619 1489 2771 1540 aves,
2805 1490 2872 1528 ac
2906 1472 2963 1527 in
3024 1474 3415 1545 quodcunque
3444 1473 3594 1530 vole-

1953 1559 2116 1615 bant.
2141 1559 2279 1624 Quze
2299 1560 2473 1616 vestri
2505 1560 2680 1617 etiam
2729 1565 2933 1633 poetas,
2968 1562 3123 1632 quod
3158 1561 3302 1617 nihil
3337 1562 3602 1632 timeant,

1955 1664 2057 1719 pro
2085 1647 2253 1705 libito
2297 1653 2541 1717 canunt,
2574 1649 2676 1705 uni
2735 1665 2946 1722 nempe
2996 1651 3263 1706 omnium
3313 1650 3500 1706 multa
3545 1654 3604 1706 et

1954 1736 2117 1794 varia
2146 1753 2322 1810 opera
2352 1738 2695 1795 tribuentes.

257 1831 410 1883 XIII.
456 1822 613 1899 Πλὴν
662 1822 751 1878 ὅτε
798 1827 965 1878 ταῦτα
1021 1821 1301 1899 γενόμενοι
1348 1821 1475 1886 τοὺς
1522 1820 1847 1898 διαρπάσαν-

367 1912 382 1933 9
466 1912 521 1935 \,
576 1911 894 1935 m\_,lz,-____
946 1908 1169 1935 )I\A,)-,,
1230 1911 1317 1935 ηηι
1373 1912 1443 1935 -s,
1498 1913 1587 1935 _,\,,,
1652 1914 1764 1935 1..-
1799 1914 1811 1932 ρ

2028 1826 2179 1882 XIII.
2212 1826 2495 1887 Caeterum
2527 1828 2762 1898 quando
2800 1827 2923 1884 hac
2959 1826 3092 1884 facti
3152 1832 3414 1900 raptores
3464 1843 3604 1885 suos

186 1935 285 1978 τας
322 1912 527 1976 αὐτοὺς
568 1911 895 1973 πλεονέκτας
943 1908 1197 1989 ἤλεγξαν,
1228 1911 1317 1967 καὶ
1369 1912 1447 1976 είς
1492 1913 1591 1983 τήν
1642 1914 1851 1991 ἀνθρώ-

189 2025 309 2059 πων
345 2000 507 2082 φύσιν
531 2001 753 2063 ἑαυτοὺς
787 1994 1146 2074 μετέϐαλλον,
1178 2003 1245 2073 ⁷³,
1272 1999 1366 2057 ’ίνα
1396 2001 1557 2065 ὁσίως
1597 2000 1853 2058 πολιτευ-

188 2093 425 2167 σάμενοι
479 2090 570 2145 καὶ
616 2090 682 2145 τὸ
732 2086 955 2144 δυνατὸν
998 2094 1097 2145 τοῦ
1146 2090 1529 2157 πολιτεύεσθαι
1593 2088 1853 2164 δείξαντες

187 2181 321 2242 τοὺς
384 2177 718 2255 ἀχαρίστους
750 2180 796 2215 7‘
837 2177 1079 2242 εὐθύναις
1127 2174 1496 2247 ὑποϐάλωσιν,
1528 2176 1715 2249 ἐπειδὴ
1765 2174 1855 2232 ὅν-

186 2290 297 2332 τως
345 2268 417 2323 τὰ
462 2268 637 2323 πάντα
684 2263 959 2343 ἅνθρωποι
1010 2267 1252 2344 ἐγίνοντο
1298 2269 1388 2324 καὶ
1427 2270 1526 2340 τὴν
1569 2267 1856 2342 ἐπιθυμίαν

188 2354 363 2435 ἔσχον
407 2357 509 2425 τήν
559 2353 929 2430 ἀνθρωπίνην,
965 2356 1069 2412 ὑπὸ
1115 2356 1318 2428 ταύτης
1366 2358 1729 2434 κρατούμενοι
1780 2356 1859 2419 είς

190 2449 474 2523 γυναικῶν
509 2443 654 2518 μῖξιν
688 2438 946 2517 ὤλισθον,
965 2446 1049 2507 αῖς
1076 2446 1480 2520 συμπλακέντες
1509 2446 1598 2503 καὶ
1635 2448 1860 2521 μιασμῷ

193 2530 463 2608 παγέντες
490 2530 579 2586 καὶ
609 2537 713 2601 τῆς
743 2532 967 2607 πρώτης
1002 2529 1285 2608 δυνάμεως
1308 2533 1587 2596 παντελῶς
1602 2534 1860 2598 κενωθέν-

197 2642 292 2684 τες
325 2622 396 2675 τὰ
425 2618 486 2675 ἐκ
512 2619 686 2695 πυρὸς
714 2621 984 2697 τραπέντα
1016 2620 1157 2697 μέλη
1195 2621 1270 2685 είς
1315 2624 1377 2678 τὸ
1426 2627 1642 2700 πρῶτον
1682 2623 1857 2681 αὐτῶν

200 2717 311 2780 τῆς
340 2710 387 2745 ⁷⁸
415 2706 556 2770 ἰδίας
585 2708 795 2786 φύσεως
813 2707 1071 2781 ἀμίαντον
1098 2716 1512 2788 μετασυγκρῖναι
1534 2711 1636 2767 οὐκ
1654 2711 1862 2788 έξίσχυ·

206 2820 332 2855 σαν.
360 2795 452 2871 Τῷ
478 2797 580 2875 γὰρ
616 2795 769 2874 βάρει
798 2801 877 2869 τῷ
910 2798 1012 2853 ὑπὸ
1054 2805 1157 2869 τῆς
1206 2798 1496 2873 ἐπιθυμίας
1544 2799 1623 2863 εἷς
1668 2802 1859 2877 σάρκα,

207 2886 637 2958 τελευτήσαντος
670 2885 833 2941 αὐτοῦ
856 2891 954 2941 τοῦ
983 2889 1028 2925 ⁷⁵
1054 2888 1357 2965 πυρὸς,τήν
1383 2885 1674 2945 ἀσεϐοῦσαν
1700 2887 1865 2947 ὥδευ-

211 2998 311 3032 σαν
363 2973 489 3031 ὁδόν
536 2976 705 3030 κάτω·
757 2974 954 3052 σαρκὸς
995 2977 1099 3052 γὰρ
1146 2974 1299 3032 αὐτοί
1357 2974 1576 3051 δεσμοῖς
1623 2976 1862 3055 πεπεδη-

213 3065 375 3141 μένοι
420 3066 578 3121 190
614 3060 976 3138 κατέσχηνται
1002 3066 1045 3101 ’³⁷
1074 3063 1165 3119 καὶ
1216 3063 1463 3145 ίσχυφῶς
1513 3062 1771 3136 δέδενται,
1801 3065 1864 3145 οὗ

204 3150 387 3211 ἕνεκεν
421 3150 500 3215 εἶς
529 3150 791 3229 οὐρανοὺς
820 3151 1062 3208 ἀνελθεῖν
1090 3151 1267 3209 οὐκέτι
1295 3151 1646 3227 ἐδυνήθησαν.

1962 1930 2164 1971 avaros
2196 1915 2601 1982 ostenderunt,
2627 1919 2685 1971 et
2712 1915 2773 1971 in
2804 1915 3109 1983 hominum
3152 1921 3424 1973 naturam
3474 1932 3603 1972 mu-

1960 2006 2231 2060 taverunt
2258 2019 2343 2069 se,
2368 2019 2482 2075 quo
2503 2006 2701 2060 sancte
2729 2004 2989 2061 viventes
3016 2009 3072 2061 et
3099 2005 3278 2061 vitam
3337 2009 3603 2061 sanctam

1962 2106 2091 2147 esse
2120 2090 2461 2163 possibilem
2493 2098 2885 2150 monstrantes
2906 2094 3165 2166 ingratos
3184 2093 3372 2165 poenis
3394 2093 3607 2149 subde-

1964 2183 2131 2235 rent:
2161 2179 2458 2252 quoniam,
2483 2179 2748 2252 inquam,
2781 2198 2912 2237 vere
2936 2183 3175 2238 omnino
3200 2181 3469 2238 homines
3490 2181 3609 2238 exi-

1966 2267 2199 2324 stebant
2226 2273 2284 2323 et
2302 2267 2596 2325 habebant
2616 2269 3147 2342 concupiscentiam
3179 2271 3521 2338 humanam,
3538 2270 3612 2326 ab

1966 2372 2035 2412 ea
2064 2356 2361 2429 subjugati
2395 2357 2453 2411 in
2485 2357 2836 2414 feminarum
2868 2360 3242 2415 concubitum
3276 2359 3425 2432 lapsi
3449 2361 3610 2428 sunt,

1968 2445 2185 2517 quibus
2214 2445 2528 2512 commisti,
2560 2451 2616 2503 et
2646 2446 2875 2518 piaculo
2898 2448 3131 2519 conﬁxi,
3156 2453 3331 2520 atque
3361 2466 3394 2504 a
3424 2448 3614 2520 prima

1967 2533 2179 2590 virtute
2207 2533 2432 2590 vacuati
2466 2534 2721 2607 penitus,
2770 2552 2839 2591 ex
2869 2536 3001 2608 igne
3038 2553 3317 2593 conversa
3348 2536 3613 2593 membra

1970 2623 2029 2678 in
2056 2622 2308 2695 primam
2332 2626 2552 2679 natura:
2574 2640 2694 2679 sum.
2718 2625 3030 2695 puritatem
3059 2642 3173 2681 non
3197 2625 3504 2680 valuerunt
3528 2624 3614 2679 in-

1971 2715 2254 2769 staurare.
2281 2715 2429 2768 Nam
2461 2727 2565 2784 per
2592 2713 2825 2784 pondus
2848 2729 2918 2770 ex
2946 2712 3164 2769 carnali
3198 2713 3613 2785 concupiscen-

1970 2800 2051 2857 tia
2081 2805 2298 2866 ortum,
2334 2800 2462 2873 ipso
2493 2801 2627 2873 igne
2674 2801 2997 2869 desinente,
3031 2817 3135 2874 per
3182 2802 3425 2874 impiam
3459 2800 3614 2857 viam

1972 2889 2124 2946 infra
2153 2889 2538 2945 incesserunt.
2572 2888 2897 2961 Siquidem,
2948 2890 3142 2947 carnis
3183 2890 3430 2947 vinculis
3453 2905 3612 2945 com-

1971 2977 2175 3051 pediti,
2209 2977 2427 3033 detenti
2458 2982 2599 3033 sunt
2627 2994 2693 3034 ac
2715 2978 2940 3035 fortiter
2970 2978 3155 3052 ligati,
3188 2982 3428 3052 propter
3458 2977 3615 3050 quod

1971 3082 2089 3123 non
2110 3069 2428 3138 potuerunt
2458 3065 2716 3138 amplius
2745 3065 2803 3122 in
2827 3066 3003 3127 caelos
3034 3070 3367 3126 ascendere.

280 3243 430 3299 XIV.
487 3242 635 3297 Μετὰ
689 3241 793 3317 γὰρ
848 3239 1213 3310 συνουσίαν,’ὀ
1260 3244 1303 3279 ⁷⁸
1357 3244 1421 3298 τὸ
1475 3247 1690 3320 πρῶτον
1750 3241 1860 3320 ἐγί-

2049 3243 2193 3300 XIV.
2226 3242 2455 3300 Etenim
2479 3247 2612 3316 post
2627 3244 3027 3316 concubitum,
3061 3246 3213 3319 quod
3232 3249 3365 3303 ante
3396 3246 3627 3303 fuerant

203 3352 366 3388 νοντο
419 3331 803 3400 ἀπαιτηθέντες
847 3330 937 3385 καὶ
985 3336 1285 3409 παρασχεῖν
1348 3332 1541 3406 μηκέτι
1609 3329 1863 3404 δυνηθὲν-

207 3441 319 3491 τες,
356 3417 448 3473 δια
474 3419 537 3475 τὸ
570 3417 710 3475 ἄλλο
741 3440 794 3474 τι
840 3420 974 3494 μετὰ
1027 3421 1264 3494 μιασμὸν
1315 3421 1536 3486 ἑαυτοὺς
1566 3425 1613 3460 7°
1639 3429 1864 3494 ποιῆσαι

212 3511 292 3582 μὴ
325 3506 605 3579 δυνασθοιι⁹
640 3508 878 3582 ἀρέσκειν
906 3529 967 3564 τε
994 3515 1111 3572 ταῖς
1159 3509 1457 3586 ἐρωμέναις
1516 3510 1867 3587 βουλόμενοι,

1974 3337 2233 3406 repetere
2255 3332 2407 3405 jussi
2445 3349 2551 3389 nec
2582 3332 2836 3405 amplius
2856 3334 3113 3391 valentes
3142 3338 3437 3407 praestare,
3471 3351 3624 3407 quo-

1975 3422 2134 3478 niam
2168 3420 2325 3477 aliud
2359 3438 2473 3477 non
2513 3426 2778 3494 poterant
2808 3428 2941 3496 post
2990 3422 3501 3496 inquinamentum
3539 3424 3621 3479 fa-

1977 3527 2104 3567 cere
2133 3516 2191 3566 et
2232 3510 2522 3567 adamatis
2550 3510 2895 3567 mulieribus
2919 3511 3143 3584 placere
3174 3513 3493 3585 cupientes,
3517 3528 3623 3584 pro

210 3597 567 3663 ἄνθ’ἓαυτῶν
608 3597 737 3660 τοὺς
780 3600 879 3669 τῆς
922 3604 1025 3673 γῆς
1078 3597 1314 3673 μυελοὺς
1363 3598 1660 3675 ὑπέδειξαν,
1721 3601 1860 3678 λέγω

1979 3616 2041 3657 se
2072 3599 2217 3672 ipsis
2248 3599 2471 3654 viscera
2508 3604 2674 3655 terra:
2708 3602 3329 3672 ostenderunt,decus,
3354 3602 3620 3672 inquam,

214 3685 275 3743 δὲ
324 3685 396 3741 τὰ
443 3685 502 3741 ἐκ
552 3684 840 3759 μετάλλων
889 3683 1042 3759 ἄνθη,
1079 3688 1306 3764 χρυσὸν,
1356 3688 1588 3767 χαλκὸν,
1639 3689 1860 3767 ἄργυρον

1982 3689 2375 3756 metallorum,
2407 3705 2639 3756 aurum,
2670 3707 2767 3757 sas,
2792 3696 3120 3762 argentum,
3145 3692 3362 3746 ferrum
3380 3696 3436 3745 et
3465 3690 3625 3745 simi-

219 3774 455 3852 σίδηρον
500 3776 589 3829 καὶ
628 3776 697 3829 τὰ
745 3774 932 3848 ὅμοια,
977 3774 1069 3830 σὺν
1117 3782 1234 3840 τοῖς
1276 3778 1629 3851 τιμιωτάτοις
1678 3779 1860 3835 ἅπασιπ

1980 3776 2079 3846 lia,
2112 3792 2246 3832 cum
2276 3777 2552 3832 omnibus
2582 3777 2851 3850 pretiosis
2878 3778 3191 3851 lapidibus.
3225 3779 3369 3835 Cum
3402 3778 3495 3834 his
3518 3795 3623 3835 au-

219 3864 425 3928 λίθοις.
465 3862 569 3917 Σὺν
614 3864 827 3926 τούτοις
858 3861 915 3919 δὲ
949 3870 1065 3928 τοῖς
1118 3872 1453 3943 μαγευθεῖσιν
1486 3870 1531 3905 ⁸⁰
1574 3867 1746 3931 λίθοις
1785 3867 1860 3923 κα

1983 3870 2103 3922 tem
2137 3864 2515 3938 prmstigiosis
2560 3866 2790 3939 gemnis
2843 3867 3283 3925 tradideruntet
3337 3873 3494 3925 artes
3551 3868 3625 3926 ad

216 3952 322 4015 τὰς
370 3953 573 4027 τέχνας
618 3957 724 4007 τῶν
790 3953 927 4028 πρὸς
989 3949 1185 4010 ’έκαστα
1250 3956 1583 4033 πραγμάτων
1644 3955 1878 4033 παρέδο-

1988 3952 2218 4025 singula
2248 3953 2621 4025 pertinentes,
2653 3960 2710 4011 et
2740 3958 2995 4028 magicas
3026 3956 3301 4013 scientias
3332 3961 3627 4014 monstra-

225 4062 325 4097 σαν
364 4043 435 4113 εί,
468 4047 558 4096 καὶ
608 4041 829 4119 μαγείαν
879 4040 1246 4114 συνυπέδειξαν
1294 4047 1339 4082 ⁸²
1379 4042 1469 4100 καὶ
1520 4044 1860 4123 ἀστρονομίαε

1988 4047 2216 4109 verunt,
2250 4046 2303 4098 et
2335 4043 2753 4100 astronomiam
2786 4045 3128 4112 docuerunt,
3160 4047 3298 4102 item
3356 4046 3630 4118 stirpium

227 4126 501 4202 ἐδίδαξαν,
554 4126 806 4203 δυνάμεις
857 4151 917 4186 τε
962 4130 1123 4207 ῥιζῶν
1174 4132 1264 4187 καὶ
1307 4131 1405 4189 ὅσα
1452 4134 1584 4190 ποτὲ
1643 4134 1747 4190 ὑπὸ
1793 4135 1885 4189 ἆν-

1992 4134 2168 4197 vires,
2197 4148 2302 4187 nec
2331 4148 2448 4187 non
2480 4148 2842 4205 quaecunque
2872 4133 3132 4191 humana
3189 4151 3355 4191 mens
3387 4152 3500 4191 non
3536 4152 3637 4208 po-

229 4218 521 4297 θρωπίνης
552 4218 756 4282 ἐννοίας
806 4220 1083 4296 εὑρεθῆναι
1131 4220 1414 4293 ἀδύνατον,
1446 4218 1526 4279 ἔτι
1574 4220 1632 4279 δὲ
1678 4229 1860 4300 χρυσοῖ

1996 4222 2209 4279 tuisset
2236 4220 2517 4288 invenire,
2549 4221 2741 4278 adhuc
2771 4226 2829 4278 et
2858 4223 2984 4278 auri
3016 4224 3357 4295 argentique
3386 4241 3452 4280 ac
3482 4223 3643 4280 simi-

230 4306 325 4363 καὶ
357 4306 596 4384 ἀργύρου
626 4309 714 4363 καὶ
745 4312 853 4363 τῶν
887 4308 1094 4385 ὁμοίων
1122 4310 1304 4387 χύσιν,
1336 4311 1432 4375 τάς
1469 4333 1528 4369 τε
1572 4317 1680 4367 τῶν
1731 4311 1889 4384 ἐσθη-

235 4402 347 4453 τῶν
398 4398 449 4433 ⁸³
502 4395 762 4460 ποικίλας
819 4397 1013 4477 βαφάς.
1065 4398 1164 4455 Καὶ
1221 4398 1373 4455 πάνθ’
1432 4398 1644 4473 ἁπλῶς,
1693 4398 1892 4475 ὅσαπερ

1998 4309 2145 4366 lium
2179 4309 2490 4377 fusionem,
2522 4314 2696 4381 atque
2723 4310 2972 4367 vestium
3018 4311 3277 4368 diversas
3330 4312 3641 4369 tincturas.

2005 4398 2261 4469 Denique
2285 4396 2483 4453 omnia
2504 4414 2899 4471 prorsus,quaa
2919 4401 2991 4455 ad
3019 4406 3289 4457 ornatum
3313 4406 3371 4457 et
3386 4402 3645 4457 oblecta-

240 4487 378 4563 πρὸς
458 4484 671 4559 κόσμου
727 4486 818 4542 καὶ
868 4486 1109 4563 τέρψεώς
1165 4486 1276 4544 ἐστι
1336 4493 1625 4566 γυναικῶν,
1680 4494 1788 4545 τῶν
1846 4488 1860 4544 ἔ

2004 4488 2223 4545 tionem
2255 4486 2573 4542 mulierum
2605 4492 2889 4560 spectant,
2917 4488 3248 4545 daemonum
3280 4489 3338 4545 in
3370 4506 3542 4546 carne
3572 4488 3651 4543 li-

244 4575 401 4652 σαρκὶ
435 4572 694 4640 δεθέντων
726 4572 996 4650 δαιμόνων
1025 4575 1166 4633 ἐστὶν
1201 4577 1482 4655 εὑρήματα
1510 4581 1575 4637 ⁸⁴.

319 4666 436 4720 XV.
494 4664 589 4719 Ἐκ
636 4661 693 4718 δὲ
750 4670 853 4734 τῆς
907 4664 1064 4720 νόθου
1123 4665 1321 4739 μίξεως
1387 4667 1563 4723 αὐτῶν
1622 4667 1895 4745 ἅνθρωποι

250 4752 493 4830 ἐγένοντο
518 4751 689 4822 νόθοι,
720 4749 924 4825 πολλῷ
950 4774 1010 4830 γε
1048 4757 1153 4810 τῶν
1215 4754 1515 4829 ἀνθρώπων
1563 4757 1697 4813 κατᾶ
1743 4776 1903 4831 κορυ-

1928 4600 1976 4665 D
2007 4580 2275 4665 gatorum
2308 4575 2727 4665 suntinventa.

2076 4664 2192 4722 XV.
2230 4666 2307 4720 Ex
2334 4664 2663 4721 adulterina
2694 4670 2889 4723 autem
2947 4666 3183 4723 illarum
3244 4665 3658 4739 conjunctione

2014 4752 2134 4810 nati
2167 4758 2305 4810 sunt
2332 4753 2600 4811 homines
2622 4755 2828 4828 spurii,
2854 4755 3037 4812 multo
3060 4756 3401 4812 hominibus
3432 4758 3660 4811 statura

251 4845 357 4920 τὴν
422 4841 663 4914 μείζους,
722 4842 814 4903 οὓς
866 4842 919 4896 οἱ
965 4844 1010 4879 ⁸⁸
1043 4842 1177 4915 μετὰ
1204 4847 1371 4899 ταῦτα
1398 4843 1650 4919 γίγαντας
1682 4844 1860 4919 ὠνόμο

2017 4842 2291 4914 majores,
2325 4859 2472 4915 quos
2504 4848 2705 4915 postea
2733 4845 2999 4917 gigantes
3049 4845 3509 4911 nominaverunt,
3543 4860 3662 4900 non

253 4952 370 5003 σαν,
423 4928 489 4984 οὐ
537 4926 931 5006 ρακοντόποδες
1011 4927 1159 4993 ὄντες
1207 4932 1297 4986 καὶ
1335 4934 1471 5008 πρὸς
1502 4933 1629 4988 Θεὸν
1660 4932 1906 5005 πόλεμον

2020 4932 2381 5004 anguipedes
2411 4936 2467 4987 et
2496 4933 2775 4989 adversus
2833 4934 3015 4989 Deum
3049 4933 3270 4990 bellum
3330 4934 3537 5003 adorti,
3595 4935 3661 4988 ut

255 5020 544 5097 ἀράμενοι,
597 5020 673 5081 ὡς
716 5019 769 5074 οἱ
832 5017 1150 5097 βλάσφημοι
1208 5024 1316 5075 τῶν
1374 5019 1660 5092 Ἑλλήνων
1717 5018 1860 5093 ᾅδου

2022 5021 2216 5094 impiae
2247 5021 2576 5078 Graecorum
2609 5023 2921 5078 decantant
2952 5023 3181 5094 fabulae,
3214 5025 3312 5079 sed
3357 5023 3456 5078 feri
3488 5020 3664 5077 mori-

260 5110 447 5184 μῦθοι,
495 5105 643 5164 ἀλλὰ
700 5104 993 5184 θηριώδεις
1048 5108 1140 5163 τὸν
1190 5108 1413 5185 τρόπον,
1443 5108 1532 5165 καὶ
1564 5108 1782 5184 μείζους
1817 5110 1913 5185 μὲν

2026 5111 2139 5167 bus
2168 5115 2226 5166 et
2254 5110 2592 5166 hominibus
2620 5111 2859 5182 quidem
2899 5111 3052 5167 mole
3103 5112 3363 5183 corporis
3395 5111 3669 5181 maiores,

1619 5263 1867 5321 VARUS
1906 5262 2319 5321 LECTIONES.

330 5389 378 5426 "
411 5378 710 5461 μετέϐαλον
772 5391 830 5444 C.

931 5387 977 5424 ⁷ο
1024 5387 1249 5464 «sago.
1326 5387 1536 5464 ’ίιηδίπερ
1562 5386 1876 5464 9._Pos_tea
1906 5388 2196 5464 9._eodem
2249 5385 2414 5464 αἰτία,
2448 5394 2517 5464 ut
2564 5388 2747 5464 voluit
2912 5385 3085 5442 αἰτίαν
3144 5389 3373 5464 vulgo.“
3418 5387 3464 5425 ⁷⁸
3494 5406 3599 5464 ενει
3629 5384 3674 5446 Ο

264 5454 489 5533 absque
520 5460 729 5531 spiritu
763 5464 820 5533 et
854 5466 1114 5533 accentu.
1147 5462 1193 5496 ⁷³
1227 5454 1525 5531 μετέϐαλον
1552 5460 1614 5517 C.
1647 5461 1870 5533 τινων.
1905 5456 2167 5533 δείξαντες
2191 5456 2318 5520 τοὺς
2350 5454 2685 5533 ἄχαρίστους
2711 5460 3115 5533 desiderantur
3145 5461 3203 5515 in
3234 5454 3298 5516 Ο.
3330 5462 3376 5495 ⁷⁸
3404 5461 3679 5516 Mendum

263 5533 362 5605 τήν
390 5530 434 5605 8
465 5530 618 5605 male
648 5530 1275 5605 attribuigCotelerioA:
1308 5536 1500 5589 exstat
1530 5549 1624 5605 ap.
1658 5532 1739 5589 Cl.
1816 5533 1860 5605 ἶσ
1889 5530 2065 5605 αὐτῶν
2100 5532 2159 5587 C.
2208 5532 2279 5605 ξιτ
2311 5530 2723 5605 κατέχονταιλο.
2800 5531 2962 5605 7'_lta
2986 5532 3053 5605 UO
3105 5537 3162 5588 et
3206 5534 3248 5605 Ω
3295 5550 3365 5589 ex
3400 5533 3683 5605 conject”

266 5598 465 5680 ξῖςί
525 5603 587 5680 in
647 5602 967 5680 tegtu._‘7°_
1002 5600 1195 5680 adeo-Sc
1359 5605 1413 5680 1°
1444 5598 1755 5680 μεγεύθεῖσι
1804 5604 1884 5680 Οζ
1945 5604 1993 5680 ξι
2032 5604 2142 5680 _Ita
2187 5601 2242 5680 _0
2300 5619 2354 5680 οὶ
2381 5598 2811 5680 8.,’παρέδωσαν
2842 5603 2905 5663 C.
2980 5603 3027 5641 ⁸⁸
3054 5602 3281 5680 μαγείας
3318 5598 3591 5676 υπέδειξαν
3624 5598 3688 5669 C,

263 5677 311 5716 ³³
340 5672 671 5748 έσθημάθων
701 5674 768 5732 0.
843 5673 891 5708 “
919 5672 1188 5749 εὑρέματα
1214 5675 1281 5733 0.
1355 5677 1402 5712 ⁸⁵
1428 5672 1482 5731 ὁὶ
1511 5672 1732 5735 inserui
1762 5692 1815 5734 ο.
1848 5675 1914 5733 Ο.
1947 5674 2091 5732 Dein
2118 5676 2283 5730 τοῦτο
2313 5673 2376 5748 Ο,

563 5803 829 5871 ΡΑτιοι.
877 5799 989 5869 Gn.
1034 5799 1115 5870 II.

3376 5804 3416 5892 8
