4114 6338
527 406 643 468 935

1354 404 1419 467 S.
1466 404 1909 468 CLEMENTIS
1959 406 1977 467 Ι
2027 401 2216 468 ROM.
2263 406 2491 467 PONT.
2536 404 2797 468 OPERA
2840 407 3103 471 DUBIA.

3346 56 3453 75 κτη-

3810 408 3936 476 236

524 543 728 610 utpote
757 554 824 593 ex
854 535 1076 609 angelis
1106 536 1237 604 orti,
1272 535 1493 609 angelis
1522 554 1655 593 vero
1689 537 1962 606 minores,
2002 541 2067 592 ut
2097 553 2164 592 ex

2281 536 2576 610 ἀνθρώπων
2608 535 2673 590 τά
2714 537 2935 612 μεγέθη,
2970 536 3187 614 ἐπείπερ
3247 538 3297 609 ἐξ
3357 535 3597 617 ἀγγέλων
3660 538 3934 619 ἐγένοντο,

528 626 764 682 feminis
794 626 995 698 geniti.
1035 626 1189 681 Deus
1236 640 1392 697 ergo,
1426 642 1627 681 cernes
1675 625 1806 683 illos
1864 627 1936 681 ad
1969 626 2167 681 ferita-

530 721 648 772 tem
679 720 1068 788 exasperatos,
1094 714 1426 786 quibusque
1457 716 1528 769 ad
1562 715 1887 770 satietatem
1911 715 2169 770 mundus

532 821 653 859 non
682 803 975 860 sufficeret
1002 805 1163 872 (nam
1207 803 1277 858 ad
1310 802 1615 858 hominum
1649 803 2080 875 proportionem
2114 806 2172 858 et

528 894 602 949 ad
632 910 777 949 usus
802 893 1093 948 humanos
1116 892 1387 947 conditus
1414 896 1503 947 est
1527 892 1729 963 orbis),
1754 908 1826 947 ne
1845 891 2030 947 victus
2051 892 2170 947 ino-

525 982 621 1053 pia
642 983 713 1037 ad
747 986 967 1037 naturae
995 985 1419 1052 repugnantem
1451 996 1617 1037 esum
1655 980 1999 1036 animalium
2031 997 2166 1035 con-

526 1071 677 1127 versi
720 1070 984 1127 insontes
1015 1086 1141 1126 esse
1157 1070 1512 1139 viderentur,
1546 1069 1713 1141 quasi
1735 1068 1794 1124 id
1816 1086 1882 1125 ex
1914 1068 2169 1125 necessi-

528 1163 646 1215 tate
677 1160 979 1226 auderent,
1012 1157 1129 1214 illis
1163 1163 1312 1213 Deus
1342 1158 1712 1229 omnipotens
1752 1174 1966 1213 manna
2020 1156 2171 1229 pluit

527 1264 594 1304 ex
623 1249 782 1305 varia
811 1247 1150 1319 cupiditate,
1185 1252 1359 1318 atque
1399 1246 1559 1302 omni
1619 1247 1945 1302 desiderato
2006 1245 2169 1301 fruiti

527 1342 703 1405 sunt;
736 1340 795 1392 at
852 1335 956 1404 illi,
1016 1336 1087 1391 ob
1125 1335 1387 1408 spuriam
1413 1339 1680 1390 naturam
1716 1351 1861 1407 puro
1893 1334 2020 1390 cibo
2052 1350 2167 1389 non

527 1424 1010 1493 delectati,solum
1028 1423 1333 1496 sanguinis
1344 1428 1584 1495 gustum
1597 1423 1965 1496 appetebant.
1986 1422 2171 1486 Quare

529 1519 586 1570 et
616 1514 787 1586 primi
821 1529 1024 1570 carnes
1050 1513 1459 1585 degustarunt.

609 1780 748 1836 XVI.
784 1780 889 1845 Qui
916 1796 1048 1836 vero
1075 1796 1208 1835 cum
1238 1779 1355 1835 illis
1404 1779 1691 1851 degebant
1712 1778 2000 1849 homines,
2032 1781 2173 1833 tunc

532 1868 787 1942 primum
818 1869 971 1924 idem
1006 1867 1374 1924 mmulatione
1418 1868 1575 1924 ducti
1636 1868 1913 1923 fecerunt.
1945 1870 2031 1923 Ita
2083 1866 2171 1923 vel

528 1958 663 2013 boni
681 1957 766 2013 vel
791 1957 927 2013 mali
950 1974 1065 2013 non
1088 1956 1405 2021 nascimur,
1425 1955 1525 2012 sed
1547 1956 1722 2011 fimus
1751 1980 1765 2023 ;
1784 1959 1840 2010 et
1860 1954 2170 2011 assuefacti

527 2048 624 2103 vix
656 2047 1026 2103 retrahimur.
1052 2050 1228 2103 Porro
1258 2062 1392 2102 cum
1423 2046 1607 2101 brutis
1656 2044 1983 2100 animantes
2033 2049 2172 2099 tunc

524 2136 856 2203 deficerent,
890 2134 1053 2191 nothi
1084 2134 1350 2191 homines
1397 2135 1574 2190 etiam
1607 2133 1895 2189 humanas
1925 2133 2173 2189 ederunt

524 2241 758 2281 carnes:
784 2242 897 2279 non
921 2224 1077 2279 enim
1100 2224 1227 2294 jam
1259 2222 1427 2293 longe
1452 2223 1693 2277 aberant
1712 2238 1746 2275 a
1774 2220 2043 2277 violanda
2064 2238 2174 2277 sua

526 2330 716 2382 carne,
750 2313 849 2385 qui
878 2312 1045 2385 prius
1076 2313 1137 2368 in
1168 2311 1298 2368 aliis
1328 2312 1635 2385 speciebus
1657 2326 1889 2366 carnem
1912 2314 2173 2381 gustave-

528 2408 678 2457 rant.

600 2490 770 2547 XVII.
804 2491 910 2547 Per
930 2491 1183 2546 multum
1214 2507 1347 2547 vero
1379 2488 1727 2562 sanguinem
1759 2490 1954 2545 fusum
1986 2505 2171 2560 purus

531 2596 629 2636 aer
674 2579 906 2653 impuro
959 2580 1207 2636 fmdatus
1260 2596 1472 2651 vapore
1503 2584 1559 2634 et
1608 2578 1926 2635 insalubris
1986 2578 2172 2633 factus

530 2668 726 2741 ipsum
759 2668 1051 2741 spirantes
1076 2668 1326 2724 reddidit
1348 2668 1568 2724 morbis
1593 2668 1892 2738 obnoxios,
1926 2671 1990 2722 ut
2008 2667 2169 2722 dein-

530 2774 666 2830 ceps
689 2758 956 2814 homines
987 2756 1289 2813 immaturi
1337 2761 1721 2812 morerentur.
1753 2758 1927 2812 Terra
1973 2761 2169 2811 autem

530 2847 659 2903 ideo
677 2847 843 2903 valde
856 2846 1079 2918 polluta
1096 2851 1235 2901 tunc
1249 2846 1506 2918 primum
1525 2844 2094 2901 animaliavenenata
2113 2849 2171 2901 et

530 2938 801 2991 nocentia
846 2935 981 2992 fecit
1026 2934 1289 2992 ebullire.
1321 2934 1558 2991 Cunctis
1588 2950 1724 3005 ergo
1754 2935 1827 2989 ad
1884 2934 2170 2990 deteriora

524 3029 759 3096 propter
787 3026 939 3080 feros
961 3025 1254 3080 daemones
1274 3023 1668 3096 vergentibus,
1702 3023 1854 3078 Deus
1886 3022 2017 3079 illos
2040 3026 2169 3078 tan-

523 3129 701 3184 quam
722 3114 945 3170 malum
974 3114 1327 3169 fermentum
1350 3111 1554 3168 tollere
1572 3111 1846 3180 decrevit,
1870 3128 1941 3167 ne
1962 3129 1997 3168 a
2015 3111 2165 3168 malo

523 3202 747 3259 semine
788 3220 891 3275 per
945 3201 1156 3258 seriem
1209 3218 1573 3273 unaquaeque
1630 3205 1769 3257 aetas
1822 3200 2165 3272 praecedenti

2205 1914 2252 1979 B

2278 622 2527 698 ἀγγέλων
2556 628 2704 681 191
2742 622 2800 680 δὲ
2829 624 3107 691 ἐλάττους,
3143 627 3361 705 ἐπείπερ
3414 628 3472 684 ἐκ
3504 636 3771 705 γυναικῶν
3832 655 3933 708 γε-

2274 713 2495 799 γένηντο
2525 716 2589 770 ⁸⁸.
2623 715 2679 767 Ὀ
2709 712 2799 767 οὖν
2834 716 2981 787 Θεὸς,
3017 713 3175 778 εἰδὼς
3212 717 3400 780 αὐτοὺς
3448 721 3583 794 πρὸς
3618 722 3677 775 τὸ
3726 724 3935 799 θηριῶ-

2278 795 2362 859 δες
2392 798 2844 876 ἐξηγριωμένους,
2876 803 2967 857 καὶ
3015 804 3151 878 πρὸς
3200 806 3295 874 τήν
3344 807 3543 861 ἑαυτῶν
3594 795 3926 883 πλησμονήν

2274 887 2367 975 τὸν
2422 887 2627 961 κόσμον
2684 889 2781 944 οὐκ
2835 887 3063 965 ἔχοντας
3094 896 3137 929 ⁸⁷
3166 896 3280 968 (14)
3312 894 3549 968 αὐτάρκη
3604 898 3761 973 (πρὸς
3820 902 3930 975 γὰρ

2276 974 2575 1051 ἀνθρώπων
2630 978 2915 1054 ἀναλογίαν
2967 977 3381 1057 ἐδημιουργήθη
3432 984 3521 1039 καί
3578 994 3778 1062 χρῆσιν
3830 974 3928 1043 ἀνῖ-

2278 1065 2599 1154 θρωπίνην),
2656 1066 2748 1121 ’ίνα
2808 1069 2882 1141 μὴ
2944 1068 3118 1143 ἐνδείᾳ
3166 1080 3375 1150 τροφῆς
3404 1076 3447 1109 ss
3479 1074 3564 1129 ἐπὶ
3622 1077 3721 1145 τὴν
3779 1081 3931 1154 παρὰ

2278 1151 2432 1230 φύσιν
2464 1158 2570 1209 τῶν
2606 1156 2756 1224 ζώων
2794 1158 2957 1234 βορὰν
3001 1160 3326 1235 τρεπόμενοι
3372 1162 3649 1219 ἀνεύθυνοι
3695 1151 3929 1223 δοκῶσιν

2277 1241 2429 1315 εἶναι,
2463 1243 2537 1305 ὡς
2570 1241 2640 1297 δι’
2669 1244 2902 1322 ἀνάγκην
2942 1252 3101 1303 τοῦτο
3148 1249 3576 1323 τετολμηκότες,
3613 1254 3782 1327 μάννα
3828 1256 3927 1312 αὖ·

2275 1336 2392 1393 τοῖς
2425 1333 2453 1386 6
2483 1330 2895 1408 παντοδύναμος
2928 1339 3055 1399 Θεὸς
3090 1334 3434 1415 ἐπώμϐρισεν
3466 1344 3511 1379 ⁸⁹
3560 1341 3619 1397 ἐκ
3667 1343 3933 1416 ποικίλης

2280 1419 2590 1495 ἐπιθυμίας,
2642 1422 2731 1477 καὶ
2789 1424 2989 1487 παντὸς
3050 1427 3217 1503 οὗπερ
3276 1423 3568 1485 ἐϐούλοντο
3624 1432 3931 1504 ἀπήλαυονο

2278 1509 2333 1601 ol:
2364 1505 2479 1601 δ’ξο
2511 1510 2624 1601 ὑπὸ.
2669 1510 2831 1575 νόθου
2888 1513 3120 1591 φύσεως,
3151 1515 3231 1588 τῷ
3282 1523 3502 1591 καθαρῷ
3555 1526 3658 1590 τῆς
3713 1530 3931 1601 τροφῆς

2279 1596 2380 1685 οὐκ
2434 1597 2804 1674 ἀρεσκόμενοι,
2841 1601 3008 1674 μόνης
3061 1611 3161 1673 τῆς
3218 1610 3324 1661 τῶν
3385 1608 3630 1681 αἱμάτων
3689 1596 3931 1685 γεύσεως

2280 1683 2589 1762 ἐγλίχοντο.
2624 1687 2717 1743 Διὸ
2746 1690 2835 1744 καὶ
2866 1695 3074 1767 πρῶτοι
3106 1698 3315 1770 σαρκῶν
3349 1693 3651 1772 ἐγεύσαντο.

2351 1776 2492 1832 XVI.
2512 1776 2575 1830 Οἱ
2593 1773 2650 1865 δὲ
2681 1776 2773 1832 σὺν
2806 1777 2989 1842 αὐτοῖς
3021 1777 3299 1857 ἄνθρωποι
3320 1784 3383 1838 τὸ
3407 1783 3598 1858 ὅμοιον
3630 1786 3752 1843 τότε
3780 1793 3932 1865 πρῶ-

2280 1883 2371 1917 τον
2404 1869 2577 1919 ποιεῖν
2613 1864 2915 1936 ἐζήλωσαν.
2948 1867 3137 1931 Οὕτως
3170 1867 3275 1926 εἷ’τε
3304 1871 3492 1948 ἀγαθοὶ
3524 1872 3631 1930 εἶίτε
3661 1864 3833 1933 κακοίγ
3867 1879 3930 1934 οὗ

2280 1954 2587 2027 γεννώμεθα
2616 1956 2683 2022 θί,
2717 1953 2862 2009 ἀλλά
2897 1956 3175 2032 γινόμεθα·
3216 1959 3305 2014 καὶ
3354 1960 3645 2027 ἐθισθέντες
3692 1962 3928 2023 δυσαπο-

2282 2042 2531 2103 σπάστως
2562 2038 2785 2117 ἔχομεν.
2812 2049 2927 2099 Τῶν
2961 2044 3018 2100 δὲ
3057 2045 3270 2123 ἀλόγων
3302 2050 3455 2118 ζώων
3481 2052 3605 2108 τότε
3643 2053 3929 2112 ἐπιλιπόν-

2278 2149 2409 2198 των,
2443 2130 2496 2185 οἱ
2523 2130 2975 2221 νόθῗοιγᾶνθρωποι
3006 2134 3095 2189 καὶ
3126 2135 3478 2212 ἀνθρωπίνων
3505 2146 3716 2218 σαρκῶν
3781 2144 3931 2221 ἐγεύ-

2281 2240 2440 2272 σαντο
2471 2222 2533 2291 θ’,
2578 2220 2755 2275 οὗκέτι
2785 2221 2888 2297 γὰρ
2918 2222 3103 2285 αὐτοῖς
3132 2225 3198 2293 ἧν
3234 2227 3462 2301 μακρὰν,
3494 2232 3594 2298 τὴν
3646 2228 3767 2303 ἴσην
3818 2220 3932 2289 δια-

2280 2308 2493 2385 φθεῖραι
2525 2310 2713 2384 σάρκα,
2748 2310 3007 2387 πρότερον
3038 2311 3087 2366 ἐν
3141 2314 3347 2384 ἑτέραις
3400 2324 3635 2395 μορφαῖς
3686 2320 3851 2391 αὐτῆς
3883 2325 3931 2359 ’³

2277 2395 2619 2472 γευσάμενοι.

2349 2487 2517 2544 XVII.
2551 2488 2671 2542 Ἐπὶ
2704 2484 2760 2542 δὲ
2788 2492 2856 2563 τῇ
2898 2488 3087 2561 πολλῇ
3132 2494 3239 2545 τῶν
3298 2493 3542 2567 αἱμάτων
3593 2496 3743 2572 ῥύσει
3773 2501 3801 2555 6
3831 2522 3930 2556 κα-

2279 2576 2438 2648 θαρὸς
2471 2576 2577 2652 ἀῆρ
2615 2576 2897 2653 ἀκαθάρτῳ
2930 2579 3277 2653 ἀναθυμιάσει
3333 2586 3577 2655 μιανθεὶς
3625 2587 3713 2641 καὶ
3766 2592 3929 2662 νοσή-

2281 2686 2372 2728 σας
2403 2664 2530 2727 τοὺς
2560 2665 2921 2729 ἀναπνεοντας
2954 2668 3110 2723 αὐτὸν
3153 2668 3411 2735 νοσώδεις
3472 2672 3829 2751 ἀπειργάζετο
3863 2682 3931 2750 9‘,

2280 2756 2353 2817 ὡς
2406 2754 2533 2817 τοὺς
2593 2756 2910 2829 ἀνθρώπους
2970 2755 3161 2812 λοιπὸν
3206 2760 3417 2836 ἀώρους
3448 2762 3828 2835 ἀποθνήσκειν.
3863 2770 3934 2827 Ἡ

2279 2840 2336 2899 δὲ
2390 2850 2459 2920 γῆ
2521 2842 2581 2898 ἐκ
2631 2843 2841 2930 τούτων
2896 2847 3049 2903 192
3103 2845 3311 2924 σφόδρα
3371 2853 3652 2922 μιανθεῖσα
3706 2860 3931 2930 πρῶτον

2274 2932 2399 2988 τότε
2453 2934 2521 2987 τὰ
2561 2928 2756 2988 ἰοϐόὶα
2812 2933 2901 2987 καὶ
2961 2933 3261 3008 λυμαντικά
3313 2942 3423 3007 ζῶα
3478 2928 3777 3017 ἐξέϐρασεν.
3812 2950 3935 3002 Τῶν

2277 3020 2368 3077 οὖν
2400 3020 2613 3077 πάντων
2644 3022 2779 3097 πρὸς
2809 3021 2871 3076 τὸ
2903 3028 3089 3098 χεῖρον
3122 3026 3488 3101 χωρησάντων
3525 3028 3615 3085 διὰ
3640 3030 3771 3094 τοὺς
3821 3045 3933 3105 θη-

2276 3108 2492 3187 ριώδεις
2525 3108 2803 3195 δαίμονας,
2831 3112 2859 3166 6
2912 3112 3042 3174 Θεὸς
3074 3112 3265 3176 αὐτοὺς
3297 3114 3475 3191 ὥσπερ
3523 3121 3693 3190 κακήν
3748 3121 3932 3195 ζύμην

2276 3198 2472 3270 ἐξελεῖν
2503 3194 2843 3271 ἐϐουλεύετο,
2871 3198 2962 3255 ’ίνα
3007 3203 3083 3273 μὴ
3132 3202 3238 3258 ἀπὸ
3286 3212 3489 3282 σπορᾶς
3534 3216 3705 3278 κακῆς
3734 3213 3778 3247 ss
3806 3194 3932 3267 κατ’

523 3290 1209 3365 assimilata,pariterque
1232 3291 1433 3364 impia,
1461 3291 1724 3346 futurum
1754 3290 2162 3346 salvandorum

2277 3286 2597 3343 ἀκολουθίαν
2657 3287 2851 3359 ἑκάστη
2910 3289 3065 3363 γενεὰ
3119 3294 3187 3365 τῇ
3240 3293 3345 3367 πρὸ
3394 3293 3561 3365 αὐτῆς
3639 3295 3931 3372 ἐξομοιου..

519 3380 827 3437 hominum
852 3380 1128 3437 smculum
1159 3380 1432 3437 aboleret.
1457 3379 1821 3452 Quapropter
1846 3384 2156 3452 postquam

517 3470 617 3524 uni
640 3470 959 3541 virojusto,
992 3486 1124 3526 cum
1147 3469 1337 3525 tribus
1360 3486 1428 3526 ex
1451 3468 1554 3525 illo
1586 3468 2001 3541 natiscumque
2031 3468 2156 3523 illo-

514 3575 644 3615 rum
680 3560 959 3615 uxoribus
1013 3564 1186 3631 atque
1243 3558 1403 3621 ﬁliis.
1459 3562 1522 3613 ut
1570 3558 1628 3612 in
1661 3574 1796 3613 arca
1853 3558 2160 3613 evaderent

510 3649 982 3720 przsnuntiasset,
1015 3664 1229 3720 aquam
1260 3646 1466 3702 diluvii
1497 3646 1764 3713 immisit,
1798 3650 1863 3701 ut
1882 3645 2156 3702 omnibus

512 3738 897 3809 consumptis,
931 3737 1188 3792 mundus
1215 3739 1499 3807 purgatus
1519 3739 1591 3805 ei,
1622 3736 1721 3806 qui
1764 3735 1823 3790 in
1855 3752 1988 3791 arca
2034 3751 2155 3791 ser-

511 3827 898 3897 vatusfuerat,
920 3826 979 3880 in
1000 3826 1321 3882 secundum
1346 3824 1477 3879 vitae
1499 3823 1770 3879 humanae
1800 3823 2154 3896 principium

507 3930 693 3986 purus
724 3916 1085 3971 redderetur.
1124 3916 1312 3984 Atque
1343 3912 1423 3968 ita
1451 3912 1656 3968 evenit.

581 4095 776 4149 XVIII.
812 4093 960 4161 Quia
990 4108 1125 4164 ergo
1184 4093 1551 4146 mortuorum
1584 4090 1886 4163 gigantum
1946 4090 2153 4147 animae

507 4181 783 4237 humanis
815 4180 1125 4235 animabus
1156 4182 1319 4235 erant
1377 4179 1650 4249 majores,
1684 4183 1749 4233 ut
1804 4194 1932 4249 qua:
1962 4194 2031 4233 ex
2061 4196 2150 4235 ra-

507 4271 665 4326 tione
698 4286 1005 4341 corporum
1036 4267 1401 4335 excellerent,
1425 4272 1707 4339 tanquam
1730 4284 1943 4321 novum
1965 4284 2153 4339 genus

505 4375 719 4417 novum
754 4374 963 4414 nomen
999 4361 1363 4429 acceperunt.
1397 4356 1619 4421 Quibus
1646 4355 2060 4427 superstitibus
2092 4357 2151 4412 in

502 4448 746 4512 mundo,
774 4463 889 4517 quo
924 4446 1094 4501 modo
1140 4445 1473 4513 vivendum,
1507 4462 1540 4499 a
1576 4449 1686 4499 Deo
1720 4462 1821 4516 per
1875 4444 2149 4516 angelum

498 4536 723 4592 sancita
752 4540 840 4591 est
859 4534 969 4591 lex.
1002 4534 1147 4590 Cum
1178 4533 1333 4589 enim
1366 4538 1563 4588 essent
1592 4548 1801 4605 genere
1833 4533 2039 4605 spurii,
2082 4551 2150 4589 ex

2271 3380 2429 3451 μένη,
2481 3377 2690 3451 ὁμοίως
2735 3372 3018 3449 ἀσεϐοῦσα,
3068 3380 3158 3434 τὸν
3227 3379 3479 3455 ἐσόμενον
3524 3383 3697 3441 αἰῶνα
3746 3392 3929 3459 σωζο-

2270 3467 2443 3538 μένων
2475 3464 2684 3541 ἀνδρῶν
2714 3466 2939 3540 κενώσῃ.
2973 3466 3175 3522 Τούτου
3208 3465 3273 3538 δὴ
3318 3468 3489 3526 ἕνεκεν
3547 3472 3621 3527 ἑνί
3677 3490 3783 3530 τινι
3846 3474 3930 3532 δια

2265 3553 2405 3628 καίῳ
2466 3556 2598 3626 μετὰ
2652 3558 2758 3609 τῶν
2817 3553 2867 3625 ἐξ
2916 3554 3080 3610 αὐτοῦ
3107 3562 3294 3633 τριῶν,
3327 3558 3418 3613 σὺν
3451 3566 3572 3623 ταῖς
3600 3562 3776 3619 αὐτῶν
3825 3586 3932 3640 γυ-

2263 3644 2454 3717 ναιξὶν,
2506 3644 2620 3716 ἅμα
2670 3648 2788 3705 τοῖς
2845 3644 2985 3706 υἱοῖς
3045 3647 3109 3715 ⁸⁸,
3170 3645 3221 3700 ἐν
3275 3644 3498 3723 λάρνακι
3559 3647 3922 3721 διασώζεσθαι

2262 3731 2630 3808 προαγγείλας
2688 3729 2833 3807 ὕδωρ
2892 3730 2969 3794 εἷς
3027 3732 3406 3808 κατακλυσμὸν
3468 3736 3779 3812 ἐπέκλυσεν,
3826 3740 3925 3798 ἵνα

2262 3821 2475 3876 πάντων
2566 3819 2945 3876 ἀναλωθέντων
3024 3823 3053 3876 6
3122 3823 3328 3897 κόσμος
3412 3830 3923 3905 κατεκκαθαρισθεῖς

2264 3909 2409 3983 αύτῷ
2454 3914 2533 3983 τῷ
2580 3909 2629 3964 ἐν
2686 3908 2913 3985 λάρνακι
2965 3908 3275 3967 διασωθέντι
3323 3912 3398 3976 εἷς
3456 3913 3703 3993 δευτέραν
3764 3916 3924 3994 βίου-

2264 4000 2441 4074 ἀρχήν
2472 3999 2705 4074 καθαρὸς
2735 3996 3003 4073 ἀποδοθῇ,
3038 4000 3141 4056 Καὶ
3171 3998 3236 4070 δὴ
3271 4000 3443 4066 οὕτως
3473 4002 3707 4080 ἐγένετο.

2331 4090 2525 4144 XVIII.
2559 4088 2707 4142 Ἐπεὶ
2738 4085 2829 4141 οὖν
2872 4088 2926 4142 αἱ
2967 4092 3074 4144 τῶν
3124 4091 3434 4154 τεθνεώτων
3483 4095 3751 4169 γιγάντων
3803 4099 3920 4171 ψυ-

2262 4175 2359 4252 χαὶ
2414 4181 2519 4231 τῶν
2554 4175 2902 4251 ἀνθρωπίνων
2936 4180 2978 4214 97
3009 4181 3202 4254 ψυχῶν
3247 4179 3463 4253 μείζους
3512 4183 3670 4255 ἦσαν,
3702 4185 3793 4240 ἅτε
3840 4184 3914 4258 δὴ

2260 4266 2350 4319 καὶ
2405 4270 2525 4328 τοῖς
2586 4266 2829 4338 σώμασιν
2887 4266 3271 4341 ὑπερέχουσαι,
3304 4268 3379 4332 ὡς
3437 4274 3480 4308 9⁸
3509 4274 3689 4328 καινὸν
3750 4275 3915 4349 γένος

2258 4353 2429 4426 καινῷ
2484 4354 2573 4408 καὶ
2626 4354 2707 4425 τῷ
2770 4353 2991 4427 ὀνόματι
3050 4359 3592 4433 προσηγορεύθησαν.
3635 4364 3729 4424 Οἷς
3789 4364 3914 4418 ἐπι-

2261 4440 2477 4504 λοίποις
2532 4446 2610 4514 τῷ
2655 4441 2849 4515 κόσμῳ
2900 4443 2976 4505 ὡς
3027 4441 3107 4499 δεῖ
3151 4447 3322 4520 βιοῦν,
3361 4447 3463 4502 ὑπὸ
3494 4454 3627 4504 Θεοῦ
3658 4450 3727 4505 δι’
3758 4452 3917 4528 ἀγγέ-

2259 4528 2359 4585 λου
2395 4530 2565 4604 νόμος
2614 4530 2841 4604 ὡρίσθη.
2894 4532 3076 4595 Ὀντες
3125 4534 3228 4609 γὰρ
3287 4535 3434 4591 νόθοι
3494 4542 3572 4610 τῷ
3644 4538 3784 4615 γένει
3851 4540 3917 4596 ἐκ

496 4624 631 4697 igne
664 4623 1003 4696 angelorum
1025 4628 1081 4678 et
1110 4621 1422 4678 mulierum
1441 4620 1745 4693 sanguine,
1779 4626 1835 4676 et
1864 4622 1993 4677 ideo
2014 4639 2146 4693 pro-

2277 4620 2425 4694 τυρὸς
2462 4619 2701 4695 ἀγγέλων
2734 4619 2823 4674 καὶ
2856 4618 3086 4693 α’ίματος
3135 4629 3424 4698 γυναικῶν,
3456 4626 3544 4681 καῖ
3607 4625 3695 4683 διὰ
3742 4633 3913 4687 τοῦτο

497 4715 693 4787 prium
751 4713 1046 4785 quoddam
1098 4728 1281 4785 genus
1312 4716 1509 4766 essent
1538 4710 1926 4781 concupituri,
1979 4711 2145 4780 justa

2258 4707 2397 4764 ἰδίου
2439 4709 2586 4771 τινὸς
2636 4710 2828 4785 γένους
2876 4709 3156 4783 ἐπιθυμεῖν
3211 4710 3527 4785 μέλλοντες,
3562 4712 3752 4789 δικαίῳ
3798 4718 3912 4773 τινὶ

494 4803 696 4877 aliqua
723 4802 847 4875 lege
878 4800 1261 4874 praeoccupati
1296 4804 1453 4856 sunt.
1487 4800 1703 4855 Missus
1729 4799 1885 4854 enim
1938 4800 2010 4855 ad
2041 4817 2139 4857 eos

2277 4796 2673 4877 τροελήφθησαν
2752 4798 2926 4873 νόμῳ.
2980 4799 3319 4879 Ἐξεπέμιρθη
3386 4804 3487 4879 γὰρ
3556 4803 3739 4868 αὐτοῖς
3802 4807 3913 4863 ὑπὸ

1850 4942 2086 4999 νΑΗΙιΕ
2125 4943 2541 5001 LEGTIONES.

564 5060 608 5139 εξ
638 5058 1055 5139 γεγέννῃντοκο.
1082 5138 1088 5139 γ
1131 5060 1174 5094 ⁸⁷
1207 5060 1291 5114 Ita
1320 5058 1677 5139 correxitACq
1703 5057 1881 5139 cuius
1902 5060 2041 5139 cod:
2075 5053 2314 5139 ἔχοντες,
2351 5064 2415 5139 u_t
2564 5059 2629 5139 .88
2653 5060 2747 5139 .Ita
2772 5060 2907 5115 dedi
2937 5075 3007 5116 ex
3035 5062 3307 5139 conjecta
3330 5057 3505 5139 ἐνδείᾳ
3560 5067 3784 5139 τροφαῖς
3817 5066 3909 5139 0.,

494 5129 553 5219 ἐγ,
580 5128 932 5219 διέτρίοφῇέῼ.
964 5134 1170 5219 Ιξοεῖὶρθ.
1196 5129 1530 5219 τραπόμενοι
1648 5198 1662 5219 ⁷
1703 5129 1756 5217 ⁸91
1780 5129 1864 5184 Ita
1892 5128 2143 5219 3ᾸάΞῶ
2175 5132 2420 5219 θξιδροά.
2462 5130 2527 5219 0,;
2561 5128 2905 5219 ἐπώνορηρεν

494 5200 597 5266 οἷ’θ’
624 5205 684 5270 C,
704 5198 791 5259 Ὀ.’
818 5198 828 5206 ’
858 5206 899 5240 ⁹¹
921 5202 1034 5276 ,οὐκ
1064 5198 1404 5276 ἐγεννώμεθα
1433 5206 1490 5257 C.
1549 5202 1612 5276 λ⁹²
1645 5198 1920 5276 ἐγεύσοντο
2046 5203 2204 5276 Tum;
2228 5199 2364 5276 ἰδίαν

2916 5175 2929 5201 ,
2964 5148 3056 5257 88.
3109 5123 3169 5187 αξ
3213 5123 3548 5205 ἐπόνϐρισεν.
3594 5123 3785 5191 ’θοδΙιὰ
3816 5123 3907 5206 8.;

2916 5220 2955 5256 a
3085 5219 3137 5257 c.
3186 5204 3269 5257 S.-
3322 5203 3506 5257 αὐτοῖς
3553 5204 3613 5257 C.
3644 5208 3907 5257 Subinde

2791 5203 2835 5236 ⁹³
2869 5203 2955 5275 Ita
2991 5203 3034 5257 Ο
3085 5219 3137 5258 c.
3186 5204 3269 5275 S.,
3322 5203 3506 5265 αὐτοῖς
3553 5204 3613 5260 C.
3644 5203 3909 5265 Subinde

2500 5196 2527 5221 ,Ι

2398 5219 2459 5272 p.
2500 5204 2622 5269 ἴσην
2654 5204 2713 5255 C.

491 5276 844 5348 γευσαμένοις
902 5275 960 5329 C.
1039 5270 1485 5348 ⁹⁴’ἀπειργάζετο
1524 5273 1578 5348 _S
1636 5270 1727 5348 9.,
1786 5270 2238 5348 éqspydﬁato__c.
2313 5270 2536 5348 9‘_1Vo_x
2608 5276 2781 5337 κακῆς
2830 5288 2864 5327 a
3005 5270 3382 5348 omiqssa'in
3433 5282 3655 5332 textum
3734 5280 3912 5337 rediit

496 5342 565 5402 ex
594 5342 673 5401 Ο(
734 5348 777 5383 ⁹⁶
810 5345 1027 5406 λοιποῖς
1059 5350 1116 5400 C.
1193 5346 1236 5380 97
1262 5342 1608 5418 ἀνθρωπείων
1642 5344 1707 5403 Ο.

496 5418 837 5488 puncﬁone.

1783 5345 1827 5379 ⁸⁸
1850 5338 1954 5405 ἓως
2004 5338 2068 5401 Ο.
2124 5344 2283 5400 Idem
2333 5342 2543 5399 deinde
2590 5341 3037 5415 προσηγορεύθης
3088 5346 3170 5407 οἷς
3209 5344 3505 5418 ἐπηλύτοις
3552 5348 3678 5405 sine
3723 5350 3911 5407 inter-

1879 5531 2263 5589 VARIORUM
2295 5528 2525 5587 NOTAE.

565 5645 817 5729 (14λοὐκ
854 5643 1096 5729 ἔχοντες.
1132 5646 1237 5729 Pro
1295 5646 1394 5729 οὐκ
1422 5644 1676 5729 ἔχοντας..
1727 5644 1949 5729 Vitium
1984 5647 2144 5729 calli-

2254 5645 2563 5723 disseritur
2581 5642 2651 5723 de
2666 5644 3024 5723 abstinentia
3045 5665 3079 5723 a
3098 5648 3405 5723 carnibus;
3431 5655 3490 5709 et
3510 5651 3912 5717 adnectuntur

490 5716 720 5823 graphi,
754 5716 1262 5796 non’t‘ypographi.
1294 5722 1376 5777 Ex
1405 5716 1565 5776 more
1585 5724 1779 5777 autem
1811 5719 2136 5777 Ebionitice
2245 5719 2453 5776 fabulae
2486 5716 2727 5791 cognitis
2754 5719 2923 5793 juxta
2951 5736 3020 5779 ac
3049 5716 3550 5799 incognitwrcor.
