4112 6344
158 475 276 540 237

1266 479 1798 548 CLEMENTINA.
1831 516 1907 527 —
1937 482 2269 546 HOMILIA
2313 484 2469 547 Vill.

3450 486 3568 553 238

155 613 253 664 τοῦ
284 613 426 665 Θεοῦ
456 610 502 649 ⁸ο
528 603 764 687 ἄγγελός
808 632 915 686 τις,
962 611 1061 683 τῆν
1110 614 1274 670 αὐτοῦ
1328 615 1535 691 βουλὴν
1588 612 1788 689 μηνύω·

1921 618 2010 672 est
2037 632 2070 672 a
2099 616 2215 672 Deo
2244 616 2485 689 quidam
2518 617 2782 691 angelus,
2806 615 2967 674 illius
2994 616 3345 675 voluntatem
3380 621 3569 678 decla-

151 700 242 754 καὶ
276 700 483 777 λέγων’

218 793 366 845 XIX.
412 786 548 845 Τάδε
612 786 768 847 δοκεῖ
832 795 913 865 τῷ
968 791 1316 868 πάντεπόπτῃ
1370 795 1510 867 Θεῷ,
1572 789 1804 867 μηδενὸς

149 876 455 953 ἀνθρώπων
489 879 629 951 ὑμᾶς
659 880 947 955 κυριεύειν,
984 878 1125 955 μηδὲ
1164 881 1527 958 παρενοχλεῖν
1589 879 1803 955 μηδενὶ,

148 965 235 1020 ἐὰν
278 968 361 1039 μή
426 988 509 1030 τις
568 968 703 1023 ἑκὼν
756 969 943 1024 ἑαυτὸν
997 968 1123 1043 ὑμῖν
1188 969 1598 1046 καταδουλώσῃ,
1650 973 1804 1029 193

145 1060 474 1131 προσκυνῶν
536 1056 677 1131 ὑμᾶς
734 1058 825 1112 καὶ
881 1056 1023 1114 θύων
1092 1058 1183 1115 καὶ
1254 1057 1494 1115 σπένδων
1551 1060 1642 1115 καὶ
1706 1066 1805 1129 τῆς

145 1143 419 1220 ὑμετέρας
472 1142 905 1220 μεταλαμϐάνων
955 1148 1249 1224 τραπέζης,
1301 1149 1337 1219 ἢ
1386 1145 1568 1227 ἕτερόν
1624 1170 1677 1203 τι
1726 1150 1799 1204 ὧν

144 1233 203 1287 οὗ
247 1234 371 1309 χρή
426 1233 685 1304 ἐκτελῶν,
716 1236 751 1304 ἢ
785 1236 920 1309 αἷμα
969 1235 1136 1312 χέων,
1169 1236 1203 1307 ἦ
1244 1241 1454 1313 σαρκῶν
1500 1242 1700 1312 νεκρῶν
1736 1239 1804 1275 ¹⁰⁰

143 1322 477 1395 γεύομενος,
512 1324 548 1392 ἢ
598 1322 791 1400 θηρίου
839 1322 1097 1399 λειψάνου
1145 1326 1182 1395 ἢ
1229 1330 1444 1399 τμητοῦ
1489 1327 1525 1396 ἢ
1575 1329 1801 1381 πνικτοῦ

141 1413 174 1479 ἦ
224 1410 413 1467 ἄλλου
458 1413 609 1474 τινὸς
657 1412 962 1489 ἀκαθάρτου
1024 1412 1441 1488 ἐμπιπλάμενος
1488 1420 1530 1472 ¹.
1576 1419 1690 1469 Τῶν
1743 1412 1801 1470 δὲ

140 1500 297 1573 νόμῳ
330 1499 456 1573 ἐμῷ
486 1501 937 1577 προσφευγόντων
969 1502 1031 1558 οὔ
1065 1503 1228 1577 μόνον
1263 1504 1325 1559 ού
1375 1503 1623 1578 ψαύσετε,
1656 1502 1802 1559 ἀλλά

140 1588 225 1642 καὶ
270 1590 452 1661 τιμὴν
505 1587 725 1659 δώσετε,
757 1591 845 1645 καὶ
902 1589 962 1646 ἐκ
1005 1593 1302 1665 προσώπου
1347 1593 1594 1670 φεύξεσθε
1640 1595 1684 1650 ³.
1733 1594 1798 1647 "0

137 1698 187 1731 τι
217 1679 326 1754 γάρ
364 1677 426 1731 ἂν
458 1677 643 1741 αὐτοῖς
672 1676 901 1741 δικαίοις
933 1677 1052 1734 οὖσι
1083 1682 1199 1735 καθ’
1249 1682 1399 1753 ὑμῶν
1461 1678 1615 1753 δοκῇ,
1648 1682 1802 1746 τοῦθ’

139 1764 279 1838 ὑμᾶς
313 1763 503 1836 δεήσει
532 1768 743 1822 παθεῖν.
779 1766 899 1822 Ἐὰν
933 1764 991 1822 δέ
1034 1789 1173 1831 τινες
1214 1773 1323 1825 τῶν
1354 1771 1376 1806 ³
1404 1768 1528 1843 ἐμοὶ
1574 1790 1797 1843 προκει-

136 1856 314 1926 μένων
382 1854 773 1929 ἐξαμάρτωσιν,
804 1856 839 1925 ἢ
893 1858 1316 1932 μοιχευσάμενοι
1349 1861 1373 1894 ⁴
1408 1859 1442 1927 ἢ
1501 1858 1796 1934 μαγεύσαν-

1918 722 2076 775 rans,
2108 706 2201 761 his
2230 706 2424 763 verbis
2449 724 2463 761 :

1985 793 2133 851 XIX.
2167 795 2294 850 Haec
2323 795 2449 850 visa
2477 798 2617 850 sunt
2644 795 2909 850 omnium
2948 794 3262 868 iuspectori
3293 797 3430 867 Deo,
3461 815 3564 856 vos

1914 881 1975 937 in
2005 883 2303 939 neminem
2350 882 2655 940 hominum
2704 883 3016 952 dominari,
3071 901 3260 957 neque
3306 886 3390 942 illi
3430 903 3565 944 mo-

1914 970 2145 1027 lestiam
2178 971 2413 1041 inferre,
2448 971 2561 1028 nisi
2592 972 2725 1044 quis
2754 971 2952 1028 volens
2984 989 3047 1029 se
3078 975 3237 1030 vobis
3270 975 3329 1030 in
3372 978 3561 1033 servi-

1913 1063 2096 1116 tutem
2127 1060 2396 1132 subjecit,
2447 1062 2698 1116 adorans
2746 1078 2867 1129 vos,
2920 1066 2977 1117 et
3015 1062 3373 1136 sacrificans,
3402 1070 3459 1120 et
3488 1065 3558 1120 li-

1914 1147 2078 1215 bans,
2110 1153 2167 1205 et
2185 1153 2385 1205 vestra
2408 1167 2581 1206 casus:
2603 1150 2917 1223 particeps,
2940 1154 3042 1206 aut
3071 1152 3372 1225 quidpiam
3396 1152 3555 1210 aliud

1912 1238 2066 1309 quod
2090 1255 2206 1293 non
2229 1238 2431 1293 deceat
2451 1238 2777 1309 perﬁciens,
2799 1238 2888 1296 vel
2914 1240 3165 1296 fundens
3184 1242 3553 1314 sanguinem,

1909 1326 1998 1381 vel
2011 1328 2264 1398 gustatis
2278 1327 2525 1383 mortuis
2539 1328 2694 1383 carni
2705 1327 2927 1392 bus,vel
2942 1328 3073 1383 ferae
3088 1329 3553 1402 reliquiis,secto,

1910 1415 2213 1481 suifocato,
2231 1415 2459 1471 autalio
2481 1416 2786 1471 immundo
2801 1416 3077 1488 repletus.
3095 1418 3204 1473 Eos
3215 1434 3347 1475 vero
3362 1420 3461 1491 qui
3480 1420 3551 1476 ad

1908 1500 2095 1574 legem
2128 1520 2319 1558 meam
2351 1504 2721 1574 confugiunt,
2753 1520 2869 1560 non
2910 1506 3084 1561 modo
3128 1523 3245 1561 non
3276 1508 3550 1580 tangetis,

1908 1591 2010 1647 sed
2041 1596 2099 1646 et
2127 1592 2345 1647 honore
2379 1593 2693 1657 donabitis,
2746 1597 2803 1649 et
2832 1609 3027 1649 coram
3074 1594 3325 1667 fugietis.
3360 1597 3553 1662 Quod-

1907 1696 2133 1751 cunque
2163 1681 2318 1736 cnim
2350 1680 2517 1753 ipsis,
2551 1681 2942 1753 utpotejustis
2973 1687 3175 1739 contra
3196 1699 3295 1739 vos
3318 1684 3552 1755 placue-

1904 1766 2004 1839 rit,
2034 1767 2092 1823 id
2124 1786 2226 1825 vos
2258 1785 2493 1825 necesse
2541 1770 2653 1826 erit
2701 1770 2841 1842 pati.
2892 1772 3054 1836 Quod
3086 1771 3135 1827 si
3185 1772 3449 1828 nonnulli
3481 1790 3551 1830 ex

1903 1855 2043 1928 illis,
2062 1858 2158 1927 qui
2182 1856 2327 1912 mihi
2350 1858 2665 1923 adhaerent,
2679 1859 3023 1931 aberrarint,
3046 1859 3137 1916 vel
3154 1860 3549 1919 adulterantes

130 1962 215 2005 τες
246 1943 285 2012 ἢ
322 1942 644 2017 ὤιαθάρτως
679 1944 972 2019 βιώσαντες
1019 1946 1054 2014 ἢ
1100 1944 1241 2001 ἄλλο
1286 1968 1341 2002 τι
1383 1951 1491 2002 τῶν
1538 1947 1661 2020 ἒμοὶ
1715 1949 1788 2021 μὴ

1902 1943 1990 2001 vel
2044 1946 2300 2018 magiam
2347 1951 2700 2015 exercentes,
2745 1947 2833 2003 vel
2874 1948 3103 2020 impure
3150 1949 3428 2016 viventes,
3459 1950 3548 2007 vel

132 2028 448 2087 δοκούντων
493 2030 810 2107 πράξαντες,
860 2032 983 2088 τότε
1029 2033 1081 2105 ἐξ
1131 2034 1272 2108 ἒμῆς
1336 2032 1636 2098 κελεύσεως
1692 2038 1791 2091 πά-

135 2139 285 2195 σχειν
321 2140 380 2174 τι
438 2119 635 2183 αὐτοὺς
688 2121 774 2200 ὑφ’
814 2120 965 2195 ὑμῶν
996 2122 1032 2192 ἢ
1067 2121 1154 2199 ὑφ’
1214 2122 1408 2200 ἑτέρων
1459 2121 1661 2195 δεήσει’
1712 2126 1792 2188 οῖς

130 2208 218 2263 καὶ
264 2210 687 2282 μετανοήσασιν,
723 2210 823 2279 τήν
877 2212 1161 2283 μετάνοιαν
1212 2212 1421 2287 κρίνας,
1468 2211 1574 2269 εἴτε
1620 2212 1741 2287 ἀξία
1770 2218 1792 2252 ⁵

134 2298 243 2352 ἐστὶ
296 2298 636 2372 συγγνώμης
681 2296 787 2353 εἶ’τε
823 2298 911 2353 καὶ
960 2298 1043 2370 οὒ,
1090 2301 1191 2369 τὴν
1241 2299 1506 2379 ἀπόφασιν
1556 2304 1787 2373 ποιήσο-

136 2406 256 2457 μαι.
308 2390 492 2441 Ταῦτα
542 2384 633 2440 οὗν
697 2387 1052 2460 μνημονεύειν
1103 2390 1192 2443 καὶ
1233 2396 1407 2445 ποιεῖν
1449 2394 1472 2428 ⁶
1522 2389 1786 2469 ὀφείλετε,

133 2473 188 2528 εὖ
220 2472 456 2542 εἰδότες,
488 2473 570 2529 ὅτι
611 2472 736 2530 οὐδὲ
781 2476 837 2531 αἱ
883 2476 1201 2552 ἐνθυμήσεις
1254 2478 1405 2552 ὑμῶν
1454 2478 1638 2544 λαθεῖν
1693 2480 1786 2536 αύ-

129 2564 220 2619 τὸν
254 2561 607 2634 δυνήσονται.

200 2654 321 2710 XX.
373 2657 606 2708 Τοιαῦτα
651 2655 1192 2727 παρακελευσάμενος
1255 2655 1439 2719 αὐτοῖς
1486 2658 1515 2712 6
1554 2655 1785 2734 ἄγγελος

128 2739 459 2817 ἀπηλλάγη.
490 2747 669 2814 Ὑμεῖς
719 2740 777 2797 δὲ
825 2739 901 2798 ἔτι
944 2748 1135 2799 τοῦτον
1185 2744 1425 2822 ἀγνοεῖτε
1465 2746 1556 2801 τὸν
1595 2747 1785 2821 νόμον,

129 2831 211 2886 ὅτι
242 2835 567 2905 προσκυνῶν
595 2852 681 2893 τις
712 2827 974 2906 δαίμονας
1018 2834 1055 2902 ἢ
1106 2833 1247 2889 θύων
1294 2834 1330 2904 ἢ
1377 2835 1650 2911 τραπέζης
1696 2837 1788 2893 αὖ·

124 2924 241 2981 τοῖς
290 2923 575 2975 κοινωνῶν
628 2917 936 2983 ὑπόδουλος
984 2921 1170 2985 αὐτοῖς
1219 2922 1522 2999 γενόμενος,
1556 2924 1633 2988 ὡς
1682 2925 1787 2981 ὑπὸ

129 3011 313 3063 κακῶν
347 3004 623 3064 δεσποτῶν
657 3008 835 3081 πάσης
883 3011 982 3081 τῇς
1034 3009 1086 3080 ἐξ
1134 3009 1311 3066 αὐτῶν
1366 3011 1570 3084 μεθέξει
1615 3034 1787 3087 τιμω-

124 3096 266 3169 ρίαςσ
299 3098 395 3152 καὶ
426 3094 517 3151 διὰ
543 3098 643 3166 τὴν
676 3099 896 3174 ἄγνοιαν
928 3098 1129 3170 ταύτην
1172 3104 1290 3162 τοῖς
1341 3100 1514 3156 αὐτῶν
1570 3102 1786 3177 βωμοῖς

122 3186 563 3264 προσσθαρέντες
620 3186 711 3241 καὶ
779 3185 955 3242 αὐτῶν
1025 3186 1472 3263 ἒκπληρωθέντες
1523 3189 1625 3246 ὑπὸ
1682 3192 1783 3260 τὴν

122 3274 303 3330 αὐτῶν
384 3277 540 3333 194
598 3275 836 3347 ἐξουσίαν
899 3275 1167 3353 γεγόνατε,
1218 3275 1307 3332 καί
1373 3279 1529 3334 παντὶ
1593 3280 1783 3356 τρόπῳ

1902 2032 2123 2106 aliquid
2155 2034 2314 2091 aliud
2345 2052 2546 2091 eorum
2595 2053 2722 2108 qua
2768 2036 2912 2092 mihi
2961 2037 3274 2109 displicent
3302 2040 3546 2111 operati,

1900 2126 2041 2179 tunc
2071 2124 2380 2195 oportebit,
2404 2128 2468 2180 ut
2496 2124 2610 2197 ipsi
2632 2141 2700 2180 ex
2717 2126 2893 2196 jussu
2921 2141 3050 2182 meo
3071 2126 3292 2198 aliquid
3318 2128 3547 2199 patian-

1899 2215 1998 2265 tur
2025 2216 2126 2267 aut
2155 2228 2189 2267 a
2217 2212 2402 2279 vobis,
2433 2218 2534 2268 aut
2563 2213 2635 2268 ab
2666 2212 2819 2269 aliis.
2867 2214 3090 2280 Quibus
3122 2220 3180 2271 et
3208 2216 3542 2287 poenitenti-

1896 2299 2031 2371 bus,
2057 2300 2464 2372 pmuitentiam
2487 2302 2841 2374 pouderans,
2867 2320 2940 2358 an
2971 2320 3039 2359 ea
3058 2304 3287 2359 veniam
3319 2322 3541 2362 merea-

1896 2392 1995 2444 tur
2023 2405 2128 2445 nec
2158 2406 2249 2461 ne,
2280 2390 2630 2445 sententiam
2670 2391 3078 2462 pronuntiabo.
3127 2392 3258 2447 Haec
3288 2409 3423 2467 ergo
3454 2411 3541 2450 re-

1898 2478 2109 2534 ducere
2137 2478 2196 2534 in
2219 2478 2562 2535 memoriam
2584 2482 2642 2535 et
2663 2479 2849 2535 facere
2871 2479 3114 2549 debetis,
3139 2482 3316 2553 probe
3346 2482 3536 2554 gnari,

1897 2568 2051 2638 quod
2082 2584 2187 2623 nec
2214 2567 2593 2639 cogitationes
2620 2572 2824 2623 vestrm
2854 2585 2989 2624 eum
3032 2569 3211 2625 latere
3242 2574 3536 2642 poterunt.

1967 2656 2078 2712 ΧΧ.
2114 2656 2242 2712 Haec
2270 2660 2579 2730 postquam
2609 2656 2725 2713 illis
2758 2658 3045 2714 suasisset
3076 2658 3343 2730 angelus,
3375 2659 3537 2716 abiit.

1894 2743 2013 2800 Vos
2043 2749 2239 2801 autem
2272 2746 2464 2801 adhuc
2495 2744 2657 2801 illam
2687 2745 2969 2818 ignoratis
3009 2746 3225 2820 legem,
3254 2749 3409 2820 quod
3439 2748 3541 2820 qui

1896 2833 2035 2890 colit
2063 2834 2377 2905 daemones,
2406 2834 2495 2890 vel
2525 2835 2834 2905 sacriﬁcat,
2885 2835 2973 2891 vel
3005 2852 3140 2891 cum
3186 2836 3304 2893 illis
3336 2854 3543 2895 mensa

1895 2922 2310 2988 communicat,
2344 2922 2456 2977 sub
2486 2922 2822 2979 servitutem
2855 2940 3059 2980 eorum
3090 2926 3382 2993 redactus,
3415 2930 3545 2982 tan-

1895 3027 2072 3082 quam
2102 3027 2136 3067 a
2165 3010 2337 3068 malis
2366 3012 2621 3067 dominis
2652 3028 2856 3068 omnes
2887 3029 2957 3069 ex
2996 3012 3113 3069 illis
3145 3014 3286 3070 feret
3316 3030 3540 3085 poenas.

1894 3099 1965 3155 Et
1993 3103 2233 3172 propter
2261 3099 2410 3156 hanc
2458 3101 2873 3173 ignorantiam,
2907 3102 3006 3173 qui
3058 3102 3129 3157 ad
3174 3118 3376 3158 eorum
3409 3120 3540 3160 aras

1895 3188 2220 3261 perniciose
2249 3189 2582 3246 accessistis
2602 3192 2781 3262 atque
2812 3190 2885 3245 iis
2907 3190 3119 3262 expleti
3150 3191 3312 3262 estis,
3345 3192 3542 3248 venis-

1893 3276 1969 3333 tis
1982 3278 2091 3333 sub
2105 3293 2307 3333 eorum
2322 3282 2664 3349 potestatem
2680 3294 2696 3335 :
2720 3282 2921 3333 etcum
2937 3294 3177 3350 corpora
3188 3279 3347 3335 omni
3366 3280 3540 3337 modo

124 3358 483 3437 ὑϐριζόμενοι
529 3362 597 3417 τά
633 3342 867 3437 σώματα
912 3342 1182 3441 ’ἀγ-νοεῖτε.
1232 3363 1447 3420 Εἱδέναι
1516 3364 1573 3422 δὲ
1628 3342 1782 3441 ’ὑμᾶς

1901 3366 2112 3421 iuerint
2135 3365 2498 3421 contumeliae
2521 3366 3197 3435 objecta,uescitis.Scire
3219 3372 3415 3422 autem
3436 3384 3540 3424 vos

122 3453 238 3526 χρὴ
299 3451 389 3506 ὃτι
448 3448 664 3514 οὐδενὸς
714 3452 768 3505 οἱ
816 3450 1069 3526 δαίμονες
1116 3449 1334 3529 ἔχουσιν
1385 3455 1646 3526 ἓξουσίαν,
1694 3456 1780 3512 ἒάν

127 3546 201 3612 μή
238 3535 511 3616 πρότερόν
534 3562 617 3601 τις
662 3540 850 3603 αὐτοῖς
900 3539 1217 3614 ὁμοδίαιτος
1256 3545 1278 3580 ⁷
1321 3543 1564 3619 γένηται.
1594 3545 1785 3600 Ὁπότε

124 3627 251 3684 οὐδὲ
282 3629 313 3683 6
348 3629 525 3683 αὐτῶν
556 3632 741 3706 ἄρχων
773 3630 919 3706 παρὰ
954 3632 1044 3684 τὸν
1077 3631 1178 3685 ὑπὸ
1220 3636 1319 3686 τοῦ
1361 3638 1496 3687 Θεοῦ
1544 3635 1660 3689 κατ’
1689 3636 1784 3689 αύ-

120 3723 225 3773 τῶν
268 3718 599 3790 κινούμενον
639 3721 660 3756 ⁸
705 3718 875 3791 νόμον
925 3725 1102 3774 ποιεῖν
1141 3741 1193 3775 τι
1239 3717 1478 3791 δύναται,
1509 3719 1593 3778 διὸ
1641 3724 1785 3794 ἔξου-

122 3809 237 3861 air:
268 3807 423 3869 τινὸς
470 3806 570 3861 οὐκ
616 3804 733 3882 ἔχει
784 3808 861 3880 μὴ
908 3810 1391 3884 προσκυνήσαντος
1430 3809 1609 3865 αύτόνσ
1656 3810 1783 3867 ἀλλ’

121 3894 247 3951 οὖδέ
277 3890 474 3951 λαϐεῖν
501 3916 585 3957 τις
617 3903 739 3970 παρ’
768 3896 943 3952 αὒτῶν
971 3894 1191 3952 δύναταί
1234 3918 1287 3953 τι
1332 3902 1405 3953 ῶν
1454 3898 1621 3968 θέλει,
1655 3898 1783 3955 ἀλλ’

118 3983 243 4039 οὗδέ
306 3979 583 4060 βλαϐῆναι
640 3982 816 4055 οὐδὲν,
849 3986 926 4047 ὡς
991 3986 1189 4041 ἐκεῖθεν
1247 3983 1514 4043 δυνασθεθ
1571 3990 1778 4061 μαθεῖν.

184 4080 326 4131 XXI.
377 4078 467 4145 Τῷ
514 4073 616 4149 γὰρ
663 4081 763 4144 τῆς
810 4069 1079 4137 εὐσεϐείας
1126 4076 1287 4147 ἡμῶν
1350 4073 1567 4151 βασιλεῖ
1611 4097 1780 4153 προσ-

108 4161 249 4231 ῆλθε
304 4182 445 4217 ποτε
498 4163 526 4217 6
579 4160 910 4238 πρόσκαιρος
970 4162 1247 4239 βασιλεὺς,
1306 4164 1397 4219 καὶ
1457 4167 1503 4204 ¹⁰
1558 4165 1621 4220 ού
1665 4165 1782 4242 βίαν

108 4256 312 4321 ποιῶν,
350 4250 415 4305 ού
446 4251 550 4327 γὰρ
591 4251 735 4323 ἐξῆν,
768 4250 915 4307 ἀλλά
942 4250 1265 4328 προτρέπων
1313 4250 1405 4307 καὶ
1455 4253 1778 4326 ἀναπείθων,

112 4341 197 4394 ὅτι
248 4341 314 4395 τὸ
363 4341 645 4408 πεισθῆναι
696 4339 785 4395 ἒπί
835 4344 903 4415 τῇ
946 4344 989 4379 ¹¹
1040 4339 1266 4396 ἑκάστου
1325 4345 1497 4397 κεῖται
1548 4342 1777 4416 ὲξουσίᾳ.

116 4426 451 4502 Προσελθὼν
500 4427 615 4495 οὖν,
666 4428 741 4491 ὡς
784 4433 891 4483 τῶν
940 4428 1222 4505 παρόντων
1280 4426 1353 4484 ὣν
1410 4432 1454 4469 1³
1502 4430 1777 4506 βασιλεὺς,

112 4522 193 4589 τῷ
238 4522 352 4573 τῶν
410 4516 724 4588 μελλόντων
773 4515 989 4593 βασιλεῖ
1036 4514 1161 4595 ἔφη·
1215 4523 1388 4574 nam;
1431 4518 1487 4573 al
1546 4524 1644 4575 τοῦ
1687 4524 1776 4575 νῦν

118 4606 334 4679 κόσμου
380 4604 653 4680 βασιλεῖαι
705 4605 1014 4661 ὑπόκεινται
1070 4606 1218 4679 έμοὶ,
1267 4602 1345 4662 ἔτι
1392 4626 1453 4662 τε
1500 4607 1529 4663 6
1572 4607 1779 4682 χρυσὸς

1892 3458 2137 3527 oportet,
2162 3455 2221 3510 in
2246 3453 2474 3509 nullum
2497 3454 2789 3510 daemones
2811 3454 3026 3510 habere
3048 3455 3540 3526 potestatem,nisi

1892 3542 2026 3614 quis
2048 3544 2210 3616 prius
2233 3543 2471 3599 conviva
2490 3557 2691 3597 eorum
2716 3543 2906 3597 fuerit.
2932 3543 3411 3613 Quandoquidem
3436 3560 3537 3601 ne-

1893 3648 2005 3703 que
2036 3632 2305 3704 princeps
2328 3630 2559 3686 illorum
2576 3631 2797 3703 aliquid
2818 3636 3010 3703 potest
3024 3632 3210 3687 facere
3231 3637 3432 3688 contra
3454 3632 3537 3689 le-

1891 3736 2024 3791 gem
2047 3737 2079 3775 a
2100 3720 2215 3776 Deo
2240 3720 2299 3774 in
2318 3736 2417 3775 eos
2441 3718 2641 3775 latam.
2661 3720 2847 3783 Quare
2862 3718 3082 3774 nullius
3100 3719 3274 3775 habet
3292 3723 3538 3792 potesta-

1892 3812 2033 3878 tem,
2054 3808 2152 3880 qui
2176 3825 2289 3864 non
2313 3809 2508 3880 ipsum
2539 3808 2885 3864 adoraverit.
2918 3809 3030 3865 Sed
3053 3825 3158 3865 nec
3188 3809 3318 3880 quis
3348 3812 3542 3880 potest

1891 3896 2110 3969 aliquid
2144 3914 2367 3964 eorum,
2399 3914 2526 3970 quae
2557 3897 2740 3969 cupit,
2773 3898 2845 3952 ab
2868 3896 2985 3953 illis
3016 3899 3316 3969 consequi,
3350 3912 3539 3969 neque

1889 3986 2066 4042 etiam
2099 3985 2229 4041 laedi
2260 3984 2574 4051 ullatenus,
2610 3989 2675 4040 ut
2704 3984 2919 4041 isthinc
2950 3984 3171 4041 discere
3198 3986 3463 4057 potestis.

1960 4074 2107 4130 XXI.
2166 4074 2315 4132 Nam
2362 4075 2435 4130 ad
2490 4077 2755 4129 nostrum
2800 4073 3033 4145 pietatis
3062 4089 3258 4146 regem
3291 4073 3541 4130 accessit

1889 4162 2206 4235 aliquando
2234 4161 2575 4234 temporalis
2606 4178 2728 4229 rex,
2758 4178 2874 4216 non
2907 4161 2957 4216 vi
2982 4160 3347 4233 facta,neque
3380 4163 3537 4218 enim

1886 4251 2117 4321 licebat,
2150 4252 2252 4307 sed
2282 4251 2524 4307 hortans
2554 4255 2609 4306 et
2641 4250 2919 4317 suadens,
2945 4250 3083 4321 quia
3114 4252 3451 4323 persuaderi
3474 4250 3537 4307 in

1888 4341 2356 4412 uniuscujusque
2384 4338 2565 4395 situm
2597 4343 2687 4395 est
2733 4338 2994 4394 arbitrio.
3040 4340 3336 4396 Accedens
3374 4355 3533 4412 ergo,

1886 4434 1952 4486 ut
1970 4446 2167 4485 rerum
2182 4428 2559 4502 praesentium
2581 4429 2778 4496 τοι,εά
2796 4427 3126 4484 futurarum
3142 4444 3336 4500 regem
3357 4428 3532 4498 dixitf:

1886 4518 2096 4575 Omnia
2125 4518 2427 4590 praesentis
2459 4517 2667 4572 mundi
2716 4532 2897 4589 regna
2927 4516 3071 4572 mihi
3123 4517 3447 4588 subjacent,
3477 4519 3537 4572 et

1886 4612 2164 4680 praaterea
2221 4621 2429 4662 aurum
2481 4609 2539 4662 et
2596 4608 2906 4677 argentum
2963 4619 3286 4675 omnesque
3362 4603 3536 4660 istius

120 4696 212 4749 καὶ
242 4697 273 4750 6
305 4696 545 4770 ἄργυρος
575 4694 665 4749 καὶ
696 4700 839 4749 πᾶσα
867 4696 903 4765 ἡ
944 4696 1123 4773 τρυφή
1174 4699 1272 4750 τοῦ
1318 4695 1529 4768 κόσμου
1581 4696 1778 4753 τούτου

1901 4695 2094 4751 mundi
2121 4694 2339 4751 deliciae
2369 4694 2479 4751 sub
2525 4708 2656 4749 mea
2703 4696 2844 4749 sunt
2892 4696 3197 4763 potestate,
3230 4707 3410 4763 quare
3440 4708 3537 4749 ca-

121 4784 227 4838 ὑπὸ
267 4788 394 4845 ταῖς
440 4782 599 4855 ἒμαῖς
644 4782 785 4838 ἔστὶν
835 4782 1119 4855 ἐξουσίαις·
1170 4780 1255 4838 διὸ
1310 4784 1487 4839 πεσὼν
1544 4785 1781 4860 προσκύ-

115 4871 286 4941 νησόν
322 4891 440 4943 μοι,
470 4870 558 4925 καὶ
592 4868 751 4926 δώσω
781 4892 865 4926 σοι
910 4873 1081 4927 πάντα
1119 4876 1307 4928 ταῦτα.
1338 4876 1513 4928 Ταῦτα
1562 4870 1621 4928 δὲ
1667 4870 1785 4930 ἔλε-

114 4983 206 5034 γεν
256 4958 446 5029 εἰδὼς,
477 4958 558 5015 ὅτι
608 4960 741 5033 μετᾶ
781 4961 846 5017 τὸ
890 4963 935 5000 ¹³
964 4966 1338 5038 προπυνῆςαι
1383 4962 1473 5016 καὶ
1516 4964 1616 5033 τήν
1667 4964 1786 5019 κατ’

116 5049 285 5104 αὐτοῦ
344 5048 492 5124 εἶχεν
552 5048 939 5120 ἑξουσίαν,καῖ
995 5050 1140 5106 οὕτω
1200 5053 1250 5088 ¹⁴
1300 5052 1401 5120 τῆς
1465 5049 1782 5124 μελλούσης

120 5138 285 5212 δόξης
337 5139 430 5192 καὶ
482 5137 758 5213 βασιλείας
797 5138 956 5195 αὐτὸν
1008 5141 1053 5178 1⁸
1094 5138 1314 5218 ἀφῄρει.
1350 5138 1449 5196 Καὶ
1488 5138 1661 5195 πάντα
1711 5140 1785 5196 εἳ-

120 5224 228 5290 aa;
258 5226 329 5283 οὐ
364 5225 526 5302 μόνον
564 5226 723 5283 αὐτὸν
776 5227 839 5283 ού
888 5228 1311 5305 προσεκύνησεν,
1342 5226 1471 5284 ἀλλ’
1503 5225 1628 5284 οὐδὲ
1673 5233 1782 5285 τῶν

1891 4787 2036 4841 dens
2068 4784 2246 4840 adora
2264 4799 2376 4848 me,
2399 4786 2456 4839 et
2475 4782 2625 4837 dabo
2646 4780 2751 4836 tibi
2777 4798 2845 4837 ea
2866 4780 3082 4836 omnia.
3110 4782 3236 4835 Haec
3258 4796 3428 4852 porro
3454 4779 3539 4835 di-

1891 4874 2077 4943 cebat,
2109 4872 2248 4945 quia
2295 4877 2550 4937 noverat,
2599 4870 2753 4942 quod
2805 4874 2939 4942 post
2985 4868 3388 4925 adorationem
3431 4869 3537 4925 ba-

1891 4962 2120 5019 buisset
2148 4962 2205 5016 in
2238 4960 2403 5016 illum
2451 4962 2822 5032 potestatem,
2869 4958 3070 5030 sicque
3099 4962 3159 5014 et
3205 4958 3398 5013 futuro
3430 4957 3535 5013 ho-

1893 5067 2032 5108 nore
2063 5066 2129 5106 ac
2159 5065 2336 5121 regno
2376 5049 2683 5121 privasset.
2707 5051 2782 5102 At
2802 5048 2901 5120 qui
2923 5046 3121 5103 omnia
3151 5046 3394 5115 sciebat,
3416 5061 3534 5101 non

1893 5140 2067 5196 modo
2094 5137 2261 5193 illum
2294 5155 2410 5194 non
2444 5136 2726 5207 adoravit,
2760 5136 2860 5192 sed
2880 5151 2987 5191 nec
3018 5135 3344 5208 quidquam
3376 5133 3534 5191 illius

1894 5230 2181 5285 donorum
2211 5225 2391 5283 voluit
2419 5224 2699 5297 accipere.
2742 5227 2813 5279 Se
2839 5223 2998 5280 enim
3047 5239 3182 5279 cum
3212 5222 3337 5280 suis
3366 5221 3532 5295 oppi-

1481 5380 1725 5439 νΑΒΙΑε
1763 5379 2179 5438 LECTIONES.

192 5505 237 5542 ³³
269 5503 364 5581 ὅρι’
394 5502 560 5559 αὐτοῦ
587 5524 647 5581 p.
678 5504 779 5561 ὑπὸ
806 5509 904 5561 τοῖ’)
936 5508 1070 5581 Θεοῦ
1099 5507 1163 5564 Ο.
1244 5507 1313 5544 ¹⁰⁰
1340 5507 1553 5581 νεκρῶν,
1574 5503 2168 5581 praetermiseruntCl
2222 5501 2375 5581 (ed_d.
2409 5499 2568 5581 {695,
2602 5500 2832 5581 1724)et
2862 5501 2921 5557 Β.
2952 5499 3211 5581 Subinde
3241 5495 3540 5581 γευόμενος

120 5577 164 5651 Ο
195 5594 246 5651 c.
284 5578 372 5651 8:,
403 5569 708 5651 γευομένων
740 5584 797 5634 C.
830 5580 980 5636 Tum
1038 5580 1235 5651 θνητοῦ
1265 5596 1317 5651 p.
1360 5569 1662 5651 19.1110?an
1742 5580 1757 5613 ⁸
1792 5569 2263 5651 ἐμπιμπλώμενος
2486 5572 2570 5651 ita
2597 5571 2650 5651 Q
2689 5569 2773 5651 (δέΔ
2796 5573 2881 5639 8.,

2938 5570 3102 5660 γεύξη
3112 5582 3227 5660 σθε.
3241 5570 3321 5660 IC.
3381 5570 3534 5660 Sub-

120 5648 257 5727 inde
292 5642 428 5727 ,ϐτί
460 5642 567 5727 0.;
600 5651 623 5685 ³
648 5654 756 5727 τῶν
786 5668 905 5727 om.
939 5652 1027 5727 Ο.Δ
1079 5642 1526 5727 ζέξαμαρτῶςῄν,
1556 5649 1592 5727 ᾖ
1625 5642 2064 5727 ’μοιχησάμενοι
2097 5642 2173 5727 Cx
2206 5646 2259 5727 _5
2288 5642 2370 5712 ἀξι
2429 5642 2556 5726 (sic)
2614 5643 2730 5727 0.“
2754 5644 2776 5679 ⁸
2812 5642 3002 5727 ποιεῖν.
3046 5642 3260 5727 οξοὶᾶέῐ
3317 5660 3408 5727 ap:

119 5714 497 5807 ξιὸμοὲἕξιιτον
529 5720 626 5807 0."
670 5721 692 5756 ⁸
714 5721 963 5807 κείμενον
994 5713 1237 5807 Ο..ξΓμ⁷ῑιῗί
1270 5713 1401 5807 δὶίβ
1428 5713 1591 5807 ϐξ]
1621 5713 1842 5807 silvas?
1873 5713 1932 5776 CI.
1954 5790 1992 5807 η
2012 5720 2057 5756 ¹⁰
2084 5713 2553 5807 καίτξῑαὲεοξὶρεὶ
2592 5729 2660 5807 Θξ
2690 5713 2764 5807 ΟῙἱ
2833 5717 2878 5754 ¹¹
2935 5718 3005 5790 τῇ
3067 5715 3125 5785 S,
3189 5714 3256 5793 Ο,
3312 5713 3410 5769 ’τοῦ⁹
3466 5714 3534 5807 Ω,

119 5790 167 5830 ²³
199 5782 261 5849 ἂν
290 5790 403 5863 CL,
435 5808 553 5850 non
585 5792 671 5865 C.,
703 5799 771 5851 ut
796 5782 945 5851 falso
974 5793 1178 5853 scribit
1204 5796 1262 5849 S.
1340 5792 1386 5831 ¹⁸
1411 5793 1509 5848 τοῦ
1533 5791 1598 5850 O.
1678 5793 1723 5832 ¹⁴
1751 5789 1925 5856 οὕτως
1952 5790 2014 5849 G.
2094 5789 2139 5828 1⁸
2172 5789 2257 5847 Ita
2282 5788 2363 5863 S.,
2398 5782 2584 5841 ἑαυτόν
2618 5785 2678 5865 C,
2719 5786 2785 5849 Ο.
