4114 6338
551 413 670 477 239

1372 412 1435 473 S.
1486 407 1928 473 CLEMENTIS
1974 409 1997 473 Ι
2047 408 2232 472 ltOM.
2280 409 2512 473 PONT.
2557 408 2821 473 OPERA
2866 408 3136 473 DUBIA.

3839 400 3965 469 240

556 546 839 619 gneravit,
872 544 1024 616 quod
1074 546 1182 612 est,
1217 558 1332 599 non
1385 541 1558 599 licere
1604 543 1847 616 posthac
1877 543 2197 616 quidquam
2230 606 2232 612 λ

2347 542 2403 596 π’
2450 541 2614 596 αὐτοῦ
2660 538 2961 616 δεδομένων
3013 544 3058 579 ¹⁶
3104 533 3289 596 λαϐεῖν
3337 561 3388 595 τι
3435 538 3722 612 ἠθέλησεν·
3773 540 3966 595 ἑαυτὸν

559 636 631 691 ab
649 635 777 707 ipso
794 635 1139 691 traditorum
1159 632 1248 689 vel
1266 631 1849 704 tangere.Respondit
1868 648 2003 704 ergo
2027 648 2041 687 :
2066 631 2210 688 Scri-

558 732 716 795 ptum
745 733 845 794 est,
877 724 1173 779 Dominum
1220 724 1391 779 Deum
1437 729 1595 777 tuum
1652 720 2000 792 revereberis,
2031 719 2211 777 etilli

560 814 665 871 soli
693 813 897 869 servies
926 811 1024 885 (a).

636 1096 808 1152 XXII.
842 1093 1122 1151 Ceterum
1172 1092 1488 1166 impiorum
1521 1107 1641 1161 rex,
1693 1107 1827 1147 cum
1859 1108 2053 1165 regem
2087 1090 2211 1166 pio-

567 1201 699 1241 rum
732 1185 802 1239 ad
836 1199 1003 1240 suam
1031 1182 1319 1238 adducere
1348 1178 1706 1236 voluntatem
1760 1179 2083 1253 plurimum
2113 1197 2213 1237 eo-

569 1278 744 1330 natus
773 1276 928 1329 esset
956 1288 1061 1327 nec
1083 1268 1388 1343 potuisset,
1425 1270 1600 1324 ﬁnem
1627 1269 1779 1338 fecit,
1813 1273 1870 1325 et
1898 1268 1959 1324 in
1992 1268 2216 1341 reliqua

569 1363 691 1422 vita
718 1361 886 1418 illum
918 1359 1214 1416 nitebatur
1255 1362 1506 1429 captare.
1547 1358 1659 1414 Vos
1702 1374 1836 1414 vero
1867 1357 2216 1430 praefinitam

572 1452 909 1523 ignorantes
954 1448 1143 1520 legem
1190 1447 1263 1503 ob
1313 1445 1469 1503 mala
1514 1462 1692 1519 opera
1744 1447 1855 1502 sub
1886 1446 2044 1502 illius
2074 1446 2216 1503 estis

574 1542 880 1614 potestate.
912 1536 1192 1602 Quocirca
1220 1551 1459 1607 corpore
1488 1540 1547 1591 et
1574 1534 1772 1591 anima
1802 1534 2093 1591 maculam
2119 1550 2218 1607 ge-

577 1628 705 1685 ritis
730 1645 743 1683 :
776 1630 832 1682 et
861 1626 921 1681 in
952 1623 1223 1698 praesenti
1256 1624 1491 1695 quidem
1526 1640 1560 1680 a
1600 1623 1821 1679 morbis
1850 1628 1909 1680 et
1938 1623 2217 1679 daemoni-

578 1718 689 1772 bus
716 1713 1056 1781 illudimini,
1087 1713 1146 1768 in
1199 1712 1392 1768 futuro
1441 1714 1635 1767 autem
1666 1712 1978 1768 animabus
2016 1711 2221 1784 punie-

581 1803 743 1860 mini.
779 1806 897 1858 Hoc
920 1818 1054 1859 vero
1102 1817 1217 1857 non
1269 1816 1369 1857 vos
1416 1799 1525 1856 soli
1574 1800 1646 1856 ab
1693 1799 2023 1872 ignorantia
2062 1797 2222 1872 passi

582 1892 742 1964 estis,
776 1893 877 1948 sed
907 1894 964 1947 et
992 1888 1256 1947 nonnulli
1287 1904 1359 1945 ex
1387 1893 1586 1945 nostra
1607 1893 1801 1960 gente,
1833 1888 1931 1961 qui
1962 1888 2020 1942 in
2052 1886 2224 1943 malis

584 1981 856 2055 operibus
878 1997 913 2036 a
943 1979 1175 2035 malitias
1206 1979 1353 2034 duce
1399 1977 1687 2049 occupati,
1733 1982 1937 2049 postea
1965 1975 2127 2035 velut
2154 1976 2226 2032 ad

586 2086 808 2128 coenam
842 2086 875 2125 a
904 2073 1066 2141 patre
1098 2067 1201 2123 ﬁlii
1223 2066 1459 2139 nuptias
1484 2065 1811 2121 celebrante
1833 2065 2082 2131 invitati,
2112 2080 2228 2120 non

589 2159 933 2215 obedierunt
954 2157 1052 2229 (ὁ).
1084 2157 1149 2212 In
1178 2155 1371 2211 locum
1403 2160 1599 2210 autem
1633 2154 1973 2226 eorum,qui
1998 2157 2233 2225 propter

590 2247 1030 2318 occupationem
1061 2245 1505 2316 denegaverant,
1558 2243 1659 2315 qui
1709 2242 1828 2298 filio
1876 2241 2111 2313 nuptias
2140 2257 2233 2296 ce-

590 2336 852 2391 lebrabat
880 2338 1044 2406 pater
1062 2348 1165 2405 per
1188 2332 1447 2388 veritatis
1467 2330 1816 2403 Prophetam
1831 2331 2016 2401 jussit
2042 2329 2231 2402 nobis,

594 2429 659 2481 ut
687 2422 978 2497 progressi
1012 2422 1083 2478 ad
1127 2421 1317 2477 exitus
1360 2421 1610 2490 viarum,
1642 2420 1701 2475 id
1750 2424 1839 2475 est
1867 2420 1938 2475 ad
1990 2435 2113 2487 vos,
2145 2418 2235 2473 in-

594 2514 910 2569 dueremus
938 2526 1144 2584 puram
1188 2515 1406 2567 vestem
1454 2508 1800 2581 nuptialem,
1858 2525 1985 2580 quas
2015 2511 2106 2564 est
2133 2508 2236 2563 ba-

596 2601 831 2674 ptisma,
861 2600 1016 2672 quod
1039 2599 1097 2654 in
1120 2597 1526 2654 remissionem
1548 2598 1613 2653 fit
1634 2600 2005 2671 peccatorum
2026 2599 2239 2653 vestro-

600 2706 756 2761 rum,
787 2692 845 2744 et
875 2692 939 2744 ut
966 2689 1151 2744 bonos
1180 2687 1239 2742 in
1287 2686 1390 2743 Dei
1433 2703 1654 2743 ccenam
1689 2686 1929 2742 inducat
1959 2701 2028 2741 ex
2056 2684 2239 2759 poeni—

600 2779 803 2849 tentia,
829 2777 964 2833 licet
990 2776 1156 2831 initio
1187 2776 1261 2832 ab
1290 2774 1481 2847 epulis
1510 2775 1821 2831 abfuerint.

2314 629 2416 706 γὰρ
2464 629 2558 685 σὺν
2613 636 2729 693 τοῖς
2778 630 2969 685 ἑαυτοῦ
3020 629 3458 705 κατεσίεχύραζεν,
3491 628 3623 704 ὅπερ
3676 627 3841 700 ἐστὶν,
3888 629 3968 702 μή

2318 717 2508 789 ἐξεῖναι
2555 722 2653 774 τοῖ’)
2702 718 2900 775 λοιποῦ
2943 723 3052 774 τῶν
3113 718 3261 790 αὐτῷ
3310 722 3353 756 1⁷
3397 714 3773 773 ἀποδοθέντων
3825 714 3976 792 μηδὲ

2316 808 2514 881 ψαῦσαι
2580 810 2730 868 195
2809 804 2909 867 ἔτι.
2980 808 3440 883 Ἀποκρινάμενος
3507 805 3599 862 οὖν
3670 804 3798 885 ἔφη’
3874 804 3974 861 Γέ-

2317 915 2577 972 γραπται,
2611 896 2808 970 Κύριον
2854 896 2948 952 τὸν
3001 895 3128 953 Θεόν
3178 917 3275 951 σου
3322 890 3635 975 φοϐηθήσῃ,
3685 894 3777 951 καὶ
3821 893 3973 967 αὐτῷ

2320 983 2634 1060 λατρεύσεις
2670 984 2843 1058 μόνῳ.

2391 1096 2558 1149 XXII.
2590 1088 2745 1161 Πλὴν
2780 1092 2809 1147 ὁ
2837 1096 2944 1147 τῶν
2977 1085 3182 1147 ἀσεϐῶν
3215 1093 3258 1129 ¹⁸
3293 1089 3547 1168 βασιλεὺς
3604 1091 3741 1146 κατὰ
3787 1087 3985 1147 πολλᾶ

2321 1179 2411 1234 τὸν
2439 1183 2547 1235 τῶν
2576 1174 2809 1235 εὐσεϐῶν
2848 1179 3072 1257 βασιλέα
3100 1181 3239 1257 πρὸς
3259 1180 3323 1235 τὸ
3345 1180 3536 1235 ἑαυτοῦ
3560 1177 3825 1256 βούλημα
3845 1200 3957 1256 παρ

2325 1269 2473 1343 άγειν
2546 1270 2889 1345 πειρώμενος
2968 1268 3057 1324 καὶ
3132 1270 3207 1342 μή
3278 1266 3526 1339 δυνηθεὶς
3585 1271 3630 1307 ¹⁹
3687 1268 3984 1341 ἐπαύσατο,

2324 1357 2461 1430 πρὸς
2490 1356 2558 1410 τὰ
2588 1355 2759 1412 λοιπὰ
2802 1363 2906 1426 τῆς
2947 1355 3227 1419 πολιτείας
3272 1356 3518 1434 θηρεύειν
3565 1356 3725 1413 αὐτὸν
3772 1356 3992 1433 ἐπιχει-

2327 1448 2457 1522 ρῶν.
2497 1446 2678 1519 Ὑμεῖς
2729 1442 2788 1501 δὲ
2830 1446 2922 1501 τὸν
2980 1447 3372 1522 προορισθέντα
3416 1445 3586 1520 νόμον
3657 1445 3989 1521 ἀγνοοῦντες

2328 1530 2418 1587 διὰ
2460 1537 2570 1588 τῶν
2621 1537 2801 1589 κακῶν
2858 1535 3101 1609 πράξεων
3167 1534 3273 1590 ὑπὸ
3338 1536 3439 1604 τήν
3502 1534 3745 1607 ἐξουσίαν
3817 1535 3991 1591 αὐτοῦ

2328 1620 2592 1696 ἐγένεσθε.
2642 1622 2737 1677 Διὸ
2800 1626 2961 1695 σῶμα
3023 1623 3115 1678 καὶ
3179 1624 3363 1699 ψυχὴν
3424 1622 3737 1696 ἐμιάνθητε·
3785 1624 3876 1679 καὶ
3932 1624 3991 1680 ἐν

2338 1710 2455 1783 μὲν·
2486 1714 2568 1782 τῷ
2596 1708 2824 1787 παρόντι
2855 1710 2957 1766 ὑπό
2989 1732 3048 1766 τε
3076 1713 3261 1766 παθῶν
3310 1712 3402 1767 καὶ
3441 1707 3717 1787 δαιμόνων
3777 1708 4002 1787 ἐνυϐρί-

2335 1802 2505 1868 ζεσθε,
2537 1797 2590 1852 ἐν
2619 1794 2677 1854 δὲ
2701 1802 2780 1872 τῷ
2820 1797 3084 1872 μέλλοντι
3114 1801 3161 1837 ²⁰
3200 1799 3294 1862 τὰς
3344 1801 3527 1875 ψυχὰς
3574 1798 3997 1874 κολασθησομέ-

2257 1910 2304 1976 B
2331 1907 2426 1976 νας
2455 1883 2618 1958 ἱέξετε.
2644 1890 2816 1976 Τοῦτο
2854 1884 2911 1976 δὲ
2940 1887 3049 1963 οὐχ
3078 1887 3234 1962 ὑμεῖς
3286 1887 3440 1962 μόνοι
3483 1889 3585 1944 61:6
3614 1888 3859 1976 ,ἀγνοίας
3887 1909 3997 1976 πε-

2334 1975 2585 2039 πόνθατε,
2632 1972 2779 2031 ἀλλά
2824 1975 2915 2031 καί
2962 1998 3105 2040 τινες
3154 1980 3250 2032 τοῦ
3296 1976 3571 2054 ἡμετέρου
3611 1974 3817 2047 ἔθνους,
3850 1975 3996 2033 οἵτι-

2336 2084 2423 2127 νες
2455 2062 2543 2120 ἐπὶ
2574 2070 2765 2128 κακαῖς
2811 2064 3062 2141 πράξεσιν
3106 2065 3209 2121 ὑπὸ
3254 2070 3352 2121 τοῦ
3397 2072 3498 2136 τῆς
3543 2066 3737 2130 κακίας
3785 2065 4006 2143 ἡγεμό-

2337 2173 2428 2215 νος
2474 2151 2906 2232 προληφθέντες,
2938 2149 3123 2209 ἔπειτα
3165 2152 3347 2231 ὥσπερ
3395 2154 3484 2210 ἐπὶ
3533 2157 3577 2193 ²¹
3627 2152 3841 2211 δεῖπνον
3888 2154 4003 2210 61:6

2339 2242 2543 2318 πατρὸς
2575 2242 2678 2315 υἱῷ
2717 2239 3001 2305 τελοῢντος
3050 2242 3258 2318 γάμους
3296 2242 3583 2313 κληθέντες
3631 2243 3741 2319 οὐχ
3770 2245 3817 2281 ³³
3852 2244 4003 2315 ὑπή-

2341 2350 2557 2387 κουσαν.
2590 2330 2734 2387 Ἀντὶ
2782 2328 2840 2386 δὲ
2883 2335 2992 2386 τῶν
3042 2331 3446 2402 ἀπειθησάντων
3498 2329 3587 2387 διὰ
3634 2333 3734 2401 τήν
3768 2330 4001 2408 Πρόλη-

2342 2421 2433 2493 ψιν
2466 2419 2495 2473 ὁ
2522 2417 2654 2482 τοὺς
2681 2420 2891 2495 γάμους
2919 2424 2999 2492 τῷ
3028 2418 3131 2493 υἱῷ
3157 2419 3332 2476 τελῶν
3362 2421 3541 2497 πατὴρ
3575 2418 3663 2477 διά
3712 2426 3810 2476 τοῦ
3857 2442 4001 2496 προ-

2346 2509 2521 2585 φήτου
2557 2513 2661 2578 τῆς
2716 2505 2978 2579 ἀληθείας
3034 2506 3309 2564 ἐκέλευσεν
3356 2511 3517 2582 ἡμῖν,
3550 2508 3624 2571 εἰς
3672 2508 3770 2572 τὰς
3827 2508 4005 2581 διεξό-

2348 2594 2472 2658 δους
2517 2600 2626 2652 τῶν
2678 2592 2819 2652 ὁδῶν
2856 2594 3128 2669 ἐλθοῦσιν,
3163 2596 3194 2652 ὅ
3224 2596 3333 2652 ἐστι
3380 2598 3519 2671 πρὸς
3566 2598 3731 2671 ὑμᾶς,
3761 2599 4003 2672 καθαρὸν

2348 2681 2549 2758 ἔνδυμα
2610 2685 2789 2761 γάμου
2858 2680 3198 2762 περιϐαλεῖν,
3249 2684 3382 2763 ὅπερ
3444 2684 3555 2741 ἐστὶ
3620 2686 3922 2762 βάπτισμα,
3975 2686 4009 2743 ὃ

2350 2771 2427 2836 εἷς
2485 2770 2667 2850 ἄφεσιν
2726 2772 2922 2850 γίνεται
2981 2778 3087 2829 τῶν
3153 2772 3546 2851 πεπραγμένων
3610 2774 3740 2848 ὑμῖν
3791 2778 4008 2847 κακῶν,

604 2866 694 2922 καὶ
723 2869 770 2903 ²³
796 2863 926 2926 τοὺς
983 2862 1210 2938 ἀγαθοὺς
1265 2862 1344 2925 εἷς
1394 2861 1457 2918 τὸ
1522 2866 1656 2919 Θεοῦ
1712 2859 1924 2918 δεῖπνον
1983 2859 2376 2939 είσάγεινῑιέκ
2399 2868 2501 2933 τῆς
2557 2860 2936 2937 μεταμελείας,
2968 2861 3142 2919 εἶκαὶ
3197 2864 3297 2933 τήν
3355 2863 3534 2939 ἀρχὴν
3593 2861 4006 2940 ἀπελείφθησαν

603 2960 705 3026 τῆς
736 2952 997 3029 εὐωχίας.

683 3046 882 3103 ΧΧΙΙΙ.
914 3045 975 3102 Si
1001 3044 1178 3101 vultis
1205 3044 1402 3117 itaque
1432 3048 1497 3101 ut
1526 3043 1678 3101 ﬂetis
1725 3042 2135 3100 vestimentum
2166 3041 2253 3099 di-

611 3135 732 3193 vini
753 3134 1017 3208 spiritus,
1039 3132 1329 3190 enitimini
1348 3132 1539 3206 primo
1560 3148 1769 3189 exuere
1789 3132 2088 3189 sordidam
2110 3148 2254 3204 pras-

610 3223 1011 3296 sumptionem
1040 3225 1314 3289 vestram,
1347 3238 1473 3294 quas
1499 3224 1588 3277 est
1615 3220 1957 3275 immundus
1988 3219 2254 3292 spiritus,

606 3316 664 3369 et
693 3312 992 3385 impurum
1017 3309 1353 3367 amiculum.
1387 3310 1512 3366 Non
1534 3309 1783 3383 potestis
1803 3312 1999 3365 autem
2023 3307 2138 3365 alia
2158 3325 2253 3365 ra-

606 3401 765 3457 tione
794 3402 1102 3474 deponere,
1136 3398 1251 3455 nisi
1282 3397 1445 3471 prius
1474 3397 1535 3454 in
1570 3397 1739 3454 bonis
1788 3396 2112 3453 actionibus
2151 3396 2255 3453 ba-

2434 3043 2589 3099 Ιθθ
2619 3047 2806 3098 XXIII.
2842 3039 3087 3116 ’Ἐνδυμα
3128 3040 3225 3097 οὗν
3275 3041 3322 3099 εἶ
3372 3042 3635 3119 βούλεσθε
3676 3044 3723 3081 ³⁸
3766 3042 4025 3119 γενέσθαι

2363 3129 2513 3186 θείου
2561 3129 2897 3205 ΙΙνεύματος,
2931 3128 3265 3188 σπουδάσατε
3309 3136 3524 3204 πρῶτον
3579 3129 3902 3197 ἐκδύσασθαι
3955 3135 4028 3191 τὸ

2368 3217 2603 3296 ῥυπαρὸν
2674 3220 2825 3293 ὑμῶν
2892 3219 3227 3297 πρόλημμα,
3294 3220 3427 3297 ὅπερ
3497 3220 3637 3278 ἐστὶν
3712 3220 4029 3298 ἀκάθαρτον

2364 3312 2599 3382 πνεῦμα,
2628 3308 2717 3364 καὶ
2752 3309 2944 3386 μιαρὸν
2977 3305 3316 3387 περίὸλημα.
3344 3315 3514 3366 Τοῦτο
3563 3307 3622 3366 δὲ
3666 3309 3767 3366 οὐκ
3823 3309 4036 3375 ἄλλως

2363 3392 2725 3452 ἀποδύσασθαι
2777 3393 3022 3470 δύνασθε,
3068 3396 3154 3453 ἐὰν
3208 3399 3285 3471 μὴ
3336 3398 3596 3476 πρότερον
3668 3396 3758 3454 ἐπὶ
3820 3396 4039 3464 καλαῖς

606 3488 939 3563 ptizemini:
975 3493 1149 3560 atque
1174 3488 1255 3543 ita
1304 3487 1435 3561 puri
1482 3503 1723 3559 corpore
1754 3489 1811 3542 et
1840 3484 2036 3541 anima
2065 3485 2232 3541 eﬂ‘ect

2360 3484 2583 3561 πράξεσι
2616 3485 2964 3561 βαπτισθῆτε⁸
2993 3487 3083 3543 καὶ
3114 3483 3261 3543 οὕτω
3290 3487 3516 3562 καθαροὶ
3565 3488 3779 3563 σώματί
3825 3508 3888 3544 τε
3935 3489 4037 3545 καὶ

606 3578 805 3633 futuro
836 3582 1113 3650 perpetuo
1159 3592 1338 3648 regno
1387 3574 1683 3631 fruemini.
1734 3574 1916 3648 Igitur
1944 3591 2050 3630 nec
2081 3572 2232 3629 idoli:

2360 3576 2514 3649 ψυχῇ
2546 3574 2832 3650 γενόμενοι
2860 3581 2962 3645 τῆς
3012 3572 3275 3649 ἐσομένης
3323 3573 3502 3631 ἀϊδίου
3556 3574 3837 3651 βασιλείας
3889 3575 4041 3633 ἀπο-

607 3666 824 3722 credite
854 3680 960 3721 nec
977 3681 1191 3720 mensae
1212 3680 1413 3719 eorum
1436 3664 1680 3737 impura
1710 3662 2022 3735 participes
2043 3665 2248 3732 estote,

604 3772 724 3811 non
780 3753 1046 3822 occidite,
1077 3769 1194 3808 non
1243 3751 1585 3823 adulterata,
1617 3768 1732 3808 non
1775 3752 1907 3808 odio
1939 3751 2249 3823 prosequi-

603 3843 749 3899 mini
780 3859 925 3915 quos
954 3858 1071 3897 non
1102 3841 1284 3905 decet,
1319 3857 1433 3896 non
1466 3841 1687 3895 furtum
1720 3840 1889 3895 facite
1922 3855 2108 3912 neque
2127 3856 2249 3895 om-

602 3931 739 3987 nino
772 3929 1059 4002 capessite
1090 3928 1207 3984 ulla
1239 3945 1416 4001 prava
1445 3927 1720 3983 facinora.
1777 3927 2051 3999 Alioquin
2086 3929 2245 3984 lutu-

601 4036 801 4075 rorum
834 4033 936 4090 spe
968 4016 1175 4090 privati
1195 4017 1252 4072 in
1277 4016 1542 4090 praesenti
1566 4016 1802 4087 quidem
1832 4015 2042 4071 saeculo
2065 4034 2099 4073 a
2127 4034 2245 4073 ma-

601 4108 676 4163 lis
708 4106 1071 4162 daemonibus
1100 4110 1156 4162 et
1188 4122 1222 4162 a
1249 4105 1527 4177 gravibus
1549 4104 1769 4160 morbis
1793 4105 2162 4174 vexahimini,
2182 4107 2241 4162 in

2360 3658 2583 3718 λαύσετε
2614 3665 2678 3721 ³⁸.
2714 3665 2864 3735 Μήτε
2911 3661 3001 3719 οὖν
3053 3662 3310 3727 εἰδώλοις
3357 3662 3656 3734 πιστεύετε,
3691 3666 3834 3738 μήτε
3883 3685 4034 3741 τρα-

2356 3750 2528 3821 πέζης
2556 3750 2742 3814 αὐτοῖς
2790 3758 3100 3808 κοινωνεῖτε
3154 3759 3370 3828 μιαρᾶς,
3423 3753 3501 3827 μὴ
3556 3752 3882 3830 φονεύσητε,
3938 3755 4026 3827 μὴ

2358 3838 2664 3914 μοιχεύετε,
2701 3840 2778 3912 μὴ
2813 3841 3082 3913 μισήσητε
3110 3840 3202 3904 οὓς
3232 3841 3307 3914 μὴ
3341 3838 3571 3911 δίκαιον,
3609 3842 3685 3914 μή
3715 3839 4011 3913 κΑέπτετε,

2358 3924 2498 4001 μηδέ
2552 3934 2742 3991 κακαῖς
2802 3931 2845 3966 ³⁷
2897 3927 3029 3983 τισίν
3090 3928 3235 3993 ὅλως
3304 3930 3555 4006 πράξεσιν
3614 3924 4008 3989 ἐπιϐάλλεσθε.

2352 4014 2500 4070 Ἐπεῖ
2525 4020 2632 4071 τῶν
2666 4014 2936 4091 ἐσομένων
2970 4018 3186 4093 ἀγαθῶν
3233 4018 3573 4095 στερηθέντες
3619 4025 3719 4088 τῆς
3770 4014 4010 4082 ἐλπίδος

2349 4102 2401 4158 ἐν
2439 4105 2532 4178 μὲν
2563 4108 2641 4177 τῷ
2669 4104 2894 4179 παρόντι
2927 4105 3029 4161 ὑπό
3057 4127 3117 4162 τε
3155 4111 3332 4161 κακῶν
3375 4101 3649 4180 δαιμόνων
3693 4104 3783 4161 καὶ
3826 4103 4013 4182 χαλε-

598 4197 796 4252 futuro
828 4199 1024 4251 autem
1053 4194 1208 4268 ignis
1239 4194 1436 4251 aaterni
1468 4193 1664 4249 feretis
1695 4193 2069 4265 supplicium.
2105 4197 2232 4261 Quae

2346 4197 2464 4247 πῶν
2516 4195 2852 4267 παθημάτων
2900 4193 3375 4266 συνελασθήσεσθε,
3425 4195 3477 4251 ἐν
3520 4193 3577 4250 δὲ
3625 4199 3704 4267 τῷ
3752 4194 4013 4270 ἐσομένῳ

597 4299 733 4355 ergo
766 4283 939 4339 hodie
965 4283 1127 4339 vobis
1171 4283 1326 4339 dicta
1366 4286 1524 4348 sunt,
1577 4282 1887 4337 sufﬁciant.
1922 4281 2002 4337 De
2031 4287 2232 4340 caetero

2346 4281 2504 4336 αἰῶνι
2536 4278 2695 4355 ἀϊδίῳ
2723 4280 3121 4355 κολασθήσεσθε
3158 4284 3306 4361 πυρί.
3338 4284 3415 4339 Τά
3464 4284 3557 4358 μὲν
3613 4282 3705 4339 οὗν
3754 4285 4013 4361 σήμερον

595 4372 697 4444 qui
718 4376 977 4428 vestrum
1000 4371 1220 4427 morbis
1234 4369 1618 4437 afﬂictamini,
1638 4370 1709 4425 ad
1736 4370 2127 4442 recipiendam
2149 4389 2240 4428 sa-

2347 4370 2473 4443 ὑμῖν
2520 4369 2751 4447 ῥηθέντα
2813 4371 3093 4447 αὐτάρκως
3148 4369 3285 4448 ἔχει.
3337 4374 3541 4429 Λοιπὸν
3609 4370 3687 4445 δὲ,
3739 4372 3895 4446 ὑμῶν
3952 4376 4011 4430 οἱ

591 4460 837 4517 nitatem
866 4464 1116 4527 manete,
1146 4476 1215 4516 ex
1239 4458 1370 4515 aliis
1397 4475 1551 4528 vero,
1584 4457 1687 4530 qui
1710 4456 1908 4528 vultis,
1942 4474 2073 4515 cum
2097 4475 2232 4533 pace

2349 4459 2443 4533 μὲν
2492 4461 2537 4496 ³⁸
2579 4458 2685 4515 ὐπὸ
2734 4461 3070 4534 παθημάτων
3119 4460 3455 4536 ὀχλούμενοι
3505 4460 3641 4538 πρὸς
3704 4461 3803 4530 τήν
3858 4459 4011 4517 ἴασιν

594 4548 768 4605 abite.

2343 4548 2729 4623 παραμείνατε,
2761 4552 2867 4605 τῶν
2900 4545 2958 4605 δὲ
2987 4546 3173 4605 ἄλλων
3220 4550 3273 4605 οὶ
3328 4548 3659 4626 βουλόμενοι
3692 4550 3809 4625 μετ’
3840 4549 4006 4629 εἱρή..

2261 4648 2308 4715 D
2339 4656 2439 4709 νης
2466 4636 2777 4713 πορεύεσθε.

661 4726 852 4785 XXIV.
888 4726 1020 4784 Haec
1048 4742 1181 4784 cum
1213 4725 1478 4795 dixisset,
1508 4740 1713 4781 omnes
1762 4728 2232 4797 permanserunt,

2412 4726 2601 4783 XXIV.
2632 4729 2807 4781 Ταῦτα
2852 4724 3017 4781 αὐτοῦ
3078 4724 3323 4790 εἰπόντος
3371 4726 3423 4783 οἱ
3471 4727 3665 4790 πάντες
3726 4725 4003 4803 παρέμει-

590 4817 686 4875 alii
721 4821 785 4874 ut
801 4821 1163 4884 curarentur,
1188 4814 1286 4872 alii
1311 4819 1372 4871 ut
1392 4813 1653 4870 viderent
1676 4828 1775 4869 eos
1801 4812 1901 4884 qui
1925 4813 2232 4869 sanitatem

2346 4834 2454 4883 ναν,
2487 4814 2540 4868 ot
2573 4814 2668 4886 μὲν
2696 4817 2792 4870 τοῦ
2832 4816 3220 4889 θεραπευθῆναι
3271 4816 3459 4893 χάριν,
3491 4817 3543 4871 οἱ
3593 4813 3651 4872 δὲ
3697 4820 3796 4871 τοῦ
3844 4817 4002 4871 ἱστο-

588 4906 931 4979 reciperent.
964 4908 1169 4961 Petrus
1201 4909 1396 4959 autem
1449 4904 1732 4958 duntaxat
1776 4902 2085 4973 imponens
2116 4901 2232 4959 illis

2346 4907 2504 4977 ρῆσαι
2581 4902 2713 4965 τοὺς
2785 4908 2886 4973 τῆς
2948 4902 3232 4979 θεραπείας
3303 4903 3776 4982 ἐπιτυγχάνοντας.
3829 4905 3886 4958 '0
3938 4904 4004 4961 δὲ

588 5011 802 5051 manus
840 4998 897 5050 et
924 4997 1193 5066 precatus
1215 4992 1479 5049 sanavit:
1509 4992 1672 5061 adeo,
1704 4994 1769 5045 ut
1789 4989 1889 5062 qui
1921 4991 2117 5048 subito
2138 5007 2235 5047 cu-

657 5121 735 5192 (a)
764 5120 964 5177 Matth.
996 5136 1050 5178 1v
1076 5138 1091 5191 ;
1125 5122 1256 5177 Luc.
1287 5137 1363 5177 Iv.
1439 5120 1516 5193 (b)
1546 5118 1753 5176 Matth.
1784 5135 1922 5175 xxu.

2342 4989 2544 5069 Πέτρος
2586 4993 2682 5054 τὰς
2731 4997 2925 5069 χεῖρας
2972 4992 3155 5056 αὐτοῖς
3203 4992 3405 5058 ἐπιθεὶς
3484 4993 3643 5069 μόνον
3704 4994 3794 5050 καὶ
3845 4993 4001 5065 εὐξά-

1938 5253 2175 5312 νΑΒΙίΕ
2214 5255 2633 5315 LECTIONES.

656 5348 701 5434 if
732 5343 1035 5434 δεδομένων
1087 5350 1146 5434 in
1192 5355 1330 5409 text.
1354 5350 1559 5434 _recepi
1591 5367 1640 5434 ο.
1819 5351 1870 5434 ιτ.
1891 5348 2039 5434 αὐτῷ
2088 5370 2203 5409 non
2233 5352 2459 5434 _l-egitur
2504 5354 2564 5434 in
2592 5353 2656 5434 ς).
2678 5351 2931 5434 ,8.,Τυω
2978 5356 3115 5434 _fort.
3149 5354 3267 5434 leg.
3307 5347 3383 5410 ἔτι
3416 5370 3505 5434 τι,
3549 5350 3838 5434 DeindeC
3868 5371 3996 5414 non

582 5424 738 5525 facete
794 5423 965 5504 vertit
1015 5424 1387 5505 oppignerauit
1451 5423 1519 5479 et
1563 5423 1630 5477 ab
1687 5424 1803 5495 ipso
1852 5423 2199 5509 traditarum.
2233 5423 2464 5483 Vertere
2531 5424 2825 5483 debebat:
2858 5423 3322 5534 oppigneravﬁset
3376 5432 3433 5483 et
3474 5428 3585 5498 ipsi
3631 5426 3992 5484 traditarum.

658 5483 864 5549 ἀσεϐως
921 5494 1077 5549 0.1n
1146 5511 1331 5549 mare.
1392 5511 1505 5549 sec.
1571 5511 1725 5549 man.
1784 5490 1917 5549 ἴσως
1974 5494 2225 5549 εὐσεοων.
2304 5495 2350 5530 ¹⁹
2376 5490 2463 5547 καὶ
2512 5490 2797 5549 ἢδυνηθείς
2850 5502 2909 5549 C.
3013 5501 3182 5549 οτοῖς
3236 5494 3529 5549 μέλλουσιν
3561 5499 3622 5549 C.
3698 5498 3744 5535 ³1
3778 5494 3885 5549 ὑπό
3918 5498 3991 5549 Ο-

840 5510 864 5550 ς
902 5494 985 5571 ρ,
1017 5490 1094 5549 ἤι’
1141 5490 1333 5571 iparg,
1392 5511 1521 5571 sec:
1571 5490 1725 5571 man}
1784 5490 1945 5571 ἴσωςΔ
1974 5494 2225 5571 εὐ-σεοῶν.
2304 5495 2350 5530 ¹⁰
2376 5490 2463 5571 καί
2512 5490 2825 5571 ᾖδιζνηθείςΑ
2986 5490 3035 5535 §°
3063 5502 3182 5561 τοῖς
3235 5490 3529 5571 μέλλουσίν
3554 5499 3650 5571 ς..Δ
3698 5498 3744 5535 ³1
3778 5494 3885 5571 61:6
3918 5498 3991 5555 Ο,

577 5561 625 5595 ²²
682 5558 790 5634 οὐχ
847 5558 982 5619 add.
1041 5582 1091 5621 c.
1150 5568 1217 5620 Ο.
1277 5558 1336 5602 ’³³
1386 5567 1564 5634 κακῶν
1621 5565 1711 5618 καὶ
1769 5568 1829 5621 C.

575 5703 825 5795 accessit
854 5719 921 5763 ex
951 5705 1017 5765 Ο.

693 5562 790 5644 ξύχ
847 5565 982 5619 add.
1041 5582 1091 5621 c.
1150 5568 1217 5620 Ο.
1280 5562 1336 5602 ’³³
1386 5567 1564 5618 κακῶν
1621 5565 1711 5618 καὶ
1769 5568 1829 5621 C.
1906 5567 1952 5601 ³⁸
2000 5564 2198 5641 εἰσάγει
2252 5572 2310 5621 c.
2388 5566 2435 5600 ³⁸
2490 5562 2536 5618 εἰ
2599 5562 2863 5639 βούλεσθε
2908 5569 2951 5626 0
3000 5575 3058 5628 et
3086 5562 3461 5679 Asecundum
3509 5568 3997 5641 Clerioum)Cex

693 5634 930 5679 tantum-
983 5638 1178 5679 fartim:
1230 5634 1288 5679 ni
1349 5628 1653 5679 ἐϐούλεσθε-
1734 5635 1781 5671 ³⁸
1811 5636 1892 5679 ΠΩ
1952 5636 1997 5679 n
2054 5640 2112 5679 at
2173 5637 2304 5679 Eni!
2373 5651 2422 5679 η-
2471 5635 2523 5679 ἆ-
2574 5632 2989 5679 ἦποληιίρηιτοη
3167 5641 3241 5679 ..ελ
3274 5638 3626 5679 Χενκηηητρη
3722 5640 3768 5678 88
3797 5639 3847 5679 ni
3886 5641 3990 5679 ηὶυ

578 5628 932 5716 conjectura,
955 5638 1178 5716 “textus
1230 5634 1290 5693 Ci
1349 5628 1657 5694 ἐϐούλεσθε.
1734 5635 1781 5671 ⁸⁸
1811 5636 1897 5695 Ita
1952 5636 1997 5695 Ο
2054 5628 2323 5711 et'Epit.
2373 5651 2425 5693 ο.
2471 5635 2528 5708 4,
2574 5628 2925 5716 ἀπολαύσητε
2947 5640 3010 5698 C.

3166 5641 3243 5717 μὴ
3274 5638 3552 5706 δεκασταῖς
3580 5639 3646 5701 Ο.
3722 5640 3768 5678 ⁸⁸
3797 5638 3852 5697 δι
3885 5641 3990 5721 μὲν
