4114 6338
190 450 285 513 941

1288 443 1817 515 CLEMENTINA.
1849 480 1929 496 —
1958 447 2294 516 HOMILIA
2334 445 2438 516 IX.

3449 448 3568 515 242

194 605 329 657 μενος
375 579 574 641 ἰάσατο·
625 580 703 647 ὡς
747 582 875 647 τοὺς
919 581 1015 659 μὲν
1069 584 1411 660 παραχρῆμα
1454 580 1791 656 θεραπευθέν-

1916 585 2023 639 rati
2058 585 2305 652 fuerant,
2338 586 2692 654 laetarentur,
2720 586 2821 660 qui
2865 589 3059 645 autem
3103 584 3389 654 viderant,
3443 602 3563 643 mn-

190 694 263 735 τας
291 672 516 748 γενέσθαι
549 678 895 750 περιχαρεῖς,
923 671 1049 736 τοὺς
1100 670 1157 728 δὲ
1203 673 1590 747 ἱστορήσαντας
1649 671 1803 746 ὅπερ·

188 765 423 835 θαυμάσαι
455 783 511 817 τε
537 762 627 816 καὶ
681 761 1100 839 εὐφημησαντας
1152 761 1243 817 τὸν
1295 762 1421 817 Θεὸν
1470 754 1660 835 βεϐαία
1710 757 1800 814 ἐλ-

186 849 281 905 πίδι
326 855 623 919 πιστεῦσαι,
656 853 771 924 ἅμα
814 872 873 906 τε
908 856 1027 913 τοῖς
1075 853 1121 888 ²⁹
1160 851 1556 925 θεραπευθεῖσιν
1603 846 1691 904 ἐπὶ
1736 849 1803 903 τὰ

184 940 358 995 ἑαυτῶν
419 940 657 1008 ἀπιέναι,
723 936 949 1008 ἐντολὴν
1010 942 1158 996 197
1217 938 1438 1015 ἔχοντας
1496 935 1799 1013 πρωίτερον

182 1030 235 1100 τῇ
276 1026 519 1103 ὑστεραίᾳ
563 1025 858 1086 συνελθεῖν.
912 1026 1282 1084 Ἀπελθόντων
1333 1023 1391 1082 δὲ
1440 1027 1639 1094 αὐτῶν,
1690 1024 1802 1080 ἐκεῖ

185 1116 341 1189 μείνας
367 1117 397 1172 ὁ
425 1116 634 1193 Πέτρος
666 1116 803 1191 μετὰ
847 1120 955 1172 τῶν
985 1120 1031 1154 ³ο
1080 1118 1349 1188 συνήθων,
1376 1121 1583 1194 τροφῆς
1632 1133 1796 1189 μετα-

184 1200 335 1261 λαϐὼν
362 1202 682 1262 ὃιανέπαυεν
709 1202 895 1261 ἐαυτὸν
926 1206 1007 1278 τῷ
1036 1204 1211 1279 ὕπνῳ.

780 1384 1037 1440 ὈΜΙΛΙΑ
1076 1383 1148 1439 Θ’.

232 1474 268 1530 Ι.
299 1474 378 1547 Τῇ
413 1473 511 1545 μὲν
546 1470 639 1528 οῦν
670 1474 715 1511 ⁸¹
747 1471 973 1546 ἐπιούσῃ
1000 1472 1183 1547 ἡμέρᾳ
1210 1471 1239 1526 ὁ
1271 1469 1473 1548 Πέτρος
1521 1471 1635 1544 ἅμα
1676 1473 1794 1533 τοῖς

178 1560 375 1638 ἑταίροις
406 1561 565 1632 ἐξιὼν
597 1558 687 1617 καί
716 1560 803 1616 ἐπὶ
832 1561 923 1616 τὸν
953 1561 1060 1635 πρὸ
1095 1566 1220 1633 μιᾶς
1263 1559 1429 1616 τόπον
1481 1558 1654 1616 ἐλθὼν
1702 1558 1793 1614 καὶ

176 1649 361 1713 ἐπιστὰς
389 1648 598 1726 ἤρξατο
628 1648 823 1725 λέγειν·
856 1650 913 1704 Ὀ
943 1650 1070 1712 Θεὸς
1100 1647 1231 1711 τοὺς
1261 1648 1431 1705 πάλαι
1472 1648 1791 1725 ἀνθρώπους

174 1733 503 1808 ἀσεϐήσαντας
564 1739 767 1800 πάντας
825 1734 977 1793 ὕδατι
1055 1735 1385 1816 διαφθείρας,
1442 1737 1504 1792 ἐκ
1575 1736 1791 1793 πάντων

172 1826 240 1882 ἕνα
273 1821 460 1897 εύσεϐῆ
513 1826 711 1902 εὑρὼν,
742 1824 794 1881 ἐν
856 1824 1083 1903 λάρνακι
1146 1827 1280 1899 μετά
1332 1830 1495 1903 τριῶν
1549 1824 1713 1882 αὐτοῦ
1743 1828 1790 1863 ³³

172 1917 275 1971 υἱῶν
321 1915 410 1971 καί
468 1918 738 1991 γυναικῶν
793 1916 1032 1986 σωθῆναι
1067 1914 1340 1987 ἐποίησεν.
1372 1918 1525 1981 ’Ὀθεν
1557 1912 1787 1970 συνιδεῖν

170 2001 281 2059 ἔστιν
307 2004 470 2061 αὐτοῦ
496 2004 601 2073 τήν
649 2002 829 2083 φύσιν,
862 1998 1037 2081 ὄχλου
1083 2004 1176 2078 μὲν
1224 1998 1560 2061 ἀσεϐούντων
1613 2004 1688 2078 μὴ
1741 2005 1789 2042 ³³

171 2092 551 2171 φροντίζουσαν,
598 2094 714 2156 ἐνὸς
764 2090 823 2149 δὲ
873 2087 1124 2156 εὐσεϐοῦς
1172 2092 1445 2170 σωτηρίας
1494 2092 1593 2149 οὐκ
1650 2092 1785 2166 ἀμε-

170 2182 356 2240 λοῦσαν.
406 2187 604 2238 Πασῶν
649 2179 741 2238 οὖν
796 2181 995 2255 μείζων
1042 2183 1089 2219 ³⁸
1127 2180 1265 2237 ἐστὶν
1315 2176 1530 2237 ἀσέϐεια
1583 2180 1647 2236 τὸ
1691 2182 1785 2236 τὸν

170 2272 308 2343 μόνον
342 2274 562 2328 πάντων
610 2271 1010 2345 καταλείψαντα
1050 2269 1341 2343 Δεσπότην,
1371 2269 1617 2333 πολλοὺς
1661 2270 1787 2333 τοὺς

170 2361 248 2415 οὐκ
275 2356 426 2423 ὄντας
450 2363 530 2423 ὡς
564 2355 722 2423 ὄντας
751 2364 797 2398 ³⁸
825 2356 999 2416 σέϐειν
1032 2359 1207 2422 θεούς.

223 2455 281 2506 Π.
310 2451 429 2505 Ἐάν
487 2450 582 2505 οὗν
614 2448 774 2523 (ἐμοῦ
829 2448 955 2521 ὑμῖν
1006 2447 1381 2527 ὑφηγουμένου
1428 2448 1517 2503 καὶ
1550 2445 1787 2503 δεικνύν-

166 2556 263 2606 τος,
294 2538 370 2593 δτι
396 2534 558 2593 τοῦτό
591 2538 701 2593 ἐστι
747 2537 811 2593 τὸ
864 2539 1121 2613 μέγιστον
1172 2539 1489 2613 ἁμάρτημα,
1521 2538 1550 2593 ὃ
1587 2537 1788 2600 πάντας

171 2626 290 2697 ὑμᾶς
353 2625 619 2682 ἀπολέσαι
668 2624 909 2701 δύναται)
959 2627 1051 2681 τὸν
1103 2624 1358 2702 ὑμέτερον
1411 2624 1698 2703 ὑποδράμῃ
1743 2628 1788 2663 ³⁸

170 2718 292 2786 νοῦν,
320 2713 400 2770 ὅτι
447 2715 550 2771 ούκ
598 2712 927 2781 ἀπόλλυσθε,
958 2711 1164 2769 πολλοὶ
1215 2708 1363 2777 ὅντες
1415 2709 1602 2791 ὄχλοι,
1642 2713 1787 2786 ἠπά-

169 2804 321 2871 τηςθε·
353 2800 507 2880 ἔχετε
556 2806 663 2880 γὰρ
707 2808 809 2859 τοῦ
853 2802 1023 2860 πάλαι
1067 2801 1527 2867 κατακλυσθέντπ
1576 2803 1788 2878 κόσμου

172 2890 221 2945 τὸ
279 2891 595 2970 ὑπόδειγμα·
646 2892 824 2948 καίτοι
892 2891 1112 2949 ἐκείνων
1174 2893 1269 2967 μὶν
1342 2893 1406 2949 τὸ
1488 2894 1790 2967 ἁμάρτημα

171 2979 290 3037 πολὺ
316 2981 474 3051 ἧττον
508 2983 576 3051 ἦν
606 2985 704 3036 τοῦ
750 2982 869 3047 καθ’
900 2983 1058 3056 ὑμᾶς.
1110 2983 1339 3037 Ἐκεῖνοι
1368 2982 1469 3058 γὰρ
1526 2981 1605 3044 εἷς
1635 2984 1786 3040 198

168 3068 272 3132 τοὺς
312 3071 537 3144 ὁμοίους
568 3073 613 3108 ³⁷
640 3066 893 3141 ἠσέϐουν,
924 3072 960 3141 ἢ
993 3069 1307 3148 φονεύοντες
1344 3070 1381 3140 ἢ
1417 3070 1786 3147 μοιχεύοντες·

173 3156 301 3229 ὑμεῖς
345 3157 400 3215 δὲ
442 3160 523 3223 εἷς
571 3160 664 3215 τὸν
710 3163 816 3215 τῶν
855 3157 999 3215 ὅλων
1032 3155 1274 3216 ἀσεϐεῖτε
1303 3159 1452 3230 Θεὸν,
1482 3160 1592 3215 ἀντ’
1623 3159 1788 3216 αὐτοῦ

169 3246 302 3313 ﬁmi
352 3248 443 3303 σὺν
487 3248 640 3320 αύτῷ
685 3249 872 3324 ἄψυχα
912 3246 1206 3324 ἀγάλματα
1268 3243 1540 3321 σέϐοντες,
1588 3250 1677 3304 καὶ
1724 3248 1788 3304 τὸ

1911 690 2165 746 gnOpere
2197 675 2568 748 mirarentur,
2602 676 2896 750 simulque
2918 677 3226 734 laudarent
3257 678 3463 748 Deum,
3490 696 3556 734 ac

1913 763 2082 817 ﬁrma
2113 780 2215 835 spe
2247 765 2564 832 crederent,
2608 770 2781 837 atque
2811 782 2927 821 una
2958 784 3091 822 cum
3124 767 3196 822 iis
3229 767 3329 839 qui
3369 768 3554 822 sancti

1913 852 2162 919 fuerant,
2194 854 2263 909 ad
2298 870 2408 909 sua
2437 854 2684 925 abirent,
2703 856 2978 912 mandato
3005 860 3262 927 accepto,
3288 860 3352 910 ut
3370 862 3554 911 matu-

1910 939 2034 996 rius
2067 941 2344 1012 postridie
2374 943 2768 999 convenirent.
2811 942 3076 1015 Cumque
3125 943 3551 1011 discessissent,

1909 1028 1990 1084 ibi
2023 1046 2267 1086 manens
2300 1031 2504 1088 Petrus
2518 1048 2635 1089 una
2654 1048 2788 1089 cum
2810 1031 3223 1103 familiaribus,
3243 1032 3373 1091 cibo
3397 1049 3554 1089 sum-

1908 1121 2029 1191 pto,
2062 1135 2123 1176 se
2152 1135 2360 1177 somno
2390 1120 2609 1179 reiecit.

2507 1388 2813 1445 HOMILIA
2852 1389 2943 1445 IX.

1976 1477 2020 1535 Ι.
2052 1477 2324 1549 Sequenti
2356 1478 2593 1550 quidem
2627 1478 2720 1535 die
2747 1479 2952 1536 Petrus
3001 1495 3119 1535 una
3167 1494 3300 1535 cum
3331 1478 3550 1535 sodali-

1904 1567 2015 1624 bus
2045 1582 2316 1639 egressus
2346 1572 2403 1623 et
2431 1568 2501 1623 ad
2534 1567 2725 1623 locum
2754 1568 3135 1640 praecedentis
3164 1568 3274 1624 diei
3306 1569 3543 1624 veniens

1904 1672 1971 1712 ac
2000 1656 2327 1711 consistens
2380 1656 2555 1728 coepit
2603 1657 2831 1713 dicere:
2883 1657 3037 1713 Deus
3084 1656 3353 1712 homines
3404 1657 3543 1713 olim

1901 1744 2117 1815 impios
2165 1748 2408 1800 cunctos
2459 1760 2594 1800 cum
2646 1760 2746 1816 per
2793 1761 3008 1816 aquam
3036 1744 3432 1817 aperdidisset,
3480 1763 3547 1801 ac

1900 1849 2089 1888 unum
2120 1848 2189 1888 ex
2215 1832 2493 1889 omnibus
2522 1832 2687 1905 pium
2719 1833 3057 1905 invenisset,
3108 1834 3169 1889 in
3218 1851 3351 1890 arca
3406 1850 3542 1892 eum

1901 1928 2032 1968 cum
2064 1913 2255 1969 tribus
2286 1912 2421 1969 (iliis
2451 1918 2509 1968 et
2537 1929 2739 1969 eorum
2772 1914 3050 1971 uxoribus
3107 1914 3335 1970 salvum
3385 1916 3539 1971 fecit.

1896 1999 2059 2057 Unde
2088 2006 2329 2075 apparet
2346 2002 2544 2058 divina
2564 2006 2795 2069 natura,
2818 2018 2946 2074 quae
2965 2002 3279 2075 impiorum
3301 2003 3538 2076 quidem

1896 2088 2138 2162 negligit
2166 2089 2629 2157 multitudinem,
2662 2090 2839 2148 unius
2865 2107 2997 2147 vero
3029 2092 3108 2164 pii
3138 2091 3388 2149 salutem
3420 2112 3536 2151 non

1896 2178 2162 2251 despicit.
2194 2180 2549 2236 Cunctarum
2599 2196 2736 2253 ergo
2794 2180 3049 2238 maxima
3104 2185 3192 2239 est
3241 2182 3533 2256 impietas,

1897 2268 2088 2324 solum
2120 2269 2384 2325 omnium
2417 2269 2722 2326 dominum
2748 2270 3096 2343 relinquere,
3127 2278 3183 2329 et
3203 2274 3418 2330 multos
3436 2276 3535 2348 qui

1898 2374 2013 2413 non
2046 2365 2204 2425 sunt,
2236 2358 2406 2430 quasi
2430 2359 2568 2429 sint,
2599 2360 2740 2416 deos
2759 2361 3041 2417 venerari.

1968 2447 2039 2503 Il.
2072 2448 2131 2504 Si
2162 2464 2299 2519 ergo
2328 2449 2492 2520 (dum
2523 2449 2688 2505 vobis
2717 2466 2922 2507 enarro
2954 2468 3019 2507 ac
3049 2452 3311 2524 ostendo,
3330 2452 3389 2508 id
3416 2470 3538 2510 ma-

1896 2536 2120 2591 ximum
2154 2552 2281 2592 esse
2312 2540 2803 2610 peccatum,quod
2835 2555 2935 2595 vos
2964 2555 3168 2597 omnes
3197 2541 3383 2613 possit
3408 2559 3537 2614 per-

1898 2625 2056 2694 dere)
2086 2629 2290 2681 vestrae
2320 2626 2501 2681 menti
2547 2627 2872 2699 subveniat,
2921 2645 3023 2684 vos
3060 2645 3175 2685 non
3223 2631 3535 2702 perituros,

1898 2714 2036 2785 quia
2067 2714 2306 2786 plurimi
2337 2715 2497 2786 estis,
2529 2716 2737 2771 erratis
2766 2734 2779 2786 ;
2814 2717 3040 2773 habetis
3081 2718 3296 2791 quippe
3334 2720 3541 2775 mundi

1899 2801 2037 2859 olim
2064 2803 2281 2860 diluvio
2313 2803 2579 2860 inundati
2608 2806 2978 2878 exemplum;
3021 2811 3079 2862 et
3122 2823 3257 2864 vero
3304 2808 3539 2865 illorum

1897 2896 2200 2964 peccatum
2231 2892 2417 2948 multo
2449 2896 2574 2949 erat
2605 2894 2803 2950 minus
2830 2898 3045 2953 vestro.
3079 2895 3165 2952 Illi
3198 2913 3451 2969 namque
3479 2896 3538 2952 in

1898 2996 2071 3053 pares
2093 2981 2272 3053 impie
2300 2997 2362 3038 se
2390 2986 2719 3054 gesserunt,
2752 2988 2853 3039 aut
2881 2984 3216 3054 occidendo,
3249 2990 3351 3041 aut
3380 2985 3543 3041 adul-

1898 3071 2139 3126 terando
2164 3087 2178 3127 :
2211 3087 2312 3125 vos
2340 3077 2535 3127 autem
2577 3072 2637 3127 in
2663 3073 2929 3129 omnium
2959 3074 3145 3130 Deum
3176 3076 3320 3131 estis
3349 3076 3540 3147 impii,

1898 3175 2003 3230 pro
2031 3174 2098 3214 eo
2125 3157 2213 3214 vel
2243 3174 2378 3213 cum
2409 3174 2475 3214 eo
2497 3158 2760 3215 inanima
2788 3159 3040 3216 colentes
3078 3160 3413 3231 simulacra,
3445 3178 3539 3216 sa-

1900 3263 2185 3319 crumque
2215 3247 2343 3318 ejus
2373 3263 2585 3303 nomen
2617 3248 2986 3319 projicientes
3016 3249 3086 3305 ad
3111 3265 3343 3305 omnem
3359 3266 3537 3305 sensu

170 3312 287 3390 θεῖον
340 3336 504 3392 αὐτοῦ
564 3312 745 3411 ὄνομα
798 3312 972 3410 πάσῃ.
1013 3312 1325 3411 ἀναισθήτῳ
1400 3312 1537 3412 ὕλῃ,
1578 3335 1788 3414 ἐπιρῥί-

1906 3342 2194 3393 carentem
2229 3335 2556 3392 materiam.
2590 3336 2782 3392 Primo
2813 3336 3011 3409 itaque
3040 3337 3348 3393 infeliciter
3375 3339 3539 3395 vobis

167 3426 349 3494 ᾠακηες.
409 3430 638 3502 Πρῶτον
688 3425 783 3498 μὲν
828 3424 919 3480 οῦν
971 3422 1426 3501 δεδυστυχήκατε,
1461 3427 1537 3500 μὴ
1595 3425 1789 3503 γνωρί-

168 3532 323 3576 σαντες
366 3516 468 3584 τὴν
518 3512 780 3592 διαφορὰν
830 3514 931 3583 τὴν
981 3513 1176 3588 μεταξὺ
1211 3514 1509 3592 μοναρχίας
1553 3515 1643 3572 καὶ
1693 3537 1791 3571 πο-

168 3600 429 3678 λυαρχίας,
461 3602 549 3657 ὅτι
581 3604 616 3672 ἡ
653 3602 747 3675 μὲν
783 3601 1055 3679 μοναρχία
1084 3604 1198 3676 (15)
1227 3602 1484 3676 ὁμονοίας
1515 3603 1625 3658 ἐστὶ
1657 3625 1791 3678 παρ-

167 3692 347 3763 εκτικὴ,
406 3693 440 3762 ἡ
494 3689 557 3746 δὲ
600 3690 917 3766 πολυαρχία
977 3690 1240 3766 πολέμων
1291 3690 1659 3768 ἐξεργαστική.
1718 3694 1790 3749 Τὸ

166 3775 245 3853 γὰρ
272 3778 324 3835 ἓν
352 3778 528 3853 ἐαυτῷ
560 3778 622 3835 ού
655 3779 909 3855 μάχεται,
937 3780 1005 3834 τὰ
1035 3776 1093 3835 δὲ
1130 3778 1317 3836 πολλὰ
1364 3781 1631 3859 πρόφασιν
1673 3780 1792 3858 ἔχει

167 3866 244 3934 τήν
266 3869 307 3906 ³
333 3869 471 3945 πρὸς
498 3865 684 3945 ἕτερον
721 3868 904 3944 μάχην
938 3866 1256 3945 ἐπιχειρεῖν.

224 3961 308 4012 III.
341 3956 550 4013 Αὐτίκα
596 3960 749 4032 γοῦν,
782 3954 935 4019 εὐθὺς
965 3958 1011 3994 ³9
1051 3956 1185 4030 μετᾶ
1234 3957 1325 4013 τὸν
1382 3954 1790 4032 κατακλυσμὸν,

171 4044 325 4101 ὁΝῶε
356 4043 647 4121 τριακόσια
690 4044 780 4100 καὶ
829 4046 1165 4117 πεντήκοντα
1204 4044 1463 4117 ἐπιζήσας
1512 4042 1604 4117 ἔτη
1658 4047 1794 4121 μετά

168 4138 256 4187 τῶν
292 4135 338 4207 ἐξ
370 4134 539 4190 αὐτοῦ
582 4135 888 4210 γενομένων
936 4130 1124 4210 ὄχλων
1176 4133 1227 4190 ἐν
1265 4135 1497 4210 ὁμονοίᾳ
1540 4133 1791 4205 διετέλει,

170 4226 246 4277 τοῦ
274 4225 436 4297 μόνου
497 4227 635 4279 Θεοῦ
689 4224 805 4278 κατ’
852 4222 1031 4279 εἰκόνα
1070 4222 1303 4301 ὗπάρξας
1340 4222 1617 4300 βασιλεύς.
1645 4225 1794 4281 Μετά

173 4307 217 4365 δέ
239 4314 325 4383 τὴν
356 4312 527 4369 αὐτοῦ
567 4310 822 4381 τελευτὴν
849 4310 1054 4368 πολλοὶ
1080 4317 1187 4367 τῶν
1221 4313 1269 4385 ἐξ
1301 4311 1468 4368 αὐτοῦ
1512 4311 1790 4389 βασιλείας

174 4398 482 4479 ὠρέχθησαν,
566 4401 656 4457 καὶ
715 4401 852 4478 πρὸς
934 4402 998 4457 τὸ
1084 4400 1396 4479 βασιλεῦσαι
1474 4400 1791 4466 σπεύδοντες

171 4488 219 4543 τὸ
242 4495 345 4553 πῶς
393 4490 651 4560 δυνηθείη
702 4486 927 4554 ἕκαστος
980 4490 1207 4547 ἐπενόει.
1240 4490 1338 4545 Καὶ
1389 4492 1417 4545 ὁ
1468 4491 1563 4564 μὲν
1621 4489 1789 4547 πολέ-

176 4594 267 4651 μῳ,
291 4578 459 4643 ἄλλος
490 4577 667 4653 δόλῳ,
698 4576 882 4655 ἕτερος
914 4580 1093 4634 πειθοῖ
1120 4581 1184 4649 ‘0,
1214 4579 1305 4633 καὶ
1353 4576 1524 4642 ἄλλος
1582 4578 1789 4653 ἄλλως,

1899 3425 2097 3493 cessit,
2128 3426 2285 3497 quod
2316 3425 2701 3481 differentiam
2735 3425 2887 3481 inter
2914 3427 3091 3482 unius
3122 3442 3187 3482 ac
3218 3426 3540 3483 multorum

1898 3514 2293 3588 principatum
2324 3513 2625 3588 ignoratis,
2660 3514 2936 3586 quoniam
2971 3515 3149 3571 unius
3182 3515 3542 3588 principatus

1899 3603 2220 3661 concordia:
2264 3602 2538 3659 facienda:
2580 3602 2699 3658 vim
2747 3603 2943 3672 habet,
2994 3604 3359 3676 principatus
3407 3621 3542 3661 vero

1899 3691 2218 3748 multorum
2267 3692 2503 3748 effector
2549 3689 2836 3746 bellorum
2886 3695 2993 3747 est.
3044 3693 3206 3757 Quod
3252 3691 3407 3747 enim
3456 3698 3544 3748 est

1899 3797 2108 3846 unum,
2128 3796 2327 3836 secum
2342 3796 2458 3835 non
2482 3785 2740 3853 pugnat;
2773 3796 2900 3852 quae
2925 3796 3058 3836 vero
3087 3780 3427 3836 suntmulta
3446 3797 3542 3835 oc-

1900 3869 2193 3926 casionem
2223 3869 2443 3925 habent
2469 3868 2787 3925 seinvicem
2812 3868 3186 3942 aggrediendi
3204 3869 3539 3925 certamine.

1971 3958 2069 4015 Ill.
2111 3958 2321 4015 Statim
2352 3958 2551 4030 itaque
2581 3963 2711 4030 post
2738 3958 3025 4013 diluvium
3052 3957 3169 4014 Noe
3198 3958 3368 4014 annis
3426 3964 3541 4014 tre-

1901 4047 2087 4105 centis
2117 4052 2173 4103 et
2204 4047 2629 4120 quinquaginta
2659 4055 2955 4119 superstes
3004 4047 3080 4119 (a)
3128 4048 3187 4102 in
3236 4047 3545 4103 concordia

1901 4153 2036 4193 cum
2067 4134 2319 4192 filiorum
2348 4135 2492 4191 vixit
2521 4135 2915 4202 multitudine,
2947 4135 3173 4208 fuitque
3212 4135 3396 4193 solius
3446 4136 3547 4192 Dei

1901 4227 1971 4282 ad
1999 4224 2311 4296 imaginem
2353 4240 2470 4280 rex.
2510 4225 2641 4281 Post
2696 4229 2943 4280 mortem
2990 4241 3123 4281 vero
3172 4224 3330 4281 illius
3380 4224 3548 4281 multi

1902 4320 2258 4390 posterorum
2288 4329 2533 4387 regnum
2551 4314 2939 4386 appetierunt,
2962 4317 3019 4369 et
3038 4314 3320 4387 regnandi
3353 4315 3552 4371 studio

1901 4404 2307 4476 unusquisque
2328 4404 2567 4458 modum
2581 4402 2930 4474 excogitavit
2948 4419 3063 4476 quo
3076 4407 3274 4476 posset
3285 4418 3549 4477 regnare.

1902 4494 2003 4550 Ille
2034 4493 2272 4566 quidem
2304 4491 2474 4562 bello,
2506 4491 2659 4548 alius
2689 4490 2845 4563 dolo,
2879 4491 3025 4548 alter
3055 4494 3242 4549 suada
3288 4496 3346 4548 et
3399 4492 3551 4548 alius

1901 4582 2087 4641 aliter.
2122 4585 2163 4635 Ε
2191 4580 2405 4655 quibus
2434 4597 2588 4636 unus
2617 4580 2838 4636 exstitit
2865 4580 2936 4637 de
2966 4596 3175 4653 genere
3204 4580 3427 4644 Chami,
3456 4598 3552 4652 pa-

173 4665 233 4719 ῶν
255 4666 325 4731 εἷς
347 4688 431 4732 τις
461 4668 573 4724 ἀπὸ
619 4666 811 4744 γένους
842 4665 917 4723 ὢν
944 4668 1092 4741 Χὰμ,
1122 4670 1220 4722 τοῦ
1267 4669 1597 4739 ποιήσαντος
1625 4671 1716 4726 τὸν
1749 4673 1791 4711 ⁴¹

1906 4672 2013 4729 tris
2070 4670 2394 4740 Mesraimi,
2453 4686 2522 4726 ex
2575 4686 2687 4741 quo
2770 4668 3080 4726 Mesraimo
3150 4668 3550 4742 Egyptiorum

231 4784 298 4857 (α)
323 4784 464 4845 Gen.
494 4802 575 4853 Ix,
602 4786 693 4841 28.

1495 4885 1737 4944 VARIAS
1774 4885 2186 4945 LECTIONES.

231 4977 271 5013 ³³
318 4980 405 5060 Ita
434 4981 514 5060 _S,
544 4973 1054 5060 βεϐα-ίαςνέλπ-ίᾷος
1107 4979 1394 5060 πιστεύειν,
1416 4981 1541 5060 ’ὁίμα
1590 4988 1709 5060 τοῖς
1739 4985 1804 5054 C,
1840 4978 2061 5060 βεϐαίας
2114 4977 2297 5060 ἐλπίδι
2355 4976 2642 5060 πιστεύειν,
2701 4980 2815 5060 ᾅμα
2868 4982 2985 5041 τοῖς
3004 4986 3103 5060 ΔῼΘ.
3138 5048 3151 5060 ἢ
3179 4980 3254 5060 ³ο-
3286 4977 3551 5060 μενόντων

174 5063 223 5118 p.
246 5050 370 5119 μετὰ
394 5055 503 5105 τῶν

2768 5050 2778 5070 1

586 5094 598 5108 .
677 5053 718 5087 ³¹
754 5049 846 5105 οὖν
881 5053 1013 5109 add.
1047 5069 1097 5107 ο.
1132 5053 1195 5110 0.
1231 5048 1390 5110 Tum
1414 5048 1491 5111 id'.
1526 5048 1886 5159 ἑταίροιςίύι
1917 5055 2029 5129 legi
2060 5054 2184 5110 vult
2212 5057 2271 5121 C,
2303 5052 2474 5123 cujus
2515 5048 2653 5106 text.
2703 5048 2926 5159 ἑτέροις.
3004 5051 3050 5086 ⁸³
3095 5048 3258 5104 αὐτοῦ
3288 5048 3549 5121 οιῇυῐιχὶ

586 5129 596 5159 I
697 5123 921 5159 unan
953 5141 981 5159 ι.
1033 5124 1068 5159 ς
1126 5126 1376 5159 ..ετγηυρ
1472 5126 1633 5159 sum.
1731 5127 1807 5159 Α.-
1836 5120 1991 5159 21..-..-
2023 5143 2092 5159 ..η
2164 5126 2202 5159 q
2274 5140 2382 5159 nnn
2433 5127 2658 5159 οναιοηι
2845 5117 3129 5159 ,ειηη-ηκηιι..νη
3187 5122 3280 5159 ιοηι
3351 5126 3545 5159 nonem

175 5135 216 5198 ε.
250 5122 309 5178 0.
335 5124 428 5198 )3
455 5122 519 5177 οὖ
552 5124 624 5181 Ο.
653 5194 674 5198 _
697 5123 1001 5198 ³⁸ΔΙιθίΟ-ο.
1033 5124 1087 5198 8,
1125 5127 1307 5198 μεῖζον
1337 5126 1407 5198 CL
1456 5126 1517 5198 ,³³
1547 5120 1697 5183 Vbb.
1731 5120 1807 5188 ὥς
1836 5120 2005 5198 ὄνταξ
2021 5143 2114 5198 ap.
2164 5120 2390 5198 δεῖ]ρῆ
2433 5127 2679 5198 exstant.
2758 5120 3053 5198 “,rénodpai

3060 5143 3132 5195 μῃ
3148 5122 3297 5195 _le_g.
3351 5126 3549 5177 censet

176 5188 611 5271 D,_suﬁ‘ragante
642 5194 711 5260 Ο,
733 5191 1023 5271 ἀποδράμῃ
1049 5188 1348 5271 C,'Postea
1379 5190 1578 5271 ὅχλοι;
1609 5199 1675 5255 Ο.
1753 5201 1795 5235 ⁸⁷
1828 5196 2036 5271 ὁμοίως
2171 5196 2251 5271 ’³⁸
2283 5196 2550 5271 Fortasse
2600 5195 2709 5271 leg.
2743 5197 2859 5250 τοῦ.
2894 5195 2952 5250 S.
2987 5188 2996 5197 ’
3028 5188 3076 5271 θῆ
3108 5188 3348 5271 'eﬁgé'c.
3400 5194 3550 5271 Tum

174 5260 279 5339 τρία
304 5264 393 5339 διαέ
435 5260 541 5339 ὖτο
586 5260 888 5339 nimim"
915 5260 973 5339 α,
1000 5260 1110 5337 sui

1203 5265 1762 5342 uidem'genuinam
1799 5265 2376 5342 70ttohoniani_l.ect.
2422 5265 2741 5342 jam_vidit
2790 5270 3015 5342 exstare
3064 5265 3143 5342 in
3176 5266 3316 5321 Gen.
3354 5268 3555 5342 1x,_28.

176 5334 310 5392 “Ita
360 5332 513 5413 Q'c.
574 5332 635 5403 S,
684 5338 857 5413 πειθῷ
1026 5332 1082 5375 "1
1139 5332 1586 5413 révhassumpsi
1657 5358 1725 5397 ex
1784 5341 1848 5397 Ο.
1906 5342 2054 5397 Tum
2090 5338 2316 5413 Sgleg.
2377 5332 2645 5413 Μεσραίμ,
2678 5338 2782 5413 cfr;
2818 5339 2933 5393 Rea.
2968 5338 3308 5413 1v,u27iE:p
3362 5339 3560 5413 quibus

178 5421 298 5484 {qius
347 5406 1172 5484 ςήαηιντιοῖηίηθςσαὶιίᾳτηβω
1215 5410 1350 5484 ﬁliis
1390 5406 1535 5484 suis,
1563 5414 1661 5484 qui
1696 5413 1951 5469 Mesraim
2002 5406 2406 5484 appellabatur.
2455 5406 2668 5466 Chron.
2713 5408 2866 5465 Alex.
2922 5426 2981 5482 p.
3031 5410 3120 5463 62.
3172 5409 3315 5464 Rad.
3353 5406 3561 5470 εόὗτος

177 5478 429 5555 Μεσραεὶμ
463 5480 492 5534 ὁ
521 5478 824 5555 Αἰγύπτιος
857 5511 926 5522 —-
955 5478 1198 5555 οἰκήτωρ
1216 5478 1428 5557 ’γίνεται
1462 5478 1738 5559 Βάκτρων.

1536 5600 1917 5656 VARIORUM
1957 5597 2192 5655 NOT/E.

240 5690 367 5769 95)-
396 5695 460 5749 Ἡ
496 5695 589 5769 μὲν
634 5693 928 5769 μοναρχία,
962 5700 1069 5752 etc.
1121 5695 1315 5768 Usque
1370 5698 1442 5753 ad
1493 5698 1668 5769 finem
1720 5715 1807 5754 ca-

1913 5694 2199 5782 ἀναρχίας.
2234 5692 2816 5782 (ηᾳναιωιοωγρΛΙίξ.
2861 5712 2901 5762 ι,
2953 5712 3080 5769 cap.
3126 5696 3241 5768 22.)
3288 5696 3431 5751 Vide
3460 5711 3558 5753 su-

186 5760 332 5831 pitis.
346 5766 411 5824 In
470 5760 691 5841 scripto
750 5760 1111 5826 Damasceno
1168 5760 1397 5826 exstant
1451 5768 1650 5843 ecloga
1683 5769 1806 5843 περὶ
1918 5760 2114 5843 ρει-ἴδε
2145 5760 2349 5825 homil.
2380 5767 2438 5836 3,
2469 5783 2594 5839 cap.
2628 5768 2717 5824 62.
2751 5765 2882 5823 Co'r.
