4114 6338
517 351 639 421 243

1340 351 1407 417 S.
1452 349 1901 417 CLEMENTIS
1945 352 1970 416 Ι
2014 350 2206 415 ROM.
2251 350 2482 416 PONT.
2530 349 2794 417 OPEBA
2837 347 3108 419 DUBIA.’

3807 348 3929 413 244

518 498 577 551 et
600 488 1048 565 Babyloniorum
1093 489 1152 545 ot
1207 491 1517 544 Persarum
1578 490 1780 559 gentes
1838 490 2159 542 creverunt.

2287 485 2531 558 Μεπρέμ
2562 485 2611 557 ἐξ
2646 486 2811 560 οὗπερ
2841 486 2908 540 τὰ
2933 481 3247 561 Αἰγυπτίων
3304 478 3396 539 καὶ
3438 474 3804 541 Βαϐυλωνίων
3835 480 3933 538 καὶ

598 672 687 729 IV.
723 672 806 727 Ab
837 669 946 725 hoc
979 684 1189 740 genere
1218 667 1403 723 oritur
1433 665 1667 737 aliquis,
1694 682 1797 737 per
1852 665 2171 722 successio-

529 778 663 818 nem
696 761 753 815 in
787 758 1032 831 magicis
1062 756 1387 818 institutus,
1422 755 1659 810 nomine
1687 754 2012 819 Nebrodus,
2071 754 2173 825 qui

531 856 597 907 ut
624 850 789 921 gigas
820 846 1114 903 contraria
1142 845 1258 900 Deo
1289 844 1502 900 sentire
1540 842 1750 916 elegit:
1801 859 1935 898 eum
1992 842 2171 899 Graeci

526 941 867 995 Zoroastren
900 934 1357 1007 appellaverunt.
1398 932 1495 987 llic
1526 936 1658 1004 post
1678 931 1986 999 diluvium,
2010 930 2174 1003 regni

531 1026 803 1098 cupidus,
831 1040 964 1081 cum
993 1039 1243 1094 magnus
1265 1025 1419 1076 esset
1451 1037 1679 1092 magus,
1702 1020 2000 1092 regnantis
2020 1037 2176 1075 nunc

529 1115 669 1171 mali
700 1130 831 1186 quae
860 1112 1148 1167 mundum
1182 1109 1380 1181 dirigit
1409 1108 1637 1165 stellam
1670 1108 1911 1181 magicis
1950 1109 2175 1165 artibus

531 1203 721 1275 coegit
751 1203 820 1256 ad
856 1201 967 1257 sibi
1000 1200 1259 1254 dandum
1292 1197 1626 1269 imperium.
1660 1196 1763 1252 Illa
1789 1213 1944 1263 vero,
1977 1200 2176 1268 utpote

530 1294 802 1365 princeps
830 1295 888 1345 et
915 1289 1076 1344 illius
1106 1287 1259 1359 quod
1292 1287 1634 1358 adigebatur
1663 1286 1886 1342 habens
1917 1290 2173 1358 potesta-

530 1386 671 1447 tem,
707 1395 839 1435 cum
871 1378 958 1432 ira
983 1378 1176 1449 ignem
1209 1375 1369 1448 regni
1402 1374 1623 1442 effudit,
1656 1378 1720 1429 ut
1749 1378 1807 1429 et
1857 1373 2176 1444 adjuratio-

532 1483 666 1525 nem
691 1467 1027 1523 admitteret
1054 1468 1110 1520 et
1138 1480 1273 1520 eum
1300 1462 1399 1535 qui
1426 1462 1615 1535 primo
1638 1466 1901 1535 coegerat
1923 1462 2173 1534 puniret.

599 1736 668 1791 V.
720 1735 803 1790 Ex
846 1733 958 1791 hoc
1000 1732 1180 1805 igitur
1225 1748 1257 1788 ο
1297 1730 1438 1787 ccelo
1487 1731 1545 1785 in
1595 1733 1811 1786 terram
1876 1728 2178 1785 decidente

2282 578 2503 649 Περσῶν
2544 574 2812 646 ἐπλήθυνε
2843 574 3006 654 φῦλα.

2352 667 2447 721 IV.
2478 669 2572 719 Ἐκ
2632 668 2729 719 τοῦ
2766 663 2953 741 γένους
3009 661 3205 718 τούτου
3264 660 3463 738 γίνεταί
3517 682 3599 724 τις
3644 662 3779 717 κατὰ
3817 659 3936 716 δια-

2282 747 2456 826 δοχὴν
2519 755 2724 827 μαγικὰ
2761 750 3141 831 παρειληφὼς,
3188 752 3415 824 ὀνόματι
3472 748 3717 828 Νεϐρὼδ,
3747 747 3933 824 ὥσπερ

2281 839 2437 914 γίγας
2468 839 2679 897 ἐναντία
2708 846 2786 913 τῷ
2834 846 2948 913 Θεῷ
2977 846 3191 919 φρονεῖν
3233 840 3514 913 ἐλόμενος,
3546 840 3603 894 ’ὸν
3648 840 3700 894 οἱ
3725 838 3940 909 Ἔλλη-

2281 948 2361 989 νες
2393 931 2509 1001 (16)
2540 929 2893 1006 Ζωροάστρην
2944 929 3401 1007 προσηγόρευσαν.
3435 929 3605 990 Οὗτος
3659 926 3793 1001 μετᾶ
3836 926 3936 981 τὸν

2282 1017 2662 1092 κατακλυσμὸν
2733 1022 2885 1076 I99
2944 1017 3222 1095 βασιλείας
3304 1017 3549 1094 ὀρεχθεὶς
3603 1015 3692 1072 καὶ
3762 1015 3935 1092 μέγας

2285 1102 2357 1160 ὢν
2394 1108 2587 1183 μάγος,
2616 1112 2715 1163 τοῦ
2743 1112 2834 1163 νῦν
2888 1106 3291 1182 βασιλεύοντος,
3322 1110 3490 1162 κακοῦ
3540 1105 3632 1161 τὸν
3684 1106 3935 1181 ὡροσκο-

2283 1199 2487 1250 ποῦντα
2542 1198 2590 1233 ⁸³
2618 1196 2823 1271 κόσμον
2879 1196 3073 1273 ἀστέρα
3127 1196 3265 1271 πρὸς
3320 1197 3420 1265 τήν
3453 1194 3503 1268 ἐξ
3560 1192 3723 1250 αὐτοῦ
3775 1194 3937 1270 βασι-

2284 1281 2435 1345 λείας
2492 1282 2639 1339 δόσιν
2702 1290 2960 1361 μαγικαῖς
3019 1284 3291 1360 ἠνάγκαζε
3346 1287 3391 1322 ⁸³
3446 1285 3689 1358 τέχναις.
3745 1283 3801 1337 Ὁ
3851 1279 3937 1356 δὶ,

2285 1369 2376 1428 ἅτε
2405 1370 2472 1442 δὴ
2505 1371 2690 1450 ἄρχων
2721 1372 2793 1429 ὣν
2826 1374 2916 1429 καὶ
2946 1378 3042 1429 τοῦ
3075 1372 3401 1450 βιαζομένου
3451 1376 3499 1411 ⁸⁸
3544 1373 3644 1441 τὴν
3695 1370 3938 1443 ἐξουσίαν

2286 1458 2454 1537 ἔχων,
2474 1464 2587 1535 μετ’
2614 1462 2787 1539 ὀργῆς
2814 1463 2878 1518 τὸ
2906 1469 3005 1532 τῆς
3048 1460 3326 1539 βασιλείας
3358 1461 3626 1537 προσέχεε
3653 1464 3759 1536 π’ὖρ
3789 1462 3939 1533 (17),

2276 1548 2371 1605 ’ίνα
2398 1550 2535 1627 πρός
2561 1572 2621 1606 τε
2650 1551 2740 1606 τὸν
2779 1551 3038 1627 ὁρκισμὸν
3089 1550 3496 1627 εὖγνωμονήσῃ,
3528 1548 3617 1605 καὶ
3667 1550 3758 1604 τὸν
3788 1549 3944 1622 πρώ-

2283 1659 2391 1701 τως
2421 1639 2784 1716 ἀναγκάσαντα
2810 1662 2860 1696 τι
2872 1642 3196 1715 μωρήσηται
3227 1642 3291 1677 ⁸⁸·

2356 1730 2423 1785 ν.
2470 1729 2566 1784 Ἐκ
2608 1728 2809 1800 ταύτης
2860 1729 2952 1783 οὗν
3002 1735 3104 1798 τῆς
3159 1726 3211 1799 ἐξ
3256 1728 3486 1805 οὐρανοῦ
3528 1724 3707 1803 χαμαὶ
3736 1724 3942 1781 πεσού-

529 1825 778 1897 fulgure,
812 1823 1080 1880 sublatus
1102 1839 1132 1878 e
1158 1820 1348 1876 medio
1378 1820 1682 1876 Nebrodus
1703 1830 1911 1891 magus
1944 1822 2173 1890 propter

2287 1818 2724 1920 σηςοάστραπῆς
2772 1819 2800 1873 ὁ
2852 1816 3021 1895 μάγος
3079 1816 3378 1893 ἀναιρεθεὶς
3436 1811 3680 1891 Νεϐρὼδ,
3739 1815 3799 1870 ἐκ
3835 1819 3941 1870 τοῦ

530 1931 652 1972 rem
698 1930 825 1981 quae
872 1911 1212 1983 contigerat,
1267 1910 1597 1965 Zoroastres
1664 1908 1999 1963 nominatus
2062 1911 2172 1973 est,

530 2004 687 2076 quod
718 2004 775 2057 in
810 2018 945 2058 eum
971 2002 1100 2057 viva
1131 1998 1400 2055 irruisset
1420 1998 1561 2053 astri
1601 1996 1851 2053 defuxio.
1877 1996 1987 2052 Sed
2012 1995 2174 2051 stulti

528 2093 798 2149 homines
816 2088 1569 2161 illiustemporis,putantes
1599 2090 1836 2159 propter
1856 2084 2173 2141 amicitiam

528 2197 665 2254 erga
682 2181 864 2237 Deum
880 2180 1125 2236 fulmine
1147 2176 1485 2232 arcessitam
1510 2175 1692 2231 fuisse
1711 2174 1967 2229 animam
1991 2173 2172 2239 illius,

528 2273 788 2343 corporis
801 2268 1064 2340 reliquiis
1086 2264 1575 2337 defossis,templo
1588 2263 1824 2336 quidem
1838 2264 2173 2334 sepulcrum

531 2359 895 2415 honorarunt
924 2356 1077 2428 apud
1111 2356 1336 2421 Persas,
1397 2352 1496 2408 ubi
1547 2352 1837 2407 acciderat
1875 2350 2026 2424 ignis
2076 2351 2175 2406 de-

528 2446 736 2519 lapsio,
771 2446 965 2518 ipsum
996 2461 1129 2500 vero
1159 2448 1437 2514 tanquam
1468 2442 1643 2497 deum
1684 2440 2006 2496 coluerunt.
2055 2443 2175 2496 Hoc

529 2535 793 2608 exemplo
824 2539 882 2590 et
909 2532 1119 2604 reliqui
1170 2531 1249 2587 ibi
1296 2547 1394 2587 eos
1441 2530 1542 2602 qui
1592 2528 1837 2585 fulmine
1883 2528 2174 2600 obierunt,

530 2624 688 2682 velut
716 2622 937 2680 amicos
989 2622 1086 2677 Dei
1119 2619 1381 2693 sepultos
1427 2617 1663 2690 templis
1708 2617 2019 2684 honorant,
2063 2618 2175 2674 eri-

530 2717 793 2786 guntque
822 2710 1137 2767 simulacra
1165 2708 1459 2780 propriam
1505 2711 1871 2762 mortuorum
1920 2706 2172 2777 speciem

528 2801 856 2861 referentia.
893 2799 1029 2854 Inde
1060 2796 1316 2853 aamulati
1341 2800 1479 2851 sunt
1499 2794 1653 2849 idem
1673 2794 1773 2866 qui
1795 2793 2042 2866 perloca
2063 2794 2172 2849 im-

527 2891 759 2963 perium
788 2889 1087 2954 tenebant,
1123 2901 1373 2957 quorum
1395 2883 1658 2955 plerique
1678 2882 1948 2955 sepulcra
1968 2898 2171 2939 eorum

527 2979 684 3051 quod
724 2980 1077 3043 amaverant,
1136 2974 1273 3030 licet
1330 2972 1573 3028 fulmine
1630 2988 1744 3028 non
1788 2971 2169 3039 interiissent,

526 3067 883 3124 honorantes
912 3063 1148 3136 templis
1177 3066 1235 3118 et
1263 3062 1495 3129 statuis,
1529 3077 1779 3132 arasque
1826 3059 2169 3130 dedicando,

526 3157 927 3227 praeceperunt
956 3151 1086 3207 illos
1117 3150 1274 3206 velut
1305 3151 1443 3205 deos
1473 3149 1723 3205 adorari.
1757 3148 1935 3205 Multo
1974 3152 2168 3205 autem

2282 1901 2591 1979 συμϐάντος
2619 1908 2935 1983 πράγματος
2967 1908 3080 1981 (18)
3112 1905 3468 1981 Ζωροάστρης
3515 1902 3939 1979 μετωνομάσθη,

2285 1993 2375 2051 διὰ
2400 1996 2463 2050 τὸ
2502 1998 2616 2069 (19)
2644 1997 2743 2064 τήν
2774 2000 2872 2050 τοῦ
2901 1993 3125 2071 ἀστέρος
3170 1995 3286 2050 κατ’
3337 1994 3501 2049 αὐτοῦ
3550 1997 3722 2063 ζῶσαν
3777 1991 3939 2069 ἐνεχ-

2284 2087 2441 2154 Θῆναι
2489 2084 2639 2160 ῥοήν.
2674 2086 2741 2142 Οἱ
2790 2082 2848 2139 δὲ
2894 2084 3115 2155 ἀνόητοι
3161 2088 3269 2139 τῶν
3316 2083 3441 2139 τότε
3485 2082 3804 2157 ἀνθρώπων,
3855 2082 3939 2144 ὡς

2285 2171 2376 2229 διὰ
2428 2174 2527 2243 τὴν
2588 2173 2663 2236 εἷς
2721 2174 2849 2229 Θεὸν
2911 2171 3435 2251 φιλίανωκεραυνῷ
3468 2172 3941 2250 μεταπεμφθεῖσαν

2282 2264 2380 2333 τὴν
2412 2264 2598 2338 ψυχήν
2632 2262 2969 2335 νομίσαντες,
3000 2266 3096 2316 τοῦ
3127 2262 3380 2336 σώματος
3409 2262 3472 2316 τὸ
3503 2259 3754 2335 λείψανον
3812 2281 3943 2315 κατ-

2285 2351 2587 2427 ορύξαντες,
2618 2352 2710 2406 τὸν
2782 2352 2877 2425 μὲν
2931 2351 3100 2429 τάφον
3154 2355 3263 2422 ναῷ
3291 2349 3551 2423 ἐτίμησαν
3600 2348 3651 2403 έν
3685 2348 3938 2425 Πέρσαις,

2285 2437 2407 2495 ἔνθα
2436 2442 2471 2510 ἠ
2518 2444 2613 2494 τοῦ
2669 2443 2837 2515 πυρὸς
2870 2442 3026 2498 που
3072 2439 3351 2516 καταφορὰ
3394 2439 3629 2515 γέγονεν,
3662 2436 3819 2492 αὐτὸν
3879 2433 3943 2491 δὲ

2284 2528 2360 2591 ὡς
2393 2528 2510 2593 θεὸν
2544 2527 2922 2604 ἐθρήσκευσαν.
2951 2528 3139 2600 Τούτῳ
3192 2531 3271 2598 τῷ
3331 2528 3376 2563 ⁸⁷
3433 2523 3791 2601 ὑποδείγματι
3842 2524 3937 2579 καὶ

2284 2617 2335 2673 οἳ
2368 2615 2556 2672 λοιποὶ
2613 2615 2787 2671 ἐκεῖσε
2842 2614 2968 2678 τοὺς
3024 2616 3265 2692 κεραυνῷ
3319 2617 3645 2685 θνήσκοντας
3696 2614 3772 2676 ὡς
3823 2614 3947 2668 Θεο-

2284 2711 2461 2784 φιλεῖς
2520 2707 2809 2770 θάπτοντες
2863 2709 3017 2768 ναοῖς
3072 2709 3307 2777 τιμῶσιν
3366 2706 3496 2778 (20),
3546 2702 3637 2758 καὶ
3693 2707 3799 2757 τῶν
3856 2723 3950 2757 τε-

2281 2795 2528 2850 θνεώτων
2591 2792 2741 2850 ἰδίων
2797 2798 3021 2873 μορφῶν
3078 2794 3285 2849 ἱστᾶσιν
3314 2795 3357 2830 ⁸⁸
3387 2791 3701 2869 ἀγάλματα.
3734 2793 3948 2847 Ἐντεῦ-

2280 2885 2365 2938 Θεν
2425 2883 2636 2957 ὁμοίως
2694 2882 2973 2953 ἐζήλωσαν
3016 2881 3106 2937 καὶ
3160 2886 3268 2937 τῶν
3326 2881 3461 2936 κατᾶ
3513 2880 3717 2943 τόπους
3764 2877 3942 2935 0180-

2279 2973 2619 3036 ναστεύοντες
2650 2974 2715 3040 ",
2749 2973 2823 3026 ὧν
2857 2972 2909 3026 οἱ
2951 2970 3199 3027 πλεῖστοι
3250 2974 3358 3025 τῶν
3408 2969 3595 3032 αὐτοῖς
3642 2970 3940 3045 ἠγαπημέ-

2278 3080 2382 3116 νων
2436 3059 2525 3115 καὶ
2587 3061 2664 3133 μὴ
2719 3063 2961 3135 κεραυνῷ
3003 3058 3337 3129 θνησκόντων
3365 3056 3492 3120 τοὺς
3522 3056 3725 3132 τάφους
3780 3062 3940 3121 ναοῖς

2278 3149 2369 3204 καὶ
2425 3146 2633 3220 ξοάνοις
2688 3152 2952 3220 τιμῶντες
2999 3147 3089 3202 καὶ
3176 3144 3399 3223 βωμοὺς
3478 3146 3801 3209 ἀνάπτοντες
3859 3147 3940 3209 ὡς

526 3214 661 3315 post
691 3214 925 3315 propter
953 3240 1194 3313 longum
1224 3243 1458 3312 tempus
1488 3255 1522 3293 a
1579 3238 1999 3311 posterioribus
2044 3254 2172 3295 vere

2287 3214 2448 3300 θεοὺς.
2466 3214 2878 3314 προσκυνεῖσθαι
2910 3214 3274 3312 προσέταξανί
3296 3232 3501 3308 Πολλῷ
3531 3236 3576 3272 δθ
3606 3232 3662 3290 δὲ
3692 3234 3947 3310 ὕστερον,

527 3330 608 3387 dii
640 3347 769 3389 esse
796 3329 999 3387 crediti
1028 3333 1187 3387 sunt.

2283 3325 2373 3383 διὰ
2418 3327 2510 3382 τὸν
2540 3323 2714 3381 πολὺν
2741 3325 2964 3402 χρόνον,
2989 3324 3093 3381 ὑπὸ
3121 3328 3229 3380 τῶν
3267 3324 3727 3401 μεταγενεστέρων
3764 3318 3945 3388 ὅντως

2284 3416 2398 3472 θεοὶ
2428 3415 2562 3471 εἶναι
2594 3413 2983 3490 ἐνομίσθησαν.

1882 3514 2120 3571 νΑΡιΙλΕ
2161 3515 2571 3572 LECTIONES.

600 3608 645 3643 ⁸²
679 3608 800 3663 Imo
832 3607 1026 3678 potius
1056 3603 1443 3679 ὦρονομοῦντα
1470 3605 1529 3661 S.
1568 3605 1651 3679 ,⁸³
1678 3600 1947 3679 ἠνάγκασε
1977 3609 2049 3679 (1ζ
2113 3605 2258 3679 ⁸⁸81
2284 3606 2525 3679 Ο-νονιζῐ
2553 3604 2729 3679 illius,
2762 3603 2901 3679 quod
2932 3602 3427 3679 adigebatur,_hoc
3459 3606 3551 3659 est
3596 3604 3696 3656 τοῦ
3741 3600 3942 3679 πυρός.

532 3679 770 3758 Rectius
798 3672 1022 3747 ιῖιίίιιις,
1056 3672 1164 3758 (ιιὶρ-
1203 3672 1480 3758 adegerat:
1535 3677 1605 3758 _“
1633 3672 1989 3758 τιμωρήσητε
2160 3677 2213 3758 ιξ
2235 3672 2446 3758 ξριλίαν
2476 3676 2541 3758 ρ,
2574 3676 2675 3758 σιξίῄ
2720 3672 2853 3758 yoci
2902 3672 3265 3758 subnotat?“
3289 3674 3347 3729 in
3406 3690 3593 3758 marg.
3630 3672 3949 3758 respondet

533 3748 715 3827 φιλίαν
751 3766 909 3827 man.
951 3741 1080 3805 sec-
1121 3748 1164 3783 ⁸⁷
1192 3752 1291 3819 τῷ,
1308 3741 1480 3827 ὶμιοᾴ
1522 3751 1589 3827 .8.
1624 3741 1849 3811 omisit,
1879 3741 2343 3827 teat-uiareddidi
2402 3763 2455 3827 ρ.
2630 3747 2676 3782 ⁸⁸
2731 3745 2973 3827 ἱστῶσινῇ
3153 3746 3199 3781 ⁸⁸
3222 3741 3683 3827 ’δυναστεύσαντες-
3712 3741 3944 3827 (Σκευᾶ)

528 3814 1216 3945 Εδὲἐξαῖῗᾷιὲῐᾷιῷνηὸοη.
1245 3814 1490 3891 apparet
1519 3818 1578 3874 in
1612 3834 1793 3891 marg.
1820 3817 2037 3873 codicis
2066 3817 2130 3874 Ο.
2207 3819 2252 3855 ⁵ο
2280 3819 2366 3874 Ita
2394 3821 2440 3873 Ο
2470 3822 2529 3873 et
2557 3834 2625 3873 ex
2656 3818 2902 3890 conject.
2936 3821 2994 3886 C,
3027 3818 3088 3873 iu
3141 3817 3259 3888 cuj.
3294 3821 3453 3873 textu
3497 3814 3747 3874 πολλῶν.
3778 3814 3937 3873 Tum

1892 3959 2274 4018 VARIORUM
2320 3960 2553 4017 NOTIE.

532 3911 917 3965 μεταταγενεστ

951 3910 1057 3965 ρων
1091 3890 1156 3946 Ο.

598 4052 710 4124 (16)
744 4051 876 4106 Rec.
910 4049 1004 4115 IV,
1028 4050 1136 4124 2_7:
1173 4053 1335 4105 Hunc
1365 4052 1587 4124 gentes,
1620 4064 1748 4120 quae
1794 4051 1934 4124 tunc
1982 4053 2172 4117 erant,

526 4119 866 4178 Zoroastren
897 4119 1355 4192 appellaverunt,
1373 4119 1747 4176 admirantes
1771 4120 2026 4192 primum
2056 4137 2175 4175 ma-

565 4194 663 4249 icae
686 4194 830 4248 artis
853 4190 1170 4248 auctorem.
1196 4192 1365 4261 cujus
1389 4191 1625 4247 nomine
1644 4190 1820 4247 etiam
1842 4190 1972 4245 libri
1996 4208 2175 4262 super

526 4212 636 4320 Eoo
669 4264 905 4320 nlurimi
939 4263 1245 4319 habentur.
1278 4263 1379 4317 Hic
1408 4279 1543 4320 ergo
1583 4262 1756 4318 astris
1805 4261 2058 4317 multum
2107 4278 2173 4318 ac

570 4282 636 4319 oc
667 4264 905 4336 plurimi
939 4263 1245 4319 habentur.
1278 4263 1379 4336 Hic
1408 4279 1543 4335 ergo
1583 4262 1756 4336 astris
1805 4261 2173 4336 multumA’ac

528 4333 862 4407 frequenter
890 4336 1152 4407 intentus
1183 4338 1240 4389 et
1269 4333 1649 4407 volens'apud
1682 4333 1950 4407 homines
1979 4333 2168 4407 qvideri

2284 4049 2480 4131 ignem
2514 4053 2647 4105 ante
2677 4048 2985 4131 Persarum
3014 4063 3221 4131 reges“;
3273 4064 3423 4120 quos
3471 4050 3674 4121 postea
3717 4046 3939 4104 imitati

2285 4120 2423 4177 sunt
2455 4120 3137 4192 imperatoresBomani.
3171 4120 3303 4175 Cor.

2353 4193 2467 4264 (18)
2497 4190 2815 4247 Antinoum
2850 4190 3127 4247 Hadriani
3156 4192 3445 4264 respicere
3476 4191 3705 4246 videtur
3734 4195 3946 4249 auctor

2280 4263 2691 4318 Homiliarum.
2726 4264 2784 4319 S.
2822 4268 3093 4318 DRESSEL.

2352 4335 2464 4407 (19)
2486 4331 2555 4387 Τό
2582 4333 2819 4404 adjunxi
2871 4349 2920 4388 c.
2980 4334 3045 4388 Ο.
3077 4332 3192 4387 Cfr.
3227 4334 3560 4407 Recogngrv,
3591 4332 3684 4388 28:
3721 4354 3750 4381 «
3780 4332 3936 4407 Hinc

528 4403 692 4474 deu's,
722 4405 881 4461 velut
911 4405 1198 4461 scintillas
1230 4406 1515 4477 quasdam
1535 4403 1615 4460 ex
1644 4403 1829 4460 stellis
1853 4406 2170 4476 producere
2278 4403 2525 4461 enimet
2554 4403 2765 4477 nomen
2799 4408 2931 4476 post
2957 4410 3204 4477 mortem
3262 4405 3409 4477 ejus
3439 4405 3759 4477 zoroaster,
3818 4404 3937 4462 hoc

527 4482 586 4557 et
638 4477 978 4557 hominibus
1022 4474 1317 4557 ostentare
1362 4477 1575 4557 crepitu
1604 4492 1717 4548 quo
1750 4474 1944 4557 _rudes
1992 4481 2168 4557 atque
2198 4478 2246 4543 D
2279 4481 2369 4532 est
2396 4477 2588 4532 vivum
2623 4474 2817 4557 sidus,
2841 4474 3315 4557 appgllatumnest
3363 4476 3450 4557 ab_
3484 4474 3745 4557 his,_qu_i
3795 4483 3936 4557 post

527 4550 716 4621 ignari
749 4549 809 4603 in
841 4554 1139 4621 stuporem
1158 4547 1437 4621 _mi_raculi
1455 4547 1843 4621 traherentur
1866 4564 1879 4613 ;
1904 4547 2169 4621 cupiens-

526 4618 639 4693 q'ue
670 4635 881 4693 augere
930 4618 1001 4673 de
1051 4635 1112 4674 se
1158 4619 1498 4693 hujusmodi
1527 4618 1904 4693 Aopinionem,
1955 4619 2171 4689 sacpius

525 4690 639 4748 ista
684 4690 1055 4757 moliebatur,
1088 4706 1392 4761 usquequo
1422 4690 1495 4746 ab
1524 4690 1651 4762 ipSo
1680 4692 1962 4758 dzemone,
1995 4704 2168 4761 quem

526 4762 922 4835 importunius
954 4762 1379 4833 frequentabat,
1424 4762 1545 4834 igni
1576 4777 1894 4817 succensus
1934 4777 2169 4817 concre-

527 4834 805 4891 maretur.
840 4834 1115 4888 Dnassan.

595 4907 704 4978 (2'7)
751 4905 822 4958 Τὸ
878 4909 976 4972 τῆς
1010 4900 1317 4979 ’βασιλείας
1361 4900 1627 4977 προσέχεε
1684 4904 1791 4975 πῦρ
1837 4902 1981 4958 Vide
2038 4918 2164 4975 cap.

520 4978 575 5032 6.
604 4975 807 5049 ignem
838 4975 1477 5049 (regniLZoroastreum
1528 4975 1994 5049 cummemoran‘t
2037 4979 2168 5049 post

520 5044 782 5106 Chronici
810 5044 1174 5103 Alexandrini
1203 5046 1339 5102 dicti
1370 5049 1663 5102 auctorem
1696 5062 1751 5117 p.
1782 5045 1871 5117 88,
1925 5044 2167 5102 Michael

520 5120 727 5193 Glycas
755 5120 1249 5193 Annaliumparte
1280 5136 1341 5187 II,
1365 5135 1430 5193 Ap.
1464 5117 1606 5184 429;
1639 5115 1920 5193 Georgius
1957 5118 2167 5193 gedre-

520 5188 634 5247 nu's
664 5192 722 5246 in
771 5188 1108 5260 Compendio
1164 5188 1544 5245 Historiarum
1596 5204 1653 5259 p.
1707 5188 1794 5260 13,
1845 5192 1903 5243 et
1953 5188 2164 5245 Suidas

516 5278 655 5335 yoce
706 5258 1084 5335 Ζωροάστρης.
1138 5260 1513 5335 Quinetiam
1566 5258 1684 5335 rem
1735 5258 1997 5331 ignotam
2048 5276 2162 5335 non

519 5332 700 5386 fuisse
731 5330 1037 5386 Ammiano
1074 5330 1401 5386 Marcellino
1432 5330 1862 5387 ostendunt’ea
1921 5348 2047 5402 quas
2094 5333 2163 5387 de

520 5404 709 5473 magis
740 5404 877 5456 dicit
901 5404 998 5457 lib.
1032 5420 1193 5469 xxm,
1228 5420 1281 5473 p.
1314 5405 1457 5457 255:
1490 5407 1823 5472 Feruntque,
1857 5403 1906 5457 si
1946 5405 2163 5473 justum

518 5483 595 5530 est
621 5474 790 5541 credi,
823 5476 989 5528 etiam
1022 5475 1203 5541 ignem
1226 5476 1432 5530 caelitus
1464 5475 1675 5544 lapsum
1706 5473 1851 5545 apud
1879 5490 1938 5527 se
1964 5476 2156 5545 sempi-

517 5547 690 5600 tern";
719 5546 917 5615 foculis
946 5546 1224 5607 custodiri,
1256 5548 1411 5615 cujus
1438 5548 1741 5616 portionem
1794 5547 2051 5614 exiguam
2100 5554 2162 5599 ut

517 5616 787 5688 faustam_
820 5618 1046 5688 praeisse
1075 5617 1349 5687 quondam
1386 5618 1638 5671 Asiaticis
1688 5617 1903 5687 regibus
1949 5617 2159 5688 dicunt.

514 5686 703 5759 Atque
734 5686 869 5743 hinc
892 5686 1117 5742 videtur
1136 5688 1419 5760 originem
1443 5686 1769 5759 sumpsisse
1790 5704 1916 5744 mos
1940 5687 2158 5743 ferendi

2282 4564 2475 4620 unam,
2491 4546 2929 4620 generationem
2954 4546 3168 4620 Graeca;
3190 4547 3408 4620 linguae
3426 4546 3669 4620 loquela
3698 4546 3938 4605 fuerant

2280 4617 2549 4691 repletif»
2577 4619 2661 4691 Ad
2694 4634 2868 4689 quem
2897 4617 3089 4673 locum
3116 4617 3538 4691 plura'deditCl
3582 4619 3692 4691 Gifr.
3718 4622 3934 4691 praeter

2281 4687 2541 4763 ea'Diog.
2594 4687 2780 4745 Laert.
2830 4687 3209 4763 Proaem.§_'8:
3240 4687 3451 4763 _Aslvwv
3486 4687 3537 4743 ἐν
3568 4690 3647 4763 *τῇ
3702 4687 3927 4763 πέμπτῃ

2278 4763 2384 4814 τῶν
2438 4757 2688 4851 ἱστοριιξγ
2753 4757 3281 4851 μεθερμηνῗόμενόγ
3341 4780 3475 4845 φησι
3526 4757 3926 4851 toi—(lamia-

2274 4851 2409 4907 τρην
2463 4828 2790 4902 ἀστροθύτην
2850 4828 3000 4885 εἶναι.
3036 4828 3181 4899 Φησὶ
3229 4828 3288 4885 δὲ
3324 4828 3484 4885 τοῦτο
3532 4830 3623 4885 καὶ
3663 4830 3691 4884 ὁ
3724 4828 3927 4905 Ἑρμό-

2277 4900 2581 4979 8wpoc,ubi
2612 4904 2764 4979 vide,
2783 4920 2910 4979 quae
2931 4904 3355 4960 adnotaverunt
3376 4908 3512 4959 Mer.
3537 4904 3921 4962 Casaubonus

2277 4920 2581 4979 οωρος,υοι
2612 4920 2764 4974 V108,
2783 4920 2889 5030 qua

2276 4981 2332 5031 et
2362 4976 2680 5049 Menagius.
2703 4976 2796 5049 _S.‘
2836 4992 2889 5029 υ.

2345 5048 2458 5120 (20)
2513 5041 2611 5120 [fati
2670 5042 2967 5120 oblongoi
3027 5042 3199 5120 ἐκεῖσε
3274 5041 3401 5106 τοὺς
3486 5044 3730 5119 κεραυνῷ
3786 5045 3922 5120 θνή-

2275 5114 2523 5195 σκοντας,
2581 5118 2657 5181 ὡς
2739 5114 3010 5195 θεοφιλεῖς
3060 5115 3393 5195 βάπτοντες,
3452 5114 3605 5195 ναοῖς
3658 5114 3921 5188 τιμῶσιν,

2274 5191 2399 5271 Mos
2428 5193 2643 5264 quippe
2682 5187 3027 5271 erat.:isque
3054 5187 3495 5271 testatissimus,
3548 5193 3613 5245 ut
3666 5187 3924 5271 κεραυνο-

2272 5259 2719 5335 πλῆγές,”βόοιό
2778 5259 3043 5335 fulminis
3100 5260 3232 5331 igne
3287 5259 3407 5335 icti,
3494 5259 3921 5335 cremarentur,

2273 5335 2370 5388 sed
2407 5331 2522 5403 quo
2552 5331 2677 5387 loco
2706 5331 2941 5387 extincti
2975 5332 3205 5387 fuerant
3249 5331 3449 5387 eodem
3500 5337 3656 5387 terra
3703 5332 3920 5403 conde-

2273 5402 2508 5459 rentur:
2547 5402 2739 5459 locum
2771 5409 2964 5460 autem
2997 5419 3230 5475 sacrum
3262 5403 3596 5470 censebant,
3628 5402 3919 5475 templum

2274 5475 2579 5539 vocabant,
2616 5480 2670 5529 et
2711 5476 2848 5542 aris,
2905 5473 3196 5541 sacrifiiis,
3250 5479 3572 5545 caeteroque
3617 5473 3778 5531 cultu
3828 5474 3922 5530 di-

2269 5546 2621 5617 gnabantur.
2656 5546 3016 5617 Testimonia
3033 5546 3288 5617 proferre
3310 5562 3423 5601 non
3448 5563 3684 5603 necesse
3706 5546 3917 5604 habeo.

2267 5614 2473 5744 83:12?
2498 5632 2702 5744 aggeri)
2736 5614 3044 5693 θεοφιλεῖς,
3060 5617 3190 5672 vide
3222 5632 3328 5673 nos
3355 5635 3535 5690 supra
3564 5620 3624 5676 in
3653 5620 3922 5689 Recognit

2270 5705 2287 5744 ι
2330 5730 2344 5744 .
2452 5728 2464 5741 .
2615 5729 2629 5744 .

2270 5705 2344 5757 ιν,
2374 5705 2464 5742 ιδ.
2498 5705 2629 5746 uo'r.
