4114 6338
468 390 586 459 247
1295 398 1363 463 S.
1407 397 1848 465 CLEMENTIS
1892 399 1920 464 Ι
1963 398 2156 465 ROM.
2200 399 2432 464 PONT.
2477 401 2739 466 OPERA
2782 400 3050 468 DUBIA.
3758 403 3885 469 248

474 526 806 601 plausibus,
837 543 1088 601 quorum
1122 530 1313 601 gratia
1354 531 1579 604 decepti
1627 532 1788 588 stulti
1822 533 2114 593 homines.
2151 536 2175 599 β

2290 536 2345 586 ὒν
2389 554 2447 588 τε
2493 533 2583 587 καὶ
2632 532 2863 608 κρότων,
2898 530 2970 589 ὧν
3019 530 3283 612 προφάσει
3316 533 3369 590 οἱ
3400 531 3623 606 ἀνόητοι
3667 530 3889 591 ἀπατώ-

479 618 748 690 quamvis
781 633 957 689 regno
990 636 1094 674 suo
1128 621 1381 687 sublato,
1414 638 1448 676 a
1477 626 1959 679 concurrentibus
2006 640 2121 679 non

2290 643 2409 693 ενοι,
2442 622 2618 677 καίτοι
2667 630 2764 692 τῆς
2817 621 3098 698 βασιλείας
3144 622 3318 679 αὐτῶν
3351 624 3748 703 ἀφαιρεθείσης,
3783 623 3884 679 αύ-

482 707 1350 778 desistuntsuperstitionibus:
1383 710 1441 765 in
1475 714 1705 767 tantum
1734 711 1961 767 veritati
1994 729 2124 784 pro-

2290 708 2318 762 ιὶ
2348 714 2455 764 τῶν
2487 710 2857 765 συνελθουσῶν
2891 714 2936 749 ⁵⁸
2966 713 3266 787 θρησκειῶν
3317 712 3415 767 οὐκ
3471 711 3884 768 ἀπολείπονται*

483 800 613 869 pter
641 796 996 868 voluptatem
1055 814 1310 854 errorem
1368 799 1699 870 praeferunt.
1744 801 1852 868 Qui
1884 807 1941 857 et
1998 807 2130 873 post

2290 797 2323 851 εὶ
2368 803 2625 853 τοσοῦτον
2672 801 2773 868 τῆς
2828 797 3106 871 ἀληθείας,
3150 797 3240 855 διὰ
3287 804 3332 839 ⁵⁸
3384 803 3482 871 τὴν
3528 799 3893 873 ἡδυπάθειαν,

485 884 786 957 crapulam
810 885 881 940 ad
900 902 1031 941 aras
1045 891 1403 943 contractam
1424 887 1705 944 emittunt
1745 889 2025 959 ululatus,
2050 891 2132 946 ni-

2290 886 2608 961 ροετίμησαν
2656 888 2756 957 τήν
2806 885 3019 959 πλάνην
3059 891 3124 946 ⁸⁸.
3157 889 3221 944 Οἳ
3250 889 3340 944 καὶ
3393 891 3526 963 μετά
3576 891 3744 964 μέθην
3784 912 3896 946 πα-

488 973 703 1029 mirum
732 974 931 1029 anima
961 992 1027 1030 ex
1060 975 1368 1046 profundo,
1396 976 1553 1032 velut
1580 976 1641 1032 in
1673 978 1941 1047 somniis,
1986 979 2131 1051 ipsis

2290 970 2525 1048 ιϐώμιον
2559 973 3008 1050 ἐπολολύζουσιν,
3039 983 3141 1047 τῆς
3172 980 3356 1053 ψυχῆς
3387 976 3446 1033 ἐκ
3479 979 3677 1053 βάθους
3708 978 3897 1057 ὥσπερ

490 1062 915 1137 ρῐιωηυηῐὶοηιθ
928 1063 1184 1119 futuram
1200 1063 1497 1121 dotalibus
1509 1066 1781 1137 operibus
1792 1067 2129 1126 vindictam.

2290 1064 2314 1117 .’
2345 1061 2568 1140 ὀνείρων
2600 1062 2782 1126 αὐτοῖς
2810 1064 2909 1134 τήν
2964 1062 3270 1138 μέλλουσαν
3321 1065 3409 1123 ἐπὶ
3455 1073 3575 1131 ταῖς
3616 1066 3902 1131 τοιαύταις

2245 1150 2419 1208 αὐτῶν
2451 1150 2671 1229 πράξεσι
2698 1150 3191 1229 προαγγελλούσης
3220 1153 3507 1230 τιμωρίαν.

566 1257 711 1314 VIII.
742 1262 881 1314 Cum
914 1274 1049 1331 ergo
1079 1258 1276 1315 multas
1328 1259 1387 1316 in
1414 1260 1535 1318 vita
1566 1262 1952 1334 praeterierint
2004 1263 2138 1320 reli-

2318 1264 2463 1316 VIII.
2496 1255 2730 1314 Πολλῶν
2763 1256 2854 1315 οῦν
2906 1257 2958 1315 ἐν
3006 1259 3111 1337 βίῳ
3158 1259 3547 1337 παρελθουσῶν
3595 1262 3903 1336 θρησκειῶν

500 1347 722 1421 giones,
747 1348 1032 1403 adsumus
1054 1348 1191 1404 boni
1214 1350 1603 1421 negotiatores
1626 1350 1923 1424 religionis
1953 1370 1988 1409 a
2015 1368 2142 1409 ma-

2293 1349 2517 1424 ἀρεσμεν
2546 1345 2795 1427 φέροντες
2828 1346 2979 1421 ὑμῖν,
3011 1349 3065 1403 οἱ
3102 1347 3296 1424 ἀγαθοὶ
3349 1345 3584 1424 ἔμποροι
3646 1348 3707 1405 ἐκ
3757 1369 3907 1426 προ-

497 1437 728 1508 joribus
746 1436 915 1493 nobis
944 1437 1168 1493 tradite
1199 1443 1257 1495 et
1286 1443 1547 1512 servate,
1579 1457 1708 1497 eam
1737 1441 1900 1498 vobis
1930 1459 2144 1514 appor-

2292 1436 2428 1492 όνων
2482 1437 2617 1509 ἡμῖν
2694 1433 3092 1513 παραδοθείσης
3160 1436 3251 1493 καὶ
3326 1436 3701 1516 φυλαχθείσης
3766 1439 3911 1516 θρη-

502 1529 713 1593 tantes,
747 1527 915 1597 quasi
947 1526 1173 1583 semina
1202 1527 1473 1600 stirpium
1505 1531 1897 1598 ostendentes,
1940 1548 2007 1587 ac
2036 1532 2145 1587 sub

2290 1525 2433 1588 κείας
2463 1527 2527 1596 ⁸⁷,
2561 1524 2638 1587 ὡς
2669 1526 2949 1601 σπέρματα
2978 1529 3158 1603 φυτῶν
3192 1523 3490 1589 δεικνύντες
3549 1526 3640 1582 καὶ
3696 1526 3783 1582 ἐπὶ
3832 1529 3910 1601 τῇ

506 1620 698 1670 vestra
736 1619 1017 1686 ponentes
1048 1630 1297 1673 censura
1333 1621 1392 1674 et
1440 1623 1742 1691 potestate.
1775 1621 1937 1687 Quod
1984 1620 2149 1677 vobis

2296 1612 2492 1689 μετὲρᾳ
2518 1614 2693 1689 κρίσει
2720 1614 2810 1669 καὶ
2858 1612 3068 1687 ἐξουσίᾳ
3115 1613 3368 1677 τιθέντες.
3400 1618 3479 1673 Τὸ
3530 1615 3657 1689 ὑμῖν
3707 1613 3910 1671 δοκοῦν

510 1702 784 1775 placebit,
816 1703 1031 1776 eligite.
1092 1704 1151 1761 Si
1207 1722 1344 1779 ergo
1402 1714 1604 1765 nostra
1648 1708 2002 1782 delegeritis,
2033 1727 2150 1766 non

2290 1702 2587 1773 πιλέξασθε.
2621 1703 2740 1758 Ἐὰν
2803 1702 2898 1776 μὲν
2957 1701 3047 1758 οὖν
3104 1705 3174 1759 τὰ
3228 1705 3469 1781 ἡμέτερα
3514 1700 3808 1779 δθὲλησθε,
3840 1703 3911 1761 οὔ

511 1791 703 1847 solum
728 1793 1019 1849 demones
1040 1798 1098 1849 et
1119 1796 1351 1851 morbos
1368 1797 1442 1851 ab
1472 1797 1545 1853 iis
1569 1797 1869 1856 immissos
1890 1799 2153 1872 poteritis

2290 1791 2428 1847 ιόνον
2461 1792 2506 1828 ⁸⁸
2536 1787 2797 1863 δαίμονας
2835 1792 2925 1847 καὶ
2978 1792 3047 1848 τὰ
3102 1790 3161 1847 ἐκ
3204 1789 3477 1865 δαιμόνων
3526 1793 3672 1864 πάθη
3724 1797 3918 1873 φυγεῖν

514 1881 785 1971 effugere,
818 1882 917 1936 sed
951 1882 1166 1955 fugatis
1198 1884 1456 1957 utrisque
1477 1889 1535 1941 et
1564 1903 1598 1942 a
1627 1887 1991 1943 daemonibus
2021 1903 2155 1960 sup-

2290 1881 2573 1953 ῖυνήσεσθε,
2606 1882 2760 1938 202
2818 1876 2963 1936 ἀλλᾶ
3017 1879 3171 1936 αὐτοὶ
3209 1881 3343 1937 αὐτὰ
3395 1884 3441 1919 ⁸ο
3493 1878 3917 1960 φυγαδεύοντες,

517 1969 743 2043 pliciter
770 1970 955 2044 rogati
986 1972 1163 2028 etiam
1212 1972 1426 2030 futuris
1482 1974 1653 2032 bonis
1701 1980 1979 2049 perpetuo
2011 1976 2159 2032 frue-

2290 1969 2357 2027 ιαὶ
2396 1968 2763 2042 ἱκετευόμενοι
2796 1967 2885 2023 ὑπ’
2910 1967 3108 2042 αὐτῶν,
3140 1967 3229 2025 καὶ
3274 1973 3380 2026 τῶν
3425 1968 3591 2026 εἰσαεὶ
3640 1969 3919 2046 ἐσομένων

520 2073 689 2115 ωιηι.

594 2149 687 2206 ΙΧ.
720 2147 992 2222 Alioquin
1023 2152 1225 2206 contra
1269 2150 1329 2206 in
1360 2150 1471 2207 hac
1500 2152 1738 2224 quidem
1768 2151 1889 2209 vita
1918 2168 2021 2225 per
2048 2153 2163 2209 dae-

523 2255 728 2295 mones
757 2238 1050 2295 atrocibus
1067 2239 1290 2296 morbis
1312 2238 1639 2296 illudemiui
1666 2258 1681 2310 ;
1705 2242 1940 2313 quando
1970 2245 2163 2297 autem

523 2328 732 2385 animas
775 2331 977 2384 vestras
1005 2344 1037 2383 e
1091 2344 1331 2400 corpore
1385 2328 1739 2401 migrabunt,
1769 2328 1830 2384 in
1887 2334 2167 2385 aeternum

522 2433 726 2489 pcenas
756 2416 999 2484 solvent,
1018 2416 1274 2488 profecto
1302 2433 1415 2472 non
1448 2417 1604 2490 quod
1623 2416 1779 2475 Deus
1801 2419 2168 2487 condemnet,

524 2506 625 2561 sed
657 2505 812 2576 quod
832 2505 985 2560 mala
1004 2521 1179 2577 opera
1194 2504 1304 2561 hoc
1333 2506 1989 2578 mereanturjudicium.
2022 2506 2170 2563 Nam

524 2593 818 2650 daemones
843 2596 1125 2665 potestate
1157 2610 1258 2664 per
1285 2593 1431 2665 ipsis
1459 2594 1741 2650 traditum
1773 2594 1968 2651 cibum
2008 2612 2171 2653 acce-

524 2686 644 2755 pta,
709 2681 919 2737 vestris
970 2681 1243 2738 manibus
1272 2681 1331 2737 in
1362 2686 1551 2738 vestra
1584 2681 1999 2739 immittuntur
2044 2700 2170 2741 cor-

526 2786 688 2843 pora.
720 2769 832 2826 Ubi
863 2770 1019 2825 enim
1063 2769 1363 2826 latuerunt
1411 2769 1598 2827 multo
1654 2775 1935 2843 tempore,
1993 2772 2172 2828 etiam

528 2875 661 2915 cum
693 2858 890 2914 anima
912 2858 1387 2914 commiscentur.
1409 2859 1473 2913 Et
1493 2862 1729 2932 propter
1756 2859 2173 2933 negligentiam

527 2963 755 3016 eorum,
782 2946 883 3018 qui
914 2946 1026 3002 sibi
1052 2946 1352 3018 providere
1372 2951 1475 3003 aut
1497 2964 1612 3003 non
1633 2947 1913 3019 cogitant,
1938 2953 2039 3005 aut
2058 2966 2174 3006 non

527 3035 750 3104 volunt,
774 3035 1113 3092 eorumdem
1135 3036 1353 3106 anima,
1376 3051 1511 3093 cum
1536 3053 1569 3091 a
1590 3052 1827 3108 corpore
1847 3044 2175 3109 separatur,

530 3124 780 3181 daemoni
817 3125 979 3180 unita
1018 3125 1347 3181 necessario
1406 3126 1477 3181 ab
1508 3141 1574 3181 eo
1602 3126 1661 3180 in
1693 3125 1819 3182 loca
1870 3143 1998 3199 quas
2053 3127 2179 3200 ipse

2269 2056 2481 2135 ἀγαθῶν
2510 2054 2859 2114 ἀπολαύσετε.

2346 2152 2433 2205 IX.
2467 2144 2678 2223 Ἐπείγε
2701 2144 3009 2201 τούναντίον
3043 2145 3094 2202 ἐν
3129 2147 3224 2221 μὲν
3254 2150 3334 2220 τῷ
3360 2151 3453 2201 νῦν
3506 2144 3609 2222 βίῳ
3652 2145 3757 2202 ὑπὸ
3810 2143 3941 2202 δαι-

2281 2234 2460 2309 μόνων
2514 2232 2841 2297 ἀλλοκότοις
2886 2236 3105 2291 πάθεσιν
3156 2230 3580 2313 ἐνυϐριζόμενοι,
3614 2233 3704 2291 ἐπὶ
3756 2238 3827 2311 τῇ
3875 2234 3947 2292 ἐκ

2274 2327 2372 2380 τοῦ
2402 2325 2654 2397 σώματος
2682 2322 2983 2401 ἀπαλλαγῇ
3030 2325 3120 2380 καὶ
3158 2326 3257 2387 τὰς
3313 2324 3495 2401 ψυχὰς
3551 2324 3715 2380 εἰσαεὶ
3762 2322 3947 2381 κολα-

2276 2411 2613 2485 σθησομένας
2666 2410 2827 2485 ἕξετε,
2855 2412 2925 2469 τὰ
2980 2411 3161 2484 ἀληθῆ
3194 2413 3399 2487 (22)οὐ
3457 2418 3590 2470 Θεοῦ
3639 2411 3940 2469 καταδικά-

2281 2506 2484 2572 ζοντος,
2521 2498 2673 2556 ἀλλὰ
2716 2506 2896 2556 κακῶν
2932 2501 3173 2578 πράξεων
3222 2502 3484 2574 τοιαύτην
3534 2500 3778 2579 ἐχουσῶν
3818 2501 3942 2579 κρί-

2280 2612 2383 2645 σιν.
2416 2589 2479 2644 O't
2508 2590 2609 2667 γὰρ
2637 2586 2913 2663 δαίμονες,
2940 2587 3029 2645 διὰ
3054 2597 3155 2661 τῆς
3187 2589 3375 2654 αύτοῖς
3406 2587 3770 2661 ἀποδοθείσης
3804 2611 3945 2667 τρο-

2282 2685 2387 2759 φῆς
2421 2676 2661 2751 ἐξουσίαν
2697 2677 2940 2754 ἔχοντες,
2974 2679 3077 2735 ὑπὸ
3122 2684 3230 2736 τῶν
3281 2680 3559 2757 ὑμετέρων
3605 2683 3811 2756 χειρῶν
3861 2678 3948 2743 εἷς

2278 2769 2346 2823 τὰ
2395 2768 2626 2841 ὑμέτερα
2669 2766 3025 2844 εἰσκρίνονται
3072 2770 3117 2807 ⁸1
3172 2768 3423 2843 σώματα.
3487 2764 3950 2844 Ένδομυχήσαν-

2280 2875 2370 2919 τες
2400 2857 2505 2931 γὰρ
2535 2852 2735 2928 πολλῷ
2760 2859 2840 2927 τῷ
2860 2854 3049 2931 χρόνῳ
3073 2856 3162 2912 καὶ
3185 2860 3255 2931 τῇ
3282 2859 3437 2933 ψυχῇ
3466 2855 3844 2932 ἀνακίρνανται
3867 2858 3946 2914 ⁸³.

2284 2944 2383 2999 Καὶ
2440 2942 2531 3000 διὰ
2582 2944 2682 3014 τὴν
2739 2943 2999 3017 ἀμέλειαν
3054 2948 3163 2999 τῶν
3222 2944 3437 3001 ἑαυτοῖς
3474 2946 3521 2982 ⁸³
3573 2945 3794 3021 βοηθεῖν
3857 2945 3943 3018 μὴ

2282 3031 2553 3088 νοούντων
2601 3032 2638 3102 ἢ
2677 3031 2767 3088 καὶ
2815 3034 2891 3106 μή
2943 3030 3320 3109 βουλομένων,
3351 3032 3557 3088 τούτων
3616 3032 3791 3087 αὐτῶν
3847 3030 3946 3088 ἐπὶ

2282 3124 2352 3195 τῇ
2402 3125 2499 3177 τοῦ
2538 3122 2790 3195 σώματος
2823 3120 3041 3191 λύσειὴ
3082 3123 3235 3198 ψυχὴ
3280 3126 3359 3194 τῷ
3410 3119 3629 3196 δαίμονι
3677 3122 3942 3195 ἡνωμένη

528 3214 653 3270 vult
696 3215 973 3271 defertur.
1033 3215 1312 3287 Quodque
1343 3214 1755 3287 gravissimum
1787 3220 1896 3283 est,
1936 3218 2173 3287 quando

2290 3211 2522 3287 ἀνάγκην
2572 3209 2686 3286 ἔχει
2732 3209 2977 3289 φέρεσθαι
3027 3211 3116 3266 ὑπ’
3163 3210 3329 3266 αὐτοῦ
3392 3210 3467 3273 εἷς
3534 3210 3628 3273 οὓς
3682 3207 3949 3287 βούλεται

529 3304 589 3359 in
619 3303 884 3359 omnium
911 3304 1415 3359 consummatione
1436 3304 1664 3360 daemon
1688 3305 1876 3377 primo
1908 3305 1967 3361 in
1988 3307 2175 3379 expia-

2398 3270 2409 3287 .
2480 3270 2490 3281 -
2604 3270 2637 3286 ι»
2744 3270 2809 3289 ι.
3454 3270 3463 3273 -
3614 3270 3623 3273 -
3683 3270 3694 3287 .

2290 3298 2505 3362 τόπους.
2559 3299 2637 3356 Τὸ
2694 3296 2752 3354 δὲ
2794 3299 3009 3353 πάντων
3046 3297 3463 3374 χαλεπώτατον,
3496 3297 3625 3353 ἐπὰν
3677 3301 3726 3337 ⁸⁸
3772 3296 3825 3353 ἐν
3869 3301 3947 3373 τῇ

528 3391 706 3448 tionis
737 3390 930 3464 ignem
951 3391 1203 3447 traditus
1234 3390 1425 3460 fuerit,
1456 3407 1692 3448 necesse
1721 3397 1829 3461 est,
1864 3397 1927 3447 ut
1955 3393 2007 3448 ei
2049 3392 2175 3462 qui-

530 3482 662 3537 dem
694 3480 975 3553 permista
1002 3479 1199 3535 anima
1229 3480 1537 3535 infandum
1561 3480 1620 3535 in
1653 3481 1893 3536 modum
1914 3486 2176 3551 vexetur,

531 3571 757 3625 daemon
787 3585 921 3625 vero
951 3570 1225 3641 gaudeat.
1257 3568 1359 3625 Illa
1376 3568 1688 3641 siquidem,
1715 3586 1844 3642 qum
1865 3585 1933 3625 ex
1957 3569 2179 3626 lumine

530 3663 640 3729 est,
668 3662 1000 3714 extraneum
1031 3658 1185 3729 ignis
1211 3658 1512 3714 ﬂammam
1549 3675 1664 3714 non
1725 3660 1914 3715 ferens
1944 3662 2178 3730 torque-

530 3752 662 3815 tur;
695 3747 790 3803 hic
820 3752 1039 3814 autem,
1074 3746 1175 3818 qui
1211 3747 1269 3801 in
1300 3746 1532 3818 generis
1562 3747 1653 3803 sui
1703 3753 1791 3803 est
1824 3749 2179 3812 substantia.

531 3836 696 3892 valde
726 3835 977 3899 laetatur,
1010 3851 1143 3889 cum
1175 3834 1388 3889 animae
1408 3834 1481 3890 ab
1513 3834 1640 3906 ipso
1666 3835 1959 3908 deglutitm
1977 3837 2178 3892 vincu-

529 3923 657 3979 lum
690 3923 880 3979 factus
909 3922 988 3978 sit
1017 3925 1196 3994 ruptu
1226 3920 1663 3978 difﬁcillimum.

603 4105 673 4156 Χ.
709 4101 869 4167 Quod
919 4103 1112 4156 autem
1169 4100 1462 4156 daemones
1520 4100 1779 4173 gestiunt
1820 4100 1879 4156 in
1942 4117 2184 4173 corpora

533 4189 1097 4257 hominumintrare,
1116 4189 1239 4245 haec
1262 4206 1442 4246 causa
1471 4193 1577 4245 est.
1611 4193 1753 4245 Cum
1802 4190 1921 4245 sint
1941 4190 2183 4261 spiritus

533 4282 590 4334 et
620 4281 895 4349 appetant
924 4278 1085 4333 cibos
1118 4283 1176 4334 et
1196 4282 1370 4350 potus
1392 4295 1457 4333 ac
1479 4277 1803 4344 libidinem,
1828 4294 1934 4333 nec
1958 4278 2185 4350 possint

534 4381 759 4437 capere,
776 4366 935 4438 quia,
958 4382 1091 4421 cum
1114 4366 1357 4439 spiritus
1379 4366 1516 4432 sint,
1543 4365 1809 4439 indigent
1827 4382 2181 4439 organorum

537 4455 609 4511 ad
637 4470 811 4511 usum
844 4455 1331 4524 necessariorum,
1365 4455 1425 4511 in
1448 4454 2185 4528 hominumingrediuntur

540 4560 803 4615 corpora,
836 4547 900 4599 ut
927 4548 1208 4615 tanquam
1265 4542 1660 4601 ministrentia
1715 4545 1981 4601 membra
2027 4544 2182 4600 nacti

2284 3392 2390 3445 τῶν
2442 3387 2587 3444 ὅλων
2632 3386 2910 3459 συντελείᾳ
2939 3387 2966 3441 6
2999 3384 3210 3461 δαίμων
3253 3389 3321 3443 τὰ
3362 3393 3552 3464 πρῶτα
3601 3387 3678 3451 είς
3726 3385 3790 3443 τὸ
3839 3407 3947 3442 κα-

2285 3478 2468 3549 θαῖρον
2500 3480 2608 3553 πῦρ
2640 3473 2906 3550 ἀποδοθῇ,
2936 3477 2970 3546 ἡ
3004 3477 3360 3553 συγκραθεῖσα
3418 3475 3565 3549 αύτῷ
3593 3477 3748 3553 ψυχὴ
3781 3477 3952 3551 ἀνάγ-

2285 3586 2387 3637 κην
2420 3564 2535 3641 ἔχει
2587 3564 2720 3634 αύτὴ
2766 3564 2861 3638 μὶν
2910 3564 3239 3641 ἀποῤῥήτως
3284 3563 3633 3638 κολάζεσθαι,
3667 3566 3695 3620 6
3728 3562 3785 3621 δὶ
3813 3562 3947 3620 δαί-

2291 3677 2408 3728 μων
2439 3652 2686 3725 ἤδεσθαι.
2718 3654 2781 3711 Ἣ
2830 3653 2934 3730 γὰρ
2981 3653 3009 3708 6
3065 3654 3246 3732 φωτὸς
3287 3654 3439 3724 οὖσα,
3467 3654 3569 3723 τήν
3619 3651 3948 3733 ἀλλόφυλον

2286 3748 2383 3800 τοῦ
2430 3743 2600 3817 πυρὸς
2649 3742 2827 3821 φλόγα
2880 3743 2955 3816 μή
3005 3741 3261 3818 φέρουσα,
3317 3742 3678 3819 βασανίζεται,
3709 3742 3737 3797 6
3780 3740 3837 3797 δέ
3887 3741 3947 3799 ἐν

2286 3836 2355 3907 τῇ
2383 3836 2481 3889 τοῦ
2510 3831 2696 3909 γένους
2746 3831 2911 3887 αὐτοῦ
2954 3828 3027 3886 ὣν
3082 3830 3259 3903 οὐσίᾳ,
3310 3829 3562 3909 μεγάλως
3611 3828 3821 3903 ἥδεται,
3854 3828 3951 3887 δε-

2290 3919 2426 3995 σμὸς
2458 3918 2761 3997 δύσρηκτος
2799 3919 3089 3995 γενόμενος
3137 3922 3237 3990 τῆς
3290 3919 3379 3975 ὑπ’
3424 3918 3590 3976 αὐτοῦ
3644 3918 3950 3995 συμποθεί-

2290 4031 2390 4080 σης
2420 4012 2465 4047 ⁸⁸
2494 4012 2699 4084 ψυχῆς.

2362 4103 2426 4155 Χ.
2453 4098 2523 4153 Τὸ
2555 4094 2613 4152 δὶ
2637 4099 2681 4134 ⁸⁸
2707 4095 2834 4160 τοὺς
2867 4092 3130 4170 δαίμονας
3159 4093 3445 4175 γλίχεσθαι
3478 4094 3556 4160 εἷς
3585 4093 3653 4152 τὰ
3691 4098 3799 4152 τῶν
3845 4094 3954 4153 ἀν-

2292 4188 2525 4263 θρώπων
2558 4183 2784 4242 είσδύειν
2814 4188 2967 4244 203
3000 4187 3246 4258 σώματα,
3279 4183 3424 4241 αἰτία
3465 4183 3626 4256 αὕτη.
3656 4183 3954 4259 Πνεύματα

2291 4271 2440 4338 ὅντες
2468 4275 2556 4330 καὶ
2586 4276 2685 4343 τὴν
2728 4274 3014 4349 ἐπιθυμίαν
3048 4270 3265 4350 ἔχοντες
3306 4274 3379 4337 εἷς
3438 4274 3624 4351 βρωτὰ
3669 4274 3760 4329 καὶ
3804 4275 3959 4331 ποτὰ

2290 4364 2379 4420 καὶ
2433 4364 2732 4437 συνουσίαν,
2769 4358 3199 4437 μεταλαμϐάνειν
3257 4360 3314 4418 δὲ
3375 4364 3451 4437 μή
3512 4360 3802 4438 δυνάμενοι
3857 4360 3958 4419 διὰ

2288 4455 2352 4508 τὸ
2380 4453 2662 4527 πνεύματα
2720 4453 2854 4508 εἶναι
2909 4452 3069 4508 xui"
3100 4449 3305 4507 δεῖσθαι
3365 4451 3612 4528 ὁργάνων
3669 4456 3776 4507 τῶν
3810 4452 3959 4530 πρὸς

2291 4544 2392 4612 τὴν
2456 4548 2655 4619 χρῆσιν
2711 4538 3054 4613 ἐπιτηδείων,
3118 4540 3196 4605 είς
3250 4542 3319 4596 τὰ
3372 4540 3671 4615 ἀνθρώπων
3724 4540 3957 4599 εἰσίασιν

545 4650 673 4706 quas
704 4633 952 4705 cupiunt
982 4632 1212 4706 possint
1239 4632 1522 4701 obtinere,
1554 4633 1675 4689 sive
1699 4632 1881 4702 cibos,
1914 4648 2016 4705 per
2046 4633 2175 4689 den-

2297 4632 2544 4705 σώματσ,
2600 4628 2712 4703 ἵνα,
2756 4630 2937 4707 ὥσπερ
2989 4629 3412 4707 ὑπουργούντων
3465 4629 3711 4707 ὁργάνων
3752 4628 3963 4707 τυχόν-

540 4728 628 4781 tes
661 4722 942 4789 hominis,
991 4721 1111 4779 sive
1166 4721 1496 4795 libidinem,
1555 4738 1658 4795 per
1698 4720 1979 4794 genitalia
2007 4721 2189 4780 illius.

2297 4740 2406 4793 τες,
2432 4720 2507 4775 ὧν
2555 4716 2802 4784 θὲλουσιν
2851 4718 3129 4795 ἐπιτυχεῖν
3179 4714 3396 4774 δυνατοὶ
3439 4719 3595 4789 ὦσιν,
3646 4714 3754 4777 εἴτε
3802 4719 3958 4796 βρω-

1890 4878 1987 4929 VA
1996 4874 2135 4931 RIIE
2200 4873 2615 4931 LECTIONES.

613 4991 660 5065 5}
709 4986 1091 5065 παρελθουσῶν
1149 4988 1215 5045 Ο.
1252 4989 1337 5065 ff
1376 4984 1481 5065 ,διὰ
1534 4989 1748 5065 excidit
1796 5005 2092 5065 e_recens.
2151 4988 2903 5065 Clerico-Schvvegleriana.
2957 4988 3023 5065 1°
3072 4988 3244 5065 Epit.
3276 4986 3404 5065 leg.
3448 4991 3581 5065 _-cﬁc
3627 4982 3845 5065 πλάνης
3887 4989 3954 5065 3.

542 5062 586 5098 ³⁷
616 5056 1065 5134 ϐοηῇεεόἰανθνὶω
1099 5080 1175 5113 πα
1212 5056 1488 5114 αδοθεῖσαν
1520 5059 1622 5143 καὶ.
1641 5057 2006 5138 φυλαχθεῖσαν
2040 5058 2349 5135 θρησκείαν,
2398 5060 2471 5116 cl.
2496 5132 2506 5143 ι
2530 5056 2653 5118 Ιίεοῖ
2684 5077 2761 5130 ιν,
2816 5060 2902 5115 14.
2953 5059 3013 5116 S.
3088 5059 3133 5096 ⁵⁸
3180 5056 3541 5143 ἲτδὺ;’κρίσει
3589 5057 3679 5141 καξ

543 5164 612 5175 —
642 5132 728 5186 ἐὰν
777 5132 871 5202 μὲν
913 5130 1003 5185 οῦν
1052 5132 1119 5185 τὰ
1167 5079 1408 5202 τῆμὲτερα
1451 5134 1574 5189 des.
1608 5150 1667 5189 ιιι
1715 5133 1779 5188 0.
1856 5134 1901 5168 ⁸⁸
1950 5130 2112 5202 μόνον
2147 5132 2211 5201 Ο,
2246 5134 2399 5202 conj.
2433 5138 2609 5188 etiam
2659 5132 2720 5195 S,
2756 5128 2950 5202 μόνους
2976 5136 3035 5187 C.
3112 5131 3158 5168 ⁶⁰
3184 5149 3421 5202 τοιαυταΔ
3448 5148 3503 5202 p.
3536 5129 3679 5185 «(rw

543 5164 612 5175 —
642 5130 751 5186 ἐὰν
777 5132 871 5186 μὲν
913 5130 1003 5185 οῦν
1052 5132 1119 5185 τά

543 5164 612 5175 —
642 5154 728 5186 εαν
819 5154 871 5186 εν
913 5154 1003 5185 ουν
1052 5154 1119 5185 τα
1167 5154 1408 5206 ημετερα
1451 5154 1667 5189 (168.1n
1715 5154 1779 5188 U.
1856 5154 1901 5168 "
1950 5154 1962 5204 ι

542 5205 586 5287 ff
642 5206 725 5259 Ita
772 5154 832 5270 ἓ,
869 5202 1206 5287 ,εἰσκρίνετέιι
1253 5205 1312 5261 C.
1365 5204 1445 5287 0..
1488 5205 1552 5287 '°’
1596 5202 1962 5287 diaxipvav-rat

542 5205 586 5241 ⁶¹
642 5206 725 5259 Ita
772 5204 832 5270 S,
886 5204 1206 5277 εἶσκρίνεται
1253 5205 1312 5261 C.
1342 5204 1431 5261 Ὁ.
1506 5205 1552 5239 ⁸³
1596 5204 1962 5277 ἀνακίρνανται
2012 5205 2073 5273 S,
2122 5204 2189 5272 Ο,

541 5275 984 5347 ⁶⁸γσυμποθείσης
1037 5277 1099 5343 Ι),
1131 5276 1196 5345 Ο,
1230 5272 1601 5347 συμπαθείσης
1633 5276 1695 5343 C,
1724 5276 1824 5347 qui
1876 5275 2029 5346 conj.
2092 5295 2189 5346 συμ

3738 5057 3961 5149 sua}:

1214 5130 1408 5206 μέτερα
1451 5134 1574 5206 des.
1607 5128 1667 5206 id
1856 5134 1901 5168 ⁸⁸
1950 5128 2112 5206 μόνον
2132 5128 2211 5206 ⁷-0,
2246 5132 2609 5206 cpnj._etiam
2653 5132 2720 5206 β,
2748 5128 2950 5206 ’μόνους
2976 5136 3035 5187 C.
3112 5131 3158 5206 ξο
3184 5128 3422 5206 τοιαῦτα⁸
3448 5128 3696 5206 ρζαύτοζ
3722 5128 3857 5206 αὖτά
3886 5128 3955 5189 αξ

2271 5198 2598 5276 ἀνακίρναται
2642 5203 2701 5259 C.
2756 5198 2826 5276 ’ξξ
2870 5200 3054 5276 αὐτοῖς
3102 5203 3173 5276 O_.
3220 5202 3298 5276 _‘_f
3326 5198 3462 5254 ἐπάν
3486 5202 3547 5269 S,
3580 5202 3646 5270 Ο,
3679 5199 3762 5276 ἐπ’
3794 5199 3858 5257 ἄν
3886 5207 3952 5260 C.

1876 5268 2485 5357 conj._'oupugyeim'i.
2560 5275 2737 5357 σξ-τοῦ,
2769 5268 2834 5357 ξι
2864 5273 3112 5357 scribit.
3140 5268 3836 5357 Scbliemanp‘us‘ﬁlem.
3888 5290 3953 5357 ρ,

546 5292 587 5310 π
614 5292 984 5347 συμποθεισης
1037 5292 1099 5343 υ,
1131 5292 1196 5345 υ,
1230 5292 1601 5347 συμπαυεισης
1633 5292 1695 5343 υ,
1724 5292 1824 5405 ίέυι
1876 5292 2029 5346 con].
2092 5292 2485 5357 συμπαγεισης,
2560 5292 2605 5311 ὀ
2631 5293 2729 5327 του
2776 5292 2834 5327 οε
2881 5292 3085 5356 scrimt
3140 5292 3600 5328 aunuemannus
3658 5292 3836 5358 metu.
3888 5292 3953 5346 p.

546 5346 668 5419 166,
724 5347 878 5419 569.“
913 5346 1104 5419 Recte.
1136 5349 1247 5419 in.
1307 5348 1477 5404 Hom.
1538 5363 1615 5419 ιν,
1646 5348 1701 5404 9.
1780 5389 1795 5403 .
1843 5346 1983 5403 Dein
2015 5347 2179 5403 deest
2204 5349 2310 5400 τῶν
2344 5364 2403 5401 in
2433 5346 2501 5401 Ο.
2573 5345 2619 5382 ⁸⁷
2647 5342 2737 5398 καί
2768 5345 2828 5415 S,
2861 5344 2927 5415 Ο,
2951 5344 3323 5401 desideratur
3350 5360 3448 5418 ap.
3483 5346 3545 5401 C.
3577 5345 3623 5401 D
3654 5344 3770 5419 legi
3823 5346 3956 5406 vult

540 5410 820 5487 πνεύματα
850 5410 979 5471 ὄντα
1008 5414 1236 5475 δεῖσθαι.

1905 5538 2287 5597 VARIORUM
2325 5534 2554 5593 NOT/E.

613 5655 725 5727 (22)
756 5656 1078 5733 Cotelerius
1109 5658 1415 5733 baso_male
1443 5658 1632 5733 vertit_
1651 5674 1665 5713 :
1697 5673 1827 5733 gero
1852 5673 1962 5712 non
1990 5653 2131 5725 quod
2157 5653 2300 5708 Deus
2327 5648 2666 5706 condemnet.
2699 5649 2915 5708 Eodem
2948 5652 3123 5709 modo
3180 5652 3248 5706 τὰ
3301 5649 3484 5724 ἀληθῆ
3541 5655 3633 5728 (an
3665 5648 3948 5733 τᾶληθῶς)

545 5731 867 5802 usurpatur
897 5728 1054 5784 hom.
1090 5745 1167 5800 χι,
1199 5729 1288 5795 12,
1318 5729 1422 5797 29;
1449 5745 1567 5797 x.v,
1598 5730 1659 5785 7.
1691 5729 1751 5785 S.
1783 5732 2053 5783 Dassssa.
