4112 6344
282 392 409 461 n9
1412 382 1947 464 CLEMENTINA.
1978 431 2058 448 —
2092 386 2424 465 HOMILIA
2463 400 2571 465 1x.
3574 397 3696 463 250

285 533 397 584 τῶν
448 523 541 585 διὰ
582 530 691 585 τῶν
722 529 768 568 ⁵⁸
810 527 1097 604 ἀνθρὼπου
1153 527 1414 597 ὀδόντων,
1473 529 1579 588 ε’ἶτε
1633 531 1932 603 συνουσίας,

2083 532 2212 589 lnde
2234 532 2302 589 ad
2326 535 2610 605 iugandos
2626 534 2920 591 daemonas
2942 532 3294 591 abstinentia
3323 534 3379 588 ot
3398 530 3695 607 jejunium

288 615 381 673 διὰ
428 623 539 673 τῶν
586 616 792 674 ἐκείνου
842 617 1088 676 αἰδοίων.
1135 622 1288 675 Ὅθεν
1337 622 1473 695 πρὸς
1526 623 1623 691 τὴν
1682 627 1787 676 τῶν
1820 619 1936 676 δαι-

2083 628 2102 679 ι
2130 624 2427 680 al‘ﬂictatio
2458 624 2830 695 aptissimum
2872 628 2961 680 est
2990 623 3292 679 auxilium.
3328 623 3387 679 Si
3432 622 3588 679 enim
3621 624 3692 679 ad

292 708 477 781 μόνων
508 709 680 785 φυγὴν
710 711 747 777 ἡ
778 705 955 763 ἔνδεια
982 708 1072 764 καὶ
1103 710 1137 778 ἠ
1177 709 1395 780 νηστεία
1440 710 1529 765 καὶ
1586 712 1621 781 ἠ
1669 710 1941 786 κακουχία

2083 713 2357 767 mendum
2405 712 2816 784 ingrediuntur
2860 713 2917 768 in
2970 729 3181 785 corpus
3229 712 3506 779 hominis,
3539 716 3700 784 patet

291 796 630 852 οἰκειότατόν
658 797 769 852 ἐστι
805 799 1084 873 βοήθημα.
1130 798 1190 853 Εἰ
1219 801 1321 875 γὰρ
1361 804 1456 855 τοῦ
1508 795 1940 874 μεταλαμϐάνειν

2083 802 2183 857 llos
2214 803 2403 872 fugari
2432 802 2766 857 afﬂictione.
2817 802 3030 858 Verum
3061 802 3199 874 quia
3244 802 3484 874 quidam
3513 801 3695 858 mole-

291 887 461 962 χάριν
519 884 857 962 εἰσέρχονται
912 887 987 950 εἷς
1041 889 1328 963 ἀνθρώπου
1379 893 1558 963 σῶμα,
1618 887 1874 960 δηλονότι
1900 891 1946 927 ⁶⁹

2088 892 2283 958 tiores,
2309 890 2406 945 ubi
2431 891 2859 954 contenderint,
2881 890 3149 962 quamvis
3178 889 3394 945 fuerint
3413 890 3706 963 castigati,

291 974 571 1050 κακουχίᾳ
614 973 1028 1053 φυγαδεῦονται,
1088 976 1242 1034 Ἀλλ’
1283 975 1471 1047 ἐπειδὴ
1514 975 1627 1034 ἔνια
1675 976 1949 1052 δεινότερα

2083 996 2249 1036 amen
2300 979 2360 1035 in
2414 978 2695 1051 castigato
2751 996 2989 1050 corpore
3046 982 3411 1050 permanent,
3464 979 3593 1035 ideo
3639 979 3710 1034 ad

290 1064 647 1138 τυγχάνοντα
674 1064 1293 1143 προσφιλονεικήσαντα,
1323 1064 1500 1121 καίτοι
1537 1066 1946 1145 τιμωρούμενα,

2058 1070 2242 1128 Deum
2291 1073 2516 1143 oportet
2556 1068 2870 1140 confugere
2910 1068 3180 1139 precibus
3238 1072 3296 1123 et
3325 1067 3715 1135 orationibus,

293 1157 378 1224 τῷ
428 1154 837 1227 τιμωρουμένῳ
886 1154 1180 1230 προσμένει
1230 1155 1445 1228 σώματι
1502 1152 1591 1210 διὰ
1631 1158 1793 1211 τοῦτο
1833 1156 1947 1232 χρὴ

2083 1163 2238 1232 itque
2261 1158 2421 1215 omni
2465 1157 2698 1231 impura
2743 1156 3047 1213 occasione
3097 1156 3463 1228 abstinendo,
3520 1160 3585 1213 ut
3613 1144 3716 1212 Dei

294 1240 660 1320 προσφεύγειν
718 1243 835 1314 Θεῷ
882 1241 1070 1318 εὐχαῖς
1118 1242 1208 1298 καὶ
1263 1240 1529 1318 δεήσεσιν,
1574 1244 1951 1319 ἀπεχομένους

2083 1265 2277 1304 nanus
2307 1247 2366 1303 in
2399 1246 2561 1302 illius
2584 1246 2899 1303 sanitatem
2926 1246 3111 1319 possit
3132 1247 3717 1320 accedere,tanquam

294 1331 483 1401 πάσης
533 1334 578 1368 ⁷ο
624 1331 925 1407 ἀκαθάρτου
972 1329 1312 1410 προφάσεως,
1365 1333 1536 1405 ὃπως,
1594 1333 1630 1403 ἡ
1676 1337 1774 1388 τοῦ
1820 1336 1956 1389 Θεοῦ

296 1418 431 1496 χεὶρ
485 1417 563 1482 εἷς
613 1416 750 1474 ἴασιν
783 1419 948 1476 αὐτοῦ
986 1418 1275 1495 ἐπιψαῦσαι
1309 1418 1535 1495 δυνηθῇ,
1568 1420 1642 1485 ὡς
1670 1421 1839 1498 ἀγνοῦ
1866 1420 1957 1477 καὶ

298 1508 675 1570 πιστεύοντος.

375 1603 473 1654 XI.
509 1603 600 1653 Δεῖ
628 1595 686 1653 δὲ
713 1597 805 1653 καὶ
834 1597 887 1654 ἐν
916 1603 1036 1662 ταῖς
1069 1598 1260 1676 εὐχαῖς
1285 1598 1347 1654 τὰ
1367 1601 1412 1638 τί
1466 1602 1582 1672 Θεῷ
1629 1616 1965 1679 προσπεφευ-

301 1687 456 1763 γέναι
507 1683 832 1762 ὁμολογεῖν,
879 1685 970 1742 καὶ
1019 1685 1484 1765 διαμαρτύρασθαι
1514 1690 1561 1725 ⁷³
1589 1689 1687 1758 τὴν
1719 1692 1815 1744 τοῦ
1847 1685 1963 1744 δαί-

306 1795 483 1847 μονος
517 1774 617 1830 οὐκ
660 1774 936 1849 ἀπάθειαν,
982 1775 1128 1832 ἀλλὰ
1187 1773 1497 1853 βραδυτῆτα
1521 1779 1587 1813 ⁷³·
1633 1775 1806 1833 πάντα
1862 1779 1965 1853 γὰρ

297 1868 387 1937 τῷ
448 1862 759 1919 πιστεύοντι
816 1863 1043 1938 γίνεται,
1106 1865 1421 1919 ἀπιστοῦντι
1482 1861 1539 1920 δὲ
1585 1860 1757 1924 οὐδέν.
1816 1867 1967 1922 Ὅθεν

302 1952 468 2009 αὐτοὶ
499 1952 552 2007 οἱ
582 1950 861 2026 δαίμονες,
893 1949 1093 2016 εἰδότες
1127 1950 1200 2008 ὧν
1232 1951 1576 2030 ἐπικρατοῦσι
1605 1956 1705 2023 τῆς
1734 1952 1968 2018 πίστεως

308 2044 421 2111 τῆν
473 2041 773 2113 ποσότητα,
820 2039 1192 2117 ἀναλογοῦσαν
1238 2041 1617 2117 ἐπιμετροῦσιν
1662 2042 1838 2099 αὐτῶν
1867 2043 1968 2113 τὴν

309 2131 615 2205 ἐπιμονήν.
665 2132 764 2185 Διά
807 2134 969 2186 τοῦτο
1032 2137 1151 2194 τοῖς
1213 2132 1525 2187 ἀπιστοῦσιν
1602 2130 1968 2206 ἐπιμένουσιν,

306 2225 437 2283 τοῖς
486 2218 545 2275 δὲ
593 2217 907 2282 δυσπίστοις
947 2215 1396 2293 έμϐραδύνουσιν,
1426 2225 1545 2282 τοῖς
1577 2217 1636 2275 δὲ
1665 2221 1969 2277 παντάπασι

308 2309 636 2365 πιστεύσασι
690 2308 780 2364 καὶ
832 2306 888 2363 εὖ
938 2311 1094 2367 204
1129 2310 1453 2385 πράττουσιν
1480 2306 1605 2364 οὐδὲ
1628 2310 1763 2387 πρὸς
1795 2309 1968 2386 ῥοπὴν

312 2396 466 2473 ὥρας
500 2402 733 2452 συνεῖναι
768 2394 1042 2454 δύνανται.
1072 2398 1135 2453 Ἠ
1165 2399 1269 2474 γὰρ
1302 2398 1456 2474 ψυχή
1575 2399 1709 2475 πρὸς
1733 2400 1862 2455 Θεὸν
1885 2398 1973 2454 πί-

309 2507 431 2542 στει
465 2486 539 2549 ὡς
574 2485 649 2549 εἷς
681 2483 875 2548 ὕδατος
898 2485 1055 2564 φύσιν
1074 2490 1339 2561 τραπεῖσα
1356 2485 1447 2543 τὸν
1472 2482 1704 2559 δαίμονα
1726 2487 1798 2542 ὡν
1822 2508 1973 2543 σπιν-

311 2576 461 2652 θῆρα
512 2575 682 2651 πυρὸς
738 2570 1145 2632 ἀποσϐέννυσιν.
1180 2575 1436 2648 Κάματος
1469 2571 1559 2630 οὗν
1590 2573 1732 2630 ἐστιν
1761 2575 1971 2650 ἑκάστῳ

313 2663 642 2735 ἐννοηθῆναι
672 2660 719 2702 ⁷⁸
762 2665 864 2733 τήν
917 2666 1016 2717 τοῦ
1072 2663 1264 2719 ἑαυτοῦ
1295 2660 1553 2737 δαίμονος
1585 2665 1779 2743 φυγήν.
1813 2665 1967 2723 Ἀνα-

312 2754 632 2829 κιρνάμενοι
660 2753 766 2829 γὰρ
798 2756 916 2815 ταῖς
946 2755 1174 2830 ψυχαῖς,
1202 2750 1352 2815 ὅπως
1378 2773 1462 2815 τις
1492 2756 1593 2822 τῆς
1649 2752 1814 2808 αὐτοῦ
1861 2774 1970 2809 σω-

309 2842 515 2918 τηρίας
563 2840 818 2915 ἀμελήσῃ
865 2844 931 2912 ⁷⁸,
988 2841 1309 2915 ἐνθυμήσεις
1351 2841 1489 2919 πρὸς
1538 2842 1570 2897 ἃ
1605 2840 1895 2919 βούλονται
1926 2845 1972 2881 ⁷⁸

317 2924 732 2986 ὁποϐάλλουσιν
765 2929 842 2993 εἷς
872 2930 963 2986 τὸν
992 2930 1215 2986 ὲκάοτου
1255 2935 1401 2988 νοῦν.

390 3024 511 3075 XII.
555 3021 711 3084 Ὅθεν
759 3016 989 3089 πολλοὶ,
1042 3018 1142 3075 οὐκ
1170 3018 1372 3082 εἰδότες
1416 3019 1578 3075 πόθεν
1611 3019 1969 3097 ἔνεργοῦνται,

311 3113 440 3171 ταῖς
470 3112 579 3163 τῶν
613 3106 897 3181 δαιμόηων
929 3114 1120 3171 κακαῖς
1153 3104 1658 3182 ὑποϐαλλομέναις,
1710 3108 1970 3173 ἐπινοίαις

312 3198 397 3259 ὡς
453 3202 533 3269 τῷ
577 3204 676 3267 τῆς
717 3200 903 3274 ψυχῆς
952 3196 1127 3253 αὐτῶν
1174 3196 1430 3274 λογισμῷ
1480 3199 1824 3256 συντίθενται.
1876 3199 1969 3254 Διὸ

2069 1336 2199 1410 puri
2233 1353 2299 1393 ac
2331 1336 2545 1392 ﬁdelis.

2142 1604 2235 1662 ΧΙ.
2268 1604 2506 1677 Oportet
2547 1607 2744 1661 autem
2794 1604 2853 1659 in
2906 1602 3177 1676 precibus
3225 1601 3488 1659 confiteri
3515 1602 3719 1659 confu-

2075 1694 2233 1768 gisse
2265 1711 2369 1750 nos
2400 1695 2471 1750 ad
2508 1698 2707 1765 Deum,
2757 1698 2932 1765 atque
2973 1697 3250 1750 attestare
3290 1691 3572 1748 daemonis
3603 1709 3721 1749 non

2076 1783 2479 1854 indolentiam,
2532 1783 2632 1839 sed
2684 1782 3056 1850 tarditatem;
3107 1786 3321 1837 cuncta
3364 1779 3522 1835 enim
3562 1780 3720 1836 fideli

2081 1873 2251 1939 fiunt,
2283 1870 2502 1928 intideli
2532 1888 2664 1927 vero
2696 1870 3030 1927 nihil.Unde
3052 1870 3161 1943 ipsi
3194 1870 3508 1937 daemones,
3531 1868 3721 1926 scien-

2078 1968 2167 2019 tes
2196 1978 2398 2018 eorum
2421 1977 2570 2032 quos
2600 1960 2862 2016 obtinent
2892 1959 3023 2015 fidei
3056 1958 3463 2031 quantitatem,
3494 1974 3564 2014 ex
3592 1974 3721 2031 pro-

2079 2050 2343 2122 portione
2372 2065 2540 2104 suam
2573 2048 2897 2104 metiuntur
2926 2048 3313 2103 mansionem.
3349 2046 3631 2115 Quocirca
3660 2047 3720 2104 in

2079 2138 2417 2194 inﬁdelibus
2447 2141 2836 2211 perseverant,
2868 2137 2928 2192 in
2961 2137 3033 2192 iis
3059 2141 3254 2192 autem
3288 2136 3388 2208 qui
3418 2151 3568 2208 aegre
3592 2151 3721 2192 cre-

2079 2230 2228 2285 dunt
2253 2227 2679 2284 immorantur:
2704 2242 2837 2282 cum
2870 2224 2942 2281 iis
2964 2243 3116 2297 vero,
3149 2226 3247 2297 qui
3281 2224 3513 2297 penitus
3534 2225 3721 2281 credi-

2080 2318 2293 2374 derunt
2321 2321 2377 2373 et
2409 2320 2608 2372 sancte
2636 2314 2856 2383 vivunt,
2880 2331 2987 2369 nec
3016 2314 3087 2368 ad
3112 2317 3475 2369 momentum
3497 2317 3722 2386 tempo-

2080 2406 2162 2462 ris
2194 2410 2444 2479 possunt
2472 2403 2811 2462 consistere.
2842 2403 3053 2459 Anima
3082 2402 3300 2475 quippe
3330 2418 3430 2475 per
3459 2402 3632 2458 fidem
3661 2401 3722 2458 in

2082 2499 2262 2551 Deum
2293 2494 2461 2566 quasi
2493 2494 2551 2549 in
2584 2510 2746 2565 aqua:
2776 2498 3043 2548 naturam
3068 2508 3365 2559 conversa,
3398 2492 3723 2547 daamonem

2080 2582 2236 2640 velut
2264 2581 2578 2638 scintillam
2610 2581 2763 2655 ignis
2810 2580 3149 2653 exstinguit.
3203 2578 3384 2636 Labor
3407 2579 3605 2651 itaque
3634 2583 3725 2636 est

2081 2671 2418 2744 unicuique,
2451 2674 2516 2727 ut
2546 2670 2834 2743 intelligat
2854 2668 3137 2725 daemonis
3156 2668 3248 2724 sui
3281 2669 3501 2742 fugam.
3534 2668 3724 2740 Siqui-

2081 2762 2213 2817 dem
2247 2777 2379 2816 cum
2402 2759 2713 2815 animabus
2738 2757 3055 2830 conjuncti,
3080 2774 3196 2830 quo
3226 2757 3441 2829 aliquis
3471 2756 3723 2813 salutem

2081 2867 2250 2906 suam
2283 2847 2557 2921 negligat,
2577 2846 2958 2921 cogitationes
2980 2847 3048 2903 ad
3075 2863 3197 2917 quas
3217 2845 3423 2904 volunt
3444 2846 3503 2902 in
3532 2846 3727 2918 cujus-

2080 2955 2193 3013 que
2226 2944 2479 2994 mentem
2505 2937 2800 3009 injiciunt.

2148 3027 2267 3085 XII.
2302 3031 2489 3095 Quare
2529 3027 2721 3094 multi,
2772 3025 3099 3083 nescientes
3138 3026 3293 3081 unde
3339 3025 3724 3097 inspirentur,

2080 3118 2273 3189 pravis
2303 3118 2636 3171 daemonum
2684 3115 3160 3188 suggestionibus
3189 3120 3470 3186 tanquam
3514 3114 3722 3169 animm

2080 3222 2200 3262 sua:
2257 3204 2704 3261 considerationi
2772 3204 3164 3261 consentiunt.
3231 3204 3593 3275 Quapropter
3648 3202 3721 3257 ad

310 3287 455 3363 πρὸς
500 3285 629 3349 τοὺς
678 3271 868 3357 σώζειν
915 3285 1113 3349 αὐτοὺς
1164 3271 1493 3360 δυναμένους
1522 3283 1694 3342 ἐλθεῖν
1741 3285 1968 3365 ὀκνηρό-

2083 3294 2213 3351 illos
2242 3294 2562 3363 adeundos,
2598 3293 2698 3366 qui
2731 3292 2889 3366 ipsos
2920 3308 3147 3349 servare
3178 3271 3426 3365 possint,
3460 3271 3608 3345 fiunt
3638 3307 3727 3347 se-

307 3396 466 3449 τεροι
520 3375 781 3452 γίνονται,
837 3374 927 3430 καὶ
986 3374 1180 3437 αὐτοὺς
1219 3377 1265 3412 ’⁷⁷
1318 3375 1407 3430 ὑπ’
1463 3374 1639 3431 αὐτῶν
1693 3380 1801 3432 τῶν
1862 3376 1970 3432 ένε-

310 3463 616 3542 δρευόντων
672 3462 949 3537 δαιμόνων
992 3462 1413 3537 ἆναλισκόμενοι
1464 3465 1770 3540 ἀγνοοῦσιν.
1844 3464 1970 3521 Ὑπὸ

314 3554 419 3628 μὲν
467 3552 560 3608 οὗν
614 3558 725 3609 τῶν
773 3559 895 3616 ταῖς
927 3557 1132 3629 ψυχαῖς
1165 3553 1339 3609 αὐτῶν
1374 3551 1825 3630 ένδομυχούντων
1857 3552 1970 3610 δαι-

318 3644 505 3719 μόνων
559 3640 851 3698 ἐπινίδοται
902 3643 1086 3705 αὐτοῖς
1118 3641 1484 3716 ἐνθυμεῖσθαι,
1515 3642 1589 3705 ὡς
1619 3643 1679 3699 οὗ
1711 3640 1971 3717 δαίμονος

314 3731 708 3808 ἐνοχλοῦντος,
760 3730 910 3787 ἀλλᾶ
956 3738 1274 3806 σωματικῆς
1326 3731 1509 3801 νόσου,
1571 3731 1684 3787 οἷον
1741 3733 1777 3802 ἢ
1829 3731 1970 3805 ὕλης

314 3820 591 3896 δριμείας,
642 3820 677 3891 ἢ
735 3818 942 3897 χολῆς,
989 3820 1026 3890 ἢ
1078 3819 1417 3899 φλέγματος,
1474 3822 1511 3891 ἢ
1563 3819 1793 3895 αἶ’ματος
1836 3820 1972 3897 ἀμε-

308 3910 474 3987 τρίας
502 3912 569 3979 ⁷⁸,
598 3911 634 3979 ἢ
676 3910 944 3987 μήνιγγος
977 3908 1321 3989 φλεγμονῆς,
1351 3910 1387 3980 ἢ
1420 3908 1596 3966 ἄλλου
1618 3910 1786 3974 τινός.
1820 3911 1885 3966 Εἰ
1915 3908 1974 3968 δὲ

311 3999 411 4055 καὶ
459 4004 620 4055 τοῦτο
665 4001 754 4071 ἦν,
811 3995 924 4054 οὐδ’
972 3997 1104 4054 αὐτὸ
1145 3997 1495 4071 ἀπήλλακται
1528 3996 1790 4074 δαίμονος
1830 3998 1971 4064 εἶδος

314 4089 460 4146 εἶναι
499 4090 561 4143 Ἦ
605 4088 709 4164 γὰρ
756 4086 995 4152 καθόλου
1046 4088 1136 4143 καὶ
1191 4085 1405 4165 γεώδης
1451 4088 1629 4164 ψυχὴ,
1683 4087 1830 4162 αἰτίᾳ
1859 4090 1973 4164 (23)

314 4180 533 4234 πάντων
582 4183 689 4233 τῶν
743 4177 969 4253 βρωτῶν
1022 4174 1393 4250 διικνουμένη,
1444 4177 1547 4232 ὑπὸ
1584 4182 1687 4247 τῆς
1716 4176 1971 4242 πλείονος

311 4275 527 4345 τροφῆς
577 4266 664 4323 ἐπὶ
710 4265 902 4322 πλεῖον
952 4265 1358 4345 προσληφθῖσα,
1409 4265 1543 4335 αι’)τή
1596 4267 1691 4339 μὲν
1740 4267 1815 4329 ὡς
1845 4289 1971 4345 συγ-

313 4361 467 4433 γενεῖ
495 4357 705 4411 ἑνοῦται
732 4360 812 4427 τῷ
839 4354 1123 4428 πνεύματι,
1155 4354 1288 4431 ὅπερ
1320 4355 1468 4415 205
1505 4354 1645 4410 ἐστὶν
1682 4355 1971 4429 ἀνθρώπου

315 4447 500 4520 ψυχὴ,
548 4446 611 4500 τὸ
660 4441 717 4499 δὲ
762 4450 864 4515 ἧς
904 4450 1114 4523 τροφῆς
1166 4440 1375 4507 ὑλῶδες
1421 4449 1502 4517 τῷ
1532 4445 1743 4518 σώματι
1776 4444 1969 4501 ένωθὶν

316 4535 396 4598 ὡς
446 4530 620 4596 δεινὸς
670 4532 818 4606 αὐτῷ
850 4530 1201 4590 ὑπολείπεται
1243 4532 1345 4596 ἰός.
1377 4533 1471 4589 Διὸ
1503 4531 1591 4589 ἐπὶ
1623 4534 1839 4590 πάντων
1873 4555 1971 4591 κα-

317 4624 419 4680 λὸν
452 4625 487 4693 ἡ
519 4621 617 4679 αὖτ
625 4624 831 4699 άρκεια.

395 4718 541 4769 XIII.
580 4713 729 4774 Τινὲς
785 4708 843 4767 δὲ
877 4714 987 4766 τῶν
1012 4709 1334 4788 κακούργων
1368 4707 1642 4785 δαιμόνων
1675 4702 1861 4775 ἄλλως
1890 4711 1975 4769 έν-

319 4797 655 4879 εόρεύουσιν.
699 4801 809 4871 Τὴν
857 4798 1038 4877 ἀρχὴν
1087 4796 1213 4856 οὐδὲ
1258 4798 1343 4858 ὅτι
1371 4802 1417 4839 ⁷³
1445 4799 1577 4857 εἰσὶν
1605 4798 1974 4881 ἐμφαίνοντες,

2006 4630 2055 4697 D

2078 3384 2312 3457 gniores
2339 3407 2353 3451 ;
2378 3398 2615 3454 eosque,
2640 3381 2711 3436 ab
2739 3380 3155 3437 insidiantibus
3169 3379 3532 3436 daemonibus
3545 3379 3724 3450 capti,

2077 3472 2370 3546 ignorant.
2404 3473 2604 3542 Itaque
2638 3486 2738 3541 per
2786 3468 3032 3525 latentes
3080 3468 3138 3523 in
3170 3484 3370 3523 eorum
3414 3467 3723 3523 animabus

2080 3563 2373 3618 daemones
2403 3560 2576 3615 datur
2597 3558 2713 3614 illis
2742 3556 3013 3629 intelligi,
3046 3571 3107 3613 se
3130 3573 3244 3612 non
3273 3573 3306 3611 a
3337 3557 3599 3611 daemone
3630 3572 3723 3610 ve-

2079 3650 2225 3720 xari,
2259 3650 2360 3705 sed
2394 3666 2427 3703 a
2456 3648 2716 3720 corporis
2765 3647 2992 3715 morbo,
3033 3644 3279 3716 exempli
3318 3645 3502 3716 gratia
3534 3643 3620 3700 vel
3651 3644 3723 3700 ab

2026 3806 2029 3807 ν
2079 3738 2197 3796 acri
2230 3737 2497 3804 materia,
2522 3735 2610 3793 vel
2660 3754 2694 3793 a
2725 3735 2856 3806 bile,
2890 3734 2972 3790 vel
3006 3752 3041 3790 a
3091 3733 3320 3807 pituita,
3351 3732 3440 3789 vel
3480 3749 3514 3788 a
3544 3731 3724 3788 nimio

2081 3826 2387 3900 sanguine,
2420 3824 2508 3881 vel
2531 3825 2604 3880 ab
2634 3823 3001 3880 inﬂammata
3018 3822 3238 3879 cerebri
3269 3820 3727 3890 membrana,vel

2083 3916 2156 3974 ab
2186 3914 2300 3971 alio
2331 3913 2629 3987 quopiam.
2693 3913 2855 3981 Quod
2904 3911 3015 3969 etsi
3060 3916 3235 3979 esset,
3295 3926 3482 3982 neque
3530 3912 3727 3982 ipsum

2082 4004 2373 4060 desineret
2403 4019 2531 4060 esse
2551 4001 2831 4058 daamonis
2850 4001 3092 4074 species.
3118 3998 3472 4057 Universalis
3493 4000 3646 4053 enim
3663 4014 3730 4054 ac

2081 4092 2374 4149 terrestris
2403 4092 2619 4158 anima,
2648 4095 2884 4163 propter
2903 4107 3108 4146 omnes
3130 4090 3289 4145 cibos
3321 4092 3732 4161 penetrans,ex

2082 4181 2263 4237 nimio
2294 4181 2571 4237 alimento
2603 4180 2781 4235 nimis
2811 4184 3141 4250 assumpta,
3176 4178 3303 4250 ipsa
3333 4178 3571 4250 quidem
3602 4177 3733 4233 uni-

2081 4275 2180 4326 tur
2199 4269 2430 4342 spiritui
2452 4274 2734 4340 tanquam
2758 4267 2941 4332 affini,
2966 4268 3075 4322 hoc
3097 4272 3185 4323 est
3207 4266 3463 4322 hominis
3484 4266 3727 4334 animae;

2081 4359 2237 4432 quod
2272 4364 2467 4415 autem
2500 4358 2557 4412 in
2592 4357 2951 4413 nutrimento
2996 4373 3263 4412 crassum
3295 4360 3403 4422 est,
3437 4371 3570 4411 cum
3604 4371 3729 4409 cor-

2082 4465 2219 4521 pore
2244 4449 2476 4504 unitum
2499 4451 2564 4502 ut
2583 4463 2756 4520 grave
2780 4444 2864 4500 illi
2887 4444 3241 4517 relinquitur
3263 4445 3733 4510 venenum.Quo-

2082 4537 2238 4595 circa
2269 4537 2327 4593 in
2359 4535 2636 4593 omnibus
2669 4536 2823 4591 bona
2851 4539 2941 4591 est
2969 4533 3293 4607 frugalitas.

2154 4716 2305 4773 XIII.
2336 4714 2448 4771 Alii
2479 4730 2611 4771 vero
2635 4711 3065 4769 malitiosorum
3090 4711 3423 4767 daemonum
3454 4709 3734 4767 insidian-

2081 4809 2181 4863 tur
2192 4804 2378 4861 aliter.
2397 4800 2745 4860 Nullatenus
2765 4801 2922 4859 enim
2950 4800 3421 4873 manifestantse,
3440 4814 3513 4856 ne
3533 4802 3735 4856 contra

1693 4945 1936 5005 VARUE
1976 4947 2397 5005 LECTIONES.

386 5074 593 5134 ⁸’τοῦς
650 5076 729 5140 0.,
765 5071 917 5128 Tum
973 5070 1055 5126 id.
1118 5065 1343 5133 ὀδόντας
1400 5074 1459 5127 et
1510 5068 1579 5126 τά
1635 5069 1835 5127 ἐκείνου
1886 5068 2087 5127 αἰδοῖα.
2164 5071 2211 5109 σθ
2266 5067 2436 5140 δῆλον
2496 5069 2579 5125 ’ὁτι
2616 5068 2677 5127 C.
2754 5070 2799 5106 7°
2828 5068 2887 5125 Ci
2918 5086 2979 5123 τε
3007 5070 3141 5124 ante
3168 5064 3347 5140 πάσης
3379 5066 3549 5140 omisi
3581 5082 3631 5122 c.
3666 5065 3730 5140 Ο.

316 5148 363 5219 in
395 5148 475 5215 τῷ
503 5149 575 5219 Οἒ
638 5138 1169 5219 πρδιαμαρτύρεσθαι
1202 5140 1306 5219 _O_._
1352 5142 1401 5219 7’_
1430 5139 1742 5219 βραδύτητα
1770 5146 1828 5201 C.
1862 5144 2015 5219 Tum
2045 5140 2103 5219 δέ
2133 5135 2349 5219 or_n._
2426 5144 2473 5183 τι
2486 5140 2915 5219 ἐκνο-ηθῆναι-Ο.
2936 5140 3152 5219 Deinde
3168 5141 3267 5192 τοῦ
3298 5136 3350 5193 ἐν
3382 5135 3529 5219 αὐτῷ
3561 5154 3616 5209 p.
3635 5139 3735 5219 τοῦ

316 5211 607 5300 Ennii-0.
643 5283 658 5300 ἱ
683 5215 728 5250 ⁷⁵
767 5211 1032 5300 ἀμελήσει
1065 5216 1124 5269 Ο.
1280 5211 1572 5300 βουλὸνται
1734 5220 1800 5272 ut
1847 5215 2031 5300 YOlt‘lil

2210 5211 2428 5269 ούλεται
2478 5212 2536 5269 C.
2614 5209 2658 5248 π
2707 5213 2794 5268 Ita
2817 5212 2881 5282 S.
2926 5230 3054 5271 τους
3086 5211 3311 5282 absque
3338 5215 3578 5282 accentu
3602 5209 3730 5282 cod.

318 5290 418 5363 Ci,_
439 5288 537 5363 qui
570 5283 669 5363 icui
687 5278 912 5363 τούτους
936 5278 1261 5363 proposuit,
1280 5278 1429 5341 ’τούς
1456 5287 1528 5343 Ο.
1604 5284 1649 5322 ⁷⁸
1679 5285 1911 5363 ἀμετρία
1939 5285 2004 5344 Ο.
2080 5285 2128 5329 ’⁷ο
2158 5278 2266 5343 Pro
2294 5285 2380 5340 ὃτι
2405 5285 2463 5342 S.
2496 5284 2610 5358 legi
2640 5282 2764 5341 vult
2793 5280 2963 5344 ὅλως.
2996 5283 3149 5339 Tum
3179 5278 3401 5339 inserui
3426 5279 3558 5335 εἰσίν
3590 5296 3639 5336 c.
3662 5278 3731 5337 Ο.

322 5334 543 5418 ὖέῑέἷιῑό
568 5334 969 5427 {angina};
979 5334 1242 5430 3651‘s:

1705 5462 1926 5523 VARIO
1935 5464 2088 5522 RUM
2126 5462 2361 5521 NOTAE.

395 5591 512 5664 (23)
544 5590 622 5664 ὃς
654 5588 688 5664 ᾖ
724 5584 813 5642 διὰ
843 5588 1016 5664 conj._
1050 5589 1315 5664 lieander
1357 5595 1531 5664 gnost.
1580 5590 1723 5662 Syst.
1765 5605 1823 5661 p.
1855 5589 1981 5664 {£18.

2093 5591 2216 5662 wias
2246 5587 2421 5662 Tigeol.
2454 5586 2613 5660 i829)
2662 5602 2719 5657 p.
2766 5585 2875 5641 282
2907 5587 3015 5640 τῶν
3062 5588 3195 5641 ante
3245 5583 3463 5662 βρωνῶν
3515 5580 3736 5640 abscri-

324 5656 541 5720 Vocein
571 5659 718 5734 αἰτίᾳ
740 5656 1986 5734 explicavitCredneru's‘in'commentatione
2092 5661 2185 5734 psi
2209 5676 2259 5717 ο.
2294 5656 2360 5718 0.
2397 5656 2669 5717 Daasssa.

328 5752 442 5793 sua
468 5735 541 5791 de
568 5732 829 5792 Essenis’
855 5736 914 5789 et
959 5732 1241 5789 Ebionteis
1288 5734 1529 5803 (Winer,
1578 5733 1836 5791 Zeiuchr.
1865 5734 1983 5805 far.
