4114 6338
366 288 481 351 251

1189 293 1257 356 S.
1303 290 1745 358 CLEMENTIS
1785 291 1813 356 Ι
1856 288 2050 354 ΒΟΜ.
2095 289 2326 353 ΡΟΝΤ.
2374 288 2637 352 OPERA
2682 288 2953 353 DUBIA.

3649 288 3791 353 252‘

368 422 501 480 illos
516 422 861 481 adhibeatur
873 424 1523 499 diligentia,opportune
1543 424 2012 493 autem,occasio~

2139 420 2274 481 imo:
2326 423 2360 491 ἡ
2411 422 2528 477 κατ’
2575 421 2747 477 αὐτῶν
2775 419 2984 490 σπουδή
3023 420 3097 494 μὴ
3121 420 3371 499 γένηται,
3405 420 3662 485 εύκύίάως
3710 419 3773 478 δὲ

369 530 441 570 ne
457 514 573 582 iraa,
590 516 808 571 amoris
821 519 917 571 aut
934 515 1174 572 alterius
1189 517 1517 589 cujuspiam
1537 522 1768 589 repente
1783 533 1883 571 seu
1897 515 2013 588 gla-

370 603 487 671 dio,
513 621 613 659 seu
628 603 851 674 laqueo.
877 621 975 660 seu
993 606 1328 677 praecipitio,
1348 622 1449 661 seu
1473 605 1587 661 alio
1610 605 1861 677 quodam
1879 622 2012 659 con-

368 692 673 749 tumeliam
698 694 955 749 inferunt
976 694 1222 767 corpori,
1242 702 1298 750 et
1318 696 1377 750 in
1398 695 1509 750 [ine
1530 693 1819 765 punitioni
1838 693 2017 763 subji-

370 774 535 838 ciunt
564 783 838 855 deceptas
870 784 941 839 ab
973 784 1117 855 ipsis
1149 801 1349 839 eorum
1380 784 1629 850 animas,
1663 783 2013 853 quibuscum

369 870 530 926 fuere
563 871 849 943 permisti,
900 872 1055 927 sicut
1102 872 1379 944 diximus,
1432 874 1697 929 abeundo
1727 872 1785 927 in
1820 872 2014 943 ignem

370 959 776 1031 expiatorium.
805 960 913 1014 Alii
948 976 1082 1015 vero
1110 960 1378 1016 homines
1400 961 1571 1017 aliter
1590 960 1835 1017 insidias
1857 959 2015 1031 passi

371 1065 486 1103 non
520 1048 801 1103 accedunt
832 1050 901 1103 ad
938 1066 1063 1115 nos,
1107 1050 1329 1120 decepti
1380 1049 1771 1122 malignorum
1803 1050 2014 1104 daemo-

370 1152 515 1192 num
566 1137 1071 1207 inspirationibus,
1129 1141 1411 1209 tanquam
1465 1154 1499 1193 a
1552 1137 1663 1192 diis
1712 1137 1858 1209 ipsis
1905 1136 2019 1191 ista

372 1229 609 1298 propter
642 1224 979 1298 religionem
1001 1242 1138 1299 erga
1163 1243 1260 1281 eos
1292 1227 1607 1298 patiantur,
1638 1225 1866 1298 possint
1885 1242 2018 1281 vero

372 1329 475 1386 per
504 1313 791 1369 sacrificia
820 1314 879 1368 in
932 1315 1181 1386 gratiam
1214 1331 1347 1370 cum
1401 1315 1475 1370 iis
1505 1315 1711 1383 redire,
1745 1314 2019 1385 quodque

372 1418 487 1457 non
516 1402 764 1458 debeant
812 1402 982 1458 nobis
1013 1405 1306 1472 accedere,
1354 1404 1453 1459 sed
1486 1408 1688 1460 contra
1725 1405 1923 1475 fugere
1954 1419 2019 1458 ac

374 1490 505 1547 odio
536 1491 829 1563 prosequi.
883 1490 1096 1565 Sicque
1145 1492 1395 1548 oderunt
1436 1509 1503 1548 ac
1551 1492 1850 1565 refugiunt
1894 1508 2015 1563 eos,

375 1580 476 1651 qui
498 1579 731 1635 illorum
756 1581 948 1651 potius
971 1581 1344 1652 miserentur,
1366 1581 1585 1654 quique
1606 1580 1738 1638 illos
1758 1580 1829 1636 ad
1852 1581 2020 1636 bene-

374 1668 509 1724 ﬁcia
543 1668 955 1741 insequuntur.

619 1757 772 1813 Dum
810 1758 1003 1859 igitur
1056 1775 1163 1859 nos
1211 1760 1343 1859 odio
1400 1758 1628 1859 habent.
1664 1762 1720 1815 et
1764 1758 2016 1859 fugiunt,
2050 1793 2098 1859 B

373 1845 604 1902 insidiis
655 1852 1033 1918 appetuntur,
1080 1848 1269 1920 ignari
1328 1849 1482 1905 unde
1520 1848 1665 1920 ipsis
1698 1848 2017 1921 contingat,

376 1940 441 1992 ut
471 1936 760 1991 contraria
791 1936 965 1992 saluti
999 1953 1116 1992 suae
1160 1938 1433 1994 sentiant.
1476 1938 1673 2010 Neque
1702 1937 1859 1993 enim
1891 1953 2018 2005 nos,

374 2024 428 2080 si
460 2024 645 2080 nolint
674 2025 745 2080 ad
776 2024 1026 2080 salutem
1050 2027 1429 2099 propendere,
1458 2043 1661 2099 cogere
1684 2041 1783 2083 eos
1813 2042 2021 2099 possu-

376 2129 532 2180 mus,
564 2113 703 2185 quia
732 2118 958 2169 tantam
990 2132 1144 2171 nunc
1175 2133 1289 2171 non
1320 2116 1607 2172 habemus
1638 2116 1697 2170 in
1730 2116 1890 2187 ipsos
1920 2131 2022 2187 po-

374 2206 667 2268 testatem,
702 2219 891 2274 neque
942 2204 1054 2276 ipsi
1104 2221 1137 2260 a
1194 2204 1404 2277 seipsis
1462 2222 1698 2278 pravam
1740 2204 2023 2261 daemonis

374 2290 819 2362 inspirationcm
867 2297 1117 2364 possunt
1166 2293 1523 2366 intelligere:
1557 2295 1828 2350 nesciunt
1864 2293 2022 2349 enim

377 2381 534 2437 unde
561 2380 672 2436 sibi
704 2381 991 2437 malorum
1023 2388 1414 2455 suggerantur
1443 2382 1841 2455 cogitationes.
1874 2383 2027 2438 Sunt

380 2474 575 2526 autem
601 2468 706 2536 illi,
742 2486 888 2542 quos
918 2472 1209 2527 daemones
1242 2489 1359 2544 qua
1386 2473 1589 2528 volunt
1629 2473 1815 2529 forma
1845 2489 2024 2545 appa-

380 2561 595 2626 rentes,
641 2562 878 2613 terrent.
940 2560 1241 2615 Interdum
1294 2577 1427 2617 vero
1484 2561 1714 2633 aagrotis
1770 2560 2029 2617 remedia

381 2647 788 2721 praescribunt.
820 2651 1008 2719 Atque
1037 2648 1118 2704 ita
1162 2650 1233 2705 ab
1276 2650 1370 2717 iis,
1415 2666 1563 2723 quos
1594 2651 1757 2721 prius
1787 2651 2027 2722 decepe-

382 2739 541 2802 runt,
590 2735 833 2791 deorum
883 2734 1164 2792 honorem
1215 2742 1534 2809 reportant.
1585 2739 1654 2793 Et
1707 2739 1861 2810 quod
1913 2738 2030 2793 daa-

384 2842 589 2881 mones
631 2824 770 2893 sint,
835 2824 1054 2881 multos
1112 2825 1270 2893 latet,
1327 2843 1443 2882 non
1500 2831 1697 2883 tamen
1756 2844 1885 2899 nos,
1927 2827 2031 2899 qui

385 2931 588 2971 eorum
621 2913 844 2969 scimus
874 2914 1242 2987 mysterium,
1289 2931 1467 2987 quam
1515 2916 1589 2971 ob
1636 2932 1876 2973 causam
1908 2916 2030 2972 haec

384 3003 620 3072 faciant,
647 3006 712 3058 ut
731 3002 790 3058 in
815 3002 1060 3060 somniis
1081 3019 1142 3059 se
1160 3005 1577 3061 transforment
1594 3006 1870 3061 adversus
1898 3005 2031 3061 illos

386 3092 489 3165 qui
547 3092 606 3148 in
664 3108 867 3148 eorum
927 3080 1069 3148 sunt
1122 3097 1429 3166 potestate,
1480 3098 1539 3150 et
1597 3093 1743 3151 alios
1791 3094 2030 3168 quidem

2124 510 2294 587 ὀργῆς
2326 512 2609 589 προφάσει,
2643 508 2865 584 ἔρωτος,
2894 508 2929 579 ἤ
2962 508 3135 565 ἄλλου
3164 512 3331 580 τινὸς,
3363 509 3488 580 ἤτοι
3511 514 3557 550 ⁸ο
3606 512 3771 589 ξίφει,

2121 600 2157 668 ἢ
2195 599 2404 676 βρόχῳ,
2455 600 2491 669 ἢ
2536 604 2788 675 κρημνῷ,
2838 598 2872 669 ἥ
2926 597 3093 673 ἐτέρῳ
3145 599 3250 655 τινὶ
3298 601 3360 655 τὸ
3411 604 3568 673 σῶμα
3597 601 3774 678 αἰφνι-

2125 686 2253 751 δίως
2295 683 2681 765 ἐνυϐρίζουσιν,
2708 686 2797 743 καί
2829 688 2904 750 εἷς
2934 688 3095 750 τέλος
3126 687 3605 762 κολασθησομένας
3635 692 3773 744 καθ-

2125 781 2318 833 εστῶσι
2377 780 2421 816 ⁸1
2498 781 2605 832 τῶν
2663 776 3105 853 ἆνακεκραμένων
3161 778 3257 840 τὰς
3312 780 3664 852 ἡπατημένας
3719 781 3769 816 ⁸³

2124 867 2307 927 αὑτοῖς
2348 865 2548 941 ψυχὰς,
2599 866 2672 928 ὡς
2724 864 2945 944 ἔφαμεν,
2992 864 3066 928 είς
3120 867 3181 921 τὸ
3239 867 3525 941 καθάρσιον
3576 870 3775 944 χωρή-

2126 976 2312 1017 σαντες
2386 960 2514 1029 πῦρ.
2598 952 2804 1010 ’Ἄλλοι
2880 952 2935 1010 δὲ
3005 951 3189 1018 ἄλλως
3249 953 3645 1031 ἐνεδρευὸμενοι
3706 956 3771 1012 ού

2124 1044 2404 1120 προσίασιν
2460 1045 2615 1116 ἡμῖν,
2655 1043 2770 1105 ταίς
2824 1048 2932 1098 τῶν
2987 1044 3305 1120 κακούργων
3358 1042 3631 1118 δαιμόνων
3685 1045 3771 1100 ἐν-

2125 1134 2417 1205 θυμήσεσιν
2469 1133 2836 1205 ἀπατώμενοι,
2891 1132 2966 1195 ὡς
3021 1133 3122 1187 ὑπὸ
3174 1134 3267 1206 μὲν
3287 1138 3395 1188 τῶν
3430 1138 3561 1198 θεῶν
3594 1134 3770 1189 αὐτῶν

2123 1225 2291 1275 ταῦτα
2354 1219 2652 1296 πάσχοντες
2712 1219 2799 1276 διὰ
2854 1222 2951 1291 τὴν
3012 1223 3146 1296 πρὸς
3212 1222 3408 1284 αὐτοὺς
3487 1222 3768 1296 ἀμέλειαν,

2127 1309 2332 1372 θυσίαις
2376 1307 2435 1364 δὲ
2481 1308 2674 1372 αὐτοὺς
2726 1306 3070 1367 διαλλάσσειν
3103 1308 3413 1384 δυνάμενοι,
3445 1313 3533 1366 καὶ
3564 1312 3644 1367 δτι
3689 1315 3769 1385 μὴ

2127 1400 2239 1475 χρή
2290 1397 2484 1462 αὐτοὺς
2532 1402 2667 1472 ἡμῖν
2709 1400 3009 1476 προσιέναι,
3040 1398 3186 1456 ἀλλᾶ
3211 1399 3521 1456 τούναντίον
3555 1400 3769 1480 φεύγειν

2127 1487 2217 1543 καὶ
2269 1492 2465 1561 μισεῖν.
2526 1486 2628 1544 Καὶ
2686 1488 2839 1561 ὁμῶς
2870 1490 2914 1525 ⁸³
2965 1492 3182 1562 μισοῦσι
3220 1487 3308 1543 καὶ
3357 1488 3611 1567 φεύγουσι
3642 1490 3770 1553 τοὺς

2131 1576 2343 1651 μᾶλλον
2388 1574 2669 1640 ἐλεοῦντας
2699 1579 2745 1614 ⁸⁴
2793 1577 2883 1632 καὶ
2941 1577 3023 1633 ἐπ’
3066 1576 3344 1654 εὐεργεσίᾳ
3401 1578 3596 1642 αὐτοὺς
3646 1576 3775 1635 διώ-

2127 1688 2343 1729 κοντας.

2201 1758 2343 1811 XIV.
2393 1758 2685 1818 Μισοῦντες
2734 1755 2825 1810 οὗν
2869 1756 2958 1811 καὶ
3001 1754 3289 1833 φεύγοντες
3329 1759 3477 1830 ἡμᾶς
3536 1755 3774 1833 ἐνεδρεύ-

2130 1864 2300 1916 ονται,
2353 1843 2451 1899 ούκ
2498 1841 2701 1907 εἰδότες
2746 1844 2908 1909 πόθεν
2956 1844 3139 1907 αὐτοῖς
3164 1845 3232 1901 τὰ
3260 1844 3467 1901 ἐναντία
3492 1850 3561 1920 τῇ
3594 1845 3770 1901 αὐτῶν

2131 1933 2374 2007 σωτηρίᾳ
2448 1938 2662 2013 φρονεῖν
2739 1933 2960 2009 γίνεται’
3020 1930 3143 1989 οὔτε
3190 1933 3291 2011 γὰρ
3354 1936 3518 2007 ἡμεῖς
3578 1937 3775 1998 αὐτοὺς

2135 2023 2210 2096 μὴ
2275 2020 2644 2097 βουλομένους
2699 2024 2837 2096 πρὸς
2890 2023 3161 2098 σωτηρίαν
3234 2028 3411 2079 νεῦσαι
3490 2024 3771 2100 βιάσασθαι

2133 2110 2418 2184 δυνάμεθα,
2472 2111 2586 2166 ἐπεὶ
2635 2112 2709 2184 μὴ
2758 2110 3025 2182 τοσαύτην
3064 2116 3151 2167 νῦν
3207 2114 3323 2168 κατ’
3369 2113 3541 2168 αὐτῶν
3571 2112 3773 2189 ἔχομεν

2131 2199 2396 2271 ἐξουσίαν,
2440 2199 2563 2255 οὕτε
2610 2198 2761 2254 αὐτοὶ
2810 2200 2897 2279 ἀφ’
2945 2200 3146 2256 ἑαυτῶν
3196 2203 3294 2271 τὴν
3329 2203 3497 2271 κακὴν
3528 2208 3624 2257 τοῦ
3656 2200 3777 2257 δαί-

2138 2310 2303 2364 μονος
2350 2288 2642 2362 ἐνθύμησιν
2690 2296 2878 2359 νοῆσαι
2922 2286 3186 2362 δύνανται,
3219 2290 3281 2345 οὐ
3310 2291 3412 2367 γὰρ
3445 2288 3615 2347 ἴσασιν
3656 2290 3773 2347 ὅθεν

2133 2378 2316 2441 αὐτοῖς
2350 2380 2503 2436 206
2534 2378 2587 2432 al
2616 2381 2722 2432 τῶν
2760 2381 2940 2433 κακῶν
2987 2377 3308 2452 ἐνθυμήσεις
3350 2376 3774 2438 ὑποϐάλλονται.

2133 2466 2285 2521 Εἰσὶν
2344 2463 2402 2521 δὲ
2448 2467 2561 2540 (94)
2610 2465 2760 2521 οῦτοι
2808 2465 2900 2528 οὕς
2930 2467 2982 2521 οἳ
3024 2463 3277 2540 δαίμονες
3309 2469 3425 2522 καθ’
3455 2470 3516 2530 ἅς
3550 2468 3780 2545 βούλον-

2132 2576 2221 2610 ται
2285 2553 2495 2632 μορφὰς
2557 2552 2966 2631 ἐπιφαινόμενοι
3034 2549 3314 2633 φοϐοῦσιν.
3371 2558 3518 2612 ”Εσθ’
3574 2557 3664 2613 ὅτε
3719 2555 3780 2614 δὲ

2135 2642 2225 2699 καὶ
2271 2648 2388 2705 τοῖς
2434 2646 2648 2697 νοσοῦσι
2699 2643 2983 2719 θεραπείας
3034 2644 3433 2714 συντάσσουσιν,
3480 2646 3570 2701 καὶ
3604 2647 3778 2710 οὕτως

2135 2736 2253 2794 τοῖς
2296 2730 2784 2807 προηπατημένοις
2841 2733 2974 2786 θεῶν
3031 2729 3184 2803 δόξαν
3233 2732 3618 2812 ἀποφέρονται.
3679 2735 3780 2790 Καὶ

2135 2821 2264 2885 τοὺς
2290 2818 2548 2894 δαίμονας
2576 2822 2622 2857 ⁸⁵
2651 2819 2935 2883 εἶναιτοὺς
2956 2820 3204 2884 πολλοὺς
3235 2819 3606 2893 λανθάνουσιν,
3636 2823 3785 2881 ἀλλὰ

2140 2910 2249 2986 οὐχ
2276 2912 2423 2984 ἡμᾶς
2455 2908 2580 2972 τοὺς
2614 2909 2822 2972 εἰδότας
2844 2909 3018 2965 αὐτῶν
3042 2911 3103 2964 τὸ
3124 2911 3609 2988 μυστήριον,τίνος
3631 2912 3785 2970 ἕνεκα

2136 3004 2362 3056 τοιαῦτα
2401 2999 2750 3076 πράττουσιν,
2798 2997 3020 3061 ἑαυτοὺς
3063 3001 3179 3054 κατ’
3228 2999 3354 3077 δναρ
3402 3003 3520 3057 καθ’
3578 3004 3649 3057 ὧν
3682 3004 3780 3073 τὴν

2143 3088 2379 3161 ἐξουσίαν
2414 3085 2601 3164 ἔχουσι
2638 3092 3132 3167 μεταμορφοῦντες,
3155 3088 3244 3144 καὶ
3267 3089 3357 3153 οὕς
3383 3091 3478 3163 μὲν
3502 3087 3785 3168 φοϐοῦσιν,

385 3183 663 3247 terreant,
696 3179 841 3237 alios
891 3197 1027 3237 vero
1077 3184 1353 3237 moneant
1401 3180 1651 3238 oraculis
1699 3186 1757 3237 et
1791 3186 2028 3255 poscant

2145 3178 2229 3242 οἷς
2277 3176 2335 3233 δὲ
2380 3155 2782 3254 χρηματίζουσι
2831 3155 2921 3231 καί
2968 3178 3152 3241 θυσίας
3199 3178 3483 3235 ἀπαιτοῦσι
3514 3155 3616 3235 ’καὶ
3666 3203 3786 3237 συν-

387 3269 694 3337 sacriﬁcia,
730 3286 796 3325 ac
826 3284 1025 3325 secum
1058 3271 1211 3326 vesci
1236 3270 1501 3343 jubeant,
1530 3270 1898 3344 quoillorum
1932 3273 2032 3328 de-

388 3357 643 3430 glutiant
672 3358 922 3415 animas.

460 3445 575 3502 XV.
631 3448 1135 3513 Quemadmodum
1185 3448 1341 3505 enim
1389 3450 1527 3506 tetri
1573 3454 1874 3523 serpentes
1926 3466 2034 3506 suo

390 3534 577 3591 halitu
635 3552 902 3606 passeres
957 3538 1280 3610 attrahunt,
1339 3538 1422 3595 sic
1473 3545 1531 3594 et
1586 3540 1881 3595 damones
1911 3556 2033 3607 eos,

391 3624 493 3697 qui
526 3640 738 3680 mensae
795 3624 1028 3682 illorum
1083 3627 1396 3698 participes
1443 3633 1601 3696 sunt,
1658 3645 1758 3701 per
1788 3628 1950 3686 cibos
1981 3631 2039 3684 et

393 3719 567 3787 potus
598 3731 730 3771 cum
766 3719 958 3771 mente
1006 3732 1207 3771 eorum
1257 3717 1566 3788 temperati
1614 3718 1687 3773 ad
1718 3734 1886 3775 suam
1917 3720 2036 3772 tra-

395 3803 547 3859 hunt
592 3803 977 3870 voluntatem,
1031 3804 1516 3861 transformantes
1573 3822 1635 3861 se
1693 3805 1752 3861 in
1813 3805 2038 3861 somnis

388 3893 560 3964 juxta
588 3893 806 3948 formas
851 3891 1322 3961 simulacrorum,
1374 3898 1438 3949 ut
1466 3910 1721 3950 errorem
1765 3899 2035 3968 augeant.

397 3982 543 4038 Nam
576 3981 956 4036 simulacrum
1006 3998 1193 4054 neque
1240 3982 1457 4038 animal
1507 3987 1615 4050 est,
1663 4000 1851 4056 neque
1889 3984 2037 4038 divi-

397 4086 540 4125 num
572 4069 748 4125 habet
795 4070 1110 4142 spiritum;
1162 4071 1262 4143 qui
1292 4087 1424 4127 vero
1481 4072 1750 4144 apparuit
1787 4073 2038 4143 daemon,

398 4159 591 4230 specie
647 4158 867 4214 abusus
926 4164 1032 4215 est.
1092 4162 1242 4227 Quot
1286 4160 1557 4217 similiter
1610 4161 1880 4218 homines
1941 4177 2043 4233 per

397 4248 696 4305 somnium
728 4248 800 4303 ab
832 4247 962 4305 aliis
1019 4249 1130 4305 visi
1177 4255 1316 4305 sunt
1368 4254 1423 4306 et
1479 4251 1632 4306 inter
1677 4250 2039 4323 vigilandum

398 4337 553 4393 obvii
615 4337 771 4405 facti,
833 4337 1097 4411 factaque
1166 4340 1601 4411 comparatione
1656 4356 1789 4395 cum
1849 4339 2041 4396 somni

396 4427 540 4495 viso,
575 4442 689 4481 non
722 4427 1200 4483 consonuerunt?
1242 4429 1397 4483 Adeo
1448 4432 1512 4484 ut
1538 4428 1900 4485 insomnium
1933 4427 2041 4484 hoc

2142 3269 2411 3323 επιᾶσθαι
2483 3265 2817 3340 κελεύουσιν,
2892 3263 2978 3321 ἷ¹να
3033 3267 3207 3323 αὐτῶν
3266 3270 3362 3333 τὰς
3418 3268 3598 3347 ψυχὰς
3655 3292 3791 3345 συμ-

2140 3356 2369 3413 πίνωσιν
2398 3358 2462 3414 ⁸⁸.

2214 3447 2330 3503 XV.
2362 3454 2447 3517 ,Ως
2498 3445 2603 3521 γὰρ
2650 3444 2702 3499 οἱ
2735 3441 2900 3500 δεινοὶ
2932 3443 3081 3523 ὅφεις
3139 3450 3257 3509 τοῖς
3314 3446 3490 3502 αὐτῶν
3523 3448 3788 3522 πνεύμασι

2139 3534 2270 3598 τοὺς
2327 3533 2618 3608 στρούθους
2678 3534 3031 3602 ἐπισπῶνται,
3090 3534 3232 3590 οὕτω
3285 3535 3374 3590 καὶ
3448 3536 3601 3592 αὐτοὶ
3658 3538 3785 3601 τοὺς

2148 3618 2657 3698 μεταλαμϐάνοντας
2704 3629 2803 3692 τῆς
2850 3623 3025 3677 αὐτῶν
3078 3623 3372 3695 τραπέζης,
3426 3622 3517 3680 διά
3561 3648 3625 3702 γε
3677 3631 3785 3681 τῶν

2150 3713 2373 3789 βρωτῶν
2426 3711 2515 3766 καὶ
2562 3714 2742 3766 ποτῶν
2793 3709 3174 3787 ἀνακραθέντες
3222 3712 3396 3767 αὐτῶν
3446 3712 3526 3787 τῷ
3570 3719 3667 3787 νῷ,
3712 3716 3787 3778 εἷς

2143 3802 2207 3858 τὸ
2238 3798 2374 3856 ἴδιον
2420 3799 2593 3856 αὐτῶν
2614 3802 2658 3837 ⁸⁷
2703 3798 3031 3855 ἐπισπῶνται
3065 3799 3345 3877 βούλημα,
3379 3809 3790 3883 μεταμορφοῦνο

2144 3912 2234 3954 τες
2280 3889 2504 3953 ἑαυτοὺς
2550 3890 2668 3944 κατ’
2719 3884 2847 3964 ὄναρ
2895 3889 3032 3945 κατᾶ
3077 3891 3172 3952 τὰς
3202 3895 3309 3946 τῶν
3346 3892 3543 3962 ξοάνων
3574 3890 3717 3956 ἰδέας
3746 3896 3791 3931 ⁸⁸

2148 3978 2234 4034 ἵνα
2298 3980 2395 4048 τὴν
2458 3976 2670 4049 πλάνην
2722 3978 3045 4049 αύξήσωσιν.
3131 3981 3201 4035 Τὸ
3258 3980 3359 4056 γὰρ
3422 3981 3607 4052 ξόανον
3670 3980 3793 4038 οὔτε

2151 4068 2286 4138 ζῶόν
2345 4066 2506 4136 ἐστιν,
2562 4063 2686 4122 οὔτε
2739 4069 2881 4122 θεῖον
2943 4067 3057 4143 ἔχει
3116 4073 3348 4143 πνεῦμα,
3409 4070 3437 4124 ὁ
3505 4068 3561 4126 δὲ
3612 4070 3794 4150 ὀφθεὶς

2150 4156 2359 4231 δαίμων
2419 4159 2485 4230 τῇ
2547 4160 2731 4235 μορφῇ
2791 4156 3164 4233 ἀπεχρήσατο.
3218 4157 3382 4213 Πόσοι
3413 4162 3458 4195 ⁸9
3505 4161 3623 4215 κατ’
3669 4159 3791 4235 ὄναρ

2151 4247 2357 4321 ὁμοίως
2404 4244 2567 4300 ἄλλοι
2619 4244 2900 4324 ὤφθησαν,
2951 4244 3043 4301 καὶ
3107 4246 3247 4320 ’ύπαρ
3316 4250 3702 4318 συνανήσαντες
3751 4253 3796 4289 ⁹⁰

2151 4334 2424 4407 ἀλλήλοις
2478 4333 2615 4410 πρὸς
2672 4335 2736 4390 τὸ
2791 4336 2906 4390 κατ’
2940 4334 3068 4409 ὄναρ
3102 4330 3523 4400 ἀντιϐάλλοντες
3565 4338 3626 4393 ού
3676 4360 3796 4394 συν-

2153 4425 2472 4502 εφώνησαν;
2506 4422 2644 4479 ὥστε
2674 4422 2772 4479 οὐκ
2793 4421 2869 4479 ἔτι
2904 4426 3049 4482 207
3088 4422 3217 4499 ὄναρ
3252 4424 3531 4503 ἐπιφάνεια
3560 4430 3602 4464 ⁰¹
3654 4425 3795 4482 ἐκεῖ·

390 4518 517 4589 jam
548 4532 663 4571 non
696 4516 773 4571 sit
820 4515 1124 4588 apparitio,
1175 4517 1273 4572 sed
1324 4517 1579 4574 accessio
1622 4518 1709 4574 vel
1757 4517 2028 4574 daemonis

2146 4513 2203 4569 νό
2254 4513 2416 4583 ἐστιν,
2465 4512 2593 4569 ἀλλ’
2641 4512 2676 4584 ἢ
2726 4509 2984 4586 δαίμονός
3036 4513 3175 4569 ἐστιν
3226 4514 3474 4590 ἧψυχῆς
3504 4516 3571 4570 τὰ
3600 4519 3645 4554 99
3676 4516 3799 4571 ἐπι-

396 4603 485 4662 vel
515 4603 721 4660 animm
755 4604 853 4677 (α),
905 4621 1032 4677 quas
1063 4622 1131 4662 ex
1178 4607 1564 4679 praesentibus
1614 4611 1672 4664 et
1725 4606 2041 4678 cupiditate

2146 4604 2456 4680 γεννήματα
2509 4606 2626 4665 τοῖς
2675 4605 2927 4678 παριοῦσι
2984 4596 3174 4680 φόϐοις
3228 4602 3318 4658 καί
3376 4602 3634 4678 ἐπιθυμίᾳ
3664 4607 3797 4660 ἀπο-

468 4703 544 4776 (α)
576 4702 1007 4775 Congruentius
1034 4706 1228 4761 Graeco
1257 4708 1608 4761 verteretur:
1641 4719 1767 4779 quae
1794 4705 2032 4759 instanti
2059 4703 2254 4760 timori
2280 4700 2373 4758 vel
2401 4702 2698 4775 cupiditati
2724 4703 2936 4774 formas
2968 4703 3242 4759 attribuit.
3277 4704 3416 4759 Em'r
3446 4708 3688 4762 PATROL.

1760 4801 2001 4859 VARle
2038 4799 2451 4857 LECTIONES.

469 4877 580 4965 ⁸ξῆ
606 4900 673 4965 τε,
695 4881 756 4965 ῼ,
789 4876 887 4965 ἤτε
919 4881 978 4937 S.
1009 4882 1097 4965 ﬂ“
1127 4885 1455 4965 agrees-raing
1498 4886 1558 4951 C,
1588 4880 1894 4965 καθιστᾲσιν
1926 4886 1981 4936 S.
2040 4880 2106 4965 '3’
2130 4877 2543 4965 ,ἠπατημένους
2574 4878 2675 4965 Ο.-
2715 4880 2760 4916 ⁸³
2810 4880 2893 4963 ιω
2931 4881 2991 4965 8..
3042 4880 3168 4965 qui“
3188 4877 3361 4965 οιὸτως
3410 4883 3612 4965 conj,
3646 4880 3800 4965 ᾄμως

400 4953 463 5023 C,
635 4955 681 4989 ⁸⁸
709 4951 974 5014 ἐλεῶντας
1004 4957 1063 5011 C.
1138 4954 1182 4990 ³⁵
1209 4951 1336 5015 τοὺς
1369 4949 1434 5007 δα

400 4953 463 5023 C,
496 4953 561 5008 Ο.
635 4955 681 4989 ⁸⁸
709 4952 974 5014 ἐλεῶντας
1004 4957 1063 5011 C.
1138 4954 1182 4990 ³⁵
1209 4952 1336 5015 τοὺς
1369 4952 1455 5007 δαί

398 5024 463 5078 τὸ
495 5021 743 5097 δαίμονες
911 5026 957 5060 ⁸⁸
985 5023 1407 5098 συμπίνωσινδ.

402 5169 448 5205 ⁹¹
483 5166 757 5246 ἐπιφανείη
793 5168 859 5224 Ο.

1500 5069 1515 5095 ,
1549 5024 1898 5097 συμπίνουσιν
1928 5027 1987 5083 G.
2029 5019 2110 5059 ’⁸⁷
2152 5019 2223 5078 δι’
2267 5019 2456 5079 αὐτῶν⁷
2539 5066 2552 5081 .
2586 5019 2722 5078 ἴδιον
2746 5019 3059 5080 ἀύτῶνὈ.

1530 5100 1713 5153 textu.
1744 5102 1811 5153 ut
1838 5096 1904 5153 Ο.
1980 5096 2025 5132 ⁰⁰
2064 5097 2149 5151 Ita
2177 5096 2236 5152 in
2267 5113 2454 5153 marg.
2582 5096 2682 5153 aui
2716 5095 2775 5151 in
2808 5100 2964 5151 textu
3019 5093 3059 5148 ὑπ

402 5094 745 5169 exconject.
776 5096 835 5169 in
868 5094 1078 5169 marg,
1110 5094 1300 5169 πόσοις
1332 5097 1408 5152 id.
1440 5094 1506 5153 in
1530 5094 1713 5167 textu,
1744 5102 1811 5155 ut
1838 5096 1904 5153 Ο.
1980 5096 2025 5132 ⁹⁰
2064 5097 2149 5151 Ita
2177 5096 2245 5169 in,
2267 5113 2454 5169 marg.
2487 5094 2529 5153 C

936 5170 980 5204 ⁰²
1005 5165 1075 5221 ῖςὰ
1096 5168 1307 5225 melius
1340 5170 1586 5226 abesset.
1621 5169 1681 5226 S.
1701 5165 1931 5226 Deinde
1958 5170 2188 5242 παροῦσι
2220 5168 2282 5224 C.
2317 5186 2386 5225 ex
2402 5165 2691 5240 conject,
2724 5165 2891 5242 παρίοι
2923 5167 2983 5222 in
3014 5165 3196 5224 textu.

1507 4947 1631 5015 οτας
1663 4954 1795 5044 dedi
1826 4970 1895 5010 ex
1922 4947 2190 5044 c‘onjepti‘,
2209 4947 2696 5044 ,toG,8}tpovoS“C.
2730 4950 2831 5043 qui
2851 4953 2977 5036 anj
2991 4947 3117 5044 ,φοῦ
3135 4947 3707 5044 ἐαίμρναςἎυιῖὶξιῐξέι
3734 4956 3800 5044 ρ,

3135 5024 3179 5059 ⁸⁸
3210 5021 3383 5086 εἷδέας
3408 5021 3475 5083 VC.
3551 5026 3595 5061 ⁸³³
3626 5026 3711 5083 Ita
3742 5021 3801 5084 Ο.

2534 5142 2549 5167 ,
2582 5096 2682 5168 qui
2716 5095 2775 5151 in
2808 5100 2964 5168 textu
3019 5093 3595 5168 ὑπερσυναντήσαντες,
3630 5103 3694 5153 ut
3734 5098 3802 5157 Ο.

1777 5265 2150 5323 VARIORUM
2198 5267 2427 5325 NOT/E.

477 5347 588 5418 (24)
629 5346 949 5403 Cotelerius
982 5348 1038 5401 in
1087 5351 1348 5403 versione
1391 5347 1764 5404 vehementer
1810 5346 2047 5403 labitur.

406 5419 702 5491 Caeterum
724 5419 918 5491 Graeca
948 5436 1180 5491 quoque
1210 5419 1365 5474 haud
1413 5437 1556 5491 sana
1596 5423 1750 5491 sunt.
1787 5419 2050 5474 Fortasse

403 5490 579 5547 verba
610 5489 737 5541 εἰσέν
772 5486 829 5543 δὲ.
861 5486 1141 5544 mutanda
1163 5496 1300 5545 sunt
1332 5491 1390 5544 in
1415 5488 1619 5551 ἄλλους
1652 5486 1709 5544 δὲ
1730 5491 1821 5545 cui
1853 5506 2047 5545 emen-

406 5562 628 5633 dationi
661 5561 835 5633 tidem
859 5562 995 5617 facit
1014 5563 1461 5630 Recognitionum
1490 5563 1657 5629 liber,
1685 5564 1856 5632 cujus
1886 5578 2052 5633 para-

406 5632 640 5707 phrasis
670 5632 791 5688 hac
839 5637 961 5688 est:
1014 5633 1154 5688 Aliis
1177 5635 1346 5688 etiam
1393 5633 1666 5691 daemones
1714 5634 1777 5687 in
1812 5633 1933 5687 visu
1961 5647 2056 5701 per

2158 5345 2399 5402 diversas
2451 5347 2723 5418 imagines
2776 5354 3099 5417 apparentes
3157 5345 3437 5401 interdum
3492 5348 3675 5403 minas
3716 5348 3806 5403 in-

2159 5420 2412 5503 t‘epdant,
2473 5417 2749 5503 interdum
2818 5420 3082 5503 {ani-tau?
3135 5418 3470 5503 pollicentur.
3534 5420 3802 5503 (μυμῦ).

2162 5489 2275 5543 Cfr.
2310 5488 2463 5560 infra
2492 5504 2541 5543 c.
2596 5490 2680 5560 14.
2714 5496 2771 5543 b‘.
2832 5493 2969 5560 Post
3015 5487 3163 5541 οὗτοι
3222 5494 3513 5545 commate
3542 5487 3804 5560 distinxi,

2165 5559 2579 5631 assumpsique
2610 5556 2701 5621 οὕς
2734 5575 2803 5615 ex
2831 5559 2895 5616 Ο.
2929 5560 3207 5616 DBESSEL.
