4112 6344
286 364 409 431 253

1424 369 1952 436 CLEMENTINA.
1983 401 2064 417 —
2090 370 2418 434 HOMILIA
2460 372 2568 435 IX.

3581 374 3703 437 254

293 497 560 571 διδουσης
610 520 705 564 τας
747 497 897 565 ’ἰδέας
927 503 994 560 ⁸³.
1040 502 1075 573 ἦ
1133 503 1257 581 γὰρ,
1308 497 1464 582 φόϐῳ
1509 502 1602 559 τὸν
1641 507 1763 558 νοῦν
1795 499 1940 573 πλη-

2058 504 2272 559 formas
2326 521 2426 560 seu
2497 506 2657 562 ideas
2720 506 2991 580 exprimit
3042 526 3054 564 :
3104 507 3204 565 illa
3269 504 3424 564 enim
3492 505 3706 565 timore

289 595 449 665 γεῖσα
510 586 578 645 δι’
636 593 681 627 9‘
738 590 957 663 ὀνείρων
1012 593 1109 655 τὰς
1168 590 1311 655 ἰδέας
1377 592 1711 648 ἀποκυίσκει.
1770 591 1833 648 Et
1890 588 1949 646 δὲ

291 680 362 732 τὰ
420 678 583 749 ξόανα
641 676 815 744 οἴεσθε
872 680 946 743 ὡς
992 676 1206 754 ἔμπνοα
1237 680 1553 757 ὑπάρχοντα
1606 681 1674 736 τὰ
1726 684 1949 735 τοιαῦτα

293 766 535 843 ἐνεργεῖν
616 765 891 839 δύνασθαι,
970 770 1057 824 ἐπὶ
1139 776 1300 845 ζυγοῦ
1357 770 1734 841 ἐπιστήσαντες
1792 768 1944 838 αὐτὰ,

292 855 415 911 ἴσου
470 856 626 919 ὄντος
665 862 763 912 τοῦ
793 858 1042 927 κανόνος,
1072 860 1134 914 τὸ
1165 858 1489 936 ἀντίρροπον
1522 860 1609 914 ἐπὶ
1637 866 1736 929 τῆς
1768 858 1948 935 ἐτέρας

287 943 628 1021 πλάστιγγος
686 946 881 1020 θέντες,
942 948 1204 1020 ἀξιώσατε
1259 948 1394 1003 αὐτὰ
1440 950 1475 1018 ἢ
1543 942 1808 1023 ὁλκότερα
1860 967 1947 1023 γε·

288 1032 471 1088 νέσθαι
532 1035 567 1103 ἢ
627 1035 947 1113 κουφότερα,
998 1037 1088 1090 καὶ
1138 1035 1309 1099 οὕτως
1342 1035 1429 1091 ἐὰν
1459 1035 1702 1111 γένηται,
1736 1032 1950 1108 ἔμπνοά

289 1121 462 1177 ἐστιν’
514 1122 641 1177 ἀλλ’
689 1122 750 1177 οὐ
782 1122 981 1200 γίνεται
1005 1138 1019 1155 ⁸
1068 1123 1113 1180 εἰ
1145 1122 1203 1179 δὲ
1233 1120 1401 1193 ἔσται,
1432 1124 1586 1179 οὕπω
1638 1124 1701 1179 τὸ
1729 1128 1947 1179 τοιοῦτο

289 1210 415 1273 θεός
449 1210 615 1268 ἐστιν.
663 1212 761 1266 Καὶ
809 1213 911 1288 γὰρ
944 1210 1198 1286 δακτυλῳ
1228 1211 1489 1285 δαίμονος
1518 1217 1679 1268 τοῦτο
1708 1210 1949 1288 γενέσθαι

290 1296 539 1357 δύναται.
574 1300 672 1355 Καὶ
695 1301 973 1371 σκώκηκες
1002 1306 1294 1370 κινοῦνται,
1326 1300 1415 1357 καί
1436 1301 1545 1357 θεοὶ
1580 1301 1643 1357 οὐ
1675 1300 1945 1376 λέγονται.

366 1391 516 1447 XVI.
547 1392 665 1445 Ὅτι
713 1387 770 1445 δὲ
811 1391 945 1462 πρὸς
988 1391 1084 1452 τὰς
1131 1389 1441 1467 προλήψεις
1489 1393 1523 1461 ἡ
1575 1391 1799 1445 ἑκάστου
1847 1392 1948 1463 ψυ-

289 1479 375 1555 χὴ
403 1476 551 1541 ἰδέας
582 1482 626 1516 ⁹⁶
674 1477 948 1552 δαιμόνων
996 1480 1345 1550 ἀπεικονίζει,
1376 1481 1466 1535 καὶ
1497 1479 1603 1535 οὐχ
1632 1479 1685 1534 οἱ
1716 1478 1950 1554 λεγόμε-

287 1589 379 1623 νοι
441 1568 555 1623 θεοί
609 1566 1000 1645 ἐπιφαίνονται,
1040 1567 1201 1647 σαφές
1253 1569 1392 1624 ἐστιν
1441 1568 1500 1623 ἐκ
1541 1573 1639 1624 τοῦ
1670 1564 1949 1631 Ἰουδαίοις

294 1657 377 1730 μή
438 1654 828 1735 ἐπιφαίνεσθαι·
879 1654 1042 1712 Ἀλλ’
1083 1656 1195 1729 ἐρεῖ
1247 1678 1331 1721 τις
1360 1677 1373 1691 ο
1423 1662 1547 1720 Πῶς
1597 1654 1688 1712 οὖν
1730 1676 1951 1734 χρημα-

285 1744 509 1814 τίζουσι
582 1746 651 1799 τὰ
727 1742 1002 1818 μέλλοντα
1073 1746 1577 1822 προσημαίνοντες;
1652 1746 1742 1801 καὶ
1787 1750 1949 1801 τοῦτο

290 1832 505 1908 ψεῦδός
552 1833 712 1935 ἐστιν.
744 1831 999 1935 μεδόσθω
1034 1831 1091 1889 δὲ
1119 1833 1375 1935 ἀλήθειαν
1408 1838 1453 1873 ⁹⁶
1482 1834 1654 1935 εἶναι,¹
1692 1834 1845 1890 οὔπω
1886 1834 1950 1935 τὸ
1981 1870 2028 1935 Β

286 1928 519 1978 τοιοῦτο
574 1922 692 1987 θεός
740 1922 901 1978 ἐστιν·
945 1923 1007 1978 οὐ
1064 1925 1169 2000 γὰρ
1225 1922 1279 1979 εἷ’
1301 1945 1353 1979 τι
1383 1927 1426 1961 ³⁷
1464 1922 1797 1997 μαντεύεται,
1829 1922 1947 1986 θεός

287 2012 464 2068 ἐστιν’
500 2011 581 2067 δτι
638 2013 727 2067 καὶ
784 2012 1029 2075 πύθωνες
1064 2012 1438 2085 μαντεύονται,
1470 2010 1596 2068 ἀλλ’
1645 2012 1730 2091 ὑφ’
1784 2015 1945 2086 ἡμῶν

291 2102 375 2164 ὡς
430 2099 687 2174 δαίμονες
734 2100 1108 2177 ἐκριζούμενοι
1166 2100 1575 2180 φυγαδεύονται.
1630 2100 1786 2156 Ἀλλ’
1840 2101 1950 2178 ἐρεῖ

289 2212 382 2252 τις
410 2210 423 2223 ο
479 2190 675 2252 Ἐνίοις
721 2190 1005 2267 θεραπείας
1059 2190 1509 2263 προστάσσουσιν.
1544 2188 1754 2253 Ψεῦδός
1788 2189 1947 2246 ἐστιν’

290 2276 541 2343 δεδόσθω
574 2276 632 2333 δὲ
661 2278 836 2341 οὕτως
887 2276 1055 2355 ἔχειν,
1098 2279 1252 2334 οῧπω
1281 2281 1342 2335 τὸ
1390 2284 1609 2335 τοιοῦτο
1631 2279 1746 2342 θεός
1772 2278 1911 2335 ἐστιν
1930 2298 1944 2312 ⁸

285 2367 385 2423 καὶ
434 2369 537 2443 γὰρ
588 2366 762 2443 ἰατροὶ
813 2367 1000 2423 ἰῶνται
1054 2366 1323 2440 πολλοὺς,
1381 2368 1472 2424 καὶ
1521 2369 1631 2424 θεοὶ
1662 2368 1762 2425 οὐκ
1792 2368 1945 2427 εἰσίν.

290 2454 477 2514 Ἀλλά
532 2478 735 2535 φησιν’
797 2454 973 2533 ἰατροὶ
1031 2456 1095 2512 οὐ
1150 2456 1364 2520 πάντως
1424 2456 1613 2513 ἰῶνται
1690 2457 1946 2529 ἐκείνους,

292 2543 373 2599 ὧν
419 2546 521 2613 τὴν
571 2544 824 2621 πρόνοιαν
874 2550 1180 2618 ποιοῦνται,
1224 2544 1375 2601 οὗτοι
1426 2544 1483 2601 δὲ
1534 2545 1624 2601 καὶ
1670 2547 1947 2623 χρηματί-

290 2656 482 2695 σαντες
514 2636 664 2693 208
716 2634 925 2691 ἰῶνται.
978 2633 1134 2691 Ἀλλ’
1164 2635 1334 2691 ἴσασιν
1368 2637 1420 2691 οἱ
1451 2633 1708 2710 δαίμονες
1735 2638 1803 2692 τὰ
1853 2632 1947 2691 ὅν-

281 2745 401 2785 τως
450 2725 585 2795 πρὸς
631 2721 850 2779 ἕκαστον
899 2724 1069 2786 πάθος
1122 2724 1597 2800 προσοικειωμένα
1626 2729 1669 2763 9⁸
1745 2726 1949 2802 βοηθή-

286 2832 453 2885 ματα·
489 2810 576 2867 διὸ
629 2812 805 2889 ἰατροὶ
856 2812 1213 2886 ἐπιστήμονες
1262 2815 1439 2879 ἰᾶσθαι
1484 2812 1795 2888 δυνάμενοι,
1854 2816 1945 2869 καὶ

282 2902 459 2957 ταῦτα
498 2902 568 2956 τὰ
596 2905 639 2939 ’9
686 2902 790 2956 ὑπὸ
838 2902 1139 2977 ἀνθρώπων
1189 2902 1398 2973 ἰσθῆναι
1458 2900 1750 2976 δυνάμενα,
1801 2902 1948 2959 ἀλλὰ

285 2990 381 3046 καὶ
434 2992 666 3064 μαντικὰ
712 2986 840 3046 ὄντα
885 2990 976 3046 καὶ
1025 2989 1205 3047 εἰδότα
1258 2993 1389 3049 πότε
1438 2990 1663 3048 ἕκαστον
1710 2991 1761 3063 ἐξ
1791 2991 1945 3047 αὐτο-

289 3078 464 3151 μάτον
518 3078 885 3154 θεραπεύεται,
935 3080 1057 3136 τότε
1110 3081 1459 3138 συντάσσουσι
1500 3083 1595 3145 τὰς
1641 3081 1944 3158 θεραπείας,

288 3166 382 3222 ’ἵνα
413 3168 635 3230 ἑαυτοὺς
668 3166 1055 3247 ἐπιγράψωσιν.

2056 600 2308 648 mentem
2345 594 2615 665 perculsa
2647 612 2749 668 per
2782 597 3035 667 quietem
3082 598 3243 653 ideas
3296 597 3463 671 parit.
3497 598 3557 654 Si
3603 614 3705 654 au-

2053 685 2171 737 tem
2203 681 2550 737 existimatis
2581 688 2831 753 statuas,
2864 690 3063 757 utpote
3093 686 3251 742 vivas
3283 692 3340 742 et
3388 686 3702 760 spirantes,

2055 768 2170 825 ista
2199 787 2370 842 posse
2418 772 2666 841 efﬁcere,
2717 773 2776 827 in
2825 773 3109 844 aequilibri
3159 779 3375 830 statera
3421 774 3705 847 imponite

2057 875 2154 914 eas
2187 864 2243 915 et
2271 860 2328 914 in
2362 859 2542 915 altera
2572 860 2737 917 lance
2787 879 2891 934 par
2930 864 3159 934 pondus
3200 864 3499 931 collocata,
3530 869 3707 919 tunc-

2057 963 2171 1019 que
2200 954 2397 1019 rogate
2444 948 2576 1005 illas
2610 954 2674 1004 ut
2723 956 2824 1006 aut
2874 952 3168 1023 graviores
3220 953 3363 1008 ﬁant
3401 957 3502 1008 aut
3531 951 3707 1008 levio-

2058 1053 2171 1107 res,
2204 1042 2377 1109 atque
2427 1039 2474 1092 si
2508 1038 2589 1092 ita
2640 1039 2912 1105 evenerit,
2964 1040 3165 1095 vivunt
3218 1058 3230 1096 :
3282 1041 3382 1095 sed
3434 1057 3549 1097 non
3579 1057 3707 1095 eve-

2058 1125 2179 1180 niet
2223 1142 2243 1180 :
2292 1126 2447 1197 quod
2496 1127 2603 1181 etsi
2676 1127 2855 1197 ﬁeret,
2911 1129 3170 1183 nondum
3221 1128 3558 1199 hujusmodi
3613 1145 3705 1184 res

2057 1218 2214 1270 esset
2244 1232 2482 1270 numen.
2510 1216 2738 1270 Etenim
2772 1217 3055 1273 daemonis
3085 1218 3289 1290 digito,
3314 1218 3371 1273 id
3415 1218 3565 1274 efﬁci
3596 1234 3706 1289 po-

2057 1307 2191 1359 test.
2225 1304 2291 1357 Et
2318 1319 2544 1358 vermes
2577 1308 2902 1373 moventur,
2929 1322 3033 1361 nec
3063 1310 3259 1361 tamen
3289 1308 3567 1362 dicuntur
3597 1305 3702 1360 dii.

2130 1391 2277 1447 XVI.
2312 1392 2472 1456 Quod
2503 1398 2694 1447 autem
2732 1409 2799 1448 ex
2829 1395 3243 1466 anticipatione
3274 1394 3471 1450 anima
3499 1394 3707 1450 unius-

2059 1482 2347 1551 cujusque
2403 1481 2563 1537 ideas
2604 1482 2935 1538 daamonum
2970 1484 3230 1555 efﬁngat,
3266 1501 3381 1539 non
3425 1500 3557 1540 vero
3606 1484 3707 1555 qui

2059 1570 2337 1625 dicuntur
2385 1569 2466 1624 dii
2517 1576 2861 1642 appareant,
2914 1570 3137 1627 clarum
3184 1577 3273 1628 est
3319 1588 3387 1627 ex
3436 1587 3503 1627 eo
3551 1572 3706 1643 quod

2060 1674 2095 1713 a
2140 1657 2359 1714 Judaais
2406 1675 2521 1714 non
2572 1666 2913 1717 cernuntur.
2970 1660 3078 1716 Sed
3140 1660 3373 1732 objiciet
3418 1660 3635 1732 aliquis
3690 1675 3704 1714 :

2059 1746 2181 1811 Quo
2210 1746 2381 1801 modo
2413 1745 2592 1817 igitur
2612 1764 2892 1819 responsa
2924 1748 3289 1815 dant,futura
3318 1748 3709 1821 pramuntian-

2060 1833 2195 1889 tes?
2240 1834 2309 1889 Et
2358 1834 2465 1889 hoc
2532 1834 2742 1891 falsum
2794 1841 2918 1904 est;
2983 1839 3081 1893 sed
3138 1854 3339 1893 verum
3392 1853 3521 1894 esse
3568 1853 3706 1893 con-

2058 1923 2315 1994 cedatur,
2344 1924 2605 1979 nondum
2637 1924 2692 1980 id
2748 1926 2894 1982 deus
2942 1931 3051 1982 est.
3096 1927 3221 1985 Non
3272 1926 3450 1994 enim,
3482 1926 3531 1982 si
3565 1925 3705 1999 quid

2057 2011 2426 2075 vaticinatur,
2451 2013 2595 2069 deus
2626 2018 2735 2069 est.
2759 2014 2905 2070 Nam
2937 2021 2994 2071 et
3026 2016 3311 2089 Pythones
3331 2016 3707 2088 prasagiunt,

2057 2116 2257 2155 verum
2292 2118 2325 2155 a
2372 2102 2562 2170 nobis,
2615 2107 2682 2157 ut
2725 2104 3042 2171 daemones,
3095 2104 3369 2159 eradicati
3402 2106 3705 2176 fugantur.

2056 2189 2129 2244 At
2159 2188 2311 2245 dicet
2342 2190 2639 2262 quispiam
2688 2207 2702 2248 :
2752 2192 3065 2247 Nonnullis
3119 2194 3375 2248 remedia
3414 2192 3705 2248 tribuunt.

2059 2277 2298 2333 Falsum
2354 2282 2492 2347 est;
2542 2280 2644 2335 sed
2712 2280 2793 2335 ita
2859 2281 3074 2336 habere
3132 2282 3503 2352 concedatur,
3561 2298 3707 2337 non-

2060 2365 2199 2421 dum
2231 2366 2289 2421 id
2320 2371 2410 2423 est
2458 2368 2622 2423 deus.
2672 2368 2901 2424 Etenim
2952 2369 3162 2425 medici
3208 2370 3424 2425 multos
3474 2374 3703 2436 curant,

2059 2471 2165 2510 nec
2222 2456 2303 2509 dii
2351 2460 2505 2512 sunt.
2566 2457 2700 2527 Sed,
2770 2458 2980 2530 inquit,
3050 2459 3258 2514 medici
3327 2475 3441 2514 non
3499 2474 3703 2514 omnes

2057 2543 2192 2598 illos
2227 2550 2457 2612 sanant,
2492 2562 2739 2616 quorum
2776 2563 2975 2602 curam
3008 2547 3361 2620 suscipiunt,
3394 2546 3455 2602 hi
3483 2564 3616 2603 vero
3646 2552 3704 2603 et

2057 2648 2161 2704 per
2191 2632 2427 2688 oracula
2456 2640 2686 2689 sanant.
2717 2636 2789 2690 At
2838 2635 3033 2691 sciunt
3062 2637 3374 2705 daemones,
3415 2653 3539 2708 quae
3573 2652 3704 2693 vere

2064 2722 2137 2776 ad
2207 2738 2691 2795 unumquemque
2744 2725 3013 2780 morbum
3064 2731 3199 2797 apta
3245 2731 3385 2782 sunt
3430 2727 3708 2781 remedia.

2060 2810 2249 2873 Quare
2298 2827 2430 2865 cum
2491 2811 2609 2867 sint
2661 2813 2827 2885 periti
2882 2812 3092 2869 medici
3160 2814 3379 2869 mederi
3450 2814 3707 2870 valentes

2056 2898 2235 2970 idque
2266 2901 2507 2971 morbis,
2540 2902 2638 2972 qui
2683 2901 3024 2958 hominibus
3056 2908 3304 2975 possunt
3329 2903 3597 2975 cognosci
3631 2905 3708 2976 (α)

2056 3004 2309 3059 cumque
2331 2994 2488 3045 vates
2515 2992 2655 3057 sint,
2681 2990 2985 3062 sciantque
3008 2993 3244 3064 quando
3265 2993 3517 3064 quisque
3547 3009 3705 3047 mor-

2055 3077 2167 3134 bus
2196 3095 2264 3133 ex
2315 3095 2377 3134 se
2423 3079 2550 3151 ipso
2599 3084 2853 3149 curetur,
2886 3080 2967 3151 ita
3005 3082 3145 3136 dant
3173 3081 3452 3154 remedia,
3496 3086 3560 3137 ut
3590 3081 3701 3138 sibi

2056 3172 2328 3223 eventum
2358 3167 2700 3223 attribuant.

366 3258 536 3312 XVII.
570 3256 718 3312 Ἐπεὶ
770 3234 887 3311 διὰ.
909 3257 961 3312 τί
995 3260 1058 3295 ¹⁰⁰
1117 3258 1251 3331 μετὰ
1280 3256 1452 3313 πολὺν
1481 3257 1684 3335 χρόνον
1713 3278 1823 3335 χρη
1837 3278 1937 3331 μα-

2126 3257 2303 3312 XVII.
2337 3255 2610 3328 Alioquin
2643 3274 2748 3312 cur
2776 3261 2908 3329 post
2956 3257 3208 3314 multum
3257 3259 3536 3332 temporis
3568 3276 3699 3332 pro-

282 3344 503 3414 τίζουσι
556 3344 650 3406 τὰς
709 3344 915 3415 ἶάσειςς
976 3343 1064 3401 διὰ
1098 3346 1151 3401 τί
1199 3344 1278 3417 ὃὶ,
1339 3344 1390 3401 οἳ
1438 3348 1616 3402 πάντα
1672 3344 1945 3419 δύνανται,

285 3435 417 3489 ἄνευ
462 3438 559 3487 τοῦ
607 3433 927 3511 προσφέρειν
979 3455 1032 3490 τι
1094 3440 1111 3474 ¹
1163 3436 1263 3505 τήν
1317 3434 1457 3491 ἴασιν
1501 3434 1564 3491 οὐ
1622 3440 1944 3506 ποιοῦνται;

279 3521 437 3583 τίνος
493 3519 551 3576 δὲ
606 3519 758 3576 ἕνεκα
808 3521 918 3576 τισὶ
980 3524 1073 3595 μὲν
1120 3522 1433 3596 εὐξαμένοις
1460 3522 1743 3599 θεραπείας
1774 3543 1945 3599 προσ-

277 3610 594 3678 τάσσουσιν,
627 3609 786 3672 ἐνίοις
828 3607 885 3665 δέ
915 3608 1021 3666 ἔσθ’
1050 3610 1139 3667 ὅτε
1165 3613 1255 3666 καὶ
1286 3611 1645 3687 οἰκειοτέροις
1689 3608 1837 3665 οὖσιν
1883 3609 1944 3666 οὐ

281 3698 724 3776 χρηματίζουσιν
752 3718 765 3768 ;
798 3698 971 3763 οὕτως
1004 3698 1202 3755 ὁπόταν
1236 3699 1285 3773 ἐξ
1328 3700 1644 3773 αὐτομάτου
1691 3698 1947 3775 θεραπεία

286 3787 473 3863 μέλλῃ
502 3788 763 3861 γίνεσθαι,
796 3786 1243 3865 ἐπαγγέλλονται,
1297 3787 1391 3844 ’ἱνα
1442 3787 1665 3851 ἑαυτοὺς
1719 3787 1942 3865 ἐπιγρά-

278 3881 484 3951 ψωσιν.
538 3874 733 3933 Ἀλλοι
785 3874 843 3932 δὲ
886 3877 1205 3949 νοσήσαντες
1250 3877 1340 3933 καὶ
1383 3877 1666 3951 εὐξάμενοι
1696 3876 1746 3950 ἐξ
1779 3876 1943 3933 αὐτο-

282 3966 465 4039 μάτου
542 3963 867 4039 ὑγίάναντες,
944 3964 1036 4028 οὕς
1116 3965 1532 4035 ἐπεκαλέσαντο,
1616 3965 1939 4042 ἐῆέγραψαν,

281 4053 378 4109 καὶ
425 4052 741 4126 ἀναθήματα
786 4052 1066 4125 ἐποίησαν.
1116 4056 1179 4109 0‘.
1237 4054 1420 4127 μέντοι
1478 4076 1539 4132 γε
1601 4058 1716 4128 μετ’
1766 4054 1936 4130 εὐχὴν

285 4140 727 4220 ὃιαιρωνήσαντες
780 4144 876 4205 τὰς
935 4143 1239 4219 ἀποτυχίας
1294 4143 1553 4198 ἀναθεῖνει
1605 4142 1669 4198 οὐ
1756 4140 1941 4198 δύναν-

281 4254 395 4288 ται.
450 4230 603 4299 Πλὴν
652 4231 696 4284 εἶ
746 4232 799 4285 ol
855 4237 1131 4306 συγγενεῖς
1197 4236 1305 4286 τῶν
1379 4233 1687 4287 τεθνεώτων
1737 4233 1772 4301 ἣ
1809 4234 1830 4267 ²
1886 4231 1936 4305 ἐξ

281 4320 463 4375 αὐτῶν
519 4339 660 4381 τινες
712 4319 1043 4390 ἀνεζήτησαν
1073 4323 1095 4356 ⁸
1146 4320 1241 4383 τὰς
1299 4321 1603 4396 ἀποτυχίας
1676 4320 1937 4383 πλείονας

282 4410 347 4465 ἂν
407 4410 688 4485 εὑρήκειτε
742 4408 839 4470 τᾶς
897 4408 1200 4485 ἀποτυχίας
1256 4414 1361 4464 τῶν
1407 4412 1429 4446 ⁸
1505 4409 1933 4485 ἐπιτευγμάτων.

282 4497 443 4557 Ἀλλ’
488 4495 665 4559 οὐδεὶς
713 4495 1160 4573 προειλημμένος
1208 4498 1393 4561 αὐτοῖς
1450 4500 1541 4553 τὸν
1593 4500 1709 4553 κατ’
1761 4498 1936 4553 αὐτῶν

2058 3345 2305 3401 mittunt
2332 3346 2663 3402 curationes
2684 3346 2711 3401 7
2762 3347 2880 3402 Cur
2924 3363 3061 3402 voro
3110 3349 3160 3403 si
3192 3353 3400 3404 cuncta
3430 3354 3699 3421 possunt,

2056 3433 2279 3505 absque
2310 3433 2391 3489 rei
2420 3433 2671 3505 alicujus
2718 3435 3052 3491 admotione
3101 3453 3217 3492 non
3262 3437 3516 3493 reddunt
3545 3439 3707 3493 sani-

2054 3527 2236 3579 tatem
2261 3522 2289 3577 ?
2337 3523 2522 3587 Quam
2553 3523 2730 3579 etiam
2762 3524 2836 3579 ob
2868 3541 3107 3580 causam
3140 3524 3439 3581 nonnullis
3469 3527 3707 3598 quidem

2054 3612 2433 3684 precantibus
2474 3612 2733 3667 remedia
2779 3613 3095 3685 imperant,
3145 3614 3500 3685 quibusdam
3548 3632 3703 3682 vero,

2054 3700 2472 3771 interdumque
2496 3699 2684 3772 magis
2712 3701 3122 3768 familiaribus,
3156 3719 3269 3758 non
3302 3703 3443 3758 dant
3472 3720 3706 3774 respon-

2054 3789 2165 3845 sa?
2196 3788 2427 3845 Scilicet
2456 3790 2689 3861 quando
2721 3790 2946 3846 sanitas
2982 3789 3131 3846 ultro
3163 3792 3559 3863 recuperanda
3590 3796 3698 3859 est,

2050 3876 2424 3950 pollicentur,
2456 3882 2521 3932 ut
2553 3877 2664 3933 sibi
2698 3879 3063 3935 sanationem
3095 3880 3393 3936 vindicent
3421 3879 3532 3934 Alii
3564 3895 3697 3935 vero

2051 3966 2271 4039 aegroti,
2306 3970 2435 4038 post
2465 3982 2664 4038 preces
2696 3984 2834 4023 casu
2860 3972 3088 4039 recepta
3143 3968 3417 4035 sanitate,
3449 3969 3522 4024 iis
3552 3984 3699 4040 quos

2048 4053 2453 4111 invocaverant
2499 4056 2946 4127 adscripserunt
3015 4062 3071 4112 et
3121 4058 3367 4112 donaria
3414 4057 3703 4129 appende-

2050 4148 2200 4199 runt.
2239 4144 2345 4208 Qui
2378 4148 2572 4199 autem
2608 4149 2739 4216 post
2789 4150 2987 4200 votum
3041 4146 3267 4217 decepti
3314 4146 3705 4217 exspirarunt,

2046 4232 2365 4288 infortunia
2398 4250 2509 4287 non
2546 4237 2795 4304 possunt
2825 4234 3117 4289 dedicare.
3165 4235 3327 4298 Quod
3362 4236 3409 4289 si
3443 4240 3701 4289 mortuo-

2047 4339 2177 4377 rum
2208 4324 2414 4377 afﬁnes
2444 4322 2529 4377 vel
2561 4338 2759 4377 eorum
2785 4322 2993 4394 aliqui,
3018 4324 3249 4393 quoties
3278 4324 3390 4379 voti
3427 4325 3516 4378 sui
3551 4340 3703 4379 com-

2048 4416 2217 4483 potes
2249 4411 2382 4466 facti
2414 4427 2529 4466 non
2552 4411 3336 4483 fuerint,indagarent,plura
3365 4411 3702 4467 inveniretis

2045 4500 2288 4556 adversa
2334 4516 2512 4571 quam
2557 4516 2859 4572 prospera.
2908 4500 3017 4556 Sed
3068 4500 3247 4557 nullis
3294 4501 3367 4556 iis
3405 4518 3695 4573 praeoccu-

281 4586 517 4663 ἔλεγχον
598 4584 816 4664 ἐκφάναι
890 4586 1033 4642 θέλει
1109 4584 1400 4661 αἷδούμεος
1472 4589 1506 4657 ἣ
1572 4582 1931 4665 φοϐούμενος,

2058 4594 2216 4661 satus
2248 4604 2448 4645 eorum
2482 4588 2958 4660 redargutionem
3015 4589 3139 4643 vult
3169 4588 3382 4660 eloqui.
3416 4591 3697 4645 reveritus

280 4675 432 4732 ἀλλὰ
478 4674 805 4747 τούναντίον,
854 4676 922 4731 τὰ
950 4677 1114 4730 πιστὰ
1141 4675 1315 4731 αὐτῶν
1350 4677 1674 4751 ἀτοπηματα
1704 4674 1935 4753 συγκρύ-

281 4762 491 4822 ϐουσιν.

354 4857 505 4915 209
538 4856 726 4912 XVIII.
778 4853 945 4909 Πόσοι
995 4851 1053 4909 δὲ
1096 4853 1186 4909 καί
1236 4851 1657 4929 καταψεύδονται
1710 4873 1935 4931 χρημα-

2043 4683 2144 4733 aut
2165 4677 2576 4743 metuens,imo
2607 4682 2831 4746 contra,
2857 4677 3158 4749 explorata
3190 4677 3421 4733 illorum
3454 4678 3701 4733 crimina

2044 4765 2364 4823 occultant.

2114 4856 2318 4911 XVIII.
2352 4854 2536 4919 Quam
2570 4853 2740 4913 multi
2773 4870 2905 4911 vero
2938 4858 2996 4910 et
3031 4854 3268 4911 oracula
3298 4854 3701 4910 ementiuntur

344 5002 424 5075 (α)
460 5005 668 5071 Legere
692 4998 924 5056 mallem
954 5015 1091 5055 cum
1119 4998 1400 5056 Cotelerio
1428 5000 1638 5068 curari,
1672 5004 1728 5055 et
1760 5000 1819 5055 in
1850 4999 1944 5056 Gr:

2076 4995 2312 5067 ἰαθῆναι.
2346 4997 2506 5054 Enrr.
2541 4996 2730 5053 Pamo
2742 5013 2791 5052 ι..

1634 5149 1875 5206 VARIE
1912 5149 2324 5207 LECTIONES.

350 5279 396 5315 ⁸³
428 5272 599 5336 εἷδέας
630 5275 690 5331 C.
768 5275 816 5311 “
844 5272 932 5345 8ιᾷ
968 5275 1030 5331 C.
1106 5275 1151 5312 9'
1181 5269 1353 5334 εἰὸἐας
1426 5273 1470 5309 ⁸⁸
1502 5274 1586 5328 Ita
1614 5273 1904 5345 scriptura
1934 5274 2060 5331 cod.
2092 5273 2285 5329 Ottob.
2319 5270 2663 5345 explicanda
2694 5286 2823 5345 esse
2856 5271 3105 5345 videtur.
3132 5272 3500 5345 ‘Accusativo
3550 5272 3699 5345 opus

274 5368 431 5414 esse,
455 5350 580 5419 jam
611 5346 757 5402 vidit
786 5352 841 5419 S,
872 5344 1100 5415 ἀλήθεια
1132 5347 1324 5418 vulgo.
1401 5346 1445 5385 97
1477 5346 1631 5419 Fort.
1679 5342 1905 5419 legat:
1935 5346 1995 5401 S.
2055 5346 2115 5419 Α⁰⁸
2140 5342 2602 5419 προσωκεὶώμενα
2774 5344 2817 5378 ⁸³
2844 5342 2910 5396 τά
2933 5344 3091 5419 delet
3122 5343 3179 5399 Β.
3214 5342 3609 5419 ξΓυλῐῃίαθῆναι
3633 5344 3694 5400 C.

276 5412 527 5488 ἰασθῆεἷαι
558 5419 641 5475 Cl.
676 5418 912 5473 Labitur
939 5412 1349 5490 Schweglei'us
1380 5417 1532 5489 quod
1564 5418 1634 5472 ad
1684 5412 1992 5490 lectionem
2045 5412 2330 5490 Cotelerii.
2375 5448 2441 5455 —
2472 5412 2694 5490 Deinde
2728 5414 2954 5485 μαντικὰ
2984 5413 3111 5490 ὄντα
3143 5414 3232 5490 καὶ
3266 5412 3446 5469 εἰδότα
3477 5417 3547 5471 ad
3583 5418 3698 5490 dae-

272 5484 482 5551 monas
515 5491 881 5546 referendum
915 5495 1023 5557 est,
1059 5493 1128 5545 de
1152 5484 1373 5562 quibus
1397 5484 1577 5560 sape,
1653 5490 1776 5543 uasi
1806 5488 1873 5541 τὰ
1903 5484 2155 5559 δαιμόνια
2186 5489 2549 5561 praecesserit
2579 5484 2783 5542 neutro
2814 5502 3025 5558 genere
3058 5486 3322 5558 loquitur
3353 5493 3557 5543 auctor
3587 5488 3695 5543 bo-

274 5567 573 5615 miliarum
609 5563 795 5615 Sunra
823 5578 873 5615 ο.
906 5562 993 5615 40.
1026 5566 1082 5615 et
1111 5562 1261 5615 infra
1283 5578 1331 5615 ο.
1372 5562 1455 5615 19.
1488 5561 1577 5613 20.
1753 5561 1819 5596 ¹⁰⁰
1853 5556 2101 5613 δύνανται
2133 5578 2189 5615 ι).
2224 5556 2311 5612 διὰ
2338 5558 2389 5611 τί
2421 5560 2485 5613 Ο.
2519 5560 2668 5614 Tum
2702 5559 2853 5612 idem
2888 5555 3061 5611 πολὺν
3094 5558 3293 5615 γρὸνον
3323 5558 3522 5615 γβόνον
3549 5572 3694 5615 γοή-

274 5567 573 5622 miliarum
609 5563 795 5632 Supra
823 5578 873 5616 c.
906 5562 993 5625 lO,
1026 5566 1082 5632 et
1111 5561 1261 5616 infra
1283 5578 1331 5615 c.
1372 5562 1455 5627 19,
1488 5561 1577 5613 20.

1753 5561 1819 5596 ¹⁰⁰
1853 5555 2101 5613 δύνανται
2133 5555 2311 5640 pidici
2338 5558 2389 5611 τί
2415 5560 2485 5640 ,0.
2519 5560 2668 5614 Tum
2702 5555 2853 5612 idern
2888 5555 3061 5611 πολὺν
3094 5555 3522 5640 χρὸνονρχρόνον
3549 5572 3694 5633 χρη-

276 5635 589 5709 ματίζουσι.
644 5629 993 5709 ,ι’τίς-Ο.-²
1023 5631 1057 5701 ἥ
1091 5633 1319 5709 addidit
1347 5632 1413 5709 1)ἶ
1486 5632 1516 5709 ξ
1540 5631 1915 5709 συγεζῄτησανᾼ
1932 5636 1991 5687 C.
2017 5629 2160 5709 Post
2187 5629 2490 5709 duoroxtac
2520 5646 2822 5703 perperam
2856 5636 3075 5701 puncto
3101 5629 3695 5701 niajori'distinxerat

274 5701 490 5766 Veram
521 5704 776 5763 restituit
806 5704 874 5761 Ι).
908 5704 1057 5761 Tum
1089 5702 1367 5779 εὑρήκειτε
1390 5708 1448 5771 S,
1480 5702 1548 5774 Ο,
1578 5701 1847 5777 εὑρήκητε
1878 5706 1937 5759 C.
2014 5702 2035 5737 ⁸
2062 5703 2162 5774 τήν
2186 5702 2252 5758 Ο.
