4112 6344
412 361 531 427 255

419 605 652 661 quoque
685 589 1077 644 conﬁrmant?
1108 591 1255 654 Quot
1295 595 1486 644 autem
1520 590 1782 644 mercede
1813 589 1970 661 ipsos
1999 606 2060 643 se

417 677 803 743 tradiderunt,
856 677 952 748 qui
997 678 1344 732 commentis
1392 678 1745 749 quibusdam
1781 677 2062 732 nonnulla

420 771 629 838 sponte
662 768 816 837 passi
850 773 1024 837 atque
1056 768 1135 822 ita
1183 766 1586 838 praedicantes,
1629 783 1763 822 cum
1797 783 1826 821 e
1858 768 2060 822 morbo

409 872 514 926 per
564 855 889 910 remedium
953 855 1372 926 convaluerint,
1428 856 1660 911 oraculo
1710 855 2059 927 promissam

409 945 592 1000 fuisse
624 945 936 1000 sanitatem
973 948 1265 1011 asserunt,
1292 949 1354 998 ut
1375 944 1651 1000 stolidum
1686 943 1909 999 cultum
1942 949 2059 999 sta-

410 1033 666 1089 biliant?
698 1033 880 1097 Quam
930 1032 1117 1088 multa
1163 1050 1334 1105 porro
1384 1048 1450 1088 ex
1495 1032 1613 1088 illis
1645 1033 1928 1105 principio
1961 1049 2062 1105 per

407 1120 696 1193 magicam
746 1127 930 1176 artem
973 1126 1208 1192 peracta
1256 1125 1412 1192 sunt,
1470 1126 1530 1176 ut
1583 1138 1685 1194 per
1731 1122 1959 1178 somnia
2002 1125 2060 1177 et

407 1209 641 1266 oracula
694 1210 1190 1282 praedicerentur?
1237 1215 1493 1266 attamen
1560 1210 1729 1282 longo
1796 1215 2060 1283 tempore

413 1298 536 1354 haec
569 1314 800 1370 quoque
833 1299 994 1354 fraus
1025 1298 1218 1354 desiit.
1252 1300 1402 1364 Quot
1432 1303 1624 1355 autem
1663 1302 1785 1371 jam
1817 1301 1932 1355 ista
1962 1301 2059 1355 ﬂr-

413 1403 575 1443 mare
624 1388 927 1460 cupientes
975 1387 1288 1460 prestigiis
1338 1389 1637 1444 utuntur?
1688 1393 1967 1444 Caeterum
2010 1389 2060 1444 si

411 1476 554 1548 quid
587 1476 944 1532 vatidinatur
975 1477 1060 1530 vel
1094 1481 1278 1546 curat,
1314 1494 1430 1532 non
1462 1477 1518 1532 id
1551 1477 1751 1534 statim
1775 1479 1920 1532 deus
1950 1483 2054 1533 est.

670 1566 816 1622 Nam
848 1566 1002 1621 Deus
1033 1566 1231 1622 omnia
1255 1570 1463 1638 potest.
1489 1572 1543 1622 Is
1575 1566 1730 1622 enim
1762 1571 1850 1623 est
1871 1569 2060 1623 bonus

412 1675 478 1714 ac
503 1659 729 1729 justus,
764 1671 919 1710 nunc
954 1654 1009 1708 in
1044 1660 1283 1710 cunctos
1335 1655 1585 1727 patiens,
1619 1662 1685 1712 ut
1731 1657 1831 1728 qui
1863 1657 2059 1712 volue-

408 1747 546 1816 rint,
601 1744 943 1817 pmnitentia
974 1745 1042 1798 de
1095 1744 1263 1799 malis
1306 1762 1338 1800 a
1387 1761 1448 1800 se
1487 1745 1820 1802 commissis
1850 1751 1977 1802 acta
2006 1749 2063 1802 et

409 1837 531 1894 vita
560 1835 653 1907 pie
683 1837 1067 1898 transacta,eo
1091 1832 1181 1889 die
1204 1850 1318 1905 quo
1351 1834 1620 1890 universa
1638 1835 2066 1904 judicabuntur
2092 1869 2140 1935 Β

413 1941 517 1998 pro
550 1923 756 1978 merito
799 1921 1140 1994 percipiant.
1192 1923 1552 1995 QuaprOpter
1602 1941 1757 1978 nunc
1797 1923 2057 1996 incipite,

413 2017 649 2086 prepter
676 2012 888 2066 bonam
935 2011 1345 2083 cognitionem,
1379 2011 1644 2083 persuasi
1676 2029 1708 2068 a
1744 2013 1882 2076 Deo,
1916 2013 2060 2068 resi-

414 2106 566 2158 stere
598 2100 803 2156 vestris
834 2100 1027 2171 pravis
1049 2100 1469 2171 cupiditatibus
1499 2106 1556 2156 et
1585 2101 2059 2172 cogitationibus,

417 2206 530 2261 quo
563 2188 800 2261 possitis
838 2187 1112 2260 primam,
1147 2204 1274 2258 quae
1326 2188 1582 2243 humano
1621 2189 1816 2260 generi
1851 2190 2063 2246 tradita

415 2278 546 2347 fuit,
592 2277 907 2333 salutarem
958 2277 1390 2332 observantiam
1436 2294 1724 2333 revocare.
1779 2278 1872 2333 Sic
1904 2279 2059 2334 enim

413 2367 578 2423 vobis
612 2366 887 2422 continuo
921 2365 1182 2421 orientur
1230 2366 1402 2434 bona,
1449 2365 1664 2439 quibus
1705 2367 1956 2438 acceptis
1989 2368 2060 2422 ab

413 2455 770 2528 experientia
818 2454 1106 2510 malorum
1149 2454 1422 2528 deinceps
1472 2455 1796 2511 cessabitis.
1848 2455 1960 2511 Sed
2009 2456 2060 2512 ei

416 2545 518 2617 qui
568 2545 726 2600 dedit
764 2545 915 2616 agite
953 2544 1171 2616 gratias
1214 2561 1348 2598 cum
1409 2545 1566 2616 pacis
1608 2560 1741 2616 rege
1782 2549 2060 2617 perpetuo

415 2633 800 2688 ineliabilium
849 2633 1131 2688 bonorum
1183 2649 1426 2704 regnum
1479 2632 1752 2688 habituri.
1806 2635 1868 2688 In
1919 2650 2060 2705 pris-

420 2721 571 2779 senti
629 2738 784 2786 vero,
832 2721 1072 2792 perenni
1123 2721 1363 2777 ﬂumine
1405 2720 1489 2777 vel
1543 2722 1699 2777 fonte
1757 2726 1858 2777 aut
1885 2722 2061 2778 etiam

419 2811 568 2868 mari
597 2810 699 2866 loti
731 2811 790 2865 in
819 2813 908 2865 ter
938 2811 1106 2865 beata
1141 2810 1502 2866 invocatione
1547 2828 1663 2866 non
1711 2810 1901 2865 solum
1931 2811 2061 2867 lati-

415 2904 608 2956 tantes
639 2899 698 2954 in
734 2898 896 2955 vob:s
927 2899 1172 2970 spiritus
1204 2899 1467 2970 poteritis
1493 2899 1795 2971 expellere,
1820 2901 1919 2955 sed
1949 2899 2062 2972 ipsi

420 3007 535 3045 non
569 2987 823 3060 amplius
846 2987 1239 3058 delinquendo
1262 2992 1320 3042 et
1342 2992 1454 3043 Deo
1475 2987 1808 3043 indubitata
1831 2989 2065 3044 creden-

417 3082 506 3133 tes
538 3076 786 3132 aliorum
816 3074 1002 3132 malos
1025 3075 1267 3148 spiritus
1297 3092 1361 3130 ac
1381 3076 1740 3133 truculentos
1771 3077 2062 3133 daemones

419 3181 743 3238 gravesque
775 3165 1008 3220 morbos
1035 3164 1301 3237 abigatis.
1327 3166 1391 3220 Et
1420 3166 1713 3221 interdum
1746 3165 1844 3221 ubi
1872 3165 2062 3221 solum

1238 364 1306 429 S.
1351 362 1794 429 CLEMENTIS
1837 363 1863 427 Ι
1907 363 2097 427 ROM.
2141 363 2375 430 PONT.
2421 367 2683 432 OPERA
2724 364 2987 435 DUBIA.

416 495 863 569 curationesque
894 514 962 554 ex
1005 495 1212 554 iisdem
1263 497 1466 566 factas,
1517 515 1666 570 quas
1705 497 2058 568 juramentis

2180 499 2398 571 τισμοὺς
2457 499 2547 555 καὶ
2601 501 2884 575 θεραπείας

3699 357 3822 424 236

2968 499 3019 572 ἐξ
3093 498 3267 556 αύτῶν
3349 492 3821 561 ἀποτελεσθείσας⁹

2168 588 2254 641 ταὶ
2305 589 2500 652 ταύτας
2558 585 2894 666 βεϐαιοῦνται
2949 591 3082 663 μετά
3130 588 3345 666 ὅρκων;
3394 586 3552 642 πόσοι
3613 582 3671 640 δὲ
3729 583 3818 638 ἐπὶ

2174 681 2350 747 μισθῷ
2399 677 2619 741 ἑαυτοὺς
2671 677 2948 751 ἐξέδωκαν,
2997 678 3067 734 δι’
3115 678 3269 733 ἐνίων
3302 677 3550 732 ἐπινοιῶν
3584 675 3813 748 πάσχειν

2166 766 2288 819 τινὰ
2337 765 2739 842 ἀναδεξάμενοι,
2787 767 2876 822 καί
2923 769 3093 829 οὕτως
3145 766 3488 842 κηρύξαντες,
3528 763 3701 818 αὐτῶν
3751 762 3816 816 τὸ

2169 855 2339 918 πάθος
2388 856 2698 928 ἀντιπαθείᾳ
2771 857 3310 926 ἀποκοτασταθέντες,
3378 851 3814 928 κεχρηματίσθαι

2168 945 2190 980 ⁵
2242 944 2343 1013 τήν
2397 945 2676 1018 θεραπείαν
2737 945 3009 1022 λέγουσιν,
3058 943 3151 1000 ’ίνα
3203 944 3268 1000 τὸ
3325 943 3644 1012 ἀταίσθητον
3704 939 3820 994 ἐπι-

2169 1034 2421 1109 γράψωσι
2467 1029 2745 1107 σέϐασμα;
2797 1034 2939 1090 πόσα
2992 1033 3050 1090 δὲ
3087 1033 3261 1089 αὐτῶν
3321 1032 3379 1088 ἐκ
3406 1035 3686 1106 καταρχῆς
3720 1048 3818 1102 μα-

2172 1125 2304 1197 γικῇ
2350 1123 2517 1199 τέχνη
2565 1123 2837 1196 ἐτελέσθη,
2900 1121 2993 1179 ’ίνα
3058 1121 3387 1198 ὅνειροπολῇ
3445 1119 3535 1174 καὶ
3592 1138 3818 1193 χρημα-

2168 1209 2326 1285 diu;
2387 1211 2476 1266 καὶ
2526 1211 2679 1286 ὅμως
2736 1217 2929 1290 μακρῷ
2973 1210 3159 1289 χρόνῳ
3210 1209 3300 1266 καὶ
3349 1212 3516 1264 ταῦτα
3545 1205 3819 1284 διεφώνη-

2169 1321 2276 1356 σεν.
2340 1300 2507 1355 Πόσοι
2567 1299 2624 1355 δὲ
2653 1306 2742 1355 νῦν
2773 1303 2796 1339 θ
2849 1303 2917 1356 τά
2973 1304 3196 1356 τοιαῦτα
3249 1297 3528 1374 κρατύνειν
3563 1295 3813 1360 θέλοντες

2167 1388 2560 1465 γοητεύουσιν;
2611 1390 2762 1459 Πλὴν
2815 1389 2913 1446 οὐκ
2959 1389 3007 1444 εἴ
3052 1411 3103 1444 τι
3130 1392 3150 1426 ⁷
3212 1385 3465 1462 μαντικόν
3504 1386 3642 1441 ἐστιν
3670 1385 3705 1452 ἢ
3731 1385 3815 1439 θε-

2171 1479 2512 1554 ραπευτικὸν,
2538 1484 2700 1534 τοῦτο
2732 1478 2853 1542 θεός
2885 1478 3043 1534 ἐστιν·

2238 1570 2380 1625 XIX.
2413 1569 2469 1622 Ὁ
2524 1567 2623 1644 γὰρ
2682 1569 2810 1631 Θεὸς
2869 1567 3040 1623 πάντα
3099 1565 3337 1622 δύναται.
3395 1569 3631 1625 Ἐκεῖνος
3708 1563 3810 1639 γάρ

2171 1655 2311 1712 ἐστιν
2361 1657 2558 1731 ἀγαθος
2608 1656 2697 1712 καὶ
2749 1655 2977 1727 δίκαιος,
3027 1661 3115 1711 νῦν
3142 1661 3271 1711 πᾶσι
3308 1654 3692 1728 μακροθυμῶν,
3719 1648 3815 1706 ’ίνα

2170 1745 2224 1800 οἱ
2276 1743 2607 1822 βουλόμενοι
2662 1745 2743 1824 ἐφ’
2764 1746 2845 1809 οἷς
2878 1744 3103 1821 ἔπραξαν
3133 1750 3323 1806 κακοῖς
3358 1740 3818 1817 μεταμεληθέντες

2169 1835 2260 1890 καὶ
2303 1831 2488 1898 καλῶς
2517 1837 2538 1872 ⁸
2585 1834 3060 1908 πολιτευσάμενοι,
3119 1834 3169 1889 ἐν
3226 1832 3405 1907 ἡμέρᾳ
3534 1832 3602 1886 τὰ
3642 1827 3818 1884 πάντα

2169 1922 2404 2000 κρίνεται
2453 1928 2560 1978 τῶν
2594 1927 2617 1962 9
2661 1926 2778 1979 κατ’
2821 1923 2967 1995 ἀξίαν
3015 1921 3416 1978 ἀπολαύσωσιν.
3449 1921 3547 1974 Διὰ
3575 1923 3666 1973 νῦν
3724 1916 3818 1993 ἄρ-

2169 2012 2342 2084 ξασθε,
2393 2011 2596 2088 ἀγαθῆς
2642 2013 2896 2088 γνώσεως
2953 2012 3100 2084 αίτίᾳ
3141 2015 3255 2082 Θεῷ
3282 2009 3615 2082 πειθόμενοι,
3677 2007 3816 2061 ἀντι-

2169 2100 2344 2178 λέγειν
2399 2100 2523 2174 ύμῶ
2598 2107 2717 2164 ταῖς
2767 2106 2957 2164 κακαῖς
3006 2099 3314 2173 ἐπιθυμίαις
3357 2099 3446 2152 καὶ
3477 2096 3702 2158 ἐννοίαις
3735 2094 3820 2150 ἶνα

2171 2187 2440 2261 δυνηθῆτε
2496 2189 2924 2253 ἀνακαλέσασθαι
2972 2191 3072 2259 τὴν
3131 2189 3354 2264 πρώτην
3413 2190 3482 2260 τῇ
3532 2179 3818 2260 ἀνθρωπό-

2167 2300 2294 2348 τητι
2349 2276 2742 2354 παραδοθεῖσαν
2797 2282 2839 2316 ¹⁰
2913 2280 3183 2352 σωτήριον
3266 2275 3575 2351 θρησκείαν.
3661 2272 3816 2328 Οὕτω

2168 2367 2270 2443 γὰρ
2322 2367 2449 2441 ὑμῖν
2499 2366 2720 2438 ἐξαυτῆς
2752 2371 2795 2405 υ
2859 2364 3105 2422 ἀνατελεῖ
3148 2367 3216 2420 τὰ
3258 2363 3446 2440 ἀγαθὰ,
3481 2361 3513 2417 ἅ
3565 2382 3687 2416 τινα
3713 2360 3811 2416 λα-

2169 2451 2356 2519 ϐόντες
2410 2460 2599 2532 πεῖραν
2657 2459 2764 2511 τῶν
2823 2459 3000 2510 κακῶν
3057 2458 3154 2508 τοῦ
3212 2452 3410 2509 λοιποῦ
3439 2448 3812 2524 καταλείψετε.

2171 2541 2347 2600 Ἀλλὰ
2389 2548 2469 2617 τῷ
2516 2541 2776 2599 δεδωκότι
2834 2547 2988 2602 210
3034 2542 3479 2618 εὐχαριστήσατε,
3536 2540 3671 2612 μετᾶ
3715 2542 3812 2592 τοῦ

2167 2640 2270 2704 τῆς
2321 2632 2544 2710 εἰρήνης
2606 2632 2874 2708 βασιλέως
2925 2631 3089 2686 εἰσαεὶ
3127 2635 3235 2686 τῶν
3282 2627 3608 2706 ἀπορρήτων
3663 2628 3814 2704 βασι-

2171 2721 2418 2786 λεύοντες
2451 2725 2497 2761 ¹²
2543 2721 2779 2798 ἀγαθῶν.
2838 2727 2907 2776 Εν
2969 2719 3027 2776 δὲ
3075 2724 3154 2792 τῷ
3209 2717 3457 2795 παρόντι,
3519 2716 3721 2790 ἀεννάῳ
3770 2719 3816 2753 ¹⁸

2170 2815 2405 2885 ποταμῷ
2435 2812 2469 2881 ἢ
2521 2814 2673 2888 πηγῇ
2723 2809 2811 2864 ἐπὶ
2864 2830 2928 2885 γε
2974 2809 3070 2865 κᾶν
3105 2809 3346 2882 θαλάσσῃ
3375 2804 3815 2879 ἀπολουσάμενοι

2171 2899 2260 2957 ἐπὶ
2305 2903 2375 2974 τῇ
2422 2898 2788 2976 τρισμακαρίᾳ
2840 2897 3174 2972 έπονομασίᾳ
3230 2897 3292 2952 οὗ
3348 2895 3510 2970 μόνον
3541 2895 3609 2949 τὰ
3668 2891 3819 2948 ἐνδο-

2177 2993 2457 3065 μυχοῦντα
2498 2988 2624 3060 ὑμῖν
2675 2986 2956 3061 πνεύματα
3004 2985 3266 3042 ἀπελάσαι
3313 2982 3624 3055 δυνήσεσθε,
3691 2980 3819 3038 ἀλλ’

2171 3074 2324 3133 αύτδὶ
2397 3078 2591 3150 μηκέτι
2659 3076 3053 3152 ἁμαρτάνοντες
3108 3074 3198 3130 καὶ
3251 3079 3366 3147 Θεῴ
3423 3069 3818 3133 ἆνενὸοιάστως

2173 3164 2548 3229 ποιστεύοντες
2592 3166 2660 3220 τὰ
2707 3163 2893 3221 ἄλλων
2942 3165 3081 3220 κακὰ
3122 3161 3402 3238 πνεύματα
3447 3161 3536 3216 καὶ
3569 3159 3825 3234 δαιμόνια

421 3254 790 3326 inspexeritis
821 3270 942 3324 vos,
986 3254 1232 3325 fugient.
1279 3256 1617 3326 Agnoscunt
1646 3255 1801 3310 enim
1834 3271 1931 3310 eos
1964 3255 2064 3327 qui

2180 3252 2395 3332 χαλεπᾶ
2445 3253 2536 3309 σὺν
2589 3258 2705 3315 τοῖς
2760 3251 2956 3316 δεινοῖς
3004 3252 3223 3308 πάθεσιν
3266 3250 3582 3306 ἀπελάσετε.
3613 3249 3824 3306 Ένίοτε

427 3360 490 3399 se
521 3343 867 3398 tradiderint
901 3349 1029 3398 Deo.
1063 3343 1248 3407 Quare
1280 3343 1633 3399 honorantes
1663 3361 1762 3400 eos
1809 3361 1874 3399 ac
1901 3343 2068 3399 veriti

425 3431 681 3503 fugiunt,
713 3431 864 3488 sicut
889 3432 1011 3487 heri
1041 3432 1290 3499 vidistis,
1315 3450 1430 3504 quo
1463 3433 1634 3488 modo
1665 3450 1798 3489 cum
1830 3449 1934 3506 ego
1959 3433 2071 3488 dis-

424 3521 695 3578 tulissem
731 3525 860 3592 post
897 3521 1308 3578 allocutionem
1352 3538 1516 3577 orare
1546 3539 1650 3594 pro
1681 3522 1752 3578 iis
1783 3522 1883 3593 qui
1917 3539 2071 3576 mor-

423 3609 515 3666 bis
546 3609 998 3675 afflictabantur,
1031 3611 1323 3666 damones
1357 3615 1596 3682 propter
1624 3611 1904 3667 honorem
1933 3610 2069 3666 reli-

425 3700 617 3771 gionis
647 3699 1048 3755 exclamarunt
1078 3703 1135 3755 et
1189 3716 1263 3755 ne
1307 3716 1482 3772 parvo
1530 3700 1766 3772 quidem
1810 3704 2071 3771 tempore

429 3793 749 3861 potuerunt
774 3787 1084 3844 sustinere.

497 3969 623 4022 XX.
649 3965 837 4022 Nolite
880 3981 1016 4037 ergo
1055 3965 1344 4037 arbitrari,
1378 3983 1483 4022 nos
1532 3966 1778 4024 alterius
1808 3984 1936 4026 esse
1973 3986 2074 4025 na-

427 4059 592 4120 turae,
626 4056 870 4126 ideoque
915 4055 1209 4110 daemonas
1244 4072 1356 4110 non
1411 4056 1634 4111 timere.
1689 4056 1870 4114 Unius
1919 4059 2075 4114 enim

429 4145 810 4215 ejusdemque
839 4143 1137 4199 vobiscum
1174 4161 1380 4201 sumus
1413 4149 1654 4209 naturae,
1688 4151 1748 4202 at
1798 4165 1912 4203 non
1944 4147 2077 4202 reli-

429 4234 637 4304 gionis.
674 4234 862 4297 Quare
888 4233 1050 4288 vobis
1082 4250 1197 4288 non
1241 4233 1517 4305 multum,
1553 4236 1652 4290 sed
1685 4236 1923 4291 omnino
1956 4251 2078 4291 me-

430 4323 605 4378 liores
635 4339 734 4377 vos
761 4338 994 4393 quoque
1024 4322 1148 4376 lleri
1180 4321 1405 4378 similes
1437 4340 1550 4378 non
1581 4322 1931 4390 invidemus,
1963 4324 2080 4380 imo

2177 3342 2235 3400 δὲ
2291 3341 2449 3418 μόνον
2489 3339 2771 3398 ἐνιδόντων
2802 3344 2845 3379 ¹⁴
2904 3341 3055 3416 ὑμῶν
3129 3339 3430 3419 φεύξονται.
3493 3339 3660 3393 Ἰσασι
3718 3338 3822 3413 γὰρ

2175 3431 2304 3494 τους
2353 3428 2768 3493 ἀποδεδωκότας
2823 3431 3043 3493 ἑαυτοὺς
3092 3433 3171 3502 τῷ
3226 3433 3360 3501 Θεῷ.
3417 3426 3510 3483 Διὸ
3555 3430 3823 3499 τιμῶντες

2178 3521 2374 3584 αὐτοὺς
2425 3516 2798 3599 πεφοϐημένοι
2843 3518 3148 3598 φεύγουσιν,
3209 3517 3390 3593 ὥσπερ
3441 3516 3595 3592 ἐχθὲς
3629 3517 3671 3552 ¹⁵
3719 3514 3824 3569 ἑω-

2183 3612 2397 3686 ράκατε,
2430 3615 2548 3673 πῶς
2581 3610 2716 3683 ἐμοῦ
2749 3608 3080 3682 ἀναθεμένου
3141 3606 3273 3681 μετᾶ
3314 3609 3415 3676 τὴν
3455 3603 3822 3682 προσομιλίαν

2184 3697 2432 3772 εὔξασθαι
2481 3699 2614 3776 ὑπὲρ
2641 3703 2749 3754 τῶν
2781 3697 3102 3773 πασχόντων
3137 3695 3270 3752 αύτὰ
3295 3695 3362 3750 τὰ
3391 3695 3557 3766 πάθη,
3587 3698 3657 3767 τῇ
3688 3693 3827 3769 πρὸς

2181 3792 2282 3860 τὴν
2314 3786 2598 3866 θρησκείαν
2629 3791 2768 3862 τιμῇ
2801 3786 3111 3862 ἀνέκραγεν,
3148 3786 3410 3862 βραχεῖαν
3461 3781 3603 3860 ὥραν
3654 3780 3828 3853 στέξαι

2189 3880 2265 3954 μή
2298 3876 2612 3948 δυνηθέντα.

2256 3969 2370 4024 ΧΧ.
2421 3967 2508 4036 Μὴ
2561 3965 2650 4021 οῦν
2695 3961 2959 4038 νομίσητε
3023 3962 3104 4019 ὅτι
3153 3964 3318 4037 ἡμεῖς
3378 3958 3556 4032 ἄλλης
3621 3959 3831 4039 φύσεως

2185 4050 2335 4118 ὅντες
2382 4056 2518 4110 κατά
2558 4058 2719 4110 τοῦτο
2771 4051 3030 4127 δαίμονας
3079 4051 3140 4107 ού
3189 4046 3524 4130 φοϐούμεθα.
3568 4055 3680 4119 Τῆς
3725 4049 3828 4126 γὰρ

2187 4144 2352 4214 αὐτῆς
2405 4143 2530 4218 ὑμῖν
2583 4143 2740 4217 ἐσμεν
2799 4141 3031 4220 φύσεως,
3081 4140 3208 4198 ἀλλ’
3255 4141 3316 4196 οὐ
3367 4138 3668 4216 θρησκείας.
3738 4139 3831 4194 Διὸ

2190 4235 2340 4308 ὑμῶν
2387 4232 2448 4288 ού
2496 4231 2662 4302 πολὺ,
2721 4231 2868 4288 ἀλλὰ
2920 4231 2983 4286 τὸ
3038 4237 3140 4286 πᾶν
3203 4229 3502 4306 κρείττονες
3546 4223 3691 4290 ὅντες
3741 4227 3832 4282 καὶ

2190 4325 2329 4397 ὑμᾶς
2364 4325 2407 4361 ⁸⁸
2445 4322 2729 4382 τοιούτους
2776 4321 3021 4396 γενέσθαι
3076 4319 3138 4374 ού
3188 4321 3507 4397 φθονοῦμεν,
3540 4315 3686 4372 ἀλλά
3711 4315 3834 4371 τού-

433 4415 636 4468 contra
665 4409 970 4466 consilium
1003 4410 1234 4481 damus,
1267 4410 1434 4482 gnari
1464 4412 1617 4481 quod
1659 4411 1717 4466 hi
1749 4429 1952 4468 omnes
1982 4429 2065 4468 eo:

2189 4411 2397 4467 ναντίον
2449 4405 2921 4484 συμϐουλεύομεν,
2982 4406 3184 4470 εἰδότες
3229 4408 3312 4463 ὃτι
3359 4406 3486 4469 τοὺς
3519 4409 3633 4477 Θεῷ
3662 4425 3833 4480 προσ-

435 4501 534 4573 qui
566 4499 678 4556 Deo
710 4499 1004 4571 conjuncti
1035 4504 1194 4570 sunt,
1214 4499 1480 4572 ignotum
1511 4500 1846 4573 mirumque
1876 4501 1931 4556 in
1956 4518 2082 4558 mo-

440 4590 579 4646 dum
612 4589 904 4645 honorant
933 4605 998 4644 ac
1029 4592 1321 4645 metuunt.

511 4678 656 4734 XXI.
683 4678 846 4734 Sicut
879 4677 1034 4733 enim
1058 4677 1298 4734 Caesaris
1327 4677 1562 4734 tribuno
1594 4678 1846 4750 subjecti
1870 4678 2084 4736 milites

441 4773 680 4842 propter
709 4784 866 4836 eum,
899 4768 998 4841 qui
1025 4770 1368 4840 potestatem
1401 4767 1579 4835 dedit,
1613 4767 1664 4824 ei
1698 4768 1799 4841 qui
1831 4772 2084 4840 potesta-

437 4863 574 4929 tem_
598 4857 842 4930 accepit,
874 4857 1158 4914 honorem
1189 4857 1478 4925 deferunt,
1511 4857 1570 4912 in
1600 4861 1854 4924 tantum,
1888 4861 1952 4913 ut
1983 4857 2082 4930 qui

436 4948 734 5021 praepositi
767 4950 907 5002 sunt
947 4947 1141 5002 dicant
1186 4945 1343 5012 huic,
1374 4945 1527 5012 veni,
1569 4949 1627 5001 et
1671 4946 1883 5015 veniat,
1915 4951 1969 5002 et
2000 4946 2083 5001 al-

2191 4498 2564 4561 οικειωθέντας
2621 4501 2788 4553 ταῦτα
2842 4494 3016 4552 πάντα
3068 4495 3363 4570 ἀγνώστως
3435 4495 3680 4566 προτιμᾷ
3746 4489 3835 4546 καὶ

2115 4603 2162 4670 D
2193 4582 2460 4669 φοϐεῖται.

2263 4679 2400 4734 XXI.
2452 4679 2647 4750 ’Όνπερ
2704 4672 2805 4751 γὰρ
2859 4671 3061 4751 τρόπον
3113 4670 3386 4748 Καίσαρος
3431 4667 3720 4746 χιλιάρχῳ
3785 4668 3839 4725 οἱ

2195 4766 2545 4840 ὑποκείμενοι
2575 4767 2895 4842 στρατιῶται
2927 4760 3016 4817 διὰ
3063 4763 3164 4832 τὴν
3219 4764 3318 4816 τοῦ
3349 4756 3648 4822 δεδωκότος
3689 4757 3839 4829 ἐξου-

2193 4854 2309 4910 σίαν
2379 4852 2468 4908 τὸν
2530 4847 2796 4930 εἰληφότα
2852 4845 3025 4905 οἷ’δασι
3101 4852 3287 4922 τιμᾷν,
3365 4850 3622 4903 τοσοῦτον
3683 4849 3831 4904 211

2194 4942 2322 4999 ὥστ’
2371 4942 2429 4997 ἂν
2458 4941 2585 5003 τοὺς
2633 4939 2932 5018 ἐφεστῶτας
2976 4937 3156 5013 λέγειν
3200 4937 3398 5010 τούτῳ,
3453 4935 3595 5008 ἐλθὲ,
3627 4935 3716 4990 καὶ
3748 4933 3838 5011 ἔρ-

433 5037 564 5104 teri,
596 5037 758 5103 vade,
793 5040 849 5091 et
877 5035 1050 5090 vadat
1077 5035 1183 5106 (a):
1209 5034 1294 5090 sic
1325 5038 1382 5090 et
1410 5034 1511 5106 qui
1543 5051 1605 5090 se
1634 5034 1750 5092 Deo
1782 5035 2065 5092 tradideri‘

2192 5051 2351 5108 χεται
2383 5034 2446 5102 1⁷,
2476 5028 2566 5086 καὶ
2597 5027 2776 5102 ἄλλῳ,
2809 5025 3063 5104 πορεύου,
3096 5026 3186 5082 καὶ
3213 5024 3497 5103 πορεύεται
3549 5027 3612 5082 1⁸.
3667 5024 3840 5087 οὕτως

506 5152 591 5225 (α)
622 5151 828 5208 Matth.
860 5167 983 5220 vm,
1013 5150 1068 5206 9.

1789 5249 2035 5305 VARI/E
2075 5248 2482 5308 LEGTIONES.

508 5349 529 5420 ἒ
557 5349 642 5404 Ita
670 5349 714 5404 0
744 5365 791 5403 c.
826 5351 882 5403 S.
915 5365 1089 5420 κεχρη
1104 5344 1382 5419 ματείσθαι
1412 5346 1473 5402 C.
1549 5347 1572 5382 ⁸
1599 5349 1690 5400 νῦν
1737 5347 2085 5420 transcripsi
2135 5365 2204 5404 ex
2256 5348 2321 5404 Ο.
2397 5347 2417 5381 ⁷
2449 5343 2548 5420 οὐκ
2577 5339 2639 5420 οἷ’
2675 5362 2728 5397 τι
2759 5343 2885 5420 0_c.
2929 5345 2992 5420 ι),
3025 5337 3152 5420 ούχί
3181 5359 3235 5420 τι
3263 5340 3323 5396 C.
3401 5335 3654 5420 εξκειλξῖιις,
3688 5339 3843 5410 quod

435 5419 542 5475 exh
603 5421 729 5475 cod.
791 5422 928 5490 Reg.

791 5422 928 5490 Reg.
1165 5404 1329 5474 deest
1375 5419 1433 5474 in
1483 5423 1730 5490 utroque
1780 5419 1946 5476 Hom.
1990 5404 2185 5476 codice
2234 5414 2713 5490 Μεταμεληθέντες
2741 5413 2830 5468 καὶ
2861 5404 2997 5466 κατά
3027 5404 3338 5486 τὸ’ἀρέσκον
3373 5408 3518 5481 αύτῷ
3551 5404 3845 5538 ζώσαντες

732 5493 780 5538 it-
816 5509 863 5538 η-
897 5492 985 5538 66.
1064 5494 1084 5527 ο
1109 5493 1215 5538 τῶν
1246 5491 1577 5538 adiungunt
1608 5491 1732 5538 and-
1769 5492 1906 5538 Reg-
1939 5493 2038 5538 80’:
2078 5497 2131 5538 r-t.
2161 5493 2308 5538 Enit-
2343 5507 2392 5538 α-
2423 5491 2493 5538 66
2569 5489 2612 5524 ¹⁰
2668 5481 3057 5538 παραδοθεῖσαν
3098 5481 3324 5538 ἐντολήν
3377 5485 3501 5538 cod.
3603 5498 3691 5538 eg.
3740 5483 3845 5538 804

435 5491 610 5564 habet
638 5493 781 5564 Epit.
806 5481 985 5564 70:66.
1064 5494 1084 5527 θ
1109 5493 1215 5543 τῶν
1246 5481 1732 5564 adjunguntpcd.
1769 5492 1907 5564 Reg.
1939 5493 2038 5546 80’;
2078 5497 2131 5543 "-t
2156 5493 2309 5564 Epit.
2343 5481 2401 5546 c.'
2423 5491 2493 5564 66
2521 5481 2545 5564 ’γ
2569 5489 2612 5524 ¹⁰
2637 5481 3057 5564 Δπαραδοθεῖσαν
3081 5481 3324 5564 ’ἐντολήν
3372 5485 3501 5564 cod:

3603 5498 3691 5554 eg.
3740 5483 3846 5538 804

433 5563 478 5638 ¹έ
593 5550 758 5638 αὐτῆς
790 5563 856 5638 Ο1
889 5563 1030 5638 Dein
1061 5550 1346 5638 resipui):
1380 5550 1540 5635 7:5qu
1569 5562 1630 5638 (ζ,
1667 5563 1731 5618 D.
1753 5631 1765 5638 _
1811 5550 1972 5638 ‘_9UIta
2001 5563 2044 5618 Ο
2077 5574 2132 5638 vt
2160 5550 2301 5618 C'ex
2329 5563 2599 5638 conject,
2635 5550 3043 5638 percileooiiv'cer
3077 5556 3155 5638 id.
3189 5555 3248 5638 in
3269 5550 3451 5638 textu,
3475 5550 3844 5638 ἀπολοξύρντὲς

433 5634 650 5705 Ερίινηι.
685 5651 735 5689 c.
816 5634 860 5671 ¹³
889 5631 1064 5705 ἀενάῳ

1094 5631 1164 5689 (λ’
1219 5635 1276 5706 _“
1305 5631 1576 5706 Fortasse
1604 5633 1715 5705 leg.
1749 5631 2005 5706 ἐπόντων·
2037 5637 2155 5690 sola
2181 5631 2475 5706 praesentia

2570 5625 3466 5703 (mellinam:ventunt._l'iecoguit1
3507 5642 3596 5703 ιν,
3638 5627 3728 5681 32.
3780 5625 3840 5682 S.

430 5695 488 5743 ¹⁵’
507 5702 635 5779 χθές
667 5705 730 5763 Ο.
765 5707 910 5762 Tum
943 5695 1188 5762 fortasse
1217 5704 1327 5778 leg.
1362 5695 1700 5778 ἐπισεμένοιῖ,
1734 5707 1793 5762 S.
1874 5707 1916 5743 ¹⁶
1947 5705 2086 5778 ὑμᾶς
2115 5695 2273 5777 Β,Ὀ,
2305 5703 2461 5778 ὑμεῖς
2494 5695 2555 5761 C.
2599 5695 2612 5703 ’
2633 5703 2675 5738 ¹⁷
2707 5695 2956 5776 ἔρχεσθαι
2989 5699 3054 5756 Ο.
3134 5698 3178 5736 ιθ
3207 5695 3528 5772 πορεύεσθαι
3560 5697 3625 5752 Ο.
