4114 6338
277 415 405 479 257
1422 401 1626 466 CLEM
1638 401 1950 465 ENTINA.

2094 398 2421 463 HOMILIA
2465 398 2566 463 IX.
3578 411 3700 481 258

279 546 381 601 καὶ
436 543 465 599 ὁ
514 546 632 615 Θεῷ
679 538 867 598 ἑαυτὸν
919 533 1180 606 ἀποδοὺς,
1226 535 1416 599 πιστὸς
1466 531 1562 607 ὢν,
1612 532 1830 607 δαίμοσί
1887 554 1982 601 τε,

2094 537 2258 604 etque
2284 532 2493 603 fidelis,
2532 534 2892 594 daemonibus
2924 554 2987 594 ac
3018 539 3240 597 morbis
3282 542 3568 601 duntaxat
3613 546 3701 603 lo-

281 633 381 689 καὶ
428 634 625 688 πάθεσι
686 630 851 706 μόνον
903 627 1087 705 λέγων
1131 625 1405 698 ἀκούεται,
1451 624 1542 681 καὶ
1592 625 1944 700 ὑποχωροῦσι

2097 638 2244 679 uene
2272 622 2532 690 auditur,
2574 630 2634 680 et
2681 628 2963 683 recedunt
3008 629 3321 703 daemones,
3365 634 3466 706 qui
3518 634 3702 692 multo

286 720 571 797 δαίμονες,
622 718 771 775 πολὺ
816 717 1165 794 ἰσχυρότεροι
1220 713 1370 778 ὄντες
1424 718 1533 770 τῶν
1592 711 1945 770 κελευόντων.

2094 710 2330 767 artiores
2361 717 2500 767 sunt
2520 714 2886 784 jubentibus.
2913 716 3199 773 Ineﬂ'abili
3230 722 3444 795 quippe
3472 723 3527 778 vi
3550 723 3707 780 Deus

280 810 579 889 Ἀφράστῳ
635 809 737 886 γὰρ
796 803 1022 879 δυνάμει
1074 805 1165 859 τὸν
1237 802 1463 860 ἑκάστου
1523 806 1647 857 νοῦν
1707 802 1735 856 ὁ
1816 799 1948 863 Θεδς

2094 804 2314 855 nantem
2347 800 2717 873 singulorum
2748 805 2952 860 subdit
2977 805 3071 861 cui
3098 806 3240 863 vult.
3263 809 3409 865 Nam
3428 813 3706 883 quemad-

286 901 590 956 ὑποτάσσει
646 898 693 969 ᾧ
746 893 1023 973 βούλεται.
1081 898 1168 956 Ὧς
1221 893 1323 969 γὰρ
1354 892 1446 947 τὸν
1504 890 1741 969 Καίσαρα
1786 888 1950 969 πεφό-

2094 889 2297 944 Jodum
2330 892 2635 958 Caesarem,
2678 893 2778 964 qui
2837 893 3010 949 homo
3048 899 3158 963 est,
3208 902 3479 955 metuunt
3526 901 3705 958 duces

288 983 497 1060 ϐηνται
528 986 659 1042 ὄντα
689 983 973 1062 ἄνθρωπον
1017 978 1224 1037 πολλοὶ
1271 976 1535 1059 ἡγεμόνες
1589 981 1723 1055 μετά
1768 982 1951 1034 πασῶν

2098 977 2295 1033 lurimi
2331 996 2463 1035 cum
2498 980 2776 1037 omnibus
2806 983 3012 1040 castris
3043 987 3101 1040 et
3132 986 3398 1056 urbibus,
3445 989 3708 1061 singulo-

287 1082 407 1134 τῶν
439 1070 811 1151 παρεμϐολῶν
858 1071 949 1128 καὶ
1000 1069 1241 1140 πόλεων,
1277 1077 1377 1140 τῆς
1408 1068 1631 1125 ἑκάστου
1659 1065 1883 1143 καρδίας
1907 1069 1952 1106 1⁸

2094 1082 2191 1121 um
2224 1067 2396 1123 corde
2427 1067 2740 1142 imaginem
2784 1071 3012 1127 Domini
3061 1079 3405 1132 cunctorum
3446 1080 3711 1135 venerari

288 1171 406 1222 τῶν
467 1164 615 1221 ὅλων
676 1162 854 1218 εἰκόνα
911 1180 1184 1235 προτιμᾳν
1243 1155 1604 1229 σπευδούσης.
1661 1162 1793 1213 Θεοῦ
1848 1158 1951 1233 γὰρ

2094 1159 2409 1226 ιιιοροιιευίο
2435 1173 2448 1212 :
2484 1156 2579 1212 Dei
2611 1157 2903 1230 siquidem
2934 1160 3238 1218 voluntate
3274 1166 3472 1221 omnia
3501 1167 3713 1224 timore

298 1254 485 1330 βουλῇ
541 1254 609 1308 τὰ
652 1253 825 1307 πάντα
871 1246 1257 1322 δεδουλωμένα
1301 1242 1457 1326 φόϐῳ
1501 1248 1603 1317 τὴν
1650 1245 1822 1301 αἰτίαν
1855 1243 1956 1300 ούκ

2094 1259 2121 1297 n
2154 1242 2490 1300 servitutem
2522 1246 2754 1302 redacta
2783 1264 3020 1304 causam
3052 1251 3358 1307 nesciunt:
3393 1254 3476 1310 ita
3496 1259 3553 1310 et
3574 1272 3709 1312 eum

292 1341 481 1399 οἷδενο
526 1341 672 1397 οὕτω
721 1340 813 1395 καὶ
859 1338 954 1394 τὸν
1010 1341 1127 1409 Θεῷ
1173 1337 1582 1415 προσφεύγοντα
1625 1334 1714 1391 καὶ
1742 1335 1843 1404 τήν
1878 1331 1956 1389 δι-

2094 1331 2165 1403 [ui
2198 1332 2269 1386 ad
2307 1332 2484 1387 Deum
2516 1333 2797 1406 confugit,
2831 1341 2887 1391 et
2916 1336 3353 1408 ﬁdemjustam,
3376 1342 3534 1398 velut
3555 1343 3716 1401 illius

293 1432 462 1487 καίαν
523 1430 700 1485 πίστιν
754 1426 935 1503 ὥσπερ
980 1425 1161 1482 εἰκόνα
1206 1424 1371 1481 αὐτοῦ
1420 1425 1472 1481 ἐν
1522 1428 1593 1499 τῇ
1643 1423 1806 1479 αὐτοῦ
1857 1423 1953 1500 βα-

2094 1419 2410 1492 maginem,
2443 1421 2503 1477 in
2536 1423 2709 1478 corde
2739 1428 2952 1495 portat,
2992 1428 3186 1483 cuncti
3227 1431 3569 1487 morborum
3615 1450 3719 1489 au-

297 1523 575 1590 στάζοντα
600 1515 799 1592 καρδίᾳ
824 1517 997 1572 πάντα
1047 1514 1117 1571 τὰ
1170 1514 1448 1569 παθοποιά
1491 1513 1770 1588 πνεύματα
1822 1515 1959 1586 τιμᾷ

2094 1513 2255 1566 :tores
2276 1510 2521 1583 spiritus
2542 1511 2830 1569 honorant
2850 1519 2909 1571 et
2926 1515 3180 1589 fugiunt,
3197 1519 3445 1575 naturali
3463 1521 3720 1592 quadam

295 1608 400 1664 καὶ
431 1610 639 1686 φεύγει,
669 1608 870 1683 φυσικῇ
900 1604 1007 1659 τινὶ
1038 1600 1151 1676 ὁδῷ
1179 1597 1556 1680 πεφοϐημὲνα.

2094 1598 2292 1655 atione
2322 1599 2628 1671 perterriti.

384 1703 551 1753 XXII.
596 1695 752 1753 Ἀλλ’
803 1694 959 1768 ὅμως
1006 1690 1102 1748 κᾶν
1158 1694 1205 1728 ²⁰
1266 1690 1458 1753 πάντες
1517 1687 1767 1765 δαίμονες
1828 1688 1963 1764 μετά

2141 1687 2311 1743 ΧΧΙΙ.
2342 1689 2613 1746 Attamen
2643 1688 2779 1746 licet
2803 1692 2997 1749 cuncti
3029 1694 3323 1752 daemones
3352 1712 3487 1752 cum
3529 1697 3721 1753 omni-

305 1786 535 1843 πάντων
606 1789 714 1840 τῶν
770 1787 959 1847 παθῶν
1017 1781 1158 1855 ὑμᾶς
1215 1779 1506 1859 φεύγωσιν,
1565 1778 1665 1836 οὐκ
1710 1775 1852 1835 ἔστιν
1906 1776 1960 1834 ἐν

2094 1794 2182 1833 »αδ
2213 1776 2433 1833 morbis
2462 1795 2565 1835 vos
2597 1779 2842 1852 fugiant,
2873 1781 2931 1837 in
2960 1797 3027 1839 eo
3057 1783 3178 1840 solo
3203 1801 3316 1840 non
3347 1789 3437 1841 est
3456 1787 3722 1857 gauden-

300 1875 501 1947 τούτῳ
526 1873 677 1947 μόνῳ
706 1874 751 1911 ³⁸
784 1870 1019 1948 χαίρειν,
1051 1867 1179 1926 ἀλλ’
1208 1869 1260 1925 ἐν
1309 1873 1389 1942 τῷ
1444 1866 1515 1924 δι’
1554 1865 1860 1945 εύαρεστίαν
1894 1868 1964 1923 τά

2094 1866 2237 1934 lum,
2271 1866 2373 1922 sed
2405 1865 2464 1921 in
2494 1883 2560 1923 eo
2591 1868 2745 1940 quod
2770 1874 3008 1943 propter
3024 1871 3455 1943 beneplacitum
3480 1875 3721 1930 nomina

303 1964 562 2038 ὀνόματα
619 1963 769 2035 ὑμῶν
823 1959 876 2015 ἐν
935 1956 1148 2036 ούρανῷ
1205 1958 1283 2022 ὡς
1346 1956 1430 2014 ἀεὶ
1482 1958 1698 2027 ζώντων
1730 1958 1965 2033 ἀναγρα-

2094 1960 2265 2012 restra
2294 1954 2354 2010 in
2376 1956 2519 2012 coelo
2549 1961 2832 2029 tanquam
2864 1975 3097 2032 semper
3124 1962 3469 2030 viventium,
3502 1963 3723 2018 descri-

305 2060 506 2123 φῆναι.
539 2050 693 2105 Οὕτω
720 2048 811 2105 καὶ
868 2049 933 2104 τὸ
964 2049 1106 2102 θεῖον
1137 2047 1288 2124 ἅγιον
1349 2050 1569 2120 Πνεῦμα
1620 2044 1823 2123 χαίρει,
1882 2043 1965 2100 ὅτι

2094 2048 2174 2115 ita
2204 2047 2362 2100 sunt.
2394 2044 2488 2099 Sic
2517 2044 2696 2101 etiam
2744 2052 2986 2103 sanctus
3033 2048 3134 2104 Dei
3175 2050 3428 2121 Spiritus
3483 2052 3722 2124 gaudet,

318 2142 418 2197 τὸν
472 2140 696 2204 θάνατον
732 2135 1011 2207 νενίκηκεν
1059 2136 1379 2211 ἄνθρωπος⁹
1438 2134 1543 2211 γὰρ
1590 2136 1639 2172 ⁸³
1705 2130 1966 2207 δαίμονας

330 2225 659 2307 φυγαδεύειν
734 2225 809 2287 εἰς
855 2225 955 2293 τὴν
1011 2221 1189 2279 ἄλλου
1219 2220 1356 2277 ἴασιν
1406 2221 1631 2298 γίνεται.
1679 2225 1857 2277 Ταῦτα
1910 2219 1971 2277 δὶ

317 2319 588 2395 λεγομεν,
635 2314 741 2390 οὐχ
784 2313 861 2376 ὡς
905 2310 1228 2388 ἀρνούμενοι
1257 2313 1320 2367 τὸ
1356 2312 1432 2385 μὴ
1466 2308 1573 2367 δεῖν
1604 2309 1796 2373 ἄλλοις
1832 2311 1969 2387 βοη-

316 2408 462 2479 θεῖν,
514 2402 638 2459 ἀλλ’
688 2406 772 2458 δτι
818 2402 894 2475 μὴ
928 2402 1041 2477 χρὴ
1072 2399 1161 2456 ἐπὶ
1189 2399 1368 2473 τούτῳ
1396 2399 1737 2479 τυφωθέντας
1766 2399 1968 2454 ἑαυτῶν

316 2493 570 2569 ἀμελεῖν*
619 2493 769 2548 ”Εσθ’
817 2489 908 2546 ὅτε
965 2487 1021 2545 δέ
1052 2492 1098 2527 ³³
1141 2510 1290 2552 τινας
1321 2487 1559 2563 ἀνόμους
1592 2486 1783 2563 ἄνδρας
1817 2490 1970 2547 212

318 2582 583 2656 δαίμονες
613 2580 873 2660 φεύγουσι
896 2577 964 2634 δι’
992 2578 1168 2652 ὄνομα
1193 2578 1377 2647 τίμιον
1404 2597 1416 2611 ·
1476 2576 1566 2632 καὶ
1611 2575 1974 2653 ἐνεδρεύονται

321 2671 358 2727 8
386 2692 448 2726 τε
498 2668 768 2731 ἀπελάσας
824 2667 914 2723 καὶ
946 2668 977 2722 ὁ
1005 2668 1316 2743 ἱστορήσας.
1348 2667 1405 2720 '0
1442 2665 1535 2739 μὶν
1567 2663 1864 2735 ἀπελάσας,
1897 2666 1971 2727 ὡς

326 2757 421 2814 διὰ
454 2756 799 2827 δικαιοσύνην
830 2754 1217 2832 προτιμηθείς,
1253 2754 1353 2809 οὐκ
1381 2752 1540 2818 εἰδὼς
1568 2759 1667 2810 τοῦ
1714 2751 1975 2828 δαίμονος

317 2849 390 2903 τὸ
420 2850 726 2922 κακοῦργον
760 2865 775 2879 ·
808 2847 924 2918 ἅμα
948 2865 1008 2900 τε
1058 2844 1162 2920 γάρ
1217 2844 1280 2900 τὸ
1310 2838 1484 2918 ὄνομα
1526 2843 1841 2917 τετίμηκεν,
1885 2841 1976 2898 καὶ

320 2940 397 3009 τῇ
429 2940 573 3014 φυγᾷ
599 2936 690 2990 τὸν
715 2928 886 3004 ἀσεϐῆ
919 2933 997 2995 εἰς
1029 2932 1206 3003 οἴησιν
1240 2930 1622 3003 διακαιοσύνης
1662 2926 1974 3007 περιϐαλὼν

324 3029 429 3081 τοῦ
485 3024 560 3095 μὴ
616 3028 892 3097 μπανοῖεν
935 3020 1234 3092 ἠπάτησεν.
1282 3026 1338 3075 ‘0
1413 3018 1472 3077 δὲ
1531 3021 1847 3098 ἱστορήσας,
1905 3020 1980 3083 ὡς

327 3106 534 3168 εἰσεῦεἷ
600 3111 1053 3187 συγχρησάμενος
1108 3114 1189 3182 τῷ
1246 3106 1596 3181 ἀπελάσαντι,
1656 3107 1793 3187 πρὸς
1877 3109 1977 3179 τήν

330 3198 533 3274 ὁμοίαν
562 3197 838 3254 πολιτείαν
868 3197 1101 3261 σπεύσας
1144 3196 1475 3256 ἀπόλλυται.
1526 3196 1729 3253 Ἐνίοτε
1785 3194 1843 3253 δὲ
1889 3197 1979 3254 καὶ

2076 2132 2231 2203 quod
2265 2133 2439 2188 homo
2470 2138 2719 2190 mortem
2751 2135 2988 2205 vicerit;
3032 2154 3169 2194 nam
3227 2140 3383 2211 quod
3432 2141 3725 2197 daemones

2078 2220 2379 2293 fugantur,
2420 2220 2479 2276 in
2511 2222 2752 2279 alterius
2777 2223 3089 2281 sanitatem
3122 2227 3205 2282 fit.
3237 2227 3367 2283 Haec
3398 2245 3528 2284 vero
3586 2230 3727 2284 dici-

2080 2326 2234 2375 mus,
2268 2326 2384 2365 non
2416 2311 2582 2381 quasi
2614 2328 2894 2385 negemus
2925 2313 3059 2370 aliis
3079 2330 3209 2371 esse
3236 2318 3719 2387 succurrendum,

2080 2397 2182 2453 sed
2211 2398 2348 2470 quia
2380 2416 2491 2455 non
2524 2404 2769 2472 oportet,
2795 2405 2858 2457 ut
2884 2419 3015 2458 eam
3046 2404 3118 2459 ob
3150 2421 3271 2460 rem
3303 2404 3438 2461 elati
3470 2405 3726 2479 negliga-

2082 2503 2217 2542 mus
2246 2503 2374 2543 nos.
2406 2487 2703 2562 Contingit
2731 2493 2926 2546 autem
2958 2490 3295 2563 aliquando,
3328 2496 3395 2549 ut
3431 2494 3724 2551 daemones

2082 2574 2238 2631 viros
2268 2576 2556 2647 quosdam
2590 2577 2803 2651 impios
2837 2578 3064 2651 fugiant
3084 2584 3727 2652 proptervcnerandum

2084 2680 2320 2730 nomen,
2360 2667 2617 2737 tuncque
2645 2665 2877 2722 insidiis
2906 2673 3263 2740 appetuntur
3291 2674 3349 2725 et
3377 2670 3731 2743 quiexpellit

2083 2756 2141 2807 et
2170 2753 2271 2824 qui
2303 2754 2518 2809 cernit:
2552 2755 2652 2826 qui
2683 2755 2938 2827 expellit,
2974 2758 3142 2828 quasi
3177 2764 3410 2831 propter
3432 2760 3731 2831 justitiam

2084 2841 2260 2897 fuerit
2288 2841 2626 2909 honoratus,
2658 2845 2924 2900 nesciens
2956 2846 3239 2904 daemonis
3271 2848 3594 2919 malitiam;
3647 2850 3733 2905 si-

2086 2929 2209 2985 mul
2241 2929 2399 2985 enim
2429 2947 2497 2987 ac
2528 2948 2736 2989 nomen
2768 2933 2987 2990 honore
3018 2942 3361 3007 persecutus
3380 2942 3486 3002 est,
3512 2942 3569 2994 et
3595 2939 3734 3010 fuga

2087 3034 2197 3073 sua
2226 3017 2474 3091 impium
2527 3020 2583 3076 in
2630 3021 2965 3093 opinionem
2999 3024 3245 3095 justitiaa
3290 3025 3508 3097 injecit,
3556 3032 3732 3100 atque

2088 3106 2171 3162 ita
2199 3106 2271 3161 ad
2303 3109 2704 3179 pmnitentiam
2735 3127 2850 3167 non
2883 3112 3170 3185 agendam
3222 3114 3424 3170 fraude
3478 3114 3733 3173 induxit.

2089 3196 2196 3262 Qui
2222 3212 2356 3252 vero
2387 3197 2590 3265 cernit,
2626 3199 2767 3255 dum
2799 3201 3216 3257 commercium
3249 3202 3422 3259 habet
3450 3220 3584 3259 cum
3632 3222 3737 3261 ex-

325 3272 463 3351 τοὺς
518 3289 594 3363 μή
642 3293 761 3360 Θεῷ
804 3285 1232 3365 προσκειμένους
1284 3287 1479 3362 ὅρκους
1512 3286 1723 3366 φεύγειν
1753 3285 1976 3363 ὑποκρί-

2094 3284 2342 3357 pellente
2371 3290 2654 3359 tanquam
2687 3304 2821 3344 cum
2853 3288 3090 3345 homine
3116 3290 3231 3362 pio,
3264 3292 3335 3346 ad
3376 3291 3628 3349 similem
3656 3294 3739 3348 vi-

324 3397 537 3445 νονται,
580 3374 673 3431 ἵνα
728 3378 1091 3447 ἀπατήσανιες
1139 3374 1353 3451 αὐτοὺς,
1402 3374 1493 3433 ὅτε
1538 3375 1808 3448 θέλουσιν,
1863 3375 1983 3432 ἀνέ-

334 3466 510 3523 λωσιν
547 3467 614 3539 ³⁸,

416 3736 612 3789 XXIII.
644 3731 745 3788 Καὶ
770 3736 968 3789 τοῦτου
998 3728 1090 3790 οὖν
1125 3732 1263 3807 ὑμᾶς
1293 3730 1488 3789 εἰδέναι
1523 3731 1858 3808 βουλόμεθα,
1906 3731 1989 3789 ὅτι

341 3820 431 3877 ἐὰν
486 3824 563 3895 μή
596 3841 678 3883 τις
708 3822 891 3877 ἑαυτὸν
925 3822 1061 3878 ὲκὼν
1096 3825 1141 3860 ⁸⁵
1178 3820 1398 3896 δαίμοσι
1446 3819 1642 3879 δοῦλον
1701 3819 1861 3895 ἐκδῷ,
1918 3821 1992 3885 ὡς

334 3909 537 3988 τάχιον
597 3909 771 3981 εἶπον,
820 3913 850 3967 ὁ
904 3908 1117 3985 δαίμων
1151 3912 1250 3981 τὴν
1282 3912 1398 3967 κατ’
1427 3910 1593 3967 αὐτοῦ
1624 3911 1862 3986 ἐξουσίαν
1895 3912 1995 3967 οὐκ

341 3996 483 4074 ἔχει.
540 4000 673 4054 "Eva
728 3996 819 4053 οὖν
867 4001 993 4058 Θεὸν
1046 3994 1219 4055 σέϐειν
1271 3997 1525 4075 ἑλόμενοι
1572 4000 1661 4055 καὶ
1719 4001 1993 4077 τραπέζης

339 4085 622 4161 δαιμόνων
667 4087 1043 4163 ἀποσχόμενοι
1098 4087 1189 4143 καὶ
1238 4087 1586 4167 σωφροσύνην
1636 4089 1768 4163 μετᾶ
1800 4088 1990 4167 φιλαν-

339 4174 589 4252 θρωπίας
645 4175 736 4230 καὶ
783 4173 1127 4244 δικαιοσύνης
1170 4174 1553 4251 ἀναδεξάμενοι
1608 4176 1700 4231 καὶ
1761 4197 1992 4253 τρισμα-

337 4264 508 4341 καρίᾳ
558 4262 895 4339 ἐπονομασίᾳ
942 4264 1020 4328 εἰς
1070 4266 1256 4344 ἄφεσιν
1299 4265 1581 4339 ἀμαρτιῶν
1652 4266 1991 4342 βαπσισάμε-

340 4375 449 4426 νοι,
478 4358 561 4425 τῷ
601 4355 648 4390 ³⁸
694 4351 819 4409 ὅσον
867 4351 1089 4410 δύνασθε
1135 4354 1221 4411 ἐπὶ
1268 4354 1333 4410 τὸ
1377 4353 1585 4411 τέλειον
1632 4361 1735 4425 τῆς
1783 4354 1994 4432 ἁγνείας

340 4440 569 4505 ἑαυτοὺς
599 4439 903 4498 ἐπιδιδόναι
936 4445 1002 4515 ³⁷,
1034 4440 1258 4499 δύνασθε
1310 4442 1587 4506 κολάσεως
1652 4440 1831 4498 ἀϊδίου
1906 4442 1995 4520 ῥυ-

338 4529 556 4595 σθὲντες
641 4530 879 4586 αἰωνίων
952 4531 1171 4607 ἀγαθῶν
1241 4529 1583 4607 κληρονόμοι
1645 4538 1992 4602 καταστῆναι.

2093 3374 2265 3429 vendi
2298 3375 2580 3432 rationem
2614 3376 2898 3434 festinans
2936 3378 3105 3449 perit.
3161 3380 3455 3435 Interdum
3500 3397 3635 3439 vero
3680 3384 3741 3439 et

2095 3478 2216 3534 eos,
2249 3462 2350 3535 qui
2382 3465 2451 3519 ad
2486 3464 2668 3521 Deum
2719 3482 2834 3521 non
2886 3468 3144 3523 referunt
3173 3469 3594 3539 adjurationes,
3642 3471 3735 3526 fu-

2096 3567 2231 3623 gere
2276 3552 2578 3623 simulant,
2628 3559 2693 3609 ut
2734 3555 3025 3628 deceptos,
3075 3572 3211 3612 cum
3275 3557 3476 3627 velint,
3542 3558 3739 3616 interi-

2098 3642 2280 3693 mant.

2168 3725 2361 3783 XXIII.
2395 3727 2464 3784 Et
2502 3727 2611 3785 hoc
2658 3729 2839 3803 igitur
2884 3748 2985 3788 vos
3034 3733 3183 3790 scire
3235 3732 3528 3806 volumus,
3580 3736 3737 3808 quod

2100 3816 2213 3873 nisi
2244 3817 2377 3889 quis
2407 3823 2614 3890 sponte
2644 3836 2705 3875 se
2735 3820 2931 3892 ipsum
2962 3821 3325 3880 daemonibus
3357 3840 3588 3880 servum
3619 3828 3740 3881 tra-

2099 3905 2222 3973 dat,
2254 3907 2747 3978 quemadmodum
2777 3909 2896 3965 dixi
2927 3911 3119 3980 modo,
3154 3913 3379 3968 daemon
3411 3929 3526 3967 non
3567 3913 3744 3970 habet

2102 3999 2447 4067 potestatem
2479 3997 2539 4052 in
2570 4014 2725 4054 eum.
2759 4002 2959 4071 Itaque
2991 4000 3169 4056 unius
3201 4001 3298 4057 Dei
3344 4001 3569 4057 cultum
3620 4020 3746 4059 am-

2101 4083 2273 4155 plexi,
2306 4085 2638 4143 daemonum
2660 4103 2866 4144 mensa
2893 4090 3278 4159 abstinentes,
3299 4092 3747 4164 temperantiam

2100 4190 2235 4228 cum
2269 4174 2633 4232 humanitate
2662 4193 2728 4232 ac
2747 4178 2983 4247 justitia
3012 4180 3327 4236 consectati
3358 4184 3416 4236 et
3446 4186 3534 4236 ter
3582 4181 3750 4237 beata

2100 4261 2464 4319 invocatione
2488 4263 2547 4319 in
2580 4265 2988 4323 remissionem
3020 4272 3391 4339 peccatorum
3444 4268 3743 4341 baptizati,

2102 4368 2208 4424 pro
2235 4350 2457 4408 viribus
2486 4353 2559 4409 ad
2582 4354 2851 4425 puritatis
2884 4356 3295 4427 perfectionem
3325 4374 3425 4413 vos
3439 4357 3744 4423 tradendo,

2103 4439 2348 4512 potestis
2373 4442 2446 4497 ab
2475 4446 2688 4498 aeterna
2716 4442 2859 4516 eripi
2911 4445 3305 4512 damnatione,
3353 4451 3411 4503 et
3455 4446 3747 4503 bonorum

2105 4532 2451 4585 eternorum
2480 4530 2757 4587 constitui
2790 4531 3071 4590 hleredes.
3122 4537 3257 4600 Qum
3306 4538 3621 4606 postquam
3663 4534 3751 4590 di-

338 4623 516 4675 Ταῦτα
570 4618 740 4674 εἰπὼν
795 4624 911 4683 τοῖς
963 4620 1067 4675 ὑπὸ
1095 4620 1283 4676 παθῶν
1312 4618 1687 4697 όχλουμὲνοις
1716 4620 1982 4697 προσιέναι

2102 4616 2303 4686 xisset,
2335 4633 2435 4675 eos
2464 4618 2565 4690 qui
2595 4619 3040 4692 egritudinibus
3070 4623 3627 4694 vexabanturjussit
3657 4639 3755 4678 ac-

337 4707 642 4779 ὲκέλευσεν,
684 4707 773 4764 καὶ
822 4708 995 4773 οὕτως
1046 4708 1251 4766 πολλοὶ
1299 4709 1461 4786 πείρᾳ
1512 4713 1621 4766 τῶν
1652 4708 1807 4786 ἐχθὲς
1836 4713 1882 4749 ²⁸
1912 4722 1990 4775 θε-

339 4798 715 4873 ραπευθέντων
761 4795 1189 4869 συνεληλυθότες
1244 4797 1547 4873 προσῄεσαν
1574 4800 1640 4855 ³ο,
1688 4799 1745 4853 Ὁ
1788 4796 1846 4854 δὲ
1893 4799 1991 4863 τὰς

335 4890 532 4961 χεῖρας
588 4885 773 4948 αὐτοῖς
816 4884 1018 4949 ἐπιθεὶς
1065 4886 1155 4942 καὶ
1199 4885 1489 4960 εὐξάμενος
1554 4885 1776 4958 ἐξαυτῆς
1843 4886 1991 4943 ἰασά-

341 4995 531 5047 μενος,
585 4972 964 5050 ἐντειλάμενος
1021 4978 1176 5034 213
1231 4974 1416 5038 αὐτοῖς
1475 4975 1567 5031 καὶ
1621 4981 1739 5038 τοῖς
1792 4975 1989 5040 ἄλλοις

336 5063 655 5140 ὀρθρίτερον
673 5066 720 5102 ⁸ο
748 5062 1097 5141 συνεδρεύειν,
1118 5063 1281 5128 αὐτὸς
1302 5062 1638 5139 λουσάμενος
1658 5064 1748 5120 καὶ
1775 5071 1986 5145 τροφῆς

338 5147 689 5227 μεταλαϐὼν,
721 5151 984 5212 ὕπνωσεν.

2101 4706 2322 4775 cedere,
2359 4712 2416 4763 et
2446 4707 2528 4764 ita
2557 4708 2724 4763 multi
2757 4713 2998 4782 pr0pter
3025 4727 3147 4775 eos,
3178 4728 3326 4783 quos
3358 4711 3628 4767 hesterno
3659 4709 3754 4767 die

2099 4799 2331 4852 curatos
2359 4795 2642 4865 viderant,
2675 4799 3010 4871 congregati
3043 4804 3432 4856 accesserunt.
3472 4800 3571 4855 Ille
3612 4815 3748 4855 vero

2096 4883 2391 4957 impositis
2420 4902 2598 4957 super
2626 4901 2726 4942 eos
2757 4888 3031 4945 manibus
3062 4892 3119 4945 et
3150 4892 3416 4961 precatus
3437 4887 3744 4944 confestim

2097 4974 2341 5043 sanavit,
2374 4974 2749 5046 precepitque
2805 4992 2939 5032 cum
2970 4977 3066 5047 iis,
3094 4981 3222 5033 tum
3257 4977 3409 5043 aliis,
3443 4982 3507 5033 ut
3536 4975 3748 5048 majori

2096 5078 2268 5119 mane
2298 5063 2705 5119 convenirent:
2738 5068 2916 5137 atque
2943 5066 3121 5136 lotus,
3176 5066 3425 5137 ciboque
3481 5070 3744 5139 sumpto,

2094 5168 2302 5209 somno
2332 5168 2393 5207 se
2421 5151 2685 5209 tradidit.

1699 5270 1941 5327 VARIIE
1987 5266 2397 5327 LECTIONES.

409 5367 625 5440 “‘Post
645 5361 869 5440 καρδία)
902 5370 942 5425 C
970 5367 1351 5425 inserendum
1382 5370 1560 5440 putat
1576 5369 1674 5421 τοῦ
1701 5368 1790 5423 vel
1822 5370 1976 5423 Θεοῦ.
2007 5368 2122 5440 Cfr.
2157 5381 2292 5440 e._g.
2328 5363 2485 5440 hom.
2514 5367 2691 5440 x1,_24
2725 5368 2993 5440 Fortasse
3040 5372 3147 5423 τῶν
3197 5365 3343 5423 ὅλων
3395 5369 3745 5427 mutandum

410 5386 455 5407 "
487 5386 625 5423 rosn
645 5386 714 5421 κα
754 5386 768 5420 ι

332 5440 397 5495 in
425 5438 519 5492 τὸν
545 5442 680 5492 Θεοῦ

328 5528 465 5566 curn
518 5511 720 5564 sanavi
764 5526 816 5565 c.
866 5510 929 5565 Ο.
963 5513 1067 5582 Ap.
1100 5511 1142 5567 Ο
1187 5515 1278 5567 est
1323 5509 1467 5564 οὕτω
1494 5510 1557 5563 τὸ
1588 5509 1729 5563 θεῖον
1767 5510 1940 5585 ἅγιον.
1986 5516 2069 5567 Ita
2110 5509 2294 5635 con'get

328 5582 375 5618 ²³
405 5578 463 5635 δέ
495 5584 857 5635 subnotatur
884 5582 944 5635 in
976 5584 1041 5635 Ο-
1076 5584 1146 5635 ad
1174 5584 1291 5635 cui.
1323 5598 1485 5635 oram
1516 5576 1624 5635 δία.
1700 5582 1747 5616 ²⁴
1781 5582 2082 5635 θελήσωσιν
2131 5581 2222 5635 ἀνε
2263 5583 2294 5632 ιῖ

325 5578 463 5654 ξ³ιδὲ
495 5584 857 5654 subnotatur
884 5582 944 5636 in
976 5576 1041 5649 σ,
1076 5584 1291 5654 δόρυ).
1323 5576 1624 5654 οτειωᾲδία.
1654 5647 1673 5654 Δ
1700 5576 2098 5654 θέθελήσωσιν
2131 5576 2391 5654 ἀνελῶσιν
2437 5583 2476 5635 C

872 5440 917 5514 ξο
946 5441 1030 5496 Ita
1058 5440 1183 5514 Ogc.
1217 5430 1401 5514 marg;
1436 5439 1609 5514 Ci,_in
1640 5440 1810 5514 cujus
1834 5444 1995 5496 textu
2026 5438 2117 5493 καί
2190 5430 2270 5514 ’{V
2285 5430 2447 5514 μόνον
2484 5430 2630 5514 ρξ’
2661 5439 2748 5494 Ita
2776 5439 2971 5514 locum
3001 5449 3338 5514 corruptum
3363 5447 3538 5513 atque
3570 5458 3746 5496 man—

2248 5504 2355 5563 ect.
2389 5510 2522 5562 Θεοῦ
2557 5504 2704 5616 ἅγιον
2736 5511 2821 5565 vel
2870 5515 3002 5565 Θεοῦ
3036 5504 3274 5584 audam
3306 5531 3419 5568 non
3442 5504 3598 5585 opus
3630 5519 3736 5570 est.

2248 5583 2391 5616 .5.-.“
2437 5583 2475 5616 Π
2576 5582 2597 5615 2
2651 5579 2784 5616 ξυνίῃ.
2820 5583 3012 5616 ηιξᾹῖδῖ
3047 5602 3073 5616 η
3128 5585 3172 5616 n
3233 5585 3480 5616 nlik:nl‘n
3508 5579 3646 5616 λυὲἰῗι
3676 5584 3713 5616 α

2576 5579 2621 5653 2⁵
2651 5579 2784 5635 ἑκών
2819 5583 3017 5638 addidi
3046 5602 3095 5640 c.
3128 5579 3193 5650 Ο,
3233 5579 3646 5653 subinde-ﬁndi}:
3676 5584 3737 5641 S.

322 5650 511 5735 lxddm
544 5652 711 5735 C,_
784 5653 849 5735 ⁸⁸·
992 5647 1054 5735 8,
1096 5650 1182 5735 ,τό-
1226 5647 1289 5720 C,
1318 5654 1385 5709 Ο.
1448 5647 1986 5735 ,ἐπιδιδόντεςα
2062 5653 2107 5689 ²⁸
2164 5652 2292 5727 χθὲς
2352 5650 2417 5709 Ο.
2494 5652 2539 5687 ²⁹
2568 5652 2711 5712 ItaO
2741 5670 2791 5711 c.
2823 5658 2881 5728 8,
2912 5647 3198 5735 προσίεσαν
3240 5656 3300 5715 C.
3356 5656 3403 5693 3°
3452 5647 3743 5731 ὁρθριῶτε·

324 5744 418 5805 ρον
447 5720 537 5785 Cl.
569 5720 633 5781 οι
658 5729 719 5794 8,
750 5722 855 5797 qui
882 5723 978 5783 hic
1006 5720 1065 5782 et
1091 5725 1247 5782 infra
1270 5723 1495 5783 mavult
1523 5720 1914 5805 ὀρθριαίτερον.
