4112 6344
418 368 541 434 259

1039 504 1337 560 HOMILIA
1375 503 1438 557 X.

489 613 535 669 Ι.
569 611 762 668 Tertio
801 610 1000 684 itaque
1054 611 1210 683 apud
1254 608 1537 682 Tripolim
1569 609 1662 667 die
1714 608 2009 666 maturius
2038 624 2069 665 e

419 717 626 759 somno
665 699 987 756 suscitatus
1017 703 1225 755 Petrus
1256 699 1586 771 ingreditur
1615 699 1676 754 in
1699 700 1933 755 hortum
1967 698 2067 754 ubi

416 791 626 863 ingens
657 793 783 845 erat
812 805 979 860 aquae
1010 787 1467 860 receptaculum,
1500 788 1558 843 in
1588 789 1744 860 quod
1793 788 2067 845 continue

420 878 677 953 plurima
702 877 917 933 ﬂuebat
948 877 1122 934 unda.
1154 877 1241 932 Ibi
1271 876 1426 933 lotus
1458 877 1657 948 sicque
1688 881 1889 948 postea
1936 892 2066 948 pre-

421 971 588 1023 catus
635 966 949 1023 consedit:
1006 982 1111 1021 nos
1151 982 1284 1021 vero
1333 966 1830 1022 circumsedentes
1888 982 1955 1021 ac
2005 965 2065 1021 in

421 1070 557 1111 eum
588 1054 987 1126 respicientes,
1018 1053 1188 1125 quasi
1217 1053 1314 1123 qui
1347 1052 1568 1125 aliquid
1596 1053 2065 1110 desideraremus

420 1143 643 1212 audire,
675 1142 1144 1199 animadvertens
1175 1141 1356 1199 dixit:

492 1232 562 1288 II.
595 1231 779 1287 Multa
810 1230 953 1286 mihi
984 1230 1217 1286 videtur
1234 1246 1363 1286 esse
1392 1229 1886 1286 differentiainter
1907 1228 2067 1303 igna-

419 1337 517 1377 ros
546 1324 604 1376 et
631 1324 913 1376 errantes.
964 1319 1068 1383 Qui
1129 1319 1286 1375 enim
1340 1319 1589 1391 ignorat,
1642 1318 1872 1374 videtur
1918 1317 2064 1374 mihi

418 1409 635 1467 similis
664 1425 793 1465 esse
815 1408 1038 1464 homini
1061 1409 1128 1464 ad
1150 1407 1485 1480 praeclaram
1509 1408 1799 1464 civitatem
1824 1423 2063 1479 pergere

416 1498 655 1565 nolenti,
692 1497 921 1553 inscitia
951 1498 1238 1553 bonorum
1269 1497 1349 1552 ibi
1382 1497 1745 1569 positorum;
1778 1497 1880 1568 qui
1927 1512 2060 1553 vero

412 1592 587 1657 errat,
622 1587 845 1643 homini
891 1587 1094 1643 scienti
1141 1588 1376 1659 quidem
1436 1587 1689 1643 civitatis
1738 1587 1908 1657 bona,
1958 1587 2061 1643 sed

409 1676 506 1746 qui
542 1676 600 1731 in
634 1677 839 1732 itinere
865 1682 1139 1747 suscepto
1171 1677 1446 1732 semitam
1479 1676 1792 1733 mutaverit
1812 1676 2059 1749 ideoque

410 1765 717 1821 aberrarit.
752 1765 835 1820 Ad
877 1781 1011 1821 eum
1064 1764 1244 1837 igitur
1293 1766 1533 1821 modum
1584 1769 1726 1837 puto
1783 1782 2057 1838 magnam

408 1869 537 1910 esse
563 1853 950 1909 ditlercntiam
980 1853 1133 1910 inter
1161 1853 1455 1910 idolorum
1488 1852 1742 1911 cultores
1759 1858 1815 1911 et
1835 1870 1935 1911 eos
1957 1853 2058 1926 qui
2086 1871 2136 1938 Β

410 1941 472 1997 in
506 1958 641 1999 vera
684 1941 915 2015 regione
964 1946 1224 2015 peccant.
1274 1942 1422 1997 Nam
1465 1942 1755 1999 idolorum
1803 1942 2055 1999 cultores

410 2030 591 2085 vitam
625 2034 899 2086 aeternam
932 2032 1222 2102 nesciunt,
1256 2048 1433 2103 quam
1461 2031 1590 2087 ideo
1614 2047 1719 2087 nec
1740 2036 2052 2104 appetunt:

412 2120 567 2190 quod
617 2119 774 2174 enim
819 2119 1111 2192 ignorant,
1171 2137 1286 2175 non
1338 2125 1587 2192 possunt
1635 2120 1895 2193 diligere.
1945 2119 2054 2187 Qui

406 2211 604 2263 autem
638 2225 822 2263 unum
864 2213 1045 2263 Deum
1095 2207 1282 2263 colere
1334 2209 1445 2264 sibi
1494 2213 1944 2281 proposuerunt,
1997 2212 2057 2266 et

406 2298 683 2351 aeternam
714 2296 893 2351 vitam
930 2296 1098 2352 bonis
1128 2297 1325 2353 datam
1373 2298 1560 2353 edocti
1610 2302 1767 2368 sunt,
1818 2297 1868 2353 si
1912 2298 2055 2369 quid

410 2389 613 2439 contra
643 2385 1000 2440 voluntatem
1032 2384 1134 2441 Dei
1165 2392 1267 2441 aut
1296 2386 1764 2442 crediderintaut
1792 2386 2053 2454 fecerint,

408 2471 819 2529 assimilantur
848 2474 921 2528 iis
951 2473 1048 2544 qui
1079 2491 1146 2529 ex
1176 2475 1428 2546 supplici
1459 2474 1691 2531 civitate
1712 2479 2051 2547 eruperunt,

407 2565 473 2615 ut
502 2561 765 2617 venirent
820 2563 893 2617 ad
947 2564 1149 2619 urbem
1202 2563 1517 2632 felicitatis,
1560 2569 1735 2637 atque
1784 2565 1991 2620 itinere
2021 2582 2055 2621 a

408 2654 567 2704 recta
595 2649 687 2705 via
718 2651 1081 2706 aberrarunt.

477 2737 574 2793 III.
605 2742 737 2793 Haec
768 2756 902 2795 cum
944 2740 1116 2796 nobis
1169 2739 1472 2809 edisseret,
1518 2741 1819 2814 ingressus
1867 2744 1955 2797 est
2002 2740 2053 2797 is

406 2826 509 2896 qui
566 2827 636 2882 ad
690 2827 1033 2899 hujusmodi
1080 2829 1380 2885 referenda
1428 2830 1757 2886 destinatus
1815 2833 1937 2886 erat
1984 2846 2055 2886 ex

404 2916 642 2983 nostris,
678 2921 741 2971 ut
772 2916 1068 2973 nuntiaret
1100 2917 1179 2972 illi
1207 2934 1220 2971 :
1256 2934 1469 2990 magna
1500 2918 1808 2973 hominum
1860 2918 2053 2975 multi-

398 3004 563 3070 tudo,
596 3004 833 3062 domine
863 3006 941 3061 mi
971 3007 1158 3072 Petre,
1192 3023 1296 3078 pro
1328 3007 1548 3063 foribus
1581 3011 1716 3063 stat.
1753 3008 1889 3078 Ejus
1914 3024 2052 3080 ergo

399 3093 691 3164 permissu
724 3093 966 3151 intravit
996 3112 1209 3168 magna
1238 3095 1545 3151 hominum
1578 3095 1923 3168 frequentia.
1954 3096 2054 3152 Ille

400 3196 536 3237 vero
567 3198 815 3252 surgens
847 3187 905 3238 et
925 3182 984 3238 in
1018 3185 1142 3240 basi
1166 3183 1441 3240 hesterna
1471 3184 1719 3256 positus,
1752 3202 1885 3240 cum
1916 3184 2049 3241 reli-

1224 369 1290 431 S.
1336 364 1779 432 CLEMENTIS
1826 366 1849 430 Ι
1895 365 2086 431 ROM.
2134 362 2365 430 PUNT.
2411 364 2671 431 OPERA
2716 365 2979 433 DUBIA.

2092 502 2141 570 A

3700 361 3821 432 260

2778 501 3025 555 ὋΜΙΔΙΔ
3067 500 3105 555 Ῑ’
3143 500 3188 537 ²¹
3199 544 3212 555 .

2250 612 2295 663 Ι.
2323 610 2398 680 Τῇ
2454 607 2546 680 μέν
2594 607 2685 662 οὖν
2732 606 2784 662 ἐν
2833 604 3090 684 Τριπόλει
3140 604 3292 681 τρίτῃ
3338 604 3521 682 ἡμέρᾳ
3578 606 3820 684 ὀρθρίτε-

2179 714 2271 771 ρον
2332 698 2379 733 ³⁸
2437 696 2488 766 ἐξ
2547 695 2717 750 ὕπνου
2776 693 3010 769 ἐγερθεὶς
3070 695 3098 750 ὁ
3154 695 3358 772 Πέτρος
3420 695 3498 757 εἷς
3525 696 3616 751 τὸν
3643 699 3819 765 γῆπον

2179 782 2350 859 είσῄει
2388 786 2457 853 ⁸³,
2511 782 2636 848 ἔνθα
2679 784 2746 855 ἦν
2794 782 3112 860 ὑδροχοεῖον
3167 785 3321 860 μέγα,
3373 783 3449 847 είς
3500 784 3529 839 ὅ
3559 782 3825 854 διηνεκῶς

2186 871 2450 928 πλούσιον
2501 868 2678 949 ἔρῥεεν
2724 870 2893 947 ὕδωρ.
2938 875 3083 930 Ἐκεῖ
3128 870 3485 946 λουσάμενος,
3518 873 3610 929 εἶθ’
3645 873 3822 937 οὕτως

2176 961 2463 1035 εὐξάμενος
2512 959 2789 1035 ἐκαθέσθη,
2847 963 2996 1034 ἡμᾶς
3045 958 3103 1016 δὲ
3148 961 3665 1034 περικαθεζομένους
3730 963 3821 1017 καὶ

2175 1050 2253 1113 είς
2282 1050 2439 1106 αὐτὸν
2472 1049 2807 1120 ἀτενίζοντας
2850 1048 3029 1128 ὥσπερ
3076 1048 3300 1105 ἀκοῦσαί
3336 1070 3388 1104 τι
3450 1048 3821 1126 βουλομένους

2174 1138 2371 1212 συνεὶς,
2405 1137 2505 1217 ἔφη
2518 1158 2531 1172 ⁸

2244 1235 2312 1286 II.
2346 1226 2533 1299 Πελλή
2589 1248 2683 1301 μοι
2722 1224 2870 1283 δοκεῖ
2918 1227 3049 1282 εἶναι
3082 1224 3314 1304 διαφορά
3337 1230 3443 1282 τῶν
3475 1225 3818 1303 ἀγνοούντων

2172 1319 2307 1393 πρὸς
2354 1316 2481 1379 τοὺς
2525 1317 3003 1391 πεπλανημένους.
3050 1316 3107 1370 Ὀ
3157 1318 3259 1391 γὰρ
3309 1315 3518 1394 ἀγνοῶν
3584 1316 3815 1372 ἐοικέναι

2175 1427 2268 1481 μοι
2303 1404 2453 1461 δοκεῖ
2478 1403 2630 1480 ἀνδρὶ
2661 1405 2741 1461 ἐπ’
2771 1405 3170 1478 εὐθηνουμένην
3211 1404 3372 1461 πόλιν
3441 1406 3517 1479 μὴ
3566 1406 3738 1482 ὁρμᾷν
3771 1409 3819 1442 ³⁸

2175 1494 2518 1572 βουληθέντι,
2579 1492 2668 1550 διὰ
2718 1494 2781 1549 τὸ
2836 1495 3046 1571 ἀγνοεῖν
3102 1494 3170 1550 τά
3217 1493 3327 1549 ἐκεῖ
3374 1494 3536 1566 καλά,
3571 1496 3599 1549 ὁ
3632 1493 3689 1550 δὲ
3718 1515 3813 1550 πε-

2169 1582 2522 1657 πλανημένος
2573 1583 2792 1658 μαθόντι
2847 1585 2940 1657 μὲν
2990 1585 3058 1638 τὰ
3112 1585 3248 1638 κατά
3299 1584 3397 1652 τὴν
3430 1582 3591 1638 πόλιν
3625 1583 3814 1660 ἀγαθὲ,

2170 1672 2223 1729 ἐν
2254 1671 2314 1728 δὲ
2363 1678 2443 1745 τῷ
2499 1674 2671 1749 ὁρμᾷν
2718 1673 2853 1727 κατά
2898 1674 2997 1742 τὴν
3036 1670 3158 1727 ὁδὸν
3192 1666 3374 1748 τρίϐον
3407 1670 3817 1748 παραλλάξαντι

2168 1764 2257 1817 καὶ
2288 1760 2379 1817 διὰ
2422 1766 2585 1818 τοῦτο
2626 1760 2992 1836 πλανωμένῳ.
3026 1761 3207 1823 Οὕτως
3236 1760 3326 1815 οὖν
3362 1782 3457 1834 μοι
3491 1758 3646 1817 δοκεῖ
3671 1762 3813 1818 πολ-

2167 1849 2272 1921 λὴν
2324 1847 2585 1929 διαφορὰν
2633 1850 2764 1907 εἶναι
2812 1855 2920 1905 τῶν
2960 1847 3162 1905 εἷ’δωλα
3196 1845 3461 1906 σεϐόντων
3492 1850 3631 1926 πρὸς
3685 1852 3815 1914 τοὺς

2165 1938 2217 1995 ἐν
2282 1935 2557 2012 θεοσεϐείᾳ
2602 1938 2940 2014 ἀλωμένους.
2992 1937 3054 1993 Ο⁴’ί
3099 1959 3158 1995 τε
3195 1940 3299 2015 γὰρ
3330 1936 3535 1995 είδωλα
3565 1934 3815 2004 σέϐοντες

2165 2027 2418 2105 ἀγνοοῦσι
2459 2030 2558 2099 τήν
2597 2028 2818 2084 αἰώνιον
2855 2028 3022 2098 ζωὴν,
3055 2027 3116 2083 οὗ
3146 2024 3340 2083 εἷ’νεκεν
3371 2025 3497 2083 οὐδὲ
3527 2027 3812 2104 ὀρέγονται

2165 2117 2334 2188 αὐτῆς
2363 2136 2375 2149 ·
2411 2117 2442 2173 8
2492 2117 2596 2193 γὰρ
2649 2118 2727 2191 μὴ
2768 2113 2957 2185 ἴσασιν,
2989 2116 3199 2192 ἀγαπᾷν
3233 2116 3294 2172 οὐ
3319 2114 3588 2174 δύνανται.
3623 2118 3686 2173 Οἱ
3754 2115 3815 2175 δὲ

2162 2206 2253 2261 τὸν
2310 2210 2464 2265 214
2508 2206 2603 2261 ἓνα
2645 2205 2772 2261 Θεόν
2813 2200 2983 2260 σέϐειν
3007 2204 3259 2278 ἑλόμενοι
3288 2204 3379 2261 καὶ
3409 2205 3631 2260 αἰώνιον
3666 2208 3812 2276 ζωὴν

2162 2299 2279 2356 τοῖς
2327 2295 2550 2370 ἀγαθοῖς
2600 2291 2897 2367 δεδομένην
2941 2292 3339 2366 μεμαθηκότες,
3379 2293 3466 2349 ἐάν
3493 2315 3544 2348 τι
3574 2294 3721 2369 παρά
3748 2297 3815 2350 τὰ

2166 2379 2429 2438 δοκοῦντα
2470 2388 2548 2455 τῷ
2595 2387 2709 2454 Θεῷ
2750 2382 2786 2451 ἥ
2838 2381 3193 2437 πιστεύσωσιν
3244 2384 3569 2454 ποιήσωσιν,
3603 2381 3808 2438 ἐοίκασι

2163 2477 2279 2533 τοῖς
2311 2473 2409 2541 τήν
2437 2474 2481 2508 ³⁸
2507 2472 2601 2545 μὶν
2620 2468 2781 2525 πόλιν
2798 2477 2898 2540 τῆς
2927 2468 3199 2546 τιμωρίας
3225 2465 3601 2543 ἐκϐεϐηκόσιν,
3633 2469 3809 2527 ἐλθεῖν

2168 2557 2225 2615 δὲ
2256 2560 2330 2623 εἷς
2358 2562 2455 2630 τὴν
2508 2558 2910 2633 εὖθηνουμένην
2962 2562 3007 2595 ³⁸
3054 2558 3476 2633 [ἐπιθυμοῦσιν],
3519 2560 3608 2614 καὶ
3655 2560 3707 2616 ἐν
3738 2565 3809 2635 τῇ

2167 2646 2278 2721 ὁδῷ
2304 2651 2402 2718 τῆς
2439 2649 2641 2704 εὐθείας
2670 2653 3043 2719 πλανηθεῖσιν.

2236 2744 2328 2794 ΙΙΙ.
2359 2742 2533 2794 Ταῦτα
2562 2737 2725 2793 αὐτοῦ
2756 2735 3143 2811 διαλεγομένου
3173 2739 3308 2810 ἡμῖν
3350 2734 3518 2811 εἰσῄει
3564 2758 3651 2800 τις
3700 2741 3810 2793 τῶν

2164 2827 2446 2902 ἡμετέρων
2497 2827 2525 2881 ὁ
2570 2825 2656 2882 ἐπὶ
2712 2830 2792 2898 τῷ
2852 2822 3213 2902 ἀπαγγέλλειν
3264 2824 3410 2898 αύτῷ
3462 2824 3529 2881 τὰ
3581 2829 3806 2881 τοιαῦτα

2163 2916 2507 2986 καθεστηκὼς
2537 2913 2709 2991 λέγων
2738 2917 2801 2972 ³⁷.
2834 2912 3039 2969 πολλοὶ
3071 2910 3264 2989 ὄχλοι,
3298 2913 3452 2990 κύριέ
3477 2934 3580 2987 μου
3612 2912 3806 2990 Πέτρε,

2161 3003 2269 3078 πρὸ
2322 3008 2429 3060 τῶν
2487 3006 2664 3079 θυρῶν
2721 3002 3025 3073 ἑστήκασιν.
3078 3002 3492 3076 Ἐπιτρέψαντος
3517 3002 3606 3057 οὗν
3641 3001 3807 3057 αὐτοῦ

2161 3091 2338 3155 πολὺς
2368 3091 2679 3162 ἐπεισῆλθεν
2711 3089 2907 3167 ὄχλος.
2940 3091 2996 3145 Ὀ
3027 3087 3085 3145 δὲ
3114 3088 3351 3165 ἐγερθεὶς
3374 3090 3461 3145 καὶ
3487 3094 3554 3164 τῇ
3580 3089 3735 3166 ἐχθὲς
3759 3093 3807 3129 ³⁸

2168 3182 2316 3257 βάσει
2375 3180 2612 3254 ἐπιστὰς,
2664 3185 2745 3253 τῷ
2784 3182 2882 3249 τῆς
2925 3174 3226 3243 θεοσεϐείας
3274 3174 3378 3242 ἔθει
3433 3179 3805 3255 προσαγορεύ-

401 3268 592 3339 gionis
627 3235 740 3325 ritu
766 3270 1100 3339 salutasset,
1129 3273 1311 3329 dixit:
1345 3235 1777 3344 Deifcreatoris
1810 3274 1937 3329 cmli
1996 3277 2053 3330 et

2171 3235 2290 3257 Γηκ-
2476 3235 2518 3237 η
2575 3235 2612 3254 .,
2680 3235 2728 3253 κ,
2840 3235 2879 3249 ι-
2930 3235 2951 3243 υ
3211 3235 3223 3241 -
3308 3235 3327 3242 ν
3478 3235 3486 3255 I
3626 3235 3692 3255 ιι

2171 3291 2283 3341 σας,
2346 3268 2469 3348 ἔφη·
2531 3274 2665 3325 Θεοῦ
2724 3274 2824 3324 τοῦ
2881 3268 2971 3323 τὸν
3004 3267 3228 3345 οὐρανὸν
3259 3266 3533 3330 κτίσαντος
3563 3266 3653 3322 καὶ
3704 3269 3805 3338 τήν

399 3361 570 3413 terrae
602 3361 983 3433 omniumque
1014 3360 1084 3417 iis
1126 3365 1533 3418 contentorum
1594 3363 1680 3433 (ut
1726 3379 1898 3418 verus
1946 3380 2052 3420 nos

400 3443 598 3499 docuit
626 3446 929 3518 propheta)
961 3448 1034 3504 ad
1064 3448 1378 3521 imaginem
1410 3452 1465 3504 et
1496 3450 1567 3505 ad
1601 3448 2051 3505 similitudinem

397 3529 575 3588 homo
611 3533 819 3603 factus,
852 3535 1211 3593 constitutus
1239 3541 1329 3593 est
1349 3541 1413 3592 ut
1433 3537 1751 3609 imperaret
1775 3554 1841 3593 ac
1863 3538 2050 3593 domi-

395 3624 657 3689 naretur,
692 3623 820 3678 dico
855 3629 1051 3680 autem
1081 3624 1139 3680 in
1173 3642 1242 3682 ea
1276 3642 1406 3697 quae
1436 3631 1574 3681 sunt
1604 3625 1662 3681 in
1698 3643 1848 3693 aere,
1898 3631 2055 3682 terra

394 3713 456 3764 et
489 3710 682 3781 aquis,
716 3714 1215 3782 quemadmodum
1260 3730 1329 3769 ex
1377 3715 1506 3785 ipsa
1556 3732 1616 3770 re
1659 3731 1893 3771 cernere
1942 3720 2049 3771 est.

398 3800 547 3852 Nam
581 3798 873 3856 industria
905 3817 1010 3857 sua
1041 3818 1166 3873 quae
1198 3802 1257 3857 in
1288 3819 1419 3858 aere
1465 3808 1778 3859 versantur
1829 3804 2048 3874 dejicit,

400 3902 529 3956 quae
559 3885 618 3942 in
650 3888 940 3959 profundo
965 3890 1186 3963 degunt
1214 3890 1457 3963 extollit,
1492 3910 1617 3964 quas
1650 3897 1861 3949 terram
1891 3894 2051 3949 inco-

398 3972 531 4029 lunt
558 3980 824 4045 venatur,
858 3978 1126 4050 quamvis
1157 3980 1362 4036 robore
1394 3981 1649 4037 multum
1681 3998 1747 4037 eo
1771 3986 2052 4053 praastan-

394 4061 567 4129 tiora,
601 4061 942 4136 elephantos
974 4069 1207 4138 inquam
1242 4072 1299 4125 et
1328 4067 1525 4126 leones
1555 4086 1620 4125 ac
1654 4069 1746 4126 his
1776 4070 2014 4127 similia.

466 4169 560 4223 IV.
594 4170 860 4234 Quandiu
895 4189 1031 4246 ergo
1056 4175 1256 4245 justus
1289 4177 1535 4245 exstitit,
1570 4177 1850 4233 omnibus
1880 4178 2052 4235 malis

393 4256 661 4328 superior
694 4258 825 4328 fuit,
860 4277 927 4316 ac
957 4261 1112 4318 velut
1140 4261 1199 4318 in
1233 4280 1471 4336 corpore
1522 4264 1838 4321 immortali
1881 4281 2051 4338 expe-

391 4345 706 4403 rimentum
742 4348 961 4405 doloris
990 4366 1196 4423 capere
1227 4369 1343 4408 non
1387 4352 1659 4424 poterat.’
1692 4354 1803 4410 Ubi
1856 4359 2052 4411 autem

390 4435 670 4505 peccavit,
702 4436 854 4493 sicut
893 4438 985 4494 die
1037 4439 1308 4497 hesterno
1365 4445 1422 4496 et
1468 4440 1636 4497 illum
1691 4444 2053 4515 praecedente

392 4524 759 4587 ostendimus
784 4530 1065 4598 tanquam
1101 4529 1287 4585 factus
1319 4546 1524 4586 servus
1557 4531 1783 4601 peccati
1822 4532 2050 4589 cunctis

2162 3365 2263 3436 γῆν
2295 3360 2384 3414 καὶ
2414 3358 2588 3414 πάντα
2641 3358 2708 3413 τά
2768 3356 2818 3412 ἐν
2859 3358 3041 3419 αὐτοῖς
3073 3355 3457 3427 πεποιηκότος,
3491 3355 3565 3417 ὡς
3597 3357 3625 3411 ὁ
3664 3355 3806 3428 ἀλη-

2160 3449 2258 3517 θὴς
2286 3450 2421 3521 ἡμῖν
2451 3446 2633 3525 εἷ’ρηκε
2661 3450 2707 3485 3°
2735 3448 3047 3523 προφήτης,
3076 3446 3103 3500 ὁ
3134 3445 3417 3521 ἅτθρωπος
3456 3451 3571 3500 κατ’
3622 3444 3806 3500 εἰκόνα

2161 3536 2251 3591 καὶ
2302 3538 2421 3600 καθ’
2466 3536 2728 3610 ὁμοίωσιν
2783 3535 3023 3611 γεγονὼς
3084 3532 3272 3610 ἄρχειν
3324 3533 3502 3587 τεκαὶ
3541 3534 3806 3606 κυριεύειν

2162 3627 2480 3697 κατεστάθη,
2512 3624 2661 3700 λέγω
2693 3622 2751 3680 δὲ
2804 3626 2911 3680 τῶν
2972 3622 3023 3679 ἐν
3056 3623 3172 3698 ἀέρι
3229 3622 3318 3677 καὶ
3346 3626 3417 3698 γῇ
3453 3622 3540 3676 καὶ
3600 3620 3805 3696 ὕδασιν,

2165 3715 2240 3777 ὡς
2272 3717 2315 3752 ⁸⁸
2346 3714 2396 3785 ἐξ
2454 3714 2617 3769 αὐτοῦ
2668 3718 2766 3768 τοῦ
2822 3713 3141 3788 πράγματος
3171 3707 3279 3766 ἔστι
3312 3708 3565 3778 συνιδεῖν,
3597 3710 3677 3766 ὅτι
3738 3715 3806 3785 τῇ

2163 3802 2354 3856 ἑαυτοῦ
2412 3801 2615 3856 συνέσει
2669 3804 2738 3856 τὰ
2800 3801 2894 3873 μὲν
2947 3800 2997 3855 ἐν
3057 3799 3177 3875 ἀέρι
3232 3798 3380 3876 φέρει
3438 3797 3703 3865 κάτω,τά
3759 3798 3810 3855 ἐν

2169 3892 2319 3966 βυθῷ
2364 3890 2543 3967 ἀνάγει
2591 3892 2723 3962 ἄνω,
2774 3890 2841 3945 τά
2888 3888 2939 3945 ἐν
2995 3891 3065 3965 γῇ
3099 3887 3333 3965 ἀγρεύει,
3365 3884 3455 3942 καί
3483 3887 3569 3941 τοί
3601 3908 3665 3962 γε
3691 3888 3809 3943 κατ’

2164 3978 2338 4049 ἀλκὴν
2362 3979 2526 4034 αὐτοῦ
2574 3978 2770 4051 πολλῷ
2822 3978 3039 4052 μείζονα
3068 3976 3214 4047 ὅντα,
3251 3975 3398 4051 λέγω
3430 3972 3486 4030 δὲ
3516 3974 3811 4054 ἐλέφαντας

2159 4068 2250 4123 καὶ
2280 4067 2501 4131 λέοντας
2529 4068 2621 4123 καὶ
2658 4067 2725 4123 τά
2752 4067 2967 4129 τούτοις
2997 4063 3356 4143 παραπλήσια
3386 4067 3454 4121 ⁴¹.

2233 4178 2327 4234 IV.
2383 4177 2509 4230 Ὅτε
2560 4174 2653 4249 μέν
2700 4195 2788 4230 τοι
2838 4171 3045 4235 δίκαιος
3094 4171 3412 4247 ἐτύγχανεν,
3453 4168 3542 4225 καὶ
3592 4164 3808 4224 πάντων

2160 4264 2498 4339 παθημάτων
2550 4266 2821 4327 ἀνώτατος
2863 4264 3011 4322 215
3063 4261 3151 4336 ἦν,
3201 4260 3274 4323 ὡς
3317 4259 3563 4332 ἀθανάτῳ
3594 4259 3807 4331 σώματι

2160 4358 2256 4409 τοῦ
2288 4351 2470 4430 ἀλγεῖν
2503 4358 2691 4430 πεῖραν
2723 4347 2911 4408 λαϐεῖν
2948 4352 3024 4426 μὴ
3058 4350 3377 4426 ἀυνάμενοςξ
3408 4347 3497 4404 ὅτε
3524 4345 3583 4402 δὲ
3628 4346 3810 4422 ἦμαρ-

2158 4464 2271 4513 τεν,
2331 4442 2407 4505 ὡς
2458 4442 2615 4517 ἐχθὲς
2646 4444 2692 4478 ⁴²
2739 4440 2828 4496 καὶ
2873 4444 2942 4515 τῇ
3000 4440 3106 4514 πρὸ
3154 4438 3324 4509 αὐτῆς
3374 4434 3671 4510 ἐδείξαμεν,
3732 4436 3810 4498 ὡς

2163 4528 2360 4593 δοῦλος
2413 4531 2656 4605 γεγονὼς
2710 4536 2812 4599 τῆς
2868 4528 3133 4602 ἀμαρτίας
3187 4532 3346 4581 πᾶσιν
3417 4523 3645 4580 ὑπέπεσε
3689 4529 3807 4587 τοῖς

392 4612 873 4683 perpessionibus
912 4617 1207 4687 subjacuit
1248 4621 1306 4673 et
1352 4618 1630 4674 omnibus
1674 4619 1844 4676 bonis
1885 4621 2048 4691 justo

2171 4620 2490 4693 παθήμασιν,
2550 4622 2759 4675 πάντων
2816 4618 3000 4674 καλῶν
3060 4614 3242 4689 δικαίᾳ
3295 4612 3469 4691 κρίσει
3504 4611 3799 4684 στερηθείς.

387 4699 608 4769 judicio
638 4702 900 4773 privatus
932 4710 1039 4760 est.
1072 4706 1237 4761 Haud
1268 4707 1425 4762 enim
1457 4724 1690 4780 aequum
1722 4708 1947 4777 fuisset,
1979 4713 2045 4766 ut

391 4785 594 4843 relicto
625 4787 827 4846 datore
856 4792 993 4847 data
1023 4794 1178 4865 apud
1214 4793 1473 4865 ingratos
1506 4800 1833 4852 manerent.
1880 4796 2043 4854 Unde

388 4889 495 4945 per
520 4885 969 4949 exsuperantem
1029 4881 1513 4951 misericordiam,
1571 4900 1686 4955 quo
1739 4900 1855 4940 una
1906 4901 2039 4943 cum

390 4963 685 5035 prioribus
707 4967 905 5025 futura
926 4986 1157 5043 quoque
1176 4975 1390 5028 aeterna
1411 4971 1846 5045 perciperemus
1864 4972 2037 5047 bona,

2152 4707 2226 4764 Οὐ
2256 4709 2360 4786 γὰρ
2411 4707 2639 4785 εὔλογον
2683 4709 2770 4781 ἦν,
2818 4711 2916 4763 τοῦ
2962 4703 3266 4767 δεδωκότος
3295 4700 3807 4780 ἐγκαταλειφθέντος

2149 4797 2219 4852 τὰ
2278 4795 2495 4853 δοθέντα
2548 4796 2874 4874 παραμένειν
2926 4801 3042 4857 τοῖς
3114 4794 3447 4871 ἀγνώμοσιν.
3528 4792 3677 4845 Ὃθεν
3754 4788 3807 4860 ἐξ

2151 4881 2605 4961 ὑπερϐαλλούσης
2634 4884 2800 4941 αὐτοῦ
2826 4882 3232 4961 εὐσπλαγχνίας
3286 4880 3425 4957 πρὸς
3483 4878 3544 4934 τὸ
3591 4876 3804 4933 ἀπολα-

2148 4968 2260 5030 ϐεῖν
2293 4976 2338 5012 ⁸³
2365 4980 2513 5049 ῆμᾶς
2544 4973 2658 5049 ἅμα
2684 4979 2799 5037 τοῖς
2838 4974 3077 5048 πρώτοις
3108 4971 3197 5027 καὶ
3235 4971 3306 5027 τὰ
3334 4968 3564 5043 ἐσόμενα
3612 4964 3809 5022 αίώνια

1756 5133 1999 5191 VARI/ﬁ
2037 5135 2448 5193 LECTIONES.

470 5247 513 5331 ξί
547 5246 739 5335 δεκάτη
774 5255 837 5309 Ο.
913 5255 960 5335 δξ
990 5253 1349 5335 όρθριώτερον
1380 5255 1460 5335 Cl.
1493 5260 1550 5312 et
1578 5255 1637 5311 S.
1715 5256 1761 5291 ³³
1790 5254 1959 5335 εἷ’σῄει
1987 5260 2051 5335 _S,
2082 5260 2149 5335 Ο,
2181 5258 2334 5315 εῗσίει
2363 5262 2604 5335 Ο.Τιιιῃ
2633 5256 2953 5335 ὖδροχοεῖον
2981 5265 3036 5325 S,
3062 5254 3436 5335 6890161‘010,
3460 5255 3533 5335 O._
3604 5252 3651 5335 ’_‘
3674 5248 3806 5335 ἆρᾷν

396 5317 443 5407 9
475 5319 533 5407 in
564 5317 746 5407 textu,
790 5328 951 5407 quod
1092 5317 1279 5407 'niarg'.
1339 5317 2050 5407 ead._man._corre§itnin'
2074 5317 2137 5407 ὁρ

394 5386 900 5473 βσύλεσθαιιχυίο.
962 5400 1022 5473 f3
1048 5400 1149 5473 τήν
1200 5386 1433 5473 οἷα-Ο.
1482 5398 1631 5473 Tum
1682 5400 1836 5473 idem
1887 5386 2122 5473 ἐκϐεοηκ

2125 5279 2149 5331 ν,
2181 5278 2334 5315 εισιει
2363 5278 2421 5317 ι).
2452 5278 2601 5317 ϊυω
2633 5278 2953 5385 υοροέἒοειον
2981 5278 3036 5325 δ,
3062 5278 3352 5334 υοροχοιον
3376 5278 3436 5324 ιι,
3460 5278 3533 5338 υ..
3604 5278 3650 5288 -ν
3674 5278 3806 5325 αρᾳν

2125 5351 2137 5385 ›
2189 5336 2266 5403 ᾷν.
2300 5334 2557 5389 Subinde
2583 5329 2758 5405 βουλη
2824 5352 2902 5385 ντι
2935 5349 3003 5388 ex
3033 5332 3275 5387 con'ect.
3310 5328 3394 5397 Ci,
3443 5342 3555 5395 cu].
3614 5328 3808 5405 textus

2125 5352 2261 5459 όάιν.
2322 5411 2387 5459 ut
2428 5405 2579 5459 coni.
2612 5408 2671 5459 Ο.
2704 5405 2763 5459 in
2795 5405 2913 5459 cui.
2946 5408 3109 5459 textu
3136 5347 3515 5459 ἐκϐεϐοηκόσι.
3547 5394 3807 5450 Subinde

2158 5424 2188 5456 σ

2193 5394 2261 5473 iv,
2322 5411 2387 5460 ut
2428 5405 2555 5475 conj
2571 5394 2593 5458 .’
2612 5408 2671 5471 C,
2704 5394 2913 5475 inrcuj.
2946 5408 3109 5459 textu
3136 5394 3807 5475 EX6‘869n%60L:SUpjn'd8

390 5460 614 5564 ipser‘ui
646 5460 705 5564 ἒξ.
738 5483 787 5534 c,
815 5472 882 5553 ς).
959 5470 1011 5564 ῖς)
1051 5460 1729 5564 Ιεύθυζουμέτζνηνηοηοιῇὶ
1784 5471 2007 5564 Ιοοιξοφ
2046 5460 2431 5564 subsequenti
2456 5460 3187 5564 ξοὲοείρείίιτεῖθυμορσιν]
3216 5460 3803 5564 Dein'de‘za5lseoezf‘g

389 5533 471 5588 id.
534 5550 584 5589 c.
646 5534 712 5605 D,
767 5533 865 5603 τὴν
924 5538 1127 5595 εὐθείαν
1186 5545 1247 5599 C.
1289 5533 1367 5577 ’³⁷
1407 5533 1596 5609 ’τῶνὴ

385 5603 430 5639 ³⁸
456 5603 590 5686 χθές
621 5607 686 5672 Ο·
763 5608 911 5686 ³⁵-ὡς
941 5610 1155 5686 ᾇληθής
1183 5609 1393 5686 εἴρηκεν
1418 5615 1553 5684 ἡμῖν
1584 5561 1651 5686 ιδ

767 5536 868 5621 Ξήγ
924 5538 1127 5621 stipata?
1290 5536 1367 5577 ’³⁷
1407 5536 1529 5621 τῶν
1562 5536 1866 5621 ἡμετέρων.
1894 5541 2123 5621 ἐπὶ-..τῷ
2180 5536 2505 5621 ἀπαγγελεῖν
2546 5536 2713 5617 αὐτῷ,
2749 5536 2787 5599 δ
2806 5536 3422 5621 τά-τόιαῦταβιαθ-εστηκ

1589 5559 1844 5667 Εετεροων
1900 5559 2013 5634 em"
2043 5559 2123 5618 τῷ
2180 5559 2288 5600 απα
2326 5559 2505 5630 γεΛεῐν
2546 5559 2713 5617 αυτῳ,
2749 5559 2778 5599 Ο
2806 5559 3123 5628 τα.τοιαυτα
3151 5559 3501 5669 καθεστόκως
3532 5559 3643 5662 Λεγι

1639 5655 1651 5667 .
1809 5614 1949 5671 Vbb.
1984 5612 2168 5672 υὸασιν
2198 5617 2273 5680 ὡς
2291 5567 2397 5675 ἷκε
2441 5622 2677 5674 exarata
2707 5621 2848 5675 sunt
2876 5635 2934 5673 ιη
2966 5618 3011 5673 Ο
3114 5617 3157 5654 ⁴¹
3218 5616 3304 5671 Ita
3398 5655 3411 5669 .
3445 5628 3518 5673 ,c.
3560 5608 3643 5671 Ο,

2363 5543 2505 5600 ελεῖν
2546 5536 2713 5617 αὐτῷ,
2749 5536 2787 5599 δ
2806 5544 2874 5600 τὰ
2900 5536 3123 5600 τόιαῦτα
3146 5536 3501 5617 καθεστηκὼς
3531 5536 3708 5617 λέγειν

3697 5608 3803 5659 τῶν

384 5675 602 5741 τούτοις
630 5675 1123 5757 παραπλησίωνᾯί
1196 5675 1243 5722 δέ
1272 5675 1399 5764 ’χθές
1431 5675 1497 5741 ὃ.
1579 5683 1626 5719 ⁸³
1655 5683 1792 5761 πρὸς
1823 5684 1883 5740 τὸ
1916 5685 2208 5745 ἀπολαύειν
2334 5706 2403 5748 ex
2448 5690 2718 5764 conject.,
2764 5688 2900 5764 πρὸς
2945 5691 3026 5763 τῷ
3079 5684 3374 5744 ἀπολαύειν
3413 5683 3495 5740 id.
3527 5680 3589 5738 in
3618 5681 3803 5739 textu.
