4114 6338
63 108 743 299 ,Γ

200 434 299 494 261
1312 425 1836 492 CLEMENTINA.
1874 462 1950 475 —
1981 426 2311 493 HOMILIA
2353 426 2428 491 X.

3453 431 3572 495 262

205 560 370 638 ἅγαθά,
415 562 504 617 τὸν
550 560 715 616 αὑτοῦ
763 555 969 633 ἔπεμψε
1017 560 1329 637 προφήτην.
1372 565 1412 614 Ο
1444 557 1500 615 δὲ
1530 562 1855 637 προφήτης,

1966 580 2103 618 uum
2138 562 2299 618 misit
2327 561 2691 634 prophetam.
2717 559 2823 627 Qui
2857 562 3139 635 propheta
3156 565 3327 622 nobis
3357 584 3575 638 prace-

204 655 322 725 πρὸς
369 653 503 725 ὑμᾶς
554 650 729 725 Λέγειν
780 652 915 722 ἡμῖν
934 652 980 685 ⁴⁴
1028 647 1061 703 ἂ
1112 647 1194 703 δεῖ
1240 654 1450 727 φρονεῖν
1501 650 1591 705 καὶ
1643 654 1817 704 ποιεῖν

1966 650 2030 719 it,
2064 654 2130 705 ut
2158 650 2486 706 diceremus
2518 650 2680 706 vobis
2724 668 2854 722 quae
2904 652 3119 708 sentire
3150 657 3207 708 et
3258 655 3443 712 facere
3473 658 3573 713 de-

205 740 499 797 ένετείλατο.
554 738 781 802 ’Έλεσθε
836 738 953 807 οὗν,
1014 736 1044 792 ὅ
1102 738 1189 792 ἐπὶ
1242 742 1311 811 τῇ
1373 737 1603 813 ὑμετέρᾳ
1645 742 1818 793 κεῖται

1967 739 2132 795 eatis.
2164 739 2370 811 Eligite
2400 754 2536 811 ergo
2556 744 2613 795 et
2633 740 2938 809 capessite.
2984 742 3042 796 Id
3076 741 3135 797 in
3164 748 3357 800 vestra
3394 746 3574 801 situm

208 830 412 901 éﬁousiq.
460 831 523 883 Ἃ
597 829 689 901 μὲν
750 826 841 881 οὖν
895 824 976 882 δεῖ
1022 832 1254 905 φρονεῖν,
1301 827 1413 883 ἐστὶ
1466 832 1669 882 ταῦτα·
1726 827 1817 881 τὸν

1966 832 2019 884 st
2049 832 2356 901 potestate.
2391 828 2673 900 Equidem
2718 845 2846 900 qua
2897 830 3111 887 sentire
3158 832 3404 901 debetis,
3464 834 3579 891 ista

208 922 358 974 πάντα
402 917 737 989 πεποιηκότα
772 911 944 971 σέϐειν
991 917 1139 971 Θεὸν·
1173 916 1231 971 ὅν
1273 918 1331 971 ἂν
1382 911 1699 986 ἀπολάϐητε
1742 920 1823 988 τῷ

1967 921 2109 972 unt:
2146 916 2408 972 omnium
2441 921 2736 972 auctorem
2767 918 2950 973 Deum
2997 922 3281 985 venerari,
3323 939 3496 993 quem
3528 922 3581 979 si

207 1014 290 1081 νῷ,
320 1008 403 1063 ἀπ’
432 1010 475 1044 ⁸³
504 1007 667 1062 αὐτοῦ
699 1002 1048 1080 ἀπολήψεσθε
1068 1008 1181 1079 ἅμα
1208 1010 1325 1068 τοῖς
1354 1007 1596 1083 πρώτοις
1630 1003 1823 1067 καλοῖς

207 1098 282 1153 καὶ
308 1098 367 1152 τά
398 1096 624 1171 ἐσόμενα
652 1094 848 1151 αἰώνια
878 1094 1065 1171 ἀγαθά.

267 1210 329 1260 ν.
383 1209 567 1258 [ἰεῖσαι
624 1200 718 1257 οὖν
773 1201 993 1264 ἑαυτοὺς
1040 1201 1173 1275 πρὸς
1204 1198 1268 1256 τὰ
1324 1200 1665 1279 συμφέροντα
1694 1197 1824 1270 δυνή

1936 1010 2130 1062 mente
2162 1004 2515 1077 receperitis,
2563 1006 2635 1060 ab
2685 1006 2811 1077 ipso
2838 1022 2969 1061 cum
3006 1008 3298 1079 prioribus
3329 1027 3582 1067 commo-

1936 1094 2028 1150 dis
2060 1094 2259 1149 futura
2285 1110 2518 1166 quoque
2546 1099 2823 1166 perpetua
2855 1095 3005 1151 bona
3035 1099 3496 1169 consequemini.

2007 1200 2075 1254 V.
2109 1200 2346 1257 Vosmet
2378 1200 2555 1272 igitur
2584 1200 2654 1255 ad
2686 1200 2855 1257 utilia
2902 1202 3163 1273 poteritis
3210 1207 3580 1275 persuadere,

210 1295 357 1364 σεσθε,
406 1292 596 1366 έάνπερ
654 1295 731 1363 τῷ
779 1288 1150 1368 ἐμφωλεύοντι
1196 1289 1248 1345 έν
1274 1294 1345 1364 τῇ
1386 1290 1618 1365 ὑμετέρᾳ
1672 1288 1832 1365 καρῖᾳ

1966 1288 1991 1343 ιὶ
2022 1290 2094 1345 ad
2122 1288 2448 1345 latitantem
2479 1287 2538 1344 in
2570 1293 2759 1345 vestro
2791 1289 2961 1345 corde
2992 1290 3296 1347 horridum
3343 1310 3580 1366 serpen-

211 1379 350 1453 δεινῷ
413 1378 532 1459 ὄφει
612 1378 791 1455 ὥσπερ
867 1377 1147 1449 ἐπᾴδοντες
1206 1378 1423 1455 λέγητε·
1485 1379 1682 1455 Κύριον
1737 1378 1829 1433 τὸν

1968 1394 2060 1433 em
2126 1376 2285 1432 velut
2341 1377 2707 1433 incantantes
2741 1378 3039 1435 dixeritis:
3072 1381 3366 1436 Dominum
3414 1384 3585 1439 Deum

210 1471 319 1525 Θεὸν
372 1464 682 1547 φοϐηθήσῃ,
750 1467 840 1522 καὶ
899 1466 1045 1539 αύτῷ
1121 1468 1270 1541 μόνῳ
1352 1467 1685 1543 λατρεύσεις.
1742 1472 1835 1523 Ἐκ

1966 1465 2299 1535 'evereberis,
2346 1467 2396 1520 et
2443 1466 2534 1520 illi
2585 1464 2697 1521 soli
2750 1468 2949 1521 servies
2986 1466 3085 1538 (a).
3146 1468 3227 1522 Ex
3269 1475 3391 1525 tota
3446 1487 3584 1544 ergo

210 1558 384 1620 παντὸς
416 1556 510 1612 οὖν
544 1557 815 1633 λογισμοῦ
844 1557 1104 1633 συμφέρει
1156 1556 1221 1611 τὸ
1251 1555 1409 1611 αὐτὸν
1446 1556 1605 1630 μόνον
1655 1550 1837 1634 φοϐεῖ-

214 1649 339 1716 σθαι,
371 1646 477 1722 οὐχ
509 1647 585 1707 ὡς
618 1642 825 1715 ἄδικον,
858 1642 985 1698 ἀλλ’
1016 1644 1088 1706 ὡς
1121 1641 1351 1702 δίκαιον.
1384 1644 1485 1703 Καὶ
1516 1645 1618 1721 γάρ
1650 1642 1833 1699 ἄδικόν

210 1758 281 1798 τις
326 1731 595 1813 φοϐεῖται,
656 1735 733 1806 μὴ
781 1730 981 1796 ἀδίκως
1029 1733 1308 1807 ἀναιρεθῇ,
1357 1734 1447 1789 καὶ
1484 1735 1575 1790 τὸν
1606 1731 1837 1805 δίκαιον,

1945 1561 2137 1612 mente
2170 1554 2438 1610 convenit
2468 1571 2603 1609 eum
2626 1554 2816 1610 solum
2840 1556 3167 1627 vereri,non
3200 1563 3263 1613 ut
3292 1558 3587 1632 iniquum,

1947 1646 2044 1700 sed
2094 1649 2159 1699 ut
2183 1644 2437 1714 justum.
2498 1643 2721 1699 Etenim
2773 1644 3042 1716 iniquum
3101 1646 3203 1717 qui
3244 1654 3493 1719 veretur,
3518 1665 3592 1705 ne

1948 1733 2149 1805 inique
2171 1734 2243 1789 de
2289 1733 2482 1788 medio
2530 1731 2790 1801 tollatur,
2816 1735 3049 1804 justum
3081 1751 3237 1803 vero,
3269 1754 3339 1792 ne
3372 1738 3431 1793 in
3464 1755 3600 1811 pec-

222 1827 284 1897 μὴ
317 1828 357 1862 ⁸⁵
403 1823 644 1899 ἁμαρτίᾳ
690 1822 959 1901 φωραθεὶς
1004 1824 1320 1899 τιμωρηθῇ.
1371 1823 1601 1879 Δύνασθε
1639 1824 1731 1878 οὗν
1790 1821 1842 1877 έν

1966 1828 2079 1878 :ato
2110 1822 2506 1894 deprehensus
2554 1838 2753 1893 pcenas
2794 1824 2909 1878 det.
2962 1824 3215 1880 Potestis
3274 1826 3471 1898 itaque
3501 1844 3603 1900 per

212 1918 279 1984 τῷ
303 1914 429 1988 πρὸς
460 1912 621 1968 αὐτὸν
655 1907 812 1989 φόϐῳ
840 1909 1065 1967 πολλῶν
1096 1916 1204 1967 τῶν
1236 1906 1549 1967 ἐπιϐλαϐῶν
1582 1916 1625 1949 ‘7
1665 1910 1838 1967 ἀπαλ-

1966 1911 2224 1967 :imorem
2256 1927 2394 1984 erga
2425 1911 2591 1967 illum
2623 1912 2876 1983 effugere
2908 1911 3127 1969 multos
3155 1913 3356 1970 noxios
3388 1921 3599 1972 metus.

216 2001 421 2078 λαγξναι
453 1997 662 2079 φόϐων.
690 2004 823 2056 Ἕνα
852 2000 954 2076 γάρ
982 2002 1073 2056 τὸν
1102 1999 1315 2055 πάντων
1347 2000 1531 2076 κύριον
1559 2000 1648 2056 καὶ
1674 2022 1839 2071 ποιη-

1952 1999 2141 2055 Unum
2169 1998 2324 2054 enim
2348 2003 2690 2055 cunctorum
2717 1998 3021 2055 dominum
3048 2005 3106 2055 et
3134 2001 3466 2059 Creatorem
3487 2004 3600 2060 nisi

216 2093 300 2159 τὴν
330 2089 413 2145 ἐὰν
449 2092 525 2163 μὴ
555 2085 800 2167 φοϐῆσθε
829 2091 892 2161 ⁸⁸,
942 2089 1152 2144 πάντων
1184 2093 1291 2145 τῶν
1323 2094 1500 2145 κακῶν
1533 2086 1721 2145 δούλοι
1754 2088 1841 2144 ἐπὶ

1966 2087 2227 2154 .imeatis,
2272 2087 2535 2143 omnium
2594 2087 2884 2144 malorum
2936 2088 3084 2144 servi
3142 2105 3355 2162 magno
3406 2098 3595 2149 vestro

224 2179 280 2253 τῇ
309 2182 455 2237 216
486 2180 691 2233 ἑαυτῶν
724 2173 906 2253 ϐλάβῃ
936 2176 1133 2247 ἔσεσθε,
1168 2177 1315 2251 λέγω
1348 2176 1405 2233 δὲ
1452 2175 1721 2251 δαιμόνων
1751 2176 1843 2232 καὶ

1966 2176 2323 2232 .ncommodo
2353 2177 2536 2247 eritis,
2560 2178 2889 2233 daemonum
2910 2178 3153 2249 inquam
3179 2184 3235 2235 et
3256 2182 3595 2238 morborum

218 2269 532 2341 παθημάτων
563 2266 654 2322 καὶ
688 2267 886 2328 παντὸς
918 2264 1017 2339 οἵῳ
1049 2268 1094 2303 ‘9
1124 2264 1187 2336 δή
1221 2287 1324 2320 τινι
1354 2265 1543 2342 τρόπῳ
1588 2264 1847 2342 βλάπτειν

1966 2266 2264 2337 )mnisque
2295 2266 2377 2321 rei
2408 2282 2535 2338 qua
2562 2265 2757 2339 aliquo
2790 2268 2961 2323 modo
2992 2272 3183 2340 potest
3210 2285 3435 2327 nocere.

221 2353 519 2429 δυναμένου.

278 2464 362 2521 Vl.
417 2465 791 2539 Θαρσήσαντες
840 2462 932 2517 οὗν
979 2461 1203 2538 πρόσιτε
1248 2463 1294 2499 ⁵ο
1340 2466 1418 2535 τῷ
1456 2467 1593 2535 Θεῷ,
1635 2463 1691 2517 ot
1746 2464 1845 2532 τήν

224 2551 377 2626 ἀρχὴν
432 2552 515 2606 ἐπὶ
562 2557 643 2623 τῷ
691 2552 901 2606 πάντων
951 2549 1140 2627 ἄρχειν
1197 2551 1285 2606 καὶ
1335 2552 1599 2628 κυριεύειν
1631 2574 1849 2629 γεγενη-

231 2642 381 2712 μένοι,
429 2641 478 2696 οἷ
526 2662 672 2703 τινες
722 2638 876 2715 ἔχετε
921 2640 1084 2695 αὐτοῦ
1136 2638 1186 2694 ἐν
1224 2642 1316 2713 μὲν
1371 2645 1451 2713 τῷ
1482 2642 1695 2715 σώματι
1748 2643 1847 2711 τὴν

230 2729 407 2796 εἰκόνα,
458 2729 673 2803 ὁμοίως
720 2751 779 2784 τε
828 2728 979 2806 ἔχετε
1027 2728 1077 2783 έν
1134 2734 1210 2801 τῷ
1239 2728 1317 2801 νῷ
1344 2732 1442 2798 τῆς
1472 2731 1698 2806 γνώμης
1752 2733 1852 2800 τήν

236 2817 528 2891 ὁμοιότητα.
576 2817 728 2872 Ἐπεὶ
786 2815 875 2871 οὖν
922 2816 1149 2892 ἀλόγοις
1184 2819 1345 2886 ζώοις
1372 2818 1585 2873 ἐοικότα
1611 2822 1655 2858 ⁵³
1712 2822 1851 2896 πρά-

235 2907 390 2975 ξαντες
420 2908 478 2963 ἐκ
499 2910 601 2976 τῆς
628 2909 813 2983 ψυχῆς
848 2906 1043 2980 [ὑμῶν]
1075 2909 1121 2943 ⁶²
1175 2908 1273 2975 τὴν
1323 2906 1610 2983 ἀνθρώπυυ
1667 2912 1851 2985 ψυχὴν

236 2994 543 3065 ἀπωλέσατε,
601 2995 783 3071 ὥσπερ
833 3001 1022 3072 χοῖροι
1072 2995 1352 3071 γενόμενοι
1402 2993 1673 3071 δαιμόνων
1704 2998 1856 3069 αἰτή-

241 3106 361 3155 ματα
389 3085 645 3161 ἐγένεσθε.
682 3086 804 3141 Ἐάν
823 3085 914 3139 οὗν
945 3089 1044 3139 τοῦ
1074 3089 1209 3140 Θεοῦ
1236 3084 1407 3159 νόμον
1440 3084 1761 3158 ὼαδέξησθε
1789 3090 1854 3157 ⁸⁸,

238 3168 482 3249 ἅνθρωποι
530 3173 763 3249 γίνεσθε.
813 3173 886 3227 Ού
936 3174 1041 3249 γάρ
1091 3175 1205 3228 οἷον
1252 3174 1477 3250 ἀλόγοις
1519 3173 1657 3231 ἔστιν
1690 3177 1857 3232 εἰπεῖν

237 3261 296 3314 Οὐ
336 3262 633 3339 φονεύσεις,
692 3258 755 3316 οὒ
816 3261 1155 3337 μοιχεύσεις,
1228 3262 1290 3317 οὐ
1346 3262 1589 3337 κλέψεις,
1642 3265 1732 3319 καὶ
1787 3266 1928 3355 τὰς

240 3346 363 3420 ἑξῆς.
412 3350 501 3405 Διὸ
565 3352 644 3423 μὴ
704 3352 1009 3428 φθονήσητε
1065 3352 1275 3413 ἑαυτοῖς
1331 3351 1406 3414 εἷς
1478 3353 1577 3421 τὴν
1628 3353 1851 3429 πρώτην

234 3437 640 3514 ἀνακαλούμενοι
709 3439 964 3495 εἰσελθεῖν
1026 3440 1293 3515 εὐγένειαν
1351 3444 1413 3497 ⁵⁸.
1467 3443 1698 3497 Δυνατὸν
1755 3441 1855 3518 γάρ

232 3525 371 3597 ἐστιν,
430 3528 516 3584 ἐάν
571 3533 655 3601 τῷ
707 3530 822 3602 Θεῷ
1050 3527 1139 3583 διὰ
1190 3534 1298 3583 τῶν
1343 3528 1555 3604 ἀγαθῶν
1612 3530 1854 3608 πράξεων

234 3612 581 3689 ἐξομοιωθῆτε
614 3620 677 3672 ⁸⁸.
734 3617 833 3674 Καὶ
884 3615 973 3672 διὰ
1035 3618 1133 3686 τὴν
1184 3617 1485 3690 ὁμοιότητα
1515 3618 1622 3674 υἱοὶ
1656 3618 1856 3676 ἐκείνου

234 3704 348 3758 εἶναι
376 3705 716 3781 λογισθέντες
744 3708 957 3761 πάντων
991 3703 1244 3761 δεσπόται
1283 3707 1717 3779 ἀποκαταστῆναι
1766 3707 1857 3765 δυ-

232 3794 450 3863 νήσεσθε·

292 3906 403 3959 VII.
436 3904 703 3978 Ἀρξασθε
733 3898 824 3957 οὖν
854 3899 1180 3957 ἀποδύεσθαι
1230 3904 1339 3958 τῶν
1394 3908 1562 3960 κενῶν
1614 3902 1859 3961 εἰδώλων

229 3989 338 4051 τοὺς
388 3986 709 4053 έπιϐλαϐεῖς
767 3985 993 4069 φόϐους,
1049 3989 1197 4053 ὅπως
1251 3992 1349 4062 τήν
1408 3990 1592 4048 ἄδικον
1650 3993 1859 4071 φύγητε

240 4074 484 4137 δουλείαν.
538 4079 804 4135 Δεσπόται
853 4081 958 4156 γὰρ
1002 4079 1276 4155 γεγόνασιν
1329 4080 1479 4153 ὑμῶν
1532 4080 1747 4156 ἐκεῖνοι,
1806 4082 1859 4138 νῖ

235 4167 313 4222 καὶ
341 4167 411 4231 εἷς
438 4167 674 4231 δούλους
723 4170 849 4239 ὑμῖν
878 4170 1147 4244 ἄχρηστοι
1178 4168 1561 4245 τυγχάνουσιν.
1595 4172 1753 4247 Λέγω
1802 4170 1860 4227 δὲ

234 4258 336 4330 περὶ
375 4256 510 4328 ὅλης
555 4262 666 4313 τῶν
715 4256 943 4333 ἀψύχων
998 4255 1331 4332 ἀγαλμάτων
1376 4262 1482 4311 τῶν
1532 4257 1672 4333 μηδὲ
1720 4261 1857 4337 πρὸς

236 4344 287 4397 τὸ
327 4342 593 4401 δουλεύειν
651 4346 781 4419 ὑμῖν
824 4345 1297 4421 χρησιμευόντιυν.
1331 4342 1465 4402 Οὔτε
1517 4349 1619 4424 γάρ
1651 4348 1859 4421 ἀκούει,

242 4429 342 4487 οὔτε
365 4434 570 4507 βλέπει,
594 4432 720 4490 οὔτε
741 4434 1065 4502 αἰσθάνεται,
1086 4432 1213 4490 ἀλλ’
1234 4431 1357 4489 οὐδὲ
1381 4436 1487 4509 μὴν
1512 4439 1856 4508 ιοκινηθῆναι

244 4522 365 4578 2ιῖ
417 4521 656 4579 δύναται.
712 4522 777 4578 Εἴ
803 4523 906 4599 γάρ
942 4522 1197 4599 βούλεταί
1224 4544 1309 4586 τις
1341 4524 1490 4597 ὑμῶν
1529 4525 1702 4589 οὕτως
1734 4528 1861 4604 ὁρᾷν

242 4608 302 4670 ὡς
338 4613 446 4683 ὁρᾷ,
494 4614 584 4667 καὶ
636 4613 847 4668 ἀκούειν
897 4612 971 4673 ὡς
1023 4611 1227 4682 ἀκούει,
1276 4612 1365 4667 καὶ
1400 4612 1735 4678 αἰσθάνεσθαι
1767 4618 1855 4672 καὶ

241 4706 502 4763 κινεῖσθαιε
538 4700 668 4756 ἀλλ’
698 4700 858 4772 ἀπείη
882 4701 1104 4775 τοιαύτῃ
1128 4698 1377 4778 λοιδορίᾳ
1402 4700 1672 4776 λοιδορεῖν
1702 4704 1858 4771 πάνθ’

300 4824 367 4897 (a)
395 4827 593 4883 Matth.
630 4844 709 4895 1v,
746 4828 830 4883 10.
862 4828 936 4899 (b)
969 4826 1149 4897 Exod,
1176 4844 1271 4899 xx,
1305 4828 1372 4883 13
1400 4846 1414 4898 ;
1448 4828 1655 4886 Matth.
1698 4847 1816 4903 xix,
1850 4832 1942 4889 18.

2025 2462 2119 2517 VI.
2152 2463 2295 2517 Cum
2329 2461 2542 2517 fiducia
2565 2477 2701 2534 ergo
2723 2463 2791 2518 ad
2817 2462 2999 2518 Deum
3025 2465 3405 2537 accedite,qui
3440 2466 3602 2538 prin-

1957 2551 2107 2622 cipio
2128 2552 2198 2606 ad
2224 2551 2450 2606 cunctis
2481 2551 2890 2623 imperandum
2922 2557 2978 2607 et
3007 2553 3430 2609 dominandum
3465 2555 3605 2611 facti

1958 2640 2119 2695 estis.
2153 2640 2259 2707 Qui
2284 2640 2471 2712 ipsius
2493 2640 2657 2696 fertis
2678 2640 2735 2695 in
2762 2658 2999 2713 corpore
3021 2642 3359 2714 imaginem,
3384 2644 3603 2715 pariter

1959 2729 2159 2784 feratis
2190 2728 2250 2783 in
2285 2733 2475 2784 mente
2498 2730 2794 2785 sententia:
2816 2729 3285 2786 similitudinem.
3311 2734 3598 2797 Quoniam

1961 2816 2141 2890 igitur
2170 2816 2446 2873 facientes
2478 2818 2697 2874 similia
2721 2835 2855 2874 cum
2888 2818 3076 2875 brutis
3106 2819 3506 2877 animantibus
3536 2837 3605 2878 ex

1962 2907 2157 2961 anima
2188 2910 2379 2961 vestra
2408 2906 2728 2962 humanam
2747 2907 3003 2963 animam
3038 2908 3395 2980 perdidistis,
3421 2910 3608 2966 instar

1964 3010 2271 3067 porcorum
2304 2996 2490 3050 etl‘ecti
2548 2996 2879 3051 daemonum
2940 2996 3073 3051 facti
3135 2996 3324 3053 fuistis
3383 2999 3604 3070 petitio.

1965 3083 2164 3155 Itaque
2203 3086 2252 3138 si
2301 3084 2399 3139 Dei
2460 3083 2644 3157 legem
2697 3085 3050 3157 receperiits,
3110 3086 3259 3142 ﬁctis
3318 3086 3606 3142 homines.

1964 3172 2163 3243 Neque
2192 3172 2349 3227 enim
2391 3173 2581 3229 brutis
2623 3174 3025 3229 animantibus
3074 3174 3189 3229 dici
3235 3180 3461 3247 potest:
3494 3178 3611 3231 Non

1964 3260 2194 3331 occides,
2234 3278 2349 3315 non
2398 3261 2752 3330 adulterabis,
2798 3278 2907 3319 non
2952 3264 3231 3334 [uraberis
3289 3264 3386 3333 (b),
3418 3268 3475 3318 et
3515 3280 3606 3320 se-

1967 3350 2226 3421 quentia.
2255 3350 2442 3414 Quare
2494 3368 2565 3406 ne
2594 3351 2759 3406 vobis
2802 3351 3135 3417 invideatis,
3166 3359 3230 3406 ut
3258 3352 3328 3406 ad
3361 3352 3609 3423 primam

1967 3440 2215 3494 revocati
2240 3440 2543 3495 introeatis
2568 3438 3278 3494 nobilitatem.Fierienim
3305 3440 3362 3494 id
3396 3446 3607 3513 potest,

1967 3527 2015 3583 si
2049 3533 2160 3583 Deo
2210 3546 2310 3600 per
2336 3529 2489 3583 bona
2527 3545 2701 3598 opera
2751 3527 2974 3584 similes
3021 3528 3379 3584 efﬁciamini.
3412 3531 3482 3585 Et
3511 3548 3613 3602 per

1967 3616 2415 3673 similitudinem
2448 3616 2551 3671 filii
2582 3617 2708 3688 ejus
2739 3634 2867 3673 esse
2902 3617 3168 3690 reputati,
3194 3617 3252 3673 in
3285 3618 3612 3674 dominium

1967 3710 2311 3763 cunctorum
2345 3705 2575 3762 restitui
2606 3705 2891 3777 poteritis.

2036 3903 2158 3959 VII.
2211 3902 2406 3976 Incipe
2464 3918 2599 3977 ergo
2648 3904 2935 3976 deponere
2991 3921 3271 3960 vanorum
3326 3903 3613 3960 idolorum

1967 3992 2170 4049 noxios
2218 3996 2430 4063 metus,
2472 3997 2538 4047 ut
2594 3992 2857 4065 iniquam
2915 3993 3204 4066 effugiatis
3253 3992 3613 4049 servitutem.

1971 4081 2198 4136 Domini
2228 4098 2484 4153 namque
2513 4082 2689 4137 vestri
2712 4081 2845 4137 facti
2877 4087 3017 4137 sunt
3045 4082 3149 4153 illi,
3181 4082 3279 4153 qui
3312 4086 3368 4137 et
3395 4081 3467 4137 ad
3489 4098 3618 4137 ser-

1966 4170 2174 4225 vitium
2202 4170 2366 4225 vobis
2410 4169 2656 4226 fuissent
2704 4169 2967 4225 inutiles.
3026 4170 3257 4243 Loquor
3301 4175 3494 4226 autem
3546 4170 3619 4226 de

1968 4258 2213 4314 materia
2263 4259 2660 4315 inanimarum
2714 4258 3191 4326 simulacrorum,
3250 4264 3374 4331 qua:
3426 4277 3499 4315 ne
3545 4259 3616 4315 ad

1968 4347 2337 4404 serviendum
2371 4348 2607 4420 quidem
2652 4346 2816 4403 vobis
2847 4347 2979 4403 usui
3012 4363 3140 4403 esse
3172 4352 3437 4420 possunt.
3466 4349 3613 4403 Nam

1968 4453 2159 4509 neque
2190 4437 2457 4505 audiunt,
2511 4452 2701 4508 neque
2742 4436 2961 4501 vident,
2991 4451 3177 4507 neque
3204 4436 3484 4506 sentiunt,
3519 4436 3622 4491 sed

1970 4540 2075 4581 nec
2105 4529 2351 4598 possunt
2376 4524 2612 4580 moveri.
2639 4527 2724 4579 An
2754 4524 2908 4580 enim
2932 4523 3102 4579 vellet
3118 4522 3331 4594 aliquis
3359 4528 3625 4578 vestrum

1969 4615 2052 4670 sic
2082 4615 2276 4670 videre
2308 4617 2372 4669 ut
2419 4613 2634 4681 vident,
2667 4617 2725 4669 et
2772 4613 2974 4669 audire
3006 4617 3072 4667 ut
3103 4613 3369 4677 audiunt,
3402 4616 3458 4667 et
3488 4628 3622 4667 sen-

1969 4708 2099 4778 tire,
2132 4711 2188 4763 et
2217 4705 2473 4762 moveri?
2521 4706 2632 4762 Sed
2661 4706 2814 4761 absit
2861 4704 2971 4761 hac
3001 4703 3354 4759 contumelia
3392 4702 3624 4759 afficere

1577 4963 1820 5021 VARI/E
1857 4963 2269 5021 LECTIONES.

270 5058 347 5141 ,ξδ
374 5059 409 5141 ὁ,
430 5058 489 5141 δὲ
504 5062 805 5141 προφήτης
837 5060 1146 5141 ἡᾼμᾶςπρρς
1180 5060 1320 5141 figit;
1344 5059 1528 5141 ’λέγειν
1563 5060 1861 5141 ὑμῖν-φρ⁵
1888 5062 1975 5141 I_ta
2007 5062 2087 5141 DL
2111 5062 2199 5141 ῥπς
2228 5062 2300 5141 (ἦ,Δ
2322 5064 2393 5141 Οἑ
2462 5062 2506 5098 ⁴⁶
2549 5062 2701 5141 Fgrt.
2742 5064 3081 5141 addendam
3105 5063 3204 5141 ἐφ’
3255 5068 3393 5141 post
3436 5064 3510 5136 μή

252 5126 287 5161 ‘7
312 5126 569 5211 ἐπιλαϐῷν
602 5126 649 5191 0
676 5126 737 5189 in
764 5126 953 5211 textu,
968 5126 1296 5211 ,ἐπἰϐλαϐᾧν
1342 5126 1620 5211 in_'marg'.
1700 5134 1745 5211 ξε
1764 5136 1862 5211 _Ita
1890 5135 1949 5203 S,
1982 5126 2231 5211 φοϐεῖσθε
2261 5126 2322 5211 ς,
2356 5133 2420 5189 Ο.
2472 5141 2541 5211 ,ιθ
2570 5134 2624 5211 ᾦΔ
2804 5140 2903 5211 Ita
2932 5136 2977 5191 Ο
3009 5142 3067 5211 et
3097 5136 3137 5191 C
3164 5126 3238 5192 ἐκ
3257 5126 3536 5211 conject.”
3569 5137 3628 5193 id

252 5207 474 5279 737,037.12
505 5208 563 5262 in
596 5210 815 5279 textu._
856 5206 900 5241 δι
934 5206 1019 5279 Ita
1050 5206 1198 5276 conj.
1236 5208 1293 5279 (1.
1329 5206 1445 5275 cuj.
1478 5201 1670 5279 textus
1696 5201 2027 5279 éotxarce,’u't
2049 5206 2115 5271 Ο,
2138 5209 2181 5279 HS
2215 5205 2437 5279 :_Porro
2470 5201 2528 5279 ἐκ
2558 5201 2755 5279 addidi
2787 5207 2857 5261 de
2903 5208 3173 5279 conject.,
3198 5223 3345 5279 cum
3371 5201 3627 5263 'nullum

252 5270 385 5327 aliud
428 5279 753 5334 remedium
801 5276 1057 5333 invenire
1105 5270 1451 5347 potuissem.
1488 5277 1529 5332 C
1578 5278 1851 5332 emendat
1905 5270 1974 5349 τῇ
2004 5278 2161 5404 δυγῆ

253 5339 451 5402 lacuna.
525 5351 570 5385 ⁸³
602 5344 920 5404 ἀναδέξασθε
949 5347 1013 5403 Ο.
1091 5348 1137 5383 ⁵⁸
1165 5346 1403 5404 ἀγένειαν
1437 5347 1499 5403 Ο.
1532 5348 1576 5382 ⁸⁵
1627 5344 1978 5404 ἐξομοιοθῆτε
2057 5392 2070 5404 .
2128 5330 2149 5383 δ

253 5330 577 5421 Ιεουρεζῖὲ
596 5330 921 5415 ἔνξιδέξαέθέ
949 5330 1013 5403 o.
1033 5330 1050 5333 '
1091 5330 1137 5383 ιιῖ
1154 5330 1601 5421 satagios
1627 5330 1978 5421 sapasqu
2004 5330 2149 5421 0.5“

2224 5276 2283 5376 :i’
2307 5276 3038 5376 .iﬁ:.t”XES.P.--:ii.t:2i
3069 5280 3157 5376 [ῆς
3190 5277 3622 5376 δμέῖὶξὶιξὶτξς

2181 5347 2273 5419 μέν
2307 5347 2386 5403 Cl.
2421 5352 2477 5404 et
2504 5347 2689 5419 S,"qui
2710 5347 2717 5348 ⁷
2740 5347 2851 5422 legi
2890 5347 3155 5421 vuum.
3186 5347 3254 5392 --'-
3283 5347 3624 5422 conjectura.

257 5427 331 5483 ap.
360 5417 412 5472 Ο.
428 5420 661 5489 jamdiu
692 5435 985 5491 expressa,
1020 5417 1332 5475 accedente
1362 5419 1429 5475 Ο.
1463 5417 1727 5476 Subinde
1754 5421 1791 5488 ἦ
1819 5417 1919 5495 γάρ
1961 5420 2117 5492 conj.
2152 5417 2211 5474 S.

1605 5562 1987 5620 VARIORUM
2028 5563 2257 5619 NOTIE.

261 5726 367 5803 Περὶ
394 5726 729 5809 ἀγαθοεργῶν
758 5726 849 5787 καὶ
876 5726 1238 5809 ἀγαθοποιῶν.
1274 5732 1407 5793 001³.

316 5655 561 5782 Ἐἀν
591 5656 689 5745 eq?-
703 5662 845 5747 Θεῷέ
871 5659 989 5748 ῌοο
1019 5661 1193 5744 caput
1220 5675 1356 5715 cum
1386 5659 1478 5727 25,
1508 5663 1567 5717 et
1592 5659 1796 5717 homil.
1830 5676 1954 5736 seq.
1988 5660 2020 5716 4
2050 5677 2116 5718 ac
2141 5658 2345 5715 homil.
2376 5676 2477 5731 χιι,
2508 5659 2597 5728 26,
2631 5659 2852 5721 delibat
2882 5661 3058 5720 simul
3085 5662 3485 5721 Damascenus
3503 5678 3632 5738 cap.

316 5746 367 5782 ηοι
423 5732 729 5782 γαθοεονων
758 5751 849 5782 και
876 5740 1238 5782 ἀγαθοποιῶν.
1274 5732 1407 5782 Co'r.
