4112 6344
468 330 587 394 263

1298 327 1363 391 S.
1413 327 1854 392 CLEMENTIS
1901 329 1922 391 ι
1972 328 2162 396 ROM.
2206 323 2439 389 PONT.
2486 327 2746 394 OPEBA
2791 327 3051 392 DUBlA.

472 463 770 520 hominem
792 460 1247 534 quemlibet,qui
1283 461 1383 517 Dei
1413 461 1746 517 circumfert
1779 458 2114 532 imaginem,

2247 456 2476 510 lvnvoi’w
2506 459 2549 492 ⁵⁷
2579 455 2883 532 ἄνθρωπον,
2918 457 3095 514 εἰκόνα
3123 456 3476 538 περιφέροντα
3506 462 3660 532 Θεοῦ,
3693 460 3737 516 εί
3784 459 3876 517 καὶ

473 551 703 609 etiamsi
736 551 1186 606 similitudinem
1221 550 1558 622 perdiderit.

544 641 693 696 VIII.
728 640 876 696 Deos
916 641 1095 713 igitur
1124 645 1347 696 vestros
1391 656 1599 695 aureos
1640 643 1698 694 et
1734 643 2003 711 argentos
2033 635 2120 692 vel

2226 545 2327 614 τὴν
2360 544 2665 617 ὁμοιότητα
2685 545 2985 602 ἀπώλεσεν.

2298 635 2448 693 VIII.
2479 635 2615 698 Τοὺς
2644 640 2774 710 γοῦν
2805 635 2958 699 θεοὺς
2991 637 3145 710 ὑμῶν
3174 637 3301 700 τοὺς
3342 639 3611 714 χρυσέους
3640 639 3731 694 καὶ
3780 639 3878 714 ἆρ-

474 745 544 787 ex
573 729 688 787 alia
735 731 918 785 factos
975 729 1220 785 materia
1249 729 1308 783 in
1340 729 1590 801 primam
1648 744 1817 784 suam
1849 731 2120 782 naturam

2247 723 2457 800 (υρέους
2489 725 2524 794 ἢ
2558 724 2647 778 καὶ
2678 724 2727 795 ἐξ
2761 723 2938 796 ἁλλης
2965 727 3110 790 τινὸς
3146 725 3287 796 ὕλης
3333 728 3750 802 γεγενημένους,
3799 727 3880 791 εἷς

475 817 784 885 restituite,
810 819 867 872 in
892 817 1099 890 pocula
1129 818 1256 873 dico
1279 821 1335 872 et
1365 817 1556 889 pelves
1584 821 1639 872 et
1669 818 1894 888 reliqua
1922 814 2123 870 omnia

2247 812 2328 881 τήν
2394 813 2618 887 πρώτην
2676 811 2853 868 αὐτῶν
2917 813 3071 892 φύσιν
3131 815 3634 886 ἀποκαταστήσατε,
3693 813 3768 879 εἵς
3817 837 3882 871 τε

478 924 604 980 qua:
634 908 798 963 vobis
829 907 899 962 ad
934 905 1326 962 ministerium
1359 910 1607 978 possunt
1634 922 1762 961 esse
1792 903 1995 972 utilia;
2029 907 2121 959 at—

474 1014 588 1069 que
617 997 738 1052 haec
767 996 930 1051 vobis
962 995 1126 1050 initio
1149 997 1286 1050 data
1316 996 1469 1051 bona
1489 995 1652 1050 reddi
1685 996 1973 1064 poterunt.
2010 991 2120 1048 Sed

477 1087 674 1142 forsan
703 1085 928 1152 dicetis,
963 1101 1076 1139 non
1104 1084 1449 1156 permittunt
1480 1083 1646 1138 nobis
1678 1083 1735 1138 id
1769 1083 1953 1137 facere
1983 1098 2124 1154 prae-

476 1174 801 1246 positorum
835 1173 1010 1245 leges.
1046 1175 1214 1239 Bene,
1250 1173 1385 1244 quia
1417 1172 1593 1244 leges,
1625 1176 1682 1228 et
1711 1189 1825 1227 non
1857 1170 2123 1243 ipsorum

2230 897 2428 978 φιάλας
2459 901 2503 937 ⁵⁸
2555 898 2699 977 λέγω
2741 901 2830 957 καὶ
2889 902 3114 965 λεκάνας
3161 903 3257 960 παὶ
3288 905 3353 958 τὰ
3383 902 3551 959 λοιπὰ
3578 905 3747 961 πάντα
3777 905 3878 962 ὅσα

2233 987 2359 1061 ὑμῖν
2407 989 2546 1063 πρὸς
2598 989 2888 1066 ὑπηρεσίαν
2939 993 3192 1066 χρήσιμα
3221 995 3265 1029 ⁵ο
3317 992 3451 1048 εἶναι
3491 990 3729 1048 δύναται.
3784 994 3878 1048 καὶ

2229 1082 2398 1132 ταῦτα
2446 1078 2570 1151 ὑμῖν
2619 1079 2874 1154 ἀπαρχῆς
2925 1077 3144 1136 δοθέντα
3172 1081 3344 1158 ἀγαθᾶ
3373 1081 3880 1154 ἀποκατασταθῆναι

2233 1162 2611 1236 δυνηθήσεται.
2671 1165 2826 1224 Ἀλλ’
2884 1167 3012 1230 ἴσως
3071 1169 3259 1246 ἐρεῖτεο
3336 1170 3450 1228 Οὐκ
3529 1170 3655 1228 ἐῶσι
3731 1174 3884 1244 ἡμᾶς

480 1263 738 1318 futilium
773 1263 1081 1317 numinum
1133 1279 1259 1332 qua
1308 1279 1421 1316 non
1472 1266 1560 1317 est
1599 1261 1804 1316 virtus.
1838 1260 1961 1324 Qua
1989 1275 2124 1331 ergo

2247 1259 2391 1310 τοῦτο
2428 1262 2653 1326 ποιῆσαι
2704 1255 2755 1310 οἱ
2804 1260 2911 1311 τῶν
2963 1257 3278 1335 ἐφεστώτων
3328 1259 3512 1334 νόμοι.
3545 1259 3761 1330 Καλῶς,
3795 1260 3883 1315 ὅτι

480 1351 704 1408 ratione
735 1352 871 1407 deos
901 1351 1303 1415 existimastis,
1337 1351 1437 1422 qui
1461 1350 1736 1405 humanis
1767 1348 1995 1420 legibus
2028 1348 2124 1402 de-

483 1442 822 1506 fenduntur,
855 1457 888 1495 a
934 1440 1178 1495 canibus
1222 1444 1545 1505 servantur,
1578 1455 1611 1492 a
1654 1437 1884 1509 populis
1925 1440 2127 1491 custo-

486 1528 774 1584 diuntur?
803 1537 858 1583 et
889 1529 995 1583 hoc
1025 1527 1073 1582 si
1109 1527 1262 1582 idola
1291 1527 1509 1582 fuerint
1537 1541 1714 1581 aurea
1740 1523 1827 1581 vel
1855 1529 2130 1596 argentea

484 1617 571 1679 vel
602 1632 796 1672 aanea:
835 1633 965 1671 nam
998 1615 1226 1687 lapidea
1255 1621 1357 1671 aut
1397 1613 1598 1670 ﬁctilia
1637 1614 1764 1686 ipsa
1789 1613 1881 1668 sui
1914 1611 2130 1667 vilitate

484 1705 854 1772 muniuntur,
886 1705 1024 1776 quia
1054 1720 1223 1759 nemo
1248 1703 1554 1759 hominum
1588 1701 1886 1774 lapideum
1918 1697 2006 1756 vel
2035 1699 2132 1755 ﬁc-

482 1793 644 1850 tilem
673 1793 854 1850 furari
886 1798 1016 1848 avet
1043 1793 1240 1848 deum.
1291 1792 1446 1847 Adeo
1477 1795 1541 1847 ut
1571 1807 1782 1862 magno
1812 1787 2129 1860 subjiciun-

2233 1343 2417 1417 νόμοι,
2465 1344 2555 1400 καὶ
2604 1345 2703 1400 οὐκ
2749 1345 2923 1401 αὐτῶν
2993 1351 3100 1400 τῶν
3172 1347 3386 1403 εἷκαίων
3449 1344 3798 1423 σεϐασμάτων
3845 1351 3883 1420 ἡ

2239 1433 2314 1506 μὴ
2349 1431 2480 1487 οὖσα
2510 1430 2754 1506 δύναμις.
2797 1439 2920 1497 Πῶς
2970 1434 3063 1490 οὖν
3117 1435 3312 1498 αὐτοὺς
3363 1437 3518 1501 θεοὺς
3566 1439 3892 1512 νενομίκατε

2238 1519 2327 1575 ὑπ’
2355 1524 2401 1557 ⁸ο
2448 1522 2798 1596 ἀνθρωπίνων
2847 1522 3032 1596 νόμων
3082 1521 3522 1598 έκδικουμένους,
3575 1526 3680 1582 ὑπὸ
3709 1531 3886 1581 κυνῶν

2238 1609 2704 1687 φρουρουμένους,
2783 1611 2870 1667 ὑπ’
2944 1610 3133 1688 ὄχλων
3211 1611 3711 1692 φυλασσομένους,
3796 1616 3891 1672 καὶ

2236 1702 2403 1752 ταῦτα
2433 1697 2518 1752 ἐὰν
2549 1699 2754 1774 χρύσεα
2793 1700 2828 1770 ἢ
2875 1700 3108 1778 ἀργύρεα
3156 1702 3191 1771 ἢ
3251 1701 3480 1778 χάλκεα·
3539 1703 3607 1759 τὰ
3660 1705 3760 1781 γὰρ
3795 1703 3893 1761 λί-

2239 1788 2360 1842 θινα
2413 1787 2449 1857 ἢ
2512 1787 2799 1864 ὀστράκινα
2849 1789 2952 1844 ὑπὸ
2997 1797 3097 1861 τῆς
3135 1791 3356 1864 ἀτιμίας
3389 1790 3737 1871 φυλάσσεται,
3799 1793 3887 1850 ὅτι

485 1890 580 1939 tur
625 1880 903 1954 periculo,
947 1881 1048 1952 qui
1079 1897 1147 1935 ex
1189 1878 1528 1951 pretiosiore
1572 1875 1814 1934 materia
1860 1877 2132 1931 constant

2247 1847 2766 1953 968eic'dtvtipoimwv
2803 1877 3006 1935 λίθινον
3133 1847 3446 1956 ὀστράκίνύν
3477 1847 3888 1960 ὀρέγεταιῖκλέ-

485 1972 589 2027 diii
621 1972 817 2028 vestri.
851 1973 918 2025 Et
947 1987 1062 2042 quo
1097 1970 1269 2025 modo
1321 1969 1402 2024 dii
1437 1972 1594 2035 sunt,
1628 1967 1729 2039 qui
1783 1968 1934 2022 furto
1971 1965 2128 2020 aufe-

487 2066 721 2131 runtur,
752 2061 851 2132 qui
905 2060 1253 2126 conﬂantur,
1292 2058 1726 2130 appenduntur,
1778 2055 1877 2128 qui
1932 2059 2131 2111 custo-

487 2151 767 2208 diuntur?

559 2327 648 2382 IX.
682 2329 720 2378 Ο
754 2326 1101 2381 miserorum
1152 2325 1488 2381 mortalium
1542 2328 1787 2392 mentes,
1841 2323 1938 2395 qui
1974 2339 2132 2378 mor-

489 2417 607 2472 tuis
639 2415 826 2488 magis
859 2421 1086 2471 mortua
1115 2413 1420 2471 verentur!
1471 2413 1667 2484 Neque
1703 2412 1859 2469 enim
1891 2427 2131 2483 possum

491 2521 558 2562 ea
579 2509 809 2560 mortua
833 2504 1042 2572 dicere,
1063 2521 1189 2575 quas
1217 2519 1518 2574 nunquam
1542 2503 1825 2557 vixerunt.
1851 2501 1972 2556 Nisi
1991 2500 2135 2555 forte

489 2592 761 2665 sepulcra
816 2597 954 2647 sunt
1013 2593 1390 2664 antiquorum
1449 2592 1776 2646 hominum.
1835 2589 2132 2645 Interdum

490 2683 644 2738 enim
705 2682 1007 2753 ingressus
1035 2680 1248 2752 aliquis
1302 2680 1429 2735 loca
1456 2680 1658 2750 ignota
1699 2681 1903 2744 nescit,
1937 2681 2134 2733 utrum

489 2789 619 2843 quae
648 2771 802 2826 videt
847 2770 1067 2842 templa
1095 2769 1215 2825 sint
1245 2769 1553 2824 hominum
1596 2773 1954 2824 mortuorum
2011 2781 2137 2822 mo-

495 2866 799 2930 numenta,
833 2877 906 2916 an
937 2864 1270 2915 vocatorum
1293 2859 1533 2913 deorum
1560 2875 1573 2911 :
1606 2858 1972 2928 interrogans
2001 2872 2138 2912 vero

495 2956 552 3005 et
582 2951 846 3015 audiens,
892 2964 961 3003 ea
990 2963 1118 3003 esse
1151 2948 1414 3014 deorum,
1465 2947 1727 3003 adoravit
1754 2948 1976 3018 pudore
2023 2962 2138 3001 non

491 3039 772 3104 suffusus,
809 3037 986 3108 quod,
1015 3037 1126 3092 nisi
1150 3037 1538 3108 percontando
1561 3035 1884 3106 didicisset,
1909 3039 2142 3108 propter

499 3145 724 3198 mquam
758 3125 1204 3182 similitudinem
1235 3125 1392 3181 velut
1422 3124 1638 3180 mortui
1663 3124 2033 3197 praeteriisset
2059 3140 2143 3180 se-

2237 1969 2332 2041 ψαι
2367 1965 2516 2024 Θεόν.
2550 1969 2708 2022 ’Ὡστε
2743 1967 2970 2044 μεγάλῳ
3001 1967 3232 2044 κινδύνῳ
3265 1971 3574 2027 ὑπόκεινται
3608 1974 3660 2028 οἳ
3699 1972 3757 2027 ἐκ
3785 1994 3888 2029 πο-

2239 2053 2624 2132 λυτελεστέρας
2671 2055 2809 2127 ὕλης
2863 2058 3206 2136 γεγενημένοι
3266 2059 3414 2134 ὑμῶν
3480 2060 3611 2124 θεοί.
3646 2066 3768 2123 Πῶς
3818 2060 3887 2132 δὴ

2238 2142 2328 2198 καὶ
2367 2141 2478 2198 θεοί
2519 2143 2673 2214 εἰσιν,
2705 2143 3091 2220 κλεπτόμενοι,
3141 2148 3543 2223 χωνευύμενοι,
3597 2150 3890 2224 σταθμιζό-

2245 2252 2419 2304 μενοι,
2450 2233 2848 2309 φρουρούμενοι
2880 2238 3059 2309 (25");

2312 2322 2401 2376 IX.
2431 2322 2496 2374 Ὦ
2522 2325 2627 2375 τῶν
2675 2319 3040 2398 ταλαιπώρων
3094 2325 3388 2398 ἀνθρώπων
3431 2326 3639 2404 φρένες,
3684 2332 3890 2402 νεκρῶν

2241 2409 2528 2485 νεκρότερα
2559 2407 2835 2465 δεδιότων⁶
2870 2414 3044 2469 218.
3066 2411 3190 2467 οὐδὲ
3221 2415 3324 2490 γὰρ
3355 2416 3514 2489 νεκρᾶ
3545 2415 3677 2470 αὐτὰ
3709 2414 3888 2492 λέγειν

2244 2495 2495 2570 δύναμαι,
2526 2499 2591 2552 τὰ
2626 2497 2897 2572 μηδέποτε
2930 2503 3180 2571 ζήσαντα,
3227 2501 3376 2566 ἐκτὸς
3423 2504 3466 2558 εἰ
3520 2506 3595 2577 μή
3629 2508 3668 2543 ⁶¹
3729 2505 3893 2584 τάφοι

2242 2586 2488 2662 ἀρχαίων
2522 2588 2819 2661 ἀνθρώπων
2853 2588 3003 2644 εἰσίν.
3040 2591 3242 2646 Ἐνίοτε
3273 2592 3373 2666 γὰρ
3407 2589 3593 2655 ἐπιϐάς
3622 2616 3704 2656 τις
3724 2594 3896 2670 ἀγνώ-

2245 2697 2392 2738 στοις
2417 2676 2606 2738 τόποις
2632 2676 2729 2731 οὐκ
2759 2676 2922 2747 οἶδεν,
2957 2679 3048 2741 οὕς
3082 2680 3180 2754 ὁρᾷ
3209 2681 3369 2744 ναοὺς
3391 2682 3618 2759 πότερόν
3642 2705 3773 2738 ποτε
3802 2705 3892 2739 νε-

2244 2769 2396 2820 κπῶν
2427 2762 2633 2838 ἀνδρῶν
2670 2767 2926 2840 μνήματά
2956 2766 3120 2835 ἐστιν,
3150 2770 3184 2838 ἢ
3216 2775 3323 2826 τῶν
3367 2769 3678 2846 λεγομένων
3727 2774 3888 2828 θεῶν⁴

2245 2853 2550 2926 πυθόμενος
2599 2852 2658 2909 δὲ
2706 2857 2795 2909 καὶ
2841 2855 3068 2918 ἀκούσας
3117 2855 3355 2912 ὅτιθεῶν
3389 2862 3454 2926 ⁸³,
3494 2860 3890 2934 προσεκύνησεν

2249 2942 2348 2998 οὐκ
2388 2941 2672 3013 αἰδεσθεὶς,
2724 2945 2806 2999 ὃτι
2864 2944 2912 2998 εἷ’
2978 2947 3055 3020 μὴ
3089 2946 3332 3016 ἐξετάσας
3367 2951 3672 3022 μεμαθήκοι
3705 2952 3768 3020 ⁵³,
3805 2947 3898 3004 διὰ

2248 3032 2311 3087 τὸ
2341 3034 2457 3087 ἴσον
2505 3039 2604 3102 τῆς
2654 3033 3006 3107 ὁμοιότητος,
3039 3035 3114 3098 ὡς
3145 3041 3339 3112 νεκροῦ
3374 3045 3641 3111 μνημεῖον
3672 3037 3730 3092 ἃν
3759 3058 3902 3114 παρ-

2252 3117 2528 3191 εληλύθει.
2591 3119 2742 3190 Πλὴν
2805 3121 2867 3176 οὐ
2912 3124 3022 3198 χρή
3086 3144 3153 3197 με
3198 3124 3336 3200 πρὸς
3392 3132 3491 3195 τῆς
3536 3129 3582 3164 ⁸⁸
3636 3127 3902 3196 τοιαύτης

498 3217 788 3289 pulcrum.
819 3215 928 3270 Sed
962 3231 1075 3270 non
1125 3217 1350 3286 oportet
1379 3217 1444 3269 ut
1489 3213 1551 3268 in
1581 3212 1689 3268 hac
1733 3212 2134 3284 superstitione

2254 3206 2677 3284 δεισιδαιμονίας
2731 3209 2950 3280 πολλὴν
3008 3210 3266 3288 παρέχειν
3330 3212 3622 3286 ἀπόδειξιν.
3687 3213 3901 3288 Ῥᾴδιον

503 3305 746 3360 multam
777 3305 1012 3359 all‘cram
1045 3303 1468 3375 probationem.
1522 3301 1710 3358 Facile
1742 3302 1896 3357 enim
1929 3305 2018 3356 est
2044 3317 2142 3357 vo-

501 3393 645 3450 lenti
677 3393 1020 3465 intclligere,
1053 3393 1207 3465 quod
1241 3392 1385 3446 nihil
1409 3392 1504 3458 sit,
1530 3391 1639 3447 nisi
1674 3392 1806 3462 quis
1838 3391 1982 3446 forte
2015 3389 2143 3445 nul-

499 3483 730 3540 latenus
758 3484 971 3538 videat.
995 3488 1262 3537 Attamen
1292 3481 1380 3536 vel
1412 3498 1566 3536 nunc
1592 3481 1727 3537 audi
1762 3479 2143 3537 simulacrum

499 3589 616 3630 non
647 3572 870 3638 audire,
902 3588 968 3628 ac
997 3571 1276 3642 intellige,
1309 3588 1422 3626 non
1449 3570 1790 3642 intelligere.
1821 3569 1966 3627 Nam
1999 3567 2142 3623 illud

504 3661 765 3718 mortalis
796 3660 1053 3716 hominis
1100 3676 1313 3714 manus
1362 3661 1636 3716 fecerunt.
1689 3659 1748 3714 Si
1788 3663 2006 3724 autem,
2040 3657 2141 3728 qui

504 3753 656 3817 fecit,
687 3750 848 3816 obiit,
881 3767 996 3821 quo
1041 3749 1212 3804 modo
1251 3749 1320 3802 ab
1353 3749 1451 3803 illo
1485 3749 1700 3803 factum
1733 3765 1847 3803 non
1879 3748 2140 3802 destrue-

502 3841 642 3898 tur?
691 3841 805 3896 Cur
860 3840 1056 3909 itaque
1115 3838 1323 3894 adoras
1382 3837 1643 3894 mortalis
1675 3854 1843 3908 Opus,
1903 3835 2142 3892 omnino

499 3947 677 3988 sensu
709 3927 1101 3985 destitutum?
1131 3943 1286 3996 cum,
1339 3926 1437 3998 qui
1484 3931 1737 3980 mentem
1794 3925 2031 3991 habent,
2074 3940 2145 3982 ne

500 4018 778 4076 animalia
835 4017 1072 4089 quidem
1128 4016 1389 4083 adorent,
1450 4031 1553 4070 nec
1607 4013 1894 4072 elementa
1948 4032 1982 4071 a
2029 4015 2145 4070 Deo

499 4109 732 4168 condita
760 4107 950 4163 colant
971 4109 1143 4177 atque
1173 4105 1500 4172 adulentur,
1522 4103 1729 4160 cmlum
1757 4104 1906 4171 dico,
1937 4102 2143 4173 solem,

500 4198 725 4263 lunam,
752 4201 931 4266 astra,
952 4199 1190 4262 terram,
1225 4209 1381 4248 mare
1412 4198 1469 4248 et
1499 4197 1712 4252 cuncta
1744 4192 1815 4248 iis
1844 4196 2142 4249 contenta:

2249 3299 2349 3377 γάρ
2401 3299 2509 3356 ἐστι
2562 3303 2640 3371 τῷ
2687 3298 2899 3364 θέλοντι
2949 3307 3159 3371 νοῆσαι,
3210 3303 3292 3357 ὅτι
3326 3300 3477 3358 οὐδέν
3520 3304 3683 3373 ἐστιν,
3745 3305 3901 3368 ἐκτὸς

2252 3387 2299 3444 εί
2333 3390 2408 3461 μή
2457 3395 2539 3450 τις
2590 3387 2652 3442 ού
2705 3387 2898 3464 βλέπῃ.
2953 3388 3105 3459 Πλὴν
3153 3391 3249 3444 κᾶν
3285 3394 3376 3446 νῦν
3406 3390 3653 3463 ἄκουσον,
3686 3394 3767 3448 ὃτι
3802 3393 3904 3449 οὐκ

2251 3476 2456 3549 ἀκούει,
2505 3477 2595 3531 καὶ
2641 3476 2860 3548 νόησον,
2911 3477 2994 3532 ὅτι
3026 3477 3088 3532 ού
3117 3483 3247 3535 νοεῖ.
3281 3485 3466 3556 Χεῖρες
3506 3481 3609 3558 γὰρ
3640 3482 3768 3537 αὐτὸ
3801 3494 3896 3546 θα-

2250 3560 2434 3627 νόντος
2488 3565 2775 3640 ἀνθρώπου
2824 3564 3103 3636 ἐποίησαν.
3157 3566 3219 3620 Εἰ
3267 3565 3324 3622 δὲ
3370 3569 3398 3622 ὁ
3428 3572 3660 3640 ποιήσας
3690 3569 3902 3626 ἐτελεύ-

2250 3675 2433 3724 τησεν,
2482 3659 2600 3716 πῶς
2644 3655 2708 3709 τὸ
2758 3655 2844 3709 ὑπ’
2893 3655 3056 3709 αὐτοῦ
3094 3657 3318 3731 γεγονὸς
3351 3657 3413 3711 ού
3446 3657 3774 3728 λυθήσεταις
3837 3660 3900 3714 Τί

2253 3743 2343 3797 οὖν
2397 3745 2595 3812 θνητοῦ
2641 3741 2794 3819 ἔργον
2844 3749 3185 3820 προσκυνεῖς,
3234 3745 3514 3808 παντελῶς
3574 3748 3894 3819 ἀναίσθητον

2253 3831 2308 3888 ὅν
2336 3850 2351 3902 ;
2384 3832 2548 3888 ὁπότε
2595 3833 2647 3886 οἱ
2698 3830 3000 3908 λογισμοὺς
3051 3832 3274 3908 ἔχοντες
3324 3832 3448 3890 οὐδὲ
3491 3835 3558 3890 τὰ
3590 3842 3697 3907 ζῶα
3727 3858 3895 3912 προσ-

2253 3925 2523 3994 κυνοῦσιν,
2578 3918 2708 3975 οὐδὲ
2754 3928 3000 3998 στοιχεῖα
3029 3922 3096 3977 τὰ
3126 3922 3228 3976 ὑπὸ
3259 3928 3393 3978 Θεοῦ
3421 3926 3756 4001 γεγενημένα
3803 3947 3897 3980 κο-

2255 4008 2595 4077 λακεύουσιν,
2637 4009 2784 4086 λέγω
2825 4008 2882 4065 δὲ
2913 4010 3160 4087 οὐρανὸν,
3190 4009 3374 4082 ἥλιον,
3410 4013 3669 4085 σελήνην,
3702 4016 3898 4091 ἀστρα-

2255 4100 2363 4169 πήν
2395 4102 2460 4171 ⁸⁵,
2504 4097 2770 4154 θάλασσαν
2819 4099 2908 4154 καὶ
2961 4100 3136 4154 πάντα
3169 4099 3236 4155 τὰ
3283 4100 3334 4156 ἐν
3369 4102 3550 4164 αὐτοῖς
3577 4103 3755 4180 ὀρθῶς
3783 4103 3902 4180 κρί-

2255 4204 2464 4260 νοντες,
2519 4185 2732 4262 μηδὲθσ
2778 4190 2848 4244 τὰ
2897 4189 2985 4245 ὑπ’
3032 4189 3197 4248 αὐτοῦ
3237 4191 3499 4269 γενόμενα
3555 4202 3900 4270 προσκυνεῖν,

1849 4298 2085 4354 VARle
2147 4297 2550 4355 LECTIONES.

572 4402 615 4437 ⁵⁷
650 4402 735 4455 Ita
833 4416 881 4472 c.
908 4403 968 4472 Π,
1001 4396 1207 4472 ’ὀτιρῦν
1229 4398 1290 4453 C.
1313 4466 1327 4472 _
1367 4393 1658 4472 "uicikozc
1685 4397 1751 4450 Ο.
1815 4397 1874 4472 ,⁵9
1902 4397 2187 4472 χρήσνμον
2218 4396 2282 4472 Ο..
2342 4391 2505 4472 δομέπί
2537 4393 2604 4472 Οἶ
2647 4398 2713 4450 ut
2751 4412 2902 4472 _mox
2941 4394 3061 4472 imp
3088 4392 3331 4472 Δὃχλων.
3406 4399 3450 4434 ⁶¹
3483 4397 3608 4455 Nisi
3665 4401 3907 4458 vocibus

507 4471 879 4549 transpositis
910 4464 1069 4549 legas
1100 4467 1251 4530 ἐκτὸς
1285 4466 1329 4549 εἰ
1373 4464 1638 4549 μὴ’τάφρι
1671 4464 2516 4549 omnino'rescripserimneiafic
2543 4465 2727 4549 τάφοι.
2751 4467 2994 4549 'I‘empla
3009 4464 3228 4549 “fuisse
3225 4475 3586 4549 mortuorum
3611 4473 3903 4543 sepulcra.

505 4561 573 4600 ex
606 4542 912 4599 clementis
948 4547 985 4593 Π
1029 4543 1329 4613 οτρεπτικῷ
1361 4542 1526 4596 docet

505 4633 625 4667 vm-
661 4632 716 4667 ε.
749 4615 868 4667 115.
1096 4612 1248 4667 Svlb.
1311 4611 1377 4667 D.
1439 4609 1484 4664 εί

505 4633 626 4684 vui,
660 4632 716 4686 ρ.
749 4615 868 4668 115.
933 4614 1035 4686 Ed.

1605 4539 1983 4614 _us_eb..Pr.'2pA.
2015 4537 2205 4614 evang.
2241 4555 2302 4614 ii.
2332 4539 2366 4592 6
2389 4558 2407 4604 ,-
2431 4537 2636 4614 gyrill‘.
2665 4539 2726 4614 is}
2753 4537 2977 4614 .Iulle,
3007 4540 3109 4614 341
3128 4557 3161 4614 i
3183 4541 3530 4614 Theodoret.
3566 4537 3907 4614 Therapeut..

1096 4605 1248 4684 Sylb.
1303 4605 1401 4684 'D._
1439 4609 1484 4664 εί
1547 4611 1622 4682 μὴ
1651 4607 1822 4684 -ἐκτός
1854 4605 2009 4684 C,_'O.
2061 4611 2134 4684 ff
2155 4605 2244 4684 Ita
2273 4605 2501 4684 O_c._E,'
2527 4605 2653 4660 Θεόν
2686 4609 2744 4684 φ.
2779 4611 2912 4664 Θεοῦ
2942 4613 3094 4684 couj.
3128 4605 3284 4684 D._C.
3309 4629 3450 4684 ﬁcum
3485 4617 3670 4668 totum
3705 4605 3902 4670 locum

547 4677 809 4758 crpéram
844 4677 1224 4753 distinxisset,
1257 4677 1556 4754 corrigere
1576 4677 1836 4738 vcluerat
1878 4677 1977 4734 οὐκ
2023 4677 2267 4749 αἷδέσθη.
2321 4679 2578 4735 Debebat
2629 4678 2835 4735 saltem
2884 4677 3138 4738 scribere
3167 4678 3389 4752 ἠδέσθη.
3422 4686 3493 4738 At
3521 4702 3645 4754 quas
3677 4685 3756 4740 sit
3784 4703 3910 4742 ver-

506 4705 712 4814 gorum
747 4757 1098 4814 coniunctio.
1133 4761 1281 4811 recte
1312 4757 1639 4814 explanavit
1672 4761 1733 4814 υ,
1768 4771 1944 4814 quem
1978 4769 2083 4814 ego
2115 4757 2353 4808 secutus
2383 4768 2536 4814 sum,
2571 4750 2628 4808 S.
2705 4751 2749 4786 ⁸³
2783 4753 3082 4814 μεμαθήκει
3115 4754 3175 4808 C.
3210 4755 3360 4809 Tum
3391 4755 3448 4808 id
3483 4751 3620 4811 ἴσον.
3694 4758 3741 4792 ⁶⁸
3770 4755 3910 4814 πρὸς

547 4750 712 4813 orum
747 4757 1098 4828 coniunctio,
1118 4750 1281 4828 recte
1312 4750 1645 4828 explanavit
1672 4761 1733 4820 υ,
1768 4771 1944 4828 quem
1978 4769 2083 4825 ego
2101 4757 2536 4828 Δξιῑειιιιλε-βυω,
2571 4750 2646 4828 ε,
2705 4751 2749 4786 ⁸³
2783 4753 3082 4828 μεμαθήκει
3115 4754 3175 4808 C.
3210 4750 3362 4828 Tum
3391 4755 3448 4828 id
3483 4750 3620 4811 ἴσον.
3694 4758 3741 4828 ξι
3770 4755 3912 4828 ¹πρὸς

502 4829 787 4912 τῆςιοορά.
821 4818 881 4897 C',
908 4825 1044 4901 πρὸς
1071 4818 1170 4893 τὴν
1227 4830 1327 4894 τῆς
1359 4818 1604 4897 uterque
1633 4818 1802 4881 hom:
1825 4818 2044 4880 codex:
2097 4823 2143 4859 ⁸⁸
2175 4823 2326 4879 Fort.
2360 4818 2543 4896 ἄστρα,
2577 4826 2702 4895 γῆν,
2748 4818 2816 4879 ea
2856 4818 3105 4894 'Recogn.
3160 4842 3216 4895 ν,
3267 4826 3354 4894 16,
3414 4825 3472 4882 C.

505 4901 659 4972 conj.
697 4901 758 4955 D.

3550 4828 3596 4862 ⁵⁸
3655 4827 3730 4900 μή
3795 4825 3908 4883 δεῖν

1882 4981 2264 5039 VARIORUM
2302 4981 2535 5038 NOTIE.

580 5083 692 5159 (25)
722 5086 847 5144 Πῶς
881 5079 946 5150 δὴ
988 5080 1077 5159 καὶ
1108 5079 1219 5136 θεοί
1277 5079 1432 5152 εἰσιν,
1494 5076 1887 5159 πλεπτόμενοι,
1948 5097 2155 5159 χωνευ-

511 5151 698 5231 όμενοίι
781 5153 1227 5231 σταφμιζό-μενοι,
1307 5151 1732 5231 Δφρου-ρούμενοι
1816 5151 2154 5231 ἣϐφςῇἰίἱρ-

512 5223 648 5285 num
678 5228 715 5283 1.
747 5244 800 5294 ν,
827 5223 961 5281 0.15
984 5243 994 5282 :
1026 5223 1132 5294 Qui
1153 5223 1279 5294 ergo
1291 5223 1480 5293 furari
1497 5223 1742 5296 possunt,
1761 5225 1859 5295 qui
1876 5225 1950 5296 ab
1973 5223 2153 5296 homi-

511 5302 674 5358 nibus
693 5293 982 5367 custodiri,
1004 5293 1100 5369 qui
1117 5293 1356 5369 conﬂari
1370 5301 1420 5350 et
1442 5293 1681 5368 appendi
1698 5300 1750 5351 et
1769 5293 2157 5369 inaneisczdi;

515 5375 610 5428 isti
629 5372 940 5426 hminibus
970 5366 1195 5424 sensum
1234 5366 1561 5423 habentibus
1590 5369 1676 5423 dii
1719 5367 1909 5422 debent
1939 5366 2115 5421 videri
2133 5368 2158 5419 Υ

515 5443 683 5514 quasi
717 5443 961 5514 Ilulinus
1024 5445 1226 5510 praeter
1255 5436 1650 5514 φρουρούμενοι
1687 5437 1888 5509 legerit
1927 5432 2158 5514 σφυρού-

521 5511 700 5586 μενοι,
729 5512 1020 5586 Urgentur
1074 5511 1277 5586 autem
1328 5511 1530 5586 eadem
1592 5511 1705 5586 ista
1749 5511 2096 5586 argumenta
2125 5524 2157 5564 a

518 5580 738 5641 sanctis
762 5580 908 5636 Patri
921 5585 1050 5649 bus,
1075 5583 1145 5653 iis
1161 5581 1496 5653 praesertim
1511 5581 1612 5653 qui
1637 5580 1916 5653 adversus
1932 5585 2157 5653 gentes,

517 5662 577 5717 et
597 5653 895 5730 apologias
919 5669 1022 5729 pro
1042 5651 1387 5712 Christianis
1409 5652 1791 5726 scripserunt.
1811 5651 1961 5708 Deus'
1976 5665 2159 5710 avreus

2264 5080 2350 5156 vel
2370 5083 2651 5156 argentus,
2676 5080 2749 5156 de
2779 5082 3087 5156 immundo,
3122 5085 3360 5156 vasculo,
3391 5089 3450 5140 ut
3478 5085 3679 5156 saepius
3709 5090 3919 5156 factum

2263 5153 2534 5223 {Egi/ptio
2563 5154 2700 5222 regi,
2735 5154 3025 5223 conﬂatur,
3056 5154 3331 5222 tunditur,
3390 5153 3629 5223 malleis,
3661 5153 3715 5212 et
3758 5160 3919 5212 incu-

2262 5222 2433 5298 dibus
2450 5224 2744 5294 ﬁguratur.
2775 5222 2912 5298 Quae
2943 5225 3116 5280 verba
3149 5226 3344 5298 magni
3395 5222 3643 5283 oratoris
3675 5227 3918 5284 Minucii

2265 5293 2470 5366 Felicis
2503 5311 2569 5349 eo
2602 5294 2836 5366 protuli,
2864 5301 2925 5349 ut
2955 5293 3358 5352 monerem'iis
3385 5298 3756 5354 inserendam
3788 5314 3920 5355 esse

2264 5365 2552 5442 virgulam
2585 5365 2717 5437 post
2745 5368 2952 5442 saepius
2983 5385 3001 5422 :
3021 5386 3225 5442 neque
3251 5369 3409 5442 enim,
3440 5372 3653 5442 saepius
3683 5370 3919 5442 Amasis

2267 5454 2364 5492 rex
2396 5453 2462 5491 ex
2494 5438 2802 5509 immundo
2835 5439 3071 5494 vasculo
3115 5439 3335 5494 idolum
3390 5438 3540 5505 fecit,
3575 5443 3673 5497 sed
3710 5441 3917 5509 semel,

2267 5508 2872 5585 referenteHerodoto
2920 5509 3287 5585 in__Euterpe
3325 5527 3454 5585 cap.
3513 5514 3636 5568 172.
3697 5508 3925 5569 Sensus

2268 5579 2612 5660 itaqueest,
2636 5584 2694 5636 et
2727 5580 2942 5660 saepius
2974 5581 3031 5636 id
3063 5579 3281 5639 factum
3321 5588 3381 5640 et
3397 5579 3627 5641 ‘faotum
3684 5600 3926 5660 quoque

2266 5650 2532 5724 [Egyptio
2564 5651 2635 5708 ab
2668 5650 2827 5727 rege:
2855 5652 2994 5710 Co'r.
