4112 6344
198 379 303 437 265

1330 369 1859 433 CLEMENTINA.
1891 399 1966 406 --
1998 365 2327 427 HOMILIA
2371 370 2447 428 X.

3470 374 3588 432 5266

199 509 331 565 ἀλλὰ
383 511 477 564 τὸν
533 508 741 564 τούτων
798 504 1137 583 δημιουργὸν
1212 505 1303 560 καὶ
1359 505 1607 577 πάροχον
1659 492 1830 554 σέϐειν

1981 502 2100 555 ecte
2134 500 2493 570 judicantes,
2543 519 2649 558 nec
2679 504 2750 558 ab
2798 503 2925 575 ipso
2973 509 3166 560 creata
3205 504 3314 561 coli
3359 507 3590 576 debere,

200 600 334 654 Θεόν.
370 598 491 654 Ἐπὶ
520 598 703 670 τούτῳ
752 598 854 673 γὰρ
907 597 997 651 καὶ
1049 595 1183 650 αὐτὰ
1230 594 1434 670 χαίρει,
1469 590 1550 647 ὅτι
1592 592 1692 659 τὴν
1740 585 1838 644 τοῦ

1981 590 2049 644 ed
2082 606 2284 645 eorum
2314 590 2581 663 opificem
2613 597 2669 647 et
2710 592 3042 663 largitorem
3075 594 3259 651 Deum
3293 612 3421 652 esse
3450 599 3597 654 ado-

199 688 557 759 πεποιηκότος
586 688 755 760 τιμὴν
789 684 965 748 οὐδείς
996 684 1183 747 αὐτοῖς
1214 685 1516 758 προσῆψεν.

266 870 416 926 219
448 868 513 923 Χ.
566 864 748 921 Αὐτοῦ
805 863 910 939 γὰρ
961 862 1129 936 μόνου
1179 861 1320 917 ἐστὶν
1366 864 1402 931 ἡ
1453 857 1669 933 ἔντιμος
1718 855 1844 928 δόξα

199 962 286 1013 τοῦ
339 955 510 1029 μόνου
558 955 851 1031 ἀγενήτου,
884 953 973 1008 ὅτε
1009 956 1052 989 ⁵⁷
1099 952 1166 1007 τὰ
1210 952 1382 1006 λοιπὰ
1428 951 1602 1005 πάντα
1644 947 1845 1023 γενητὰ

195 1047 473 1120 τυγχάνει.
503 1049 591 1106 Ὡς
624 1043 715 1098 οὖν
752 1046 851 1096 τοῦ
901 1041 1166 1116 ἀγενήτου
1214 1037 1353 1095 ἴδιον
1401 1038 1465 1093 τὸ
1510 1039 1637 1098 Θεὸς
1688 1037 1845 1106 εἶναι,

200 1135 364 1194 οὕτως
394 1138 499 1187 πᾶν
534 1134 715 1187 ὁτιοῦν
749 1129 1042 1205 γενόμενον
1086 1129 1217 1191 Θεὸς
1262 1132 1341 1200 τῷ
1388 1123 1499 1182 ὄντι
1540 1127 1639 1182 οὐκ
1684 1124 1843 1181 ἔστιν.

202 1225 305 1300 Πρὸ
334 1222 553 1277 πάντων
586 1219 676 1275 οῦν
724 1221 1037 1290 ὢνοηθῆναι
1070 1217 1315 1295 ὀφείλετε
1340 1218 1439 1285 τὴν
1488 1220 1585 1272 τοῦ
1633 1215 1685 1270 ἐν
1721 1215 1849 1287 ὑμῖν

200 1315 511 1373 ἀπατῶντος
560 1306 735 1389 ὄφεως
792 1312 1094 1384 κακοῦργον
1146 1305 1407 1378 ἐπίνοιαν,
1459 1306 1519 1368 ὃς
1568 1303 1848 1384 φρονίμως

202 1404 335 1474 ὑμᾶς
380 1401 562 1471 ἀπατᾷ
609 1397 898 1473 ὑποσχέσει
958 1396 1263 1473 κρείττονος
1329 1395 1619 1471 λογισμοῦ,
1665 1390 1846 1468 ἕρπων

204 1493 351 1565 ὑμῶν
384 1490 445 1545 ἐκ
472 1495 572 1545 τοῦ
602 1486 904 1565 ἐγκεφάλου
934 1486 1011 1548 εἷς
1060 1487 1148 1540 τὸν
1197 1490 1450 1540 νωτιαῖον
1504 1482 1705 1557 μυελὸν

202 1582 287 1636 καὶ
323 1580 468 1655 μέγα
495 1576 687 1655 κέρδος
717 1577 1021 1652 ἡγούμενος
1047 1576 1145 1644 τὴν
1184 1573 1442 1649 ὑμετέραν
1474 1572 1704 1642 ἀπάτην.

274 1675 366 1724 XI.
398 1664 578 1729 Εἰδὼς
608 1670 653 1703 ⁸⁸
683 1668 788 1742 γὰρ
820 1665 911 1720 τὸν
939 1665 1195 1740 ἀπαρχῆς
1234 1658 1423 1736 νόμον,
1448 1662 1529 1716 ὅτι
1580 1661 1667 1717 ἐὰν
1714 1662 1853 1733 ὑμᾶς

208 1759 280 1820 εἷς
314 1758 572 1812 ὑπόνοιαν
616 1759 727 1810 τῶν
752 1757 798 1792 ⁶⁹
828 1752 1033 1824 δήποτε
1086 1750 1395 1828 λεγομένων
1451 1753 1585 1805 θεῶν
1640 1748 1851 1824 ἐνέγκῃ,

1949 679 2223 734 randum.
2261 679 2325 735 In
2372 679 2481 736 hoc
2509 681 2721 752 quippe
2768 688 2825 738 et
2855 683 2985 755 ipsa
3013 685 3291 755 gaudent,
3322 701 3457 741 cum
3489 686 3592 743 ho-

1950 783 2154 823 norem
2178 769 2457 825 creatoris
2487 786 2658 826 nemo
2689 771 2837 840 ipsis
2868 773 3157 829 attribuit.

2022 861 2092 912 X.
2124 858 2208 913 Ad
2240 858 2435 930 ipsum
2467 858 2623 914 enim
2655 860 2845 915 solum
2878 861 3129 933 pertinet
3147 862 3360 920 eximia
3387 864 3595 937 gloria,

1954 946 2055 1017 qui
2086 946 2247 1003 solus
2280 946 2597 1018 increatus,
2648 954 2758 1018 est,
2804 950 3080 1021 quoniam
3133 952 3359 1025 reliqua
3404 955 3605 1012 omnia

1954 1039 2232 1091 creaturae
2281 1040 2440 1092 sunt.
2491 1037 2652 1092 Sicut
2682 1054 2818 1111 ergo
2860 1040 3104 1095 increati
3159 1042 3461 1115 proprium
3493 1047 3603 1113 est,

1955 1124 2140 1179 Deum
2171 1141 2320 1192 esse,
2364 1126 2447 1181 ita
2489 1126 2779 1199 quidquid
2830 1134 3089 1184 creatum
3129 1135 3235 1185 est.
3288 1132 3443 1188 Deus
3472 1149 3605 1189 vere

1956 1230 2073 1270 non
2114 1218 2223 1270 est.
2258 1219 2405 1271 Ante
2436 1216 2633 1271 omnia
2661 1232 2797 1290 ergo
2824 1217 3146 1291 intelligere
3179 1221 3402 1277 debetis
3433 1222 3603 1278 mali-

1957 1319 2140 1376 gnum
2174 1320 2275 1359 vos
2305 1304 2465 1360 intus
2496 1305 2844 1377 decipientis
2867 1308 3150 1364 daemonis
3178 1315 3603 1381 commentum,

1957 1392 2054 1463 qui
2086 1393 2266 1464 perite
2297 1394 2523 1449 seducit
2540 1411 2644 1450 vos
2671 1396 3061 1466 promissione
3083 1398 3295 1454 mentis
3318 1398 3610 1470 melioris,

1959 1483 2260 1553 serpitque
2290 1499 2320 1538 e
2351 1484 2586 1539 cerebro
2638 1489 2828 1540 vestro
2858 1486 2919 1540 in
2961 1486 3120 1542 dorsi
3152 1486 3493 1557 medullam,
3549 1492 3607 1545 et

1960 1571 2190 1627 lucrum
2224 1588 2505 1645 magnum
2538 1578 2840 1646 computat
2883 1576 3282 1648 deceptionem
3329 1583 3606 1637 vestram.

2034 1661 2132 1717 XI.
2165 1661 2285 1717 Scit
2334 1661 2487 1716 enim
2523 1662 2775 1733 primam
2828 1663 3038 1736 legem,
3088 1668 3266 1738 quod,
3316 1668 3365 1722 si
3415 1684 3516 1724 vos
3547 1667 3609 1724 in

1963 1748 2296 1820 opinionem
2326 1748 2697 1821 vulgatorum
2731 1752 2973 1807 deorum
3003 1753 3261 1825 inducat,
3295 1754 3617 1813 solummo-

212 1847 369 1920 μόνον
396 1844 493 1900 ἵνα
522 1845 598 1907 εἷς
628 1845 689 1899 τὸ
726 1851 828 1913 τῆς
882 1842 1184 1919 μοναρχίας
1234 1840 1430 1915 ἀγαθὸν
1482 1839 1759 1915 ἁμάρτητε
1785 1841 1852 1931 ἿΫ,

1981 1837 2039 1892 10
2070 1842 2135 1891 ut
2163 1840 2366 1893 contra
2395 1838 2745 1893 monarchiae
2793 1839 3012 1896 bonum
3063 1845 3336 1913 peccetis,
3384 1843 3614 1901 lucrum

207 1934 398 2008 κέρδος
444 1934 590 2004 αὐτῷ
634 1933 838 2009 γίνεται
879 1934 915 2001 ἡ
967 1932 1120 2003 ὑμῶν
1170 1932 1540 2003 καταστροφή.
1590 1929 1755 2003 Λόγῳ
1801 1924 1859 1982 δὲ

1981 1926 2083 1999 ipsi
2112 1927 2216 1981 ﬁat
2245 1932 2436 1983 vestra
2466 1928 2789 1984 subversio.
2838 1933 2958 1985 Hac
3004 1946 3140 1987 vero
3186 1932 3431 2003 ratione,
3463 1935 3617 2005 quod

208 2025 391 2095 τούτῳ
422 2023 504 2076 ὅτι
536 2029 635 2098 γῆν
667 2018 826 2091 ἤσθιε
868 2016 1301 2085 καταδικασθεὶς,
1333 2014 1423 2072 τὰν
1475 2014 1547 2071 δι’
1592 2014 1858 2092 ἁμαρτίαν

210 2114 285 2174 εἷς
316 2118 419 2187 γῆν
457 2109 706 2181 λυθέντα,
735 2116 835 2184 γῆν
867 2107 1185 2184 γενόμενον,
1218 2105 1410 2161 ἐσθίειν
1440 2101 1555 2181 ἔχει
1600 2103 1860 2177 ἐξουσίαν,

207 2207 315 2256 τῶν
372 2204 569 2275 ψυχῶν
621 2200 772 2272 ὑμῶν
820 2197 894 2259 εἷς
940 2198 1040 2265 τήν
1084 2192 1181 2250 τοῦ
1229 2195 1399 2268 πυρὸς
1439 2195 1603 2249 αὐτοῦ
1632 2193 1865 2269 γαστέρα

211 2294 541 2366 γωρουσῶν.
589 2290 707 2342 Ἵνα
752 2285 845 2341 οὖν
888 2290 1057 2341 ταῦτα
1102 2284 1332 2356 πάθητε,
1381 2290 1553 2339 πᾶσαν
1595 2285 1696 2353 τήν
1746 2284 1863 2338 καθ’

210 2381 363 2451 ὑμῶν
399 2378 528 2451 ὑμῖν
563 2370 866 2431 ὑποϐάλλει
898 2372 1091 2441 οἷὴσιν.

272 2562 395 2611 XII.
428 2555 552 2611 Ἀπ’
581 2557 625 2592 τί
660 2552 823 2608 αὐτοῦ
870 2554 970 2628 γὰρ
1024 2558 1189 2607 πᾶσαι
1240 2553 1296 2607 αἱ
1343 2553 1479 2608 κατὰ
1519 2559 1620 2622 τῆς
1675 2571 1868 2627 μοναρ-

206 2647 336 2722 χίας
370 2643 645 2714 ἀπατηλοὶ
674 2647 753 2714 τῷ
794 2646 871 2713 νῷ
921 2642 1072 2714 ὑμῶν
1122 2642 1209 2696 ἐπι
1263 2638 1441 2717 βλάϐῃ
1499 2641 1865 2718 ἐνσπείρονται

209 2732 545 2806 ὐποληψεις.
598 2737 821 2808 Πρῶτον
881 2730 973 2804 μὲν
1028 2729 1121 2784 ’ίνα
1170 2731 1244 2803 μὴ
1291 2729 1420 2792 τοὺς
1469 2732 1514 2766 ⁷³
1551 2737 1651 2799 τῆς
1688 2732 1869 2785 θεοσε-

213 2820 368 2884 ϐείας
398 2820 721 2882 ἀκούσαντες
753 2818 950 2894 λόγους
979 2820 1079 2887 τήν
1105 2823 1216 2872 τῶν
1264 2822 1443 2873 κακῶν
1501 2819 1675 2874 αἰτίαν
1739 2820 1868 2873 ἀπε-

209 2912 421 2981 λάσητε
470 2908 713 2985 ἄγνοιαν,
764 2911 919 2966 220
970 2906 1233 2985 προφάσει
1285 2909 1540 2983 γνώσεως
1584 2905 1867 2983 ἐνεδρεύει,

209 2999 339 3063 δοὺς
386 3001 456 3053 τὰ
503 3000 596 3071 μὲν
644 3001 691 3034 73
738 3000 930 3072 πρῶτα
984 3001 1082 3069 μιᾷ
1123 3000 1193 3069 τῇ
1248 2997 1384 3051 κατὰ
1412 2998 1627 3052 πάντων
1654 2994 1870 3073 προλή-

207 3096 298 3164 ψει
355 3089 668 3165 χρώμενος,
700 3087 737 3155 ἢ
784 3107 871 3147 τις
915 3084 1027 3140 ἐστὶ
1074 3086 1136 3140 τὸ
1183 3086 1426 3159 νομίζειν
1475 3086 1563 3141 καὶ
1612 3089 1659 3123 ⁷⁴
1693 3090 1871 3149 κακῶς

215 3174 606 3254 βεϐουλεῦσθαι
639 3178 705 3246 ⁷⁵,
739 3174 825 3230 ὅτι
856 3173 941 3229 ἐὰν
980 3177 1053 3247 μή
1086 3194 1169 3236 τις
1211 3175 1413 3250 ἀκούσῃ
1458 3180 1556 3231 τοῦ
1602 3183 1702 3246 τῆς
1748 3186 1866 3239 θεο-

204 3263 427 3329 σεϐείας
479 3264 668 3342 λόγου,
701 3263 802 3319 οὐκ
848 3261 989 3318 ἔστιν
1039 3260 1230 3339 ἔνοχος
1273 3267 1343 3337 τῇ
1390 3262 1585 3336 κρίσει.
1639 3265 1731 3319 Διὸ
1778 3262 1869 3319 καὶ

208 3358 393 3417 οὕτως
449 3351 801 3426 ἀπατώμενοι
856 3372 994 3413 τινες
1064 3351 1277 3406 ἀκούειν
1338 3353 1401 3407 οὐ
1459 3350 1728 3421 θέλουσιν,
1780 3351 1874 3408 ⁹ίνα

208 3447 514 3521 ἀγνοῶσιν,
545 3442 647 3497 οὐκ
675 3441 878 3503 εἰδότες
910 3440 993 3495 δτι
1024 3442 1058 3509 ἠ
1093 3438 1283 3516 ἄγνοια
1311 3439 1445 3509 αὐτὴ
1476 3442 1593 3495 καθ’
1620 3441 1787 3510 αὐτὴν
1828 3444 1873 3479 ⁷⁸

207 3535 403 3589 ἰκανὸν
474 3527 769 3603 θανάσιμόν
850 3528 962 3584 ἐστι
1016 3530 1317 3607 φάρμακον.
1371 3530 1445 3584 Οὸ
1511 3531 1633 3606 γὰρ,
1687 3527 1741 3586 εἷ’
1787 3553 1870 3594 τις

210 3615 530 3698 προσλάϐοι
596 3617 897 3691 Θανασίμου
965 3619 1252 3695 φαρμάκου
1319 3620 1540 3691 ἀγνοῶν,
1593 3619 1693 3673 οὐκ
1737 3619 1872 3675 ἀπο-

212 3715 461 3782 θνήσκει.
511 3708 697 3770 Οὕτως
753 3712 994 3786 φυσικῶς
1042 3707 1099 3761 αἱ
1144 3706 1403 3783 ἁμαρτίαι
1454 3707 1731 3783 ἀναιροῦσι
1780 3709 1871 3764 τὸν

212 3802 623 3875 ἁμαρτάνοντα,
654 3796 750 3851 κᾶν
785 3796 995 3870 ἀγνοῶν
1026 3802 1236 3870 πρᾶσσῃ
1265 3799 1307 3832 ⁷⁷
1338 3794 1372 3849 ἃ
1406 3797 1481 3868 μὴ
1527 3794 1626 3854 δεῖ.

278 3894 431 3944 XIII.
486 3886 547 3942 Εἴ
605 3883 663 3939 δὲ
719 3884 807 3939 ἐπὶ
866 3886 1119 3960 παρακοῇ
1174 3883 1353 3960 λόγων
1412 3884 1588 3961 κρίσις
1643 3884 1870 3961 γίνεται,

206 3975 421 4047 πολλῷ
453 3972 666 4048 μᾶλλον
700 3975 727 4028 ὁ
758 3973 886 4035 Θεὸς
919 3971 1235 4046 ὀλοθρεύσει
1265 3973 1391 4034 τοὺς
1425 3974 1502 4045 μή
1547 3972 1877 4045 θελήσαντας

206 4069 314 4135 τήν
352 4065 431 4125 εἲς
464 4062 623 4117 αὐτὸν
668 4061 954 4138 θρησκείαν
1007 4058 1376 4131 ἀναδέξασθαι.
1409 4062 1465 4114 Ὀ
1506 4063 1607 4139 γὰρ
1662 4065 1735 4137 μὴ
1788 4065 1880 4128 θέ-

216 4156 337 4211 λων
381 4158 568 4227 μαθεῖν
592 4149 681 4205 ’ἱνα
716 4151 792 4223 μὴ
826 4146 1022 4225 ἔνοχος
1052 4152 1109 4221 ᾖ,
1140 4148 1251 4221 ἤδη
1286 4151 1363 4213 ὡς
1413 4148 1571 4213 εἰδὼς
1620 4152 1878 4228 κρίνεται.

207 4250 409 4320 ’Ἔγνω
452 4242 557 4317 γὰρ
588 4240 618 4295 ὃ
660 4240 737 4313 μή
789 4239 1010 4294 ἀκοῦσαι
1062 4237 1226 4303 θέλει’
1280 4238 1417 4295 ὥστε
1466 4237 1619 4295 οὐδὲν
1662 4238 1882 4297 δύναται

214 4333 359 4408 πρὸς
456 4326 759 4403 ἀπολογίαν
845 4327 1057 4382 ἐπίνοια
1122 4329 1166 4366 ⁷⁸
1225 4328 1365 4400 πρὸς
1444 4326 1881 4406 καρδιογνώστην

1969 2018 2184 2071 terram
2217 2017 2389 2071 edere
2419 2018 2841 2073 condemnatus
2874 2018 3068 2084 fuerit,
3098 2036 3232 2075 eum
3268 2021 3366 2093 qui
3397 2022 3617 2094 peccati

1973 2121 2152 2160 causa
2180 2104 2239 2159 in
2269 2109 2485 2161 terram
2519 2105 2813 2162 resolutus
2842 2113 2953 2176 est,
3008 2113 3223 2165 terram
3257 2110 3473 2166 factum
3508 2128 3619 2183 po-

1972 2198 2243 2249 testatem
2283 2194 2459 2249 habet
2508 2196 2924 2264 manducandi,
2976 2197 3285 2254 animabus
3316 2201 3523 2255 vestris
3552 2200 3613 2255 in

1974 2283 2211 2354 igneum
2269 2282 2429 2338 illius
2476 2288 2733 2338 ventrem
2785 2284 3159 2341 abeuntibus.
3211 2286 3282 2343 Ut
3322 2304 3457 2359 ergo
3508 2287 3623 2343 ista

1975 2371 2409 2444 perpetiamini,
2461 2388 2695 2427 omnem
2738 2372 2902 2429 vobis
2957 2376 3312 2431 contrariam
3362 2376 3625 2449 suggerit

1977 2462 2333 2533 opinionem.

2045 2550 2171 2605 XII.
2214 2551 2299 2605 Ab
2333 2550 2459 2622 ipso
2491 2550 2647 2605 enim
2678 2556 2900 2607 cunctas
2932 2568 3057 2622 quae
3089 2558 3291 2609 contra
3322 2555 3419 2610 Dei
3452 2572 3624 2611 mon-

1977 2640 2235 2694 arcbiam
2268 2644 2426 2705 sunt,
2478 2640 2778 2695 sententia:
2828 2640 3063 2697 fallaces
3094 2642 3417 2715 perniciose
3467 2644 3626 2700 inse-

1978 2734 2187 2784 runtur
2233 2729 2413 2784 menti
2452 2734 2681 2785 vestrae.
2732 2730 2928 2786 Primo
2973 2732 3233 2803 quidem,
3287 2748 3361 2788 ne
3391 2733 3629 2805 pietatis

1977 2819 2153 2874 verba
2184 2818 2486 2874 audientes
2517 2818 2808 2874 malorum
2841 2836 3079 2875 causam
3111 2821 3505 2894 ignorantiam
3539 2837 3633 2878 ex-

1978 2906 2233 2979 pellatis,
2269 2907 2514 2963 insidias
2541 2912 2821 2979 praatextu
2854 2909 3202 2982 cognitionis
3232 2910 3410 2966 struit
3443 2916 3458 2965 ε
3488 2926 3631 2985 sug-

1980 3013 2187 3069 gerens
2219 2996 2475 3069 primum
2506 3002 2563 3053 et
2610 3014 2730 3053 una
2763 2996 2824 3053 in
2875 3015 3079 3055 omnes
3126 3004 3298 3055 utens
3345 3016 3628 3072 praesum-

1979 3085 2197 3157 ptione,
2231 3103 2355 3157 quae
2385 3090 2475 3142 est
2505 3089 2589 3155 ut,
2613 3086 2768 3142 malo
2799 3092 3035 3160 accepto
3065 3088 3330 3154 consilio,
3363 3093 3626 3161 putetur,

1982 3176 2137 3247 quod
2170 3175 2217 3231 si
2249 3175 2377 3247 quis
2410 3192 2524 3231 non
2565 3175 2817 3231 audierit
2864 3193 3008 3231 verae
3054 3177 3353 3251 religionis
3405 3193 3630 3234 sermo-

1983 3281 2137 3336 nem,
2170 3281 2287 3319 non
2318 3264 2394 3319 sit
2425 3280 2559 3319 reus
2594 3264 2840 3334 judicio.
2884 3267 3073 3331 Quare
3119 3265 3201 3321 ita
3249 3265 3473 3339 decepti
3503 3265 3633 3338 qui-

1982 3354 2117 3408 dam
2150 3352 2359 3408 nolunt
2394 3352 2616 3420 audire,
2650 3357 2716 3408 ut
2763 3352 3032 3425 ignorent
3060 3374 3080 3421 ;
3112 3354 3436 3410 nescientes
3467 3354 3633 3427 igno-

1983 3442 2233 3498 rantiam
2264 3442 2454 3513 ipsam
2486 3458 2590 3514 per
2636 3458 2698 3497 se
2745 3457 2873 3497 esse
2918 3441 3179 3499 validum
3224 3460 3514 3499 venenum
3566 3460 3632 3499 ac

1982 3531 2213 3587 letbale.
2269 3531 2415 3586 Nam
2446 3530 2494 3586 si
2523 3530 2654 3601 quis
2701 3531 3067 3587 mortiferum
3116 3532 3497 3604 pbarmacum
3531 3548 3634 3602 per

1985 3620 2374 3692 ignorantiam
2399 3626 2615 3686 sumat,
2641 3637 2756 3675 non
2781 3621 2910 3675 ideo
2941 3638 3055 3676 non
3080 3623 3346 3678 moritur.
3381 3622 3475 3677 Sic
3504 3638 3634 3693 pec-

1988 3716 2116 3767 cata
2165 3709 2512 3766 naturaliter
2555 3709 2905 3765 interimunt
2950 3714 3334 3781 peccatorem,
3384 3710 3521 3765 licet
3568 3726 3637 3766 ex

1984 3800 2350 3873 ignoratione
2379 3798 2552 3854 faciat
2581 3814 2708 3869 qua
2732 3815 2849 3854 non
2880 3803 3129 3870 oportet.

2060 3890 2214 3943 XIII.
2248 3888 2304 3943 Si
2337 3893 2530 3944 autem
2560 3888 2631 3943 de
2660 3904 2726 3943 eo
2751 3887 3194 3959 eritjudicium,
3224 3888 3377 3960 quod
3410 3905 3525 3944 non
3558 3887 3639 3944 sit

1990 3978 2291 4035 obeditum
2323 3976 2600 4042 sermoni,
2644 3975 2829 4032 multo
2859 3977 3048 4049 magis
3079 3976 3233 4032 Deus
3264 3993 3362 4033 eos
3406 3977 3636 4049 perdet,

1991 4068 2089 4140 qui
2122 4066 2419 4122 noluerint
2448 4066 2576 4137 ejus
2607 4064 2947 4136 religionem
2997 4065 3314 4139 suscipere.
3355 4066 3501 4121 Nam
3534 4065 3637 4137 qui

1991 4155 2181 4211 noluit
2222 4154 2445 4209 discere
2494 4170 2565 4209 ne
2612 4158 2767 4210 esset
2796 4171 2951 4222 reus,
2976 4156 3102 4226 jam
3134 4159 3199 4210 ut
3228 4155 3451 4226 peritus
3472 4155 3637 4227 judi-

1993 4249 2179 4301 catur.
2212 4243 2461 4316 Agnovit
2512 4241 2669 4298 enim
2702 4244 2853 4313 quod
2913 4242 3101 4299 noluit
3145 4244 3369 4315 audire,
3403 4245 3545 4300 adeo
3579 4246 3646 4300 ut

1992 4334 2152 4390 istud
2185 4336 2584 4389 commentum
2614 4330 2951 4389 nullatenus
2980 4333 3052 4388 ad
3084 4333 3520 4390 excusationem
3550 4350 3648 4390 va-

1574 4445 1817 4506 VARIE
1872 4449 2284 4510 LECTIONES.

285 4548 337 4583 ⁸⁷
378 4542 461 4599 ὅτι
494 4544 555 4601 Ο.

636 4542 1092 4617 68Participium
1151 4537 1309 4603 εἰδώς
1342 4547 1526 4617 _arcte
1584 4552 2049 4608 connectendum
2103 4551 2193 4604 est
2241 4562 2376 4617 cum
2436 4544 2840 4602 enuntiatione
2895 4546 3281 4613 antecedenti,
3337 4563 3471 4603 cum
3528 4562 3645 4617 qua

219 4616 618 4701 grammatice
676 4612 949 4701 θυρεοὶ-ειυς
1006 4612 1424 4701 S.nTum‘&1.t’
1481 4615 1783 4701 ἀρχῆς-Ο.
1844 4623 2005 4680 Idem
2063 4636 2240 4701 praap.
2302 4616 2395 4701 εἷς¹
2448 4618 2539 4700 bis
2585 4618 2897 4701 .e'xhibet.’
2954 4620 3000 4654 ⁸9
3046 4621 3161 4701 χῶν
3461 4612 3642 4700 C,_'O.

216 4682 385 4763 Tum
443 4686 635 4763 ἐνέγκῃ
698 4682 1015 4763 κλέψῃ-ἵνα
1070 4690 1133 4763 S,
1160 4686 1316 4763 quod
1373 4688 1434 4743 in
1493 4682 1731 4763 ᾼὰῌοιι.
1791 4709 1870 4752 cr.
1926 4682 2224 4751 emendari
2268 4689 2405 4763 vult
2461 4690 2524 4763 in
2582 4687 2792 4763 ἐνέγκῃ,
2830 4687 3001 4763 μόνον,
3046 4686 3152 4763 ἵνα.
3187 4691 3359 4763 Atqui
3389 4690 3471 4745 ita
3506 4682 3647 4763 ᾄδω

221 4758 553 4841 ediderunt
582 4758 624 4813 Ο
657 4766 717 4841 et
743 4758 826 4813 Cl.
980 4758 1066 4813 Ita
1094 4758 1135 4814 C
1164 4759 1224 4841 i_n
1253 4774 1468 4841 marg,
1498 4759 1715 4841 ἁμάρτῃ
1750 4763 1809 4841 in
1841 4770 2028 4841 tegtu,
2062 4769 2127 4818 ut
2153 4766 2233 4841 Q._
2266 4761 2414 4841 Tum

2510 4760 2691 4830 ίνηται
2736 4760 2795 4827 C,
2852 4760 2917 4815 Ο.
2992 4762 3050 4830 ⁷ίῄ
3098 4760 3218 4830 ’Δπέ
3275 4777 3345 4816 ex
3400 4761 3647 4830 conject.

223 4835 317 4922 9i,
331 4831 591 4925 deestri‘n
614 4836 868 4925 rutroque
895 4830 1066 4925 Halm;
1090 4830 1217 4885 cod.
1278 4830 1324 4864 ²²
1351 4828 1565 4925 Scripsi
1590 4828 1799 4913 'i'yapv‘;
1830 4828 2143 4898 migdqu
2170 4833 2323 4925 libro
2348 4828 2641 4925 Ptt‘ob.,‘in
2674 4849 2789 4925 quo
2820 4832 3001 4925 babes
3019 4828 3124 4925 ἕνοὶ
3140 4829 3267 4891 τοὺς
3304 4831 3472 4925 μή,1κ.
3570 4828 3651 4900 λ.,

218 4901 317 4958 εξνά
350 4901 486 4963 τούς
518 4903 580 4958 C.
610 4901 721 4985 Qui
754 4917 888 4985 cum
922 4901 998 4972 μή
1031 4901 1232 4985 deesse
1247 4901 1796 4985 ’recte‘monuissét,
1813 4925 1927 4964 non
1957 4908 2319 4985 exspectares
2348 4903 2478 4959 lect.
2508 4901 2583 4977 μὴ
2612 4901 2740 4985 τούς
2761 4903 2832 4985 in
2861 4904 2998 4985 edit.
3019 4901 3650 4985 Scbyveg.evulgata_m.

222 4979 274 5013 τ³
311 4977 477 5032 Fort.
512 4972 688 5029 scrib.
742 4969 994 5078 γνώσεώς
1054 4969 1315 5047 ἐνεδρεύει
1374 4969 1572 5045 ἄλλης,
1603 4972 1672 5027 τὰ
1704 4969 1823 5050 μιν,
1854 5000 1908 5035 κ.
1938 4999 1990 5035 τ.
2025 4969 2081 5034 λῖ
2113 4977 2198 5033 Cl.
2236 4978 2473 5048 Recogn.
2504 4969 2582 5045 ν,
2604 4976 2671 5030 18
2706 4994 2719 5032 :
2752 4973 3041 5032 Occasione
3093 4969 3326 5030 alterius
3383 4969 3652 5030 scientiae.

224 5050 276 5078 τι
310 5045 409 5078 .--ι
442 5045 551 5078 .AA
612 5044 648 5078 ρ
770 5045 897 5078 Ino
932 5048 977 5078 n
1010 5060 1038 5078 ιι
1091 5048 1126 5078 ρ
1184 5039 1594 5078 (λεβηήρέηοκ.
1627 5049 1668 5078 n
1766 5051 1953 5078 nu“!
1988 5048 2221 5078 ...z_.1..n
2319 5048 2363 5078 τι
2406 5046 2483 5078 In.
2540 5046 2583 5078 n
2641 5063 2669 5078 η
2758 5049 2890 5078 τηαν.
2979 5048 3219 5078 nam...”
3299 5046 3439 5078 [Man
3523 5061 3628 5078 non

224 5050 276 5084 τι
310 5045 409 5100 καί
441 5045 577 5099 add.
612 5044 668 5099 S.

820 5045 978 5135 ηερ
1010 5060 1059 5098 c.
1091 5048 1147 5111 S,
1175 5039 1598 5135 ’βεβουλεύεσθὰι
1626 5039 1716 5103 Ο.’
1766 5039 1953 5135 ’θ’κατξ
1985 5048 2151 5135 αὐτήν
2183 5050 2242 5103 C.
2295 5039 2488 5135 '77'Ita
2618 5063 2690 5135 ,οι
2747 5049 2931 5135 Jo'am
2976 5048 3248 5135 Damasc;
3299 5046 3461 5132 (Mss.
3523 5061 3649 5135 cap.

226 5116 381 5193 Περῖ
416 5116 789 5243 μισομαθῶῼ,
818 5115 918 5187 qui
948 5115 1058 5171 hoc
1088 5114 1265 5188 caput
1293 5120 1349 5171 et
1378 5133 1631 5188 sequens
1664 5124 1955 5195 excerpsit
1986 5139 2000 5177 :
2036 5114 2425 5193 καὶ-πράσσει
2452 5119 2576 5174 cod.
2610 5123 2772 5175 Hom.
2807 5118 3078 5186 Parisin.,
3104 5115 3195 5170 καὶ
3223 5114 3435 5191 ἀγνοῶν
3483 5114 3655 5192 πράσ-

226 5210 319 5243 σει
357 5193 419 5243 C.
502 5186 546 5223 ⁷⁸
574 5188 717 5243 Call:
761 5189 867 5243 itas
898 5185 1134 5243 Recoan.
1166 5205 1221 5243 v.
1256 5188 1341 5243 18.
1375 5189 1528 5243 Fort.
1559 5189 1672 5243 leg.
1704 5191 1961 5243 ἀγνίνοια
1990 5193 2051 5243 S.

226 5185 333 5246 σεξ
357 5185 431 5246 CI
502 5185 867 5245 78'Calliditas
898 5185 1134 5259 Recogn.
1158 5185 1221 5260 ἢ,
1256 5188 1341 5243 18.
1375 5185 1528 5246 Fort.
1559 5189 1672 5266 leg.
1704 5185 1961 5269 ἀγχίνοια
1990 5193 2051 5250 S.

1627 5316 2014 5374 VARIORUM
2053 5316 2286 5372 NOT/E.

330 5412 454 5482 (26)
529 5410 747 5488 Ἕρπων
819 5407 970 5488 ὑμῶν
1035 5406 1094 5461 ἐκ
1156 5412 1252 5463 τοῦ
1319 5408 1637 5488 ἐγκεφάλου,
1678 5412 1755 5476 εἰς
1821 5414 1911 5468 τὸν
2019 5413 2279 5483 aiunt,ex
2310 5411 2703 5488 humanorum
2727 5412 3071 5488 cadaverum
3104 5412 3361 5488 medulla
3391 5418 3661 5488 corrupta

234 5479 514 5539 νωὲιαῗον
568 5479 789 5552 μυελόν.

253 5634 265 5641 ”
305 5645 375 5686 so
402 5627 614 5683 vertice
644 5626 935 5695 incipiens,
962 5640 1062 5695 per
1089 5626 1383 5681 interiores
1401 5627 1671 5683 dilabitur
1697 5626 1913 5685 {nedul-

236 5647 363 5758 Ξί-
412 5697 699 5758 Recoam't.
748 5712 805 5758 ν,
854 5696 940 5749 17.
990 5694 1139 5758 Quid
1190 5696 1241 5752 si
1268 5696 1527 5755 allusum
1559 5700 1633 5757 ad
1664 5700 1723 5757 id
1755 5700 1911 5758 quod

890 5482 1085 5558 ugﬁnus
1135 5497 1203 5536 ex
1251 5482 1426 5538 sensu
1454 5482 1676 5557 'magis
1733 5503 1910 5558 quam
2020 5482 2320 5555 serpentes
2344 5485 2503 5539 nasci
2526 5484 2552 5539 ?
2573 5501 2690 5554 qua
2711 5485 2782 5540 de
2813 5501 2873 5558 re
2896 5484 3329 5558 Plutarchusiin
3361 5482 3665 5558 Cleomene

238 5558 323 5614 ad
379 5555 629 5634 verbum
658 5571 702 5634 ἐ
750 5552 936 5634 βεξνρίι
980 5568 1313 5634 ρενιδεηδιιδ
1360 5552 1617 5634 vestros,"
1653 5552 1911 5634 atqueat
2020 5552 2274 5634 extremo

2328 5571 2340 5610 :
2398 5572 2500 5610 seu
2531 5559 2728 5627 potius
2757 5557 2827 5611 ad
2860 5556 2917 5611 id
2949 5558 3101 5627 quod
3153 5557 3210 5612 in
3244 5557 3428 5613 Plinio
3456 5557 3671 5629 legitur

2021 5627 2123 5702 lib.
2156 5644 2211 5702 ξι,
2245 5644 2370 5702 cap.
2404 5628 2493 5699 66,
2524 5642 2761 5697 anguem
2789 5644 2861 5685 ex
2890 5629 3145 5686 medulla
3186 5629 3426 5685 hominis
3467 5627 3664 5702 spinae,

342 5741 363 5770 ,
412 5697 699 5768 Recogm't.
748 5694 805 5761 ν,
854 5694 1139 5759 17.“Ουὶά
1190 5696 1241 5752 si
1268 5696 1527 5755 allusum
1559 5700 1633 5757 ad
1664 5700 1723 5757 id
1755 5700 1911 5772 quod
2018 5694 2376 5772 gigni?Co7r.

531 5826 802 5888 Pauor“
834 5823 949 5887 Gn.
992 5822 1073 5885 II.

3341 5826 3379 5891 9
