4112 6344
502 365 620 423 267

1336 364 1400 421 S.
1447 361 1886 421 CLEMENTIS
1934 362 1955 420 Ι
2003 358 2190 419 ROM.
2240 360 2471 420 PONT.
2521 365 2781 422 ()PERA
2826 364 3091 424 DUBIA.

3800 362 3921 422 268

504 496 621 552 Ieat
649 495 801 567 apud
830 492 1019 549 cordis
1051 492 1408 565 cognitorem
1444 492 1941 559 Deum.Quocirca
1971 492 2149 563 fugite
2180 552 2181 555 η

2294 490 2414 547 νεόν.
2449 493 2541 548 Διὸ
2589 493 2810 571 φεύγετε
2838 498 2933 547 τοῦ
2966 490 3141 571 ὄφεως
3179 494 3277 561 τήν
3327 496 3628 569 πανοῦργον
3675 488 3920 547 ὑποϐαλ-

502 586 726 641 vafram
756 582 1192 656 cogitationem,
1220 586 1421 637 vestras
1454 582 1633 637 menti
1660 598 1693 636 a
1717 585 1985 653 serpente
2018 595 2158 651 sug-

505 679 750 747 gestam.
804 677 880 727 Ut
908 688 1039 726 vero
1072 670 1285 742 aliquis
1334 687 1465 725 vere
1516 670 1775 742 ignarus
1812 674 2158 741 praesentem

505 766 682 819 vitam
715 760 951 829 finierit,
984 760 1155 832 culpa
1185 777 1301 815 non
1332 759 1570 826 carebit,
1602 760 1755 831 quod
1789 759 1848 813 in
1882 763 2002 813 toto
2032 757 2161 813 vitae

507 856 771 923 tempore
814 866 929 905 non
975 849 1275 922 agnoverit
1315 848 1733 905 beneﬁciorum
1784 848 2165 917 ciborumque

512 940 871 1012 largitorem,
903 944 978 1006 et,
1009 938 1169 993 velut
1200 955 1373 994 sensu
1409 953 1635 1008 carens,
1667 936 2038 1007 multumque
2068 935 2165 990 in-

516 1032 742 1102 gratus,
766 1027 1044 1100 indignus
1075 1043 1277 1083 servus
1307 1043 1337 1083 e
1367 1043 1545 1099 regno
1577 1025 1679 1082 Dei
1704 1026 2024 1097 rejicietur.

586 1206 732 1262 XIV.
764 1205 1008 1277 Subjicit
1037 1206 1249 1261 iterum
1280 1206 1445 1262 vobis
1496 1205 1896 1277 nequissimus
1928 1221 2168 1277 serpens

515 1295 1031 1364 existimationem,
1092 1301 1156 1350 ut
1203 1294 1314 1351 hoc
1368 1294 1632 1366 cogitetis
1682 1312 1749 1350 ac
1799 1294 2027 1365 dicatis,
2062 1293 2172 1349 hoc

517 1385 713 1457 ipsum
735 1384 887 1455 quod
912 1383 1174 1456 plerique
1191 1387 1447 1439 vestrum
1468 1384 1700 1439 dicunt:
1719 1382 1950 1438 Scimus
1967 1387 2024 1437 et
2043 1398 2169 1449 nos,

518 1491 704 1529 unum
737 1490 864 1528 esse
895 1473 1159 1529 omnium
1207 1473 1654 1540 Dominum,sed
1687 1476 1743 1528 et
1772 1472 1868 1527 isti
1900 1471 1977 1526 dii
2010 1474 2169 1526 sunt.

522 1563 684 1619 Sicut
713 1562 871 1618 enim
924 1580 1078 1616 unus
1125 1565 1210 1617 est
1233 1567 1441 1632 Caesar,
1492 1562 1671 1616 habet
1714 1567 1908 1615 autem
1955 1560 2064 1614 sub
2112 1576 2173 1615 se

520 1653 921 1721 administros,
955 1651 1315 1715 consulares,
1359 1652 1678 1722 praefectos,
1713 1651 2003 1715 tribunos,
2038 1666 2170 1703 cen-

517 1742 801 1810 turiones,
854 1740 1103 1795 decanos
1164 1758 1176 1795 :
1235 1740 1436 1795 eodem
1486 1740 1680 1806 modo,
1733 1754 1865 1792 cum
1912 1755 2065 1792 unus
2097 1738 2174 1791 sit

2270 578 2509 654 λομένην
2543 582 2691 655 ὑμῶν
2742 587 2820 654 τῷ
2862 587 2939 654 νῷ
2987 582 3306 655 ἐνθύμησιν.
3339 584 3455 637 Ἵνα
3486 579 3552 650 δὴ
3604 584 3649 619 7’
3695 582 3785 636 καὶ
3830 576 3919 635 ὅν-

2266 690 2376 731 τως
2424 670 2693 746 ἀγνοήσας
2740 693 2823 733 τις
2881 672 2970 726 τὸν
3018 671 3256 746 παρόντα
3307 670 3422 743 βίον
3468 669 3791 743 τελευτήσῃ,
3834 664 3919 745 ἔγ-

2268 767 2462 831 κλημα
2490 757 2617 830 ἕξει,
2650 759 2730 814 ὅτι
2768 760 2972 835 βιώσας
3002 760 3203 835 χρόνον
3245 758 3343 814 οὐκ
3391 757 3533 833 ἔγνω
3565 758 3645 820 τίς
3676 756 3823 831 αὐτῷ
3864 779 3925 813 τε

2270 848 2359 902 καὶ
2411 853 2516 903 τῶν
2564 848 2711 921 αὐτῷ
2752 852 2798 885 ⁸ο
2847 849 3358 924 έπιχορηγηθεισῶν
3416 852 3633 926 τροφῶν
3687 848 3921 922 ὑπῆρξεν

2274 936 2581 1011 εὐεργέτης,
2612 938 2701 993 καὶ
2732 941 2881 996 221
2932 938 3013 992 ὅτι
3047 940 3088 975 θλ
3140 938 3215 999 ὡς
3270 937 3592 1008 ἀναίσθητος
3642 936 3732 991 καὶ
3781 936 3927 1012 ἀχά-

2277 1045 2457 1100 ριστος
2486 1024 2630 1081 πολὺ
2660 1025 2872 1096 ἀνάξιος
2905 1022 3103 1088 δοῦλος
3128 1032 3232 1095 τῆς
3260 1023 3357 1080 τοῦ
3398 1029 3536 1080 Θεοῦ
3585 1020 3930 1098 ἀποδοκιμά-

2279 1119 2421 1183 ζεται
2452 1116 2499 1151 ”
2534 1113 2833 1191 βασιλείας.

2350 1208 2489 1259 XIV.
2508 1202 2676 1258 Πάλιν
2700 1225 2758 1258 τε
2778 1206 2823 1241 ⁸³
2846 1198 3147 1259 ὑποϐάλλει
3181 1204 3307 1277 ὑμῖν
3328 1204 3356 1258 6
3383 1200 3559 1266 δεινὸς
3580 1197 3704 1281 ὄφις
3727 1200 3941 1272 ὑπόληυ

2278 1294 2392 1365 ψιν,
2423 1296 2585 1347 τοῦτο
2614 1298 2756 1347 νοεῖν
2787 1292 2875 1347 καὶ
2908 1292 3085 1368 λέγειν
3116 1290 3278 1347 τοῦτο
3308 1291 3460 1362 αὐτὸ,
3494 1292 3523 1347 ὃ
3561 1294 3609 1328 ⁸⁵
3658 1288 3852 1367 σχεδὸν
3882 1291 3936 1345 οἱ

2278 1386 2528 1436 πλεῖστοι
2586 1382 2735 1455 ὑμῶν
2798 1379 3068 1458 λέγουσιν’
3131 1383 3312 1455 Ἴσμεν
3368 1381 3457 1436 καὶ
3507 1382 3672 1454 ἡμεῖς
3722 1380 3806 1434 ὅτι
3860 1379 3938 1441 εἷς

2280 1470 2419 1525 ἐστὶν
2454 1473 2481 1525 ὁ
2518 1470 2732 1525 πάντων
2784 1471 3001 1547 Κύριος,
3060 1469 3207 1525 ἀλλὰ
3259 1470 3350 1525 καὶ
3410 1470 3559 1524 οὗτοι
3602 1469 3714 1523 θεοί
3774 1469 3933 1526 εἰσιν.

2278 1560 2481 1636 ’Όνπερ
2539 1561 2639 1636 γάρ
2693 1559 2892 1635 τρόπον
2955 1560 3028 1621 εἷς
3088 1558 3226 1613 ἐστὶν
3279 1561 3305 1613 ὁ
3356 1564 3559 1633 Καῖσαρ
3608 1561 3672 1629 ⁸⁵,
3715 1556 3831 1633 ἔχει
3876 1554 3936 1612 δὶ

2284 1649 2371 1703 ὑπ’
2400 1648 2556 1703 αὐτὸν
2610 1648 2735 1711 τοὺς
2797 1647 3102 1718 διοικητὰς,
3137 1649 3448 1719 ὑπατικοὺς,
3483 1647 3781 1723 ἐπάρχους,
3840 1667 3935 1723 χι-

2282 1736 2572 1813 λιάρχους,
2629 1737 3086 1813 ἑκατοντάρχους,
3136 1734 3505 1813 δεκαδάρχους
3535 1739 3601 1804 ⁸⁸,
3632 1738 3723 1791 τὸν
3774 1734 3936 1790 αὐτὸν

520 1847 769 1903 magnus
802 1835 973 1899 Deus,
1007 1830 1193 1884 instar
1222 1828 1486 1897 Caesaris,
1521 1834 1579 1883 et
1610 1828 1730 1892 isti,
1790 1829 1860 1882 ad
1897 1826 2171 1882 similitu-

2294 1827 2482 1903 τρόπον
2512 1828 2626 1889 ένὸς
2659 1824 2813 1889 ἔντος
2842 1832 2937 1881 τοῦ
2973 1823 3215 1901 μεγάλου
3265 1830 3399 1881 Θεοῦ
3430 1825 3612 1901 ὥσπερ
3666 1824 3937 1898 Καίσαρος

520 1920 719 1975 dinem
750 1919 1044 1973 minorum
1076 1922 1454 1989 potestatum,
1510 1917 1589 1971 dii
1622 1921 1783 1985 sunt,
1833 1916 1887 1971 ei
1936 1914 2174 1986 quidem

523 2009 795 2080 subjecti,
830 2008 1016 2063 nostri
1038 2012 1233 2063 tamen
1262 2007 1705 2079 gubernatores.
1731 2004 1943 2059 Audite
1976 2003 2173 2074 igitur,

525 2098 625 2169 qui
656 2115 722 2153 ex
755 2097 864 2153 hac
896 2097 1265 2168 susceptione
1288 2112 1388 2167 per
1420 2112 1554 2150 eum
1588 2093 1745 2149 velut
1771 2093 1929 2165 gravi
1959 2108 2176 2147 veneno

526 2187 667 2243 estis
698 2185 919 2254 infecti,
945 2202 1183 2258 pravam
1216 2184 1475 2256 intelligo
1509 2183 1668 2238 allati
1700 2180 1951 2253 exempli
1983 2181 2176 2252 suspi-

528 2276 755 2332 cionem
790 2281 854 2330 ut
904 2275 1105 2331 sciatis
1152 2274 1289 2345 quid
1341 2274 1560 2329 bonum
1613 2276 1670 2327 et
1720 2272 1860 2342 quid
1915 2271 2177 2339 malum;

530 2366 791 2420 nondum
826 2365 983 2419 enim
1014 2363 1411 2436 perspexistis,
1440 2361 1719 2435 quoniam
1753 2376 1856 2415 nec
1887 2376 2013 2431 quae
2047 2374 2178 2429 pro-

534 2454 751 2525 ponitis
783 2453 1131 2526 intelligitis.

606 2547 725 2599 XV.
760 2542 819 2598 Si
849 2542 1004 2597 enim
1036 2541 1250 2610 dicitis,
1285 2542 1436 2612 quod
1471 2540 1542 2595 ad
1575 2537 2023 2595 similitudinem
2064 2538 2182 2590 Cae—

538 2632 684 2687 saris
718 2630 945 2686 Deusin
979 2629 1171 2686 locum
1204 2630 1599 2701 subjectarum
1622 2632 1977 2699 potestatum
2010 2624 2185 2679 habet

540 2737 687 2791 quos
736 2719 952 2791 putatis
1000 2720 1159 2787 deos,
1213 2734 1395 2789 neque
1438 2718 1522 2773 sic
1577 2723 1835 2772 vestrum
1869 2712 2185 2786 sequimini

542 2809 894 2881 exemplum.
945 2808 1091 2863 Nam
1146 2808 1195 2863 si
1244 2805 1658 2878 sequeremini,
1711 2806 1768 2860 id
1818 2804 1966 2860 scire
2017 2819 2185 2873 opor-

545 2900 678 2964 tuit,
730 2897 864 2967 quia
912 2898 1065 2952 sicut
1114 2913 1229 2951 non
1306 2895 1442 2951 licet
1504 2911 1718 2950 nomen
1765 2892 2003 2949 Cesaris
2048 2891 2187 2945 dare

548 2987 736 3054 alteri,
773 2987 901 3041 dico
932 2991 1129 3041 autem
1161 2984 1245 3040 vel
1295 2982 1520 3039 consuli
1553 2982 1642 3039 vel
1673 2983 1941 3055 praefecto
1973 2979 2057 3035 vel
2080 2978 2190 3033 tri-

553 3076 710 3131 buno
750 3074 835 3130 vel
869 3074 1033 3130 alteri
1082 3074 1336 3145 cuipiam
1384 3072 1619 3143 (etenim
1670 3071 1769 3143 qui
1816 3069 2041 3126 dederit
2073 3084 2189 3122 non

552 3166 700 3221 vivet
740 3168 796 3219 et
843 3163 944 3236 qui
991 3163 1277 3235 acceperit
1327 3161 1665 3232 occidetur),
1739 3160 1819 3215 ita
1883 3176 1952 3215 ex
1998 3162 2189 3213 vestro

2283 1918 2373 1973 καὶ
2404 1918 2554 1972 οὑτοι
2585 1921 2627 1954 ⁸⁷
2658 1919 2792 1972 κατά
2818 1918 2910 1972 τὸν
2959 1922 3067 1973 τῶν
3120 1916 3489 1990 ὑποκειμένων
3539 1917 3790 1987 ἐξουσιῶν
3837 1913 3939 1969 λό-

2283 2028 2375 2082 γον
2429 2005 2541 2060 Θεοί
2595 2005 2749 2075 εἰσιν,
2803 2005 3149 2079 ὑποκείμενοι
3197 2005 3289 2078 μὲν
3341 2004 3553 2077 ἐκείνῳ,
3605 2002 3944 2065 διοικοῦντες

2287 2093 2344 2150 δὲ
2390 2097 2560 2168 ἡμᾶς,
2611 2094 2902 2152 Ἀκούσατε
2943 2093 3033 2149 οὖν
3081 2095 3133 2149 οἱ
3180 2093 3348 2169 ταύτῃ
3390 2098 3458 2168 τῇ
3511 2092 3738 2165 ὑπονοίᾳ
3786 2095 3831 2130 ⁸⁸
3862 2094 3944 2156 ὡς

2288 2181 2444 2256 δεινῴ
2476 2182 2894 2260 ἀπολειφθέντες
2927 2183 2994 2255 ἰῷ
3036 2183 3123 2238 ὑπ’
3173 2183 3360 2255 αὐτοῦ,
3393 2181 3537 2259 λέγω
3588 2180 3645 2237 δὲ
3691 2186 3787 2236 τοῦ
3836 2203 3945 2236 πα-

2291 2271 2652 2349 ραδείγματος
2709 2273 2808 2341 τήν
2866 2274 3036 2341 κακὴν
3100 2272 3379 2341 ὑπόνοιαν,
3431 2271 3581 2334 ὅπως
3641 2269 3822 2341 εἰδῆτε
3886 2272 3943 2325 τί

2287 2362 2454 2417 καλὸν
2486 2362 2576 2415 καὶ
2604 2361 2657 2416 τί
2686 2360 2945 2436 πονηρόν·
2981 2358 3133 2416 οὔπω
3163 2361 3266 2436 γὰρ
3298 2355 3647 2435 ἀνεϐλέψατε,
3680 2358 3761 2415 ὅτι
3815 2357 3946 2416 οὐδὲ

2287 2457 2407 2513 τοῖς
2444 2446 2921 2527 προϐαλλομένοις
2956 2450 3044 2529 ὑφ’
3076 2451 3226 2523 ὑμῶν
3260 2449 3493 2525 ἐνορᾶτε.

2362 2543 2473 2599 XV.
2535 2540 2594 2595 Εἰ
2651 2539 2754 2616 γάρ
2812 2561 2963 2617 φατε,
2998 2539 3074 2602 ὡς
3131 2538 3207 2601 εἷς
3263 2542 3310 2576 ⁸⁸
3364 2539 3455 2593 τὸν
3511 2542 3609 2593 τοῦ
3670 2537 3942 2613 Καίσαρος

2291 2629 2451 2706 λόγον
2509 2629 2601 2683 τὸν
2662 2627 2787 2683 Θεὸν
2848 2626 2996 2705 ἔχειν
3064 2628 3161 2690 τὰς
3250 2626 3605 2701 ὑποκειμένας
3683 2626 3946 2699 ἐξουσίας,

2290 2719 2417 2781 τοὺς
2450 2717 2781 2793 λεγομένους
2813 2718 2989 2790 Θεοὺς,
3025 2715 3137 2772 οὐδ’
3175 2717 3349 2779 οὕτως
3377 2722 3456 2789 τῷ
3488 2718 3638 2790 ὑμῶν
3674 2722 3951 2792 στοιχεῖτε

2294 2804 2711 2884 παραδείγματι.
2764 2806 2829 2861 Ei‘
2876 2809 2979 2882 γὰρ
3028 2806 3346 2882 έστοιχεῖτε,
3378 2805 3548 2881 ἐχρῆν
3594 2804 3739 2859 τοῦτ’
3770 2808 3815 2842 ⁹⁰
3866 2804 3946 2860 εί-

2297 2895 2676 2965 δέναι,δτι,ὡς
2708 2895 2806 2951 οὐκ
2836 2893 3003 2967 ἔξεστι
3032 2897 3094 2951 τὸ
3123 2896 3393 2970 Καίσαρος
3427 2891 3601 2967 ὄνομα
3631 2894 3797 2970 ἑτέρῳ
3825 2892 3950 2949 δοῦ·

2295 3008 2401 3054 ναι,
2417 2985 2560 3061 λέγω
2582 2982 2647 3053 δὴ
2666 2986 2700 3053 ἢ
2728 2985 2915 3057 ὑπάτῳ
2988 2984 3215 3060 ἐπάρχῳ
3238 2987 3391 3042 222
3421 2986 3455 3052 ἢ
3477 2982 3764 3059 χιλιάρχῳ
3781 2985 3814 3052 ἢ
3841 2983 3953 3038 ἑτέ-

2301 3097 2380 3151 ρῳ
2407 3075 2514 3130 τινί
2535 3074 2638 3148 (ὅτι
2672 3076 2699 3129 6
2732 3071 2914 3137 διδοὺς
2947 3074 3007 3129 οὐ
3043 3072 3385 3145 ζήσεται,καὶ
3417 3074 3443 3127 ὁ
3475 3067 3769 3145 λαμϐάνων
3806 3073 3957 3126 ἀναι-

2302 3167 2624 3240 ρεθήσεται),
2684 3162 2857 3225 οὕτως
2916 3162 2975 3218 ἐκ
3028 3168 3125 3218 τοῦ
3187 3163 3451 3237 ὑμετέρου
3507 3158 3956 3235 παραδείγματος

548 3253 811 3326 exemplo
842 3253 943 3309 Dei
974 3270 1184 3308 nomen
1237 3251 1403 3307 alteri
1451 3250 1614 3306 nefas
1644 3254 1732 3306 est
1771 3248 2015 3320 imponi,
2050 3246 2181 3301 alio-

2300 3255 2362 3309 τὸ
2390 3257 2433 3291 ⁹¹
2465 3257 2596 3311 Θεοῦ
2645 3248 2818 3325 ὄνομα
2858 3252 3025 3328 ἑτέρῳ
3074 3250 3295 3321 δοθῆναι
3328 3251 3427 3306 οὐκ
3456 3248 3673 3321 ἔξεστιν·
3710 3250 3823 3304 ἐπεὶ
3856 3251 3955 3305 καὶ

549 3344 691 3416 quin
724 3347 780 3398 et
808 3343 907 3415 qui
928 3342 1237 3398 tentaverit
1258 3340 1343 3397 vel
1368 3340 1628 3411 accipere
1648 3339 1735 3395 vel
1758 3339 1986 3394 tradere
2008 3338 2189 3391 inter-

546 3431 673 3486 ibit.
722 3431 883 3495 Quod
934 3430 982 3486 si
1033 3429 1393 3486 contumelia
1435 3428 1661 3484 bomini
1711 3426 1811 3483 illa
1838 3444 2039 3499 poenas
2070 3427 2190 3492 dat,

543 3520 727 3576 multo
759 3520 967 3592 magis,
1012 3519 1110 3589 qui
1156 3518 1301 3574 alios
1347 3519 1486 3573 deos
1534 3518 1755 3585 dicunt,
1802 3520 2083 3587 tanquam
2131 3514 2192 3569 in

542 3615 723 3665 Deum
758 3607 1168 3664 contumeliosi
1203 3613 1415 3661 aeterno
1448 3606 1838 3677 subjicientur
1880 3603 2188 3676 supplicio.

542 3700 612 3755 Et
643 3698 873 3762 merito,
908 3696 1047 3768 quia
1077 3712 1291 3751 nomen
1339 3694 1493 3766 quod
1538 3695 1596 3748 in
1632 3693 2031 3749 monarchiam
2063 3694 2191 3763 ejus

543 3788 705 3843 vobis
738 3787 809 3842 ad
842 3785 1251 3841 honorandum
1282 3783 1564 3839 traditum
1595 3787 1704 3851 est,
1737 3782 1896 3837 omni
1927 3798 2043 3854 qua
2090 3797 2190 3854 po-

544 3877 744 3932 tuistis
775 3873 1049 3931 effecistis
1072 3872 1446 3929 contumelia.
1469 3871 1596 3926 Non
1629 3871 1785 3926 enim
1816 3887 1945 3926 vere
1979 3885 2190 3925 nomen

547 3967 676 4038 ejus
707 3968 795 4021 est
824 3970 978 4019 Deus
1012 3982 1026 4019 :
1064 3967 1124 4018 at
1174 3979 1296 4029 vos,
1348 3961 1448 4033 qui
1494 3959 1637 4014 illud
1685 3960 1981 4031 quondam
2030 3975 2190 4015 acce-

548 4052 1011 4127 pistis,tractatis
1059 4050 1494 4117 contumeliose,
1543 4050 1694 4121 quod
1748 4049 1911 4104 vobis
1951 4065 2193 4104 conces-

549 4160 681 4199 sum
719 4144 867 4210 fuit;
912 4147 976 4197 ut
1006 4140 1505 4213 quemadmodum
1537 4155 1602 4194 eo
1630 4138 1721 4194 usi
1753 4139 2000 4204 fueritis,
2031 4137 2090 4192 id
2121 4137 2191 4193 ad

546 4249 748 4288 verum
780 4232 939 4287 illius
969 4247 1180 4287 nomen
1205 4229 1629 4286 referatur.Vos
1647 4232 1843 4284 autem
1867 4226 2012 4283 illud
2034 4226 2195 4283 omni

546 4322 898 4395 exposuistis
928 4320 1260 4394 opprobrio.

617 4411 764 4467 XVI.
799 4415 997 4482 Itaque
1026 4415 1354 4466 vestrorum
1402 4407 1807 4481 ngyptiorum
1861 4407 2059 4479 primi,
2094 4406 2195 4479 qui

544 4502 617 4557 de
648 4516 843 4556 rerum
875 4498 1194 4555 cmlestium
1227 4497 1469 4554 scientia
1490 4497 1817 4569 gloriantur
1836 4502 1893 4552 et
1923 4497 1992 4552 de
2014 4502 2195 4552 astro-

2301 3344 2329 3397 6
2377 3342 2650 3418 πειραθεὶς
2707 3339 2807 3410 ἤτε
2866 3336 3050 3397 λαϐεῖν
3102 3339 3201 3409 ἤτε
3231 3344 3275 3378 ⁰²
3310 3338 3493 3395 δοῦναι
3525 3336 3856 3396 ἀπόλλυται,
3890 3339 3961 3394 Εἰ

2302 3428 2359 3486 δὲ
2406 3435 2441 3501 ὴ
2493 3431 2576 3486 ἐπ’
2624 3431 2909 3505 ἀνθρώπου
2958 3433 3003 3466 ³⁸
3052 3425 3207 3504 ὕϐρις
3260 3427 3415 3498 δίκην
3469 3427 3720 3505 παρέχει,
3755 3426 3964 3500 πολλῷ

2306 3519 2517 3594 μᾶλλον
2553 3520 2603 3574 οἱ
2635 3520 2849 3592 ἑτέρους
2881 3518 3033 3581 Θεοὺς
3078 3518 3331 3593 λέγοντες
3365 3517 3439 3580 ὠς
3473 3521 3600 3573 Θεὸν
3638 3512 3959 3592 ὑϐρίσαντες

2300 3609 2507 3682 αἰωνίῳ
2538 3607 2915 3663 ὑποκείσονται
2944 3606 3188 3662 κολάσει.
3223 3607 3321 3661 Καὶ
3355 3606 3618 3682 εὐλόγως,
3653 3604 3737 3659 ὅτι
3780 3606 3841 3659 τὸ
3875 3605 3962 3667 εἰς

2300 3700 2399 3767 τὴν
2429 3700 2593 3752 αὐτοῦ
2628 3696 2931 3772 μοναρχίαν
2980 3696 3278 3773 παραδοθὲν
3330 3696 3455 3769 ὑμῖν
3488 3698 3533 3731 9‘
3557 3699 3722 3767 τιμᾷν
3776 3689 3965 3767 ὄνομα

2300 3788 2442 3861 πάσῃ
2536 3783 2845 3857 ἠδυνήθητε
2876 3780 3173 3840 ὑπεϐάλετε
3203 3780 3375 3858 ὕϐρει·
3410 3784 3471 3839 οὐ
3519 3784 3621 3859 γὰρ
3670 3783 3730 3837 τὸ
3781 3778 3961 3845 ὅντως

2303 3876 2442 3931 ἐστὶν
2488 3875 2651 3929 αὐτοῦ
2705 3870 2881 3948 ὄνομα
2925 3874 3075 3941 Θεὸς,
3127 3872 3254 3928 ἀλλ’
3302 3874 3458 3946 ὑμεῖς
3506 3873 3643 3934 τέως
3684 3875 3727 3909 9⁵
3757 3892 3960 3947 παρει-

2302 3963 2538 4044 ληφότες
2571 3960 2821 4037 ὑϐρίσατε
2849 3964 2878 4018 ’ὀ
2910 3960 3071 4032 ἐδόθη
3102 3963 3248 4036 ὑμῖν,
3276 3960 3369 4017 ’ίνα
3400 3963 3475 4025 ὡς
3520 3962 3578 4016 ἂν
3615 3961 3761 4033 αὐτῷ
3804 3963 3961 4036 χρή-

2302 4066 2485 4123 σησθε,
2522 4053 2598 4115 εἷς
2628 4052 2691 4107 τὸ
2724 4048 2895 4114 ὅντως
2928 4050 3092 4105 αὐτοῦ
3150 4046 3325 4126 ὄνομα
3377 4050 3628 4128 λογισθῇ·
3686 4051 3842 4123 ὑμεῖς
3898 4047 3965 4105 δὲ

2302 4143 2431 4198 αὐτὸ
2460 4144 2602 4216 πάσῃ
2634 4137 2784 4218 ὕϐρει
2820 4135 3137 4199 ὑπεϐαλετε.

2372 4415 2513 4465 XVI.
2545 4408 2750 4473 Αὐτίκα
2778 4412 2908 4483 γοῦν
2939 4412 3047 4463 τῶν
3100 4408 3410 4485 Αἰγυπτίων
3472 4407 3622 4480 ὑμῶν
3671 4407 3721 4462 οἱ
3765 4406 3961 4483 ἀρχη-

2301 4498 2471 4573 γέται,
2528 4498 2580 4552 οἱ
2641 4498 2765 4573 περὶ
2837 4496 3275 4572 μενεωρολογίας
3341 4496 3633 4572 αὐχοῦντες
3699 4496 3789 4549 καὶ
3837 4500 3955 4549 τῶν

542 4606 673 4645 rum
706 4594 913 4644 natura
944 4606 1004 4644 se
1046 4589 1275 4659 jactant
1323 4587 1604 4657 judicare,
1649 4585 1792 4640 illud
1845 4602 2055 4641 nomen
2089 4602 2181 4658 pe:

2298 4585 2505 4662 ἄστρων
2556 4586 2649 4648 τὰς
2700 4584 2883 4664 φύσεις
2934 4582 3226 4663 διακρίνειν
3296 4584 3792 4661 ἐπαγγελλόμενοι,
3846 4584 3960 4639 ὑπὸ

541 4677 759 4734 malam
791 4678 850 4732 in
879 4694 940 4733 se
972 4676 1248 4733 latentem
1299 4676 1633 4748 Opinionem
1665 4674 1824 4729 omni
1856 4675 1983 4746 ejus
2024 4674 2188 4748 igno-

542 4768 762 4837 miniae,
823 4772 1111 4840 quantum
1161 4765 1223 4820 in
1279 4764 1390 4836 ipsi
1439 4765 1568 4831 fuit,
1599 4763 1993 4835 subjecerunt.
2042 4764 2189 4821 Nam

541 4856 638 4912 alii
669 4872 873 4913 eorum
906 4856 1110 4912 bovem
1140 4855 1239 4926 qui
1284 4854 1502 4910 dieitur
1548 4852 1687 4924 Apis
1732 4851 2041 4909 colendum
2070 4858 2190 4911 tra-

2297 4683 2468 4745 κακῆς
2524 4675 2706 4738 αὐτοῖς
2758 4672 3170 4750 ἐνδομυχούσης
3220 4674 3474 4737 ὑπονοίας
3531 4675 3673 4747 πάσῃ
3732 4673 3862 4727 αὐτὸ
3909 4676 3961 4711 ⁵⁵

2299 4765 2491 4839 ἀτιμίᾳ
2519 4764 2642 4820 ὅσον
2683 4764 2747 4819 τὸ
2787 4764 2904 4819 κατ’
2953 4763 3147 4828 αὐτοὺς
3177 4768 3219 4803 ⁸⁷
3267 4759 3554 4821 ὑπέϐαλον.
3587 4764 3650 4817 Oi
3704 4763 3796 4835 μὲν
3843 4764 3955 4839 γάρ

2299 4855 2472 4909 αὐτῶν
2501 4851 2800 4931 παρέδοσαν
2838 4853 2966 4929 βοῦν
3015 4854 3106 4909 τὸν
3154 4852 3446 4931 λεγόμενον
3479 4858 3643 4908 ’Ἃπιν
3676 4853 3719 4888 ³⁸
3749 4844 3954 4919 σέϐειν,

1898 4995 2139 5053 νΑΡιῐλΕ
2178 5000 2586 5057 LECTIONES.
2628 4992 2629 4995 6

612 5117 774 5175 "i'va
830 5117 887 5176 δέ
944 5123 1001 5179 C.
1063 5120 1149 5178 ἐὰν
1206 5142 1261 5195 p.
1306 5119 1395 5175 ’ίνα
1451 5138 1553 5194 pro
1601 5120 1726 5176 onit
1784 5120 1843 5175 S.
1920 5120 1966 5156 ⁸ο
2019 5119 2181 5176 αὐτοῦ

612 5200 716 5250 .nte
748 5193 813 5253 Ο.
849 5193 1308 5253 ἐπικουρηθεισῶν
1341 5199 1399 5251 C.
1474 5194 1518 5229 ⁸¹
1553 5139 1821 5248 ξοπίειεεθ
1851 5191 1961 5253 leg.
1995 5189 2071 5246 ἔτι
2103 5196 2181 5251 vel

2294 5127 2389 5253 ing.
2423 5126 2488 5182 D.
2524 5125 2674 5207 T‘um
2707 5119 3215 5208 ἐπιχορηγηθεισῶν
3253 5124 3297 5179 D
3329 5139 3397 5179 ex
3427 5123 3702 5206 conject,
3727 5136 3957 5202 appro-

2297 5197 2309 5250 ί
2394 5243 2396 5246 .
2476 5197 2522 5231 ⁸²
2553 5191 3013 5253 αποδοκιμασεται
3046 5194 3105 5250 S.
3181 5196 3227 5230 ⁸³
3259 5192 3315 5249 δέ
3346 5196 3549 5251 scribit
3580 5193 3957 5249 Scblieman~

542 5193 716 5250 bante
748 5193 813 5263 Ο,
849 5193 1308 5266 ἐπικουρηθεισῶν
1341 5199 1399 5251 C.
1455 5193 1518 5229 ’3‘

1598 5198 1821 5264 ortasse
1851 5191 1961 5264 leg.
1995 5189 2071 5246 ἔτι
2103 5196 2189 5251 vel
2222 5193 2309 5250 ἐπί

2476 5197 2522 5231 ⁸9
2553 5191 3013 5266 ἀποδοκιμάσεται
3046 5194 3105 5250 S.
3181 5196 3227 5230 ⁸³
3259 5192 3315 5249 δέ
3346 5191 3550 5251 scribit
3580 5191 3958 5266 qulieman;

542 5284 655 5339 nus
686 5260 853 5339 Clem.
890 5284 944 5338 p.
980 5260 1259 5339 436,569.
1292 5267 1360 5339 S.
1383 5260 1705 5339 TuméiMo
1740 5260 1987 5339 p.h‘tOD“:‘t_:0
2016 5268 2168 5339 conj.

2294 5270 2407 5325 Cfr.
2462 5274 2689 5335 Recogn.
2722 5260 3578 5339 v.19:Aaliam..._0pinionem.‘
3635 5264 3682 5339 εξ
3730 5265 3827 5316 τοῦ
3886 5263 3956 5339 τὸ

541 5336 670 5390 αὐτὸ
701 5336 762 5390 οὐ
793 5336 1046 5408 0,,τοῦτο
1079 5336 1139 5391 οὐ
1170 5343 1228 5408 C,

1264 5338 1382 5425 qui;
1425 5338 1668 5425 conject.
1725 5332 1969 5425 τοξξοβ.
2002 5332 2181 5425 φονιῖε

2294 5332 2823 5425 interpunctionem
2864 5337 2957 5425 (gi.
3034 5339 3079 5373 ⁸⁵
3110 5332 3403 5425 Καίσαρ-Ο.
3480 5338 3524 5372 ⁸⁸
3555 5332 3859 5425 δεκάρχους

540 5409 582 5482 ξπ
616 5415 700 5482 ita
730 5410 786 5475 S,
822 5407 973 5463 αὐτοί
1006 5410 1067 5473 C.
1097 5410 1161 5465 Ο.
1198 5406 1309 5482 isti,
1342 5412 1565 5482 Recogn.
1600 5408 1721 5482 1.9.
1798 5406 1863 5482 “_
1900 5409 2051 5482 Lect.
2112 5415 2181 5482 ()t

2294 5452 2301 5464 .
2364 5406 2695 5482 suspicatus
2744 5414 2832 5482 est
2864 5406 3289 5482 S,_expressit'
3323 5417 3517 5465 tamen
3576 5406 3777 5482 πότην
3803 5406 3948 5482 *τήν

542 5478 878 5566 ὑαπόνοιανὶο.
1004 5483 1169 5566 Turno
1187 5477 1789 5566 άπαλειιρθέντεςτὶᾳθξῐ]

1846 5475 2250 5554 έπαλειφθέντες
2281 5485 2338 5539 S.
2416 5475 2755 5554 ﬁVlf‘ortasse
2785 5479 2877 5552 leg

2885 5522 2895 5534 .
2931 5478 3145 5535 ὡσείήδ.
3222 5482 3452 5534 ⁹⁰τοῦτο
3503 5484 3560 5534 C.
3639 5480 3678 5513 ⁹¹
3733 5479 3832 5531 τοῦ
3883 5483 3948 5533 C.

538 5553 583 5632 9?
612 5550 845 5632 πεισθεὶς
898 5548 1007 5632 Eine
1066 5547 1250 5606 λαϐεῖν
1305 5523 1420 5605 εέξῖ
1441 5558 1503 5632 Ο..
1564 5552 1627 5632 _°3
1660 5547 1742 5602 ἐπ’
1782 5523 1894 5632 άνεθ.
1952 5523 2106 5621 ϐΟῙλΓῙἶ
2165 5560 2181 5607 (

2294 5523 2460 5632 εει.
2492 5523 3484 5632 magispigritia:'2‘
3506 5523 3689 5632 si.
3712 5523 3951 5632 ο-ιχζυοξ

538 5622 869 5694 ἀοιθιιίίνυιι
897 5622 963 5691 D,
995 5627 1155 5677 τοῦτο
1186 5626 1240 5681 S.
1276 5626 1403 5680 Jam
1435 5622 1581 5678 nihil
1609 5621 1982 5694 mutandum,
2039 5618 2103 5694 _°°
2132 5623 2181 5677 aii

2296 5626 2432 5682 add.
2468 5642 2516 5681 ο.
2550 5627 2613 5681 Ο.
2690 5624 2732 5658 ⁹⁷
2787 5620 2980 5683 αὐτούς
3038 5623 3082 5679 0
3141 5618 3201 5680 et
3255 5628 3294 5679 C
3347 5640 3418 5681 ex
3473 5622 3742 5694 conject,
3775 5618 3956 5675 αὐτοῦ

536 5695 693 5752 idem
724 5693 783 5750 in
817 5689 976 5750 textu
1008 5695 1068 5753 S.
1102 5696 1255 5753 Fort.
1287 5695 1665 5753 scribendum
1694 5689 1888 5753 αὐτοὺς
1922 5690 2071 5750 αὐτό.
2149 5696 2181 5731 οι

2294 5716 2360 5769 ην
2393 5700 2454 5754 Ο.
