4114 6338
570 444 682 501 271

1402 436 1467 492 S.
1516 432 1957 492 CLEMENTIS
2002 431 2025 489 Ι
2073 430 2260 489 ltUM.
2310 432 2535 490 I’ONT.
2586 432 2844 490 UPERA
2896 435 3157 495 DUBIA.

3864 433 3996 490 272

570 589 718 636 esse,
751 575 813 625 ut
846 568 1106 624 omnium
1150 569 1488 633 creatorem,
1524 563 1602 617 ita
1648 567 1704 617 et
1750 562 2060 632 optimum.
2114 561 2216 615 Po-

2357 559 2423 613 ιαὶ
2481 559 2779 634 κρείττονα.
2815 562 3063 635 Κρεῖττόν
3117 562 3227 617 ἐστι
3286 560 3506 635 δυνάμει
3559 563 3651 633 μὲν
3697 562 3760 615 τὸ
3790 558 3993 614 ποιοῦν

569 662 789 716 tentius
820 656 1035 729 quippe
1066 660 1153 709 est
1185 654 1338 725 quod
1374 652 1507 707 facit
1536 669 1624 721 eo,
1658 652 1811 723 quod
1844 652 1947 718 fit;
1991 649 2219 721 magni-

571 748 795 814 tudine,
831 746 985 818 quod
1020 743 1317 798 infinitum
1352 747 1460 807 est,
1485 741 1668 796 ﬁnitis
1694 758 1707 808 ;
1732 739 1922 811 specie
1952 738 2220 811 pulcher-

575 838 834 903 rimum;
870 834 1141 890 felicitate
1173 831 1619 898 beatissimum;
1656 834 1845 884 mente
1868 827 2220 900 perfectissi-

579 941 764 981 mum.
800 922 1084 979 Similiter
1122 925 1317 977 autem
1350 924 1406 975 et
1432 920 1491 973 in
1520 918 1649 974 aliis
1679 918 1804 989 ipse
1853 918 2226 988 incompara-

580 1014 775 1070 biliter
806 1012 1041 1068 eminet.
1071 1013 1214 1065 Cum
1246 1024 1405 1080 ergo,
1437 1008 1590 1063 sicut
1622 1006 1762 1075 dixi,
1815 1004 1910 1061 Dei
1968 1004 2044 1061 sit
2091 1021 2225 1076 pro-

584 1103 800 1176 prium,
828 1100 1053 1157 cunctis
1085 1115 1214 1155 esse
1237 1097 1559 1163 meliorem,
1584 1098 1656 1152 ab
1679 1096 1805 1169 ipso
1828 1099 2024 1151 autem
2045 1094 2229 1149 factus

582 1192 680 1260 sit,
713 1190 813 1263 qui
843 1188 1042 1245 omnia
1070 1186 1472 1259 complectitur
1520 1186 1800 1256 mundus,
1851 1184 2082 1255 penitus
2130 1198 2229 1237 ne-

580 1281 832 1336 cessario
865 1279 977 1334 dici
1007 1278 1195 1345 debet,
1229 1274 1453 1331 nullam
1485 1291 1681 1329 rerum
1714 1275 1786 1331 ab
1812 1290 1877 1329 eo
1900 1277 2228 1329 creatarum

580 1385 755 1441 posse
786 1384 919 1423 cum
952 1367 1078 1439 ipso
1109 1364 1359 1421 conferri
1391 1369 1449 1420 et
1478 1363 1783 1433 exaequari.

651 1456 762 1513 XX.
798 1457 970 1511 Porro
1000 1454 1277 1519 mundus,
1312 1454 1411 1524 qui
1454 1470 1568 1507 non
1619 1457 1707 1507 est
1753 1448 2233 1523 incomparabilis

582 1551 639 1601 et
668 1546 917 1601 eximius
967 1549 1141 1615 atque
1190 1542 1349 1597 omni
1397 1558 1467 1598 ex
1514 1546 1679 1613 parte
1727 1540 1889 1595 nullo
1938 1540 2232 1611 indigens,

588 1640 742 1691 Deus
767 1651 894 1689 esse
925 1632 1147 1703 nequit.
1181 1631 1279 1686 Sin
1311 1646 1446 1688 vero
1479 1635 1636 1685 totus
1660 1646 1938 1701 munpus,
1972 1629 2031 1684 in
2053 1645 2237 1699 quan-

590 1728 718 1779 tum
748 1722 1020 1778 conditus
1051 1720 1179 1789 fuit,
1213 1720 1366 1775 Deus
1399 1735 1527 1775 esse
1561 1720 1783 1790 nequit,
1808 1722 2027 1790 quanto
2051 1716 2239 1788 magis

593 1812 757 1867 illius
790 1815 984 1884 partes
1015 1826 1129 1865 non
1152 1813 1300 1864 recte
1317 1808 1417 1863 Dei
1452 1824 1663 1862 nomen
1687 1807 2014 1879 accipient?
2039 1811 2239 1861 Partes

600 1906 794 1959 autem
826 1900 976 1969 dico,
1008 1915 1156 1970 quos
1188 1897 1407 1953 vocatis
1435 1898 1593 1965 deos,
1630 1896 1911 1952 nimirum
1969 1913 2036 1951 ex
2074 1912 2237 1960 auro,

598 1995 859 2063 argento,
891 2006 1022 2056 aere,
1056 1987 1270 2059 lapide,
1308 1986 1397 2041 vel
1442 1987 1557 2042 alia
1604 2003 1949 2058 quacunque
2002 1986 2245 2041 materia

598 2082 805 2147 factos,
858 2079 1217 2149 insuperque
1242 2075 1507 2132 mortalis
1538 2093 1749 2131 manus
1782 2075 2029 2147 opificis.
2084 2079 2245 2129 Atta-

600 2185 733 2225 men
763 2167 1067 2223 videamus
1099 2170 1397 2238 praaterea,
1431 2164 1678 2235 qualiter
1735 2181 1839 2236 per
1881 2181 1945 2219 os
1989 2162 2246 2219 hominis

596 2257 973 2329 importunus
988 2270 1229 2327 serpens
1247 2254 1516 2325 deceptos
1535 2253 1977 2309 inductionibus
2003 2252 2243 2308 inﬁciat.

668 2433 807 2489 XXI.
849 2432 1055 2488 Dicunt
1080 2430 1241 2488 enim
1274 2431 1467 2487 multi.
1518 2432 1582 2486 In
1628 2432 1850 2487 nostris
1901 2430 2247 2487 numinibus

600 2540 718 2579 non
749 2537 958 2577 aurum
999 2537 1184 2592 neque
1217 2524 1526 2592 argentum
1559 2537 1664 2576 nec
1690 2519 1917 2593 lignum
1950 2524 2050 2575 aut
2095 2519 2244 2591 lapi-

602 2612 735 2667 dem
766 2611 1118 2666 adoramus:
1154 2610 1376 2665 scimus
1407 2626 1662 2680 namque
1692 2615 1749 2665 et
1779 2626 1884 2665 nos
1938 2610 2053 2665 ista
2100 2607 2246 2663 nihil

604 2717 753 2768 esse,
785 2704 990 2771 praeter
1011 2698 1332 2754 inanimam
1367 2700 1668 2753 materiem
1701 2704 1760 2754 et
1781 2698 2046 2754 mortalis
2064 2697 2249 2754 homi-

608 2789 699 2845 nis
728 2788 1064 2859 artiﬁcium,
1111 2789 1210 2843 sed
1262 2787 1537 2859 spiritum
1582 2787 1681 2857 qui
1727 2787 1785 2841 in
1840 2786 1957 2843 illis
2006 2788 2245 2858 residet,

606 2879 779 2933 deum
805 2878 1147 2932 asserimus.
1175 2876 1319 2931 Vide
1353 2876 1465 2931 ista
1512 2877 1933 2948 proferentium
1984 2876 2249 2949 maligni-

604 2970 784 3021 tatem
810 2983 823 3021 :
857 2982 991 3020 nam
1024 2966 1183 3037 quia,
1218 2965 1371 3036 quod
1397 2969 1655 3036 apparet,
1683 2966 1945 3020 convinci
1967 2965 2132 3020 facile
2154 2983 2251 3037 po-

606 3058 740 3119 test,
774 3054 926 3125 quod
963 3053 1107 3118 nihil
1140 3055 1236 3122 sit,
1266 3054 1335 3107 ad
1370 3052 1426 3108 id
1460 3054 1613 3125 quod
1647 3070 1759 3108 non
1792 3054 2021 3109 videtur
2052 3054 2250 3109 confu-

603 3144 790 3216 giunt,
825 3143 993 3214 quasi
1027 3142 1085 3197 in
1116 3160 1175 3198 re
1207 3142 1426 3197 incerta
1456 3147 1753 3213 nequeant
1786 3143 2092 3198 confutari.
2128 3148 2246 3199 No-

601 3232 830 3288 biscum
863 3236 1057 3287 tamen
1089 3248 1158 3286 ex
1186 3235 1349 3303 parte
1379 3231 1475 3287 isti
1500 3231 1868 3300 conﬁtentur,
1895 3232 2049 3303 quod
2074 3232 2245 3286 dimi-

2331 653 2425 702 τοῦ
2454 648 2785 719 ποιουμένου
2821 654 2882 721 ιδ,
2917 653 3053 723 πρὸς
3090 653 3313 727 μέγεθος
3361 653 3423 706 τὸ
3473 653 3694 727 ἄπειρον
3738 655 3836 704 τοῦ
3884 671 3995 703 πε-

2332 736 2689 811 περασμένου’
2740 739 2876 813 πρὸς
2934 738 3076 801 εἶδος
3143 743 3203 796 τὸ
3251 741 3681 817 εὐμορφότατον,
3717 740 3852 815 πρὸς
3906 738 3999 792 εῦ-

2336 823 2621 898 δαιμονίαν
2671 825 2733 881 τι)
2787 830 3216 903 μακαριώτατον,
3256 832 3402 888 525
3461 830 3598 904 πρὸς
3654 833 3775 882 νοῦν
3809 828 3872 881 τὸ
3904 848 3999 881 τε·

2336 914 2613 970 λειότατον
2669 920 2731 972 ιδ.
2764 918 3001 990 Ὁμοίως
3050 916 3108 973 δὲ
3152 920 3241 973 καὶ
3271 918 3320 973 ἐν
3352 924 3468 981 τοῖς
3510 916 3703 978 ἄλλοις
3750 916 3912 977 αὐτὸς
3952 918 4001 953 ¹⁶

2338 999 2741 1077 ἀπαραϐλήτως
2770 1007 2869 1074 τὴν
2901 1007 3176 1082 ὑπεροχὴν
3210 1004 3348 1083 ἔχει.
3385 1008 3535 1062 Ἐπεὶ
3568 1004 3687 1073 οὖν,
3721 1006 3797 1067 ὡς
3828 1002 4001 1083 ἔφην,

2337 1089 2477 1147 ἴδιον
2525 1098 2657 1147 Θεοῦ
2705 1096 2767 1148 τὸ
2815 1094 2974 1150 αὐτὸν
3030 1095 3159 1150 εἶναι
3202 1101 3308 1151 τῶν
3362 1094 3508 1150 ὅλων
3554 1096 3857 1171 κρείττονα,
3908 1093 4007 1147 ὑπ’

2339 1179 2503 1236 αὐτοῦ
2550 1179 2607 1237 δὲ
2637 1184 2665 1236 6
2722 1184 2896 1238 πάντα
2950 1184 3221 1261 περιέχων
3276 1186 3464 1261 γέγονε
3517 1183 3744 1257 κόσμος,
3779 1182 4007 1258 ἀνάγκη

2340 1275 2483 1324 πᾶσα
2541 1269 2742 1346 λέγειν,
2796 1270 2965 1344 μηδὲν
3027 1277 3068 1311 1⁷
3125 1273 3213 1328 ὑπ’
3264 1274 3428 1329 αὐτοῦ
3479 1272 3782 1350 γεγονότων
3847 1272 4011 1345 αὐτῷ

2344 1356 2591 1413 δύνασθαι
2623 1362 2722 1429 τὴν
2761 1358 2878 1431 ἷ’σην
2913 1358 3047 1417 ἔχειν
3082 1362 3384 1439 σύγκρισιν.

2417 1454 2525 1504 XX.
2552 1454 2607 1503 '0
2658 1446 2714 1503 δὲ
2767 1452 2841 1522 μή
2893 1450 3037 1526 ἔχων
3080 1454 3142 1506 τὸ
3190 1446 3579 1526 ἀπαράϐλητον
3632 1452 3723 1505 καὶ
3768 1448 4011 1525 ἀνυπέρ-

2344 1531 2549 1605 ϐλητον
2582 1537 2670 1592 καὶ
2702 1538 2875 1609 πάντη
2934 1539 3192 1603 πάντοθεν
3244 1538 3483 1596 ἀνενδεὲς
3533 1540 3692 1601 αὐτὸς
3745 1539 3881 1594 εἶναι
3940 1537 4011 1593 οὐ

2347 1623 2587 1683 δύναται.
2622 1626 2679 1681 Ei
2714 1625 2768 1681 δὲ
2802 1629 2828 1681 6
2860 1634 2962 1690 πᾶς
2994 1630 3201 1703 κόσμος
3243 1635 3403 1685 τοῦτο
3456 1629 3589 1684 εἶναι
3641 1628 3702 1683 οὐ
3754 1626 4012 1699 δύναται,

2344 1716 2479 1769 καθὸ
2501 1715 2972 1791 γεγένηται,πόσῳ
3004 1722 3046 1756 ¹⁸
3075 1740 3133 1795 γε
3169 1717 3380 1791 μᾶλλον
3412 1719 3478 1773 τὰ
3512 1717 3675 1792 μόρια
3706 1717 3873 1772 αὐτοῦ
3902 1717 4012 1772 οῦκ

2350 1804 2407 1858 ἂν
2438 1804 2679 1881 εὐλόγως
2710 1805 2940 1877 κληθείη
2982 1808 3109 1869 Θεός
3136 1828 3149 1877 ;
3181 1808 3359 1884 Μόρια
3418 1805 3475 1862 δὲ
3526 1805 3674 1882 λέγω
3721 1806 3850 1868 τοὺς
3919 1807 4016 1884 ὑφ’

2352 1894 2502 1966 ὑμῶν
2566 1892 2898 1969 λεγομένους
2958 1896 3133 1965 θεοὺς,
3168 1895 3226 1950 ἐκ
3256 1900 3300 1935 ¹⁹
3331 1900 3539 1972 χρυσοῦ
3598 1894 3683 1949 οιαὶ
3736 1893 4013 1971 ἀργύρου,

2354 1981 2567 2057 χαλκοῦ
2596 2004 2653 2037 τε
2680 1983 2768 2037 καὶ
2801 1982 2958 2048 λίθου
2988 1985 3022 2054 ἢ
3048 1987 3135 2039 καὶ
3161 1984 3209 2058 ἐξ
3235 1983 3415 2054 ἁλλης
3445 1984 3583 2056 ὕλης
3614 1987 3937 2053 ἡστινοσοῦν
3969 1986 4019 2021 ²⁰

2352 2072 2633 2148 γεγονότα,
2666 2073 2755 2127 καὶ
2794 2078 2959 2128 ταῦτα
2991 2074 3093 2128 ὑπὸ
3128 2082 3329 2144 θνητῆς
3362 2074 3549 2149 χειρὸς
3601 2070 4024 2147 δεδημιουργη-

2358 2162 2508 2233 μένα.
2558 2164 2745 2234 Ὅμως
2805 2160 2861 2217 δὲ
2915 2164 3050 2239 πρὸς
3103 2168 3270 2218 ταῦτα
3318 2160 3520 2237 ἴδωμεν
3574 2166 3642 2235 ²¹,
3675 2165 3764 2216 οἷα
3812 2159 3885 2217 δι’
3916 2162 4017 2216 ἀν-

2357 2251 2577 2325 θρώπου
2608 2251 2875 2324 στόματος
2906 2254 2934 2306 6
2966 2250 3138 2314 δεινὸς
3168 2248 3293 2331 ὄφις
3350 2254 3655 2331 φαρμάσσει
3703 2256 3821 2313 τοῖς
3866 2250 4019 2306 ἐπει-

2354 2346 2519 2415 γμοῖς
2550 2343 2596 2375 ”
2624 2340 2749 2402 τοὺς
2784 2340 3244 2415 ἐξαπατωμένους.

2425 2434 2559 2485 XXI.
2594 2429 2820 2505 Λέγουσι
2898 2431 3003 2506 γὰρ
3076 2432 3128 2485 οἱ
3188 2428 3413 2487 πολλοί.
3466 2434 3581 2485 Τῶν
3653 2424 4018 2504 σεϐασμάτων

2355 2520 2515 2590 ἡμῶν
2546 2513 2773 2591 σέϐομεν
2808 2518 2869 2573 οὐ
2899 2520 2990 2574 τὸν
3024 2521 3226 2595 χρυσὸν
3280 2517 3404 2574 οὐδὲ
3450 2520 3540 2574 τὸν
3594 2518 3825 2595 ἄργυρον
3883 2518 4020 2573 οὐδὲ

2357 2605 2516 2677 ξύλον
2562 2608 2597 2675 ἢ
2649 2606 2823 2671 λίθον*
2854 2606 3006 2680 ἴσμεν
3050 2609 3153 2684 γὰρ
3205 2609 3295 2663 καὶ
3344 2611 3508 2681 ἡμεῖς
3542 2608 3624 2663 δτι
3656 2612 3827 2662 ταῦτα
3856 2606 4020 2663 οὐδέν

2358 2694 2496 2749 ἐστιν
2552 2695 2585 2764 ἢ
2647 2692 2857 2772 ἄψυχος
2908 2695 3012 2767 ὕλη
3074 2697 3163 2751 καὶ
3223 2697 3511 2771 ἀνθρώπου
3569 2699 3763 2762 θνητοῦ
3808 2698 4021 2771 τέχνη’

2358 2782 2501 2839 ἀλλᾶ
2539 2785 2601 2839 τὸ
2647 2790 2930 2839 κατοικοῦν
2966 2784 3015 2839 έν
3067 2786 3252 2847 αὐτοῖς
3282 2790 3518 2859 πνεῦμα,
3548 2790 3707 2839 τοῦτο
3740 2785 3858 2847 θεὸν
3915 2784 4021 2840 λέ-

2356 2892 2551 2947 γομεν.
2585 2876 2725 2949 ’Ὀρα
2780 2878 2886 2929 τῶν
2946 2879 3111 2929 ταῦτα
3170 2873 3440 2949 λεγόντων
3499 2876 3598 2943 τὴν
3652 2875 4015 2943 κακοήθειαν.

2359 2962 2506 3015 Ἐπεὶ
2539 2963 2642 3038 γὰρ
2672 2964 2734 3017 τὸ
2782 2962 3106 3040 φαινόμενον
3153 2962 3471 3038 εὖέλεγκτόν
3525 2963 3687 3035 ἐστιν,
3720 2960 3803 3017 δτι
3854 2961 4022 3018 οὐδέν

2358 3054 2511 3109 πῖϐ
2545 3050 2707 3119 ἐστιν,
2738 3051 3035 3128 κατέφυγον
3071 3052 3157 3107 ἐπὶ
3189 3052 3250 3107 τὸ
3286 3053 3533 3126 ἀόρατον,
3566 3053 3639 3113 ὡς
3687 3051 3770 3106 ἐπ’
3809 3049 4022 3125 ἀδήλῳ

2354 3140 2461 3194 τινὶ
2494 3138 2815 3215 ἐλεγχθῆναι
2871 3143 2945 3213 μὴ
2994 3138 3302 3214 δυνάμενοι,
3337 3140 3489 3210 Πλὴν
3536 3139 4020 3215 συνομολογοῦσιν

2356 3232 2491 3302 ἡμῖν
2521 3231 2573 3283 οἱ
2603 3234 2839 3284 τοιοῦτοι
2882 3230 2967 3285 ἐπὶ
3007 3231 3220 3307 μέρους,
3256 3230 3337 3286 ὅτι
3384 3232 3449 3286 τὸ
3496 3230 3668 3303 ἥμισυ
3720 3234 3829 3284 τῶν
3883 3232 4025 3305 παρ’

603 3322 766 3377 dium
780 3320 1227 3376 simulacrorum
1251 3338 1493 3376 suorum
1519 3320 1661 3376 deus
1681 3337 1793 3376 non
1818 3320 1915 3388 sit,
1942 3322 2042 3377 sed
2068 3338 2241 3377 sensu

2357 3318 2537 3379 αὐτοῖς
2598 3315 2906 3393 ἱδρυμάτων
2964 3321 3081 3382 θεὸς
3142 3319 3241 3374 οὐκ
3298 3318 3460 3391 ἔστιν,
3508 3318 3634 3375 ἀλλ’
3686 3318 4025 3390 ἀναίσθητος

603 3426 808 3466 carens
841 3410 1105 3466 materia.
1139 3413 1414 3482 Superest
1453 3410 1651 3482 igitur,
1708 3415 1771 3464 ut
1820 3411 2083 3481 probent,
2137 3428 2255 3483 qua

606 3498 829 3554 ratione
853 3499 1161 3554 credamus
1183 3499 1241 3553 in
1274 3497 1391 3553 illis
1421 3498 1639 3554 versari
1666 3499 1931 3554 divinum
1955 3498 2250 3570 spiritum.

608 3586 821 3643 Verum
852 3586 909 3641 id
934 3587 1015 3641 ita
1031 3602 1160 3641 esse
1175 3586 1341 3641 nobis
1359 3603 1468 3658 neq
1478 3590 1657 3642 neunt
1671 3586 2088 3655 demonstrare,
2115 3587 2254 3658 quia

615 3692 730 3730 non
761 3678 867 3730 est.
899 3676 970 3729 Et
1023 3675 1167 3747 ipsis
1200 3675 1540 3746 apparuisse
1591 3692 1707 3731 non
1750 3675 2069 3732 credimus.
2136 3681 2253 3733 Nos

614 3764 730 3819 illis
772 3780 839 3819 ea
885 3763 1149 3819 divinum
1197 3763 1469 3835 spiritum
1510 3781 1625 3819 non
1670 3764 1883 3819 habere
1932 3782 2033 3836 per
2080 3782 2253 3838 argu-

616 3856 814 3908 menta
870 3852 1269 3924 probabimus,
1320 3855 1384 3907 ut
1429 3852 1689 3908 veritatis
1739 3853 2006 3924 studiosi,
2056 3855 2257 3911 audita

614 3941 1010 3997 confutatione
1040 3940 1331 4013 opinionis
1362 3958 1431 3996 ea
1461 3940 1669 4012 spiritu
1700 3942 1941 4013 praadita
1957 3943 2254 4000 afﬁrman-

610 4031 687 4086 tis
718 4048 753 4086 a
784 4030 1013 4086 rabioso
1043 4045 1235 4085 errore
1265 4046 1329 4085 se
1354 4034 1637 4086 avertant.

678 4119 843 4175 XXII.
876 4119 1071 4175 Primo
1103 4119 1337 4191 quidem
1371 4120 1419 4175 si
1454 4136 1520 4174 ea
1548 4120 1705 4175 velut
1727 4120 2000 4191 spiritum
2031 4121 2249 4178 haben-

606 4209 689 4263 tia
718 4208 929 4275 colitis,
974 4209 1152 4264 etiam
1209 4208 1585 4280 antiquorum
1636 4208 1942 4269 hominum
1985 4210 2251 4283 sepulcra

607 4297 882 4367 adoratis,
908 4314 1053 4368 quos
1071 4298 1128 4351 in
1156 4299 1420 4354 confesso
1442 4302 1527 4353 est
1549 4297 1811 4353 divinum
1838 4315 1951 4353 non
1971 4299 2250 4356 habuisse

605 4386 901 4457 spiritum.
936 4387 1021 4442 Ita
1051 4402 1239 4458 neque
1274 4387 1331 4441 in
1365 4387 1473 4441 hoc
1510 4404 1644 4441 vera
1689 4386 2020 4459 loquimini.
2073 4388 2246 4445 Porro

606 4474 654 4530 si
685 4491 817 4530 vere
849 4475 1140 4548 spirarent
1171 4480 1362 4531 vestra
1392 4476 1656 4543 numina,
1685 4492 1788 4547 per
1833 4494 1895 4532 se
1946 4495 2245 4535 moveren-

607 4572 721 4635 tur,
756 4580 956 4621 vocem
988 4566 1339 4632 emitterent,
1370 4580 1613 4619 araneas
1666 4565 1985 4623 insidentes
2014 4567 2247 4639 ablega-

2364 3406 2491 3477 ὕλη.
2527 3409 2727 3462 Λοιπὸν
2790 3406 2845 3463 δὲ
2893 3408 3262 3482 περιλείπεται
3315 3408 3479 3482 δεῖξαι
3530 3408 3722 3470 αὐτοὺς
3778 3411 3848 3474 ²³,
3890 3414 4023 3471 πῶς

2363 3495 2683 3569 πιστεύομεν
2734 3496 2815 3551 ὅτι
2867 3499 3011 3552 θεῖον
3061 3496 3175 3574 ἔχει
3207 3504 3441 3572 πνεῦμα.
3478 3496 3636 3553 Ἀλλ’
3671 3494 3939 3567 ἐπιδεῖξαι
3975 3501 4025 3534 ³⁸

2363 3587 2498 3659 ἡμῖν
2546 3585 2606 3640 οὐ
2655 3583 2903 3640 δύνανται
2953 3585 3034 3641 ὅτι
3082 3587 3243 3659 ἐστὶν,
3278 3586 3391 3641 ἐπεὶ
3449 3588 3523 3659 μή
3571 3586 3727 3642 ἐστιν.
3762 3587 3862 3639 Καὶ
3918 3587 4020 3640 αὐ-

2362 3680 2479 3736 τοῖς
2556 3675 2845 3749 ἑωρακέναι
2906 3674 2967 3729 οὐ
3026 3676 3373 3749 πιστεύομεν.
3432 3677 3618 3748 Ἡμεῖς
3677 3674 3861 3737 αὐτοῖς
3932 3675 4019 3730 ὅτι

2365 3770 2507 3827 θεῖον
2554 3763 2652 3818 οὐκ
2698 3762 2815 3839 ἔχει
2844 3768 3057 3837 πνεῦμα
3095 3768 3157 3834 ³⁵,
3189 3766 3282 3827 τὰς
3342 3763 3639 3834 ἀποδείξεις
3684 3765 4018 3838 παρέξομεν,

2364 3852 2513 3914 ὅπως
2561 3857 2659 3906 τοῦ
2708 3850 2883 3908 δοκεῖν
2934 3852 3069 3908 αὐτᾶ
3114 3850 3324 3927 ἔμπνοα
3356 3853 3487 3907 εἶναι
3522 3853 3574 3907 οἱ
3605 3850 3938 3930 φιλαλήθεις
3974 3856 4021 3889 εδ

2361 3942 2451 3997 τὸν
2502 3940 2733 4017 ἔλεγχον
2778 3942 3099 4005 ἀκούσαντες
3146 3949 3247 4013 τῆς
3295 3939 3608 4005 λυσσώδους
3662 3940 3920 4004 ὑπονοίας
3970 3945 4016 3979 ²⁷

2361 4031 2800 4106 ἀποτραπῶνται,

2432 4126 2598 4177 XXII.
2628 4122 2698 4174 Τὸ
2752 4120 2843 4194 μὲν
2897 4118 2963 4189 δὴ
3015 4126 3253 4198 πρῶτον,
3288 4120 3331 4177 εἷ
3380 4121 3454 4183 ὡς
3484 4118 3694 4195 ἔμπνοα
3735 4115 3865 4175 ὄντα
3920 4122 4016 4176 σέ-

2360 4204 2513 4264 ϐεσθε
2560 4209 2715 4277 αὐτὰ,
2762 4210 2850 4264 καὶ
2901 4213 2944 4247 ²⁸
2989 4211 3221 4265 αἰωνίων
3269 4210 3511 4287 ἀρχαίων
3559 4212 3761 4288 τάφους
3828 4232 4016 4285 προσ-

2358 4304 2584 4370 κυνεῖτε,
2632 4303 2737 4353 τῶν
2790 4296 3253 4374 ὁμολογουμένως
3302 4298 3452 4354 οὐδὲν
3507 4302 3552 4337 ²⁹
3598 4304 3806 4372 πνεῦμα
3856 4301 4011 4355 θεῖον

2357 4388 2693 4464 ἐσχηκότων.
2728 4388 2909 4451 Οὕτως
2943 4388 3066 4444 οὐδὲ
3112 4391 3245 4444 κατὰ
3289 4393 3448 4443 τοῦτο
3501 4387 3809 4458 ἀληθεύετε.
3845 4389 4013 4457 ΙΙλὴν

2357 4478 2402 4532 εἰ
2462 4474 2632 4539 ὅντως
2694 4472 2901 4550 ἔμπνοα
2953 4479 3019 4547 ἦν
3068 4479 3135 4533 τὰ
3176 4473 3484 4550 σεϐάσματα
3529 4477 3702 4550 ὑμῶν,
3750 4477 3838 4555 ἀφ’
3891 4477 4015 4531 ἑαυ-

2352 4572 2460 4622 τῶν
2522 4566 2579 4621 ἃν
2643 4565 2890 4637 ἐκινεῖτο,
2944 4568 3128 4646 φωνην
3188 4564 3246 4620 ἂν
3303 4566 3469 4641 εἶχεν,
3520 4566 3617 4633 τὴν
3678 4564 3760 4619 ἐπ’
3818 4563 4013 4628 αὐτοῖς

601 4658 749 4719 rent,
786 4654 1154 4710 insidiatores
1187 4670 1324 4709 suos
1355 4657 1412 4708 et
1446 4653 1603 4709 fures
1634 4654 1953 4727 abigerent,
1979 4657 2241 4714 donario-

2357 4656 2596 4731 ἀράχνην
2650 4654 2948 4726 ἆπεσείετο,
2980 4653 3105 4717 τοὺς
3156 4655 3339 4716 αὐτοῖς
3388 4649 3773 4709 ἐπιϐουλεῦσαι
3811 4652 4007 4709 θέλον·
4066 4662 4067 4673 ‘

598 4761 728 4798 rum
774 4745 1073 4815 praedones
1119 4743 1286 4799 facile
1344 4744 1885 4815 comprehendernt.
1928 4746 2060 4801 Jam
2107 4764 2238 4804 vero

597 4832 742 4888 nihil
772 4833 981 4889 horum
1014 4832 1233 4889 faciunt
1263 4832 1367 4899 dii,
1401 4833 1501 4887 sed
1547 4832 1733 4886 instar
1762 4850 1991 4889 reorum
2040 4840 2239 4893 custo-

595 4921 857 4989 diuntur,
894 4920 1214 4994 praesertim
1245 4920 1346 4992 qui
1379 4925 1516 4975 sunt
1545 4920 1718 4992 pretii
1738 4921 1998 4993 majoris,
2029 4939 2239 4995 quem-

596 5010 914 5067 admodum
945 5010 1231 5084 principio
1271 5009 1547 5066 diximus.
1609 5009 1758 5075 Quid
1810 5010 1987 5082 enim,
2047 5028 2240 5069 nonne

2347 4765 2441 4805 τας
2490 4744 2579 4798 καὶ
2628 4743 2961 4807 κλέπτοντας
3018 4743 3316 4807 ἀπεωθεῖτο
3375 4742 3453 4815 ἂν,
3494 4742 3621 4804 τοὺς
3678 4743 3745 4796 τὰ
3802 4742 4010 4813 ἀναθή-
4064 4764 4065 4767 η

2353 4854 2495 4907 ματα
2537 4831 2924 4895 ἀποσυλῶντας
2976 4827 3369 4905 συνελάμϐανεν
3417 4831 3476 4886 ἃν
3529 4827 3749 4908 ῥᾳδίως.
3782 4835 3891 4884 Νῦν
3946 4829 4005 4886 δὲ
4062 4854 4063 4899 ;

2346 4921 2551 4977 τούτων
2619 4918 2771 4976 οὐδὲν
2831 4926 3104 4991 ποιοῦσιν,
3152 4920 3279 4977 ἀλλ’
3323 4923 3369 4957 ³ο
3412 4920 3489 4984 ὡς
3556 4916 3862 4987 κατάδικοι,
3912 4920 4006 4974 καὶ

2353 5008 2589 5083 μάλιστα
2636 5011 2686 5065 οἱ
2732 5011 3053 5086 τιμιώτεροι
3110 5010 3307 5084 αὐτῶν,
3359 5012 3739 5089 φρουροῦνται,
3783 5007 3860 5070 ὡς
3908 5005 4005 5062 καὶ

1938 5154 2182 5210 ἾΑΗΙᾹΞ
2222 5154 2613 5211 LECTIONES
2625 5196 2638 5209 .

664 5268 708 5302 “
735 5264 991 5339 κρείττων
1012 5264 1172 5339 *ἐστὶν
1211 5263 1314 5339 μὶν-
1335 5261 1551 5339 δυνάμει
1582 5268 1678 5317 τοῦ
1725 5267 1903 5339 πριεῖν
1935 5268 2031 5318 τοῦ
2064 5263 2261 5319 λοιποῦ
2292 5269 2349 5335 C,
2382 5261 2625 5339 κρεῖττόν
2660 5260 2771 5316 ἐστι
2807 5262 2899 5335 μὶν
2932 5260 3155 5335 δυνάμει
3184 5262 3247 5317 τὸ
3275 5266 3465 5339 ποιοῦν
3495 5265 3593 5317 τοῦ
3642 5263 3891 5339 ποιητοῦ
3931 5260 4001 5329 D,

592 5333 835 5408 κρεῖττόν
866 5337 975 5392 ἐστι
1008 5333 1231 5410 δυνάμει
1265 5336 1358 5407 μὲν
1389 5336 1451 5410 τὸ
1469 5333 1665 5410 ποιοῦν
1699 5333 1793 5389 τοῦ
1825 5340 2110 5410 ποιοῦντος
2138 5343 2203 5409 Ο,
2236 5333 2733 5410 ρυάωίυιιὶωᾳω
2780 5333 2978 5410 vocem
3011 5333 3292 5410 converti
3350 5338 3428 5410 in_
3462 5334 3815 5410 ποιουμένου.
3848 5334 4003 5410 Tum}

593 5402 1021 5481 πέραινασμένου
1055 5429 1108 5481 p.
1142 5402 1551 5512 πεπερασμένου
1581 5408 1644 5473 C,
1674 5406 2063 5480 περαινομένου
2095 5410 2131 5464 S
2163 5402 2212 5465 cr.
2243 5402 2326 5464 Cl.
2405 5408 2448 5441 ¹⁵
2479 5404 2834 5459 τελειώτατον
2868 5408 2927 5461 C.
3006 5408 3048 5441 ¹⁶
3077 5405 3206 5460 αὐτό
3248 5408 3305 5463 S.
3387 5407 3428 5443 ¹⁷
3486 5402 3643 5461 νδδξ
3694 5405 3778 5458 ὑπ’
3832 5402 4001 5457 αὐτοῦ

593 5474 649 5512 ἓξ
679 5479 705 5512 ιτ.
736 5479 907 5512 ...ιυρη
939 5481 1208 5512 ...ρωικηηη
1240 5502 1273 5512 .,
1302 5499 1421 5512 mm.
1457 5478 1663 5512 “Amm,
1717 5478 1913 5512 ,ιιηιυυν
1954 5480 2093 5512 -z-..
2128 5479 2305 5512 1L.-.“
2363 5474 2529 5512 ..νὶιιυ
2562 5496 2673 5512 ηηη
2704 5482 2931 5512 ι)ναῦαηῦ
2965 5476 3020 5512 In
3056 5479 3099 5512 n
3201 5480 3244 5512 18
3275 5474 3514 5512 ,δυεηὲε-ὶρ
3554 5475 3683 5512 ne)”
3742 5473 3871 5512 ετυη.
3935 5474 3999 5512 ω’.

593 5474 706 5531 δὲ’ἕ)
736 5474 910 5533 πάντα
939 5474 1208 5554 περιέχων
1240 5502 1273 5555 γ

596 5545 620 5567 δ
639 5548 651 5567 Ι
938 5552 982 5567 ΔΙ
1014 5551 1034 5567 η
1180 5552 1188 5567 1

1277 5474 1685 5555 έγονεικόσμος,
1706 5474 1917 5555 *ᾅνιάγκη
1954 5480 2096 5555 πᾶᾼσα
2128 5479 2324 5555 λέγειν,
2363 5474 2540 5555 μηδὲν-
2562 5496 2677 5555 n‘on
2704 5482 2935 5555 exﬁstant
2965 5476 3023 5532 in

3201 5480 3244 5515 1³
3275 5474 3514 5538 ἀνενδεὲς
3554 5475 3683 5536 θεὸς
3742 5473 3876 5529 εἶναι
3935 5474 3999 5528 οὐ

592 5545 835 5634 δόναται,
868 5552 982 5604 καθ’
1010 5545 1042 5604 ’ὃ
1073 5545 1349 5634 γεγένηται
1376 5550 1531 5622 πόσῳ
1563 5545 1680 5634 Ca."
1770 5545 2074 5634 ἐκ’οἰη.ΛΟ.
2149 5545 2560 5634 ²⁰Ἰιειέεδτῖρῆῖ
2576 5550 2721 5634 duce
2747 5548 3099 5634 ptlob.,~qui
3130 5550 3603 5634 habhet‘tivocp‘iiv.
3776 5546 4000 5634 C5116;
4038 5550 4049 5634 ἓ

590 5619 705 5675 οὖν.
773 5622 1048 5677 Nostrum
1088 5619 1227 5693 'jam
1284 5625 1428 5679 vidit
1485 5619 1544 5677 S.

589 5693 677 5781 0.,
712 5694 780 5781 ’9‘
808 5696 1021 5781 πνεῦμα
1049 5688 1298 5781 ascripsi
1324 5696 1511 5781 ex‘0.,
1554 5692 1608 5781 3‘
1640 5688 1963 5781 φιλαληθεῖς
1996 5694 2054 5781 C.

588 5760 677 5821 καί
708 5764 837 5839 (cur
866 5760 1085 5838 etiam).
1114 5766 1173 5822 Β.
1202 5760 1458 5822 Subinde
1486 5760 1785 5838 ἀνθρώπων
1818 5781 1875 5835 p.
1910 5763 2140 5819 αἰωνίων
2173 5767 2326 5838 conj.
2358 5765 2421 5821 C.
2500 5766 2547 5801 9°
2575 5760 3040 5839 ὁμολογουμένως
3071 5762 3148 5825 ὡς
3180 5760 3311 5821 οὐδὲ
3334 5766 3394 5825 C.

1623 5622 1666 5656 ²¹
1704 5616 1901 5691 ἴδωμεν
1964 5622 2007 5678 Ο
2066 5641 2115 5680 c.
2174 5629 2227 5687 S,
2262 5616 2489 5691 ειδωμέν
2522 5621 2582 5676 C.

2664 5621 2709 5654 ²²
2741 5614 3031 5690 ὑπειγμοῖς
3060 5623 3118 5677 (ἶ.
3199 5624 3245 5656 ³³
3272 5620 3453 5682 αὐτοῖς
3484 5622 3549 5677 Ο.
3627 5614 3998 5690 ²⁴ἒπειδεῖξαι

2135 5696 2179 5729 ³⁷
2207 5688 2463 5766 ἀπονοίας
2495 5692 2647 5766 conj.
2680 5691 2747 5747 D.
2799 5688 3059 5766 Subinde
3089 5692 3510 5766 Δὄιποτρᾳὶπονται
3676 5690 3909 5766 _”ALeg.
3943 5688 3996 5745 τί

3474 5765 3520 5801 ³ο
3546 5760 3692 5818 ἀλλά
3721 5761 3789 5819 Ο.
