4114 6338
175 454 288 513 273

1344 448 1876 510 CLEMENTINA.
1912 478 1989 491 —
2018 447 2350 507 HOMILIA
2396 449 2473 509 Χ.

3489 459 3609 517 274

171 586 265 653 τὴν
300 586 485 661 ἀρχὴν
524 585 847 661 εἰρήκαμεν.
878 583 945 640 Τί
994 581 1051 638 δὲ
1077 581 1138 637 οῦ
1189 582 1393 659 φόρους
1424 581 1512 635 καὶ
1542 579 1673 649 τέλη
1712 579 1833 653 ὑπὲρ

1960 580 2250 651 principes
2280 598 2314 634 a
2336 581 2499 635 vobis
2535 583 2753 638 tributa
2787 587 2843 639 et
2871 585 3177 656 vectigalia
3217 604 3321 658 pro
3368 588 3441 642 iis
3487 590 3602 644 exi-

174 674 352 729 αὑτῷν
386 676 709 730 ἀπαιτοῦσιν
745 674 883 747 ὑμᾶς
916 674 966 728 οἱ
1014 670 1283 741 δυνάσται,
1317 671 1389 732 ὡς
1432 669 1618 725 πολλά
1646 689 1837 743 καρπι-

176 762 443 834 ζομένους
473 768 584 817 τῶν
620 763 763 831 ἐκεῖ;
786 762 839 815 τί
863 760 919 816 δὲ
951 762 1012 816 ού
1044 759 1316 821 πολλάκις
1348 760 1450 813 ὑπὸ
1480 758 1763 830 πολεμίων
1789 761 1832 795 ³¹

172 848 561 925 διηρπάγησαν
600 855 749 910 2‘27
802 852 891 904 καὶ
967 844 1334 925 συντριϐέντες
1398 846 1881 920 διενεμήθησανλ

173 940 321 1016 Οὐχὶ
356 941 581 995 καὶτῶν
636 940 735 1013 ἔξω
783 939 1185 1012 θρησκευόντων
1239 937 1389 992 αὐτοὶ
1439 936 1605 991 πλέον
1658 936 1708 989 οἱ
1759 937 1834 988 ἰε-

172 1036 311 1103 ρεῖς,
374 1030 463 1084 ἐπὶ
520 1034 588 1103 τῇ
646 1032 911 1105 ἀχρήστῳ
964 1028 1221 1104 θρησκείᾳ
1281 1028 1482 1082 ἑαυτῶν
1539 1046 1777 1101 κατεγνω
1812 1056 1834 1066 -

170 1118 356 1188 κότες,
386 1125 495 1173 τῶν
526 1119 889 1192 ἀναθημάτων
918 1117 1102 1172 πολλά
1135 1118 1482 1194 ὑφαιροῦνται
1522 1134 1537 1184 ;

242 1228 439 1283 XXIII.
494 1228 632 1298 Ναὶ,
683 1226 883 1304 φησὶν,
934 1223 1079 1280 ἀλλά
1122 1222 1353 1299 προνοίᾳ
1396 1222 1569 1277 αὐτῶν
1630 1219 1837 1299 ἐφωρά-

169 1317 387 1385 θησαν.
444 1312 659 1377 Ψεῦδός
718 1313 881 1369 ἐστιν.
942 1313 1106 1368 Πόσοι
1161 1314 1264 1387 γάρ
1326 1312 1423 1367 ούκ
1483 1310 1834 1389 ἐφωράθησαν

170 1404 393 1472 αὖτῶν;
430 1404 495 1459 Ei
528 1401 584 1458 δὲ
614 1402 704 1459 διὰ
733 1405 794 1458 τὸ
846 1402 1017 1464 ένίους
1070 1402 1427 1479 συνειλῆφθαι
1477 1398 1698 1473 δύναμιν
1742 1398 1833 1452 αύ-

169 1493 301 1555 τους
363 1495 410 1529 ³³
469 1491 615 1569 ἔχειν
679 1491 952 1568 λέγουσιν,
1012 1489 1372 1559 πεπλάνηται.
1434 1490 1531 1544 Καὶ
1576 1491 1677 1563 γὰρ
1726 1492 1832 1542 τῶν

170 1578 569 1658 τυμϐωρύχων
618 1582 759 1643 τινες
817 1582 910 1655 μὲν
959 1581 1317 1657 εὑρίσκονται,
1364 1580 1504 1640 τινες
1552 1576 1609 1632 δὲ
1639 1576 1835 1640 λανθά-

169 1694 384 1741 νουσιν,
414 1670 505 1725 καὶ
539 1670 599 1725 οὑ
631 1668 808 1741 δήπου
854 1692 917 1745 γε
964 1674 1032 1743 τῇ
1074 1674 1181 1724 τῶν
1213 1673 1416 1745 νεκρῶν
1461 1666 1681 1741 δυνάμει
1708 1669 1753 1703 ³³
1784 1668 1835 1721 οἱ

172 1760 582 1838 συλληφθέντες
637 1759 1034 1838 ἐφωράθησαν.
1093 1757 1349 1812 Τοιοῦτόν
1424 1778 1475 1811 τι
1550 1756 1638 1810 καὶ
1710 1754 1833 1831 περὶ

168 1850 299 1912 τοὺς
376 1848 786 1921 κλεπτομένους
861 1849 949 1903 καὶ
1027 1845 1381 1919 συλωμένους
1459 1846 1611 1909 θεοὺς
1692 1842 1830 1899 ἔστιν

1948 674 2116 739 gunt,
2177 670 2331 739 quod
2397 671 2650 727 multum
2736 672 2870 728 inde
2919 674 3298 731 emolumenti
3349 678 3602 748 capitis?

1947 760 2150 812 Nonne
2182 775 2332 828 sape
2361 760 2433 812 ab
2468 758 2735 815 hostibus
2767 763 2917 833 rapti
2951 768 3110 828 sunt,
3142 770 3199 819 et
3228 771 3359 836 post
3390 767 3601 821 fractu-

1949 863 2072 900 ram
2097 846 2436 902 distributi?
2464 852 2667 903 Nonne
2723 850 3038 922 plusquam
3073 852 3344 921 cultores,
3381 855 3478 926 qui
3510 873 3601 911 ex-

1946 938 2039 989 tra
2067 940 2228 1002 sunt,
2261 936 2371 1006 ipsi
2422 936 2763 1009 plerumque
2794 942 3140 1007 sacerdotes,
3175 959 3237 997 se
3278 944 3349 998 de
3407 945 3599 1000 inutili

1953 1023 2115 1078 cultu
2146 1025 2517 1092 damnantes,
2550 1027 2886 1099 subripiunt
2918 1028 3102 1085 multa
3132 1032 3421 1087 donaria?

2020 1220 2217 1276 XXIII.
2255 1221 2338 1277 Ita
2366 1226 2475 1293 est,
2509 1222 2659 1279 dicet
2691 1224 2925 1295 aliquis,
2976 1228 3077 1282 sed
3136 1228 3377 1284 deorum
3409 1230 3596 1302 provi-

1952 1310 2150 1365 dentia
2182 1310 2277 1364 isti
2311 1310 2577 1366 homines
2610 1313 2954 1385 deprehensi
3003 1321 3162 1371 sunt.
3225 1318 3458 1374 Falsum
3488 1327 3596 1377 est.

1947 1398 2097 1462 Quot
2125 1399 2279 1454 enim
2307 1416 2507 1455 eorum
2542 1417 2657 1456 non
2709 1406 2846 1457 sunt
2903 1404 3291 1476 deprehensi?
3319 1408 3480 1471 Quod
3540 1410 3592 1465 si

1948 1505 2016 1543 ex
2049 1489 2440 1559 quorumdam
2492 1492 3011 1562 comprehensione
3056 1495 3195 1550 deos
3256 1501 3599 1568 potestatem

1944 1576 2156 1632 habere
2187 1577 2563 1645 concludunt,
2595 1585 2807 1636 errant.
2845 1582 3065 1637 Etenim
3098 1601 3165 1640 ex
3192 1586 3597 1656 sepulcrorum

1943 1667 2325 1722 eﬂ'ossoribus
2360 1669 2628 1723 nonnulli
2676 1669 3056 1726 inveniuntur
3087 1678 3144 1728 et
3190 1676 3455 1731 nonnulli
3512 1676 3596 1733 1a-

1942 1760 2084 1823 tent,
2119 1756 2463 1827 neutiquam
2493 1762 2690 1813 tamen
2726 1765 3091 1817 mortuorum
3124 1764 3429 1834 potestatis
3480 1770 3589 1833 est,

1946 1846 2097 1917 quod
2132 1844 2215 1899 illi
2248 1847 2576 1918 capiantur.
2613 1848 2734 1902 Pari
2771 1850 2942 1905 modo
2970 1851 3040 1906 de
3064 1851 3293 1907 furibus
3352 1854 3594 1911 deorum

168 1942 307 2012 ἡμῖν
368 1943 534 1993 νοεῖν.
602 1936 814 2007 ’Δλλά,
874 1937 1078 2015 φησὶν,
1141 1936 1203 1990 οὑ
1248 1936 1661 2013 πεφροντίκασιν
1728 1938 1833 1988 τῶν

1949 1934 2226 1989 debemus
2249 1951 2503 1992 censere.
2535 1937 2663 2007 Sed,
2696 1938 2944 2006 dicetur,
2979 1956 3180 1995 curam
3227 1958 3341 1996 non
3385 1950 3597 2015 gerunt

170 2029 379 2100 ξοάνων
412 2027 587 2081 αὐτῶν
621 2028 673 2081 οἱ
727 2026 778 2080 ἐν
832 2027 1015 2089 αὐτοῖς
1066 2021 1215 2086 ὄντες
1275 2024 1407 2088 θεοί.
1463 2023 1530 2080 Τί
1570 2024 1659 2077 οῦν
1702 2022 1837 2077 αύτά

170 2119 333 2191 ὑμεῖς
362 2117 657 2189 τημελεῖτε
696 2118 1008 2191 σμήχοντες
1038 2116 1129 2170 καὶ
1177 2113 1469 2174 πλύνοντες
1520 2113 1610 2167 καὶ
1649 2112 1833 2166 καθαί-

361 2254 376 2277 ,
433 2209 815 2283 στεφανοῦντες
851 2250 865 2276 ,
919 2203 1227 2264 ἐπιθύοντες
1284 2220 1298 2271 ;
1350 2202 1547 2275 Διόπερ
1599 2200 1833 2255 ἐντεῦθεν

167 2297 503 2365 συννοήσατε
563 2292 731 2366 μηδὲν
790 2296 836 2330 ³⁴
882 2293 1028 2369 ὀρθῷ
1088 2290 1340 2367 λογισμῷ
1396 2296 1700 2351 ποιοῦντες.
1743 2291 1833 2352 Ὠς

165 2386 268 2458 γὰρ
303 2389 425 2445 τοῖς
452 2390 663 2459 νεκροῖς
696 2381 1025 2455 ἐπικλαίετε,
1058 2380 1201 2436 οὕτω
1232 2380 1319 2434 καὶ
1352 2385 1469 2441 τοῖς
1505 2385 1647 2443 θεοῖς
1683 2379 1834 2453 ὑμῶν

167 2472 419 2527 ἐπιθύετε
450 2472 538 2526 καὶ
572 2469 843 2527 σπένδετε.

169 2226 290 2280 ρον-ε
300 2227 356 2267 ες

240 2580 438 2634 XXIV.
472 2578 662 2633 Ούκέτι
698 2577 794 2650 μέν
846 2598 933 2632 τοι
976 2581 1137 2631 τοῦτο
1192 2572 1317 2629 οὐδὲ
1362 2579 1441 2646 τῷ
1485 2578 1582 2629 τοῦ
1632 2573 1834 2631 Καίσα-

170 2690 264 2745 ρος
316 2669 407 2722 καὶ
459 2673 566 2721 τῶν
614 2668 701 2722 ὑπ’
747 2667 905 2721 αὐτὸν
957 2666 1207 2736 ἐξουσιῶν
1254 2670 1535 2741 συμφωνεῖ
1577 2661 1833 2739 παραδεί-

166 2779 363 2832 γματι,
409 2754 693 2826 διοικητὰς
744 2755 937 2817 αὑτοὺς
989 2754 1186 2830 λέγειν,
1238 2754 1401 2809 ὁπότε
1453 2754 1606 2826 ὑμεῖς
1656 2753 1830 2807 αὐτῶν

166 2848 268 2914 τήν
323 2852 501 2899 πᾶσαν
562 2846 803 2898 ποιεῖσθε
857 2843 1138 2919 πρόνοιαν,
1187 2842 1263 2904 ὡς
1320 2847 1582 2917 προεῖπον
1621 2884 1634 2908 ,
1697 2842 1834 2896 κατά

167 2934 343 2988 πάντα
391 2932 764 3006 τημελοῦντες
811 2932 937 3005 ὑμῖν
990 2935 1036 2968 ⁵³
1078 2933 1143 2986 τά
1193 2928 1483 3007 ἱδρύματα.
1537 2930 1681 2988 Αὑτά
1725 2931 1829 3007 γὰρ

166 3021 322 3078 οὐδὲν
380 3021 654 3095 δυνάμενα
704 3018 857 3076 οὐδὲν
903 3026 1070 3077 ποιεῖ.
1129 3020 1277 3075 Ἐπεὶ
1335 3019 1516 3075 εἷεπατε
1570 3022 1730 3093 ἡμῖν,
1778 3019 1830 3073 τί

166 3110 494 3180 διοικοῦσιν,
524 3109 580 3167 τί
612 3115 832 3166 ποιοῦσι
862 3115 1131 3179 τοιοῦτον,
1174 3108 1361 3164 ὁποῖόν
1404 3130 1456 3164 τι
1490 3110 1541 3163 οἱ
1572 3109 1706 3163 κατά
1733 3108 1831 3164 τό-

167 3223 270 3256 πον
305 3200 610 3277 ἡγούμενοι
646 3219 660 3268 ;
693 3199 745 3254 τί
794 3197 851 3254 δὲ
897 3199 1171 3273 ἐνεργοῦσι
1218 3203 1491 3269 τοιοῦτον,
1542 3199 1731 3252 ὁποῖον
1778 3198 1830 3252 οἱ

1946 2022 2397 2079 simulacrorum
2431 2041 2696 2093 suorum,
2732 2027 2830 2098 qui
2864 2027 2922 2081 in
2955 2028 3039 2084 eis
3070 2029 3327 2086 resident
3356 2032 3457 2087 dii.
3482 2032 3598 2089 Cur

1944 2127 2081 2184 ergo
2109 2129 2211 2167 vos
2243 2130 2310 2168 ea
2354 2115 2593 2181 curatis,
2649 2116 3071 2188 abstergentes,
3122 2116 3403 2186 lavantes,
3462 2137 3597 2193 pur-

1945 2207 2174 2273 gantes,
2202 2208 2547 2259 coronantes
2577 2208 2633 2258 et
2653 2204 2955 2260 sacrificiis
2985 2206 3238 2262 colentes
3259 2208 3287 2262 ?
3316 2208 3596 2272 Quocirca

1944 2289 2079 2345 inde
2111 2296 2393 2362 reputate,
2424 2309 2527 2347 vos
2558 2297 2718 2348 recta
2749 2294 2970 2349 ratione
2997 2311 3111 2350 non
3143 2312 3332 2367 agere.
3377 2299 3592 2362 Quem-

1946 2380 2264 2435 admodum
2295 2382 2451 2436 enim
2484 2387 2747 2437 mortuos
2796 2382 3046 2454 deﬂetis,
3104 2384 3186 2440 ita
3242 2389 3301 2441 et
3328 2387 3443 2443 diis
3498 2403 3593 2444 ve-

1945 2468 2083 2524 stris
2115 2470 2457 2525 sacriﬁcatis
2488 2476 2544 2526 et
2574 2470 2788 2527 libatis.

2014 2575 2205 2630 XXIV.
2238 2576 2519 2647 Equidem
2553 2593 2665 2632 non
2698 2576 2952 2649 amplius
2990 2577 3137 2634 illud
3164 2580 3432 2637 convenit
3458 2598 3593 2639 cum

1943 2664 2208 2736 exemplo
2237 2665 2478 2721 Caesaris
2510 2671 2563 2722 et
2597 2671 2950 2738 potestatum
2984 2669 3094 2724 sub
3125 2668 3223 2724 illo
3246 2670 3591 2742 positarum,

1940 2753 2079 2810 deos
2135 2754 2325 2809 dicere
2385 2756 2917 2826 administratores,
2976 2759 3454 2831 quandoquidem
3513 2762 3586 2817 iis

1940 2859 2174 2898 omnem
2208 2860 2405 2899 curam
2439 2845 2824 2915 impenditiis,
2859 2846 3014 2902 sicut
3034 2847 3160 2918 jam
3194 2848 3333 2915 dixi,
3364 2848 3423 2904 in
3465 2866 3591 2906 om-

1942 2932 2122 2988 nibus
2150 2933 2314 2988 vobis
2347 2934 2605 2989 foventes
2638 2933 3119 3009 simulacra.lpsa
3149 2938 3305 2994 enim
3338 2954 3473 2994 cum
3504 2939 3594 2995 ni-

1941 3020 2024 3076 hil
2052 3020 2301 3093 possint,
2335 3022 2479 3077 nihil
2541 3022 2783 3079 faciunt.
2841 3024 3114 3097 Alioquin
3173 3026 3347 3084 dicite
3403 3028 3594 3101 nobis,

1942 3110 2222 3183 quidnam
2244 3111 2676 3181 administrent,
2701 3113 2839 3185 quid
2861 3113 3197 3184 hujusmodi
3214 3121 3408 3187 agant,
3427 3117 3597 3189 quale

1940 3204 2125 3272 agunt
2146 3200 2408 3256 locorum
2441 3202 2705 3273 praefecti
2724 3202 2752 3256 ?
2781 3203 2927 3270 Quid
2950 3220 3083 3259 vero
3115 3204 3231 3259 tale
3256 3211 3592 3276 operentur,

166 3296 262 3345 τοῦ
321 3295 459 3346 Θεοῦ
521 3290 740 3364 ἀστέρες
774 3308 789 3358 ;
840 3288 885 3343 εἷ
948 3290 1023 3360 μή
1058 3290 1210 3346 228
1238 3310 1289 3343 τι
1351 3287 1623 3365 φαίνουσιν
1656 3332 1668 3356 ,
1702 3287 1775 3349 ὡς
1801 3287 1829 3341 ὁ

1949 3288 2114 3360 quale
2148 3290 2244 3344 Dei
2276 3292 2479 3345 astra?
2507 3294 2595 3344 An
2629 3289 2827 3346 lucent
2857 3291 3010 3347 sicut
3026 3291 3135 3363 sol,
3166 3293 3383 3363 quibus
3412 3294 3593 3350 lucer-

170 3378 355 3451 ἣλιος,
409 3379 491 3440 οἷς
540 3376 779 3453 λύχνους
834 3378 989 3449 ὑμεῖς
1039 3379 1231 3432 ἅπτετε
1262 3396 1276 3446 ;
1309 3378 1401 3445 Μὴ
1454 3380 1519 3448 ³⁸,
1555 3376 1735 3450 ὥσπερ
1764 3376 1833 3431 τὰ

170 3470 303 3547 νέςαη
342 3468 531 3529 ὑετοὺς
562 3467 731 3545 φέρει,
764 3466 852 3521 καὶ
884 3466 1034 3521 αὑτοὶ
1068 3466 1243 3544 φέρειν
1274 3461 1521 3542 ὄμϐρους
1567 3462 1831 3535 δύνανται,

172 3560 223 3613 οἱ
258 3556 405 3631 μηδὲ
438 3556 664 3617 ἑαυτοὺς
716 3561 880 3610 κινεῖν
931 3553 1240 3627 δυνάμενοι,
1298 3554 1384 3608 ἐὰν
1439 3556 1514 3627 μὴ
1557 3555 1831 3629 ἄνθρωποι

174 3642 603 3713 ἐπιΛάϐωνται;
646 3646 715 3701 Ἢ
767 3644 1008 3719 καρποὺς
1065 3644 1396 3718 παρέχονται
1452 3642 1580 3704 τοὺς
1639 3642 1835 3704 αὐτοὺς

176 3741 240 3809 τῇ
418 3742 539 3796 τοῖς
586 3734 772 3795 πόνοις
824 3734 997 3807 ὑμῶν,
1048 3734 1133 3794 οἷς
1182 3733 1366 3795 θυσίας
1417 3735 1459 3769 ³⁷
1501 3737 1832 3808 χορηγεῖτε;

179 3823 334 3880 οὐδὲν
365 3822 644 3879 δύνανται.

242 3932 414 3985 XXV.
477 3929 543 3983 Ei
599 3926 658 3983 δὲ
710 3927 800 3982 καὶ
846 3931 1021 3981 ποιεῖν
1068 3946 1121 3981 τι
1172 3923 1445 3997 ἐδύναντο,
1498 3924 1602 3981 οὐκ
1646 3926 1703 3981 ἂν
1736 3925 1836 3980 αὐ-

172 4020 297 4081 τοῦς
349 4020 534 4093 ὀρθῶς
582 4017 737 4079 θεοὺς
789 4015 1033 4091 ἐλέγετε,
1088 4016 1252 4071 ὁπότε
1302 4014 1425 4071 οὐδὲ
1471 4016 1540 4070 τὰ
1588 4020 1836 4091 στοιχεῖα

176 4109 468 4181 ὀνομάζειν
519 4104 688 4176 ἔξεστι
719 4104 895 4174 θεοὺς,
930 4102 999 4158 δί’
1046 4106 1119 4158 ὧν
1170 4104 1237 4159 τὰ
1284 4104 1457 4179 ἀγαθά
1495 4110 1833 4180 χορηγεῖται.

172 4197 351 4253 Ἀλλὰ
399 4198 493 4251 νὸν
550 4195 715 4268 μύνον
765 4194 991 4265 τάξαντα
1036 4194 1190 4267 αὐτὰ,
1240 4195 1375 4269 πρὸς
1422 4196 1521 4263 τήν
1565 4196 1832 4269 ἡμετέραν

172 4294 377 4361 χρῆσιν
414 4284 655 4341 ἐκτελεῖν
704 4285 772 4339 τά
817 4283 1009 4352 πάντα,
1058 4288 1146 4337 καί
1192 4282 1514 4338 κελεύσαντα
1564 4282 1836 4358 ἀνθρώπῳ

174 4378 495 4452 ὑπηρετεῖν,
533 4374 693 4446 μόνον
744 4374 890 4447 ὀρθῷ
938 4372 1093 4447 λόγῳ
1132 4373 1259 4429 Θεὸν
1298 4373 1661 4446 ὀνομάζομεν,
1695 4371 1767 4428 οὗ
1793 4375 1838 4410 es

172 4473 268 4535 τῆς
299 4464 615 4540 εύεργεσίας
647 4465 805 4536 ὑμεῖς
859 4465 933 4534 μή
986 4462 1361 4534 αἰσθανόμενοι
1408 4463 1475 4517 τὰ
1508 4463 1634 4536 ὑμῖν
1666 4460 1837 4517 δοῦλα

174 4554 595 4627 ἀπονεμηθέντα
644 4558 891 4627 στοιχεῖα
930 4552 1050 4615 καθ’
1096 4552 1269 4606 αὑτῶν
1321 4549 1596 4620 δεσπόζειν
1635 4553 1833 4625 ἀνηγο-

176 4645 417 4718 ρεύσατε.
483 4642 583 4695 Καὶ
640 4641 692 4695 τί
748 4641 871 4716 περὶ
921 4639 1209 4716 στοιχείων
1259 4638 1340 4695 δεῖ
1386 4640 1605 4716 λέγειν;
1647 4641 1835 4696 Ὁπότε

171 4734 259 4785 καὶ
294 4734 488 4805 ἀψυχα
532 4729 825 4804 ἀγάλματα
864 4728 1229 4799 πεποιηκότες
1276 4728 1337 4783 οὑ
1393 4729 1556 4801 μόνον
1596 4750 1832 4805 προσκυ-

174 4827 332 4893 νεῖτε,
370 4819 503 4875 ἀλλ’
532 4820 606 4880 ὡς
637 4817 828 4874 δοῦλοι
857 4820 991 4873 κατά
1037 4820 1210 4872 πάντα
1243 4817 1424 4880 αὐτοῖς
1473 4819 1835 4893 ὑποτετάχθαι

176 4909 410 4983 ἀξιοῦτε.
444 4907 545 4963 Διᾶ
593 4911 777 4977 τοῦτο,
812 4904 877 4961 δι’
928 4908 999 4961 ὧν
1053 4909 1496 4984 παρεφρονησατε
1534 4910 1603 4973 ³9,
1641 4905 1837 4979 δαίμο-

177 5021 256 5053 σιν
292 4996 616 5073 ὑποχείριοι
646 4992 926 5071 γεγόνατε.
960 4995 1113 5065 Πλὴν
1168 4993 1257 5050 διὰ
1304 5002 1403 5065 τῆς
1456 4996 1531 5058 εἰς
1560 4996 1719 5051 αὑτὸν
1746 4997 1837 5051 τὸν

176 5090 302 5144 Θεὸν
361 5087 714 5163 ἐπιγνώσεως
774 5086 834 5140 ἐκ
903 5089 1010 5141 τῶν
1076 5083 1260 5141 καλῶν
1320 5084 1560 5161 πράξεων
1621 5083 1843 5141 δύνασθε

1942 3395 2049 3433 nas
2080 3378 2439 3433 accenditis?
2463 3378 2789 3435 Possuntne
2820 3383 2883 3435 ut
2912 3381 3098 3436 nubes
3120 3381 3367 3438 imbrem
3397 3384 3592 3439 ferunt

1942 3467 2024 3522 ita
2053 3471 2109 3523 et
2139 3467 2251 3539 ipsi
2284 3466 2541 3539 pluviam
2574 3468 2731 3536 dare,
2782 3469 2883 3539 qui
2943 3486 3015 3525 ne
3045 3469 3203 3542 ipsos
3234 3472 3469 3541 quidem
3527 3490 3589 3530 se

1946 3573 2173 3612 movere
2203 3555 2414 3626 valent,
2467 3556 2579 3611 nisi
2615 3558 2687 3611 ab
2718 3557 3060 3614 hominibus
3106 3559 3589 3631 prehenduntur?

1945 3648 2097 3700 Num
2128 3650 2294 3700 terrae
2328 3661 2429 3716 pro
2461 3644 2762 3701 laboribus
2782 3647 2991 3702 vertris
3012 3665 3110 3703 eos
3136 3648 3297 3720 ipsos
3327 3650 3585 3721 praebent

1946 3734 2197 3799 fructus,
2238 3733 2455 3804 quibus
2486 3734 2536 3789 ei
2592 3736 2881 3791 sacrificia
2936 3736 3264 3794 exhibetis?
3293 3738 3386 3794 Sic
3444 3738 3591 3794 nihil

1946 3827 2215 3895 possunt.

2018 3930 2187 3985 XXV.
2220 3931 2328 3986 Sed
2359 3931 2469 3987 etsi
2499 3930 2759 3989 valerent
2788 3932 3009 4006 aliquid
3042 3935 3247 4006 facere,
3292 3951 3409 3990 non
3439 3939 3593 3993 recte

1945 4034 2046 4075 eos
2083 4020 2352 4075 diceretis
2407 4022 2570 4088 deos,
2631 4022 2905 4092 quoniam
2964 4040 3068 4080 nec
3124 4023 3260 4079 licet
3306 4024 3594 4081 elementa

1944 4109 2082 4165 deos
2114 4108 2423 4181 appellare,
2459 4126 2563 4182 per
2602 4127 2729 4182 qua:
2779 4113 3230 4184 suppeditantur
3258 4113 3429 4170 bona.
3480 4115 3589 4171 Sed

1944 4215 2079 4255 eum
2112 4198 2304 4254 solum
2340 4203 2496 4255 recta
2556 4200 2778 4256 ratione
2821 4201 3005 4257 Deum
3062 4202 3458 4272 nominamus,
3492 4204 3594 4277 qui

1945 4305 2100 4344 unus
2117 4288 2404 4344 elementa
2446 4290 2759 4358 ordinavit,
2783 4295 2846 4344 ut
2870 4292 2940 4345 ad
2964 4294 3231 4347 nostrum
3254 4308 3429 4348 usum
3450 4310 3593 4350 cun-

1944 4381 2037 4433 cta
2068 4378 2434 4448 perﬁcerent,
2466 4378 2684 4451 quique
2714 4379 2986 4452 praecepit
3015 4380 3298 4436 inservire
3350 4382 3591 4438 homini.

1942 4466 2122 4536 Cujus
2152 4482 2253 4520 vos
2298 4466 2642 4521 beneﬁcium
2685 4484 2800 4523 non
2859 4470 3201 4537 sentientes,
3258 4487 3382 4541 quaa
3429 4470 3594 4526 vobis

1946 4571 2111 4610 serva
2140 4554 2359 4610 tributa
2390 4561 2527 4611 sunt
2572 4556 2879 4626 elementa,
2931 4559 3199 4615 dominos
3228 4565 3452 4618 vestros
3506 4575 3595 4614 re-

1946 4643 2283 4698 nuntiastis.
2308 4643 2378 4698 Et
2408 4644 2550 4715 quid
2588 4646 2658 4700 de
2688 4644 2994 4701 elementis
3026 4646 3236 4719 loquor
3256 4646 3444 4704 ?Cum
3476 4648 3598 4703 ina-

1946 4731 2106 4786 nima
2137 4749 2369 4804 quoque
2422 4733 2610 4803 signa,
2652 4751 2778 4806 quae
2838 4736 3197 4802 fabricastis,
3247 4753 3362 4792 non
3422 4736 3594 4792 modo

1946 4822 2222 4889 adoretis,
2251 4822 2351 4877 sed
2386 4826 2442 4877 et
2463 4822 2622 4879 velut
2644 4825 2791 4879 servi
2825 4824 3063 4880 omnino
3095 4824 3211 4880 illis
3242 4826 3451 4897 subjici
3494 4842 3594 4881 cu-

1947 4909 2142 4983 piatis.
2180 4910 2311 4966 Ideo
2334 4928 2435 4983 per
2455 4912 2812 4967 dementiam
2835 4917 3087 4968 vestram
3118 4914 3334 4970 redacti
3364 4914 3504 4970 estis
3533 4914 3593 4969 in

1949 4999 2283 5055 daemonum
2314 5004 2687 5073 potestatem.
2721 5001 2934 5058 Verum
2968 5019 3069 5075 per
3098 5002 3454 5075 agnitionem
3497 5002 3592 5057 Dei

1952 5092 2009 5143 et
2030 5087 2184 5143 bona
2213 5105 2390 5161 opera
2418 5090 2666 5161 potestis
2698 5091 2908 5146 iterum
2940 5090 3064 5147 heri
3094 5091 3266 5163 efﬁci,
3297 5095 3356 5149 et
3384 5093 3601 5149 daemo-

1524 5266 1764 5323 VARIE
1804 5266 2222 5326 LECTIONES.

243 5411 289 5484 ξι
322 5411 412 5466 Ita
440 5412 502 5464 C.
536 5408 597 5484 ip
612 5403 1142 5484 ΔΙῐλιὶιδεε,ςττεολέμων¹
1165 5406 1223 5462 in
1254 5411 1438 5475 textu,
1464 5408 1613 5484 _ut0_.
1646 5408 1692 5484 δη
1724 5405 1920 5484 αὐτούς
1949 5410 2006 5465 S.
2042 5410 2132 5478 0.,
2166 5407 2389 5472 ἑαυτούς
2421 5412 2478 5467 C.
2503 5411 2560 5484 _33
2593 5406 2843 5484 δύναμιν,
2953 5411 3231 5484 mendose
3260 5413 3308 5448 3‘
3360 5408 3500 5484 μηδέ
3530 5414 3595 5471 C.

176 5483 217 5518 ³⁸
249 5481 407 5553 ὑμῶν
438 5484 500 5536 C.
532 5481 579 5515 ³⁸
611 5480 686 5535 Le
736 5475 816 5547 .νῆ
848 5480 905 5534 S.
939 5480 981 5515 ⁸⁷
1012 5475 1342 5554 παρέχονται
1378 5497 1391 5546 ;
1423 5478 1515 5533 τὸν
1544 5478 1700 5533 αὑτὸν
1734 5479 1944 5552 πρόπον
1995 5487 2095 5549 τῆς
2120 5475 2249 5555 ⁷γῆς
2275 5487 2390 5543 τοῖς
2443 5480 2631 5541 πόνοις
2682 5475 2838 5553 ὑμεῖς
2887 5481 3069 5541 θυσίας
3114 5475 3443 5554 οοῐῇθοὶίθὶ
3469 5502 3596 5541 ver-

178 5555 342 5605 sione
374 5553 667 5605 expressit
812 5548 1163 5605 παρέγονται.
1198 5550 1254 5603 ’ὀν
1282 5549 1483 5605 τρόπον
1519 5552 1552 5605 ἠ
1584 5558 1651 5605 γῆ
1688 5569 1701 5605 :
1732 5556 1848 5605 τοῖς
1880 5550 2087 5605 πόνοις.
2120 5574 2171 5605 κ.
2204 5575 2255 5605 τ.
2291 5551 2345 5605 λ.
2384 5558 2443 5605 Ι).
2477 5553 2827 5605 παοέγονται-
2862 5554 2942 5605 οἷς
2976 5552 3159 5605 αὐτοῖς
3188 5561 3287 5605 τί(
3336 5562 3437 5605 γῆς
3467 5555 3595 5605 τοὺς

178 5555 342 5610 sione
374 5553 667 5625 expressit

812 5548 1254 5624 παρέχονται,”ὀν
1282 5549 1483 5644 rpite:
1519 5552 1553 5619 ἡ
1584 5558 1651 5625 γῆ
1688 5569 1701 5617 ;
1732 5548 2087 5644 τοῖς“Ζτόνοις,
2120 5548 2171 5608 κζ
2204 5548 2255 5644 τέ
2291 5551 2345 5609 λ.
2477 5548 2828 5644 ¹ι’ξαρέχονίτοιι,
2862 5552 3159 5644 οἴςιαὺτοῖξ
3188 5548 3287 5623 ἐἰς
3336 5562 3437 5631 γῆς
3467 5555 3595 5619 τοὺς

862 5623 1291 5644 ---μ--.μΑΛΞΛΠ
1433 5643 1436 5644 ,
1520 5625 1624 5644 _JJ
1681 5640 1700 5644 Α
1760 5628 1800 5644 I‘
1942 5641 1949 5644 .
1997 5624 2009 5639 ‘
2114 5628 2139 5639 η
2546 5630 2559 5644 ς
2784 5629 2819 5644 I"
2872 5626 2925 5644 ιη’
3284 5628 3320 5644 ι’
3439 5630 3448 5640 ⁸

182 5627 288 5705 (νεὶ
318 5620 574 5699 πόρόυς),
609 5644 661 5677 κ.
687 5642 738 5677 τ.
773 5620 827 5676 λ.
857 5620 1229 5705 proposuerit
1258 5620 1392 5705 8.33
1422 5620 1649 5705 oﬁ'add.
1676 5640 1738 5705 ε..
1758 5628 1823 5679 Ο.
1856 5624 1901 5660 ³9
1933 5620 2021 5677 διὰ
2048 5620 2208 5705 τοῦτο
2240 5624 2457 5679 ἑαυτοὺς
2492 5620 2562 5678 διί
2588 5620 2659 5705 ibi}
2689 5620 2839 5705 1t.-C'.
2872 5626 2935 5705 Si.
2962 5624 3181 5705 ἑαυτούς
3214 5620 3451 5705 retineri
3501 5646 3597 5685 ve-

186 5690 272 5764 lis,
304 5690 625 5774 leg'endum
659 5690 1047 5774 esse‘videt'ur
1077 5699 1309 5774 auctore
1341 5695 1404 5774 ει
1435 5711 1448 5753 :
1487 5694 1836 5770 ὑποχειρίους
1871 5698 2222 5767 πεποιήκατε,
2258 5703 2321 5753 ut
2352 5700 2718 5754 accusativus
2750 5694 2969 5759 ἑαυτούς
3004 5698 3234 5770 habeat,
3268 5702 3422 5757 unde
3451 5718 3593 5774 pen-

186 5770 338 5843 deat,
362 5764 466 5827 iut
495 5768 679 5825 etiam
710 5766 828 5820 καθ’
857 5764 1075 5828 ἑαυτούς
1104 5767 1535 5840 corrigendum.
