4114 6338
3870 60 3879 75 ἢ
3978 62 4055 85 μὴν
4070 66 4077 77 ο

557 466 676 527 275
1375 468 1441 528 S.
1487 466 1929 528 CLEMENTIS
1975 467 1998 525 Ι
2044 465 2233 527 ROM.
2279 466 2513 527 PONT.
2560 470 2822 531 OPERA
2866 473 3134 535 DUBlA.
3847 480 3969 540 276

560 599 737 656 nibus
758 599 913 655 velut
938 598 1120 656 servis
1158 599 1462 671 imperare,
1489 615 1554 655 ac
1584 600 1737 655 sicut
1766 598 1870 654 ﬁlii
1903 599 1999 653 Dei
2060 615 2196 654 con-

2324 592 2567 652 δεσπόται
2620 603 2862 675 γενέσθαι
2912 601 3099 677 πάλιν,
3156 604 3245 660 καὶ
3302 602 3551 679 δαίμοσιν
3614 606 3689 669 ὡς
3737 605 3967 672 δούλοις

562 688 727 745 stitui
758 688 955 744 aeterni
987 688 1149 761 regni
1180 688 1461 744 haeredes.

2324 684 2571 758 ἱπιτάξαι,
2605 691 2693 744 καὶ
2725 692 2798 753 ὡς
2831 692 2939 748 υἱοί
2970 698 3103 749 Θεοῦ
3148 694 3369 749 αίωνίου
3424 695 3700 771 βασιλείας
3748 696 3969 774 κληρο-

2309 775 2469 849 νόμοι
2502 787 2850 850 καταστῆναι.

631 867 819 924 XXVI.
853 868 955 922 His
986 866 1177 933 dictis,
1210 867 1393 938 jussit
1448 866 1835 922 daamoniacos
1867 870 1925 922 et
1982 866 2202 921 morbis

561 963 871 1028 occupatos
903 957 973 1012 ad
1006 974 1067 1012 se
1098 956 1327 1022 adduci,
1362 956 1576 1027 quibus
1606 954 1817 1012 oblatis
1841 972 2051 1011 manus
2082 941 2202 1011 im-

562 1063 785 1119 ponens
814 1063 881 1101 ac
912 1051 1179 1118 precatus
1210 1045 1527 1100 incolumes
1556 1062 1654 1099 eos
1698 1044 1940 1112 dimisit,
2000 1044 2204 1099 admo-

562 1152 707 1191 nens
736 1134 868 1191 illos
898 1133 1302 1206 reliquamque
1332 1134 1586 1200 turbam,
1620 1136 1683 1187 ut
1729 1132 1837 1188 hoc
1865 1132 1925 1187 in
1956 1132 2080 1187 loco
2114 1149 2205 1187 as-

561 1225 717 1281 sidui
746 1228 962 1295 essent,
987 1240 1090 1295 per
1110 1223 1233 1278 dies
1266 1222 1482 1295 quibus
1507 1222 1850 1277 immoratus
1871 1221 2206 1277 dissereret.

561 1314 873 1384 Postquam
909 1328 1043 1383 ergo
1073 1311 1173 1368 alli
1204 1312 1559 1379 abscessere,
1591 1311 1797 1366 Petrus
1818 1310 1914 1365 ubi
1948 1310 2007 1365 in
2038 1310 2208 1381 aquis

561 1420 688 1475 quae
720 1402 799 1458 ibi
831 1402 1092 1458 ﬂuebant
1119 1418 1330 1473 corpus
1361 1400 1653 1465 diluisset,
1689 1417 1803 1455 una
1831 1416 1965 1454 cum
2006 1399 2206 1454 volen-

559 1493 719 1548 tibus
741 1491 906 1547 bumi
936 1491 1117 1545 sterni
1141 1490 1324 1561 jussit
1351 1490 1464 1545 sub
1495 1490 1771 1544 arborum
1798 1489 1981 1544 densa
2005 1488 2208 1543 fronde

560 1584 796 1652 propter
824 1579 1113 1646 umbram,
1137 1583 1195 1633 et
1225 1593 1705 1650 unumquemque
1735 1576 1936 1632 ordine
1956 1576 2089 1632 fecit
2120 1593 2205 1632 re-

558 1669 860 1724 cumbere:
897 1672 1071 1739 atque
1104 1667 1186 1722 ita
1215 1668 1411 1722 cibum
1439 1666 1827 1738 sumpsimus.
1878 1669 2022 1720 Cum
2069 1682 2205 1737 ergo

549 1758 723 1829 juxta
772 1757 1141 1811 llebraorum
1190 1756 1421 1811 solitam
1476 1754 1652 1811 ﬁdem
1702 1755 2114 1810 benedixisset
2154 1759 2210 1809 et

560 1845 777 1918 gratias
807 1845 1023 1917 egisset
1053 1845 1168 1900 Deo
1200 1861 1303 1916 pro
1354 1849 1592 1916 sumpta
1643 1843 2019 1913 recreatione,
2069 1844 2209 1915 quia

2384 870 2571 923 XXVI.
2630 873 2805 924 Ταῦτα
2859 870 3023 925 εἰπὼν
3086 871 3331 928 ἐκέλευσε
3399 872 3529 937 τοὺς
3589 872 3967 949 δαιμονῶντας

2311 952 2401 1007 καὶ
2458 955 2635 1018 νόσοις
2704 957 3239 1033 ἐγκατειλημμένους
3299 964 3449 1020 229
3510 962 3657 1035 αὑτῷ
3726 964 3969 1044 προσφέ-

2316 1055 2519 1118 ρεσθαι,
2576 1050 2983 1123 προσενεχθεῖσι
3058 1046 3115 1103 δὲ
3189 1051 3285 1112 τὰς
3361 1056 3551 1127 ’χεῖρας
3611 1052 3814 1117 ἐπιθεὶς
3874 1056 3973 1109 καὶ

2314 1133 2744 1208 προσευξάμενος
2796 1136 3056 1193 ἀπέλυσεν
3116 1137 3311 1201 αὐτοὺς
3388 1140 3728 1214 ὑγιαίνοντας
3760 1188 3777 1214 ,
3839 1143 3976 1197 ὑπο-

2318 1224 2641 1294 μιμνήσκων
2675 1224 2869 1288 αὐτοὺς
2917 1226 3006 1281 καὶ
3045 1226 3173 1289 τοὺς
3223 1226 3449 1291 λοιποὺς
3500 1225 3712 1305 ὄχλους
3746 1232 3976 1287 ἐνταῦθα

2314 1309 2682 1386 παρεδρεύειν,
2715 1313 2853 1369 ὅσων
2890 1314 2947 1369 ἃν
2982 1318 3202 1393 ἡμερῶν
3237 1314 3521 1391 ἐπιδημῶν
3555 1317 3873 1396 διαλέγηται
3899 1325 3971 1378 ⁸ο.

2314 1404 2428 1454 Τῶν
2462 1399 2551 1455 οὖν
2603 1401 2790 1458 ἄλλων
2840 1403 3307 1482 ἀναχωρησάντων
3336 1408 3363 1461 ὁ
3396 1409 3602 1484 Πέτρος
3650 1407 3701 1464 ἐν
3741 1411 3820 1483 τῷ
3851 1410 3969 1466 ἐκεῖ

2318 1486 2624 1565 ὑδροχοείῳ
2681 1494 2723 1529 ⁸³
2773 1490 3110 1567 λουσάμενος
3161 1496 3253 1549 σὺν
3300 1502 3419 1559 τοῖς
3466 1496 3745 1571 θελήσασι,
3788 1501 3976 1575 χαμαὶ

2316 1581 2621 1651 στρωθῆναι
2678 1578 2936 1645 κελεύσας
3000 1582 3101 1638 ὑπό
3155 1605 3277 1639 τινα
3331 1588 3507 1654 πυκὴν
3566 1591 3675 1642 τῶν
3732 1585 3972 1665 δένδρων

2314 1666 2492 1741 κόμην
2527 1667 2615 1723 διὰ
2644 1671 2741 1739 τήν
2792 1672 2962 1742 σκιὰν,
3002 1673 3119 1727 κατ’
3168 1672 3313 1744 ἀξίαν
3362 1670 3585 1730 ἕκαστον
3631 1676 3976 1748 κατακλιθῆ-

2315 1778 2397 1812 ναι
2430 1757 2703 1827 ἐποίησενο
2737 1761 2825 1814 καὶ
2876 1760 3050 1825 οὕτως
3096 1770 3304 1841 τροφῆς
3353 1761 3745 1839 μετελάϐομεν.
3792 1766 3974 1823 Εὐλο-

2316 1850 2488 1922 γήσας
2551 1846 2641 1902 οὖν
2689 1850 2777 1904 καὶ
2829 1849 3294 1927 ἐπευχαριστήσας
3348 1851 3428 1926 τῷ
3477 1858 3592 1927 Θεῷ
3641 1854 3728 1909 ἐπὶ
3769 1861 3851 1928 τῷ
3881 1856 3971 1912 εύ-

564 1933 815 1989 multum
847 1933 1040 1988 adhuc
1066 1932 1178 1988 diei
1210 1938 1534 2004 supererat,
1568 1933 1891 2004 percontari
1942 1933 2012 1987 de
2071 1933 2205 2005 qui-

2324 1944 2613 2014 φρανθῆναι
2671 1939 2806 1994 κατά
2853 1941 2953 2009 τὴν
3009 1936 3273 2017 Ἐϐραίων
3322 1944 3528 2014 συνήθη
3579 1944 3757 2000 πίστιν
3791 1948 3859 2015 ⁸³,
3891 1943 3971 2001 ἔτι

563 2023 676 2079 bus
733 2021 1010 2078 vellemus
1059 2022 1342 2094 permisit.
1404 2026 1470 2075 Et
1510 2037 1642 2076 vero
1674 2027 1961 2089 nostrum,
1995 2022 2093 2094 qui
2125 2021 2205 2077 vi-

563 2111 713 2186 ginti
742 2128 997 2182 eramus,
1038 2110 1353 2183 unicuique
1382 2110 1665 2183 specatim
1696 2110 2076 2183 interroganti
2110 2111 2207 2166 de-

559 2200 645 2256 dit
665 2200 1036 2257 solutionem.
1058 2199 1311 2272 Vespere
1333 2202 1525 2254 autem
1542 2200 1667 2269 jam
1699 2200 1868 2267 facto,
1902 2200 1961 2254 in
1991 2199 2206 2254 latissi-

558 2306 718 2346 mam
748 2288 986 2361 bospitii
1017 2290 1196 2345 eadem
1222 2288 1472 2361 ingressi
1502 2304 1637 2343 cum
1670 2288 1799 2361 ipso
1839 2288 1957 2344 illic
2002 2305 2208 2345 omnes

558 2377 965 2435 dormivimus.

1152 2572 1459 2629 HOMILIA
1511 2573 1606 2629 XI.

633 2664 675 2719 Ῑ.
709 2664 904 2733 Itaque
935 2665 1141 2733 quarto
1172 2665 1323 2734 apud
1352 2662 1633 2734 Tripolim
1658 2663 1752 2719 die
1810 2663 2011 2719 Petrus
2069 2681 2203 2719 sur-

558 2769 703 2827 gens
732 2768 958 2823 nosque
990 2751 1289 2807 inveniens
1319 2751 1648 2823 vigilantes,
1695 2751 1793 2807 ubi
1865 2751 2202 2820 salutasset,

562 2841 705 2898 abiit
733 2841 804 2895 ad
829 2857 989 2911 aqua;
1022 2840 1257 2895 ﬂuentis
1288 2839 1501 2908 locum,
1538 2845 1601 2895 ut
1628 2839 1785 2896 lotus
1807 2844 2015 2896 oraret.
2049 2842 2206 2897 Idem

562 2946 671 2986 nos
692 2946 919 3001 quoque
949 2933 1371 2999 consequenter
1401 2928 1665 2984 fecimus.
1700 2929 1835 2984 Post
1864 2945 2207 2986 communes

561 3035 696 3075 vero
727 3034 948 3090 preces,
979 3034 1113 3072 cum
1145 3017 1526 3089 sedissemus,
1586 3018 1656 3073 de
1704 3018 1970 3073 castitate
2017 3020 2207 3074 disse-

564 3108 701 3165 ruit.
736 3110 801 3161 Et
830 3111 1139 3178 postquam
1163 3106 1287 3161 dies
1319 3106 1525 3177 illuxit,
1556 3106 2054 3179 plebiingressum
2078 3124 2207 3180 per-

564 3196 846 3262 misit.At,
874 3194 1251 3252 multitudine
1284 3196 1552 3267 ingressa
1577 3200 1753 3269 atque
1790 3212 1894 3268 pro
1923 3213 2084 3252 more
2112 3214 2205 3253 sa-

562 3284 768 3352 lutata,
801 3284 973 3357 coepit
1003 3284 1191 3340 dicere
1218 3300 1232 3340 :

636 3464 706 3521 Ιῐ.
740 3463 1226 3536 Quandoquidem
1258 3462 1445 3519 multa
1491 3463 1801 3519 adversum
1830 3480 1932 3520 vos
1981 3481 2015 3519 a
2044 3464 2207 3520 vobis

564 3553 822 3625 profecta
850 3552 1076 3608 incuria
1105 3570 1271 3609 mens
1292 3552 1578 3625 plurimas
1600 3557 1656 3608 et
1682 3553 1882 3608 noxias
1930 3555 2210 3625 supersti-

561 3641 789 3697 tionum
836 3641 1139 3714 opiniones
1193 3640 1562 3714 germinavit,
1594 3645 1650 3696 et
1705 3642 1839 3696 facti
1871 3643 2012 3698 estis
2051 3641 2209 3697 velut

563 3735 719 3786 terra
749 3730 974 3786 defectu
1007 3730 1271 3802 agricolae
1304 3730 1639 3795 silvescens,
1674 3730 1858 3785 multo
1887 3732 1960 3785 ad
1992 3748 2206 3804 purga-

564 3820 783 3875 tionem
816 3819 1089 3887 indigetis
1117 3826 1396 3891 tempore,
1420 3824 1481 3874 ut
1501 3819 1782 3874 traditum
1808 3819 1971 3875 vobis
1993 3836 2211 3876 sermo-

565 3925 698 3964 nem
732 3925 931 3963 verum
960 3913 1245 3980 tanquam
1282 3907 1618 3980 praeclaram
1673 3914 1993 3963 sementem
2045 3926 2210 3965 mens

565 3996 892 4068 suscipiens
923 3994 1114 4068 pravis
1136 3996 1630 4052 sollicitudinibus
1662 4012 1777 4051 non
1811 3996 2074 4067 suﬂ'ocet,
2106 4014 2212 4053 nec

565 4085 637 4141 ad
686 4084 990 4141 salutifera
1049 4102 1225 4157 opera
1277 4085 1483 4140 reddat
1539 4085 1990 4141 infructuosum.
2026 4089 2212 4153 Quare

564 4177 812 4245 oportet,
847 4178 911 4228 ut
941 4174 1040 4246 qui
1072 4174 1279 4229 salutis
1312 4191 1429 4229 sua:
1462 4190 1661 4229 curam
1693 4174 2043 4246 suscipiunt,
2095 4176 2211 4231 fre-

565 4264 950 4337 quentissime
980 4263 1222 4319 audiant
1255 4280 1367 4335 quo
1389 4266 1629 4336 peccata
1647 4280 1716 4319 ex
1746 4263 1930 4320 multo
1952 4270 2212 4337 tempore

566 4356 738 4409 aucta
767 4351 926 4406 brevi
957 4352 1111 4424 quod
1146 4356 1324 4407 restat
1345 4357 1605 4424 tempore
1632 4368 1735 4425 per
1754 4353 2092 4409 continuam
2124 4354 2211 4409 di-

564 4440 866 4513 ligentiam
890 4441 959 4496 ad
983 4441 1375 4512 expiationem
1403 4442 1631 4513 possint
1661 4442 1882 4499 referri.
1907 4443 2049 4499 Cum
2076 4460 2211 4515 ergo

568 4530 884 4602 unicuique
914 4530 1170 4585 incertus
1193 4530 1270 4585 sit
1298 4547 1417 4585 suae
1448 4530 1577 4585 vitae
1607 4530 1916 4599 terminus,
1943 4532 2213 4589 festinate

567 4619 786 4676 multas
816 4636 847 4675 e
891 4619 1166 4675 cordibus
1226 4619 1431 4675 vestris
1480 4619 1785 4675 extrahere
1827 4621 2047 4693 spinas,
2096 4639 2209 4677 non

2317 2024 2538 2096 πολλῆς
2596 2024 2760 2097 οὔσης
2819 2024 2965 2105 ὥρας
3013 2030 3363 2085 πυνθάνεσθαι
3418 2034 3566 2105 ἡμᾶς
3612 2033 3735 2110 περὶ
3782 2036 3857 2089 ὧν
3890 2035 3976 2089 θέ-

2318 2113 2485 2188 λομεν
2547 2116 2850 2192 ἐπέτρεψεν.
2904 2118 2999 2174 Καὶ
3059 2118 3212 2193 ὅμως
3270 2117 3469 2175 εἷ’κοσιν
3527 2125 3572 2157 ⁴³
3630 2120 3775 2177 οὖσιν
3828 2127 3969 2197 ἡμῖν

2316 2203 2369 2259 ἐν
2406 2204 2554 2281 μέρει
2582 2205 2789 2279 ἑκάστῳ
2821 2207 3111 2282 πυθομένῳ
3142 2208 3413 2269 ἐπέλυσεν.
3445 2208 3586 2282 Ἤδη
3635 2208 3693 2267 δὲ
3738 2212 3971 2287 ἑσπέρας

2318 2289 2825 2366 ἐπικαταλαϐούσης
2859 2296 2936 2359 εἷς
2982 2298 3073 2352 τὸν
3115 2296 3401 2374 εὐρύτατον
3447 2306 3548 2369 τῆς
3593 2299 3767 2370 ξενίας
3816 2301 3971 2358 οἶκον

2318 2381 2643 2446 εἱσελθόννες
2704 2385 2817 2459 ἅμα
2870 2385 3017 2459 αὐτῷ
3071 2385 3180 2441 ἐκεῖ
3236 2387 3289 2442 οἱ
3343 2386 3532 2451 πάντες
3592 2389 3917 2465 ὑπνώσαμεν
3956 2438 3970 2451 .

2931 2564 3199 2622 ὈΜΙΛΙΑ
3240 2566 3349 2622 IA'.

2389 2657 2429 2705 Ι.
2460 2655 2537 2725 Τῇ
2592 2652 2687 2725 μὶν
2734 2650 2824 2707 οὖν
2874 2654 3099 2730 τετάρτη
3152 2654 3203 2709 ἐν
3247 2653 3505 2732 Τριπόλει
3560 2655 3744 2730 ἡμέρᾳ
3789 2658 3819 2713 ὁ
3861 2660 3970 2714 Πέ-

2315 2759 2441 2816 τρος
2475 2739 2705 2817 ἐγερθεὶς
2753 2742 2843 2796 καὶ
2893 2741 3258 2819 ἐγρηγορότας
3300 2746 3448 2817 ἡμᾶς
3481 2747 3527 2781 ⁸⁸
3568 2744 3757 2820 εὑρὼν,
3788 2767 3973 2822 προσ-

2316 2828 2609 2905 ἀγορεύσας
2671 2829 2811 2905 ἐξῄει
2871 2831 2945 2895 είς
3001 2834 3063 2888 τὸ
3120 2830 3485 2911 ὑδροχοεῖον,
3544 2833 3694 2897 ὅπως
3764 2834 3972 2891 λουσᾶ-

2322 2938 2476 2991 μενος
2538 2915 2789 2989 εὔξηται.
2849 2920 3088 2993 Ὁμοίως
3141 2942 3201 2976 τε
3275 2921 3365 2976 καὶ
3425 2924 3589 2996 ἡμεῖς
3648 2923 3977 2989 ἀκολούθως

2319 3005 2650 3080 ἐποιήσαμεν
2689 3050 2702 3065 .
2760 3009 3183 3082 Συνευξαμένοις
3241 3009 3332 3065 οὖν
3404 3012 3493 3065 καὶ
3554 3020 3975 3087 προκαθεσθεῖσι

2316 3097 2407 3151 τὸν
2447 3096 2569 3173 περὶ
2600 3101 2696 3151 τοῦ
2728 3094 2836 3152 δεῖν
2888 3098 3125 3173 ἁγνεύειν
3172 3099 3408 3155 ἐποιεῖτο
3460 3103 3612 3159 230
3645 3100 3831 3179 λόγον.
3869 3104 3977 3159 Καὶ

2320 3182 2505 3255 ἐπειδὴ
2542 3185 2734 3241 λοιπὸν
2765 3188 2945 3261 ἡμέρα
2992 3186 3249 3264 ἐγεγόνει,
3297 3195 3415 3252 τοῖς
3465 3186 3663 3265 ὄχλοις
3707 3189 3973 3248 εἴσελθεῖν

2322 3273 2624 3350 ἐπέτρεψεν.
2662 3274 3011 3340 Εῗσελθόντος
3063 3275 3121 3331 δὲ
3161 3282 3259 3333 τοῦ
3288 3274 3466 3353 ὄχλου
3498 3277 3715 3335 πολλοῦ
3746 3283 3813 3354 ⁸⁸,
3845 3302 3978 3337 συν-

2322 3365 2471 3434 ήθως
2503 3364 2942 3442 προσαγορεύσας
2974 3364 3153 3441 λέγειν
3180 3364 3401 3441 ἤρξατο·

2388 3460 2454 3509 ΙΙ.
2487 3452 2706 3524 Ἐπειδή
2755 3454 2941 3528 πολλῇ
2990 3460 3058 3529 τῇ
3106 3457 3222 3510 καθ’
3267 3457 3419 3529 ὑμῶν
3467 3458 3553 3536 ὑφ’
3603 3458 3754 3532 ὑμῶν
3808 3480 3975 3535 γενο-

2322 3542 2452 3617 μένῃ
2476 3542 2703 3616 ἀμελείᾳ
2745 3545 2772 3598 ὁ
2830 3548 2953 3607 νοῦς
3000 3546 3095 3607 τὰς
3144 3544 3358 3608 πολλὰς
3407 3546 3496 3601 καὶ
3550 3541 3823 3623 βλαϐερὰς
3861 3554 3977 3605 τῶν

2317 3633 2614 3707 θρησκειῶν
2679 3632 2931 3695 ὑπονοίας
2984 3632 3265 3712 ἐξέφυσεν,
3324 3635 3413 3689 καὶ
3470 3635 3726 3711 γεγόνατε
3783 3636 3974 3715 ὥσπερ

2317 3728 2389 3796 γῆ
2422 3724 2465 3757 κ
2494 3721 2695 3797 ἀπορίᾳ
2722 3727 2969 3798 γεωργοῦ
3020 3723 3374 3799 χερσεύσασα,
3419 3724 3635 3781 πολλοῦ
3680 3726 3820 3801 πρὸς
3867 3731 3974 3783 κά·-

2320 3811 2503 3887 θαρσιν
2538 3808 2713 3865 δεῖσθε
2743 3806 2967 3886 χρόνου,
2995 3811 3087 3865 ’ίνα
3129 3812 3220 3867 τὸν
3277 3809 3699 3886 μεταδιδόμενον
3746 3817 3789 3851 ⁸⁷
3842 3816 3979 3889 ὑμῖν

2320 3898 2486 3976 λόγον
2514 3898 2693 3969 ἀληθῆ
2747 3896 2927 3977 ὥσπερ
2976 3898 3144 3956 καλὸν
3200 3900 3397 3975 σπόρον
3438 3901 3465 3957 ό
3516 3903 3641 3966 νοῦς
3676 3899 3861 3959 λαϐὼν
3894 3908 3977 3978 μὴ

2318 3994 2506 4051 κακαῖς
2561 3989 2804 4068 φροντίσι
2870 3990 3167 4062 συμπνίξας
3248 3992 3486 4064 ἄκαρπον
3562 3996 3873 4069 καταστήσῃ
3932 3998 3979 4033 ⁴⁸

2318 4080 2455 4155 πρὸς
2505 4079 2572 4133 τὰ
2621 4080 2809 4148 σώζειν
2858 4075 3127 4152 δυνάμενα
3175 4078 3308 4157 ἔργα
3341 4123 3354 4137 .
3405 4082 3497 4135 Διὸ
3540 4083 3653 4157 χρὴ
3702 4081 3831 4145 τοὺς
3873 4104 3978 4139 πε-

2321 4167 2672 4247 φροντικότας
2762 4174 2862 4237 τῆς
2937 4169 3139 4223 ἑαυτῶν
3229 4170 3500 4243 σωτηρίας
3585 4171 3977 4248 συνεχέστερον

2320 4257 2623 4331 ἐπακούειν,
2668 4256 2817 4320 ὅπως
2871 4257 2939 4312 τὰ
2988 4260 3032 4295 ‘9
3086 4258 3147 4313 ἐκ
3206 4264 3427 4335 μακρῶν
3483 4260 3699 4336 χρόνων
3759 4260 3981 4333 ἆτοπή-

2325 4369 2464 4421 ματα
2511 4345 2883 4419 πληθυνθέντα
2936 4347 3134 4423 βραχεῖ
3180 4353 3259 4419 τῷ
3302 4350 3742 4425 περιλειπομένῳ
3779 4350 3981 4426 χρόνῳ

2320 4443 2538 4514 συνεχεῖ
2584 4433 2794 4511 σπουδῇ
2845 4437 2983 4513 πρὸς
3040 4437 3294 4513 κάθαρσιν
3348 4436 3685 4513 ἀναλογῆσαι
3737 4436 3977 4515 δυνηθῇ,

2323 4526 2543 4596 Ἐπειδὴ
2575 4529 2619 4564 ⁵ο
2650 4524 2741 4582 οὗν
2787 4523 3012 4588 ἕκαστος
3062 4524 3267 4595 ἄδηλον
3315 4523 3429 4602 ἔχει
3459 4532 3557 4582 τοῦ
3591 4525 3731 4583 ἰδίου
3763 4528 3981 4604 χρόνου

2320 4618 2383 4671 τὸ
2410 4615 2592 4687 τέλος,
2645 4615 2903 4670 σπεύσατε
2955 4614 3051 4677 τὰς
3099 4613 3315 4678 πολλὰς
3370 4620 3479 4671 τῶν
3526 4614 3765 4693 καρδιῶν
3815 4617 3976 4690 ὑμῶν

566 4724 700 4764 vero
732 4707 1035 4781 paulatim,
1056 4724 1245 4782 neque
1264 4708 1420 4763 enim
1438 4708 1739 4782 repurgari
1761 4710 2044 4781 poteritis,
2069 4711 2207 4783 quia

2324 4704 2519 4780 ἐξελεῖν
2571 4704 2821 4769 ἀκάνθας·
2878 4706 2952 4777 μὴ
3002 4710 3117 4759 κατ’
3163 4702 3371 4780 ὀλίγον’
3424 4704 3486 4759 οὐ
3533 4708 3633 4781 γὰρ
3683 4703 3981 4777 δυνήσεσθε

569 4796 713 4854 estis
744 4813 879 4869 ager
908 4796 1094 4868 spinis
1121 4786 1384 4853 horrens.

640 4886 739 4942 III.
772 4886 896 4941 Non
935 4884 1103 4941 aliter
1131 4903 1261 4941 vero
1291 4885 1543 4941 multum
1593 4886 1856 4942 studium
1914 4887 2212 4960 suscipere

569 4976 641 5030 ad
674 4974 1079 5046 purgationem
1134 4980 1385 5030 vestram
1446 4975 1839 5046 sustinebitis,
1881 4976 1991 5032 nisi
2049 4978 2211 5034 vobis

567 5063 702 5120 irati
732 5064 1041 5136 increpetis
1071 5080 1170 5120 vos
1199 5064 1272 5119 ob
1294 5080 1362 5120 ea
1392 5064 1453 5120 in
1501 5065 1740 5136 quibus,
1767 5064 1925 5121 velut
1973 5065 2211 5124 inutiles

568 5153 742 5221 servi,
772 5152 1002 5208 insidiis
1034 5152 1196 5225 petiti
1229 5153 1370 5209 estis
1399 5159 1455 5209 et
1485 5153 1653 5210 malis
1682 5155 1891 5210 vestris
1922 5154 2208 5225 cupidita-

563 5241 722 5297 tibus
754 5241 1160 5309 consensistis,
1193 5242 1263 5296 ad
1291 5242 1533 5313 jusdam
1558 5242 1922 5298 iracundiam
1952 5244 2012 5298 in
2044 5260 2207 5300 men-

2321 4797 2668 4873 καθαρθῆναι,
2702 4793 2788 4850 ἐπὶ
2819 4792 2963 4849 πολὺ
2993 4794 3096 4870 γὰρ
3130 4791 3507 4869 ἐχερσεύσατε.

2392 4888 2491 4941 ΙΙΙ.
2525 4884 2635 4939 Ούκ
2666 4881 2851 4945 ἄλλως
2886 4880 2944 4937 δὲ
2988 4882 3052 4937 τὸ
3100 4880 3244 4937 πολὺ
3276 4888 3374 4951 τῆς
3424 4878 3667 4951 σπουδῆς
3696 4882 3832 4958 πρὸς
3867 4884 3980 4937 κά-

2320 4976 2503 5049 θαρσιν
2557 4973 2707 5044 ὑμῶν
2758 4969 3100 5042 ἀναδέξασθαι
3156 4972 3472 5044 ὑπομενεῖτε
3523 4973 3590 5039 “,
3643 4969 3731 5027 ἐὰν
3781 4974 3857 5045 μή
3912 4995 3979 5049 γε

2319 5064 2501 5124 αὑτοῖς
2553 5060 2883 5138 ὀργισθέντες
2934 5059 3272 5131 ἐπιπλήξητε
3316 5058 3440 5136 περὶ
3490 5061 3565 5115 ὧν
3625 5060 3701 5123 ὡς
3752 5061 3979 5137 ἀχρεῖοι

2320 5150 2511 5207 δοῦλοι
2540 5152 2585 5187 ⁵³
2638 5146 2998 5225 ἐνηδρεύθητε
3044 5150 3357 5223 συνθέμενοι
3405 5155 3523 5211 ταῖς
3572 5154 3765 5211 κακαῖς
3815 5149 3975 5223 ὑμῶν

2322 5239 2657 5313 ἐπιθυμίαις,
2706 5237 2797 5293 ’ίνα
2844 5239 2944 5306 τήν
3006 5235 3211 5292 δικαίαν
3272 5241 3317 5274 ⁸³
3370 5238 3520 5303 ὑμῶν
3569 5237 3735 5315 όργὴν
3780 5242 3861 5311 τῷ
3891 5245 3979 5313 νῷ

1928 5357 2165 5415 νΑνυΕ
2201 5358 2609 5417 LECTIONES.

635 5454 682 5531 f0
711 5449 1015 5531 διαλέγεθαι
1047 5459 1112 5531 Οἐ
1140 5455 1181 5491 ⁴¹
1213 5455 1296 5531 Ita
1423 5472 1472 5512 c.
1525 5454 1607 5524 S.,
1658 5452 1936 5531 ὑδροχοίῳ
2079 5458 2125 5493 ⁸³
2168 5455 2343 5531 πίστιν
2389 5473 2504 5512 om.
2558 5455 2621 5511 Ο.
2646 5455 2699 5531 ξ³
2734 5449 2919 5531 Δεῗξιοσι
2944 5452 3027 5531 _C.
3060 5453 3105 5531 ‘i
3134 5453 3283 5525 ἡμᾶς
3422 5457 3511 5531 0.,
3540 5450 3786 5531 ὑμᾶς
3817 5454 3979 5531 Tum

567 5521 708 5596 ἐξῄει
742 5526 800 5581 S.
834 5521 898 5582 0'.
924 5524 1049 5595 ἐξίει
1074 5527 1114 5582 C
1148 5528 1281 5582 Dein
1318 5521 1634 5601 ὑδροχοεῖον
1685 5521 1766 5598 Si,
1797 5521 2088 5635 δδτροχόϊον
2140 5532 2221 5601 C.,
2256 5526 2584 5604 ὑδρηχοεῖον
2631 5528 2696 5581 Ο.
2729 5526 2772 5560 ⁸⁸
2801 5526 2886 5580 Ita
2933 5528 3019 5593 0.,
3055 5530 3113 5580 et
3144 5521 3211 5581 ei:
3244 5521 3502 5596 oonjectf
3533 5521 3596 5580 D.
3625 5521 3873 5586 πολλούς
3908 5528 3974 5584 C.

567 5597 610 5630 ιι
636 5599 703 5635 νς
764 5596 820 5635 nl
856 5614 868 5625 ο
932 5603 1083 5635 υμνοι
1142 5600 1176 5635 ρ
1268 5600 1337 5635 Α.)
1396 5600 1637 5635 ιοηίςηηο
1694 5601 1750 5635 n:
1828 5602 1851 5635 ε
1930 5606 1987 5635 In
2050 5601 2094 5635 n
2143 5602 2303 5635 ηπςηα
2364 5606 2484 5635 ι)νοῦ
2541 5593 2824 5635 aduncum.
2878 5613 2910 5635 n
2989 5592 3405 5635 ...MX.M..=..M
3461 5596 3506 5631 δε
3544 5598 3867 5635 “nm-4...
3906 5600 3950 5635 ρ

565 5597 705 5670 ἔξγῇ
764 5596 868 5653 GL:
932 5603 1086 5670 errat
1142 5600 1201 5670 S.
1268 5600 1337 5653 de
1386 5596 1637 5656 lectione
1694 5596 1774 5655 Ci.

1930 5592 1991 5655 ib
2050 5601 2094 5656 Ο
2143 5592 2334 5673 ρι’ἶιι8’
2364 5592 2489 5655 erat
2541 5593 2824 5673 διδόμενον
2878 5613 2948 5673 p._
2988 5592 3870 5673 μεταδιδόᾼαενῇν.“⁸⁶ξ,καταστήσει
3906 5600 3976 5657 Ο,

564 5653 705 5721 ⁸9τᾶ
731 5674 942 5745 om,_(_).
976 5670 1018 5703 ³ο
1067 5667 1179 5745 ἐπεί
1218 5674 1285 5745 _(_3.
1337 5671 1378 5706 ⁵¹
1416 5653 1497 5745 ita
1542 5653 1867 5745 gt',s.i’leg.
1914 5653 2521 5745 céﬁséaﬁﬁnq‘uam
2572 5653 3170 5745 deditam-atlas}.
3223 5670 3283 5726 C.
3341 5669 3385 5703 ⁵³
3432 5664 3621 5745 δοῦλοι
3666 5653 3979 5745 ﬂagitante

567 5756 745 5818 sensu
799 5740 931 5818 add.
981 5757 1031 5795 c.
1092 5740 1157 5796 Ο.
1216 5743 1261 5776 ⁵³
1315 5740 1503 5795 κακίαν
1532 5742 1596 5801 0.
1632 5737 1913 5816 Deincéps
1966 5737 2136 5818 ὀργήν
2195 5737 2443 5802 ἆάά.’8.
2503 5759 2574 5800 ex
2608 5737 2899 5813 ,conject.'
2935 5739 3015 5794 Ci.
3076 5741 3227 5797 Tum
3262 5737 3629 5815 χερσευσούσῃ
3686 5737 3775 5813 C.,
3832 5759 3979 5817 χερ-

567 5811 795 5886 σευούσῃ
821 5811 879 5868 S.
