4112 6344
223 422 351 481 27⁸1

1358 424 1884 485 CLEMENTINA.
1920 454 1995 467 —
2034 422 2363 484 HOMlLlA
2414 424 2517 483 XI.

3524 429 3643 488 £378

223 554 303 615 ὡς
354 560 467 631 πῦρ
517 556 851 631 χερσευσάση
906 555 1111 633 ἀρούρῃ
1172 556 1443 627 ἐπαφεῖναι
1504 560 1649 615 231
1717 552 1877 624 δυνη-

1996 562 2113 611 tem
2143 563 2421 621 vestram,
2466 557 2634 628 quasi
2688 556 2883 628 ignem
2932 556 2993 612 in
3046 574 3246 613 arvum
3300 558 3617 616 silvescens

222 642 381 711 θῆτε.
443 644 503 699 Εἴ
556 646 649 717 μὲν
699 667 794 718 οῃν
837 644 940 699 οὐκ
988 642 1142 720 ἔχετε
1185 642 1389 699 δίκαιον
1428 649 1557 717 πῦρ,
1608 645 1703 712 τήν
1749 645 1885 698 κατὰ

218 735 332 785 τῶν
398 739 577 787 κακῶν
654 734 954 807 ἐπιθυμιῶν
1033 734 1196 810 ὀργὴν
1258 732 1454 809 λέγω,
1518 734 1711 806 μάθετε
1781 728 1884 787 ἀπό

218 820 403 875 ποίων
432 822 615 876 καλῶν
664 826 710 858 ⁵⁸
761 820 1138 897 ἐνηδρεύθητε,
1189 822 1278 876 καὶ
1330 822 1466 896 πρὸς
1515 823 1673 876 ποίαν
1719 821 1883 877 κὸλα-

218 931 301 963 σιν
366 910 791 987 κατηρτίσθητε,
850 913 937 966 καὶ
1000 912 1102 967 ὑπὸ
1157 911 1303 973 τίνος
1364 914 1734 983 ἡπατήθητε,
1793 910 1881 965 καὶ

217 995 401 1061 οὕτως
442 1000 591 1072 ὑμῶν
627 1001 655 1053 ὁ
685 1005 808 1061 νοῦς
856 1003 1054 1074 νήψας,
1100 1000 1187 1055 καὶ
1246 1000 1424 1075 ὥσπερ
1474 1005 1581 1075 πῦρ
1632 1000 1735 1055 ὐπὸ
1780 1007 1881 1068 τῆς

213 1093 313 1142 τοῦ
374 1090 695 1163 πέμψαντος
746 1092 893 1163 ἡμᾶς
954 1087 1301 1152 διδασκαλίας
1363 1089 1600 1166 ἐξαφθεὶς
1653 1090 1729 1151 εἷς
1789 1089 1880 1164 ὀρ-

211 1178 343 1252 γῆν,
412 1178 484 1232 τὰ
538 1178 678 1233 κακὰ
728 1181 773 1215 ⁸⁸
818 1186 919 1248 τῆς
968 1178 1255 1251 ἐπιθυμίας
1317 1177 1595 1233 ἀναλῶσαι
1654 1175 1878 1251 δυνηθῇ.

212 1265 556 1321 Πιστεύσατέ
616 1288 750 1340 μοι,
808 1266 892 1322 ὅτι
952 1265 1274 1337 θελήσαντες
1325 1265 1495 1320 πάντα
1541 1267 1878 1341 κατορθῶσαι

209 1351 544 1425 δυνήσεσθε.

278 1444 379 1502 IV.
418 1449 557 1499 Θεοῦ
606 1448 703 1499 τοῦ
750 1442 982 1519 ἀοράτου
1031 1444 1148 1499 ἐστὶ
1189 1444 1372 1501 εἰκών.
1423 1445 1575 1498 Ὅθεν
1626 1444 1677 1497 οἱ
1732 1442 1881 1498 εὐσεο

270 1538 323 1586 ῖν
365 1532 705 1608 βουλόμενοι
741 1535 816 1606 μὴ
867 1536 936 1588 τὰ
985 1531 1186 1588 εἷ’δωλα
1232 1532 1535 1608 λεγέτωσαν
1579 1537 1711 1588 Θεοῦ
1743 1532 1879 1587 εἰκό-

207 1643 273 1675 να
303 1624 351 1658 ⁵⁸
384 1622 548 1691 εἶναι,
579 1622 669 1676 καὶ
703 1619 792 1676 διὰ
817 1627 979 1676 τοῦτο
1030 1619 1138 1677 δεῖν
1171 1622 1305 1676 αὐτὰ
1342 1617 1535 1677 σὲϐειν.
1570 1622 1744 1677 Εἰκῶν
1776 1623 1876 1697 γὰρ

209 1715 347 1765 Θεοῦ
383 1712 415 1765 ὁ
452 1708 753 1781 ἅνθρωπος.
788 1712 844 1764 '0
876 1711 953 1773 εἰς
998 1712 1125 1766 Θεὸν
1176 1706 1411 1766 εὐσεϐεῖν
1463 1708 1634 1774 θέλων
1670 1708 1874 1785 ἅνθρω-

206 1819 310 1853 πον
348 1799 646 1875 εὐεργετεῖ,
699 1799 780 1854 ὅτι
831 1800 1009 1854 εἰκόνα
1057 1804 1191 1855 Θεοῦ
1237 1801 1299 1854 τὸ
1349 1801 1633 1874 ἀνθρώπου
1687 1801 1877 1874 βαστά-

1996 647 2203 717 positis
2250 646 2587 702 immittere.
2650 648 2703 701 Si
2752 662 2887 717 ergo
2952 664 3065 702 non
3138 648 3362 704 habetis
3404 652 3636 720 justum

1997 735 2212 805 ignem,
2275 736 2421 791 iram
2483 737 2610 791 dico
2676 738 2956 792 adversus
3014 737 3363 807 cupiditates
3430 740 3637 811 malas,

1995 825 2441 880 animadvertite
2466 842 2499 880 a
2521 825 2794 897 qualibus
2820 826 2989 881 bonis
3011 842 3113 897 per
3143 828 3388 883 insidias
3420 830 3641 885 abstra-

1995 916 2067 969 cti
2096 914 2344 984 fueritis,
2378 915 2447 969 ad
2487 914 2659 985 quale
2690 914 3046 986 supplicium
3072 917 3376 987 praeparati
3398 922 3455 972 et
3476 935 3641 989 aqua

1993 1020 2052 1059 re
2083 1004 2328 1058 seducti.
2364 1008 2554 1075 Atque
2588 1006 2666 1058 ita
2698 1021 2862 1058 mens
2902 1010 3091 1059 vestra
3121 1006 3316 1060 sobria
3364 1007 3534 1073 facta,
3585 1012 3642 1062 et

1992 1094 2160 1163 quasi
2194 1094 2347 1165 ignis
2378 1110 2412 1147 a
2442 1094 2708 1147 doctrina
2736 1094 2864 1164 ejus
2896 1093 2995 1163 qui
3035 1092 3199 1148 misit
3228 1111 3333 1148 nos
3364 1096 3638 1153 incensus

1991 1183 2062 1237 ad
2108 1182 2497 1253 iracundiam,
2544 1182 2755 1253 poterit
2821 1182 3201 1253 cupiditatem
3270 1200 3635 1245 consumere.

1989 1271 2125 1325 Mihi
2176 1272 2413 1338 credite,
2482 1272 2653 1327 modo
2718 1270 2928 1338 velitis,
2997 1271 3260 1342 poteritis
3327 1274 3639 1330 emendare

1991 1366 2219 1417 cuncta.

2061 1452 2154 1505 IV.
2180 1450 2279 1505 Dei
2312 1449 2413 1522 qui
2449 1450 2604 1505 cerni
2633 1450 2837 1522 nequit
2868 1450 3061 1521 imago
3093 1450 3256 1506 estis.
3316 1451 3477 1507 Unde
3534 1453 3635 1524 qui

1989 1539 2079 1612 pie
2111 1540 2300 1595 vivere
2331 1540 2592 1611 cupiunt,
2627 1556 2698 1594 ne
2728 1540 2925 1593 dicant
2956 1538 3114 1594 idola
3163 1556 3291 1595 esse
3339 1540 3438 1595 Dei
3488 1541 3635 1597 ima-

1987 1630 2207 1701 ginem,
2239 1629 2487 1700 ideoque
2519 1628 2626 1684 coli
2658 1645 2724 1683 ea
2765 1634 3048 1700 oportere.
3100 1628 3246 1683 Nam
3291 1630 3385 1684 Dei
3443 1630 3635 1703 imago

1987 1719 2163 1773 homo
2195 1725 2302 1773 est.
2328 1717 2435 1782 Qui
2467 1718 2523 1771 in
2557 1717 2740 1772 Deum
2771 1718 2863 1788 pie
2893 1733 2954 1773 se
2984 1734 3181 1789 gerere
3221 1716 3364 1783 vult,
3410 1718 3634 1775 homini

1985 1808 2292 1871 henefacit,
2325 1807 2462 1878 quia
2494 1807 2590 1862 Dei
2619 1806 2935 1877 imaginem
2984 1810 3174 1877 portat
3221 1806 3477 1863 hominis
3508 1825 3632 1864 cor-

210 1893 286 1958 ζει
321 1894 511 1961 σῶμα.
543 1891 647 1958 Τὴν
692 1886 749 1943 δὲ
798 1889 1102 1962 ὁμοιότητα
1157 1888 1334 1943 οὐκέτι
1385 1889 1595 1962 πάντες,
1644 1888 1770 1944 ἀλλ’
1809 1891 1872 1961 ⁵⁷,

220 1976 1805 1993 .λ-.-.,,,-..η..-.κ,

1993 1915 2132 1969 pus;
2182 1896 2627 1952 similitudinem
2674 1911 2805 1950 vero
2854 1912 2967 1949 non
3025 1912 3227 1951 omnes
3270 1902 3501 1969 gerunt,
3529 1900 3630 1954 sed

209 1978 435 2053 ἀγαθῆς
466 1981 649 2054 ψυχῆς
678 1979 707 2032 ὁ
737 1980 967 2052 καθαρὸς
1018 1983 1165 2039 νοῦς.
1218 1978 1370 2047 Πλὴν
1422 1979 1494 2040 ὡς
1522 1982 1683 2051 ἡμεῖς
1721 1976 1875 2032 οἶδα-

212 2088 308 2138 μιεν
373 2068 469 2121 τὸν
530 2066 810 2143 ἄνθρωπον
871 2068 989 2122 κατ’
1049 2067 1226 2121 εἰκόνα
1279 2068 1368 2122 καὶ
1435 2069 1551 2121 καθ’
1609 2067 1872 2139 ὁμοίωσιν

207 2156 485 2232 γεγονότα
511 2161 608 2211 τοῦ
640 2161 794 2227 Θεοῦ,
830 2156 906 2219 εἷς
937 2161 1129 2212 τοῦτον
1178 2157 1315 2229 ὑμᾶς
1368 2152 1601 2211 εὐσεϐεῖν
1634 2160 1676 2192 ⁸⁸
1709 2154 1875 2230 λὲγο-

214 2266 333 2318 μεν,
362 2243 462 2299 ’ἱνα
495 2244 573 2307 εἷς
609 2246 759 2316 Θεὸν,
793 2246 960 2319 οὗπέρ
1014 2245 1154 2300 ἐστιν
1207 2245 1389 2315 εἰκὼν,
1440 2246 1473 2315 ἡ
1509 2247 1668 2321 χάρις
1721 2243 1876 2319 λογι-

211 2339 341 2408 σθῇ.
397 2336 575 2407 Τιμήν
629 2333 719 2390 οὖν
766 2334 837 2409 τῇ
885 2339 982 2389 τοῦ
1032 2339 1165 2389 Θεοῦ
1216 2334 1402 2405 εἰκόνι,
1436 2334 1567 2410 ὅπερ
1617 2334 1755 2389 ἐστὶν
1789 2332 1876 2388 ἄν·

214 2436 466 2500 θρωπος,
499 2425 820 2503 προσφέρειν
874 2422 957 2478 δεῖ
1003 2421 1197 2495 οὕτως,
1229 2429 1483 2478 πεινῶντι
1527 2425 1757 2501 τροφὴν,
1793 2421 1874 2477 δι-

213 2517 394 2587 ψῶντι
443 2514 633 2579 ποτὸν,
682 2512 1074 2589 γυμνητεύοντι
1125 2516 1169 2549 ⁵9
1199 2510 1423 2586 ἔνδυμα,
1462 2518 1707 2567 νοσοῦντι
1738 2512 1875 2587 πρό-

214 2624 391 2673 νοιαν,
426 2602 559 2675 ξένῳ
601 2604 817 2678 στέγην,
864 2602 954 2656 καὶ
1002 2607 1081 2673 τῷ
1134 2603 1185 2656 ἐν
1217 2602 1400 2677 εἱρκτῇ
1447 2598 1561 2655 ὄντι
1605 2602 1879 2677 ἐπιφαινό-

220 2712 385 2763 μενον
421 2695 465 2728 ⁶⁰
503 2694 720 2765 βοηθεῖν
755 2692 829 2753 ὡς
865 2688 1086 2745 δυνατόν
1122 2690 1281 2747 ἐστιν.
1317 2693 1413 2746 Καὶ
1440 2689 1533 2745 ’ίνα
1566 2693 1640 2763 μὴ
1672 2692 1734 2745 τὸ
1763 2693 1878 2745 κατ’

218 2779 363 2842 εἶδος
401 2780 566 2857 λέγω,
598 2780 770 2835 πάντα
801 2780 898 2835 ὅσα
928 2781 1100 2852 ἑαυτῷ
1128 2801 1210 2842 τις
1242 2779 1385 2835 θὲλει
1424 2778 1583 2852 καλὰ,
1618 2779 1877 2842 ὡσαύτως

216 2868 380 2941 ἄλλῳ
410 2870 677 2945 χρῄζοντι
708 2869 1025 2945 παρεχέτω,
1056 2869 1145 2923 καὶ
1179 2871 1331 2927 232
1352 2869 1475 2924 τότε
1504 2869 1649 2940 αὐτῷ
1680 2869 1753 2931 εἷς
1775 2870 1875 2938 τὴν

214 2964 311 3013 τοῦ
370 2964 509 3013 Θεοῦ
567 2954 751 3013 εἷκὸνα
800 2952 1149 3028 εὐσεϐήσαντι
1209 2955 1428 3012 δύναται
1481 2959 1672 3033 ἀγαθὸς
1731 2955 1879 3033 λογι-

216 3050 415 3116 σθῆναι
451 3048 663 3119 μισθός’
700 3050 745 3120 ᾧ
790 3047 940 3124 λόγῳ
973 3047 1019 3102 εἰ
1068 3048 1157 3101 καὶ
1206 3052 1373 3102 ταῦτα
1417 3052 1591 3101 ποιεῖν
1639 3048 1714 3120 μή
1748 3046 1874 3101 ἀνα-

544 3184 561 3209 ,
605 3137 681 3199 ὡς
730 3134 1013 3209 ἀμελήσας
1059 3143 1161 3205 τῆς
1210 3134 1417 3198 εἷ’κόνος
1456 3134 1873 3207 κολασθήσεται.

284 3233 358 3283 ν.
408 3229 535 3281 Οἴον
582 3227 675 3281 οὗν
726 3223 839 3280 ἔστι
893 3224 1067 3302 λέγειν
1118 3226 1270 3297 ποτε,
1321 3224 1403 3280 ὅτι
1458 3220 1729 3287 εὐσεϐείας
1775 3232 1875 3295 τῆς

220 3135 443 3207 δέξηται
492 3140 535 3175 ⁶¹

1987 1988 2147 2041 honre
2184 1986 2391 2040 anima:
2424 2003 2571 2057 pura
2592 1986 3075 2051 mens.Attamen,
3110 1985 3248 2056 quia
3275 2002 3382 2041 nos
3408 1987 3629 2043 scimus

1984 2074 2283 2130 hominem
2314 2076 2529 2129 factum
2555 2073 2735 2129 fuisse
2758 2074 2829 2127 ad
2854 2074 3168 2145 imaginem
3187 2078 3243 2128 et
3263 2075 3334 2130 ad
3359 2074 3633 2129 similitu-

1986 2164 2183 2219 dinem
2207 2163 2641 2231 Dei,hortamur
2663 2163 2791 2217 sitis
2812 2178 2947 2234 erga
2966 2162 3132 2216 illum
3150 2162 3397 2233 pii,utin
3424 2163 3631 2231 Deum,

1985 2255 2154 2323 cujus
2189 2258 2279 2308 est
2309 2254 2524 2323 imago,
2559 2252 2748 2324 gratia
2798 2252 3101 2307 referatur.
3154 2252 3437 2307 Honorem
3474 2270 3631 2324 ergo,

1984 2342 2225 2413 imagini
2260 2341 2381 2404 Dei,
2406 2341 2463 2395 id
2485 2345 2576 2396 est
2605 2339 2852 2405 homini,
2887 2340 3110 2395 deferre
3137 2346 3365 2412 oportet
3396 2342 3551 2397 hunc
3575 2343 3634 2397 in

1986 2432 2251 2501 modum,
2286 2430 2595 2502 praebendo
2626 2430 2903 2484 esurienti
2928 2429 3375 2497 cibum,sitienti
3408 2435 3635 2502 potum,

1988 2521 2145 2575 nudo
2178 2520 2613 2584 indumentum,
2670 2534 2820 2590 aegro
2854 2518 3297 2589 providentiam,
3331 2520 3636 2592 peregrino

1985 2614 2227 2673 tectum,
2259 2608 2317 2662 in
2352 2624 2581 2662 carcere
2614 2607 2803 2678 posito
2842 2606 3238 2661 visitationem
3269 2624 3335 2663 ac
3367 2625 3469 2679 pro
3498 2609 3635 2663 viri-

1987 2698 2098 2753 bus
2129 2696 2507 2751 auxilium.Et
2530 2712 2601 2750 ne
2624 2694 2859 2766 singula
2880 2711 3212 2750 recenseam
3237 2712 3248 2749 :
3274 2712 3638 2769 quaecunque

1988 2787 2204 2858 aliquis
2228 2785 2341 2841 sibi
2373 2786 2667 2840 desiderat
2702 2786 2877 2854 bona,
2909 2784 3073 2840 alteri
3104 2784 3385 2856 indigenti
3420 2786 3637 2857 pariter

1985 2876 2225 2931 tribuat.
2273 2875 2554 2945 Tuncque
2592 2874 2725 2945 ipsi,
2758 2873 2817 2928 in
2866 2873 2967 2929 Dei
3010 2873 3328 2946 imaginem
3360 2874 3635 2947 pietatem

1987 2964 2295 3029 exercenti,
2328 2965 2482 3019 bona
2512 2967 2705 3035 potest
2756 2962 3034 3035 imputari
3094 2979 3314 3019 merces
3347 2981 3360 3019 :
3395 2980 3511 3035 qua
3540 2981 3633 3019 ra-

1986 3054 2167 3119 tione,
2191 3054 2237 3107 si
2289 3054 2403 3107 ista
2432 3053 2619 3108 facere
2650 3056 2897 3120 recuset,
2922 3051 3090 3123 quasi
3140 3054 3241 3124 qui
3273 3057 3633 3125 contempse-

1988 3142 2063 3197 rit
2092 3140 2428 3213 imaginem,
2466 3141 2755 3210 punietur.

2058 3231 2125 3285 V.
2157 3233 2242 3286 An
2276 3230 2455 3298 igitur
2484 3231 2597 3285 dici
2632 3234 2839 3301 potest,
2892 3234 3125 3302 propter
3173 3232 3443 3303 pietatem
3495 3249 3633 3304 erga

214 3314 290 3377 εἷς
325 3316 459 3369 Θεὸν
508 3316 669 3391 χάριν
724 3319 897 3369 πᾶσαν
941 3316 1158 3390 μορφὴν
1208 3317 1254 3350 ⁶²
1306 3309 1609 3388 σεϐόμενοι,
1657 3316 1747 3370 τὸν
1782 3312 1877 3369 ἅν-

1993 3322 2173 3376 Deum
2213 3319 2321 3375 coli
2354 3335 2586 3373 omnem
2647 3320 2915 3387 formam,
2969 3321 3019 3375 si
3076 3319 3395 3388 hominem,
3438 3337 3633 3377 veram

216 3415 439 3475 θρωπον
471 3406 571 3473 τὴν
618 3398 785 3465 ὅντως
832 3402 1013 3458 εἰκόνα
1062 3408 1195 3458 Θεοῦ
1226 3398 1354 3457 ὄντα
1383 3403 1433 3457 ἐν
1464 3410 1622 3458 πᾶσιν
1665 3400 1874 3480 ἐνυϐρί-

216 3499 333 3562 ζετε
367 3496 432 3565 ⁸³,
485 3492 823 3571 φονεύοντες,
876 3492 1245 3568 μοιχεύοντες,
1294 3492 1618 3554 κλέπτοντες
1660 3494 1747 3547 καὶ
1780 3515 1875 3548 κα-

214 3584 280 3636 τα
329 3583 528 3638 πολλὰ
570 3581 713 3637 ἄλλα
764 3582 1116 3655 ἀτιμάζοντες
1155 3583 1402 3657 ;Ἐχρῆν
1457 3579 1514 3636 δὲ
1564 3580 1695 3654 μηδ’
1738 3583 1792 3637 ’ἐν
1834 3586 1879 3619 ⁶⁴

213 3672 388 3726 κακὸν
440 3673 721 3742 πράτττιν,
774 3668 841 3725 δι’
874 3671 903 3725 ὃ
952 3670 1233 3745 ἅνθρωπος
1282 3670 1531 3725 λυπεῖται
1582 3674 1645 3707 ⁸⁸-
1678 3676 1768 3726 νῦν
1822 3670 1877 3726 δὲ

214 3764 398 3815 πάντα
426 3763 703 3835 πράττετε,
739 3758 808 3814 δι’
838 3759 871 3813 ’ἀ
902 3762 946 3796 ⁶⁶
978 3760 1257 3834 ἅνθρωπος
1305 3759 1522 3833 ἀθυμεῖ,
1568 3758 1747 3815 ἀδικία
1775 3764 1876 3837 γὰρ

212 3851 303 3905 καὶ
360 3850 565 3922 ἀθυμία
596 3849 821 3924 γίνεται.
867 3849 965 3903 Διά
1008 3853 1169 3903 τοῦτο
1219 3847 1469 3926 φονεύετε
1515 3851 1558 3885 ⁸⁷
1604 3850 1693 3904 καὶ
1724 3850 1878 3927 ἀφαι-

214 3940 401 4014 ρεῖσθε
425 3938 491 3993 τὰ
535 3939 720 4008 αὑτοῦ,
752 3935 843 3992 καί
889 3937 988 3992 ὅσα
1035 3935 1180 3991 ἄλλα
1228 3934 1361 4009 ἴστε,
1413 3939 1547 4013 ἅπερ
1599 3944 1785 4001 παθεῖν
1816 3939 1877 3993 οὐ

216 4028 431 4093 θέλετε.
464 4030 642 4101 Ὑμεῖς
695 4025 751 4081 δὲ
804 4028 1012 4102 ἑρπετῷ
1039 4048 1145 4081 τινι
1189 4026 1474 4103 κακούργῳ
1514 4028 1651 4103 πρὸς
1689 4028 1875 4084 κακίαν

214 4117 586 4186 ἀπατηθέντες
620 4116 847 4187 ὑπονοίᾳ
896 4115 1168 4179 πολυθέου
1219 4116 1491 4191 γνώσεως,
1541 4116 1621 4177 εἷς
1655 4116 1749 4190 μὲν
1776 4118 1874 4185 τὴν

216 4203 395 4267 ὅντως
428 4204 630 4277 εἰκόνα,
663 4204 795 4282 ὅπερ
831 4204 972 4258 ἐστὶν
1006 4200 1311 4280 ἅνθρωπος,
1335 4201 1596 4279 ἀσεϐεῖτε,
1628 4204 1703 4267 εἷς
1736 4203 1793 4261 δὲ
1812 4207 1879 4262 τὰ

217 4295 520 4365 ἀναίσθητα
550 4287 785 4349 εὐσεϐεῖν
818 4289 1045 4352 δοκεῖτε.

286 4476 388 4530 Vl.
438 4473 589 4534 Τινὶς
639 4468 696 4526 δὲ
746 4469 1019 4545 λέγουσιν,
1071 4470 1116 4525 εἷ
1170 4472 1244 4543 μή
1294 4466 1485 4539 ἤθελεν
1538 4471 1673 4527 αὸτὰ
1720 4474 1878 4545 εἶναι,

218 4564 324 4619 οὐκ
365 4564 425 4616 ἂν
471 4563 559 4634 ἦν,
609 4559 734 4615 ἀλλ’
783 4561 1026 4637 ἀνῃρεῖτο
1069 4562 1113 4596 ⁸⁸
1154 4561 1234 4615 ἄν.
1284 4560 1441 4633 Φημὶ
1493 4560 1666 4636 κάγὼ,
1715 4568 1875 4618 τοῦτο

1988 3410 2087 3464 Dei
2122 3408 2459 3480 imaginem,
2492 3408 2551 3462 in
2584 3408 2859 3463 omnibus
2891 3408 3248 3463 contumelia
3276 3409 3632 3475 afﬁcitis,oc-

1988 3499 2254 3561 cidendo,
2279 3496 2682 3561 adulterando,
2726 3496 3059 3563 furando,in
3092 3497 3293 3552 multis
3321 3498 3452 3553 aliis
3482 3499 3632 3553 indi-

1987 3604 2097 3659 gne
2129 3586 2463 3657 accipiendo
2483 3586 2510 3640 ?
2538 3585 2855 3655 Oportebat
2876 3592 3069 3640 autem
3094 3602 3166 3640 ne
3188 3604 3371 3641 unum
3396 3589 3634 3660 quidem

1988 3675 2207 3730 malum
2242 3675 2623 3741 committere,
2659 3691 2760 3745 per
2807 3675 2960 3744 quod
3009 3674 3184 3730 homo
3215 3676 3629 3744 contristetur;

1988 3782 2145 3820 nunc
2173 3781 2303 3819 vero
2335 3769 2541 3819 cuncta
2572 3762 2759 3819 facitis
2781 3764 2995 3834 quibus
3044 3763 3218 3819 homo
3249 3766 3503 3836 angitur.
3539 3768 3627 3822 In-

1979 3854 2139 3926 juria
2167 3853 2323 3907 enim
2356 3852 2531 3907 etiam
2565 3852 2827 3906 anxietas
2858 3851 3083 3906 ﬁt.ldeo
3114 3852 3439 3908 interﬁcitis
3460 3858 3517 3908 et
3539 3868 3629 3910 res

1986 3943 2144 3999 illius
2177 3942 2419 3997 aufertis
2467 3946 2525 3996 et
2575 3958 2933 4012 quiscunque
2981 3940 3093 3996 alia
3145 3941 3326 4005 scitis,
3358 3960 3481 4012 quae
3514 3961 3630 3998 non

1990 4032 2162 4087 vultis
2196 4032 2336 4103 pati.
2368 4034 2482 4085 Vos
2513 4036 2705 4085 autem
2738 4046 2771 4083 a
2800 4028 3056 4102 maligno
3079 4031 3329 4101 quodam
3362 4037 3631 4102 serpente

1986 4122 2058 4177 ad
2104 4120 2388 4176 malitiam
2439 4119 2685 4190 decepti,
2737 4134 2840 4190 per
2887 4118 3281 4191 suspicionem
3335 4121 3632 4175 sententias

1987 4210 2204 4265 multos
2222 4209 2359 4264 deos
2392 4207 2811 4274 inducentis,in
2834 4223 2969 4262 vera
2991 4207 3227 4278 quidem
3253 4208 3509 4280 imagine
3530 4226 3633 4265 seu

1985 4298 2223 4353 homine
2254 4297 2420 4369 impii
2451 4297 2616 4363 estis,
2668 4296 2727 4351 in
2760 4297 2936 4351 rebus
2966 4312 3099 4351 vero
3129 4312 3306 4352 sensu
3341 4297 3635 4353 destitutis

1986 4388 2067 4460 pii
2097 4387 2261 4442 vobis
2292 4385 2592 4441 videmini.

2057 4476 2151 4531 VI.
2193 4474 2465 4531 Nonnulli
2494 4479 2688 4529 autem
2720 4473 2942 4539 dicunt,
2974 4472 3021 4528 si
3064 4471 3349 4529 noluisset
3388 4474 3541 4530 Deus
3571 4492 3639 4531 ea

1989 4582 2138 4633 esse,
2172 4567 2375 4636 utique
2406 4580 2519 4618 non
2548 4563 2937 4627 exstitissent,
2965 4562 3065 4617 sed
3101 4562 3351 4618 fuissent
3379 4563 3631 4621 sublata.

219 4655 440 4713 πάντως
490 4648 658 4717 ἔσται,
710 4648 833 4704 ὅταν
892 4649 1083 4710 πάντες
1136 4650 1235 4717 τὴν
1296 4647 1469 4703 αὐτῶν
1525 4648 1661 4724 πρὸς
1716 4652 1875 4706 αὑτὸν

1993 4660 2105 4727 Ego
2140 4670 2372 4726 quoque
2419 4653 2618 4718 fateor,
2673 4652 2727 4705 id
2780 4651 3017 4706 omnino
3066 4653 3355 4714 futurum,
3405 4654 3635 4722 quando

220 4740 439 4813 δείξωσι
486 4739 831 4816 προαίρεσιν,
873 4738 963 4793 καὶ
1014 4737 1187 4800 οὕτως
1236 4736 1454 4812 ἄλλαγή
1505 4744 1602 4793 τοῦ
1650 4745 1736 4794 νῦν
1787 4763 1881 4816 γε-

220 4834 442 4902 νήσεται
471 4829 703 4901 κόσμου.
758 4826 910 4896 Πλῆν
964 4826 1012 4881 εἷ’
1040 4826 1129 4881 καὶ
1164 4826 1337 4888 οὕτως
1385 4826 1610 4897 ἠθέλετε
1642 4832 1685 4871 ⁸9
1722 4829 1881 4885 αὐτὸν

222 4928 479 4990 ποιῆσαι,
508 4917 604 4974 ’ἕνα
636 4915 805 4991 μηδὲν
832 4920 940 4973 τῶν
989 4916 1478 4993 προσκυνουμένων
1524 4920 1677 4975 2³3
1710 4918 1883 4995 ὑπῆρ-

1992 4760 2196 4800 omnes
2228 4759 2398 4797 suam
2430 4757 2567 4812 erga
2614 4740 2796 4795 Deum
2847 4740 3211 4795 ostenderint
3255 4740 3631 4809 voluntatem,

1987 4838 2235 4903 tumque
2266 4830 2443 4899 hujus
2475 4827 2680 4883 mundi
2716 4828 2833 4882 fore
2882 4828 3284 4881 mutationem.
3329 4831 3632 4882 Verumta-

1992 4937 2148 4985 men,
2171 4917 2402 4975 etiamsi
2431 4916 2607 4973 vultis
2629 4914 2797 4971 illum
2830 4915 2911 4971 ita
2942 4916 3128 4971 facere
3160 4918 3225 4969 ut
3254 4915 3401 4970 nihil
3432 4931 3634 4971 eorum

1583 5061 1826 5118 VARIE
1873 5059 2285 5120 LECTIONES.

298 5180 357 5261 ⁸⁵,
388 5179 557 5261 H_aud
618 5175 770 5234 male
824 5174 1187 5261 D.Acorrigit
1226 5172 1348 5261 ’ὑπὸ
1404 5174 1578 5261 Troiani
1635 5180 1813 5231 κακῶν
1874 5182 1941 5234 ut
1997 5176 2380 5261 infra‘homﬁ.
2430 5193 2518 5261 Χία,
2582 5172 2637 5261 ll
2673 5214 2712 5261 ,ρ
2743 5172 2789 5257 ξε
2842 5172 3150 5259 Ita‘conj.
3199 5172 3297 5261 ,Οἳ
3350 5174 3456 5261 συὶ,
3506 5174 3636 5261 θέὶι.

226 5252 364 5305 κατά
422 5250 482 5305 in
539 5254 720 5318 textu,
780 5254 845 5304 ut
900 5250 964 5304 0.
1026 5247 1070 5321 ἦῆ
1106 5244 1339 5321 ἐξκόνας
1411 5248 1523 5321 leg.

230 5323 293 5378 Ο.
353 5324 399 5357 δ’
458 5321 840 5394 γυμνιτεύοντι
906 5323 970 5375 Ο.
1030 5318 1077 5353 ⁶⁰
1154 5318 1238 5394 Ita
1274 5318 1495 5394 _O_c.'
1556 5320 1614 5376 Β.
1691 5322 1820 5394 (cfr.

1602 5255 1799 5306 censet
1875 5254 1931 5305 S.

1898 5321 2056 5377 hom.
2115 5338 2216 5389 XII,
2288 5319 2402 5385 32),
2472 5313 3010 5389 ἐπιφαινόμενριὈε
3061 5313 3109 5389 ξί

2000 5251 2043 5284 ⁵⁷
2118 5243 2263 5301 ἀλλά
2325 5250 2389 5303 Ο.

2469 5236 2515 5281 δέ
2585 5236 2791 5298 ἀσεϐεῖν
2860 5240 2999 5315 ὑμᾶς
3058 5236 3115 5315 ρ’.
3191 5236 3331 5367 ὐέιᾶς
3365 5236 3640 5298 ἐὐσεϐεῖν

2472 5313 2876 5383 ἐπιφαινόμενοι
2928 5314 2989 5369 C.
3066 5316 3109 5383 f5}
3248 5311 3502 5383 ναδὲξητε
3577 5320 3636 5372 0.

3428 5348 3502 5385 [ιῦ
3577 5348 3636 5372 υ.

229 5395 277 5465 ξ’
305 5378 653 5465 Αάάεὶιᾴυιρ
837 5396 969 5465 ροβε
1002 5390 1237 5465 aerati:
1270 5390 1325 5444 s-
1360 5390 1635 5465 τυωεορ
1667 5378 1731 5465 p1
1754 5393 1852 5459 τιν
1883 5392 1926 5465 _o
1959 5394 2176 5447 Forsan
2204 5378 2598 5465 'ssriliéndam
2632 5378 2734 5465 εδει·
2919 5387 3015 5438 τοῦ
3282 5378 3438 5465 θεοὺς
3462 5386 3641 5465 eum

232 5459 376 5519 ὄντα.
428 5466 474 5499 ⁶³
518 5455 887 5536 ἐνυϐρίζοντὲς
933 5455 1272 5536 ῼ;’⁶⁴’μῃδὲν
1327 5458 1560 5536 ρ..μῃδ’
1601 5455 1768 5519 ἕνὈ.
1800 5455 1844 5499 έδ
1882 5463 2105 5517 λυπεῖτε
2153 5468 2212 5517 0.
2246 5463 2289 5498 ⁶⁶
2320 5459 2468 5536 6i_S._
2504 5458 2656 5536 O_.,_6'
2799 5458 2947 5536 Tum
2992 5455 3081 5536 καὶ
3133 5456 3191 5509 ἄν
3226 5475 3282 5536 ρΪ
3334 5456 3635 5536 tantidem.

234 5537 538 5611 Βθὶοχτοῦ
571 5553 627 5607 p.
649 5523 819 5587 ¹τοῦτο
948 5534 990 5611 ⁸-⁷
1024 5523 1115 5611 1ῐᾴ
1136 5523 1219 5595 3.,
1252 5523 1535 5611 φονεύεσθε
1779 5536 1938 5611 Tum
1963 5536 2305 5611 ἀφαιρεῖσθαι
2349 5533 2413 5589 Ο.
2450 5523 2662 5611 Deinde
2687 5526 2849 5611 ἐστίν.
2890 5546 2946 5599 p.
3002 5523 3111 5611 ἴστε
3154 5523 3305 5611 coiij.
3433 5532 3476 5566 ⁵⁸
3501 5530 3638 5611 ᾁνῄτ

235 5627 369 5681 pato
403 5600 978 5681 0.AP_o'stea_as_cripsi
1018 5604 1211 5681 πάντες
1242 5600 1289 5659 ό.
1341 5607 1542 5661 eodem
1574 5600 1843 5681 δέὀὕτως,
1884 5606 1942 5681 εἰ
1992 5600 2173 5669 όὲλέτε
2222 5608 2282 5661 Ο.
2331 5611 2458 5681 Ac_._
2488 5604 2552 5658 D.
2587 5600 2957 5681 scribendum
3010 5600 3517 5681 putabatjrlﬁvei
3547 5600 3635 5681 κάξ

278 5679 291 5697 ν

234 5756 365 5824 post
383 5748 554 5822 πλήν.

233 5673 439 5751 infirmat
469 5676 650 5733 θέλετε
679 5676 838 5732 αὐτὸν
872 5673 1117 5744 ποιῆσαι·
1158 5677 1529 5735 Verumtamen
1559 5680 1614 5734 .ςί
1639 5680 1720 5736 sic
1750 5673 1915 5735 vultis
1941 5696 2068 5737 eum
2114 5682 2291 5751 facere
2318 5681 2373 5732 S.
2406 5675 2565 5731 Meea
2612 5673 2849 5746 quidem
2903 5673 3191 5728 sententia
3245 5673 3559 5733 delendum
3591 5674 3635 5729 εἰ
