4114 6338
476 382 594 442 283
1301 386 1366 447 S.
1413 386 1856 448 CLEMENTIS
1901 387 1925 446 Ῑ
1972 388 2163 448 ROM.
2206 387 2435 448 PONT.
2483 387 2746 449 OPERA
2785 389 3049 449 DUBIA.
3752 391 3875 452 284

478 531 591 587 que
617 533 721 572 nec
753 516 960 573 crelum
993 518 1378 575 sufficientem
1412 520 1594 575 mittit
1626 520 1893 584 imbrem,
1927 537 2104 591 neque

2230 517 2412 580 ὑετοὺς
2444 517 2694 594 παρέχει,
2746 516 2868 574 οὔτε
2916 526 2985 593 γῆ
3031 518 3157 582 τοὺς
3205 520 3465 595 καρποὺς,
3498 517 3584 575 διὸ
3633 521 3685 575 οἱ
3714 518 3872 576 πλεί-

475 609 631 661 terra
663 606 886 662 fructus
916 608 1034 675 dat,
1071 610 1222 663 unde
1254 608 1489 679 plurimi
1522 609 1919 680 pereunt.lpse
1941 610 2104 664 etiam

2227 628 2338 668 ονες
2399 605 2767 681 λυμαίνονται.
2830 607 3005 664 Ἀλλὰ
3060 610 3148 663 καὶ
3205 608 3365 671 αὐτὸς
3413 610 3514 664 ὁ⁹¹
3567 610 3672 681 ἀὴρ
3714 611 3874 683 θυμῷ

478 711 577 749 aer
606 695 797 751 furore
830 713 1110 752 accensus
1140 697 1209 751 ad
1244 703 1463 768 pestem
1514 698 1943 768 producendam
1980 714 2104 752 con-

2226 696 2649 770 ὑπεκκαιόμενος
2680 697 2819 771 πρὸς
2852 694 3106 769 Λοιμώδη
3154 701 3342 772 πρᾶξιν
3370 701 3415 735 ⁹²
3450 693 3870 771 μεταϐάλλεται.

476 785 647 839 vertit
676 802 757 840 se.
791 788 851 839 In
881 786 1050 840 bonis
1084 792 1300 853 tamen,
1338 786 1552 857 quibus
1588 786 1854 853 fruimur,
1890 786 2104 840 miseri-

2226 784 2377 853 Πλὴν
2426 784 2564 839 ὅσων
2620 784 2963 857 ἀπολαύομεν
3015 785 3248 861 ἀγαθῶν,
3300 785 3377 859 τῷ
3407 786 3570 841 αὑτοῦ
3620 785 3757 859 ἐλέῳ
3790 787 3869 850 εἰς

474 874 672 929 cordia
702 891 809 928 sua
862 874 1012 929 Deus
1044 876 1114 929 ad
1166 876 1585 947 benignitatem
1618 892 1753 947 erga
1806 892 1911 929 nos
1961 876 2104 946 cogit

2226 875 2319 941 τὴν
2377 873 2642 949 ἡμετέραν
2717 872 3122 951 φιλανθρωπίαν
3198 876 3434 950 βιάζεται
3490 877 3589 945 τὴν
3648 876 3816 931 κτίσιν
3854 922 3869 935 ,

472 965 916 1018 crsaturamJta
944 964 1232 1035 vobis,qui
1267 970 1612 1019 cunctorum
1644 964 1908 1036 opificem
1945 965 2104 1019 inho-

2226 961 2285 1017 O'l
2312 984 2418 1024 τως
2452 964 2578 1035 ὑμῖν
2610 969 2726 1024 τοῖς
2757 963 3077 1035 ἀτιμάζουσι
3107 965 3199 1019 τὸν
3218 969 3323 1018 τῶν
3357 963 3502 1019 ὅλων
3529 962 3867 1041 δημιουργὸν

472 1052 739 1116 nestatis,
774 1052 966 1106 omnis
995 1058 1259 1107 creatura
1289 1058 1612 1108 succenset.

2226 1053 2255 1120 ἠ
2289 1057 2431 1105 πᾶσα
2459 1052 2628 1113 κτίσις
2655 1051 2995 1125 γαλεπαίνει.

544 1138 633 1193 ΧΙ.
674 1139 817 1196 Nam
851 1140 959 1195 etsi
992 1158 1088 1212 per
1119 1140 1464 1196 solutionem
1491 1159 1523 1196 a
1552 1158 1789 1212 corpore
1819 1142 2104 1213 effugiatis

2293 1146 2384 1197 XI.
2419 1140 2521 1194 Κᾶν
2575 1142 2679 1217 γὰρ
2728 1146 2797 1214 τῇ
2840 1146 2936 1195 τοῦ
2984 1142 3235 1217 σώματος
3285 1140 3435 1197 λύσει
3487 1144 3583 1212 τήν
3642 1142 3867 1198 κόλασιν

469 1244 724 1299 pcenam,
758 1246 871 1300 quo
907 1230 1075 1285 modo
1108 1230 1362 1286 animam
1395 1236 1667 1295 vestram,
1701 1247 1826 1301 qua:
1872 1230 2104 1286 immor-

2226 1227 2506 1307 ἒκφύγητε,
2538 1234 2653 1291 πῶς
2683 1230 2780 1298 τήν
2817 1231 2999 1305 ψυχὴν
3052 1231 3201 1303 ὑμῶν
3256 1231 3521 1309 ἄφθαρτον
3569 1230 3727 1287 οὖσαν
3778 1230 3873 1287 διὰ

469 1316 605 1373 talis
634 1322 741 1387 est,
775 1335 876 1389 per
906 1324 1150 1374 mortem
1185 1319 1444 1391 poteritis
1486 1318 1727 1389 fugere?
1758 1320 2104 1374 Immortalis

2226 1321 2317 1386 τῆς
2394 1325 2594 1395 φθορᾶς
2673 1324 2856 1396 φυγεῖν
2934 1316 3222 1389 δυνήσεσθε
3281 1339 3294 1389 ἱ
3356 1320 3616 1383 ἀθάνατος
3672 1321 3772 1397 γὰρ
3828 1324 3868 1391 ἡ

472 1406 628 1462 enim
677 1414 765 1462 est
813 1408 989 1463 etiam
1020 1409 1335 1480 impiorum
1367 1409 1584 1472 anima,
1636 1409 1852 1479 quibus
1898 1408 2104 1465 melius

2226 1408 2371 1481 ψυχή
2408 1409 2518 1481 (32)
2550 1408 2638 1461 καὶ
2667 1412 2775 1461 τῶν
2808 1403 3037 1477 ἀσεϐῶν,
3073 1409 3155 1471 οἷς
3188 1410 3405 1481 ἄμεινον
3454 1411 3518 1479 ἦν
3555 1411 3631 1483 μή
3664 1408 3868 1488 ἄφθαρ-

470 1502 765 1562 esset,non
797 1497 1188 1552 immortalem
1221 1515 1348 1552 eam
1380 1498 1765 1553 habere.Nam
1784 1514 1886 1569 per
1915 1498 2104 1570 ignem

2226 1517 2308 1550 τον
2341 1495 2505 1565 αὐτὴν
2557 1492 2723 1572 ἔχειν.
2760 1496 3112 1569 Κολαζομένη
3166 1498 3267 1574 γὰρ
3314 1498 3415 1552 ὑπὸ
3462 1503 3563 1553 τοῦ
3605 1494 3868 1554 ἀσϐέστου

469 1582 887 1640 inexstinctum
934 1586 1189 1641 cruciata
1235 1590 1510 1657 perpetuo
1559 1587 1875 1657 supplicio,
1922 1603 2104 1657 neque

2226 1586 2387 1658 πυρὸς
2448 1585 2729 1660 ἀπεράντῳ
2784 1585 3043 1659 τιμωρίᾳ,
3100 1586 3189 1640 καὶ
3253 1596 3327 1659 μή
3386 1588 3717 1657 θνήσκουσα,
3779 1588 3870 1642 ἐπὶ

468 1674 745 1741 moriens,
782 1674 838 1728 in
890 1674 1042 1730 malo
1073 1692 1178 1730 suo
1228 1675 1404 1729 ﬁnem
1459 1692 1569 1729 non
1604 1674 1779 1729 habet
1827 1675 2104 1746 accipere.

2226 1679 2368 1745 μιακῷ
2402 1679 2481 1746 τῷ
2528 1674 2695 1743 αὐτῆς
2742 1672 2901 1735 τέλος
2955 1669 3140 1729 λαϐεῖν
3192 1676 3293 1730 οὑκ
3343 1672 3481 1750 ἔχει.
3530 1674 3687 1731 Ἀλλ’
3736 1674 3871 1738 ἴσως

468 1761 578 1816 Sed
605 1762 797 1817 forsan
826 1764 979 1819 dicet
998 1769 1257 1819 vestrum
1282 1763 1495 1835 aliquis
1521 1781 1531 1817 :
1554 1764 1758 1819 Terres
1790 1764 2104 1827 nos,Petre.

2226 1762 2333 1838 ἐρεῖ
2365 1766 2511 1821 237
2566 1784 2647 1826 τις
2682 1764 2854 1835 ὑμῶν·
2900 1758 3097 1824 Φοϐεῖς
3152 1766 3320 1835 ἡμᾶς,
3376 1766 3558 1840 Πέτρε.
3616 1763 3875 1836 Διδάξατε

467 1851 674 1907 Docete
704 1852 881 1923 igitur
919 1870 1045 1921 nos,
1090 1870 1204 1924 quo
1237 1858 1403 1923 pacto
1436 1857 1695 1907 tacentes
1745 1853 2104 1924 proferamus

2226 1851 2310 1906 οὖν
2369 1855 2538 1925 ἡμᾶς,
2601 1857 2854 1921 σιγῶντες
2931 1852 3160 1925 ἐροῦμεν
3231 1853 3297 1908 τὰ
3374 1848 3502 1907 ὄντα
3569 1854 3646 1916 ὡς
3703 1853 3870 1921 ἔστιν,

466 1941 629 1996 vobis
676 1958 769 1995 res
818 1942 1315 2013 quemadmodum
1367 1948 1525 2007 sunt,
1560 1941 1728 1996 aliter
1759 1941 1914 1996 enim
1950 1944 2104 1999 vobis

2226 1940 2411 2004 ἄλλως
2440 1942 2542 2017 γὰρ
2598 1941 2731 1996 αὑτᾶ
2781 1942 2907 2013 ὑμῖν
2959 1940 3240 2013 σημαίνειν
3291 1941 3354 1996 οὐ
3406 1939 3697 2016 δυνάμεθα.
3748 1944 3867 1999 Ἐάν

466 2046 564 2085 eas
595 2047 708 2085 non
761 2047 1075 2102 possumus
1107 2030 1383 2086 indicare.
1420 2031 1582 2096 Quod
1636 2031 1683 2086 si
1733 2031 2104 2099 tacuerimus,

2226 2051 2277 2084 τε
2324 2032 2658 2106 σιγήσωμεν,
2708 2028 3043 2104 ἐνεδρεύεσθε
3098 2030 3200 2084 ὑπὸ
3256 2035 3365 2085 τῶν
3416 2036 3592 2086 κακῶν
3646 2028 3733 2085 διὰ
3767 2033 3869 2099 τὴν

467 2118 831 2189 decipiemini
863 2136 896 2174 a
928 2118 1100 2173 malis
1133 2135 1230 2190 per
1264 2120 1658 2191 ignorantiam
1685 2137 1697 2185 ;
1731 2119 1821 2173 sin
1864 2136 1997 2175 vero
2029 2119 2104 2175 lo-

2226 2116 2465 2193 ἅγνοιαν·
2516 2118 2602 2173 ἐάν
2636 2140 2692 2173 τε
2746 2117 3101 2191 λαλήσωμεν,
3157 2118 3230 2181 ὡς
3271 2118 3358 2173 ἐπὶ
3389 2117 3575 2194 ψευδεῖ
3627 2120 3879 2175 ὑποθέσει

466 2208 719 2278 quimur,
754 2208 1008 2278 suspecti
1042 2224 1271 2273 sumus,
1295 2209 1465 2278 quasi
1498 2225 1600 2263 vos
1632 2208 1841 2263 falsam
1877 2210 1949 2263 ob
1982 2226 2104 2263 cau-

2226 2203 2513 2286 φοϐοῦντες
2550 2208 2688 2281 ὑμᾶς
2723 2207 3155 2281 ὑποπτευόμεθα.
3209 2212 3331 2271 Πῶς
3364 2207 3454 2263 οὖν
3509 2208 3792 2281 ἐπᾴσωμεν
3827 2212 3878 2246 ⁹³

466 2313 592 2351 sam
626 2301 967 2352 terreamus.
1010 2299 1131 2362 Quo
1167 2304 1332 2368 pacto
1366 2298 1547 2368 igitur
1574 2296 1799 2352 malum
1849 2314 1983 2352 eum
2016 2298 2104 2353 in-

2226 2296 2298 2369 τῷ
2331 2296 2407 2358 εἰς
2436 2298 2533 2364 τὴν
2570 2296 2828 2373 ὑμετέραν
2880 2297 3030 2367 κακῷ
3082 2293 3469 2372 ἐνδομυχοῦντι
3516 2298 3606 2352 καὶ
3638 2298 3875 2373 πανούρ-

465 2386 852 2452 cantabimus,
887 2386 987 2456 qui
1019 2386 1173 2441 intra
1204 2387 1461 2441 animam
1492 2394 1744 2441 vestram
1779 2385 2104 2454 latet,calli-

2226 2408 2331 2460 γως
2387 2385 2765 2461 ὑποσπείροντι
2818 2385 2944 2458 ὑμῖν
2997 2386 3093 2446 τὰς
3144 2390 3259 2457 Θεῷ
3301 2386 3688 2462 ἐχθραινοὺσας
3740 2387 3877 2441 ὑπο-

465 2474 654 2545 deque
682 2475 846 2529 vobis
877 2475 1145 2531 inimicas
1177 2476 1290 2531 Deo
1324 2476 1582 2531 subserit
1633 2476 1937 2547 opiniones
1973 2494 2104 2547 prae-

2226 2475 2368 2536 νοίας
2400 2476 2667 2551 προφάσει
2694 2481 2793 2543 τῆς
2836 2474 2971 2549 πρὸς
3019 2473 3145 2528 Θεὸν
3190 2473 3375 2551 φιλίας
3407 2478 3451 2511 9‘
3485 2493 3500 2544 ;
3532 2473 3878 2550 Διαλλάγητε

462 2567 621 2619 textu
640 2564 907 2619 amicitias
930 2581 1065 2637 erga
1079 2565 1767 2620 Deum?Reconciliemini
1784 2565 2104 2633 vobiscum;

2226 2564 2449 2625 ἑαυτοῖς·
2506 2564 2635 2637 ὑπὲρ
2690 2564 2790 2639 γὰρ
2846 2565 2946 2631 τῆς
3007 2563 3155 2635 ὑμῶν
3212 2563 3484 2639 σωτηρίας
3530 2562 3732 2640 γίνεται
3764 2567 3875 2634 θεὴ

466 2670 721 2725 namque
771 2670 873 2725 pro
900 2660 1091 2709 vestra
1140 2654 1326 2709 salute
1359 2654 1422 2708 fit
1473 2656 1543 2710 ad
1576 2671 1710 2709 eum
1759 2672 1892 2710 cum
1942 2655 2104 2711 bonis

2226 2654 2358 2725 μετὰ
2406 2650 2649 2714 εὐποιίας
2680 2653 2817 2727 πρὸς
2866 2650 3024 2706 αυτὸν
3075 2654 3377 2728 καταφυγή.
3427 2654 3637 2727 Ἐχθρα
3679 2655 3723 2690 ⁸⁸
3762 2650 3875 2707 ἔστι

465 2743 739 2813 operibus
794 2743 1142 2814 perfugium.
1178 2744 1490 2799 Inimicitia
1521 2745 1788 2815 quadam
1822 2745 1893 2799 ad
1928 2744 2104 2799 Deum

2226 2746 2338 2814 Θεῷ
2369 2740 2419 2795 ἐν
2448 2741 2576 2813 ὑμῖν
2607 2738 2810 2815 ἄλογος
2844 2739 3123 2813 ἐπιθυμία,
3158 2739 3386 2813 ὑπονοίᾳ
3414 2740 3518 2817 γὰρ
3560 2743 3875 2818 φρονήσεως

470 2834 577 2897 est,
615 2848 741 2903 quis
774 2832 830 2885 in
884 2832 1047 2887 vobis
1079 2849 1213 2887 cum
1264 2833 1485 2888 ratione
1516 2837 1735 2905 pugnat
1778 2833 2104 2904 cupiditas;

2226 2832 2319 2899 τὴν
2348 2828 2566 2907 ἄγνοιαν
2600 2828 2873 2905 κρατύνει.

468 2920 607 2991 quia
637 2921 977 2991 suspicione
1012 2922 1331 2993 prudentiae
1364 2923 1695 2977 corroborat
1724 2921 2037 2977 inscitiam.

542 3009 661 3064 XII.
697 3009 807 3063 Alii
856 3027 991 3065 vero
1042 3011 1289 3067 dicunt:
1326 3011 1478 3065 Deus
1527 3010 1709 3065 nostri
1743 3027 1944 3066 curam
1997 3028 2104 3066 non

2292 3010 2408 3066 XII.
2447 3006 2649 3064 ’Ἄλλοι
2705 3005 2762 3062 δὲ
2804 3005 3070 3083 λέγουσιν·
3125 3007 3199 3063 Οὐ
3247 3007 3595 3085 πεφρόντικεν
3646 3010 3803 3080 ἡμῶν
3841 3007 3875 3061 ὁ

468 3096 634 3169 gerit.
668 3098 786 3153 Hoc
817 3115 1050 3171 quoque
1080 3100 1292 3154 falsum
1327 3105 1435 3155 est.
1472 3099 1615 3157 Nam
1649 3098 1697 3155 si
1730 3116 1861 3155 vere
1910 3116 2104 3154 curam

2228 3098 2379 3160 Θεός.
2428 3098 2525 3152 Καὶ
2581 3102 2743 3152 τοῦτο
2801 3094 2996 3170 ψεῦδός
3053 3096 3216 3154 ἐστιν.
3278 3098 3339 3151 Εἰ
3397 3098 3496 3174 γὰρ
3555 3095 3723 3159 ὅντως
3774 3097 3877 3152 οὑκ

470 3203 585 3241 non
617 3192 859 3259 gereret,
894 3205 1081 3261 neque
1108 3188 1288 3243 solem
1323 3206 1497 3244 suum
1528 3188 1667 3244 oriri
1697 3190 1909 3244 faceret
1939 3205 2104 3260 super

2226 3186 2547 3265 ἐφρόντιζεν,
2598 3185 2696 3241 οὑκ
2739 3185 2797 3240 ἂν
2850 3183 2975 3240 οὐδὲ
3016 3184 3108 3240 τὸν
3162 3184 3321 3255 ἣλιον
3368 3186 3532 3241 αὐτοῦ
3578 3184 3864 3241 ἀνέτελλεν

468 3273 653 3329 bonos
683 3279 740 3330 et
788 3274 993 3343 malos,
1025 3294 1212 3348 neque
1260 3276 1516 3348 pluviam
1564 3294 1732 3333 suam
1779 3277 2104 3333 demitteret

2226 3276 2308 3331 ἐπὶ
2370 3274 2598 3352 ἀγαθοὺς
2653 3275 2743 3329 καὶ
2822 3275 3119 3348 πονηροὺς,
3174 3272 3297 3330 οὔτε
3350 3275 3439 3331 τὸν
3501 3276 3650 3331 ὑετὸν
3707 3274 3875 3329 αὐτοῦ

471 3379 647 3435 super
670 3364 863 3435 justos
895 3370 951 3419 et
981 3366 1231 3435 injustos
1263 3368 1358 3437 (a).
1394 3366 1607 3421 Dicunt
1636 3366 1732 3420 alii
1768 3384 1781 3422 :
1811 3366 1995 3437 Magis
2028 3366 2104 3437 pii

2226 3363 2358 3439 ἔερεν
2421 3364 2506 3419 ἐπὶ
2563 3362 2800 3426 δικαίους
2821 3365 2909 3419 καὶ
2968 3362 3203 3427 ἀδίκους.
3236 3368 3447 3439 Ἔτεροι
3490 3362 3547 3419 δὲ
3594 3363 3871 3440 λέγουσιν’

471 3468 701 3515 sumus,
754 3454 853 3524 qui
885 3459 941 3508 et
986 3453 1179 3525 ipsum
1213 3460 1269 3509 ct
1319 3455 1634 3511 simulacra
1674 3455 1941 3511 colimus.
1985 3456 2104 3510 Non

2226 3449 2601 3526 Εὑσεϐἐστεροί
2650 3452 2829 3525 ἐσμεν,
2877 3453 2967 3507 καὶ
3020 3454 3178 3509 αὑτὸν
3228 3454 3317 3508 καὶ
3361 3455 3428 3508 τὰ
3466 3452 3757 3529 ἀγάλματα
3787 3455 3875 3508 σὲ-

471 3546 633 3611 puto,
671 3541 741 3606 ei,
776 3542 872 3613 qui
905 3543 985 3597 ita
1013 3543 1345 3615 loquitur,si
1380 3545 1596 3600 diceret
1626 3546 1743 3617 regi
1780 3560 1791 3598 :
1831 3545 2111 3599 Eumdem

469 3629 578 3683 tibi
612 3632 802 3686 tribuo
835 3632 1312 3704 bonorem,quem
1346 3635 1594 3689 mortuis
1620 3639 1677 3688 et
1707 3634 1930 3703 abjecto
1956 3634 2109 3689 limo:

474 3735 589 3773 non
624 3725 784 3789 puto,
819 3720 1083 3792 inquam,
1116 3722 1164 3774 ei
1199 3722 1341 3776 bene
1368 3739 1696 3777 cessurum.
1730 3722 1841 3777 Sed
1890 3722 2117 3793 inquiet

471 3807 710 3879 aliquis,
745 3810 951 3864 fimum
984 3826 1155 3863 vocas
1189 3814 1385 3864 nostra
1434 3811 1727 3866 numina?
1760 3812 1847 3866 Ita
1877 3811 1988 3866 aio.
2024 3813 2115 3865 In-

472 3896 641 3951 utilia
672 3897 828 3952 enim
860 3898 1021 3952 vobis
1052 3915 1119 3953 ea
1146 3898 1651 3964 reddidistis,dum
1682 3900 1740 3954 in
1774 3901 1912 3955 deos
1946 3902 2123 3955 ascri-

473 3984 782 4042 bitis.Cum
817 3986 1011 4041 forsan
1043 3986 1274 4042 illorum
1308 3987 1550 4043 materia
1581 3989 1650 4044 ad
1685 3988 1907 4061 aliquid
1939 3988 2121 4058 aliud,

546 4110 621 4183 (a)
654 4110 858 4165 Matth.
892 4128 947 4182 v,
982 4112 1069 4167 45.

2222 3539 2427 3605 ϐοντες.
2463 3543 2572 3598 Οὐκ
2603 3543 2780 3616 οἶμαι,
2813 3542 2859 3597 εί
2887 3546 3047 3597 τοῦτο
3083 3542 3255 3619 λέγων
3299 3563 3383 3605 τις
3415 3545 3457 3579 ⁰⁷
3496 3542 3606 3618 ἐρεῖ
3639 3542 3874 3618 βασιλεῖ’

2222 3635 2329 3701 Τήν
2364 3629 2482 3701 ἴσην
2537 3653 2621 3687 σοι
2672 3631 2931 3705 ἀπονέμω
2988 3633 3179 3703 τιμὴν,
3233 3630 3346 3686 οἷαν
3399 3631 3633 3693 καὶτοῖς
3665 3636 3879 3707 νεκροῖς

2225 3722 2313 3777 καὶ
2354 3726 2422 3795 τῇ
2472 3724 2515 3758 9⁸
2566 3719 2866 3797 ἐρῥιμμὲνῃ
2910 3720 3131 3794 κοπρίᾳ·
3192 3720 3290 3775 οὑκ
3347 3717 3535 3793 οἷόμαι
3591 3721 3636 3775 εἰ
3693 3719 3879 3782 καλῶς

2227 3810 2679 3885 ἀπαλλαγήσεται
2723 3812 2786 3865 9°.
2836 3807 2990 3864 Ἀλλ’
3035 3808 3145 3883 ἐρεῖ
3189 3827 3290 3870 τις·
3326 3809 3564 3885 Κοπρίαν
3608 3807 3780 3883 λὲγεις
3810 3810 3883 3862 τὰ

2231 3894 2538 3972 σεϐάσματα
2569 3901 2729 3971 ἡμῶν
2780 3897 2879 3952 Ναί
2931 3919 3097 3975 φημι,
3150 3895 3400 3973 ἄχρηστα
3441 3897 3545 3973 γὰρ
3587 3897 3712 3970 ὑμῖν
3743 3897 3885 3952 αὐτὰ

2233 3986 2549 4059 ἐποιήσατε,
2608 3987 2684 4049 εἷς
2735 3988 2798 4041 τὸ
2857 3981 3029 4041 σέϐειν
3080 3988 3599 4061 καταριθμήσαντες,
3631 3992 3730 4055 τῆς
3784 3985 3881 4041 06-

1822 4229 2063 4287 VARL/E
2103 4229 2512 4287 LECTIONES.

548 4344 587 4423 f"
618 4343 646 4396 ὁ
677 4343 893 4423 inserui
926 4361 975 4400 ο.
1008 4349 1072 4423 ρ.
1104 4347 1149 4423 οξ
1177 4341 1281 4423 ἕξιν
1318 4347 1470 4417 conj.
1505 4351 1567 4401 D.
1595 4350 1718 4423 _Ego
1752 4348 1950 4423 malim
1999 4354 2210 4423 κρᾶσιν,
2255 4350 2411 4420 quod
2461 4349 2701 4422 propius
2745 4348 2981 4423 accedit
3013 4348 3082 4423 ad
3113 4345 3804 4423 lectionem__vulga_tam,
3826 4353 3890 4405 et

479 4414 653 4469 ﬁdem
687 4417 897 4487 accipit
921 4434 987 4471 ex
1020 4414 1719 4490 Rufini'interpretatione
1776 4420 1917 4501 bac:
1951 4414 2096 4475 aeris
2145 4414 2430 4508 temperies
2461 4414 2798 4477 'temeratur.
2849 4421 2908 4476 S.
2942 4421 2986 4455 9³
3030 4417 3297 4546 ἓπάσοὲεν
3332 4418 3396 4474 0.
3428 4420 3473 4454 9‘
3504 4414 3604 4473 Ita'
3624 4420 3709 4488 C.,

482 4483 638 4546 φιλία
669 4488 752 4546 Ο..
784 4492 848 4544 0.
879 4490 922 4526 9⁵
950 4488 1149 4546 γίνεται
1173 4508 1291 4546 om.
1321 4490 1384 4545 0.
1421 4492 1463 4525 95
1496 4492 1649 4545 Fort.
1684 4492 2056 4546 scribendum
2091 4491 2283 4546 ἐγθοα.
2322 4493 2405 4546 vel
2439 4493 2772 4546 addendum
2803 4492 2836 4546 ἡ
2870 4497 3000 4546 post
3054 4494 3167 4546 Θεῶ
3244 4532 3256 4545 .
3289 4492 3331 4526 ⁹⁷
3358 4510 3440 4546 τις
3489 4490 3622 4545 add.
3657 4508 3706 4546 c.
3747 4492 3811 4546 0.
3842 4494 3881 4527 θ’

482 4483 638 4570 φιλίᾳ
669 4488 752 4553 C.,
879 4490 922 4526 9⁵
950 4488 1149 4563 γίνεται
1173 4483 1463 4571 om..0.'96
1496 4492 1649 4545 Fort.
1684 4491 2069 4573 scribendum.
2091 4483 2283 4618 ἐξεῦρέ,
2322 4493 2405 4547 vel
2439 4493 2772 4548 addendum

482 4578 546 4619 τη
581 4577 831 4619 renosm.
866 4568 1173 4619 postquam
1206 4563 1493 4617 excnderat
1524 4580 1616 4619 an.
1650 4562 1729 4617 Cl.
1765 4563 1898 4618 etS.
1933 4564 2113 4618 Subin
2162 4580 2192 4619 e
2226 4561 2481 4619 ὲόὁιμένη
2511 4566 2576 4619 0.
2606 4566 2650 4599 9°
2678 4564 2772 4617 ἀπο

479 4559 546 4630 τῇ
581 4559 831 4630 reposui,
865 4559 1173 4634 postquam
1206 4562 1493 4617 exciderat
1524 4580 1616 4634 ap.
1650 4562 1729 4617 Cl.
1765 4563 1898 4618 etS.
1933 4564 2113 4618 Subin

2870 4497 3000 4562 post
3054 4494 3167 4561 Θεῷ
3199 4490 3256 4546 S.
3289 4492 3331 4526 97
3358 4510 3440 4551 τις
3489 4490 3622 4545 add.
3657 4508 3706 4547 c.
3747 4490 3811 4547 0.
3842 4494 3886 4527 ⁹³

2226 4561 2481 4639 ὲρῥιμένῃ
2511 4566 2576 4619 Ο.
2606 4566 2650 4599 ⁹⁹
2678 4561 2974 4635 ἀπαλλάξει
3007 4562 3067 4618 C.

1852 4686 2230 4744 VARIORUM
2270 4688 2501 4744 NOT/E.

559 4786 669 4857 (32)
702 4780 983 4865 ’ᾼθάνατος
1002 4783 1147 4911 Νἴάρο
1176 4784 1211 4851 ἡ
1271 4784 1447 4856 ψυχή.
1510 4783 1581 4838 Ut
1626 4783 1939 4840 Clementis
1990 4802 2122 4841 sen-

559 4856 666 4911 itia
696 4863 907 4911 citetur
939 4874 971 4910 a
1061 4873 1273 4911 axnmo.
1307 4857 1571 4911 Locorum
1600 4858 1973 4910 communium
2004 4874 2121 4911 ser-

485 4856 666 4912 tentia
696 4856 907 4911 citetur
939 4874 971 4910 a
1002 4856 1273 4924 Maximo,
1307 4857 1571 4911 Locorum
1600 4858 1973 4910 communium
2004 4874 2121 4912 ser-

488 4945 658 4983 mone
685 4928 775 4991 53,
810 4934 870 4982 ut
905 4927 1213 4982 Clementis
1249 4927 1589 4992 Romani,in
1620 4928 1977 4982 Damasceno
2011 4946 2123 4983 ms.

470 5014 613 5070 cap.
650 4998 984 5071 Περῖψυχῆς
1035 4996 1131 5071 καὶ,
1156 5000 1379 5071 vos,_ad
1430 4998 1585 5071 hunc
1604 4999 1873 5071 “modum
1912 5016 1939 5071 __:
1968 5000 2125 5052 Ἀθά-

482 5062 633 5123 νατοι
662 5062 825 5123 πᾶσαι
847 5062 1159 5143 μαῖ’ψυχαὶ,
1210 5062 1298 5123 καὶ
1343 5072 1449 5143 τῶν
1484 5062 1729 5143 Αάσεϐῶν,
1760 5068 2124 5143 Δαἴςᾼιίἱμεινον

484 5143 662 5218 ᾖνλμή
723 5137 1022 5218 ἀφθάρτους
1049 5137 1232 5218 "given.
1284 5137 1652 5218 Κολαζόμεναι
1694 5137 1815 5218 ’γὰρ
1874 5137 1976 5218 ὑπ’ξ)
2032 5146 2128 5196 τοῦ

486 5208 744 5287 ἀσϐέστου
771 5208 942 5283 πυρὸς
992 5212 1272 5287 ἀπεράντῳ
1317 5208 1820 5287 τιμωρῖ-ᾳηκαὶμῇ
1866 5214 2130 5287 θνήσκου-

486 5234 744 5267 ασοεστου
773 5234 942 5283 πυρος
992 5234 1272 5287 απεραντῳ
1317 5234 1369 5266 τι
1422 5234 1576 5287 ωριᾳ,
1621 5234 1709 5265 και
1745 5234 1820 5284 μη
1866 5234 2127 5282 υνησκου-

486 5306 593 5349 σαι,
628 5284 712 5338 ἐπὶ
743 5289 892 5355 κακῷ
946 5288 1023 5354 τῷ
1076 5284 1276 5337 ἑαυτῶν
1316 5234 1473 5344 τέλος
1518 5277 1702 5337 λαϐεῖν
1750 5283 1847 5337 οὑκ
1890 5283 2127 5358 ἔχουσιν.

485 5359 821 5439 [mmortales
853 5374 1033 5411 omnes
1062 5359 1270 5411 anima:
1298 5362 1446 5423 sunt,
1475 5360 1655 5439 etiam
1672 5358 1990 5439 impiorum,
2006 5360 2133 5439 qui-

489 5431 587 5482 bus
618 5431 819 5482 melius
849 5437 985 5483 esset
1015 5444 1121 5482 non
1169 5445 1282 5482 esse
1310 5429 1655 5498 corruptiom'
1684 5445 1794 5483 non
1846 5431 2129 5484 obnoxias.

487 5501 624 5554 Nam
654 5517 747 5569 per
776 5502 958 5567 ignem
992 5502 1383 5553 inexslinctum
1428 5501 1689 5556 cruciats?
1715 5510 1973 5571 perpetuo
2002 5518 2131 5569 sup-

486 5572 671 5642 plirio,
708 5587 801 5623 nec
846 5573 1165 5636 morientes,
1214 5587 1308 5625 suo
1358 5573 1604 5640 ipsarum
1653 5575 1797 5642 malo
1844 5575 1933 5626 sui

488 5641 732 5714 accipere
764 5660 872 5715 iam
903 5641 1636 5715 possanl.Recognitionum
1669 5641 1767 5715 lib.
1801 5660 1853 5709 v,
1889 5643 2130 5715 cap.28:

484 5713 838 5772 [mmortales
886 5728 1132 5783 namque
1180 5713 1330 5768 sunt
1358 5714 1525 5769 etiam
1563 5714 1864 5785 impiorum
1908 5713 2133 5779 ariimac,

1970 5574 2136 5641 ﬁnem

2235 4803 2370 4857 quas
2400 4788 2509 4857 ipsi
2534 4788 2770 4856 fortasse
2789 4787 2962 4841 velint
2984 4787 3197 4856 pariter
3226 4799 3349 4838 cum
3368 4784 3684 4855 corporibus
3705 4785 3887 4857 ﬁniri:

2235 4856 2327 4914 sed
2360 4873 2466 4911 non
2498 4858 2579 4912 ita
2608 4867 2732 4930 est;
2752 4860 3040 4930 perferunt
3055 4857 3204 4930 enim
3234 4857 3379 4925 ignis
3408 4857 3603 4911 mtemi
3629 4858 3750 4930 siue
3776 4856 3891 4926 fine

2233 4930 2525 5000 supplicia,
2556 4938 2606 5000 et
2634 4928 2705 4982 ad
2752 4927 3060 5000 perniciem
3088 4928 3179 5000 sui
3223 4931 3487 5000 naturam
3531 4943 3639 5000 non
3688 4927 3891 4985 habent

2235 4997 2535 5055 moriendi.
2568 4999 2713 5054 Cum
2748 4999 3107 5054 Clementinis
3138 4997 3396 5069 loquitur
3435 4998 3707 5053 Justinus
3737 5003 3889 5055 Mar-

2236 5077 2328 5144 tyr
2350 5071 2615 5144 Apologia
2644 5089 2706 5144 u,
2740 5088 2798 5143 p.
2828 5071 2940 5144 64,⁸
2962 5071 3283 5144 et_Dialogo
3309 5086 3439 5144 cum
3472 5070 3791 5144 “Tryphone,
3825 5089 3885 5144 p.

2237 5135 2362 5213 2'23,
2391 5135 2653 5213 dicitque
2693 5135 3003 5214 improbis,
3034 5135 3441 5214 lucrum,fore,
3471 5135 3721 5214 ιριὶάιον,
3766 5135 3891 5199 ani-

2240 5212 2368 5270 mas
2399 5212 2579 5283 mori;
2600 5219 2657 5268 et
2706 5212 2879 5269 fin—em
2914 5212 3129 5268 habere
3182 5213 3239 5267 in
3271 5212 3742 5269 statum's'ensus
3793 5232 3889 5270 va-

2240 5282 2523 5351 cuum,el<
2556 5282 3029 5358 ἀναισθησίανΑά
3078 5300 3317 5358 sensum
3367 5300 3513 5358 vero
3546 5287 3893 5358 Recognitio.

2240 5375 2375 5437 num
2420 5358 2723 5437 Minucius.
2760 5356 2936 5437 Felix,
2968 5373 3143 5437 quem
3174 5355 3419 5437 eo.loco
3469 5355 3657 5437 citavi.
3680 5355 3791 5437 _'Ac
3821 5374 3893 5437 ea

2244 5427 2951 5501 philosophis_Hierocles
2982 5426 3040 5501 in
3093 5426 3353 5501 carmina
3383 5426 3767 5501 Pythagorica
3816 5430 3891 5501 ad

2243 5496 2391 5573 vel‘s.
2422 5496 2537 5554 29:
2581 5496 2652 5573 Οὐ
2704 5496 2958 5573 βούλεται
3002 5498 3041 5573 ’ὁ
3090 5496 3256 5573 κακὸς
3301 5496 3739 5573 ἀθάνατονθεῖναι
3792 5500 3893 5566 τὴν

2244 5569 2407 5623 αὑτοῦ
2458 5570 2667 5644 ψυχὴν,
2705 5567 2804 5623 ’ἵνα
2856 5570 2931 5641 μὴ
2997 5567 3260 5641 ὑπομείνῃ
3305 5568 3715 5643 τιμωρούμενος
3774 5573 3891 5628 Νοη

2244 5645 2395 5698 claim
2448 5644 2561 5698 vult
2611 5644 2706 5713 qui
2750 5644 2930 5699 malus
2977 5645 3074 5703 est,
3125 5656 3237 5696 esse
3305 5644 3414 5697 sibi
3464 5645 3714 5697 animum
3784 5647 3891 5701 im-

2243 5714 2551 5783 mortalem,
2580 5731 2652 5772 ne
2676 5715 2952 5773 scelerum
2977 5713 3243 5770 ultionem
3266 5716 3538 5785 patiatur.
3566 5718 3697 5771 Co'r.
