4114 6338
295 444 416 505 285

1432 444 1966 508 CLEMENTINA.
2001 478 2078 493 —
2106 450 2436 511 HOMILIA
2478 451 2582 511 XI.

3590 453 3709 513 286

296 575 421 638 σίας
474 576 646 632 αὐτῶν
699 576 832 640 ἴσως
879 577 953 639 εἷς
1001 580 1069 615 ¹⁰⁰
1118 574 1257 633 ἄλλο
1286 598 1335 631 τι
1367 578 1403 645 ἧ
1439 577 1515 639 εἰς
1556 578 1708 635 238
1744 584 1947 653 χρῆσιν

2066 581 2147 637 vel
2180 583 2249 637 ad
2283 583 2509 652 fimum,
2544 584 2753 639 fuisset
2793 584 2975 640 utilis.
3019 584 3184 641 Nunc
3226 600 3360 642 vero
3412 602 3598 658 neque
3629 586 3703 641 ad

294 665 531 741 κόπρου,
564 666 1037 742 εὐχρηστησάσης.
1070 671 1175 721 Νῦν
1210 664 1267 720 δὲ
1298 664 1422 720 οὐδὲ
1454 671 1471 705 ¹
1507 665 1584 728 εἷς
1611 671 1772 721 τοῦτο
1804 687 1948 743 χρη-

295 755 534 827 σιμεύει,
593 756 683 811 ὅτε
742 756 1314 832 μετασχηματίσαντες
1392 762 1761 830 προσκυνεῖτε.
1827 761 1951 819 Πῶς

297 842 358 899 δὲ
406 845 498 899 καὶ
539 848 560 881 ²
608 841 973 919 εὐσεϐέστεροι
1024 845 1156 900 εἶναί
1212 866 1363 923 φατε,
1396 846 1447 899 οἱ
1494 846 1708 899 πάντων
1762 840 1947 901 ἀσεϐὲ-

296 954 509 1005 στατοι,
542 934 706 1008 ταύτῃ
735 934 871 1009 αὐτῇ
902 939 970 1009 τῇ
1006 940 1103 1009 μιᾷ
1130 934 1217 989 καὶ
1249 934 1557 1011 ἀσυγκρίτῳ
1590 934 1827 1008 ἁμαρτίᾳ
1857 938 1953 1009 ψυ-

292 1029 411 1099 χῆς
444 1020 668 1100 ὄλεθρον
708 1023 1013 1102 ὀφείλοντες
1058 1029 1138 1096 τῷ
1168 1023 1365 1094 ἀληθεῖ
1393 1027 1433 1095 ³,
1467 1023 1551 1078 ἐὰν
1596 1023 1950 1097 ἐπιμείνητις

290 1114 387 1174 Ὠς
428 1114 533 1188 γὰρ
583 1110 638 1167 εἷ’
679 1135 762 1176 τις
809 1114 924 1176 υἱὸς
971 1111 1157 1168 πολλά
1204 1111 1651 1187 εὐεργετούμενος
1703 1113 1806 1167 ὑπὸ
1856 1117 1954 1168 τοῦ

290 1204 504 1277 πατρὸς
537 1202 706 1278 ἑτέρῳ
733 1202 842 1257 τινὶ
872 1206 951 1274 τῷ
986 1203 1059 1275 μὴ
1093 1201 1256 1277 πατρὶ
1304 1203 1403 1270 τήν
1461 1200 1828 1280 ὀφειλομένην
1873 1203 1953 1275 τῷ

289 1289 463 1366 πατρὶ
497 1289 723 1363 ἀποδῴη
750 1294 771 1327 ⁸
790 1288 1210 1364 τιμὴν,πάντως
1242 1290 1703 1367 ἀποκληρονόμος
1732 1291 1951 1367 γίνεται·

288 1378 428 1433 ἐπὰν
486 1377 544 1434 δὲ
589 1379 727 1435 κατά
770 1380 999 1456 γνώμην
1050 1384 1148 1434 τοῦ
1196 1380 1398 1455 πατρὸς
1446 1378 1599 1455 βιοὺς
1656 1380 1954 1456 εὐχαριστῇ

289 1466 387 1523 ἰπὶ
416 1472 537 1530 ταῖς
569 1467 920 1543 εὐεργεσίαις,
953 1466 1196 1544 εὐλόγως
1227 1466 1579 1544 κληρονόμος
1619 1468 1845 1544 γίνεται.

368 1580 521 1632 XIII.
555 1573 757 1631 ’Δλλοι
790 1573 847 1631 δὲ
878 1575 1143 1653 λέγουσιν’
1174 1570 1414 1631 ’Λσεϐεῖν
1460 1574 1866 1649 μὲλλομεν,ἐὰν
1889 1577 1957 1631 τὰ

288 1662 675 1741 παραδοθέντα
712 1668 848 1738 ἡμῖν
916 1665 975 1721 ἐκ
1018 1666 1263 1742 πατέρων
1332 1660 1642 1737 σεϐάσματα
1702 1663 1955 1719 καταλεί-

289 1758 492 1828 ψωμεν
532 1756 573 1790 ⁸⁸
628 1754 820 1828 ὅμοιον
879 1754 981 1831 γάρ
1042 1754 1149 1809 ἐστι
1207 1759 1286 1827 τῷ
1332 1756 1652 1828 παραθήκην
1702 1753 1954 1831 φυλάξαι.

290 1844 506 1898 Οὐκοῦν
552 1844 731 1917 τούτῳ
777 1849 856 1917 τῷ
905 1843 1052 1920 λόγῳ
1095 1844 1190 1899 κᾶν
1240 1842 1441 1918 λῃστοῦ
1482 1864 1563 1904 τις
1599 1842 1634 1917 ᾖ
1666 1844 1870 1918 πατρὸς
1919 1844 1954 1912 ἢ

2060 670 2167 725 hoc
2198 672 2450 742 prodest,
2477 673 2709 743 quando
2734 690 2766 727 a
2787 674 2949 728 vobis
2971 674 3452 746 transfiguratam
3484 674 3698 730 colitis.

2060 761 2183 825 Qua
2213 764 2408 815 autem
2455 762 2677 815 ratione
2727 780 2828 817 vos
2860 768 2916 817 et
2948 762 3135 834 magis
3178 763 3302 835 pios
3352 762 3566 830 dicitis,
3601 765 3702 835 qui

2061 850 2325 904 omnium
2357 852 2500 905 estis
2530 850 2889 923 impiissimi,
2935 851 3041 907 hoc
3094 852 3218 923 ipso
3251 869 3367 907 una
3396 858 3453 908 et
3480 852 3703 907 incom-

2062 938 2307 1008 parabili
2341 944 2571 1010 peccato
2603 939 2902 995 interitum
2948 941 3156 995 anima:
3189 946 3476 996 merentes
3508 958 3703 996 coram

2061 1025 2181 1097 illo,
2216 1028 2313 1097 qui
2347 1045 2517 1083 verus
2550 1034 2655 1094 est,
2706 1030 2753 1085 si
2790 1031 3187 1101 perseveretis.
3238 1030 3493 1103 Exempli
3524 1030 3708 1101 gratia

2063 1115 2112 1170 si
2144 1117 2277 1187 quis
2310 1116 2752 1189 ﬁlius,plurima
2781 1118 3061 1173 beneﬁcia
3092 1136 3123 1174 a
3148 1124 3307 1190 patre
3336 1125 3707 1185 consecutus,

2065 1203 2231 1260 alteri
2266 1205 2364 1276 qui
2398 1211 2564 1277 pater
2593 1224 2708 1261 non
2741 1207 2818 1261 sit
2846 1208 3105 1262 debitum
3135 1208 3276 1280 patri
3311 1208 3584 1263 honorem
3618 1209 3711 1262 de-

2064 1293 2234 1362 ferat,
2266 1294 2439 1366 plane
2470 1295 2949 1353 ethredabitur.
2998 1302 3139 1352 Cum
3169 1314 3300 1353 vero
3331 1314 3397 1352 ex
3427 1296 3715 1352 sententia

2066 1384 2247 1454 patris
2291 1385 2491 1439 vivens
2542 1385 2758 1456 gratias
2789 1386 2860 1440 de
2910 1386 3207 1442 beneficiis
3256 1385 3454 1459 egerit,
3505 1386 3710 1442 merito

2064 1470 2251 1527 haeres
2283 1471 2665 1544 relinquetur.

2140 1579 2289 1633 XIII.
2326 1578 2432 1633 Alii
2464 1595 2598 1634 vero
2632 1579 2853 1644 dicunt,
2907 1580 3073 1652 impii
3126 1579 3365 1648 erimus,
3397 1580 3445 1635 si
3479 1580 3647 1635 nobis
3680 1597 3713 1635 a

2068 1668 2331 1740 patribus
2356 1669 2569 1723 tradita
2588 1669 2831 1723 numina
2848 1669 3255 1741 dereliquerim
3268 1687 3361 1725 us:
3380 1671 3530 1725 idem
3555 1670 3712 1723 enim

2068 1763 2157 1812 est
2186 1774 2251 1811 ac
2282 1758 2614 1829 depositum
2676 1775 2921 1814 servare.
2976 1760 3161 1831 Igitur
3206 1760 3315 1814 hac
3370 1760 3611 1823 ratione,
3665 1758 3715 1813 si

2068 1846 2281 1917 aliquis
2312 1853 2473 1901 ortus
2508 1848 2583 1902 sit
2612 1864 2680 1902 ex
2711 1853 2871 1919 patre
2902 1847 3124 1903 latrone
3156 1853 3256 1903 aut
3285 1848 3577 1915 obscaeno,
3598 1864 3710 1902 non

289 1928 654 2009 αἷσχροὸίου,
697 1932 796 1988 οὐκ
855 1931 1060 2020 ὀφείλει
1118 1934 1145 1987 ὁ
1199 1933 1313 1995 υἱὸς
1369 1934 1543 2020 νήψας
1601 1932 1661 1986 τὸ
1708 1937 1947 2007 κρεῖττον

2069 1935 2399 1991 debetfilius
2429 1936 2579 2007 frugi
2603 1954 2731 1991 esse
2765 1937 3185 2009 melioremque
3208 1938 3383 1992 vitam
3407 1936 3710 2008 amplecti,

290 2022 539 2093 ὲλὲσθαι,
566 2020 659 2077 ’ἶνα
693 2024 767 2095 μὴ
799 2017 1055 2097 ἀσεϐήσῃ,
1086 2021 1175 2077 καὶ
1214 2022 1289 2095 μὴ
1327 2021 1393 2076 τὰ
1444 2019 1531 2075 ἴσα
1576 2025 1690 2082 τοῖς
1738 2026 1954 2096 γονεῦσι

288 2116 474 2167 ποιῶν
501 2112 779 2185 ἁμαρτάνῃ
807 2114 848 2168 ⁸.
880 2116 1001 2174 Πῶς
1035 2109 1100 2181 δὴ
1133 2110 1355 2181 ἀνόητοι
1389 2110 1441 2164 οἱ
1472 2108 1747 2184 λέγοντες·
1780 2115 1956 2166 Ταῦτα

288 2204 735 2277 προσκυνοῦμεν,
762 2198 853 2254 ἵνα
887 2204 963 2273 μὴ
1014 2199 1161 2272 αὐτῴ
1212 2197 1471 2276 ὀχλῶμεν
1503 2218 1516 2267 ;
1552 2199 1626 2260 ὡς
1670 2197 1955 2273 ὀχλουμέ-

286 2311 394 2344 νου
423 2294 560 2346 Θεοῦ
617 2287 698 2367 ἐφ’
727 2291 807 2351 οἷς
865 2288 1208 2365 εὐφημεῖται.
1272 2289 1348 2361 μή
1409 2285 1756 2361 ὀχλουμένου
1784 2285 1841 2342 δὲ
1873 2288 1955 2367 ἐφ’

291 2381 383 2441 οἷς
412 2376 879 2455 ἀχαριστοῦμενος
941 2376 1365 2455 βλασφημεῖται.
1400 2379 1495 2431 Διά
1522 2376 1573 2431 τί
1605 2374 1718 2449 οῦν,
1754 2377 1951 2433 ὁπόταν

294 2468 483 2544 ἑποχή
536 2468 696 2523 ὑετοῦ
740 2466 987 2543 γένηται,
1020 2468 1157 2542 πρὸς
1206 2464 1431 2542 οὐρανὸν
1479 2465 1546 2521 τὰ
1600 2465 1771 2521 πάντα
1818 2466 1951 2545 ἀφο-

293 2562 501 2633 ρῶντες
534 2556 700 2632 εὐχὰς
728 2557 817 2611 καὶ
849 2555 1003 2618 λιτὰς
1037 2550 1469 2628 ἀπονέμετεςκαὶ
1488 2552 1611 2611 ὅταν
1633 2554 1953 2631 ἐπιτύχητε,

288 2648 493 2721 τάχιον
523 2644 978 2715 ἐπιλανθάνεσθε;
1013 2644 1320 2718 ἀμήσαντες
1350 2645 1454 2719 γὰρ
1502 2646 1537 2713 ἢ
1588 2648 1950 2721 τρυγήσαντες

292 2735 493 2797 εὐθέως
522 2741 640 2797 τοῖς
678 2732 845 2808 μηδὲν
874 2738 893 2771 ’³
926 2732 1074 2789 οὖσιν
1108 2732 1363 2795 εἰδώλοις
1392 2735 1487 2796 τὰς
1512 2734 1764 2810 ἀπαρχὰς
1798 2738 1951 2793 289

291 2824 615 2897 ἀπονέμετε,
640 2823 831 2900 τάχιον
866 2822 1349 2897 ἐπιλανθανόμενοι
1379 2827 1477 2877 τοῦ
1507 2822 1953 2900 εὐεργετήσαντος

289 2920 449 2971 Θεοῦ.
486 2913 585 2969 Καὶ
618 2912 789 2976 οὕτως
823 2913 899 2975 εἷς
940 2912 1080 2984 ἄλση
1113 2916 1133 2950 ⁸
1162 2912 1252 2968 καὶ
1303 2912 1379 2974 εἷς
1426 2912 1555 2975 τοὺς
1592 2912 1753 2975 ναοὺς
1800 2913 1951 2989 γενό-

291 3024 447 3077 μενοι
494 3002 678 3067 θυσίας
726 3000 1101 3065 ἐπιτελοῦντες
1164 3002 1478 3077 εὐωχεῖσθε.
1534 3003 1633 3055 Διὰ
1677 3006 1840 3057 τοῦτο
1900 3002 1952 3057 οἱ

292 3093 391 3167 μὲν
441 3093 596 3165 ὑμῶν
648 3090 923 3167 λέγουσιν·
956 3092 1305 3167 Παρηγορίας
1356 3091 1445 3146 καὶ
1488 3094 1584 3145 τοῦ
1629 3090 1950 3167 εὐωχεῖσθαι

286 3184 457 3259 χάριν
489 3180 675 3243 καλῶς
705 3185 871 3235 ταῦτα
900 3180 1264 3250 ἐπινενόηται.

364 3289 507 3345 XIV.
540 3294 601 3341 Ὦ
659 3286 912 3356 ἀνόητοιι
971 3286 1127 3360 ὑμεῖς
1172 3290 1270 3340 τοῦ
1322 3283 1621 3361 λεγομένου
1670 3284 1876 3362 γίνεσθε
1931 3289 1954 3326 θ

287 3376 496 3435 δίκαιοι
554 3376 755 3453 κριταί.
814 3374 983 3452 Εἴπερ
1068 3374 1172 3451 γὰρ
1228 3375 1318 3429 καὶ
1375 3374 1544 3452 ἐχρῆν
1605 3374 1829 3430 ἐνταῦθα
1876 3376 1952 3438 εἰς

286 3466 583 3543 εὐφρασίαν
652 3465 904 3537 σώματος
985 3464 1169 3518 ἑαυτὸν
1250 3461 1432 3518 δοῦναι
1507 3463 1638 3535 ποίᾳ
1719 3463 1947 3540 εὐωχίᾳ,

284 3557 533 3630 ἀμείνων
563 3556 629 3625 ἦν
658 3558 693 3624 ἡ
726 3553 777 3608 ἐν
829 3559 1098 3626 ποταμοῖς
1134 3556 1177 3590 ¹⁰
1205 3555 1296 3607 καὶ
1348 3550 1505 3615 ὕλαις
1554 3553 1645 3607 καὶ
1706 3552 1945 3625 ἄλσεσιν,

288 3643 422 3709 ἔνθα
453 3644 725 3700 εἰλαπίναι
769 3643 859 3697 καὶ
907 3638 1182 3715 συμπόσια
1232 3640 1321 3696 καί
1360 3643 1639 3697 κατάσκιοι
1694 3642 1879 3711 τόποι,
1910 3643 1945 3713 ἢ

275 3735 424 3792 ὅπου
474 3732 705 3787 ἀπόνοια
755 3730 1051 3805 δαιμόνων,
1100 3732 1191 3785 καὶ
1241 3736 1443 3806 χειρῶν
1493 3730 1682 3804 τομαὶ,
1734 3733 1824 3785 καὶ
1868 3731 1949 3786 αἷ-

276 3822 452 3879 δοίων
485 3821 782 3892 ἀποκοπαὶ,
814 3820 905 3875 καὶ
954 3820 1183 3895 οἷστροι,
1217 3822 1307 3874 καὶ
1351 3820 1557 3892 μανίαι,
1599 3820 1688 3875 καὶ
1736 3825 1946 3896 τριχῶν

271 3913 478 3986 κόμαι,
528 3910 619 3965 καὶ
656 3909 886 3983 κόμποι,
930 3908 1021 3963 καὶ
1066 3908 1464 3980 ἐνθουσιασμοὶ,
1515 3909 1605 3963 καὶ
1657 3908 1944 3985 ὀλολυγαὶ,

272 4005 374 4059 καὶ
424 4002 599 4056 πάντα
650 3999 917 4055 ἐκεῖνατά
952 3999 1066 4072 μεθ’
1099 3997 1430 4073 ὑποκρίσεως
1484 3997 1560 4059 εἷς
1608 3996 1943 4069 κατάπληξιν

268 4096 389 4148 τῶν
420 4090 668 4161 ἀνοήτων
692 4088 972 4165 γινόμενα,
1006 4086 1156 4149 ὅπως
1184 4088 1279 4149 τὰς
1314 4087 1465 4159 ὑμῶν
1504 4091 1545 4126 ιι
1582 4085 1943 4165 ὀφειλομίνας

279 4181 456 4257 εὐχάς
534 4177 626 4233 καὶ
714 4176 1061 4253 εὐχαριστίας
1136 4177 1227 4231 καὶ
1320 4180 1519 4251 νεκρῶν
1607 4177 1943 4253 νεκροτὲροις

271 4268 683 4346 προσενέγκητε
701 4285 715 4335 ;

346 4377 470 4435 XV.
507 4375 605 4429 Καὶ
667 4370 757 4427 διὰ
810 4371 865 4427 τί
922 4371 1207 4449 χαίροντες
1260 4376 1428 4427 ταῦτα
1485 4376 1733 4441 ποιεῖτε;
1796 4370 1944 4427 Ἐπεὶ

274 4466 339 4523 οὐ
373 4460 525 4520 θέλει
559 4463 687 4536 ὑμῖν
720 4463 748 4516 ὁ
780 4460 1116 4541 ἐμφωλεύων
1151 4461 1317 4517 εἰπεῖν
1352 4456 1474 4539 ὄφις
1510 4464 1574 4533 ¹²,
1606 4461 1664 4521 ’ὀς
1704 4459 1943 4516 ἐνέσπει-

275 4577 366 4631 ρεν
403 4555 534 4626 ὑμῖν
574 4553 675 4620 τὴν
735 4552 975 4627 ἄκαρπον
1034 4550 1343 4624 ἐπιθυμίαν,
1377 4549 1556 4626 λέγων
1616 4550 1943 4623 ὑπομνήσω.

273 4646 442 4719 Ἔχει
494 4640 552 4697 δὲ
600 4638 796 4703 οὕτως·
852 4640 1003 4713 Παρὰ
1068 4642 1137 4713 τῇ
1186 4644 1284 4695 τοῦ
1335 4644 1468 4695 Θεοῦ
1533 4638 1792 4713 θρησκείᾳ
1849 4660 1944 4709 κηο

2066 2041 2138 2079 ne
2176 2024 2389 2095 impius
2413 2026 2958 2097 evadat,peccetque
2981 2027 3183 2081 eadem
3207 2043 3340 2081 cum
3372 2025 3712 2097 parentibus

2065 2130 2179 2167 non
2200 2114 2635 2185 agendo.Quam
2660 2114 2822 2169 stulti
2846 2119 3039 2169 autem
3064 2116 3325 2187 sunt,qui
3351 2115 3714 2169 dicuntzﬂaac

2065 2202 2482 2269 adoramus,ne
2506 2208 2618 2258 Deo
2640 2202 2828 2258 simus
2856 2203 3101 2259 molesti!
3129 2204 3303 2269 Quasi
3332 2204 3443 2259 Deo
3468 2203 3712 2259 molesta

2066 2291 2185 2347 sint
2206 2308 2271 2347 ea
2294 2292 2508 2364 quibus
2531 2290 2946 2359 laudatur,non
2973 2293 3606 2365 molestavero,quibus
3630 2292 3712 2346 in-

2063 2385 2225 2454 grate
2248 2380 2530 2452 accipitur
2548 2386 2604 2435 et
2626 2381 3479 2453 inflammatur.Curergo,cum
3501 2381 3711 2437 imbris

2066 2470 2341 2526 acciderit
2370 2486 2617 2537 remora,
2653 2470 2711 2525 in
2743 2470 2954 2526 coelum
3005 2471 3244 2526 omnino
3283 2471 3479 2525 intuiti
3512 2487 3711 2543 preces

2065 2576 2131 2613 ac
2154 2558 2615 2630 supplicationes
2638 2559 2997 2632 assignatis?
3017 2565 3073 2616 et
3096 2561 3326 2633 quando
3348 2560 3708 2631 obtinuistis,

2064 2649 2175 2703 cito
2206 2647 2637 2703 obliviscimini.
2665 2649 2837 2704 Facta
2861 2650 3015 2704 enim
3051 2667 3240 2705 messe
3270 2654 3370 2704 aut
3398 2650 3709 2718 vindemia,

2062 2737 2261 2794 statim
2294 2737 2363 2792 ad
2398 2736 2574 2806 idola,
2606 2754 2731 2809 quae
2766 2738 2911 2793 nihil
2945 2743 3101 2806 sunt,
3129 2738 3415 2811 primitias
3447 2738 3709 2808 defertis,

2063 2824 2328 2881 celeriter
2357 2826 2456 2881 Dei
2492 2826 2887 2894 immemores,
2920 2828 3184 2883 beneficii
3219 2826 3709 2899 auctoris.Sicque

2062 2913 2121 2969 in
2156 2916 2492 2971 nemoribus
2514 2920 2569 2970 et
2598 2915 2658 2971 in
2678 2916 2914 2988 templis
2945 2916 3119 2989 positi
3151 2917 3435 2973 sacriﬁcia
3460 2916 3709 2973 celebra-

2062 3003 2160 3074 tis,
2195 3009 2370 3075 atque
2400 3005 2569 3077 genio
2600 3005 2934 3078 indulgetis.
2968 3008 3331 3078 Quapropter
3371 3005 3615 3062 nonnuli
3640 3023 3708 3061 ex

2062 3092 2225 3147 vobis
2258 3093 2459 3147 dicunt
2510 3109 2522 3147 :
2572 3093 2771 3148 Solatii
2819 3099 2875 3149 et
2912 3095 3074 3149 bonaa
3126 3094 3487 3152 tractationis
3531 3111 3711 3152 causa

2064 3182 2341 3251 praeclara
2372 3180 2488 3236 ista
2516 3182 2841 3253 excogitata
2871 3187 3028 3239 sunt.

2135 3291 2285 3342 XIV.
2318 3287 2362 3342 Ο
2394 3287 2625 3343 stolidi!
2662 3289 2775 3343 Vos
2808 3289 2986 3359 hujus
3013 3290 3151 3344 dicti
3181 3295 3365 3345 estote
3386 3290 3535 3361 justi
3558 3291 3715 3361 judi-

2064 3392 2179 3431 ces.
2215 3376 2273 3431 Si
2298 3378 2453 3431 enim
2486 3378 2791 3448 oportebat
2816 3378 2907 3432 hic
2942 3394 3003 3432 se
3053 3381 3124 3432 ad
3157 3378 3415 3449 corporis
3444 3378 3713 3451 volupta-

2061 3469 2179 3521 tem
2213 3465 2385 3520 alicui
2417 3467 2644 3521 tradcre
2675 3466 3281 3533 oblectationi,melior
3308 3474 3433 3523 erat
3461 3485 3549 3535 ea,
3581 3486 3709 3539 quas

2060 3554 2121 3609 in
2154 3555 2347 3610 ﬂuviis
2378 3560 2434 3610 et
2483 3554 2646 3611 silvis
2696 3562 2751 3610 et
2796 3556 2965 3623 lucis,
3018 3556 3114 3611 ubi
3164 3559 3626 3627 compotationes
3656 3562 3713 3613 et

2060 3643 2324 3699 convivia
2361 3649 2419 3699 et
2466 3644 2573 3699 loci
2622 3645 2906 3708 umbrosi,
2960 3661 3134 3715 quam
3208 3646 3301 3699 ubi
3352 3646 3711 3702 daamoniaca

2061 3733 2402 3804 amentia,et
2434 3751 2716 3788 manuum
2750 3734 3055 3797 sectiones,
3089 3733 3478 3788 abscissiones
3506 3751 3710 3789 veren-

2060 3822 2296 3891 dorum,
2332 3821 2575 3875 rabidus
2609 3821 2790 3892 furor,
2826 3821 3075 3892 insania,
3110 3820 3295 3892 sparsi
3329 3822 3541 3888 crines,
3568 3827 3715 3877 stre-

2058 3909 2218 3981 pitus
2279 3910 2700 3981 stridoresque,
2781 3910 3017 3966 afﬂatus
3095 3911 3353 3979 fanatici,
3426 3911 3710 3979 ululatus,

2062 3998 2380 4070 omniaque
2411 3998 2512 4054 illa
2560 4016 2688 4071 qua:
2736 4016 2869 4054 cum
2916 3999 3290 4055 simulatione
3330 4000 3401 4057 ad
3433 4006 3712 4055 terrorem

2057 4088 2382 4143 amentium
2418 4089 2657 4159 fiunt,ut
2681 4089 2908 4144 debitas
2935 4087 3049 4145 illis
3072 4106 3272 4161 preces
3303 4093 3360 4145 et
3387 4090 3709 4162 gratiarum

2056 4177 2312 4233 actiones
2343 4177 2805 4250 otI‘eratis,idque
2838 4177 2930 4245 iis,
2950 4178 3051 4249 qui
3083 4178 3331 4235 mortuis
3361 4178 3548 4251 magis
3572 4182 3712 4233 sunt

2055 4266 2296 4321 mortui.

2129 4372 2247 4426 XV.
2280 4373 2348 4427 Et
2378 4388 2483 4427 cur
2512 4371 2623 4427 lmti
2672 4372 2786 4427 ista
2836 4373 3071 4429 facitis?
3100 4373 3385 4437 Quoniam
3439 4374 3599 4429 intus
3624 4373 3709 4429 la-

2054 4465 2183 4517 tens
2211 4478 2452 4533 serpens
2482 4462 2646 4517 vobis
2678 4480 2791 4517 non
2824 4462 2946 4516 vult
2974 4464 3221 4533 edicere,
3253 4464 3352 4535 qui
3385 4463 3710 4519 infructuo-

2054 4566 2180 4605 sam
2211 4550 2461 4605 inseruit
2491 4551 2892 4622 cupiditatem,
2926 4552 3116 4606 dicam
3148 4568 3251 4623 ego
3284 4557 3454 4622 atque
3486 4568 3706 4606 memo-

2053 4640 2213 4694 rabo.
2256 4642 2339 4693 lta
2370 4644 2570 4695 autem
2603 4640 2778 4695 habet
2810 4657 2822 4694 :
2858 4641 3024 4711 Apud
3062 4640 3405 4712 religionem
3438 4640 3539 4695 Dei
3572 4658 3713 4711 prae-

280 4704 538 4807 ρύςσεται
608 4731 822 4807 νήφειν,
877 4704 1191 4807 σωφρονεῖν,
1246 4728 1417 4803 ὀργῆς
1484 4704 1722 4803 κρατεῖν,
1772 4704 1943 4783 ἀλλό-

2066 4728 2283 4784 iicatur
2315 4745 2485 4801 agere
2516 4730 2725 4796 sobrie,
2761 4730 2875 4782 sibi
2926 4734 3273 4799 temperare,
3307 4730 3454 4784 iram
3488 4735 3710 4798 tenere,

278 4841 411 4897 τρια
474 4820 549 4893 μή
627 4817 991 4897 νοσφίζεσθαι,
1054 4814 1277 4878 δικαίως
1332 4818 1507 4893 βιοῦν,
1568 4817 1818 4877 ἐπιεικῶς
1876 4818 1942 4885 η,

280 4909 580 4977 εὐσταθῶς,
625 4906 832 4982 πράως,
879 4904 1130 4975 κολάζειν
1200 4906 1385 4961 ἑαυτὸν
1444 4902 1656 4977 μᾶλλον
1712 4902 1764 4959 ἐν
1824 4908 1944 4985 ταῖς

280 4996 532 5070 ἐνδείαις,
564 4999 601 5066 ἢ
636 4999 791 5055 240
825 4996 902 5070 μή
935 4991 1135 5071 ἔχοντα
1187 4995 1392 5071 ἑτέρου,
1425 4992 1625 5056 ἀδίκως
1671 4991 1944 5072 ἀφελόμε-

2054 4835 2169 4874 non
2205 4817 2513 4889 subripere
2545 4818 2755 4883 aliena,
2782 4820 2942 4888 juste
2973 4817 3182 4889 vivere,
3216 4834 3348 4873 cum
3376 4819 3525 4873 bono
3550 4820 3709 4889 jure,

2054 4906 2694 4979 tranquille,leniter,se
2714 4907 2770 4961 in
2795 4907 2852 4961 in
2867 4906 3190 4979 indigentia
3204 4906 3397 4979 potius
3416 4906 3710 4961 continere

2054 5012 2121 5051 ac
2153 4996 2677 5067 reprimere,quam
2703 5012 2836 5051 cum
2862 5013 2973 5051 non
3001 4996 3238 5064 habeas,
3272 4995 3515 5051 alterius
3537 4995 3709 5051 bonis

1656 5146 1894 5204 VARLE
1933 5144 2347 5202 LECTIONES.

357 5276 429 5313 ιω
457 5272 556 5343 εἷς,
590 5273 743 5346 quod
776 5272 940 5327 deest
968 5272 1027 5354 in
1062 5276 1316 5354 utroque
1343 5270 1510 5355 Hom.
1544 5271 1695 5342 cod.,
1730 5270 1953 5326 addidit
1984 5271 2051 5327 D.
2086 5271 2347 5326 Subinde
2380 5272 2586 5397 scrigsi
2621 5266 2843 5356 illam:
2874 5270 2909 5337 ἢ
2943 5269 3019 5331 είς
3050 5288 3099 5326 ο.
3129 5274 3174 5327 Ο
3204 5274 3267 5323 ut
3292 5272 3445 5354 conj.
3472 5270 3537 5353 Q,
3562 5267 3703 5325 ἄλλο

357 5345 469 5397 ,εἷς
520 5351 576 5397 C-
610 5345 766 5397 auod
819 5348 1027 5397 mutari
1074 5343 1257 5397 voluit
1302 5360 1361 5397 in
1419 5340 1640 5397 αλλοτε.
1692 5341 1789 5397 είς.
1824 5343 1974 5397 Tum
2024 5340 2455 5397 εὐγοιστησάσης
2544 5385 2555 5396 .
2636 5345 2651 5376 ¹
2688 5340 2810 5394 ουοέ
2840 5358 2953 5396 om.
2989 5346 3053 5397 Ο.
3132 5345 3153 5377 ²
3184 5340 3274 5395 καί
3299 5358 3514 5397 inserm
3551 5360 3599 5397 c.
3635 5343 3699 5397 Ο.

282 5368 359 5416 τι,
394 5345 478 5417 εἷςΔ
520 5339 576 5415 C,
607 5339 766 5417 quod
819 5339 1257 5417 mutarihvoluit
1281 5343 1361 5417 _in
1419 5339 1649 5417 ἄλλοτε,
1682 5339 1789 5417 είς.
1823 5343 1997 5417 Τυφῌ
2024 5340 2455 5417 εὐχριστησάσης

2636 5345 2651 5376 ¹
2688 5337 2810 5394 οὐδέ
2840 5358 2953 5396 om.
2989 5346 3053 5397 Ο.
3132 5345 3153 5377 ²
3184 5340 3274 5395 καί
3299 5337 3514 5397 inserui
3551 5360 3599 5397 c.
3635 5343 3699 5400 Ο.

281 5420 305 5454 ⁸
330 5410 399 5472 τὰ
430 5410 612 5485 ἀληθῆ
628 5410 702 5471 Ὀ.
739 5416 1000 5489 Subinde
1032 5411 1118 5468 ἐὰν
1142 5414 1225 5489 Δμή
1267 5413 1588 5489 -ἒπιμείνῃτε
1619 5415 1683 5471 Ο.
1762 5415 1782 5447 ⁵
1812 5410 2004 5489 ἀποδῷ
2034 5410 2138 5469 Cf"
2170 5415 2191 5448 ⁵
2223 5410 2501 5489 λείψωμεν
2612 5484 2624 5489 _
2666 5414 2686 5447 ⁵
2719 5411 2982 5489 νὶξὺηκαὶ
3046 5413 3119 5489 μὴ
3149 5413 3237 5489 .τά
3268 5411 3380 5489 ’ἴσα
3436 5418 3700 5489 τοῖςμγο-

285 5494 430 5543 vesci
461 5482 635 5559 ποιῶν
666 5485 946 5559 ἁμαρτάνῃ
975 5482 1160 5543 textui
1187 5482 1431 5559 reddidi,
1464 5482 1597 5559 cum
1630 5482 2237 5559 priet_ermiss_aessent
2409 5482 2501 5539 ed.
2536 5484 3028 5559 §chwegl‘eriana.
3062 5486 3321 5559 subinde
3380 5490 3497 5547 πῶς
3532 5482 3702 5559 Δ,δὲ’δ.

283 5565 303 5597 ⁷
338 5558 505 5631 μηθέν
538 5565 603 5616 Ο.
680 5552 816 5614 tl'It'a
845 5552 1008 5623 O,'ut
1038 5559 1189 5629 conj.
1223 5560 1283 5623 S,
1314 5557 1401 5611 καὶ
1444 5555 1615 5631 οὕτως
1633 5552 1726 5631 ἐἰς
1756 5556 1857 5631 ἀεί.
1895 5555 1992 5631 Καί
2022 5557 2082 5631 ς).
2116 5573 2183 5631 ex
2217 5558 2486 5631 conject..
2515 5552 2691 5631 εἷ’σασιΔ
2716 5552 2840 5631 c6d_
2877 5556 3160 5627 ipsius,in
3193 5558 3307 5631 cuj.
3330 5553 3698 5629 margﬁ'cuo'i.

281 5626 411 5690 nar;
445 5639 567 5689 nec.
602 5649 657 5703 v,
690 5631 760 5685 3O
794 5631 903 5703 :_In
931 5626 1160 5703 templis
1180 5638 1274 5684 aut
1304 5630 1461 5685 lucis.
1495 5630 1516 5664 ⁰
1544 5628 1751 5703 γίνεσθε
1781 5629 1839 5694 S,
1868 5628 2080 5703 γένεσθε
2110 5628 2170 5693 C,
2205 5633 2269 5681 Ο.
2348 5629 2394 5663 ¹⁰
2425 5630 2508 5683 Ita
2543 5626 2952 5703 explicandum
2985 5644 3112 5703 esse
3166 5630 3400 5703 videtur
3457 5626 3693 5684 Ottobo-

286 5706 441 5791 ξι]αηί
500 5701 739 5791 ἀμείχων
797 5700 887 5770 ἦν’
931 5701 983 5754 οἱ
1041 5694 1091 5755 ἒν
1148 5705 1438 5773 ποταμοῖς,
1471 5694 1567 5773 ap:
1614 5702 1657 5758 Ο
1712 5694 1930 5771 ἄμεινον
1962 5700 1999 5769 ἡ
2032 5698 2085 5753 ἐν
2118 5702 2410 5771 ποταμοῖς.
2491 5694 2692 5772 ίίὺμῶν
2724 5703 2781 5767 S,
2813 5696 2984 5752 αὐτῶν
3017 5700 3077 5771 C,
3110 5704 3170 5756 0.
3251 5703 3295 5737 ¹²
3328 5694 3448 5778 ὄφις
3480 5718 3595 5756 om.
3632 5704 3696 5758 Ο.

288 5778 335 5813 ’³
364 5773 595 5838 ἐπεικῶς
626 5773 697 5831 Ο.
