4114 6338
431 436 550 499 287

1252 442 1317 503 S.
1365 441 1811 503 CLEMENTIS
1853 442 1878 501 Ῑ
1925 437 2113 501 ROM.
2162 439 2396 502 PONT.
2443 444 2703 505 OPERA
2748 446 3010 507 DUBIA.

3719 444 3840 505 288

430 570 651 642 injuste
680 572 889 629 ablatis
939 572 1174 646 expleri.
1228 576 1386 644 Apud
1440 578 1670 629 vocatos
1709 579 1904 629 autem
1936 573 2075 627 deos

2189 592 2277 626 νον
2332 576 2675 649 κορεσθῆναι.
2738 578 2890 652 Παρᾶ
2948 576 3005 631 δέ
3055 581 3169 638 τοῖς
3227 573 3548 651 λεγομένοις
3577 577 3719 637 Θεοῖς
3770 576 3843 629 τὰ

430 662 723 716 contraria
750 664 1201 734 peraguntur.Et
1234 664 1514 718 nonnulla
1536 664 1592 718 in
1626 664 2072 718 admirationem

421 751 673 822 justitiae
705 752 1087 821 denuntiatis,
1122 769 1247 823 quae
1278 752 1412 807 licet
1442 753 1639 807 omnia
1669 756 1952 824 praecepta
1982 768 2075 806 ex-

429 840 970 910 sequeremini,una
999 842 1097 896 Dei
1122 842 1449 912 ignorantio
1483 841 1698 897 sufﬁcit
1729 843 1794 895 ad
1830 840 2076 911 punitio-

427 946 560 983 nem
594 935 869 984 vestram.
905 936 1182 985 (laterum
1234 932 1641 987 convenientes
1686 931 1755 985 ad
1790 930 1915 985 loca
1947 946 2073 1001 qua:

427 1034 529 1073 \‘os
561 1018 633 1072 iis
667 1019 1004 1091 assignatis,
1030 1018 1294 1075 alacriter
1326 1020 1716 1086 inebriamini,
1740 1024 1797 1074 et
1827 1037 1956 1073 aras
1980 1035 2073 1073 ac-

426 1108 698 1173 cenditis,
730 1124 975 1179 quarum
1012 1109 1181 1163 nidor
1227 1114 1469 1181 vagatus
1519 1126 1699 1164 caecos
1748 1110 2075 1178 surdosque

428 1196 672 1267 spiritus
703 1197 757 1250 vi
804 1214 912 1251 sua
960 1198 1029 1251 ad
1058 1198 1355 1254 .odoratus
1396 1198 1584 1253 locum
1633 1199 1815 1253 ducit.
1866 1199 2076 1269 Sicque

424 1284 504 1339 ibi
541 1284 638 1340 alii
670 1286 936 1340 fanaticis
986 1287 1301 1357 furoribus,
1355 1287 1450 1341 alii
1500 1288 1772 1342 absurdis
1804 1287 1949 1342 cibis
1985 1303 2073 1342 re-

428 1374 683 1446 plentur,
714 1375 783 1429 ad
818 1375 1115 1430 libidinem
1150 1381 1456 1431 vertuntur
1488 1376 1681 1441 alii,ad
1716 1378 1869 1431 furta
1898 1375 1996 1431 alii
2020 1380 2076 1430 et

431 1463 738 1517 adulteria.
772 1463 917 1517 Nam
953 1465 1065 1517 fusi
1112 1463 1229 1518 illic
1278 1464 1584 1535 sanguinis
1628 1482 1808 1537 vapor
1856 1469 1911 1519 et
1954 1465 2075 1519 vini

429 1550 635 1605 libatio
668 1552 843 1606 etiam
878 1551 1050 1605 satiat
1074 1553 1336 1624 impuros
1369 1554 1632 1624 spiritus,
1661 1554 1758 1626 qui
1792 1554 1946 1608 intra
1977 1570 2074 1609 vos

431 1640 706 1695 occultati
762 1640 959 1695 omnia
1007 1640 1123 1696 haec
1171 1642 1422 1697 reddunt
1470 1643 1691 1707 suavia,
1745 1648 1918 1714 atque
1974 1661 2078 1715 per

430 1729 662 1784 somnia
692 1746 791 1783 vos
824 1728 987 1784 falsis
1019 1732 1262 1801 spectris
1310 1732 1601 1799 irretiunt,
1636 1732 2075 1804 innumerisque

429 1818 911 1889 perpessionibus
944 1819 1211 1890 puniunt.
1248 1820 1386 1875 Eam
1418 1822 1720 1876 occasione
1750 1838 2072 1889 sacrarum,

2186 659 2395 716 ἐναντία
2426 664 2651 739 γίνεται.
2686 666 2784 719 Καὶ
2835 664 2947 719 ἔνια
2976 666 3051 728 εἰς
3091 665 3425 735 κατάπληξιν
3488 662 3836 734 δικαιοσύνης

2182 751 2594 826 παραγγέλλετε
2632 758 2694 825 ¹⁴,
2729 756 2861 830 ἅπερ
2898 756 3060 809 εἶκαὶ
3110 757 3282 809 πάντα
3330 760 3534 808 ποιεῖτε
3579 754 3648 808 τά
3693 774 3834 827 παρ-

2183 840 2519 915 αγγέλματα,
2570 843 2726 915 μίαὴ
2760 845 2895 919 πρὸς
2944 845 3069 899 Θεὸν
3125 843 3315 918 ἄγνοια
3364 844 3522 911 ἰκανὴ
3575 844 3833 917 τυγχάνει

2183 930 2321 1003 πρὸς
2362 932 2462 999 τὴν
2520 934 2639 996 καθ’
2696 934 2847 1006 ὑμῶν
2901 933 3192 1009 τιμωρίαν.
3229 931 3382 1000 Ηλὴν
3440 928 3833 1008 συνερχόμενοι

2184 1019 2259 1079 εἷς
2289 1018 2416 1081 τοὺς
2451 1021 2533 1094 ὑφ’
2566 1022 2717 1093 ὑμῶν
2749 1022 2930 1085 αὐτοῖς
2983 1021 3230 1085 δοθέντας
3276 1022 3475 1083 τόπους
3522 1019 3699 1091 ἡδέως
3745 1042 3839 1093 με-

2183 1106 2436 1171 θύσκεσθε
2465 1109 2554 1161 καὶ
2616 1110 2838 1185 βωμοὺς
2904 1110 3179 1179 ἀνάπτετε,
3214 1111 3287 1163 ὧν
3324 1112 3358 1178 ἡ
3390 1109 3578 1163 κνίσσα
3637 1102 3835 1183 ῥεμϐο-

2187 1197 2317 1268 μένη
2378 1197 2465 1251 καὶ
2526 1200 2593 1252 τά
2644 1198 2822 1276 τυφλά
2876 1200 2966 1255 καὶ
3022 1201 3181 1274 κωφά
3255 1198 3535 1271 πνεύματα
3588 1194 3676 1252 διὰ
3729 1204 3837 1267 τῆς

2184 1283 2419 1353 ἐξουσίας
2478 1283 2595 1358 ἄγει
2655 1288 2730 1349 εἰς
2782 1288 2874 1343 τὸν
2927 1296 3027 1358 τῆς
3090 1289 3407 1366 ὀσφρήσεως
3438 1288 3613 1341 αὐτῶν
3639 1286 3835 1356 τόπον,

2183 1376 2281 1427 Καὶ
2340 1374 2512 1437 οὕτως
2572 1381 2677 1429 τῶν
2740 1376 2849 1431 ἐκεῖ
2906 1378 2955 1431 οἱ
3019 1378 3111 1445 μὲν
3142 1376 3541 1448 ἐνθουσιασμῶν
3580 1378 3645 1445 1⁵,
3679 1376 3731 1429 οἱ
3776 1371 3837 1429 δὲ

2187 1464 2412 1539 βρωτῶν
2441 1464 2759 1521 ἀλλοκότων
2790 1465 3223 1539 ἐμπίμπλανται,
3257 1467 3309 1520 ol.
3342 1464 3397 1520 δὲ
3441 1464 3528 1519 ἐπὶ
3568 1465 3633 1519 τὸ
3678 1462 3837 1519 ἀσελ-

2182 1550 2384 1625 γαίνειν
2436 1552 2746 1628 τρέπονται,
2802 1554 2851 1606 οἱ
2901 1551 2957 1607 δὲ
3008 1552 3094 1607 ἐπὶ
3154 1551 3365 1614 κλοπὰς
3396 1553 3485 1607 καὶ
3517 1551 3736 1629 φόνους.
3769 1552 3833 1606 Ἡ

2183 1641 2287 1715 γάρ
2321 1645 2418 1695 τοῦ
2469 1640 2580 1696 ἐκεῖ
2624 1640 2853 1715 α’ίματος
2910 1641 3261 1714 ἀναθυμίασις
3320 1641 3474 1710 καὶὴ
3506 1644 3613 1695 τῶν
3672 1637 3831 1694 οἷ’νων

2184 1727 2391 1799 σπονδὴ
2450 1730 2540 1784 καὶ
2596 1730 2730 1786 αὐτὰ
2774 1734 2817 1767 ¹⁶
2846 1737 2999 1807 κορεῖ
3042 1732 3110 1786 τὰ
3150 1732 3420 1806 ἀκάθαρτα
3466 1729 3767 1803 πνεύματα,
3802 1728 3836 1783 ἅ

2180 1839 2302 1873 τινα
2352 1816 2759 1896 ἐνδομυχοῦντα
2809 1824 2850 1857 ¹⁷
2902 1820 2977 1882 εἷς
3026 1821 3163 1892 ὑμᾶς
3217 1816 3525 1897 φιληδόνως
3578 1818 3721 1893 ἔχειν
3767 1819 3835 1872 τά

427 1912 493 1961 ut
520 1911 748 1975 vocant,
783 1907 1102 1963 hostiarum
1154 1909 1355 1981 repleti
1398 1910 1538 1964 estis
1581 1909 1927 1965 truculentis
1960 1911 2074 1965 die-

2187 1907 2297 1963 ἐκεῖ
2340 1914 2610 1981 ποιοῦσιν,
2644 1910 2733 1964 καὶ
2779 1908 2848 1964 δι’
2898 1909 3121 1985 ὀνείρων
3177 1909 3315 1981 ὑμᾶς
3362 1906 3672 1986 φαντασίαις
3712 1911 3837 1981 ψευ-

2189 1994 2235 2011 ...
2460 1993 2487 2011 ο
2509 1997 2548 2011 ,κ
2569 1997 2587 2011 κ
2884 1998 2895 2011 .
3071 1997 3081 2011 ,
3301 2009 3312 2011 _
3346 1999 3358 2011 .
3774 2000 3799 2010 ..

430 1995 725 2061 monibus,
760 1997 859 2067 qui
891 2002 1056 2052 caute
1098 2014 1201 2052 vos
1250 1998 1466 2053 inscios
1512 1999 1829 2070 perimunt,
1865 2005 1929 2054 ut
1958 2017 2072 2054 non

429 2084 694 2140 sentiatis
725 2086 904 2141 factas
935 2086 1201 2142 insidias.
1234 2088 1516 2143 Prietextu
1551 2088 1842 2159 siquidem
1874 2090 2071 2161 cujus-

433 2173 587 2245 piam
622 2174 847 2244 injuriae
879 2174 965 2231 vel
998 2175 1369 2241 calamitatis,
1422 2178 1658 2241 amoris,
1693 2178 1810 2247 iraa,
1857 2178 2073 2232 moesti-

430 2262 546 2331 tim,
581 2267 680 2317 aut
710 2263 915 2334 laqueo
948 2269 1051 2319 aut
1081 2282 1233 2336 aqua
1264 2266 1609 2333 sutl‘ocant,e
1641 2266 1766 2321 loco
1792 2267 2072 2338 prmcipiti

437 2353 740 2422 dejiciunt,
800 2352 1114 2409 homicidio
1146 2356 1259 2425 sui,
1301 2360 1403 2410 aut
1456 2355 1777 2427 ap0plexia,
1828 2360 1937 2411 aut
1959 2356 2071 2412 alio

432 2442 634 2497 morbo
666 2459 696 2497 e
725 2443 841 2497 vita
872 2448 1087 2516 cogunt
1118 2444 1388 2517 migrare.

503 2709 649 2764 XVI.
702 2709 779 2765 Ex
823 2710 991 2766 nobis
1041 2716 1237 2767 autem
1282 2712 1480 2769 nullus
1530 2714 1644 2769 tale
1694 2715 1832 2786 quid
1884 2720 2076 2788 potest

432 2799 573 2871 pati,
606 2799 705 2854 sed
756 2816 789 2853 a
836 2800 1005 2855 nobis
1056 2801 1349 2857 daemones
1399 2808 1766 2875 torquentur,
1817 2806 2076 2876 quando-

434 2888 671 2959 quidem
703 2886 761 2942 in
786 2888 1041 2960 aliquem
1071 2890 1414 2960 ingressi,ut
1434 2892 1658 2947 tardius
1680 2894 2070 2965 egrediantur,

431 2981 638 3049 rogant
668 2994 794 3033 nos.
829 2978 939 3033 Sed
975 2977 1109 3033 licet
1137 2980 1352 3049 aliquis
1388 2998 1399 3036 :
1438 2982 1501 3035 In
1534 2981 1639 3037 has
1671 2985 2073 3055 perpessiones

428 3065 698 3120 incidunt
728 3066 1021 3121 interdum
1054 3067 1229 3123 etiam
1263 3069 1502 3141 quidam
1536 3070 1635 3125 Dei
1667 3071 1936 3127 cultores.
1970 3073 2073 3127 Aio

431 3154 487 3208 id
518 3154 641 3208 ﬁeri
676 3172 790 3209 non
818 3172 1010 3227 posse.
1044 3156 1141 3213 Ille
1172 3158 1353 3222 enim,
1383 3160 1453 3214 de
1484 3177 1598 3231 quo
1632 3160 1854 3232 loquor,
1891 3162 2078 3217 cultor

432 3243 532 3298 Dei
564 3249 673 3309 est,
707 3245 803 3315 qui
836 3262 965 3300 vere
996 3252 1085 3301 est
1130 3247 1225 3302 Dei
1260 3248 1466 3313 cultor,
1501 3267 1611 3304 non
1646 3251 1744 3321 qui
1795 3252 2077 3307 duntaxat

2186 1994 2295 2051 δέσι
2327 1993 2778 2073 περιϐάλλουσιν,
2810 1998 2899 2053 καὶ
2952 1997 3167 2071 μυρίοις
3214 1999 3497 2069 παθήμασι
3556 2000 3832 2072 τιμωροῦ-

2183 2108 2287 2142 σιν.
2322 2088 2592 2165 Προφάσει
2649 2088 2751 2163 γάρ
2811 2091 2917 2141 τῶν
2977 2086 3286 2163 λεγομένων
3334 2085 3624 2160 ἱεροθύτων
3658 2085 3835 2161 χαλε-

2181 2181 2297 2230 πῶν
2366 2174 2636 2248 δαιμόνων
2704 2175 3067 2249 ἐμπίπλασθε.
3120 2176 3173 2230 οἳ
3218 2174 3307 2230 καὶ
3360 2175 3644 2252 φρονίμως
3695 2176 3837 2247 ὑμᾶς

2183 2263 2536 2328 λανθάνοντες
2595 2266 2923 2340 ἀναιροῦσιν,
2979 2264 3071 2320 ’ίνα
3131 2266 3206 2339 μὴ
3268 2272 3465 2334 συνῆτε
3523 2265 3675 2337 ὑμῶν
3729 2266 3833 2331 τὴν

2183 2350 2504 2426 ἐπιϐουλήν.
2541 2356 2809 2433 Προφάσει
2858 2357 2957 2431 γάρ
3008 2376 3153 2417 τινος
3205 2353 3460 2430 ἐπηρείας
3490 2354 3526 2422 ἢ
3570 2352 3769 2429 ἔρωτος
3797 2353 3835 2421 ἢ

2185 2444 2353 2518 ὀργῆς
2414 2446 2449 2513 ἢ
2508 2443 2749 2514 λύπηςῆ
2782 2445 2989 2521 ἀγχόνῃ
3051 2445 3078 2514 ἢ
3138 2441 3289 2498 ὕδατι
3339 2442 3612 2513 πνίξαντες
3643 2446 3679 2512 ἢ
3729 2441 3835 2496 ἀπὸ

2181 2538 2432 2609 κρημνοῦ
2465 2534 2715 2610 ῥίψαντες
2744 2536 2779 2603 ἢ
2812 2533 3131 2611 αὐτοχειρίᾳ
3160 2534 3196 2602 ἢ
3237 2530 3553 2604 ἀποπληξίᾳ
3598 2532 3634 2603 ἢ
3668 2530 3835 2605 ἑτέρῳ

2184 2623 2289 2677 τινὶ
2315 2623 2469 2677 πάθει
2499 2628 2596 2677 τοῦ
2631 2627 2724 2696 ζῇν
2762 2625 3091 2695 μεθιστᾶσιν.

2256 2714 2396 2767 XVI.
2429 2713 2612 2784 Ἡμῶν
2648 2709 2705 2766 δὲ
2736 2709 2913 2773 οὐδεὶς
2942 2712 3188 2767 τοιοῦτόν
3244 2733 3297 2766 τι
3343 2712 3532 2766 παθεῖν
3588 2707 3832 2778 δύναται,

2185 2799 2311 2857 ἀλλ’
2341 2800 2493 2855 αὐτοὶ
2528 2802 2612 2879 ὑφ’
2643 2803 2803 2874 ἡμῶν
2831 2798 3178 2870 κολάζονται,
3209 2800 3406 2855 ὁπόταν
3443 2797 3517 2862 εἴς
3566 2820 3687 2854 τινα
3731 2799 3835 2853 εἱσ-

2188 2891 2353 2951 ιόντες
2415 2887 2656 2967 βραδέως
2713 2889 2899 2960 ἐξιέναι
2957 2892 3107 2962 ἡμᾶς
3154 2888 3541 2967 παρακαλῶσιν
3575 2892 3641 2945 ¹⁸.
3678 2891 3826 2946 241

2181 2979 2339 3035 ’Λλλ’
2369 2980 2478 3055 ἐρεῖ
2503 2998 2609 3041 τις’
2643 2980 2799 3041 Ἴσως
2825 2979 3094 3041 τοιούτοις
3140 2980 3359 3043 πάθεσιν
3415 2977 3508 3033 καὶ
3567 2972 3830 3042 θεοσεϐῶν

2182 3090 2325 3132 τινες
2362 3068 2778 3124 ὑποπίπτουσιν.
2822 3068 2975 3141 Φημὶ
3010 3067 3091 3123 δτι
3130 3073 3290 3123 τοῦτο
3340 3064 3624 3123 ἀδύνατον.
3657 3075 3840 3122 Θεσσε-

2187 3154 2291 3227 ϐἠς
2321 3160 2422 3233 γὰρ
2450 3153 2608 3220 οὗτός
2656 3158 2817 3227 ἐστιν,
2852 3160 2909 3211 ὃν
2943 3160 2986 3193 ¹⁹
3014 3157 3124 3232 ἐγώ
3183 3178 3349 3229 φημι,
3383 3158 3410 3211 6
3442 3152 3613 3219 ὅντως
3665 3157 3837 3211 θεοσε-

2187 3244 2309 3318 ϐὴς,
2345 3248 2451 3323 οὐχ
2482 3248 2540 3308 ὃς
2571 3246 2629 3302 ἂν
2667 3247 2828 3320 μόνον
2859 3244 3104 3322 λέγηται,
3138 3248 3165 3301 6
3199 3243 3256 3301 δὲ
3286 3242 3454 3307 ὅντως
3487 3243 3559 3299 ὢν
3598 3249 3695 3299 τοῦ
3745 3242 3835 3299 δο-

432 3333 665 3387 dicitur.
701 3334 808 3397 Qui
841 3341 1037 3390 autem
1070 3353 1199 3391 vere
1230 3344 1336 3404 est,
1372 3340 1594 3394 tradita:
1628 3315 1738 3395 sibi
1772 3340 1916 3412 legis
1946 3357 2073 3411 per-

2189 3315 2370 3399 θέντος
2418 3315 2571 3409 ἀύτῴ
2629 3315 2798 3409 νόμου
2865 3315 3073 3392 ἐκτελεῖ
3125 3337 3222 3397 τὰς
3282 3335 3519 3410 πράξεις.
3579 3336 3699 3389 Ἐάν
3750 3355 3835 3396 τις

436 3421 558 3475 ticit
600 3439 792 3494 Opera.
827 3423 884 3477 Si
937 3424 1070 3495 quis
1111 3426 1289 3496 impie
1335 3428 1534 3499 egerit,
1610 3428 1744 3500 pius
1820 3446 1933 3484 non
1966 3434 2075 3485 est.

436 3510 938 3573 Quemadmodum
965 3514 1011 3569 si
1045 3513 1369 3587 alienigena
1390 3516 1572 3589 legem
1598 3523 1805 3585 servet,
1836 3520 2075 3573 Judaaus

433 3606 549 3667 est;
580 3600 678 3670 qui
710 3617 842 3656 vero
866 3619 978 3656 non
1010 3609 1312 3665 servat,est
1340 3606 1596 3676 gentilis.
1628 3607 1865 3661 Judazus
1896 3607 2075 3674 enim,

437 3687 553 3743 Deo
584 3690 846 3757 credens,
882 3690 1067 3763 legem
1103 3693 1327 3763 implet,
1360 3711 1461 3765 per
1491 3712 1667 3765 quam
1702 3696 1874 3751 ﬁdem
1902 3696 2075 3751 etiam

433 3777 547 3833 alia
576 3779 730 3833 mala
775 3781 1073 3835 montibus
1123 3781 1340 3836 similia
1385 3788 1441 3837 et
1485 3784 1831 3854 gravissima
1882 3790 2077 3841 trans-

431 3868 541 3921 fert
573 3870 669 3939 (a).
703 3870 809 3933 Qui
859 3886 991 3924 vero
1040 3887 1152 3924 non
1202 3873 1536 3942 exsequitur
1592 3874 1800 3945 legem,
1852 3873 2076 3929 clarum

433 3962 545 4025 est,
586 3959 739 4027 quod
788 3974 901 4012 non
951 3959 1239 4013 credendo
1286 3960 1344 4014 in
1393 3960 1575 4015 Deum
1628 3963 1691 4015 fit
1750 3964 2075 4035 transfuga,

434 4045 684 4117 ideoque
717 4052 983 4117 peccator
1002 4047 1159 4102 velut
1186 4066 1553 4120 nequaquam
1577 4051 1817 4106 Judmus
1844 4058 2080 4124 propter

438 4141 741 4206 peccatum
774 4153 809 4191 a
838 4136 1271 4192 calamitatibus
1320 4138 1631 4210 subigitur,
1686 4156 1813 4211 quae
1867 4142 1937 4195 ad
1971 4159 2077 4213 pu-

438 4224 684 4279 niendos
712 4231 1041 4295 peccatores
1090 4228 1417 4282 constitutae
1466 4232 1623 4283 sunt.
1658 4230 1800 4283 Nam
1835 4230 2079 4286 consilio

442 4312 564 4379 Dei,
597 4315 751 4384 quod
786 4316 854 4369 ad
908 4315 1073 4371 initio
1127 4318 1416 4371 sancitum
1474 4318 1605 4382 fuit,
1642 4317 1798 4373 illius
1829 4319 2079 4375 cultores

429 4404 591 4475 juste
622 4409 854 4476 propter
874 4404 1085 4460 delicta
1106 4422 1272 4478 poena
1295 4406 1691 4478 consequitur.
1717 4409 1877 4472 Quod
1901 4409 2076 4479 tit,ut,

434 4497 742 4564 postquam
793 4511 962 4565 [303118.
992 4495 1062 4550 de
1109 4501 1341 4565 peccato
1372 4495 1529 4550 velut
1560 4497 1751 4551 debito
1783 4514 1882 4568 per
1911 4514 2078 4552 vexa-

436 4583 654 4637 tionem
687 4584 975 4639 rationem
1026 4585 1340 4656 repetierit,
1383 4602 1689 4640 conversos
1721 4585 1988 4641 homines
2020 4586 2078 4640 in

2185 3421 2444 3499 ἀσεϐήσῃ,
2495 3421 2719 3495 εὐσεϐὴς
2772 3426 2870 3479 οὑκ
2926 3424 3083 3480 ἔστιν.
3144 3428 3342 3499 ⁹¹Ονπερ
3395 3424 3595 3499 τρόπον
3658 3422 3743 3478 ἐὰν
3805 3425 3832 3478 6

2186 3513 2506 3591 ἀλλόφυλος
2563 3516 2653 3568 τὸν
2714 3514 2883 3587 νόμον
2940 3514 3132 3589 πράξῃ,
3183 3510 3443 3574 Ἰουδαῖός
3529 3511 3687 3567 ἐστιν·
3751 3513 3827 3585 μὴ

2185 3605 2386 3677 πράξας
2446 3602 2524 3673 δὲ,
2555 3601 2784 3673 Ἕλλην.
2820 3604 2880 3661 Ὁ
2927 3605 3030 3679 γάρ
3090 3600 3351 3664 Ἰουδαῖος
3397 3601 3663 3657 πιστεύων
3713 3606 3829 3673 Θεῷ

2185 3700 2333 3747 ποιεῖ
2360 3694 2450 3747 τὸν
2480 3693 2649 3765 νόμον
2678 3690 2912 3761 ²⁰,δι’ἥς
2936 3693 3166 3753 πίστεως
3185 3692 3274 3745 καὶ
3295 3693 3361 3746 τά
3394 3688 3538 3746 ἄλλα
3565 3690 3631 3745 τὰ
3660 3685 3836 3764 ὄρεσιν

2189 3780 2403 3837 ἐοικότα
2457 3782 2546 3835 καὶ
2610 3783 2876 3857 βαροῦντα
2957 3779 3239 3853 μεθίστησι
3314 3780 3481 3850 πάθη.
3520 3780 3582 3836 Ὀ
3640 3776 3698 3833 δὲ
3760 3780 3835 3852 μὴ

2188 3874 2357 3925 ποιῶν
2391 3870 2482 3924 τὸν
2512 3868 2681 3941 νόμον
2717 3866 2974 3938 δηλονότι
3008 3871 3050 3904 ²¹
3083 3867 3143 3922 ἐκ
3170 3871 3266 3921 τοῦ
3302 3867 3376 3939 μὴ
3423 3865 3691 3920 πιστεύειν
3725 3870 3839 3936 Θεῷ

2188 3964 2523 4031 λιποτακτεῖ,
2557 3958 2646 4012 καὶ
2669 3957 2842 4020 οὕτως
2874 3958 2947 4019 ὡς
2981 3957 3109 4032 ούχὶ
3141 3959 3187 3993 ²²
3213 3953 3475 4017 Ἰουδαῖος
3510 3954 3836 4031 ἁμαρτωλὸς

2190 4045 2278 4103 διὰ
2306 4049 2406 4117 τήν
2442 4046 2704 4123 ἁμαρτίαν
2740 4045 3104 4120 ἐπικρατεῖται
3138 4045 3240 4099 ὑπὸ
3267 4048 3375 4098 τῶν
3427 4043 3503 4105 εἷς
3550 4044 3613 4097 τὸ
3660 4063 3835 4113 τιμω-

2190 4143 2299 4213 ρεῖν
2348 4136 2474 4198 τοὺς
2534 4135 2935 4211 ἁμαρτάνοντας
2992 4135 3340 4198 καθεστώτων
3399 4134 3610 4190 παθῶν.
3650 4129 3836 4203 Βουλῇ

2188 4230 2321 4281 Θεοῦ
2375 4230 2443 4299 τῇ
2501 4224 2757 4301 άπαρχῆς
2818 4223 3086 4297 ὁρισθείσῃ
3142 4220 3366 4283 δικαίως
3422 4226 3537 4282 τοῖς
3591 4215 3836 4274 σέϐουσιν

2190 4315 2346 4370 αὐτὸν
2415 4315 2871 4390 παραπτωμάτων
2933 4313 3093 4387 χάριν
3154 4313 3188 4380 ἡ
3248 4310 3491 4383 τιμωρία
3542 4306 3747 4378 ἕπεται,
3809 4309 3836 4363 ὃ

2186 4404 2410 4481 γίνεται,
2435 4402 2527 4458 ’ίνα
2558 4404 2631 4464 ὡς
2663 4400 2945 4480 ὀφείλημα
2984 4398 3073 4455 διὰ
3100 4406 3200 4470 τῆς
3236 4398 3468 4475 βασάνου
3498 4398 3840 4469 άπαιτήσασα

2186 4495 2286 4563 τὴν
2346 4492 2609 4567 ἁμαρτίαν
2666 4492 2793 4553 τοὺς
2849 4491 3269 4565 ἐπιστρέψαντας
3337 4486 3604 4561 καθαροὺς
3671 4486 3722 4542 ἐν
3769 4490 3838 4559 τῇ

2187 4589 2293 4638 τῶν
2321 4581 2466 4637 ὅλων
2500 4583 2818 4658 παραστήσῃ
2848 4583 2894 4617 ⁵³³
2923 4580 3113 4654 κρίσει.
3147 4584 3231 4639 Ὠς
3272 4577 3374 4653 γὰρ
3423 4583 3539 4638 τοῖς
3589 4581 3775 4637 κακοῖς
3803 4578 3837 4645 ἡ

439 4677 780 4727 cunctorum
808 4673 1031 4744 judicio
1064 4690 1240 4745 puros
1295 4680 1684 4746 repraesentet.
1734 4676 1895 4731 Sicut
1925 4677 2075 4731 enim

2192 4673 2414 4727 ἐνταῦθα
2450 4673 2626 4750 τρυφὴ
2683 4671 2757 4733 είς
2813 4670 3010 4742 ζημίαν
3066 4668 3299 4723 αἰωνίων
3344 4667 3556 4742 ἀγαθῶν
3614 4666 3838 4741 γίνεται,

438 4762 720 4831 improbis
753 4767 1065 4833 praesentes
1097 4762 1315 4818 deliciae
1349 4764 1403 4817 in
1437 4765 1717 4820 damnum
1751 4765 2081 4821 futurorum

439 4851 728 4905 bonorum
762 4853 996 4915 cedunt,
1029 4851 1110 4906 ita
1142 4852 1430 4925 supplicia
1477 4852 1657 4925 lapsis
1688 4855 1746 4909 in
1778 4860 2081 4926 peccatum

441 4938 661 4995 Judmis
708 4942 1026 4996 mittuntur
1073 4943 1143 4997 ad
1194 4942 1573 5013 exactionem,
1607 4948 1671 4998 ut
1718 4948 1944 5016 recepta
1987 4944 2081 4999 hic

435 5027 632 5083 delicti
663 5045 833 5100 pcnna
873 5048 906 5085 a
957 5030 1151 5085 futura
1204 5030 1321 5086 illic
1351 5035 1565 5086 aeterna
1594 5032 1971 5105 damnatipne
2018 5032 2085 5087 li-

440 5114 738 5173 berentur.

507 5233 585 5305 (α)
618 5235 819 5290 Matth.
850 5252 991 5303 xvu,
1027 5236 1113 5291 19.

2193 4762 2364 4824 οὕτως
2415 4762 2469 4815 αἱ
2530 4760 2789 4836 τιμωρίαι
2870 4765 2986 4820 τοῖς
3066 4756 3497 4833 παραπίπτουσιν
3560 4752 3841 4815 Ἰουδαίοις

2193 4850 2498 4923 πέμπονται
2544 4849 2621 4911 εἷς
2674 4844 3062 4922 ἔκπραξιν,’ίνα
3119 4846 3343 4910 ἐνταῦθα
3401 4842 3768 4905 ἀπολαύοντες
3797 4846 3844 4880 ²⁴

2192 4941 2253 4995 τὸ
2285 4940 2633 5015 παράπτωμα
2660 4945 2762 5008 τῆς
2793 4938 2903 4993 ἐκεῖ
2957 4934 3347 5010 ἀπαλλαγῶσιν
3396 4931 3618 4995 αίωνίας
3672 4930 3839 4987 κολά-

2194 5050 2352 5091 σεως.
3070 5020 3071 5023 Ἰ

1786 5334 2021 5391 VARUE
2059 5332 2473 5391 LECTIONES.

512 5442 557 5514 1f
580 5437 1024 5514 ,παραγγέλλεται
1059 5445 1119 5495 Ο.

1202 5442 1243 5477 ³⁵
1274 5438 1644 5512 ἐνθουσιασμῴ
1675 5442 1734 5508 C,
1770 5439 2156 5512 ἐνθουσιασμοῦ
2188 5442 2257 5496 Ι).

2336 5441 2378 5476 ιδ
2409 5436 2542 5507 αύτή
2576 5439 2634 5494 C.
2662 5438 2989 5492 Leetionem
3012 5434 3384 5492 Ottoboniani
3417 5435 3747 5507 praasagivit
3778 5436 3837 5491 S.

443 5514 484 5586 l7
514 5506 943 5586 ἐνδομοχιοῦντα
965 5514 1037 5586 _O.
1060 5583 1070 5586 _
1118 5514 1157 5547 ¹⁸
1187 5506 1589 5586 παρακαλοῦσιν
1616 5506 1677 5569 t3.
1724 5506 1800 5586 6A”
1830 5512 1886 5566 ὅν
1921 5506 2290 5586 praetermisit
2392 5528 2440 5567 c.
2475 5506 2553 5564 Cl.
2619 5511 2675 5586 .’°
2706 5510 2873 5586 Sede_
2900 5508 3183 5586 vocabuli
3228 5506 3456 5586 mutata
3510 5506 3638 5586 lego
3675 5526 3687 5563 :
3723 5506 3843 5586 Ἐάν

441 5583 467 5636 6
504 5578 792 5638 50.2.3.3.
838 5602 926 5656 πρ.
964 5584 1025 5637 Ἰ.
1056 5583 1160 5638 ἐστ.
1201 5578 1274 5655 μῆ
1307 5583 1503 5657 πράξας
1536 5582 1591 5638 δὲ
1619 5578 2165 5657 ἸουδαῖοςίἝλληψ
2200 5585 2257 5634 Ὀ
2286 5583 2396 5657 γὰρ,
2446 5578 2711 5634 πιστεύων
2772 5583 3089 5657 Θεῷ-’ποιεῖ
3116 5578 3461 5657 ντὸνῌνόμονέ
3516 5578 3629 5633 Ηόο
3670 5580 3841 5634 modo

441 5656 673 5725 Clt‘g‘dtlb‘
736 5658 889 5709 nasci
946 5656 1174 5725 videtur
1222 5656 1529 5711 antithesis
1561 5659 1621 5711 D.

437 5728 622 5796 στήσει
653 5731 710 5781 C.

1698 5660 1737 5691 ²¹
1775 5652 1941 5723 δῆλον
1976 5655 2058 5707 ὅτι
2091 5662 2147 5709 G.
2182 5652 2331 5710 Tum
2362 5652 2724 5708 ⁷λειποτακτεῖ
2748 5658 2812 5710 υ.

790 5724 1227 5810 ³⁸ῥπολαύοντες
1264 5732 1352 5810 D.,_
1384 5728 1485 5798 qui
1512 5730 1753 5810 insuper
1781 5718 2061 5810 exemplis
2094 5727 2511 5810 comprobavit,
2542 5742 2740 5810 vocem
2798 5718 3091 5810 ἀπρλαύειν
3147 5723 3420 5796 conjungi
3480 5737 3652 5796 posse
3707 5718 3843 5779 cum

2890 5653 2932 5725 ²ξ
2962 5649 3061 5725 ούκ
3090 5656 3153 5707 Ο.
3232 5651 3275 5725 ’il
3306 5649 3463 5725 1ῐᾶῨο
3499 5668 3548 5705 c.
3585 5660 3639 5716 ὃ,
3668 5669 3841 5725 παρα-

435 5793 575 5857 casu
607 5798 954 5867 accusativo,
997 5804 1169 5870 atque
1202 5793 1357 5855 haud
1389 5793 1517 5855 raro
1548 5793 1703 5856 sumi
1736 5801 1793 5855 in
1825 5793 2041 5855 malam
2071 5793 2318 5870 partem.
2353 5799 2411 5855 S.
2443 5793 2811 5857 ἀπολαυόντες
2842 5795 2903 5866 G,
2936 5799 3000 5853 Ο.
