4112 6344
280 371 405 430 289

1424 365 1956 427 CLEMENTINA.
1990 398 2065 407 ——
2100 364 2419 423 HOMILIA
2466 363 2567 423 ΧΙ.

3582 373 3699 431 290

363 502 519 557 242
574 500 745 556 XVII.
796 500 973 571 ’Υμεῖς
1034 496 1091 552 δὲ
1144 502 1310 553 ταῦτα
1358 497 1525 552 εἰπεῖν
1589 496 1650 550 οὐ
1701 493 1940 564 δύνασθε,

2128 497 2291 550 XVII.
2324 496 2441 552 Vos
2471 512 2603 550 vero
2663 495 3004 553 haecdicere
3064 516 3177 554 non
3238 500 3500 571 potestis,
3559 502 3698 571 quia

286 589 355 642 οὐ
399 592 505 664 γὰρ
554 588 833 643 πιστεύετε
877 590 945 642 τά
994 588 1103 642 ἐκεῖ
1150 587 1282 642 εἶναι
1333 587 1407 649 ὡς
1454 590 1616 658 ἡμεῖς
1661 584 1889 660 λέγομεν
1924 632 1938 656 ,

286 676 438 753 λέγω
471 676 561 747 δὴ,
609 677 746 731 ὅπου
794 684 952 731 πᾶσιν
987 678 1021 746 ἠ
1056 674 1411 737 ἀνταπόδοσις
1456 675 1679 750 γίνεται.
1721 673 1798 731 Οὖ
1828 672 1943 728 ἓνε-

284 786 379 818 κεν
440 767 757 841 ἀγνοοῦντες
816 767 878 819 τὸ
934 765 1208 842 συμφέρον
1269 766 1372 819 ὑπὸ
1439 769 1543 818 τῶν
1604 763 1945 838 προσκαίρων

286 854 507 924 ἦδονῶν
545 857 620 927 μή
663 850 849 909 λαϐεῖν
896 854 962 907 τὰ
1009 854 1199 908 αἰώνια
1249 852 1599 929 ἐνεδρεύεσθε.
1650 853 1742 907 Διὸ
1781 854 1945 923 ἡμεῖς

284 950 390 999 τοῦ
438 945 813 1021 σδμςρέροντος
859 944 986 1015 ὑμῖν
1029 944 1123 1004 τὰς
1168 940 1465 1012 ἀποδείξεις
1516 946 1691 996 ποιεῖν
1745 942 1949 1015 πειρώ-

292 1030 575 1105 μεθα,’ίνα
616 1031 1127 1108 πληροφορηθέντες
1175 1030 1298 1105 περὶ
1342 1034 1448 1084 τῶν
1497 1036 1598 1097 τῆς
1646 1023 1949 1089 θεοσεϐείας

286 1119 733 1195 ἑπαγγελμάτων
803 1117 892 1173 διὰ
941 1124 1050 1174 τῶν
1110 1118 1327 1194 ἀγαθῶν
1381 1118 1623 1194 πράξεων
1686 1115 1952 1187 δυνηθῆτε

286 1211 383 1264 σὺν
416 1214 557 1281 ἡμῖν
589 1209 652 1263 τὸ
694 1207 900 1264 ἄλυπον
956 1209 1126 1262 αίῶνα
1173 1207 1611 1283 κληρονομῆσαι.
1643 1209 1821 1282 Μέχρι
1856 1206 1949 1278 μὲν

289 1297 385 1353 οὖν
417 1299 711 1373 γνωρίσετε
756 1301 800 1334 ³⁵
856 1299 1024 1369 ἡμᾶς,
1074 1298 1149 1369 μὴ
1201 1295 1563 1371 χαλεπαίνετε
1604 1298 1740 1368 ἡμῖν
1792 1298 1837 1331 ³⁸
1882 1294 1955 1355 ὡς

290 1386 662 1462 ψευδομένοις
716 1387 838 1463 περὶ
894 1388 966 1440 ὧν
1028 1386 1153 1457 ὑμῖν
1212 1384 1438 1457 θέλομεν
1494 1383 1698 1439 καλῶν.
1750 1385 1824 1438 Τά
1851 1386 1954 1458 γὰρ

290 1480 436 1548 ἡμῖν
486 1475 810 1549 νομισθέντα
865 1475 1048 1545 ἀληθῆ
1113 1496 1172 1529 τε
1217 1474 1305 1529 καὶ
1354 1474 1561 1549 ἀγαθὰ,
1609 1479 1775 1528 ταῦτα
1827 1473 1954 1545 ὑμῖν

294 1573 481 1642 φέρειν
516 1565 619 1619 οὐκ
646 1564 1039 1642 έφθονήσαμεν,
1081 1562 1226 1617 ἀλλά
1268 1563 1574 1618 τούναντίον
1627 1562 1956 1634 ἐσπεῦσαμεν

294 1654 790 1731 συγκληρονὸμους
840 1653 980 1725 ὑμᾶς
1031 1660 1255 1722 ποιῆσαι
1290 1654 1525 1726 ἀγαθῶν,
1560 1654 1632 1705 ὧν
1680 1654 1842 1724 ἡμεῖς
1874 1672 1957 1705 νε·-

296 1745 611 1816 νομίκαμεν
644 1746 708 1798 ²’¹.
744 1742 897 1797 Οὕτω
928 1744 1030 1817 γὰρ
1081 1743 1193 1816 χρὴ
1244 1742 1379 1816 πρὸς
1429 1741 1553 1803 τοὺς
1585 1740 1843 1802 ἀπίστους
1870 1740 1959 1795 λέ-

295 1856 438 1909 γειν,
472 1836 597 1890 ’Ότι
629 1830 688 1886 δὲ
728 1831 1065 1904 ἀληθεύομεν
1107 1828 1277 1893 ὅντως
1317 1831 1441 1907 περὶ
1473 1830 1544 1884 ὧν
1579 1829 1833 1907 λέγομεν,
1866 1829 1964 1884 οὐκ

300 1922 501 1984 ἄλλως
532 1920 823 1992 δυνήσεσθε
854 1919 1067 1992 εἰδέναι,
1102 1920 1187 1975 ἐὰν
1224 1922 1298 1993 μὴ
1350 1920 1610 1996 πρότερον
1641 1919 1963 1998 φιλαληθῶς

302 2012 679 2082 ὖπακοΰσητε.

374 2103 577 2158 XVIII.
611 2100 706 2155 Διὸ
754 2099 843 2155 ἐπὶ
872 2104 971 2155 τοῦ
1018 2100 1315 2175 παρόντος,
1346 2098 1442 2154 κᾶν
1491 2099 1559 2154 τὰ
1612 2098 1779 2176 μυρία
1828 2100 1969 2171 ὑμᾶς

306 2194 335 2247 ὁ
368 2192 425 2246 ἐν
455 2190 582 2263 ὑμῖν
619 2187 939 2265 ἐνδομυχῶν
972 2192 1017 2226 2⁸
1048 2186 1191 2266 ὄφις,
1225 2188 1426 2251 κακοὺς
1475 2183 1768 2243 ὑποϐαλὼν
1818 2186 1972 2263 λογι-

309 2281 493 2355 σμοὺς
531 2281 621 2333 καὶ
667 2278 962 2354 ἀσχολίας,
1010 2276 1299 2351 ἐνεδρεύειν
1348 2276 1477 2351 θέλῃ
1526 2280 1591 2350 29,
1624 2276 1750 2333 ἀλλ’
1794 2277 1883 2332 οὖν
1911 2298 1973 2353 γε

312 2370 477 2442 ὐμεῖς
550 2368 792 2445 ὀφείλετε
870 2366 1037 2441 ταύτῃ
1115 2366 1328 2439 μᾶλλον
1394 2365 1973 2445 προσφιλονεικοῦντες

314 2460 470 2529 αὐτῷ
501 2461 737 2532 συνεχῶς
767 2457 801 2525 ἠ
813 2461 927 2528 μῶν
957 2459 1002 2493 ³ο
1031 2455 1335 2512 ἐπακούειν.
1380 2461 1470 2510 Δεῖ
1495 2457 1595 2532 γὰρ
1627 2453 1971 2531 συνεδρεύον-

314 2570 417 2609 τας
452 2548 595 2619 ὐμᾶς
623 2545 749 2607 τούς
802 2543 1007 2623 σφόδρα
1043 2546 1433 2617 ἠπατημένους
1466 2543 1678 2610 είδέναι,
1712 2549 1828 2607 πῶς
1859 2545 1971 2620 χρὴ

325 2634 545 2705 ἐπᾴδειν
577 2632 977 2706 αὐτῷ.’Δλλως
1001 2632 1058 2689 δὲ
1080 2632 1360 2689 ἀδύνατον.
1382 2631 1628 2703 Ἐπᾴδειν
1649 2631 1705 2687 δὲ
1734 2636 1777 2671 ³¹
1805 2632 1974 2708 λέγω,

320 2730 406 2795 τῷ
456 2723 712 2799 λογισμῷ
763 2722 1161 2778 ἀντιτάσσεσθαι
1210 2728 1328 2785 ταῖς
1375 2728 1563 2785 κακαῖς
1616 2723 1788 2777 αὐτῶν
1842 2745 1977 2795 συμ-

322 2811 581 2874 ϐουλίαις
614 2816 766 2871 243
815 2812 1212 2884 μεμνημένους,
1259 2812 1343 2866 ὅτι
1392 2811 1682 2887 ὑποσχέσει
1727 2812 1979 2887 γνώσεως

322 2904 421 2958 ἀπ’
452 2904 637 2977 ἀρχῆς
666 2900 745 2973 τῷ
774 2902 967 2974 κόσμῳ
997 2901 1219 2956 θάνατον
1254 2901 1596 2976 ἐξειργάσατο
1626 2904 1693 2958 ³³.

396 2998 543 3047 XIX.
589 2993 749 3048 ’Όθεν
806 2992 834 3045 ὁ
875 2993 973 3059 τῆς
1029 2989 1283 3061 ἀληθείας
1337 2993 1626 3068 προφήτης
1690 2990 1833 3045 πολὺ
1888 2991 1977 3045 τὸν

316 3081 534 3153 κόσμον
584 3078 1003 3151 πεπλανημένον
1057 3076 1217 3141 εἰδὼς
1266 3080 1357 3133 καὶ
1403 3084 1470 3153 τῇ
1519 3078 1681 3150 κακίᾳ
1730 3081 1983 3153 συνθέμε-

319 3192 420 3225 νον
454 3168 586 3223 ἰδὼν
634 3168 732 3224 οὐκ
776 3168 1027 3244 ἠγάπησε
1076 3170 1175 3236 τήν
1222 3169 1357 3243 πρὸς
1407 3168 1565 3223 αὑτὸν
1623 3169 1868 3244 εἰρήνην,
1903 3168 1978 3231 ὠς

322 3260 387 3314 ἐκ
418 3258 628 3328 πλάνης
677 3233 935 3312 συνοῐέσαν
983 3259 1046 3293 ³³’
1099 3256 1180 3311 δτι
1234 3258 1310 3319 εἷς
1357 3256 1515 3319 τέλος
1564 3257 1801 3335 ἐπιφέρει
1849 3264 1978 3312 πᾶσι
2011 3233 2053 3299 C

320 3354 447 3409 τοῖς
505 3348 642 3423 πρὸς
689 3347 876 3401 κακίαν
937 3348 1442 3421 ὁμογνωμονοῦσιν,
1475 3348 1729 3420 παραθεὶς
1778 3350 1825 3384 3‘
1864 3348 1981 3401 ἀντὶ

322 3436 568 3505 πλάνης,
610 3440 727 3497 τοῖς
780 3438 1009 3507 νήψασιν
1054 3433 1234 3511 ὥσπερ
1265 3440 1371 3509 πῦρ
1420 3431 1675 3509 ἐμϐαλὼν
1714 3438 1814 3506 τὴν
1847 3437 1983 3490 κατὰ

323 3530 431 3580 τοῦ
499 3522 900 3599 ένεδρεῦσαντος
960 3524 1125 3599 ὀργὴν
1205 3524 1448 3599 μαχαίρᾳ
1508 3523 1743 3580 ἐοικυῖαν
1778 3572 1793 3597 ,
1851 3546 1983 3601 προ-

322 3614 509 3688 τείνρς
559 3610 617 3667 δὲ
661 3616 709 3649 ³⁸
758 3611 920 3687 λόγον
970 3611 1178 3684 ἀναιρεῖ
1218 3613 1316 3680 τὴν
1368 3612 1584 3687 ἄγνοιαν
1629 3618 1697 3687 τῇ
1746 3615 1979 3689 γνώσει,

327 3703 517 3778 ὥσπερ
548 3700 761 3774 τέμνων
808 3700 897 3755 καὶ
946 3699 1203 3777 χωρίζων
1236 3705 1438 3769 ζῶντας
1469 3703 1572 3756 ἀπὸ
1612 3707 1718 3757 τῶν
1751 3708 1978 3779 νεκρῶν.

324 3798 443 3860 Τῆς
505 3791 599 3863 μὲν
647 3788 737 3845 οὖν
788 3788 975 3851 κακίας
1035 3788 1138 3843 ὐπὸ
1191 3792 1291 3858 τῆς
1338 3790 1575 3863 νομίμου
1622 3794 1875 3867 γνώσεως
1904 3814 1981 3846 νι-

322 3878 591 3953 κωμένης
622 3878 866 3952 πόλεμος
901 3883 1112 3953 συνεῖχε
1156 3878 1220 3932 τὸ
1249 3879 1373 3936 πὰν.
1425 3880 1715 3955 Σωτηρίας
1754 3880 1857 3955 γὰρ
1886 3879 1985 3957 χά-

330 3990 419 4044 ριν
456 3969 574 4029 υἱὸς
622 3966 837 4038 ὑπείξας
884 3967 1139 4029 ἀπειθοῦς
1189 3966 1486 4043 ἐχωρίζετο
1535 3971 1760 4044 πατρὸς,
1810 3971 1846 4038 ἢ
1894 3970 1985 4024 καὶ

326 4059 519 4133 πατὴρ
564 4057 775 4128 τέκνου,
824 4059 860 4126 ἡ
902 4061 1131 4111 τεκοῦσα
1178 4057 1464 4133 θυγατρὸς,
1514 4061 1548 4127 ἡ
1601 4060 1839 4133 θυγάτηρ
1876 4081 1983 4130 μη-

326 4148 486 4221 τρὸς,
534 4147 623 4200 γαὶ
672 4147 809 4217 ἅπαξ
858 4146 910 4200 οἱ
957 4148 1003 4182 ³⁸
1048 4151 1327 4221 συγγενεῖς
1371 4152 1647 4223 συγγενῶν
1696 4148 1783 4202 καὶ
1832 4147 1984 4226 φίλοι

334 4237 585 4306 συνήθων
596 4279 608 4291 .

410 4330 523 4379 XX.
558 4323 660 4380 Καὶ
696 4324 771 4396 μὴ
820 4344 900 4385 τις
950 4321 1177 4397 λεγέτω’
1228 4327 1352 4385 Πῶς
1401 4328 1562 4378 τοῦτο
1609 4321 1838 4393 δίκαιον,
1870 4332 1987 4401 χω-

337 4416 580 4490 ρίζεσθαι
646 4418 820 4488 γονεῖς
877 4413 1078 4467 τέκνων
1134 4411 1225 4466 καὶ
1280 4413 1441 4466 τέκνα
1493 4413 1695 4489 γονέων
1728 4440 1742 4482 ;
1775 4412 1990 4468 Δίκαιον

329 4504 427 4558 καὶ
462 4504 620 4558 πάνυ.
672 4502 732 4556 El
780 4502 885 4576 γὰρ
927 4500 1193 4572 συνόντες,
1247 4501 1381 4574 μετά
1426 4505 1522 4555 τοῦ
1572 4500 1739 4574 μηδὲν
1794 4502 1988 4565 αὐτοὺς

2053 603 2166 640 non
2199 586 2455 651 creditis,
2516 602 2643 655 quae
2686 584 2801 639 illic
2832 594 2970 641 sunt
3017 605 3144 642 esse
3198 590 3694 658 quemadmodum

2055 675 2327 741 dicimus,
2362 674 2490 729 dico
2523 680 2739 741 autem,
2773 675 2871 729 ubi
2930 678 3159 731 cunctis
3208 678 3309 731 tiat
3366 680 3696 735 retributio.

2056 764 2330 826 Quocirca
2362 764 2516 834 quod
2569 768 2655 818 est
2689 764 2827 818 utile
2860 765 3216 836 ignorantes,
3246 784 3279 821 a
3332 770 3700 839 temporariis

2055 852 2471 923 voluptatibus,
2558 870 2629 908 ne
2698 859 2913 909 aeterna
2965 855 3282 927 accipiatis,
3342 856 3698 929 decipimini.

2058 944 2245 1007 Quare
2283 958 2387 997 nos
2436 958 2734 1009 conamur,
2768 944 3059 999 commodi
3116 945 3281 999 vobis
3333 946 3701 1016 probationes

2060 1031 2284 1095 afferre,
2310 1036 2374 1085 ut
2405 1030 2573 1102 plene
2604 1031 2744 1085 certi
2794 1033 2865 1086 de
2923 1033 3157 1103 pietatis
3216 1035 3704 1104 promissionibus

2060 1136 2163 1191 per
2184 1120 2335 1175 bona
2366 1136 2541 1191 opera
2570 1121 2809 1191 possitis
2841 1121 3145 1177 nobiscum
3182 1124 3378 1178 saeculi
3413 1125 3571 1195 quod
3605 1124 3719 1180 tri—-

2062 1209 2223 1263 stitia
2252 1215 2417 1263 vacat
2472 1209 2729 1265 heredes
2776 1211 3039 1266 existere.
3073 1211 3265 1267 Donec
3297 1213 3477 1285 igitur
3503 1230 3716 1284 cogno-

2064 1298 2243 1352 scatis
2274 1314 2400 1365 nos,
2435 1315 2505 1353 ne
2550 1299 2717 1353 nobis
2771 1300 3186 1368 succenseatis,
3242 1306 3519 1373 tanquam
3552 1321 3717 1358 men-

2065 1387 2285 1441 tiamur
2323 1386 2474 1441 circa
2503 1388 2653 1442 bona
2679 1405 2801 1456 quae
2830 1388 2994 1444 vobis
3044 1390 3335 1461 cupimus.
3371 1391 3503 1455 Quae
3554 1394 3713 1447 enim

2066 1476 2399 1547 putavimus
2431 1492 2565 1531 vera
2592 1482 2648 1531 et
2677 1478 2848 1543 bona,
2872 1495 2939 1533 ea
2963 1479 3034 1533 ad
3064 1496 3165 1534 vos
3196 1480 3399 1535 afferre
3448 1498 3563 1535 non
3621 1482 3713 1536 in-

2066 1566 2360 1629 vidimus;
2396 1568 2495 1620 sed
2525 1571 2727 1620 contra
2759 1567 3184 1631 festinavimus,
3221 1570 3456 1624 reddere
3478 1587 3577 1625 vos
3609 1572 3710 1626 bo-

2069 1672 2299 1721 norum,
2335 1672 2459 1725 quae
2511 1656 2799 1721 novimus,
2864 1656 3211 1712 cohzeredes.
3256 1660 3334 1712 Ita
3392 1659 3607 1731 quippe
3638 1660 3709 1714 ad

2070 1743 2333 1797 infideles
2366 1743 2725 1815 loquendum
2758 1750 2865 1800 est.
2902 1746 3061 1810 Quod
3097 1750 3291 1800 autem
3333 1746 3499 1818 plene
3549 1764 3715 1803 veros

2072 1832 2437 1903 proferamus
2469 1848 2789 1898 sermones,
2853 1851 2966 1887 non
3018 1834 3183 1889 aliter
3230 1836 3493 1906 poteritis
3553 1838 3721 1908 scire,

2077 1922 2189 1976 nisi
2224 1921 2383 1991 prius
2414 1938 2547 1975 cum
2580 1921 2841 1977 veritatis
2871 1923 3066 1978 studio
3099 1924 3373 1981 audiatis.

2148 2099 2343 2154 XVIII.
2380 2100 2746 2171 Quapropter
2775 2117 2951 2171 nunc,
2984 2100 3118 2156 licet
3150 2117 3411 2173 serpens,
3444 2103 3721 2173 quemin-

2078 2192 2174 2244 tus
2205 2189 2432 2243 habetis
2465 2188 2763 2255 latentem,
2813 2189 2973 2245 mille
3001 2191 3163 2245 vobis
3194 2192 3395 2246 tendat
3452 2192 3718 2265 insidias,

2080 2295 2286 2349 pravas
2318 2277 2681 2348 subjiciendo
2741 2278 3118 2351 cogitationes
3178 2283 3233 2334 et
3280 2279 3724 2351 impedimenta,

2083 2371 2340 2421 attamen
2372 2383 2437 2421 eo
2466 2368 2649 2438 magis
2679 2368 2960 2423 obsistere
3006 2374 3061 2423 et
3108 2369 3354 2436 debetis,
3388 2373 3443 2423 et
3490 2371 3727 2426 assiduo

2084 2472 2190 2511 nos
2216 2456 2434 2511 audire.
2470 2456 2707 2527 Oportet
2734 2457 2912 2525 enim,
2946 2462 3012 2511 ut
3040 2474 3160 2526 vos,
3193 2458 3291 2528 qui
3342 2458 3533 2514 fuistis
3566 2460 3728 2515 valde

2085 2545 2332 2616 decepti,
2366 2546 2775 2600 convenientes
2804 2546 3190 2617 cognoscatis,
3240 2563 3354 2618 quo
3404 2549 3574 2602 modo
3631 2548 3729 2604 ille

2084 2635 2477 2689 incantandus
2508 2636 2601 2690 sit.
2634 2635 2818 2689 Aliter
2844 2652 2975 2690 vero
3008 2636 3132 2690 ﬁeri
3168 2637 3389 2707 nequit.
3428 2640 3728 2695 Incantare

2089 2728 2281 2779 autem
2335 2724 2483 2791 dico,
2517 2729 2710 2779 mente
2773 2741 3095 2796 repugnare
3145 2726 3335 2796 pravis
3394 2727 3727 2783 daemonum

2090 2812 2350 2867 consiliis
2425 2830 2730 2880 memores,
2818 2831 2951 2869 cum
3029 2815 3413 2886 promissione
3473 2817 3728 2873 scientia:

2092 2901 2312 2955 mundo
2344 2903 2415 2955 ab
2449 2902 2614 2956 initio
2648 2905 2889 2958 mortem
2923 2919 3278 2975 procreasse.

2163 2990 2304 3045 XIX.
2340 2990 2503 3045 Unde
2534 2992 2790 3046 veritatis
2842 2992 3146 3063 propheta,
3202 2993 3393 3049 sciens
3444 2996 3733 3052 mundum

2093 3095 2319 3134 errasse
2352 3079 2692 3149 plurimum,
2724 3085 2780 3134 et
2812 3080 2996 3135 maliti
3018 3083 3434 3139 aaconsensisse
3462 3084 3733 3151 intuitus,

2095 3184 2209 3223 non
2242 3168 2513 3238 expetivit
2539 3186 2739 3240 pacem
2771 3186 2903 3223 cum
2952 3170 3071 3237 illo,
3108 3177 3169 3225 ut
3198 3188 3265 3226 ex
3315 3188 3507 3228 errore
3537 3174 3737 3229 consi-

2092 3262 2380 3323 stentem;
2416 3258 2513 3311 sed
2561 3276 2743 3328 usque
2800 3260 2871 3313 ad
2920 3260 3095 3314 ﬁnem
3128 3266 3369 3317 cunctos
3401 3262 3457 3316 in
3510 3264 3738 3320 malitia

2091 3346 2518 3402 consentientes
2548 3353 2863 3419 oppugnat,
2888 3353 2943 3402 et
2970 3348 3271 3404 veritatem
3302 3351 3361 3404 in
3418 3350 3609 3407 locum
3642 3370 3736 3407 er-

2092 3436 2239 3491 roris
2271 3435 2560 3506 proponit,
2593 3453 2659 3491 ac
2690 3436 3169 3508 resipiscentibus
3200 3438 3355 3494 velut
3383 3440 3575 3512 ignem
3621 3442 3732 3497 im-

2093 3524 2278 3578 mittit
2335 3523 2483 3579 iram
2532 3524 2813 3580 adversus
2868 3525 3292 3599 insidiatorem,
3353 3546 3480 3599 qua:
3540 3531 3734 3602 gladio

2093 3613 2306 3668 similis
2346 3618 2435 3668 est
2489 3613 2587 3683 (a),
2644 3614 2984 3685 objectoque
3028 3632 3296 3671 sermone
3344 3618 3735 3688 ignorantiam

2094 3703 2423 3773 cognitione
2453 3701 2756 3769 interimit,
2812 3704 2977 3773 quasi
3008 3704 3282 3759 scindens
3333 3723 3397 3760 ac
3454 3724 3733 3777 separans

2092 3794 2251 3847 vivos
2283 3810 2316 3847 a
2346 3792 2612 3846 mortuis.
2638 3792 2835 3861 Itaque
2856 3792 2996 3845 dum
3030 3792 3253 3848 malitia
3285 3810 3385 3864 per
3405 3793 3730 3867 legitimam

2094 3881 2484 3953 cognitionem
2503 3878 2860 3945 vincebatur,
2880 3879 3098 3935 bellum
3121 3887 3331 3937 cuncta
3358 3884 3561 3938 tenuit.
3586 3883 3731 3939 Nam

2095 3977 2328 4042 propter
2358 3968 2603 4024 salutem
2661 3968 2820 4024 filius
2864 3970 3105 4024 credens
3134 3987 3169 4025 a
3214 3976 3379 4042 patre
3435 3972 3733 4029 incredulo

2095 4059 2384 4131 separavit
2411 4075 2491 4124 se,
2524 4057 2612 4112 vel
2644 4062 2808 4129 pater
2831 4076 2865 4113 a
2896 4058 3035 4125 filio,
3057 4060 3304 4131 genitrix
3334 4077 3367 4115 a
3398 4060 3536 4132 ﬁlia,
3567 4061 3739 4118 ﬁliaa

2098 4154 2303 4213 matre,
2364 4152 2537 4218 atque
2589 4146 2825 4202 omnino
2880 4148 3190 4219 propinqui
3221 4167 3254 4204 a
3286 4152 3627 4224 propinquis
3684 4156 3741 4206 et

2099 4237 2267 4293 amici
2295 4254 2327 4291 a
2356 4235 2768 4291 familiaribus.

2167 4326 2272 4380 XX.
2313 4325 2511 4395 Neque
2542 4325 2697 4378 dicat
2727 4324 2980 4395 aliquis:
3039 4326 3339 4389 Quomodo
3396 4328 3454 4383 id
3504 4330 3739 4399 justum

2099 4415 2291 4481 fuerit,
2325 4412 2580 4482 separari
2612 4419 2879 4482 parentes
2910 4431 2943 4467 a
2965 4414 3186 4481 liberis,
3223 4415 3435 4471 liberos
3468 4434 3501 4471 a
3530 4435 3738 4488 paren-

2098 4503 2277 4557 tibus.
2310 4501 2541 4555 Justum
2570 4506 2679 4571 est,
2710 4506 2767 4555 et
2815 4501 2999 4556 valde.
3046 4508 3191 4557 Nam
3236 4504 3285 4558 si
3335 4521 3452 4560 una
3500 4505 3734 4575 morati,

335 4590 597 4669 ὠφελεῖν,
645 4592 735 4645 καὶ
786 4588 1207 4644 συναπώλλυντο
1257 4588 1461 4661 αὐτοῖς,
1495 4594 1614 4651 πῶς
1665 4590 1727 4645 οὐ
1760 4588 1964 4645 δίκαιον

2101 4596 2484 4662 praeterquam
2516 4590 2670 4659 quod
2704 4590 2849 4643 nihil
2879 4591 2963 4645 eis
3016 4592 3349 4659 proderant,
3381 4594 3555 4649 etiam
3604 4611 3739 4649 cum

335 4682 432 4735 καὶ
467 4683 508 4716 ³⁷
541 4682 883 4756 χωρισθῆναι
914 4679 1004 4733 τὸν
1054 4678 1318 4746 σώζεσθαι
1357 4678 1585 4734 θέλοντα
1632 4678 1739 4735 ἀπὸ
1780 4685 1877 4734 τοῦ
1912 4681 1987 4753 μή

334 4769 617 4838 θέλοντος,
667 4766 1057 4830 συναπολέσθαι
1102 4763 1159 4820 δὲ
1188 4768 1235 4804 ³⁸
1269 4765 1607 4840 βουλομένου
1641 4786 1655 4837 ;
1688 4768 1826 4843 πρὸς
1866 4769 1995 4823 τού-

334 4879 457 4919 τοις
488 4854 613 4911 οὐδὲ
662 4856 814 4913 αὐτοὶ
865 4856 917 4910 οἱ
964 4856 1027 4911 τὸ
1076 4860 1320 4932 κρεῖττον
1372 4857 1684 4927 νενοηκότες
1719 4860 1996 4935 χωρισθῆ-

413 4997 491 5067 (α)
526 4995 729 5053 Matth.
760 5014 816 5067 x,
848 4998 936 5054 34.

2104 4680 2219 4736 illis
2246 4680 2537 4750 peribant,
2570 4695 2685 4749 quo
2718 4683 2887 4749 pacto
2913 4696 3142 4749 equum
3177 4697 3291 4735 non
3349 4687 3439 4737 est
3485 4681 3746 4754 separari

2105 4785 2262 4835 eum,
2296 4767 2398 4839 qui
2429 4767 2639 4822 salvari
2663 4767 2808 4835 vult,
2840 4768 2912 4822 ab
2943 4784 3007 4822 eo
3044 4768 3141 4838 qui
3177 4786 3290 4824 non
3319 4771 3462 4839 vult,
3496 4772 3596 4827 sed
3630 4788 3747 4827 una

2106 4858 2294 4931 perire
2316 4856 2497 4929 cupit.
2528 4857 2615 4911 Ad
2670 4856 2811 4924 haec,
2864 4872 2981 4911 non
3014 4856 3121 4924 illi,
3152 4858 3249 4928 qui
3307 4860 3456 4930 quod
3514 4863 3749 4933 praestat

1700 5146 1940 5203 VABIZE
1980 5146 2281 5203 LECTION
2290 5146 2390 5201 ES.

416 5272 464 5346 ξε
494 5271 874 5346 magnae.
907 5274 951 5309 ²⁶
981 5273 1106 5346 ὑμῖν
1141 5273 1222 5329 Cl.
1258 5272 1509 5346 Fallitur
1532 5272 1590 5327 S.
1643 5271 1712 5327 de
1762 5271 2010 5346 lectione
2056 5272 2135 5328 Ci.
2190 5273 2234 5346 27
2277 5271 2605 5346 νενοήκαμεν
2653 5274 2711 5346 (_3.
2763 5271 2807 5346 2}
2856 5276 2939 5327 Ita
2982 5273 3025 5328 Ο
3066 5277 3121 5346 et
3167 5291 3234 5329 ex
3283 5274 3550 5346 conjecta
3578 5275 3661 5340 C.,
3694 5272 3754 5346 in

416 5291 464 5307 ιο
494 5291 788 5345 γνωριςετε
815 5291 874 5328 u.
908 5291 951 5309 δυ
981 5291 1106 5346 υμιν
1141 5291 1222 5329 ω.
1258 5291 1503 5329 r'auitur
1533 5291 1590 5327 δ.
1643 5291 1712 5327 ue
1763 5291 2010 5329 iecuone
2056 5291 2135 5328 ω.
2190 5291 2229 5307 ι’
2277 5291 2605 5395 νενοηκοξζεγ
2653 5291 2711 5324 υ.
2763 5291 2807 5305 ιο
2856 5291 2939 5327 ua
2982 5291 3025 5328 U
3066 5291 3121 5327 et.
3167 5291 3234 5329 ex
3283 5291 3525 5357 comem.
3578 5291 3661 5340 υ..
3694 5291 3754 5358 ιη

344 5345 462 5415 cuj.
514 5340 1099 5425 ἲοξξυωένδομοιχῶνη
1125 5348 1170 5381 ²⁹
1200 5341 1666 5425 Ιιαηβηθέλειιο.
1713 5345 1958 5425 Αωιδὶεο
2009 5345 2417 5425 (ξοεοτὶρίυῐοξι
2468 5341 2600 5425 ΙιΙΓι
2646 5342 2836 5425 Ottob.
2888 5345 3230 5425 nonuplen'a.
3265 5346 3309 5380 3°
3340 5344 3584 5425 ὐμωνρ.
3620 5347 3662 5379 ³¹
3696 5342 3755 5425 oe

342 5406 440 5471 οης
473 5418 537 5470 ο.
591 5416 638 5450 ιε
667 5416 811 5471 Vbb.
852 5406 1253 5488 μεμυημένους,
1288 5406 1694 5488 ὅτίὺποσχέσει
1726 5406 1977 5488 γνώσξως
2018 5415 2108 5498 ἀπ’
2137 5406 2314 5498 ἀρχης
2345 5416 2422 5482 τῷ
2470 5412 2691 5498 κόσμῳ,
2712 5412 2932 5498 θένατῖον
2987 5406 3341 5498 ἐξειργάσατο.
3369 5406 3616 5487 largitus
3670 5418 3758 5498 est

341 5494 408 5543 Ο.
444 5487 489 5521 ⁸³
517 5488 635 5542 Νοη
662 5484 1141 5560 εοηιίηιιοραέευι
1170 5488 1371 5543 mundo
1421 5490 1477 5541 in
1521 5484 1809 5560 erroribus
1839 5492 2014 5557 posito
2042 5484 2494 5560 deditfltecogq:
2542 5501 2617 5550 v1,
2670 5486 2730 5560 4.
2756 5484 2936 5560 Unde
2964 5484 3405 5555 coni‘e'ctaverim
3441 5484 3568 5542 sese
3608 5486 3751 5560 scri-

343 5560 604 5613 bendum
638 5555 1027 5616 συνεστῶταδ.
1058 5562 1103 5595 ³⁵
1138 5566 1275 5615 Post
1303 5556 1562 5631 πειραθείς
1612 5558 1775 5631 deest
1818 5555 2057 5627 aliquid,
2109 5558 2317 5629 supple
2360 5555 2619 5631 ἀΛήθειαν
2647 5555 3039 5631 vel_si_milem
3090 5560 3347 5631 aliquam
3389 5576 3605 5614 vocem.
3636 5559 3750 5613 Cfr.

344 5632 582 5703 Recogn.
610 5646 688 5699 vr,
719 5632 749 5684 4
780 5648 793 5686 :
835 5632 939 5686 Sed
980 5634 1317 5703 ignorantiae
1361 5627 1485 5703 ejus
1531 5630 1709 5703 [uirgis
1746 5627 2341 5703 -εςίεηιιάγηηυεγνῖεαιξξ
2376 5630 2623 5703 apposuit
2672 5627 2891 5703 Deinde
2920 5646 3024 5703 ego
3058 5627 3426 5703 posta/ialm:
3459 5634 3747 5688 commate

345 5695 608 5773 distinxi,
640 5695 779 5772 non,
811 5709 876 5759 ut
899 5707 980 5771 C.,
1001 5695 1149 5778 'post
1175 5695 1405 5776 νήψασιν
1436 5701 1495 5757 S.
1527 5700 1574 5735 ³⁸
1604 5695 1662 5754 δέ
1692 5701 1821 5759 add.
1856 5719 1910 5761 ο.
1951 5702 2015 5759 0.
2047 5702 2090 5737 ³⁸
2114 5702 2168 5754 αὶ
2199 5703 2264 5757 Ο.
2296 5700 2340 5736 ⁸⁷
2364 5695 2454 5753 καὶ
2486 5698 2735 5755 accessit
2762 5715 2831 5755 ex
2860 5700 2902 5755 0
2932 5695 2981 5735 ³⁸
3006 5695 3095 5754 κάί
3130 5703 3195 5759 Ο.
