4112 6344
440 355 546 413 291

1268 355 1331 414 8.
1378 352 1817 414 CLEMENTIS
1864 354 1884 412 l
1932 352 2121 413 BOM.
2170 352 2401 412 PUNT.
2447 354 2707 413 OPEBA
2752 352 3012 414 DUBIA.

3694 338 3699 339 ί
3720 358 3841 418 292

441 485 803 559 intelligunt,
834 487 1045 543 vellent
1093 489 1369 558 separari,
1429 488 1544 543 imo
1596 488 1771 545 simul
1833 501 2058 541 manere

2200 503 2285 537 ναι
2320 485 2469 541 244
2500 481 2724 557 ἤθελον,
2756 482 2903 540 ἀλλὰ
2949 490 3177 539 συνεῖναι
3230 485 3318 539 καὶ
3369 485 3598 567 ὠφελεῖν
3648 487 3843 552 αὐτοὺς

441 576 703 647 aliosque
734 576 1039 633 meliorum
1071 578 1426 649 expositione
1448 578 1674 649 juvare.
1708 577 1870 633 Unde
1898 576 2082 629 incre-

440 665 583 729 duli,
617 666 756 720 dum
816 666 1090 721 nolebant
1132 667 1355 736 audire,
1414 666 1525 737 ipsi
1574 672 1774 721 contra
1829 681 1926 720 eos
1977 680 2083 734 pu-

439 755 699 825 gnabant
730 772 831 825 per
860 756 1307 825 separationem,
1342 755 1823 827 persecutionem,
1857 752 2079 807 odium.

439 844 546 909 Qui
578 860 712 898 vero
742 844 854 898 ista
885 843 1270 910 sustinebant,
1330 844 1588 898 miserati
1620 860 1739 910 eos,
1773 842 1873 914 qui
1933 840 2080 912 ipsis

436 950 540 1004 per
572 934 959 1005 ignorantiam
988 933 1437 999 insidiabantur,
1471 933 1734 987 doctrina
1758 930 2077 1004 prudentize

427 1022 672 1077 orabant
702 1040 804 1093 pro
835 1023 1202 1079 vexatoribus
1233 1023 1380 1090 suis,
1409 1022 1657 1078 scientes
1692 1038 1931 1076 causam
1977 1021 2075 1075 de-

426 1110 546 1166 licti
579 1128 704 1167 esse
734 1111 1148 1184 ignorantiam.
1182 1113 1312 1183 Ipse
1353 1112 1511 1166 enim
1563 1111 1840 1183 Magister
1897 1109 2076 1166 clavis

425 1201 686 1256 confixus
720 1201 922 1256 orabat
944 1201 1191 1268 Patrem,
1226 1206 1291 1256 ut
1311 1201 1440 1271 ejus
1469 1198 1940 1255 interfectoribus
1990 1197 2073 1252 di-

424 1290 680 1345 mitteret
710 1294 1034 1361 peccatum,
1063 1290 1263 1345 dicens
1288 1307 1300 1345 :
1335 1293 1523 1357 Pater,
1557 1289 1775 1344 dimitte
1803 1288 1919 1343 illis
1944 1302 2070 1358 pec-

419 1384 543 1434 cata
571 1396 695 1434 sua.
728 1381 844 1435 Non
873 1382 1021 1434 enim
1048 1380 1231 1433 sciunt
1261 1393 1384 1449 quae
1411 1381 1631 1450 faciunt
1650 1377 1746 1450 (a).
1772 1376 2071 1432 Imitantes

422 1483 557 1538 ergo
581 1467 926 1540 Magistrum
960 1472 1016 1522 et
1044 1468 1156 1539 ipsi
1189 1467 1248 1521 in
1280 1468 1351 1523 iis
1382 1484 1508 1539 quae
1542 1466 1919 1539 patiebantur
1948 1481 2071 1519 ora-

424 1558 563 1610 bant
593 1573 695 1628 pro
728 1555 1129 1621 afﬂictoribus,
1164 1556 1661 1626 quemadmodum
1704 1553 1893 1609 edocti
1941 1552 2065 1607 fue-

420 1651 570 1698 rant.
597 1646 689 1700 Sic
709 1663 821 1700 non
845 1644 975 1700 odio
1000 1649 1310 1716 parentum
1335 1645 1781 1716 separabantur,
1807 1643 2067 1713 quando-

421 1735 656 1804 quidem
688 1739 746 1789 et
772 1751 873 1806 pro
900 1734 993 1804 iis,
1017 1734 1117 1805 qui
1150 1751 1255 1789 nec
1285 1740 1451 1789 erant
1472 1736 1765 1805 parentes,
1797 1748 1900 1785 nec
1932 1746 2062 1802 pro-

418 1824 644 1894 pinqui,
680 1825 779 1879 sed
828 1822 1071 1888 inimici,
1123 1840 1322 1895 preces
1374 1823 1684 1877 continuas
1719 1821 2061 1886 fundebant,

415 1928 650 1983 eosque,
684 1912 1025 1984 proutjussi
1048 1917 1231 1979 erant,
1270 1912 1609 1967 nitebantur
1629 1910 1892 1982 diligere.

486 2088 629 2144 XXI.
660 2088 799 2143 Mihi
830 2094 1025 2144 autem
1074 2088 1252 2143 dicite
1280 2105 1403 2155 vos,
1437 2104 1551 2159 quo
1587 2086 1761 2141 modo
1794 2088 2064 2157 parentes

418 2178 676 2251 diligatis
698 2179 725 2233 ?
749 2178 1027 2249 Equidem
1047 2178 1095 2232 si
1115 2176 1572 2246 velutjustitiam
1594 2192 1827 2246 semper
1843 2173 2061 2243 intuiti,

418 2270 564 2322 bene
593 2273 716 2323 est:
752 2268 842 2322 sin
874 2283 1005 2322 vero
1034 2272 1270 2333 temere,
1297 2283 1410 2321 non
1443 2264 1701 2337 amplius
1756 2264 1920 2318 bene.
1956 2262 2059 2317 Po-

418 2359 583 2412 testis
614 2357 769 2413 enim
801 2372 1038 2428 parvam
1070 2356 1142 2410 ob
1176 2372 1413 2410 causam
1443 2371 1647 2410 eorum
1681 2353 1882 2408 hostes
1913 2351 2058 2407 fieri.

420 2447 579 2511 Quod
613 2449 661 2501 si
691 2446 856 2517 gnari
888 2444 1154 2516 diligitis,
1190 2445 1386 2511 dicite,
1426 2444 1564 2515 quid
1600 2443 1721 2498 sint
1769 2446 2058 2513 parentes.

418 2535 866 2605 Respondebitis
896 2550 907 2588 :
934 2533 1176 2605 originis
1193 2539 1480 2588 auctores.
1513 2537 1626 2587 Cur
1655 2548 1791 2603 ergo
1823 2534 2058 2585 cuncta-

413 2640 546 2677 rum
576 2640 771 2679 rerum
824 2622 1106 2695 originem
1151 2623 1327 2677 Deum
1360 2639 1474 2676 non
1526 2620 1761 2689 amatis,
1796 2618 1845 2674 si
1894 2619 2057 2689 justo

404 2712 626 2782 judicio
654 2712 763 2767 hoc
794 2711 1137 2783 suscepistis
1169 2710 1399 2766 facere?
1427 2710 1537 2765 Sed
1570 2714 1626 2765 et
1672 2710 1799 2779 jam
1830 2706 2054 2773 dicetis,

410 2801 577 2856 illum
610 2819 726 2857 non
780 2801 1070 2856 novimus.
1121 2801 1307 2865 Quare
1350 2800 1530 2871 igitur
1562 2815 1675 2854 non
1736 2796 2055 2869 percontati

412 2891 602 2946 colitis
633 2908 810 2946 sensu
839 2890 1162 2946 destituta?
1220 2889 1366 2955 Quid
1400 2906 1531 2943 vero
1553 2888 1580 2941 ‘?
1627 2892 1683 2943 et
1712 2886 1761 2941 si
1820 2884 2057 2941 difficile

412 2985 536 3037 erat
565 2980 726 3036 vobis
760 2995 1106 3050 cognoscere
1153 2978 1291 3050 quid
1320 2978 1394 3032 sit
1424 2978 1599 3043 Deus,
1653 2981 1710 3032 at
1739 2976 1878 3048 quid
1938 2992 2055 3030 non

412 3071 489 3124 sit
519 3070 692 3139 Deus,
717 3085 831 3124 non
856 3067 1127 3140 potuistis
1154 3082 1267 3121 non
1291 3066 1457 3132 scire,
1484 3064 1930 3136 utreputaretis,
1954 3079 2052 3119 ne-

411 3159 789 3232 quelignum,
822 3172 1009 3229 neque
1038 3155 1313 3228 lapidem,
1342 3170 1528 3225 neque
1548 3171 1645 3221 (es,
1673 3169 1861 3225 neque
1891 3151 2049 3207 aliud

410 3248 548 3321 quid
579 3264 647 3303 ex
669 3246 1031 3319 corruptibili
1053 3249 1328 3301 constans
1355 3243 1599 3298 materia
1620 3242 1803 3298 Deum
1825 3253 1988 3297 esse.‘

477 3354 639 3410 XXII.
673 3355 875 3410 Nonne
905 3352 1060 3409 enim
1092 3352 1240 3407 ferro
1280 3350 1481 3405 caelata
1531 3354 1669 3404 sunt
1711 3348 2052 3417 simulacra,

409 3450 465 3500 et
496 3446 713 3499 ferrum
746 3443 897 3515 quod
931 3441 1177 3513 sculpsit
1204 3439 1337 3511 igne
1367 3438 1692 3494 emollitum
1712 3442 1882 3509 est,et
1900 3436 2055 3509 ignis

415 3550 570 3605 aqua
601 3532 991 3604 exstinguitur
1009 3530 1037 3584 ‘?
1059 3538 1146 3583 An
1169 3546 1281 3584 non
1329 3544 1462 3583 vero
1481 3543 1636 3599 aqua
1662 3543 1763 3599 per
1781 3526 2053 3598 spiritum

413 3628 695 3688 movetur,
736 3628 910 3693 atque
964 3619 1209 3691 spiritus
1238 3634 1271 3670 a
1307 3618 1417 3671 Deo
1476 3621 1819 3670 cunctorum
1852 3614 2056 3686 opiﬁce

412 3714 647 3767 initium
666 3711 965 3766 exstantia;
983 3706 1195 3762 habet?
1216 3706 1310 3761 Sic
1327 3705 1481 3760 enim
1514 3703 1658 3759 dixit
1680 3705 1903 3775 Moyses
1926 3721 2057 3774 pro-

410 3804 620 3875 pheta:
655 3802 715 3856 In
738 3799 1021 3871 principio
1049 3798 1256 3851 creavit
1292 3796 1430 3848 Deus
1461 3794 1658 3847 caelum
1688 3802 1738 3847 et
1767 3803 2006 3848 (errram
2041 3809 2054 3848 :

405 3900 551 3948 terra
581 3898 762 3945 autem
814 3895 933 3943 erat
988 3886 1286 3941 invisibilis
1307 3887 1358 3937 et
1415 3884 1772 3953 incomposita
1802 3886 1852 3936 et
1911 3891 2053 3936 tene-

409 3982 523 4037 brae
552 3988 708 4035 erant
755 3993 922 4047 super
949 3976 1230 4047 abyssum,
1262 3978 1316 4028 et
1345 3973 1577 4043 spiritus
1609 3972 1710 4026 Dei
1764 3970 2056 4041 ferebatur

402 4085 564 4139 super
621 4084 811 4138 aquas.
870 4066 977 4129 Qui
1058 4062 1325 4134 spiritus,
1379 4062 1607 4115 dicente
1698 4060 1835 4127 Deo,
1894 4058 2053 4114 velut

407 4174 621 4212 manus
650 4156 836 4228 ipsius
867 4158 1076 4209 cuncta
1106 4150 1256 4217 fecit,
1293 4151 1483 4205 lucem
1518 4150 1809 4220 separavit
1838 4166 1871 4203 a
1892 4153 2048 4204 tene-

2193 576 2261 646 τῇ
2294 578 2401 627 τῶν
2452 574 2768 649 κρειττόνων
2820 574 3111 651 ὐφηγήσει,
3165 572 3283 628 ὅθεν
3330 577 3381 629 οἱ
3428 577 3666 640 ἀπειθεῖς
3710 576 3846 632 ἐπα-

2192 661 2371 717 κούειν
2423 662 2597 718 αὐτῶν
2652 664 2727 737 μή
2774 663 3022 728 Θὲλοντες
3069 663 3220 717 αὐτοὶ
3269 663 3461 727 αὐτοὺς
3513 663 3843 739 ἐπολέμουν,

2192 750 2548 826 χωρίζοντες,
2601 750 2915 823 διώκοντες,
2970 754 3369 825 μισοῦντες.οἱ
3420 752 3475 809 δὲ
3524 759 3690 809 ταῦτα
3738 756 3842 810 πά-

2192 860 2437 915 σχοντες,
2472 840 2748 905 ἐλεοῦντες
2799 841 2992 904 αὐτοὺς
3044 845 3089 878 ³9
3138 840 3241 896 ὐπὸ
3300 842 3516 918 ἀγνοίας
3576 842 3845 919 ἐνεδρευσ-

2192 928 2421 1002 μένους,
2480 928 2799 1002 διδασκαλίᾳ
2868 932 3140 1007 ρονήσεως
3198 928 3440 1006 ηὔχοντο
3518 933 3649 1010 ὑπὲρ
3726 938 3837 988 τῶν

2184 1018 2251 1072 τδ.
2299 1022 2343 1055 ⁴⁰
2399 1022 2536 1075 κακὰ
2590 1020 2785 1082 αὐτοὺς
2844 1017 3251 1093 διατιθεμένων,
3306 1021 3405 1089 τὴν
3469 1022 3684 1099 ἄγνοιαν
3739 1027 3838 1078 τοῦ

2186 1108 2578 1184 ἁμαρτήματος
2624 1108 2796 1163 αἰτίαν
2847 1108 2977 1163 εἶναι
3036 1108 3412 1183 μεμαθηκότες
3442 1152 3455 1166 .
3508 1110 3679 1172 Αὐτὸς
3724 1113 3831 1187 γὰρ

2184 1198 2214 1250 ὁ
2256 1196 2590 1260 Διδάσκαλος
2645 1195 3027 1274 προσηλωθεὶς
3085 1193 3290 1273 ηὔχετο
3345 1203 3424 1271 τῷ
3473 1199 3665 1275 Πατρὶ,
3711 1205 3829 1264 τοῖς

2182 1286 2341 1341 αὐτὸν
2398 1288 2704 1357 ἀναιροῦσιν
2759 1287 3017 1366 ἀφεθῆναι
3077 1287 3140 1342 τὸ
3197 1288 3545 1363 ἁμάρτημα,
3609 1288 3776 1345 εἰπών
3811 1309 3823 1323 ’

2179 1379 2374 1449 Πάτερ,
2435 1373 2564 1453 ἄφες
2621 1375 2804 1439 αὐτοῖς
2859 1376 2955 1438 τὰς
3014 1375 3277 1452 ἁμαρτίας
3334 1376 3542 1446 αὐτῶν,
3602 1376 3665 1432 οὐ
3722 1379 3827 1454 γὰρ

2180 1461 2384 1519 οἳδασιν
2444 1466 2476 1519 ἃ
2550 1470 2798 1520 ποιοῦσιν
2831 1509 2844 1522 .
2904 1463 3154 1539 Μιμηταὶ
3226 1464 3317 1520 οὗν
3385 1464 3663 1541 γινόμενοι
3730 1472 3830 1522 τοῦ

2178 1551 2512 1610 Διδασκάλου
2560 1555 2648 1610 καὶ
2679 1553 2855 1626 αὐτοὶ,
2889 1552 2941 1610 ἄν
2985 1554 3066 1616 οἷς
3114 1551 3379 1630 ἔπασχον,
3411 1553 3543 1629 ὑπὲρ
3570 1560 3678 1610 τῶν
3711 1552 3828 1612 δια-

2172 1640 2467 1716 τιθεμένῶν
2513 1641 2776 1720 ηὔχοντο,
2827 1644 2902 1707 ὡς
2953 1640 3339 1718 ἐδιδάχθησαν.
3393 1642 3577 1707 Οὕτως
3619 1644 3681 1699 οὔ
3732 1666 3831 1721 γο-

2173 1737 2282 1794 νεῖς
2331 1736 2617 1805 μισοῦντες
2666 1732 3017 1809 ἐχωρίζοντο,
3069 1731 3233 1787 ὁπότε
3280 1732 3371 1787 καὶ
3423 1732 3554 1809 ὑπὲρ
3596 1738 3707 1788 τῶν
3746 1736 3823 1807 μὴ

2173 1821 2373 1895 γονὲων
2450 1818 2591 1895 μηδὲ
2666 1826 2936 1897 συγγενῶν
2978 1864 2993 1892 ,
3052 1820 3264 1895 ἐχθρῶν
3342 1817 3399 1875 δὲ
3471 1821 3773 1898 γενομένων
3812 1865 3827 1891 ,

2171 1909 2385 1965 ἐποίουν
2418 1916 2658 1987 συνεχεῖς
2691 1910 2855 1987 εὐχὰς
2886 1914 2927 1948 ⁴¹
2961 1909 3050 1965 καὶ
3084 1910 3295 1986 ἀγαπᾷν
3323 1916 3615 1988 πειρῶνται
3646 1914 3691 1948 ⁸³
3740 1912 3827 1976 ὡς

2176 1998 2585 2070 ἐκελεύσθησαν.

2245 2089 2382 2145 XXI.
2416 2086 2618 2144 Εἴπατε
2666 2086 2723 2144 δέ
2773 2111 2865 2163 μοι
2917 2088 3092 2163 ὑμεῖς,
3143 2092 3259 2152 πῶς
3307 2087 3433 2151 τοὺς
3473 2095 3650 2165 γονεῖς
3686 2089 3819 2166 ἀγα-

2172 2182 2305 2233 πᾶτε
2338 2196 2352 2247 ;
2384 2177 2428 2232 εἰ
2481 2180 2574 2251 μὲν
2627 2178 2700 2240 ὡς
2746 2178 2809 2233 τὸ
2857 2176 3064 2233 δίκαιον
3121 2176 3202 2233 ἀεὶ
3254 2182 3601 2248 σκοποῦντες,
3634 2177 3824 2235 συνεύ-

2172 2286 2367 2342 χομαι,
2429 2267 2473 2322 εἰ
2529 2265 2586 2322 δὲ
2643 2268 2717 2330 ὡς
2779 2264 2985 2343 ἔτυχεν,
3049 2266 3250 2339 οὐκέτι,
3313 2264 3535 2321 δύνασθε
3579 2268 3679 2343 γὰρ
3727 2267 3819 2324 καὶ

2175 2361 2342 2429 μικρᾷ
2398 2356 2657 2433 προφάσει
2714 2355 2920 2410 τούτων
2979 2355 3223 2430 γενέσθαι
3286 2353 3494 2431 ἐχθροί.
3548 2355 3610 2411 Ei
3660 2352 3718 2410 δὲ
3750 2356 3821 2411 εἰ·

2171 2440 2319 2506 δότες
2350 2445 2603 2522 ἀγαπᾶτε,
2638 2444 2820 2499 εἷ’πατε
2868 2445 3045 2518 ὑμεῖς,
3094 2444 3145 2499 τί
3196 2443 3295 2499 είσι
3328 2447 3373 2481 ⁴³
3412 2450 3613 2519 γονεῖς.
3647 2447 3818 2518 Ἐρεῖ-

2166 2554 2243 2588 τε·
2279 2534 2470 2597 Γὲνους
2493 2533 2921 2611 ἀρχηγέταιΔιά
2938 2532 2991 2588 τί
3014 2534 3107 2588 οὗν
3138 2532 3202 2589 τὸ
3232 2537 3337 2587 τῶν
3370 2531 3514 2588 ὅλων
3546 2533 3696 2609 γένος
3720 2534 3820 2590 οὐκ

2167 2624 2507 2697 ἡγαπήσατε,
2542 2621 2688 2697 εἷ’περ
2722 2620 2912 2696 δικαίῳ
2941 2624 3250 2700 φρονήματι
3271 2626 3431 2677 τοῦτο
3454 2627 3628 2677 ποιεῖν
3660 2621 3818 2677 ἐπανο

2169 2711 2373 2776 είλεσθε
2406 2730 2420 2781 ;
2454 2709 2608 2766 Ἀλλ’
2641 2708 2716 2767 ἔτι
2748 2713 2835 2767 καὶ
2867 2717 2958 2766 νῦν
2992 2711 3177 2788 ἐρεῖτε’
3212 2710 3335 2786 Οὐχ
3378 2710 3688 2788 ἑωράκαμεν
3720 2711 3814 2767 αὖ-

2164 2800 2278 2856 τόν.
2314 2802 2410 2855 Διά
2437 2800 2490 2857 τί
2521 2802 2612 2856 οῦν
2649 2803 2722 2874 μὴ
2762 2804 3090 2872 ζητήσαντες
3122 2800 3185 2855 τὰ
3213 2800 3505 2870 ἀναίσθητα
3524 2799 3818 2856 κολακεύε-

2163 2911 2223 2944 τε
2255 2890 2351 2959 ;Τί
2383 2889 2440 2945 δὲ
2473 2911 2485 2960 ;
2521 2890 2565 2945 εἰ
2596 2891 2685 2945 καὶ
2725 2887 2989 2945 δύσκολον
3041 2890 3107 2959 ἦν
3161 2890 3287 2963 ὑμῖν
3337 2892 3485 2948 245
3530 2894 3729 2965 γνῶναι
3761 2888 3818 2945 τί

2166 2980 2383 3047 Θεὸς,τὸ
2405 2980 2587 3052 μέντοι
2615 2979 2667 3034 τί
2700 2980 2765 3037 οὐ
2792 2979 2920 3042 Θεὸς
2956 2980 3033 3053 μὴ
3067 2976 3259 3034 εἰδέναι
3290 2978 3389 3034 οὐκ
3427 2974 3696 3047 ἐδύνάσθε,
3724 2975 3816 3033 ’ίνα

2165 3066 2453 3145 λογίσησθε
2482 3068 2563 3124 ὅτι
2591 3069 2720 3131 Θεός
2752 3068 2891 3123 ἐστιν
2939 3068 2999 3123 οὐ
3029 3067 3210 3140 ξύλον,
3244 3067 3305 3123 οὐ
3356 3065 3527 3140 λίθος,
3572 3065 3634 3122 ού
3662 3065 3815 3143 χαλ-

2162 3159 2257 3221 κὸς
2290 3202 2304 3228 ,
2332 3158 2430 3213 οὐκ
2461 3156 2600 3214 ἄλλο
2632 3180 2684 3213 τι
2714 3157 2773 3213 ἐκ
2802 3160 3040 3237 φθαρτῆς
3068 3157 3288 3235 γεγονὸς
3319 3154 3481 3226 ὅλης.

2236 3339 2402 3395 XXII.
2452 3339 2523 3394 Ἦ
2570 3338 2670 3413 γὰρ
2719 3335 2826 3412 οὐχ
2875 3335 2977 3390 ὑπὸ
3033 3332 3261 3411 σιδήρου
3311 3332 3665 3406 ἐπορεύθησαν
3716 3332 3810 3389 καὶ

2164 3427 2193 3483 ὁ
2229 3426 2487 3503 τορεύσας
2532 3430 2578 3463 “
2621 3424 2843 3502 σίδηρος
2895 3426 2998 3479 ὑπὸ
3044 3424 3214 3500 πυρὸς
3261 3421 3575 3499 ἐμαλάχθη,
3627 3423 3809 3478 καὶτὸ

2163 3520 2269 3591 πῦρ
2302 3516 2430 3571 αὐτὸ
2476 3518 2521 3553 ’⁸⁸
2549 3510 2825 3570 σϐέννυται
2876 3514 2978 3568 ὐπὸ
3026 3511 3218 3575 ὕδατος
3249 3532 3263 3584 ;
3294 3514 3356 3567 τὸ
3404 3512 3461 3567 δὲ
3512 3509 3657 3586 ὕδωρ
3704 3510 3812 3588 οὐχ

2164 3602 2267 3659 ὐπὸ
2298 3605 2604 3678 πνεύματος
2652 3606 2749 3673 τήν
2796 3602 3007 3674 κίνησιν
3057 3598 3195 3678 ἔχει,
3226 3601 3316 3656 καὶ
3357 3601 3418 3655 τὸ
3463 3605 3676 3675 πνεῦμα
3704 3599 3812 3655 ἀπὸ

2161 3698 2259 3749 τοῦ
2296 3694 2361 3749 τὰ
2408 3694 2512 3749 δΛα
2558 3692 2923 3761 πεποιηκότος
2971 3696 3105 3747 Θεοῦ
3155 3692 3253 3760 τὴν
3300 3690 3481 3767 ἀρχὴν
3534 3696 3633 3759 τῆς
3690 3688 3818 3744 ἑκτά

2165 3805 2299 3846 σεως
2328 3787 2372 3820 ⁸⁵
2402 3780 2517 3859 ἔχει
2551 3803 2564 3853 ;
2598 3782 2787 3845 Οὕτως
2829 3784 2929 3858 γὰρ
2962 3783 2990 3837 ὁ
3022 3782 3314 3858 προφήτης
3348 3777 3533 3854 εἷ’ρηκε
3554 3785 3816 3847 Μωυσῆς.

2165 3875 2251 3927 Ἐν
2308 3872 2453 3949 ἀρχῇ
2509 3872 2756 3943 ἐποίησεν
2819 3872 2846 3925 ὁ
2905 3870 3033 3932 Θεὸς
3089 3870 3180 3925 τὸν
3255 3868 3480 3943 οὐρανὸν
3558 3866 3649 3922 καὶ
3714 3868 3818 3937 τήν

2163 3970 2267 4039 γῆν
2304 4007 2317 4033 ,
2379 3965 2413 4032 ἡ
2468 3959 2524 4016 δὲ
2579 3968 2647 4037 γῆ
2724 3961 2791 4030 ἦν
2862 3959 3089 4036 ἀόρατος
3147 3956 3236 4013 καὶ
3303 3955 3763 4018 ἀκατασκεύαστος
3797 3976 3810 3989 ·

2160 4053 2249 4107 καὶ
2307 4051 2496 4113 σκότος
2556 4049 2735 4105 ἐπάνω
2787 4056 2889 4119 τῆς
2946 4044 3200 4103 ἀϐύσσου·
3262 4047 3350 4101 καὶ
3406 4050 3618 4119 πνεῦμα
3678 4049 3813 4101 Θεοῦ

2162 4141 2446 4220 ἐπεφέρετο
2506 4140 2681 4195 ἐπάνω
2730 4143 2825 4194 τοῦ
2873 4135 3063 4200 ὕδατος
3095 4181 3108 4195 .
3160 4137 3331 4211 ’Όπερ
3397 4135 3487 4190 καὶ
3556 4133 3811 4210 λὲγοντος

407 4247 553 4311 bris,
583 4250 639 4300 et
670 4221 800 4316 post
822 4243 1029 4298 coelum
1076 4238 1366 4295 invisibile
1397 4238 1624 4293 visibile
1654 4238 1953 4309 expandit,
1986 4241 2050 4291 ut

2176 4230 2253 4288 τοῦ
2285 4228 2439 4301 Θεοῦ,
2471 4231 2535 4285 τὸ
2564 4232 2800 4302 πνεῦμα,
2831 4226 3011 4304 ὥσπερ
3042 4226 3167 4303 χεὶρ
3201 4225 3365 4280 αὐτοῦ
3404 4223 3470 4280 τὰ
3499 4222 3671 4279 πάντα
3715 4221 3812 4295 δη-

406 4312 709 4406 superiora
739 4333 809 4388 ab
842 4332 1064 4404 angelis
1094 4329 1242 4384 lucis
1293 4327 1716 4394 habitarentur,
1777 4325 2052 4381 inferiora

2176 4325 2417 4396 ιιουργεῖ
2447 4324 2566 4397 φῶσ
2593 4318 2698 4374 ἀπὸ
2747 4317 2972 4380 σκότους
3023 4316 3266 4393 χωρίζον
3314 4317 3379 4387 ⁴“¹,
3410 4312 3499 4367 καὶ
3552 4312 3685 4386 μετὰ
3714 4313 3810 4367 τὸν

403 4440 537 4479 vero
570 4424 641 4478 ab
673 4422 909 4477 homine
942 4436 1057 4475 una
1086 4434 1219 4473 cum
1252 4417 1527 4473 omnibus
1570 4420 1806 4488 propter
1852 4414 2048 4487 ipsum

2176 4410 2386 4486 ἱόρατον
2455 4408 2679 4485 οὐρανὸν
2736 4407 2827 4462 τὸν
2878 4405 3201 4486 φαινόμενον
3252 4402 3573 4483 ἐφαπλῶσαν
3619 4404 3683 4474 ⁸⁸,
3712 4399 3806 4456 ἵνα

404 4514 573 4569 factis
601 4511 1169 4567 administrarentur.

2176 4501 2223 4556 τά
2262 4498 2372 4554 ἄνω
2400 4503 2517 4561 τοῖς
2548 4495 2643 4553 τοῦ
2674 4496 2852 4575 φωτὸς
2898 4494 3148 4573 ἀγγέλοις
3199 4492 3418 4565 οίκηθῇ,
3454 4490 3521 4575 τά
3569 4488 3626 4545 δὲ
3655 4492 3805 4545 κάτω

2079 4597 2127 4663 D
2159 4589 2264 4645 ὐπὸ
2308 4589 2593 4666 ἀνθρώπου
2641 4574 2755 4662 ἅμα
2798 4590 2915 4647 τοῖς
2973 4581 3043 4639 δι’
3100 4582 3258 4639 αὐτὸν
3310 4574 3621 4661 γενομένοις
3667 4586 3804 4635 πᾶσι

2157 4676 2434 4752 διοικηθῇ.

2226 4773 2416 4825 XXIII.
2443 4767 2540 4822 Διά
2560 4766 2664 4843 γὰρ
2701 4765 2757 4820 σὲ
2789 4763 2880 4820 τὸν
2924 4760 3205 4836 ἄνθρωπον
3244 4760 3272 4817 ὁ
3307 4758 3437 4823 Θεὸς
3470 4755 3717 4816 ὲκέλιυσε
3744 4757 3809 4813 τὸ

2156 4858 2243 4915 ἐπὶ
2272 4857 2573 4935 προσώπου
2601 4862 2700 4925 τῆς
2730 4860 2832 4931 γῆς
2864 4851 3227 4928 ὗποχωρῆσαι
3258 4847 3428 4927 ὕδωρ,
3454 4848 3536 4935 ίνα
3563 4845 3808 4924 καρποὺς

2155 4950 2191 5019 ἠ
2236 4932 2325 5023 γῆν
2365 4968 2449 5001 σοι
2487 4944 2840 5020 προσενέγκαι
2887 4939 3113 5015 δυνηθῇ,
3163 4940 3252 4995 καὶ
3299 4932 3569 5016 τρηδόνας
3619 4935 3810 5007 ἰποίη-

2157 5057 2267 5108 σεν,
2296 5033 2388 5091 ’ίνα
2427 5056 2510 5091 σοι
2560 5034 2816 5109 παράσχῃ
2863 5034 2909 5068 ⁴⁹
2948 5036 3129 5106 πηγᾶς
3181 5028 3271 5085 καὶ
3310 5030 3571 5101 ποταμῶν
3626 5024 3813 5101 ῥεῖθρα

474 4781 665 4838 ΧΧΙΙΙ.
694 4779 841 4836 Nam
895 4780 1131 4850 prepter
1181 4779 1239 4831 te
1294 4773 1591 4830 hominem
1629 4777 1777 4828 Deus
1831 4788 2045 4845 aquam

405 4890 533 4945 quae
562 4887 740 4943 supra
770 4869 976 4924 faciem
998 4871 1162 4922 terrae
1206 4871 1329 4919 erat
1350 4862 1534 4933 jussit
1555 4861 1820 4917 secedere
1849 4866 1914 4916 ut
1940 4861 2046 4916 tibi

402 4967 557 5016 terra
585 4960 812 5014 fructus
844 4958 1041 5028 posset
1087 4953 1441 5026 producere:
1495 4955 1553 5005 et
1606 4950 1740 5005 fecit
1795 4955 2041 5020 meatus,

404 5068 519 5123 quo
549 5050 738 5104 fontes
767 5046 869 5101 tibi
906 5044 1203 5117 praaberet,
1238 5057 1303 5096 ac
1332 5043 1681 5112 apparerent
1731 5037 2045 5094 ﬂuminum

469 5201 546 5273 (a)
578 5200 714 5255 Luc.
747 5214 906 5255 xxm.
938 5196 1027 5251 34.

1744 5341 1987 5399 νΑΒΙᾸΞ
2026 5342 2440 5400 LECTIONES.

469 5496 515 5531 ⁸⁹
546 5491 821 5560 ἑλεῶντες,
883 5488 1104 5551 ἑαυτούς
1158 5494 1239 5557 C.,
1302 5484 1575 5546 ἐλεοῦντες
1628 5481 1862 5560 ,ἑαυτούς
1885 5485 2071 5560 βηιοί
2104 5486 2172 5541 τά
2212 5481 2683 5560 transcripsi__e;
2728 5482 2793 5535 Ο.
2840 5479 2883 5560 ξι
2933 5476 3136 5552 γονέων
3168 5476 3281 5560 μεν
3315 5470 3483 5560 ὄντων
3517 5466 3817 5560 uegith

436 5545 702 5639 ενομενων
736 5545 1021 5617 ἐποιοῦντο
1050 5545 1147 5621 τάς
1178 5545 1341 5639 εύχάς
1375 5560 1440 5615 Ο.
1473 5560 1517 5593 ⁴²
1548 5545 1840 5639 πείρωνται
1874 5556 2021 5639 9..“
2050 5559 2208 5639 ἡμῖν,ζ
2237 5545 2551 5639 τί-ὲστιν’ς).
2578 5554 2624 5587 ⁸⁸
2653 5545 3246 5639 ἑτορνεύθησαν,“καὶ’ξ
3275 5545 3669 5639 τιορνεύσαξιῦ.
3699 5545 3811 5639 CII.

447 5594 702 5639 ῑνυμενων
736 5594 1021 5617 ιιιυωυνίυ
1050 5594 1145 5621 xw.
1178 5594 1232 5615 ιν
1282 5594 1340 5621 us
1375 5594 1440 5615 υ.
1557 5594 1840 5630 ηειιηυν-υιι
1874 5594 1942 5612 υ.
2057 5594 2206 5631 uua",
2248 5594 2289 5612 ..ι
2321 5594 2373 5611 ιν
2391 5594 2457 5609 ..υ
2494 5594 2551 5611 υ.
2654 5594 3036 5626 -.Ἴης-νην...
3097 5594 3185 5604 η...
3220 5594 3244 5603 ν
3286 5594 3565 5625 --1,.--ηἾ
3619 5594 3669 5602 ν.
3708 5594 3811 5599 ----

447 5640 664 5696 urrian.
687 5638 808 5709 Pro_
827 5639 987 5708 epist.
1015 5636 1214 5709 ponti].
1242 5594 1346 5690 iib.
1378 5649 1431 5701 ν,
1463 5647 1589 5702 cap.
1625 5628 1733 5684 ult.
1766 5628 1811 5665 ⁸⁵
1840 5626 1971 5684 αὐτό
2001 5647 2119 5693 om,
2169 5630 2234 5689 Ο.
2271 5630 2316 5666 ⁸⁸
2365 5624 2662 5686 ἐκστάσεως
2711 5628 2769 5681 G.
2818 5623 2861 5657 "’
2909 5594 3166 5699 χωρίζων
3196 5622 3261 5681 0.
3296 5622 3339 5658 ι’
3387 5615 3719 5699 ἐφαπλώσας
3750 5614 3816 5673 Ο.

396 5715 442 5750 ⁴⁹
468 5709 744 5787 παράσχοι
776 5707 842 5765 Ο.
