4112 6344
206 358 301 414 293

1300 346 1831 409 CLEMENTINA.
1868 377 1937 388 —
1977 345 2301 409 HOMILIA
2346 352 2450 412 XI.

3471 361 3589 419 294

204 490 319 562 ει·ιῇ
362 484 445 538 καὶ
496 488 605 552 ζῶα
651 475 922 557 ἐκϐρασθῇ
963 484 1026 549 ⁵ο,
1060 478 1297 535 συνελὼν
1348 476 1595 554 ἐρῶ,’ίνα
1644 476 1817 531 πάντα

1961 480 2122 549 Indae,
2156 486 2213 536 et
2243 485 2519 541 animalia
2548 488 2792 554 exirent,
2830 506 2944 544 uno
2975 491 3145 545 verbo
3179 497 3242 546 ut
3274 495 3469 551 omnia
3522 513 3584 553 se

204 596 271 628 σοι
323 580 648 648 παραστῆναι
708 569 933 644 δυνηθῇ.
966 572 1035 627 ’Ἡ
1102 572 1207 645 γάρ
1264 569 1325 624 οὐ
1385 567 1473 623 διὰ
1524 569 1581 621 σε
1625 569 1815 639 ἄνεμοι

204 664 314 737 πρὸς
360 667 576 736 καρπῶν
628 660 887 734 ἐπιγονὴν
938 660 1157 713 πνέουσι
1204 661 1246 696 δι
1298 658 1386 712 καὶ
1437 656 1580 711 ὑετοὶ
1632 657 1818 733 φέρον-

202 773 271 805 ut
299 754 441 809 246
471 751 565 804 καὶ
593 749 791 822 τροπαὶ
821 749 1058 823 γίνονται
1087 768 1099 817 ;
1133 747 1338 804 Αὐτίκα
1366 751 1493 820 γοῦν
1526 744 1686 814 ἥλιος
1734 744 1823 797 καὶ

203 840 377 909 σελήνη
424 841 539 912 ἅμα
586 844 705 899 τοῖς
756 836 952 899 ἄλλοις
1002 834 1220 913 ἄστροις
1252 838 1297 872 ⁵²
1330 833 1419 890 διὰ
1464 835 1522 889 σὲ
1566 836 1660 895 τὰς
1705 832 1825 886 ἀνα·

202 930 341 990 tali;
382 930 469 983 καὶ
523 927 702 989 δύσεις
751 926 1079 996 ἐκτελοῦσιν,
1129 926 1216 980 καὶ
1274 924 1511 997 ποταμοὶ
1582 923 1671 977 καὶ
1739 920 1821 975 λί-

205 1042 305 1091 μναι
349 1020 458 1091 ἅμα
500 1025 627 1079 ταῖς
674 1020 867 1078 πάσαις
915 1022 1120 1091 πηγαῖς
1170 1018 1213 1052 ³³
1254 1016 1632 1088 ὑπηρετοῦσιν.
1666 1013 1823 1073 ’Όθεν

205 1130 273 1162 σοι
315 1113 387 1179 τῷ
431 1107 749 1179 ἀναισθήτῳ
798 1106 976 1181 ὥσπερ
1026 1108 1061 1175 ἡ
1116 1104 1312 1177 μείζων
1358 1101 1514 1173 ἐδόθη
1545 1102 1705 1173 τιμὴ,
1740 1098 1829 1154 οὕ-

204 1218 289 1259 τως
348 1198 779 1272 ἀχαριστήσαντι
837 1198 872 1264 ἠ
935 1194 1134 1267 μείζων
1214 1191 1303 1247 διὰ
1370 1192 1538 1267 πυρὸς
1607 1190 1830 1250 κόλασις

201 1286 641 1361 προητοίμασται,
701 1284 783 1340 ὅτι
840 1288 1035 1360 γνῶναι
1112 1282 1209 1337 οὐκ
1283 1280 1554 1352 ἠθέλησας
1610 1281 1667 1335 ’ὸν
1726 1278 1831 1353 πρὸ

203 1381 385 1430 πάντων
420 1372 533 1430 ἔδει
566 1380 791 1449 γνῶναι.

258 1467 433 1521 XXIV.
472 1464 577 1518 Καὶ
635 1466 682 1499 ⁸⁸
736 1467 828 1517 νῦν
889 1458 947 1516 δὲ
1006 1460 1065 1515 ἐκ
1121 1465 1225 1514 τῶν
1274 1454 1517 1530 ἡττόνων
1577 1457 1833 1525 ἐπίγνωθι

201 1556 277 1621 τήν
316 1558 423 1609 τῶν
462 1553 616 1609 ὅλων
668 1551 864 1619 αἰτίαν,
908 1549 1266 1625 λογισάμενος
1315 1548 1398 1603 ὅτι
1441 1548 1507 1601 τὰ
1556 1548 1729 1601 πάντα
1773 1546 1835 1599 τὸ

204 1641 320 1718 ὕδωρ
352 1649 525 1710 ποιεῖ,
562 1643 624 1696 τὸ
656 1639 712 1695 δὲ
744 1638 888 1713 ὕδωρ
924 1639 1025 1693 ὑπὸ
1075 1638 1383 1710 πνεύματος
1420 1638 1681 1706 κινήσεως
1734 1636 1832 1702 τὴν

200 1728 371 1805 γένεσιν
429 1725 729 1803 λαμϐάνει,
761 1730 822 1782 τὸ
873 1726 930 1782 δὲ
977 1732 1191 1799 πνεῦμα
1241 1726 1345 1780 ἀπὸ
1394 1730 1491 1779 τοῦ
1538 1726 1645 1778 τῶν
1690 1722 1835 1777 ὅλων

1929 568 2030 621 tibi
2065 578 2301 639 possent
2330 574 2553 629 offerre.
2588 582 2697 630 Aut
2734 595 2843 631 non
2878 585 3110 650 propter
3142 588 3193 635 te
3242 585 3395 638 venti
3447 586 3571 657 spi-

1930 665 2082 724 rant,
2113 660 2183 713 ad
2220 662 2511 717 fructuum
2545 666 3003 735 productionem,
3047 677 3103 723 et
3151 671 3371 727 imbres
3415 674 3578 730 dere-

1934 751 2145 801 runtur
2175 753 2231 803 et
2260 751 2397 804 anni
2429 756 2804 823 tempestates
2858 756 3048 809 ﬁunt?
3076 761 3200 813 Jam
3234 776 3366 815 vero
3398 763 3484 817 sol
3518 769 3573 820 et

1933 833 2073 889 luna
2105 853 2237 891 cum
2270 838 2399 893 aliis
2421 840 2605 895 stellis
2636 848 2871 914 propter
2903 849 2957 899 te
2997 845 3273 901 oriuntur
3322 854 3377 904 et
3429 851 3582 905 occi-

1936 924 2103 988 dunt,
2140 926 2295 980 fluvii
2328 932 2384 981 et
2414 935 2622 1000 stagna
2651 947 2783 985 cum
2834 934 3107 988 omnibus
3160 936 3421 993 fontibus
3472 939 3582 994 tibi

1938 1014 2330 1070 subserviunt.
2375 1016 2537 1072 Unde
2568 1019 2673 1073 tibi
2705 1036 2882 1075 sensu
2932 1023 3149 1077 carenti
3199 1027 3582 1095 quemadmo-

1940 1103 2080 1157 dum
2115 1105 2302 1175 major
2332 1106 2625 1177 prazstitus
2657 1114 2745 1163 est
2770 1109 2976 1180 honor,
3009 1110 3089 1166 ita
3118 1112 3348 1185 ingrato
3400 1118 3591 1185 major

1940 1199 2264 1263 praeparata
2311 1200 2399 1249 est
2456 1195 2609 1267 ignis
2660 1214 2848 1268 poena,
2906 1200 3057 1270 quod
3112 1202 3258 1257 scire
3307 1203 3586 1273 nolueris,

1941 1298 2113 1351 quem
2146 1288 2279 1338 ante
2306 1285 2505 1339 omnia
2536 1288 2793 1356 oportuit
2832 1304 3199 1359 cognoscere.

2016 1459 2206 1517 XXIV.
2232 1462 2341 1517 Sed
2367 1463 2452 1518 vel
2473 1481 2628 1519 nunc
2649 1482 2717 1520 ex
2739 1466 3064 1522 minoribus
3087 1485 3337 1541 agnosce
3360 1477 3600 1528 cuncto-

1947 1564 2077 1603 rum
2093 1566 2351 1617 causam,
2377 1552 2776 1619 considerans,
2796 1556 2947 1625 quod
2973 1560 3170 1612 omnia
3195 1576 3348 1630 aqua
3378 1562 3594 1631 produ-

1948 1637 2045 1702 cit,
2072 1655 2226 1709 aqua
2252 1657 2382 1695 vero
2406 1658 2438 1695 a
2460 1642 2667 1712 spiritu
2688 1644 2900 1714 accipit
2926 1651 3118 1700 motus
3141 1647 3447 1719 originem,
3473 1648 3596 1719 spi-

1951 1727 2098 1781 ritus
2112 1734 2305 1783 antem
2324 1730 2395 1783 ab
2410 1731 2937 1787 universorumDeo
2953 1734 3186 1789 initium
3202 1736 3595 1809 babet.Atque

202 1825 311 1873 Θεοῦ
364 1821 467 1887 τὴν
524 1819 706 1895 ἀρχὴν
770 1817 907 1893 ἔχει.
944 1816 1039 1871 Καὶ
1100 1816 1273 1876 οὕτως
1330 1811 1434 1869 ἔδει
1487 1812 1837 1888 λογίσασθαι,

1961 1816 2267 1887 itaoportet
2289 1825 2556 1890 reputare
2570 1837 2684 1890 quo
2704 1838 2804 1890 per
2818 1823 3099 1877 rationem
3114 1825 3186 1878 ad
3201 1825 3381 1880 Deum
3398 1828 3595 1897 possis

203 1906 277 1962 ἵνα
324 1908 409 1962 ἐπὶ
472 1908 627 1983 λόγῳ
685 1908 760 1968 εἷς
811 1907 939 1961 Θεὸν
998 1911 1324 1973 καταντῆσαι
1378 1900 1638 1975 δυνηθῇς,
1689 1902 1842 1964 ὅπως

201 1995 432 2070 ἐπιγνούς
487 2017 586 2050 σου
636 1996 701 2050 τὸ
754 1995 909 2070 γένος
947 1997 1013 2060 ⁵⁵,
1043 1992 1132 2047 καὶ
1180 1990 1519 2068 πρωτογόνῳ
1550 1990 1840 2066 ἀναγεννη-

202 2087 293 2146 tisi;
357 2084 513 2139 ὕδατι
564 2084 655 2139 καὶ
706 2087 749 2121 ³⁸
795 2082 1149 2159 κληρονόμος
1208 2084 1479 2155 καταστῇς
1542 2084 1646 2134 τῶν
1705 2079 1841 2155 πρὸς

206 2175 482 2251 ἀεθαρσίαν
521 2173 891 2249 γεννησάντων
927 2193 984 2226 σε
1011 2170 1233 2248 γονέων.

264 2266 417 2320 XXV.
454 2265 553 2318 Διὸ
610 2263 845 2335 ἑτοίμως
903 2260 1170 2335 πρόσελθε
1222 2260 1296 2321 ὡς
1356 2260 1472 2321 υἱὸς
1529 2257 1712 2333 πατρὶ,
1757 2254 1846 2310 ’ἕνα

206 2357 295 2405 τῖυν
330 2351 740 2429 ἁμαρτημάτων
774 2373 869 2406 σου
902 2352 930 2405 ὁ
962 2352 1092 2412 Θεὸς
1121 2350 1220 2417 τήν
1264 2350 1483 2423 ἄγνοιαν
1530 2347 1702 2401 αἰτίαν
1755 2346 1842 2417 θῇ.

208 2441 259 2496 Εἴ
301 2439 353 2495 δὲ
398 2442 489 2496 καὶ
540 2441 671 2514 μετὰ
718 2441 780 2495 τὸ
828 2439 1098 2510 κληθῆναι
1151 2437 1211 2493 οὐ
1264 2436 1438 2498 θέλεις
1468 2438 1502 2505 ἢ
1542 2433 1845 2512 βραδύνεις,

210 2527 373 2601 δικαίᾳ
402 2535 540 2586 Θεοῦ
570 2528 754 2603 ἀπολῇ
787 2528 982 2603 κρίσει,
1013 2532 1093 2599 τῷ
1147 2528 1221 2600 μὴ
1278 2524 1502 2595 θελῆσαι
1558 2525 1633 2597 μὴ
1683 2522 1846 2593 θελη-

213 2620 321 2679 θείς·
370 2622 459 2673 καὶ
525 2621 599 2690 μή
658 2639 742 2673 τοι
802 2617 1051 2691 νομίσῃς,
1106 2615 1188 2670 ὅτι
1249 2614 1334 2669 ἐάν
1389 2617 1431 2650 ⁵⁷
1480 2615 1693 2668 πάντων
1738 2616 1845 2667 τῶν

214 2729 329 2762 ποτε
373 2709 682 2784 γενομένων
730 2702 961 2761 εὐσεϐῶν
1014 2700 1384 2781 εὐσεϐέστερος
1435 2702 1577 2778 γένῃ,
1616 2697 1847 2756 ἀϐάπτι-

214 2818 321 2858 ore;
372 2796 428 2852 δὲ
472 2797 567 2871 ᾗς,
601 2793 822 2857 ἐλπίδος
850 2799 1038 2870 τυχεῖν
1092 2792 1295 2867 δυνήσῃ
1342 2792 1493 2847 ποτέ.
1527 2792 1703 2865 Ταύτῃ
1747 2792 1847 2866 γὰρ

216 2884 409 2955 μᾶλλον
456 2885 689 2939 πλείονα
732 2884 935 2962 ὑφέξεις
988 2882 1234 2951 κόλασιν,
1268 2880 1351 2936 ὅτι
1398 2880 1539 2936 καλά
1578 2879 1706 2955 ἔργα
1754 2878 1853 2933 οὐκ

216 2973 458 3044 ἐποίησας
492 2972 700 3037 καλῶς.
731 2972 882 3042 Καλὴ
927 2974 1031 3048 γὰρ
1081 2971 1312 3042 εὐποιία,
1347 2970 1545 3024 ὁπόταν
1598 2970 1671 3030 ὡς
1722 2968 1851 3030 Θεὸς

216 3061 444 3118 ἐκέλευσε
490 3064 727 3140 γίνηται.
762 3061 835 3115 Σὺ
886 3059 944 3115 δὲ
991 3060 1035 3115 εἰ
1086 3060 1147 3114 οὐ
1197 3057 1395 3129 θέλεις,
1427 3061 1579 3117 247
1616 3058 1691 3120 ὡς
1723 3056 1854 3111 ἐκεί-

215 3172 280 3222 νῳ
324 3150 522 3224 ἔδοξεν,
560 3152 937 3227 βαπτισθῆναι,
997 3148 1076 3222 τῷ
1125 3152 1202 3220 σῷ
1248 3146 1514 3221 θελήματι
1570 3146 1853 3224 ὑπηρετῶν

216 3238 509 3316 ἐχθραίνεις
537 3245 607 3314 τῇ
638 3240 843 3295 ἐκείνου
878 3237 1075 3314 βουλῇ.

277 3421 459 3474 XXVI.
498 3418 653 3476 Ἀλλ’
700 3415 828 3479 ἴσως
876 3416 986 3493 ἐρεῖ
1030 3434 1130 3477 τις·
1180 3413 1239 3469 Τί
1287 3409 1659 3488 συμϐάλλεται
1717 3414 1853 3489 πρὸς

221 3503 474 3562 εὐσέϐειαν
535 3509 597 3562 τὸ
646 3508 1006 3583 βαπτισθῆναι
1063 3501 1257 3573 ὕδατι;
1309 3508 1531 3579 Πρῶτον
1602 3504 1719 3575 μὲν,
1772 3502 1852 3557 ὅτι

214 3596 266 3648 τὸ
314 3594 469 3667 δόξαν
517 3601 632 3668 Θεῷ
680 3597 951 3673 πράττεις·
988 3592 1234 3669 δεύτερον
1286 3590 1363 3665 δὲ,
1396 3591 1445 3662 ἐξ
1487 3589 1678 3653 ὕδατος
1728 3593 1852 3646 ἀνα-

214 3687 483 3756 γεννηθεὶς
546 3690 682 3758 Θεῷ,
742 3684 886 3754 αἰτίᾳ
958 3678 1130 3760 φόϐου
1187 3684 1251 3754 ⁵⁸,
1297 3682 1397 3750 τὴν
1458 3680 1507 3751 ἐξ
1568 3680 1854 3754 ἐπιθυμίας

213 3775 422 3847 πρώτην
486 3796 569 3829 σοι
618 3776 916 3850 γενομένην
965 3769 1355 3832 καταλλάσσεις
1405 3773 1449 3807 ⁵9
1496 3772 1724 3845 γένεσιν,
1765 3769 1854 3824 καὶ

220 3862 379 3925 οὕτως
442 3864 716 3937 σωτηρίας
775 3868 960 3937 τυχεῖν
1022 3859 1170 3934 δύνῃ·
1219 3858 1405 3921 ἄλλως
1467 3856 1523 3913 δὲ
1574 3857 1854 3914 ἀδύνατον.

214 3949 386 4013 Οὕτως
476 3952 579 4027 γὰρ
667 3954 802 4024 ἡμῖν
854 3948 1065 4023 ὤμοσεν
1123 3950 1151 4003 ὁ
1206 3949 1508 4026 ’προφήτης
1574 3948 1739 4002 εἰπών
1788 3951 1852 3985 θοι

214 4037 375 4111 Ἀμὴν
455 4041 580 4112 ὑμῖν
659 4040 826 4117 λέγω,
894 4038 980 4094 ἐὰν
1063 4040 1136 4111 μή
1226 4038 1618 4112 ἀναγεννηθῆτε

218 4132 389 4199 ζῶντι,
443 4129 521 4191 εἷς
579 4125 753 4201 ὄνομα
810 4128 1036 4203 Πατρὸς,
1101 4126 1245 4190 Γιοῦ,
1305 4124 1463 4200 ἁγίου
1524 4126 1855 4198 Πνεύματος,

218 4217 271 4270 οὗ
327 4221 401 4291 μή
474 4216 753 4287 εἰσέλθητε
836 4217 912 4280 εἷς
992 4217 1092 4285 τήν
1183 4212 1460 4291 βασιλείαν
1525 4219 1632 4269 τῶν
1692 4214 1855 4291 οὐρα-

213 4310 327 4365 νῶν.
384 4309 479 4363 Διὸ
536 4306 883 4383 προσέλθετε.
943 4313 1095 4362 Ἔστι
1163 4306 1265 4380 γάρ
1321 4325 1372 4358 τι
1433 4303 1542 4359 ἐκεῖ
1600 4305 1856 4379 ἆπαρχῆς

216 4392 462 4468 ἐλεῆμον,
493 4396 882 4475 ἐπιφερόμενον
922 4395 1003 4467 τῷ
1035 4392 1209 4465 ὕδατι,
1241 4393 1329 4447 καὶ
1382 4396 1425 4430 ⁶¹
1474 4392 1601 4455 τοὺς
1664 4395 1857 4469 βαπτι-

218 4485 462 4557 ζομένους
510 4486 596 4540 ἐπὶ
640 4490 709 4559 τῇ
750 4505 1117 4561 τρισμακαριᾳ
1154 4482 1488 4556 έπονομασίᾳ
1533 4481 1621 4536 καὶ
1660 4484 1705 4518 ⁸³
1735 4481 1854 4557 ῥύε-

1702 4034 1853 4090 ὕδατι

1950 1906 2269 1976 pervenire,
2306 1912 2368 1959 ut
2396 1923 2719 1978 agnoscens
2750 1914 2918 1963 tuum
2941 1927 3126 1982 genus
3147 1918 3203 1966 et
3223 1920 3595 1985 regeneratus

1953 2009 2104 2065 aqua
2134 1994 2507 2066 primigenita
2536 1996 2711 2051 etiam
2743 1997 2926 2053 hieres
2954 2000 3226 2056 efﬁciaris
3287 2009 3599 2073 parentum

1954 2084 2053 2153 qui
2084 2088 2141 2138 te
2171 2084 2241 2137 ad
2273 2083 2769 2155 incorruptionem
2800 2093 3151 2158 genuerunt.

2026 2260 2189 2316 XXV.
2224 2260 2462 2332 Propter
2493 2263 2647 2333 quod
2683 2270 2969 2335 prompte,
3004 2270 3284 2337 tanquam
3320 2267 3479 2323 illius
3523 2270 3597 2325 ad

1954 2355 2201 2421 patrem,
2236 2351 2463 2417 accede,
2499 2356 2563 2406 ut
2591 2352 2745 2407 Deus
2776 2368 3012 2408 causam
3048 2362 3415 2425 peccatorum
3468 2364 3601 2413 tuo-

1957 2456 2085 2493 rum
2116 2445 2292 2511 ponat
2321 2440 2734 2511 ignorantiam.
2768 2443 2929 2507 Quod
2953 2444 3001 2497 si
3029 2449 3338 2516 postquam
3361 2452 3599 2503 vocatus

1956 2545 2038 2599 es,
2074 2545 2187 2583 non
2218 2529 2325 2594 vis,
2358 2533 2458 2583 aut
2489 2531 2803 2599 cunctaris,
2828 2532 2991 2601 justo
3027 2533 3120 2587 Dei
3171 2534 3393 2603 judicio
3445 2536 3603 2606 peri-

1957 2617 2068 2683 bis,
2101 2622 2157 2671 et
2185 2617 2321 2686 quia
2352 2622 2411 2671 tu
2445 2616 2705 2688 noluisti,
2738 2620 2893 2675 nolet
2914 2625 2966 2675 te
2988 2621 3285 2678 Deus.Nec
3315 2641 3447 2679 vero
3489 2642 3596 2696 pu-

1959 2710 2065 2775 tes,
2099 2707 2252 2776 quod
2286 2710 2342 2759 et
2372 2706 2419 2761 si
2452 2707 2739 2774 omnium,
2774 2708 2873 2779 qui
2908 2726 3167 2781 unquam
3216 2712 3451 2766 fuerunt
3498 2714 3602 2784 pii,

1961 2793 2264 2865 piissimus
2296 2795 2399 2864 sis,
2433 2812 2545 2849 non
2580 2796 2758 2851 fueris
2788 2802 2983 2852 autem
3036 2799 3382 2870 baptizatus,
3434 2818 3599 2872 spem

1961 2882 2205 2953 adipisci
2237 2882 2550 2953 aliquando
2582 2886 2816 2956 poteris.
2850 2892 2926 2941 Eo
2956 2886 3111 2941 enim
3145 2890 3395 2959 majores
3435 2890 3603 2946 dabis

1963 2989 2184 3043 pcenas,
2218 2974 2373 3043 quod
2406 2973 2557 3027 bona
2600 2990 2775 3044 opera
2823 2992 2937 3030 non
2987 2976 3132 3031 bene
3179 2978 3404 3033 feceris.
3455 2978 3604 3034 Prte-

1964 3060 2119 3115 clera
2149 3062 2304 3115 enim
2356 3078 2447 3115 res
2478 3067 2586 3128 est,
2648 3063 2799 3117 bona
2854 3066 3103 3134 operari,
3159 3067 3393 3137 quando
3434 3067 3606 3137 juxta

1969 3150 2313 3204 mandatum
2344 3149 2444 3204 Dei
2476 3150 2557 3205 ﬁt.
2591 3151 2678 3205 Tu
2710 3168 2865 3221 vero,
2898 3153 2970 3221 si,
3005 3158 3069 3207 ut
3098 3153 3181 3207 illi
3214 3153 3420 3225 placet,
3456 3154 3608 3211 nolis

1972 3239 2271 3311 baptizari,
2304 3244 2415 3293 tua:
2456 3239 2741 3295 voluntati
2789 3242 3117 3314 obsequens
3161 3244 3319 3299 illius
3370 3245 3607 3301 consilio

1963 3345 2273 3400 repugnas.

2036 3417 2222 3471 XXVI.
2258 3417 2369 3471 Sed
2430 3416 2641 3489 aliquis
2695 3418 2887 3474 forsan
2939 3420 3130 3476 dicet:
3188 3421 3334 3488 Quid
3385 3425 3609 3479 confert

1965 3505 2035 3559 ad
2070 3506 2363 3576 pietatem,
2396 3522 2547 3577 aqua
2580 3506 2856 3577 baptizari
2878 3509 2905 3563 ‘I
2932 3509 3125 3565 Primo
3157 3512 3416 3581 quidem,
3471 3514 3608 3584 quia

1964 3594 2021 3649 id
2047 3596 2199 3665 quod
2236 3600 2347 3649 Deo
2380 3594 2597 3666 placuit
2630 3596 2789 3651 facis.
2823 3597 3088 3653 Secundo
3109 3616 3240 3655 vero
3269 3618 3370 3671 per
3386 3618 3603 3673 aquam

1965 3688 2079 3738 Deo
2111 3689 2366 3753 renatus,
2391 3684 2619 3739 timoris
2651 3700 2887 3741 causam
2933 3688 3184 3758 primam
3237 3690 3603 3746 nativitatem

1965 3788 2140 3843 quam
2173 3789 2241 3827 ex
2266 3773 2740 3844 concupiscentia
2768 3775 2994 3830 traxisti
3026 3781 3347 3848 permutas,
3398 3778 3602 3850 sicque

1966 3861 2212 3916 salutem
2246 3862 2519 3931 consequi
2556 3867 2718 3933 potes
2748 3879 2761 3917 :
2796 3863 2961 3918 aliter
2999 3869 3193 3920 autem
3245 3866 3607 3937 impossibile

1966 3955 2072 4006 est.
2106 3952 2188 4005 Ita
2217 3950 2373 4004 enim
2406 3950 2575 4004 nobis
2600 3952 2817 4019 juravit
2852 3953 3132 4024 propheta
3163 3954 3400 4010 dicens:
3433 3956 3609 4011 Amen

1965 4039 2085 4095 dico
2116 4040 2286 4104 vobis,
2320 4041 2434 4093 nisi
2462 4042 2645 4094 renati
2668 4042 2887 4111 fueritis
2917 4059 3061 4113 aqua
3086 4045 3228 4110 viva,
3282 4046 3339 4098 in
3388 4048 3611 4101 nomine

1966 4130 2169 4194 Patris,
2205 4127 2364 4193 Filii,
2397 4128 2635 4198 Spiritus
2677 4132 2872 4197 sancti,
2918 4148 3028 4186 non
3073 4133 3373 4188 intraibilis
3416 4135 3476 4188 in
3522 4152 3609 4191 re-

1964 4234 2134 4289 gnum
2163 4218 2423 4271 cmlorum
2456 4217 2553 4287 (a).
2588 4217 2867 4279 Quocirca
2897 4220 3171 4276 accedite.
3223 4221 3304 4275 Ibi
3357 4238 3611 4294 namque

1967 4312 2055 4361 est
2084 4306 2305 4376 aliquid
2338 4307 2409 4361 ab
2442 4306 2611 4361 initio
2635 4307 2986 4364 misericors:
3022 4311 3175 4381 quod
3212 4311 3393 4365 fertur
3430 4328 3609 4383 super

1968 4411 2201 4467 aquam,
2236 4399 2293 4449 et
2318 4412 2415 4449 eos
2447 4394 2545 4465 qui
2576 4398 2634 4449 in
2658 4400 2743 4449 ter
2764 4397 2930 4451 beata
2952 4397 3310 4454 invocatione
3332 4400 3611 4471 baptizati

1968 4489 2107 4539 sunt
2136 4484 2305 4554 eripit
2334 4483 2404 4537 de
2436 4484 2647 4538 futuris
2679 4484 3005 4555 suppliciis,
3056 4491 3111 4541 et
3158 4504 3281 4558 quae
3330 4492 3463 4559 post
3509 4488 3610 4543 ba-

215 4590 290 4627 ται
318 4583 421 4644 τῆς
456 4574 719 4648 ἐσομένης
778 4572 1076 4644 κολάσεως,
1109 4572 1288 4648 ὥσπερ
1347 4568 1497 4645 δῶρα
1552 4570 1842 4648 προσφέροι

1964 4574 2245 4645 ptismum
2280 4573 2424 4627 facta
2455 4576 2594 4626 sunt
2632 4588 2665 4626 a
2712 4573 3017 4644 baptizatis
3073 4575 3225 4630 bona
3271 4592 3446 4648 opera
3494 4575 3611 4632 Deo

214 4666 283 4734 τῷ
309 4663 426 4737 Θεῷ
456 4664 533 4726 ὡς
565 4664 624 4718 ἂν
658 4666 704 4701 ⁸³
736 4664 842 4719 ἀπὸ
870 4668 969 4718 τοῦ
996 4661 1368 4738 βαπτίσματος
1418 4660 1593 4715 αὐτῶν
1624 4664 1730 4715 τῶν
1769 4660 1861 4737 βα-

278 4782 353 4853 (α)
380 4782 551 4837 Joan.
585 4798 669 4851 III,
702 4783 757 4838 5.

1972 4662 2141 4718 offert
2170 4660 2338 4732 quasi
2385 4660 2628 4717 donum.
2683 4662 2870 4726 Quare
2913 4663 3207 4735 confugite
3253 4665 3325 4719 ad
3371 4680 3611 4735 aquam.

1560 4867 1806 4922 VARI/E
1846 4867 2255 4925 LECTIONES.

282 4968 438 5023 “Ita
492 4970 538 5023 Ο
591 4972 648 5023 et
706 4984 775 5023 ex
826 4968 1091 5049 conjecta
1130 4969 1188 5034 C,
1244 4965 1588 5050 cuj.‘textus
1646 4959 1943 5050 ἐκϐασθῇ.Λ
1975 4965 2272 5050 δίιπνέουσι
2317 4962 2565 5050 ascripsi
2689 4968 2749 5018 Ο.
2822 4965 2871 5048 ξ²
2902 4963 3117 5050 ᾅστροις
3149 4971 3357 5050 om‘.“0_.
3433 4967 3477 5002 ⁸³
3506 4964 3609 5019 πά-

221 5055 323 5125 iam:
354 5056 409 5112 p.
444 5037 640 5125 πάσαις
665 5034 958 5125 πηγαῖς-(ξ’,
992 5038 1100 5122 qui
1129 5034 1629 5125 COQj.'6a)tla:GO;alC.
1664 5034 1862 5121 Pectio'
1904 5036 2276 5125 Qtlob'oniaﬂi
2326 5034 2651 5125 quamlibet
2705 5034 3098 5125 cqnje’ctur'am
3158 5039 3348 5125 reddit
3403 5055 3607 5109 super-

222 5106 408 5165 fluam.
488 5112 534 5145 “
563 5106 671 5165 Κᾶν
700 5106 771 5167 (ξ,-
839 5111 882 5145 ss
912 5106 1140 5184 ἐπιγνῷς
1171 5106 1299 5161 αὐτό
1414 5114 1471 5169 C,
1505 5106 1735 5231 Emyvg);
1767 5113 1961 5162 σαυτοῦ
1986 5131 2035 5184 γ.
2073 5112 2137 5164 Ι).
2215 5110 2257 5142 ⁵⁸
2304 5106 2393 5160 καί
2452 5123 2566 5188 om.
2609 5112 2671 5163 Ο.
2742 5106 2918 5189 ,⁵Ἷ’κᾶἱν
2989 5126 3121 5192 εον..
3161 5106 3611 5167 Schliemannus

223 5179 403 5251 Clem,
433 5200 489 5251 p.
521 5184 649 5245 226,
678 5185 802 5237 569.
838 5183 895 5238 S.
972 5184 1016 5217 ⁸⁸
1053 5187 1135 5236 Ita
1166 5181 1209 5236 0
1240 5197 1288 5235 c.
1365 5220 1379 5244 ,
1411 5177 1558 5249 αἰτίᾳ
1587 5178 1653 5251 φό
1696 5201 1741 5251 ῳ
1774 5182 1835 5237 C.
1874 5184 1997 5235 llaec
2027 5183 2159 5236 vbb.
2196 5196 2309 5251 non
2337 5182 2477 5251 sunt
2508 5196 2597 5251 in,
2627 5180 2825 5234 codice
2854 5182 3145 5251 Turriani,
3188 5199 3375 5251 nequo
3430 5198 3608 5251 agno-

223 5179 403 5251 Clem,
433 5200 489 5253 p.
678 5185 802 5237 569.
838 5183 895 5238 S.
972 5177 1026 5217 η’
1053 5177 1209 5256 lta_0
1240 5197 1288 5235 c.
1324 5177 1379 5244 S,
1411 5177 1558 5249 αἰτίᾳ
1587 5177 1653 5256 ιρό

1774 5182 1835 5237 C.
1874 5180 2159 5236 llaac'vbb.
2196 5196 2309 5253 non
2337 5182 2477 5253 sunt
2508 5180 2825 5253 in__codice
2854 5182 3145 5253 Turriani,
3188 5199 3375 5253 nequo
3412 5198 3608 5253 agno-

222 5248 455 5307 scuntur
486 5271 517 5308 a
543 5255 789 5322 Ruﬁno;
824 5270 1002 5325 quare
1032 5269 1100 5308 ea
1130 5253 1173 5307 D
1206 5269 1334 5325 esse
1367 5248 1608 5325 putata
1631 5248 1784 5307 mala
1816 5271 2013 5308 manu.
2039 5253 2094 5307 S.
2138 5253 2216 5325 f9
2245 5248 2520 5325 άποτέμνη
2550 5249 2663 5325 alia
2720 5268 2876 5325 man.
2911 5252 2974 5306 0.
3010 5253 3093 5307 Ita
3131 5248 3204 5308 et
3259 5248 3609 5325 Turrianus;

221 5325 368 5405 1391⁵..
399 5327 523 5405 life:
555 5343 660 5405 -v1,
709 5322 1294 5405 Δἐξξ-ἁηιριίιςιέιινχωδξ
1346 5322 1707 5405 Cfr.m§ch'§v.
1768 5328 1942 5405 Mont.
2002 5341 2059 5405 p.
2100 5324 2241 5405 1.8/1“,
2268 5323 2513 5405 Nacbap'.

225 5395 388 5451 Theol.
420 5396 670 5468 Tubing.
700 5399 857 5464 1845,
892 5392 946 5467 ρζ
979 5398 1124 5461 613;
1158 5396 1314 5461 1847,
1444 5395 1581 5461 132;
1614 5395 1825 5450 Frank.
1861 5392 2152 5451 Wurfemb.
2188 5394 2438 5479 Si...tom.
2472 5392 2664 5455 XVIII,

225 5468 435 5522 Rent‘eld
475 5486 487 5522 :
522 5468 565 5522 D
628 5470 792 5522 Clem.
830 5470 946 5522 Hec.
982 5486 1037 5522 ιι.
1073 5470 1219 5522 Rom.
1258 5484 1308 5522 ο.
1381 5467 1486 5522 66;
1525 5472 1589 5520 ι).
1622 5467 1719 5520 Ev.
1753 5467 1879 5522 Joh.
1917 5485 1971 5522 ο.
2009 5469 2101 5520 151
2133 5484 2145 5522 ;
2180 5469 2326 5519 Ιινιι.
2362 5465 2595 5522 Unters..
2656 5481 2664 5522 1

253 5508 563 5523 mm..-
987 5508 1219 5523 υ..
1295 5508 1448 5521 ..νυ
1525 5508 1879 5522 ...μ,..υ..,
1960 5508 2101 5521 ...η

252 5539 771 5610 'ub.1851,p.514.
849 5538 1086 5594 ⁶¹καίΟ
1119 5555 1179 5610 c._
1204 5508 1291 5603 οἵ
1299 5538 1398 5608 qui
1455 5508 1647 5592 lbcum
1709 5539 1789 5610 ita
1843 5508 1967 5610 vult
2022 5509 2251 5610 restitui
2285 5533 2432 5610 :_K;2
2488 5532 2612 5610 τοὺς

252 5468 435 5523 ent‘eld
475 5486 487 5522 :
522 5468 565 5522 D
628 5470 792 5524 Clem.
830 5470 946 5523 Hec.
982 5486 1037 5523 ιι.
1073 5470 1219 5523 Rom.
1258 5484 1308 5538 p.

2004 5341 2059 5394 p.
2100 5324 2194 5377 184
2222 5341 2234 5389 ;
2268 5322 2817 5394 Νοοὶιεριγζᾳξιαιίεν
2843 5340 2882 5387 1,
2913 5325 3017 5377 2l8
3048 5341 3135 5394 sq.
3162 5342 3175 5392 ;
3208 5324 3390 5380 Zeller
3423 5343 3435 5379 :
3469 5326 3612 5379 Ann.

2698 5394 2839 5467 p171
2878 5411 2988 5467 sq.,
3026 5396 3143 5449 XIX
3204 5413 3256 5467 p.
3322 5396 3455 5460 179;
3494 5396 3614 5450 Hil-

1960 5510 1971 5521 .
2009 5469 2101 5520 151
2133 5484 2145 5532 ;
2180 5468 2326 5519 Krit.
2362 5465 2595 5534 Unters.,
2656 5481 2710 5534 p.
2745 5465 2887 5530 358;
2924 5466 3142 5522 Ritschl
3179 5465 3349 5521 {Ann
3381 5485 3399 5521 :
3433 5468 3609 5523 Ἡιροι.

2675 5535 2833 5606 βαπτ.
2869 5535 2955 5589 ἐπὶ
3002 5540 3070 5609 τῇ
3120 5558 3205 5609 τρ.
3239 5537 3386 5612 ἑπον.
3425 5536 3607 5612 ῥύεται

218 5610 295 5699 ita?
353 5616 453 5699 τῇς
478 5602 610 5699 “id.”
653 5609 779 5695 κολ.
834 5613 1001 5699 Apud
1030 5612 1071 5667 Ο
1100 5608 1187 5663 καὶ
1246 5602 1408 5665 deest
1457 5613 1591 5665 ante
1644 5606 1771 5670 τοὺς
1833 5605 2283 5685 βαπτιζομένους,
2318 5608 2355 5662 S
2385 5605 2413 5659 ’ὁ
2442 5602 2568 5666 τοὺς
2606 5602 3056 5679 βαπτιζομένουςξ
3132 5602 3178 5645 5"
3208 5609 3299 5665 καί
3358 5602 3475 5666 om.
3536 5610 3603 5667 Ο.

218 5679 257 5716 ⁸³
283 5681 357 5743 ὡς
387 5679 448 5736 ἄν
478 5681 547 5752 D,
580 5679 657 5736 ὅτ’
688 5679 748 5737 ἄν
780 5683 842 5753 C,
875 5679 998 5738 ὅταν
1024 5686 1089 5739 0.
