4112 6344
454 339 571 398 295

1284 338 1346 395 S.
1396 337 1835 397 CLEMENTIS
1883 339 1903 395 l
1952 335 2141 395 ΗΘΜ.
2187 336 2414 395 ΡΟΝΤ.
2463 335 2721 394 OPERA
2765 334 3027 394 DUBlA.

3740 338 3861 398 296

463 471 584 525 haec
614 470 769 526 enim
802 469 927 525 sola
957 469 1072 524 vim
1132 468 1285 541 ignis
1340 473 1530 541 potest
1584 470 1971 541 exstinguere.
2020 470 2105 524 Ad

2219 464 2546 521 πτισθέντων
2571 464 2665 526 τὰς
2696 465 2959 527 εὐποιίας.
2994 466 3086 519 Διὸ
3141 466 3503 543 προσφεύγετε
3548 466 3627 539 τῷ
3684 466 3859 541 ὕδατι,

461 576 639 631 quam
664 560 764 631 qui
784 560 1041 615 nondum
1067 559 1188 613 vult
1210 559 1424 625 venire,
1449 559 1639 615 adhuc
1662 559 1929 614 rabidum
1952 558 2102 631 gerit

2207 559 2367 610 τοῦτο
2397 556 2500 631 γὰρ
2537 554 2698 628 μόνον
2730 557 2828 624 τὴν
2874 560 2971 609 τοῦ
3020 557 3187 631 πυρὸς
3238 556 3413 631 ὁρμὴν
3467 552 3651 612 σϐέσαι
3700 554 3861 613 δύνα-

458 649 757 722 spiritum,
790 650 957 719 cujus
988 649 1177 720 gratia
1206 665 1321 704 non
1339 649 1461 703 vult
1481 665 1585 720 pro
1608 665 1714 704 sua
1735 647 1921 703 salute
1941 648 2101 703 adire

2219 666 2314 702 ται.
2344 644 2531 715 Τούτῳ
2562 645 2590 697 ὁ
2626 646 2795 717 μήπω
2824 643 3142 718 προσελθεῖν
3175 644 3346 700 θέλων
3379 644 3454 700 ἔτι
3485 647 3549 701 τὸ
3588 650 3689 715 τῆς
3730 646 3860 703 λύσ-

457 755 567 810 aqu
577 754 669 792 am
700 737 910 793 vivam.

532 916 755 971 XXVII.
789 918 1007 972 Accede
1039 916 1235 988 igitur,
1283 915 1402 971 sive
1444 918 1646 987 justus
1692 917 1793 986 sis,
1844 916 1961 971 sive
2008 915 2099 971 in-

448 1007 671 1077 justus.
704 1006 851 1061 Nam
883 1006 1011 1069 tibi,
1046 1006 1093 1061 si
1119 1007 1319 1075 justus
1347 1022 1431 1076 es,
1464 1005 1654 1061 solum
1686 1006 1885 1061 deerat
1912 1005 2100 1077 bapti-

457 1095 572 1150 zari
594 1095 651 1149 in
676 1095 946 1164 salutem,
972 1095 1062 1150 sin
1082 1094 1417 1164 injustusin
1443 1094 1849 1150 remissionem
1875 1110 2100 1162 eorum,

460 1202 590 1256 quae
612 1183 669 1239 in
687 1183 1015 1255 ignorantia
1029 1184 1190 1255 prius
1206 1183 1571 1259 perpetrasti.
1598 1184 1655 1239 Si
1671 1200 1802 1239 vero
1820 1183 2097 1252 injustus,

459 1271 831 1344 relinquitur,
864 1276 929 1326 ut
955 1271 1327 1343 baptismatis
1358 1271 1510 1326 bona
1540 1270 2101 1342 opererisjuxtaim-

456 1361 691 1432 pietatis
723 1361 1177 1433 proportionem.
1214 1361 1595 1431 Quapropter,
1629 1361 1747 1415 sive
1788 1361 1991 1431 justus
2038 1376 2100 1414 es

456 1450 575 1505 sive
601 1450 863 1521 iniquus,
896 1450 1105 1505 festina
1134 1448 1295 1504 nasci
1328 1454 1458 1516 Deo,
1514 1444 1654 1521 quia
1685 1448 1884 1503 dilatio
1936 1448 2101 1503 affert

459 1538 815 1607 periculum;
851 1556 983 1593 nam
1016 1538 1300 1593 incertum
1353 1542 1441 1593 est
1490 1538 1882 1609 praestitutum
1930 1535 2100 1591 morti

459 1634 673 1683 nostrm
702 1634 955 1699 tempus.
988 1628 1166 1693 Patri,
1198 1628 1295 1699 qui
1327 1631 1382 1681 te
1414 1643 1483 1683 ex
1513 1644 1665 1698 aqua
1685 1627 1907 1698 genuit,
1942 1625 2104 1680 simi-

457 1718 767 1772 litudinem
791 1734 891 1789 per
912 1719 1062 1772 bona
1076 1733 1249 1788 opera
1263 1718 1837 1787 ostende.Tanquam
1854 1716 1971 1770 veri
1984 1721 2102 1771 stu-

458 1806 660 1861 diosus
679 1823 874 1861 verum
898 1811 1078 1861 Deum
1101 1806 1323 1861 honora
1337 1810 1401 1861 ut
1422 1810 1665 1877 patrem.
1688 1805 1882 1860 Honor
1904 1809 2098 1860 autem

456 1898 584 1964 ejus
599 1900 707 1960 est,
740 1900 806 1950 ut
834 1896 913 1950 ita
928 1895 1105 1961 vivas,
1127 1896 1279 1950 sicut
1297 1895 1443 1967 ipse,
1472 1894 1788 1965 quijustus
1813 1898 1921 1959 est,
1950 1894 2101 1949 desi-

454 1990 562 2038 rat.
575 1985 812 2053 Porroju
825 1984 895 2038 sti
910 1984 1181 2039 voluntas
1200 1988 1306 2050 est,
1332 1983 1682 2054 injustitiam
1699 1999 1812 2038 non
1828 1982 2102 2037 facias.Et

456 2078 542 2129 est
572 2073 885 2143 injustitia,
910 2072 1190 2135 occidere.
1207 2072 1552 2140 adulterare,
1572 2072 1785 2138 odisse,
1807 2072 2099 2139 fraudare,

459 2167 777 2234 caeteraque
807 2162 900 2216 his
931 2162 1167 2230 similia,
1200 2178 1446 2231 quorum
1479 2160 1675 2215 multae
1698 2164 1835 2215 sunt
1856 2160 2098 2232 species.

533 2251 776 2305 XXVIII.
810 2250 1227 2306 Verumtamen
1257 2250 1387 2305 istis
1420 2250 1815 2320 adjiciendum
1863 2254 1951 2303 est
1998 2247 2136 2312 alia

460 2340 619 2410 quid,
653 2340 806 2411 quod
839 2340 1076 2411 quidem
1106 2356 1239 2394 cum
1265 2338 1500 2409 reliquis
1520 2338 1854 2393 hominibus
1879 2354 1993 2392 non
2014 2339 2105 2392 est

466 2445 797 2493 commune,
830 2429 930 2483 sed
964 2428 1196 2499 preprie
1227 2428 1503 2500 competit
1536 2426 1935 2501 religioniDei.
1966 2426 2104 2481 Dico

463 2522 681 2588 autem,
714 2518 771 2571 in
796 2518 1046 2589 puritate
1070 2518 1295 2589 degere,
1319 2518 1388 2572 ad
1414 2534 1649 2571 uxorem
1677 2533 1843 2571 suam
1869 2516 2104 2587 quando

465 2608 527 2661 in
558 2608 907 2679 purgatione
938 2612 1027 2662 est
1058 2624 1172 2662 non
1206 2608 1510 2662 accedere:
1546 2606 1653 2661 hoc
1685 2606 1898 2677 quippe
1936 2604 2107 2675 jubet

466 2696 565 2751 Dei
598 2695 704 2751 lex.
740 2696 887 2755 Ouid
921 2712 1048 2751 vero
1074 2696 1101 2749 ?
1132 2696 1254 2751 Nisi
1297 2695 1521 2766 puritas
1570 2696 1627 2749 in
1679 2694 1956 2765 religione
2004 2693 2106 2748 Dei

465 2790 621 2840 esset
649 2790 1008 2852 consecrata,
1052 2802 1151 2840 vos
1200 2789 1265 2839 ut
1312 2784 1573 2839 canthari
1626 2800 1758 2838 cum
1815 2782 2107 2854 voluptate

463 2874 855 2929 volveremini.
891 2875 1097 2942 Quare,
1130 2878 1411 2945 tanquam
1445 2872 1712 2928 homines
1743 2870 1965 2943 aliquid
1991 2887 2111 2925 am-

467 2961 623 3034 plius
650 2962 838 3017 brutis
866 2962 1264 3017 animantibus
1296 2961 1599 3030 habentes,
1651 2961 1930 3015 nimirum
1980 2976 2109 3016 esse

466 3050 802 3117 rationales,
827 3068 923 3107 cor
966 3050 1201 3121 quidem
1233 3068 1267 3105 a
1298 3049 1469 3106 malis
1494 3056 1739 3124 purgate
1790 3067 1891 3121 per
1936 3049 2109 3105 coele-

466 3145 615 3195 stem
639 3139 1019 3207 intellectum,
1036 3139 1263 3195 lavacro
1286 3145 1479 3195 autem
1497 3157 1708 3212 corpus
1729 3140 2108 3195 diluite.Nam

465 3228 616 3284 inter
645 3245 774 3284 vere
806 3230 958 3284 bona
1002 3233 1091 3284 est
1138 3229 1476 3284 mundities.
1524 3229 1649 3285 Non
1701 3230 1869 3301 quasi
1918 3228 2107 3284 cordis
2138 3213 2180 3280 C

464 3318 777 3387 puritatem
811 3318 1097 3389 praecedat
1125 3318 1360 3373 castitas
1392 3320 1671 3390 corporis,
1696 3321 1795 3375 sed
1819 3320 1956 3390 quia
1979 3321 2112 3389 post

463 3406 684 3461 bonum
715 3407 983 3477 sequitur
1012 3407 1163 3478 quod
1197 3408 1483 3462 mundum
1516 3413 1623 3462 est.
1659 3407 1883 3463 Etenim
1926 3406 2111 3479 magi-

466 3498 585 3549 ster
617 3501 816 3549 noster
854 3495 1141 3565 quosdam
1192 3500 1524 3550 nostrorum
1578 3496 2002 3551 Pharisaeorum
2057 3499 2114 3551 et

465 3583 812 3650 scribarum,
838 3584 936 3655 qui
972 3589 1108 3639 sunt
1130 3586 1400 3655 separati,
1434 3589 1491 3640 et
1530 3585 1675 3657 legis
1721 3586 2015 3653 instituta,
2047 3590 2112 3640 ut

464 3672 839 3744 Scribaa,plus
866 3673 1085 3728 caeteris
1108 3679 1487 3745 cognoscunt,
1511 3676 1894 3746 redarguebat
1914 3678 2109 3730 tamen

464 3760 629 3816 velut
658 3762 1008 3834 hypocritas,
1044 3763 1197 3833 quod
1229 3780 1297 3817 ea
1332 3763 1455 3818 sola
1488 3781 1612 3834 quae
1658 3766 1729 3819 ab
1772 3764 2110 3820 hominibus

462 3851 735 3906 videntur
772 3849 1170 3922 purificarent,
1202 3851 1393 3906 cordis
1424 3869 1554 3907 vero
1588 3852 1898 3924 puritatem
1932 3869 2109 3925 quam

463 3940 625 3995 solus
657 3940 811 3995 Deus
844 3939 1051 4011 aspicit
1081 3939 1491 4011 relinquerent.

534 4028 719 4083 XXIX.
754 4029 869 4084 Hac
900 4046 1035 4101 ergo
1068 4029 1196 4100 ipsa
1238 4046 1373 4084 voce
1430 4047 1574 4085 usus
1628 4034 1736 4097 est,
1785 4048 1981 4087 revera
2036 4032 2109 4086 ad

462 4118 797 4189 hypocritas
826 4118 976 4173 inter
1005 4135 1101 4173 eos
1132 4117 1398 4190 loquens,
1432 4137 1546 4174 non
1592 4136 1722 4174 vero
1783 4121 1850 4175 ad
1904 4137 2108 4176 omnes

461 4208 607 4263 Nam
640 4207 935 4279 praecepit,
970 4213 1035 4262 ut
1060 4207 1412 4279 quibusdam
1457 4209 1809 4275 obediretur,
1840 4210 1990 4279 quod
2035 4208 2109 4264 iis

464 4296 786 4351 commissa
815 4296 1024 4351 fuisset
1072 4297 1287 4369 Moysis
1318 4296 1593 4352 cathedra
1633 4297 1730 4369 (a).
1781 4297 1999 4352 Verum
2042 4314 2108 4353 ac

456 4384 790 4458 hypocritas
822 4384 1002 4440 dixit:
1038 4386 1120 4441 Vae
1152 4386 1298 4441 vobis
1327 4386 1539 4442 Scriba?
1589 4390 1639 4440 et
1685 4386 1958 4441 Phariswi
2004 4386 2107 4457 hy-

452 4475 698 4546 pocriten,
752 4476 884 4545 quia
936 4476 1218 4529 mundatis
1267 4476 1455 4529 calicz‘s
1514 4484 1565 4529 et
1608 4474 1924 4546 parapszdz's
1970 4473 2110 4544 quod

2208 754 2309 803 σης
2343 732 2490 810 φέρει
2520 738 2752 806 πνεῦμα,
2786 734 2847 787 οὗ
2876 730 3029 788 ἕνεκα
3076 733 3161 787 ἐπὶ
3211 738 3277 807 τῇ
3336 734 3501 789 αὐτοῦ
3539 738 3586 772 ⁶⁴
3619 736 3864 811 σωτηρίᾳ

2210 819 2364 877 ὕδατι
2398 827 2555 891 ζῶντι
2588 821 2908 896 προσελθεῖν
2942 822 3005 877 οὐ
3040 820 3204 887 θέλει.

2281 913 2492 969 XXVII.
2526 909 2799 986 Πρόσελθε
2839 909 2953 983 οῦν,
2985 910 3080 965 κᾶν
3131 909 3337 974 δίκαιος
3383 913 3467 983 ᾖς,
3500 911 3597 968 κᾶν
3648 910 3860 976 ἄδικος.

2211 1000 2410 1072 Δικαίῳ
2466 1000 2569 1077 γὰρ
2626 995 2740 1054 ὄντι
2801 1002 2953 1058 248
3011 1021 3094 1054 σοι
3160 1000 3318 1073 μόνον
3376 997 3558 1057 ἔλειπε
3601 1004 3664 1057 τὸ
3721 1002 3863 1079 πρὸς

2208 1089 2477 1165 σωτηρίαν
2531 1090 2909 1165 βαπτισθῆναι,
2944 1087 3116 1163 ἀδίκῳ
3166 1087 3224 1144 δὲ
3270 1090 3408 1166 πρὸς
3462 1092 3525 1147 τὸ
3560 1092 3862 1168 βαπτισθῆ-

2209 1200 2294 1232 ναι
2325 1181 2368 1215 ⁶δ
2395 1178 2470 1239 εἷς
2522 1177 2705 1257 ἄφεσιν
2764 1183 2871 1233 τῶν
2931 1178 2982 1233 ἐν
3035 1178 3224 1255 ἀγνοίᾳ
3251 1182 3759 1256 προπεπραγμένων
3779 1184 3863 1255 1⁸⁸.

2210 1264 2410 1340 Ἀδίκῳ
2460 1264 2506 1321 δ’
2554 1266 3038 1323 ὑποκαταλείπεται
3092 1269 3209 1322 κατ’
3245 1267 3537 1344 ἀναλογίαν
3585 1276 3686 1339 τῆς
3739 1270 3866 1326 ἀσε-

2209 1350 2357 1417 ϐείας
2390 1357 2423 1425 ἠ
2458 1355 2544 1410 ἐπὶ
2579 1356 2638 1411 τὸ
2700 1355 2977 1431 βάπτισμα
3018 1354 3253 1414 εὐποιία.
3288 1359 3382 1413 Διὸ
3443 1355 3495 1412 εἷ’
3538 1380 3594 1414 τε
3653 1356 3865 1422 δίκαιος

2210 1444 2278 1513 εἶ,
2307 1442 2414 1499 εἷ’τε
2452 1442 2661 1515 ἄδικος,
2694 1450 2921 1499 σπεῦσον
2967 1448 3292 1521 γεννηθῆναι
3346 1451 3482 1519 Θεῷ,
3515 1446 3597 1502 ὅτι
3647 1450 3680 1518 ἡ
3729 1448 3860 1504 ἀνα-

2211 1528 2353 1602 ϐολὴ
2386 1532 2629 1588 κίνδυνον
2664 1535 2811 1611 φέρει
2846 1531 2935 1588 διὰ
2960 1535 3023 1589 τὸ
3063 1532 3269 1604 ἄδηλον
3303 1538 3346 1573 ⁸⁷
3379 1536 3511 1590 εἶναι
3558 1541 3657 1591 τοῦ
3704 1537 3863 1592 θανά-

2208 1644 2303 1677 του
2359 1624 2457 1692 τὴν
2513 1623 2867 1699 προθεσμίαν,
2917 1628 2996 1696 τῷ
3052 1623 3103 1694 ἐξ
3162 1622 3447 1697 ὕδατοςγδδ
3501 1626 3753 1701 γεννῷντί
3804 1646 3866 1681 σε

2209 1711 2373 1788 πατρί
2432 1709 2520 1766 διὰ
2573 1715 2670 1781 τῆς
2729 1710 2975 1775 εὐποιίας
3024 1714 3124 1782 τήν
3182 1713 3485 1785 ὁμοιότητα
3534 1712 3723 1786 δείξας.
3771 1721 3859 1777 Ὡς

2212 1800 2527 1880 φιλαλήθης
2582 1802 2674 1856 τὸν
2736 1799 2917 1873 ἀληθῆ
2974 1802 3101 1857 Θεὸν
3148 1807 3321 1875 τιμῶν
3354 1803 3428 1865 ὡς
3456 1805 3679 1881 πατέρα.
3711 1805 3858 1878 Τιμή

2212 1889 2268 1946 δὲ
2323 1892 2468 1962 αὐτῷ
2524 1892 2584 1945 τὸ
2645 1895 2738 1964 ζῇν
2773 1913 2829 1946 σε
2860 1892 2933 1952 ὡς
2963 1890 3122 1953 αὐτὸς
3177 1889 3383 1955 δίκαιος
3444 1890 3516 1947 ὢν
3565 1891 3730 1948 θέλει.
3765 1901 3863 1947 Δι-

2210 1980 2365 2035 καίου
2427 1978 2483 2034 δὲ
2532 1979 2747 2052 θέλημα
2801 1978 2864 2035 τὸ
2926 1981 3002 2053 μὴ
3060 1978 3281 2037 ἀδικεῖν.
3342 1978 3554 2036 ’Δδικία
3604 1979 3660 2037 δέ
3719 1981 3863 2038 ἐστιν

2212 2070 2471 2149 φονεύειν,
2510 2074 2704 2142 μισεῖν,
2738 2068 3103 2139 πλεονεκτεῖν,
3135 2070 3225 2125 καὶ
3280 2069 3349 2124 τὰ
3400 2069 3614 2133 τούτοις
3670 2070 3859 2145 ὅμοια·

2209 2159 2414 2213 τούτων
2450 2156 2507 2212 δὲ
2538 2156 2652 2227 εἶ’δη
2685 2157 2890 2214 πολλά.

2281 2249 2522 2305 XXVIII.
2580 2244 2732 2316 Πλὴν
2772 2246 2987 2309 τούτοις
3058 2247 3415 2324 συνεισφέρειν
3478 2246 3559 2304 δεῖ
3604 2248 3656 2304 τί
3708 2270 3864 2318 ποτε,

2214 2339 2243 2392 ὃ
2272 2336 2564 2405 κοινότητα
2593 2337 2727 2411 πρὸς
2770 2336 3109 2411 [ἀνθρώπους
3160 2338 3254 2409 μὶν
3306 2336 3403 2392 οὐκ
3450 2333 3587 2414 ἔχει,
3622 2335 3764 2393 ἴδιον
3806 2336 3865 2394 δὲ

2216 2425 2504 2503 θρησκείας
2564 2430 2697 2479 Θεοῦ
2752 2427 3030 2502 τυγχάνει.
3077 2424 3230 2503 Λέγω
3289 2423 3354 2496 δὴ
3412 2427 3476 2482 τὸ
3532 2427 3863 2503 καθαρεύειν,

2212 2514 2276 2569 τὸ
2337 2514 2387 2568 ἐν
2447 2511 2666 2592 ἀφέδρῳ
2720 2510 2849 2587 οὔσῃ
2906 2518 2972 2588 τῇ
3034 2511 3144 2586 ἰδίᾳ
3197 2519 3407 2590 γαμετῇ
3455 2518 3527 2589 μή
3562 2522 3862 2587 κοινωνεῖν,

2216 2604 2297 2659 ὅτι
2329 2608 2490 2659 τοῦτο
2523 2605 2550 2658 ὁ
2583 2608 2715 2658 Θεοῦ
2748 2602 2955 2658 κελεύει
2987 2603 3179 2677 νόμος.
3212 2604 3269 2658 Τί
3303 2601 3396 2674 δέ;
3432 2605 3476 2659 εἰ
3513 2607 3587 2678 μὴ
3647 2607 3736 2660 καὶ
3792 2609 3863 2678 τῇ

2216 2698 2310 2748 τοῦ
2342 2698 2473 2748 Θεοῦ
2504 2693 2760 2765 θρησκείᾳ
2786 2693 2848 2746 τὸ
2904 2693 3215 2767 καθαρεύειν
3272 2692 3538 2766 ἀνέκειτο,
3572 2695 3727 2767 ὑμεῖς
3788 2694 3866 2757 ὡς

2218 2783 2268 2837 οἱ
2299 2783 2557 2858 κάνθαροι
2586 2784 2631 2818 ⁶⁹
2660 2779 2834 2850 ἡδέως
2866 2780 2924 2835 ἃν
2968 2778 3270 2845 έκυλίασθε.
3304 2784 3397 2837 Διὸ
3454 2783 3529 2845 ὡς
3589 2782 3866 2859 ἅνθρωποι

2219 2869 2438 2946 ἔχοντές
2491 2892 2543 2925 τι
2602 2869 2791 2925 πλεῖον
2840 2874 2947 2924 τῶν
2999 2870 3216 2946 ἀλόγων
3258 2872 3435 2941 ζώων,
3464 2873 3527 2927 τὸ
3573 2870 3792 2948 λογικοὶ
3821 2875 3869 2909 ’⁸ο

2219 2960 2369 3029 εἶναι,
2422 2961 2521 3029 τὴν
2587 2960 2679 3031 μὲν
2736 2956 2959 3036 καρδίαν
3014 2964 3121 3014 τῷν
3180 2965 3358 3015 κακῶν
3419 2961 3655 3037 οὐρανίῳ
3706 2963 3872 3017 καθά-

2220 3070 2343 3125 ρατε
2380 3048 2650 3125 λογισμῷ,
2684 3048 2900 3125 λουτρῷ
2949 3046 3005 3103 δὲ
3056 3048 3285 3105 πλύνετε
3315 3053 3357 3088 ⁷¹
3388 3051 3452 3105 τὸ
3500 3054 3678 3123 σῶμα.
3712 3054 3867 3110 249

2218 3139 2361 3193 Κατᾶ
2389 3138 2489 3214 γὰρ
2518 3139 2583 3193 τὰ
2614 3136 2794 3208 ἀληθῆ
2824 3138 2887 3193 τὸ
2917 3138 3248 3213 καθαρεύειν,
3282 3139 3389 3215 οὐχ
3435 3140 3509 3202 ὠς
3558 3139 3639 3195 ὅτι
3690 3161 3869 3217 προη-

2217 3233 2389 3303 γεῖται
2417 3234 2517 3295 τῆς
2548 3228 2683 3281 κατά
2708 3228 2807 3295 τὴν
2838 3223 3061 3301 καρδιαν
3107 3225 3418 3303 καθάρσεως
3446 3231 3481 3298 ἡ
3529 3233 3626 3284 τοῦ
3676 3231 3870 3302 σώμα-

2217 3338 2310 3372 τος
2342 3315 2544 3390 ἁγνεία,
2577 3313 2703 3370 ἀλλ’
2733 3315 2808 3377 ὡς
2838 3318 2883 3351 ⁷³
2928 3314 3008 3369 ὅτι
3056 3312 3240 3371 ἕπεται
3296 3321 3374 3388 τῷ
3425 3317 3606 3394 ἀγαθῷ
3650 3319 3712 3373 τὸ
3769 3339 3867 3373 κα-

2221 3405 2426 3481 θάριον,
2462 3404 2557 3458 Καὶ
2616 3404 2719 3479 γὰρ
2754 3405 2781 3458 ὁ
2815 3401 3142 3467 διδάσκαλος
3198 3406 3360 3477 ἡμῶν
3420 3405 3593 3468 ένίους
3649 3411 3757 3461 τῶν
3816 3406 3869 3461 ἐν

2218 3496 2352 3566 ἡμῖν
2386 3496 2430 3529 ⁷³
2461 3492 2769 3568 Φαρισαίων
2821 3493 2910 3546 καὶ
2963 3495 3353 3568 γραμματέων,
3382 3492 3433 3548 ο’ί
3464 3493 3595 3549 εἰσιν
3658 3496 3869 3573 ἀφωρι-

2218 3582 2406 3655 σμένοι
2440 3584 2552 3655 (33)
2580 3582 2669 3635 καὶ
2698 3580 2764 3634 τὰ
2792 3581 3003 3654 νόμιμα
3034 3582 3108 3643 ὡς
3148 3589 3489 3658 γραμματεῖς
3519 3588 3625 3637 τῷν
3679 3582 3868 3639 ἄλλων

2218 3672 2408 3727 πλεῖον
2470 3669 2694 3737 εἶ’δότες,
2727 3670 2882 3744 ὅμως
2932 3668 3223 3747 διήλεγχεν
3273 3671 3466 3734 αὐτοὺς
3526 3672 3603 3734 ὡς
3646 3673 3869 3749 ὑποκρι-

2215 3762 2333 3829 τὰς,
2369 3760 2475 3827 ὅτι,
2511 3760 2649 3833 μόνα
2690 3759 2756 3813 τὰ
2809 3760 3115 3834 ἀνθρώποις
3175 3761 3469 3837 φαινόμενα
3536 3760 3869 3834 ἁγνεύοντες,

2215 3851 2281 3904 τὰ
2309 3857 2409 3919 τῆς
2441 3846 2662 3925 καρδίας
2709 3850 2915 3925 καθαρὰ
2943 3848 3033 3903 καὶ
3064 3854 3180 3922 Θεῷ
3231 3849 3379 3923 μόνῳ
3428 3850 3679 3926 ὁρώμενα
3725 3870 3864 3928 παρ-

2218 3938 2276 3993 ελ
2288 3940 2301 3992 ί
2312 3960 2452 4011 μπαν
2461 3960 2517 3993 ον
2528 3982 2539 3994 .

2290 4034 2483 4084 XXIX.
2519 4029 2684 4101 Ῥητῇ
2718 4025 2810 4081 οῦν
2844 4026 3010 4102 ταύτῃ
3040 4031 3194 4105 φωνῇ
3240 4028 3535 4105 ἐχρήσατο,
3567 4028 3633 4083 τὰ
3681 4027 3866 4099 ἀληθῆ

2216 4119 2351 4194 πρὸς
2399 4118 2523 4179 τοὺς
2575 4116 2869 4193 ὑποκριτὰς
2919 4116 3093 4171 αὐτῶν
3144 4116 3318 4193 λέγων
3347 4121 3412 4185 ⁷⁸,
3444 4118 3504 4173 οὐ
3542 4116 3678 4192 πρὸς
3736 4119 3868 4173 πάν·

2214 4228 2331 4269 τας.
2365 4206 2551 4261 Ἐνίων
2585 4206 2687 4281 γὰρ
2718 4205 2808 4260 καὶ
2860 4204 3142 4260 ἐπακούειν
3195 4204 3392 4282 ἔλεγεν,
3427 4206 3507 4261 δτι
3555 4209 3653 4276 τὴν
3703 4213 3868 4262 Muci)"-

2216 4294 2351 4357 σέως
2406 4293 2790 4365 ἐπιστεύθησαν
2848 4291 3128 4371 καθέδραν.
3164 4293 3317 4365 Πλὴν
3368 4297 3503 4371 πρὸς
3551 4294 3678 4357 τοὺς
3727 4295 3867 4349 ὑπο-

2216 4384 2401 4457 κριτὰς
2450 4382 2648 4460 ἔλεγεν·
2683 4382 2818 4441 Οὐαὶ
2878 4384 3005 4457 ὑμῖν
3056 4386 3120 4453 ⁷⁵,
3152 4390 3492 4461 γραμματεῖς
3551 4384 3639 4439 καὶ
3695 4390 3867 4458 Φαρι-

2216 4480 2381 4545 σαῖοι,
2466 4472 2774 4549 ὑποκριταὶ,
2858 4472 2940 4527 ὅτι
3024 4473 3333 4548 καθαρίζετε
3412 4470 3510 4528 τοῦ
3593 4471 3867 4545 ποτηρίου

457 4567 700 4619 exterius
731 4568 828 4630 est,
882 4566 1028 4619 intus
1084 4568 1270 4619 autem
1323 4580 1388 4619 ea
1437 4564 1606 4635 plena
1657 4567 1782 4619 sunt
1834 4564 2106 4634 squaloris

2219 4562 2306 4617 καὶ
2390 4569 2491 4631 τῆς
2574 4559 2875 4638 παροψίδος
2931 4561 2993 4616 τὸ
3047 4559 3260 4635 ἔξωθεν,
3320 4560 3512 4617 ἔσωθεν
3576 4559 3633 4617 δὲ
3707 4560 3866 4637 γέμει

454 4654 740 4709 ΡΙιανὶεεεα
766 4668 927 4722 caece,
982 4653 1189 4708 munda
1246 4669 1404 4725 prius
1450 4654 1645 4709 calicis
1701 4656 1751 4709 et
1793 4654 2108 4725 paropsidis

523 4776 604 4849 (a)
635 4776 842 4832 Matth.
864 4794 1025 4846 xxui,
1047 4779 1101 4832 2.

2220 4651 2390 4729 ῥύπου
2444 4654 2507 4707 ⁷⁸.
2563 4656 2826 4727 Φαρισαῖε
2888 4650 3082 4726 τυφλέ,
3140 4652 3428 4729 καθάρισον
3493 4656 3709 4727 πρῶτον
3766 4655 3867 4706 τοῦ

1812 4876 2053 4931 νΑΗῐίΕ
2100 4875 2511 4932 LECTIONES.

523 4974 569 5007 ⁶⁸
599 4973 692 5058 Ita
712 4974 771 5043 S,
804 4970 973 5058 αὐτοῦ
996 4974 1153 5058 οης).
1230 4975 1274 5008 ⁸⁸
1302 4974 1453 5058 νὺὶ),
1482 4969 1663 5058 ἀδίκῷῖ
1712 4969 1779 5058 δὲ
1824 4974 1965 5058 πρὸς.
2013 4975 2067 5029 τὲ

454 5061 581 5115 rec.
626 5064 706 5115 τῳ

757 5016 771 5042 ,
804 4995 967 5027 αυτου
996 4995 1056 5042 u,
1090 4995 1153 5029 U.
1230 4995 1274 5008 ν’
1314 4995 1450 5029 VDD.
1482 4995 1654 5043 αοικῳ
1712 4995 1768 5026 οε
1824 4995 1957 5057 προς
2013 4995 2075 5029 το

757 5063 860 5117 pro
913 5044 1047 5120 τό..-
1074 5047 1119 5080 ⁸⁸
1172 5045 1568 5120 πεπραγμένων
1745 5046 2005 5102 Subinde
2060 5043 2123 5100 ἀδ

2176 4975 2494 5041 απτισθῆναι
2555 4976 2926 5029 accesserunt
2981 4990 3050 5029 ex
3080 4974 3144 5045 Ο,
3187 4974 3245 5029 in
3303 4976 3419 5046 cuj.
3456 4990 3642 5047 marg.
3690 4992 3854 5032 man.

2176 5068 2228 5101 ιω
2285 5043 2330 5099 δ’
2384 5047 2515 5101 add.
2577 5047 2631 5100 S.
2695 5061 2745 5100 ο.
2808 5045 3016 5100 Rntlno
3064 5048 3188 5101 Rec.
3223 5063 3301 5101 v1.
3333 5048 3651 5101 9:1'niusto
3716 5062 3854 5101 vero.

2150 5067 2228 5117 κῳ
2285 5064 2312 5099 ο
2384 5064 2515 5101 aud.
2577 5064 2631 5100 δ.

2695 5061 2752 5117 q.
2808 5045 3016 5117 Rntlno
3064 5048 3188 5102 Rec.
3223 5045 3413 5117 v1,‘9j:
3447 5045 3651 5117 injus'to
3716 5062 3864 5117 vero.

453 5117 495 5151 ⁸⁷
528 5111 838 5191 ᾄδειλονὈ..
916 5118 958 5191 σεξ
990 5112 1142 5191 ὕδατι
1174 5117 1237 5173 Ο.
1286 5111 1740 5191 ’⁶⁹’Ᾰῐ’ίξΐ,.ῌΗίδί.
1770 5121 2033 5191 _anim_._v,
2068 5121 2153 5190 19,
2185 5111 2311 5191 552,
2346 5136 2398 5191 a,
2454 5117 2562 5191 1_7_:
2597 5115 2658 5169 Οἱ
2713 5111 2769 5169 δὲ
2815 5115 3106 5191 κάνθαροιὲ
3135 5117 3194 5186 ἣν
3243 5111 3520 5191 κυλίουσ(
3550 5115 3778 5191 κόπρον,
3810 5115 3862 5170 ἐν

452 5186 616 5265 ταύτῃ
643 5184 953 5265 φωλεύουισί
981 5208 1039 5241 τε
1066 5187 1155 5242 τὸν
1188 5191 1453 5265 ⁵γζιειμιὶιόνοι.
1577 5188 1726 5265 Tum
1758 5184 2097 5265 ἀνεκυλίεσθε
2253 5184 2315 5265 liv
2376 5184 2736 5265 ExuMscesC.
2814 5188 2859 5223 7°
2903 5184 3166 5265 ,λογικόν
3199 5192 3286 5265 C,“
3317 5192 3395 5260 τῷ
3451 5184 3673 5265 λογικοῖ
3727 5184 3862 5241 εἶναι

452 5257 604 5328 conj.
639 5257 695 5315 S.
775 5261 816 5295 ⁷¹
845 5257 1079 5313 πλύνατε
1107 5266 1165 5315 C.

453 5332 664 5405 partim
723 5332 969 5402 explevit
1024 5332 1215 5388 verbis
1272 5330 1506 5405 οὐχηὼς
1566 5332 1885 5405 inscriptis.
1962 5329 2183 5388 nam
2238 5332 2313 5405 ὡς
2344 5334 2402 5388 C.
2479 5333 2524 5405 Ϊ³
2558 5329 2777 5405 ὑμῖνῌῼ.
2830 5330 2962 5387 Otto

455 5399 499 5437 τι
532 5400 708 5474 λέγων
741 5399 875 5460 add.
910 5421 957 5459 c.
994 5406 1060 5459 Ο.
1097 5404 1254 5459 ldem
1289 5399 1559 5477 p.”é').syev
1592 5399 1863 5459 lacunam
1897 5406 2130 5476 praebet.

1246 5256 1343 5315 uin
1372 5258 1433 5312 τὸ
1464 5256 1660 5327 ἀληθές
1690 5264 1752 5315 Ο.
1797 5261 2079 5332 Deinceps
2120 5256 2227 5318 fuit
2253 5261 2459 5317 lacuna
2490 5261 2547 5313 in
2580 5264 2624 5315 Ο
2654 5259 2805 5313 inter
2828 5256 3137 5386 καθαρεύειν
3172 5265 3227 5316 et
3256 5256 3665 5333 8n,'quani.al.
3700 5276 3861 5315 man.

1272 5331 1373 5386 οὐκ]
1431 5330 1506 5386 ὡς
1566 5332 1885 5386 inscriptis.
1962 5334 2007 5367 ⁷³
2037 5330 2183 5386 ἀλλά
2238 5332 2313 5386 ὡς
2344 5334 2402 5386 C.
2479 5333 2524 5367 ⁷³
2558 5329 2683 5386 ὑμῖν
2718 5335 2777 5384 C.
2830 5330 2962 5386 Otto
3007 5332 3203 5386 oniani
3256 5334 3386 5386 lect.
3445 5332 3771 5386 nrmsagivit
3800 5331 3861 5386 S.

3007 5332 3203 5388 oniani
3256 5331 3410 5389 lectf
3445 5332 3771 5405 praesagivit
3800 5331 3861 5387 S.

2205 5406 2249 5440 ’³⁵
2282 5404 2435 5477 ὑμεῖς
2469 5404 2533 5460 Ο.
2611 5403 2654 5437 ⁷⁸
2686 5400 2908 5477 ῥύπους.
2942 5408 2999 5459 C.

1819 5519 2198 5576 VARIORUM
2236 5520 2469 5575 ΝΟΤιΕ.

526 5603 1563 5684 (332_’A?wp_tqi_1.év0i.__ldSigniﬁcat
1620 5625 1830 5684 nomen
1882 5613 2188 5684 Φαρισαῖοι.
2248 5611 2531 5683 Suspecta
2618 5610 2815 5665 autem
2872 5607 3197 5667 Ebionismi
3252 5612 3309 5666 et
3358 5606 3650 5666 Judaismi
3725 5610 3866 5665 sunt

454 5693 586 5751 qua
621 5676 713 5732 his
743 5676 1037 5749 capitibus
1066 5676 1351 5735 dicuntur
1372 5680 1443 5735 de
1467 5679 1777 5735 lavatione.
1810 5684 1937 5737 Cor.
