4112 6344
201 278 324 337 29Ἶ

1353 275 1881 337 CLEMENTINA.
1919 310 1995 322 —
2026 279 2355 340 HOMIIJA
2398 279 2500 339 XI.

3510 283 3631 344 298

202 403 483 478 ποτηρίου
547 402 639 457 καὶ
714 404 812 470 τῆς
889 399 1190 477 παροψίδος
1239 402 1303 457 τὸ
1361 400 1581 476 ἔσωθεν,
1632 403 1721 460 ἵνα
1777 405 1863 481 γὲ-

1984 412 2242 482 mterius,
2274 415 2336 466 ut
2387 415 2436 466 et
2495 410 2722 467 illarum
2769 412 3048 466 exteriora
3102 409 3310 465 munda
3365 412 3501 480 ﬁant
3530 412 3627 484 (a).

200 514 367 562 νηται
424 493 517 546 καὶ
572 492 641 547 τὰ
697 488 798 561 ἔξω
858 490 1032 546 αὐτῶν
1091 494 1134 528 ⁷⁷
1184 491 1408 567 καθαρά.
1463 493 1560 548 Καὶ
1622 492 1864 565 ἀληθῶς·

202 583 576 659 φωτισθέντος
606 580 711 655 γάρ
740 584 837 634 τοῦ
867 584 963 634 νοῦ
994 584 1061 653 τῇ
1090 581 1307 657 γνώσει,
1342 582 1369 635 6
1405 583 1586 655 μαθὼν
1648 581 1864 637 δύναται

206 672 415 745 ἀγαθὸς
475 670 631 738 εἶναι,
690 670 735 741 ᾧ
811 671 1107 745 παρέπεται
1164 670 1227 724 τὸ
1284 672 1516 746 καθαρὸν
1602 670 1864 747 γενέσθαυ

203 760 270 814 ἐκ
328 766 427 828 τῆς
488 758 592 813 ἔσω
646 758 747 833 γάρ
808 755 1049 819 διανοίας
1097 761 1259 827 ἡτοῦ
1316 755 1417 829 ἔξω
1449 762 1701 833 σώματος
1732 762 1865 835 ἀγα-

202 850 277 916 θὴ
310 849 517 923 γίνεται
558 848 807 923 πρόνοια.
840 847 929 908 Ὠς
987 846 1091 901 ἀπό
1150 867 1211 922 γε
1265 855 1366 917 τῆς
1426 854 1561 903 κατὰ.
1602 850 1664 903 τὸ
1706 854 1867 921 σῶμα

202 936 557 1007 ἀναισθησίας
586 940 686 1005 τῆς
738 933 978 997 διανοίας
1029 936 1259 1008 πρόνοια
1298 936 1541 1011 γενέσθαι
1592 938 1653 993 οὐ
1705 935 1861 993 δύνα-

197 1048 315 1096 ται,
344 1026 523 1088 οὕτως
551 1026 580 1080 6
609 1025 841 1099 καθαρὸς
871 1025 958 1079 καὶ
985 1026 1047 1079 τὸ
1078 1022 1178 1096 ἔξω
1233 1024 1323 1080 καὶ
1378 1026 1442 1080 τὸ
1499 1023 1603 1081 ἔσω
1634 1028 1863 1103 καθᾶραι

202 1119 365 1175 251)
426 1114 665 1171 δύναταν
700 1115 728 1169 6
781 1112 838 1168 δὲ
886 1114 953 1168 τά
1000 1111 1099 1187 ἔξω
1145 1114 1415 1189 καθαίρων
1460 1116 1595 1189 πρὸς
1653 1116 1861 1191 ἀνθρώ.

199 1227 323 1260 πων
354 1207 400 1241 ⁷⁸
427 1206 517 1260 τὸν
575 1202 790 1258 ἔπαινον
844 1203 1060 1281 ἀφορῶν
1118 1202 1280 1258 τοῦτο
1318 1209 1483 1276 ποιεῖ,
1515 1206 1605 1259 καὶ
1662 1204 1863 1278 ἐπαίνῳ

196 1300 312 1349 τῶν
344 1294 710 1368 ἱστορούντων
739 1294 885 1369 παρά
914 1296 993 1365 τῷ
1026 1290 1143 1365 Θεῷ
1171 1290 1321 1347 οὐδὲν
1356 1289 1494 1369 ἔχει.

276 1388 439 1439 XXX.
489 1382 601 1437 Τίνι
653 1379 711 1436 δὲ
760 1380 822 1435 οὐ
873 1381 1132 1458 φαίνεται,
1191 1380 1272 1435 ὅτι
1304 1381 1546 1455 κρεῖττόν
1606 1381 1716 1436 ἐστι
1771 1404 1862 1459 γυ-

197 1472 347 1527 ναικὶ
406 1470 459 1526 ἔν
517 1470 844 1546 γυναικείοις
903 1467 1034 1543 οὔσῃ
1094 1469 1169 1541 μή
1226 1467 1522 1543 συνελθεῖν,
1565 1469 1709 1525 ἀλλά
1764 1492 1859 1525 κα-

197 1558 455 1635 θαρθείσῃ
510 1558 601 1612 καὶ
664 1556 1053 1632 βαπτισθείσῃ;
1096 1554 1270 1613 Ἀλλά
1325 1557 1414 1611 καὶ
1477 1557 1610 1629 μετά
1662 1578 1859 1613 κοινω-

197 1648 316 1702 νίαν
384 1647 734 1721 βαπτίζεσθαι
792 1642 892 1700 δεῖ.
957 1643 1017 1699 Εἰ
1077 1642 1135 1698 δὲ
1191 1649 1351 1699 τοῦτο
1392 1651 1570 1700 ποιεῖν
1630 1645 1859 1716 ὀκνεῖτε,

200 1737 591 1806 ἀναπολήσατε
618 1739 734 1796 πῶς
765 1734 831 1788 τὰ
866 1740 968 1801 τῆς
1018 1733 1232 1808 ἁγνείας
1280 1735 1416 1810 μὲρη
1480 1732 1855 1808 μετεδιώκετε,

200 1828 293 1881 ὅτε
329 1826 677 1894 ἀναισθήτοις
730 1820 983 1884 εἰδώλοις
1038 1822 1384 1898 ἐθρησκεύετε
1412 1826 1475 1877 ⁷⁸.
1521 1824 1856 1899 Αίσχύνθητε

204 1918 288 1971 ὅτι
342 1915 592 1980 ἐνταῦθα,
623 1913 760 1967 ὅπου
810 1911 1002 1987 ἐχρῆν,
1037 1911 1099 1965 οὐ
1150 1913 1213 1966 τὸ
1260 1911 1450 1967 πλεῖον
1511 1910 1680 1988 λέγω,
1713 1912 1860 1969 ἀλλὰ

206 2006 375 2077 μόνον
425 2003 515 2057 καὶ
555 2001 684 2057 ὅλον
732 2002 795 2055 τὸ
840 2008 939 2070 τῆς
973 2000 1187 2074 ἀγνείας
1220 1999 1588 2072 ἀναδέξασθαι,
1632 2002 1859 2078 ὀκνηρό-

198 2115 349 2171 τεροι
398 2093 623 2168 γίνεσθε.
674 2092 921 2159 Νοήσατε
982 2087 1071 2144 οὖν
1132 2090 1223 2145 τὸν
1277 2090 1388 2145 ἐκεῖ
1435 2091 1572 2163 ὑμᾶς
1631 2112 1861 2160 πεποιη-

199 2184 356 2253 κότα,
391 2182 481 2237 καὶ
540 2178 963 2249 διανοηθήσεσθε
1014 2179 1094 2240 τίς
1150 2178 1289 2233 ἐστιν
1341 2180 1369 2234 6
1419 2179 1643 2243 ἐνταῦθα
1702 2174 1857 2235 ὄκνον

200 2273 343 2348 πρὸς
374 2269 614 2345 ἁγνείαν,
649 2268 775 2339 ὑμῖν
809 2262 1127 2339 ἐμϐάλλων.

272 2362 467 2417 XXXI.
503 2355 657 2414 Ἀλλ’
690 2355 801 2430 ἐρεῖ
826 2376 911 2417 τις
953 2356 1127 2428 ὑμῶν.
1163 2357 1284 2432 Χρὴ
1344 2355 1435 2411 οὖν
1486 2359 1635 2429 ἡμᾶς
1684 2364 1857 2411 ποιεῖν

202 2448 303 2503 ὅσα
335 2447 389 2502 ἐν
425 2444 683 2506 εἰδώλοις
715 2444 1006 2516 ἐποιοῦμεν
1030 2463 1051 2507 ,⁸
1082 2444 1241 2517 Φημί
1274 2466 1381 2516 σοι,
1416 2446 1522 2521 οὐχ
1578 2445 1701 2515 ὅλα,
1734 2444 1862 2501 ἀλλ’

202 2536 301 2589 ὅσα
355 2532 544 2595 καλῶς
603 2531 855 2595 ἐποιεῖτε,
886 2530 974 2585 καὶ
1034 2530 1257 2585 ἐνταῦθα
1299 2531 1511 2588 πλεῖον.
1545 2536 1609 2586 "O
1656 2555 1709 2587 τι
1752 2534 1855 2608 γὰρ

204 2624 263 2678 ἃν
322 2621 513 2683 καλῶς
568 2622 785 2695 γίνηται
839 2618 889 2673 ἐν
940 2623 1007 2692 τῇ
1057 2618 1250 2694 πλάνῃ,
1288 2621 1392 2675 ἀπὸ
1447 2629 1545 2690 τῆς
1599 2620 1857 2692 ἀληθείας

202 2711 464 2787 ⁴ἤρτηται,
500 2710 592 2780 ὡς,
628 2709 673 2764 εἷ
704 2708 794 2763 καί
824 2729 875 2762 τι
911 2707 962 2762 ἐν
990 2712 1059 2781 τῇ
1112 2708 1337 2780 ἀληθείᾳ
1384 2715 1565 2771 κακῶς
1620 2711 1857 2785 γένοιτο,

204 2802 310 2855 ἀπὸ
358 2806 461 2867 τῆς
521 2797 735 2868 πλάνης
790 2796 952 2852 ἐστίν.
986 2793 1321 2853 Ἀπολάϐετε
1372 2796 1461 2852 οὖν
1527 2799 1678 2871 ὑμῶν
1735 2821 1863 2853 παν-

204 2889 433 2966 ταχόθεν
493 2888 559 2941 τά
618 2884 748 2959 ἴδια,
809 2888 883 2958 μὴ
937 2886 1006 2940 τὰ
1059 2885 1347 2962 ἀλλότρια,
1379 2886 1468 2942 καὶ
1522 2888 1598 2961 μή
1656 2887 1857 2965 λέγετε·

202 2977 275 3034 Εἴ
313 2999 370 3032 τι
415 2974 662 3031 ποιοῦσιν
717 2976 769 3029 οἱ
816 2972 1230 3047 πεπλανημένοι
1283 2975 1473 3048 καλὸν,
1532 2983 1707 3032 ποιεῖν
1764 2977 1862 3032 οὐκ

206 3065 522 3145 ὀφείλομεν.
551 3064 741 3137 Τούτῳ
790 3063 891 3139 γὰρ
946 3067 1026 3134 τῷ
1076 3062 1251 3139 λόγῳ,
1285 3064 1371 3119 ἐὰν
1419 3067 1493 3137 μὴ
1526 3067 1723 3143 φονεύῃ
1778 3087 1860 3127 τις

1979 499 2048 555 Et
2076 516 2226 554 vere.
2262 500 2406 554 Nam
2440 505 2632 555 mente
2676 517 2779 572 per
2826 500 3127 556 scientiam
3171 499 3485 565 illustrata,
3529 501 3631 573 qui

1979 588 2185 643 didicit
2216 593 2405 661 potest
2436 604 2563 644 esse
2594 589 2820 654 bonus;
2870 605 3045 661 quam
3099 606 3219 644 rem
3252 589 3632 661 consequitur

1979 676 2205 750 puritas
2238 677 2377 748 quia
2430 694 2497 732 ex
2554 676 2812 733 interiori
2860 678 3158 734 intellectu
3219 678 3286 733 ﬁt
3328 678 3629 734 exterioris

1977 767 2238 837 corporis
2268 766 2421 821 bona
2443 767 2716 837 provisio.
2741 766 3245 829 Quemadmodum
3269 782 3339 821 ex
3367 766 3627 839 corporis

1976 853 2239 925 neglectu
2276 853 2488 909 mentis
2513 854 2761 925 provisio
2792 856 2913 910 fieri
2948 856 3175 927 nequit,
3206 856 3286 910 ita
3307 855 3405 927 qui
3440 872 3625 927 purus

1974 949 2083 1009 est,
2109 949 2166 999 et
2193 944 2346 1015 quod
2371 942 2624 999 exterius
2646 949 2735 999 est
2762 949 2818 998 et
2838 945 2990 1015 quod
3017 944 3264 999 interius
3280 948 3471 1016 potest
3490 962 3625 1017 pur-

1973 1049 2143 1103 gare:
2180 1033 2279 1104 qui
2308 1049 2441 1088 vero
2474 1032 2756 1088 exteriora
2786 1038 3017 1105 purgat,
3052 1034 3123 1087 ad
3155 1032 3464 1088 hominum
3491 1033 3618 1089 lau-

1973 1120 2075 1176 des
2106 1120 2409 1192 aspiciens,
2438 1120 2495 1175 id
2520 1120 2660 1192 agit,
2685 1137 2749 1176 ac
2771 1126 3005 1193 propter
3026 1120 3386 1177 cernentium
3416 1120 3619 1177 laudes

1972 1208 2119 1265 nihil
2152 1226 2185 1265 a
2214 1209 2329 1265 Deo
2363 1208 2587 1281 recipit.

2040 1384 2206 1441 XXX.
2266 1386 2369 1441 Cui
2419 1403 2554 1443 vero
2614 1403 2727 1443 non
2788 1390 3047 1459 apparet,
3107 1387 3317 1443 melius
3370 1403 3498 1443 esse
3549 1387 3621 1443 ad

1972 1473 2276 1530 mulierem
2311 1480 2616 1530 menstrua
2660 1476 2977 1547 patientem
3020 1493 3135 1531 non
3194 1476 3487 1543 accedere,
3520 1477 3623 1532 sed

1970 1564 2041 1617 ad
2072 1564 2441 1633 purificatam
2474 1568 2530 1618 et
2558 1563 2738 1619 lotam
2758 1563 2785 1618 ‘I
2828 1564 3068 1636 Oportet
3116 1565 3290 1620 etiam
3325 1573 3456 1636 post
3486 1582 3625 1621 con-

1968 1653 2233 1707 cubitum
2282 1652 2483 1707 lavari.
2544 1653 2704 1716 Quod
2765 1653 2814 1708 si
2874 1654 2983 1708 hoc
3042 1653 3228 1709 facere
3284 1670 3385 1709 vos
3443 1654 3626 1731 piget,

1970 1741 2166 1796 animo
2199 1741 2459 1813 repetite,
2495 1758 2609 1812 quo
2642 1746 2807 1813 pacto
2862 1741 3222 1797 castimoniae
3254 1742 3458 1798 munia
3490 1760 3622 1815 pro-

1969 1830 2395 1901 sequebamini,
2442 1831 2677 1901 quando
2736 1846 2948 1885 sensus
2980 1831 3237 1902 expertia
3286 1831 3442 1887 idola
3470 1831 3625 1887 cole-

1968 1918 2141 1974 batis.
2202 1919 2560 1987 Erubescite,
2619 1923 2769 1990 quod
2831 1919 2946 1985 hic,
3010 1919 3107 1974 ubi
3167 1920 3443 1991 Oportuit,
3508 1936 3622 1975 non

1967 2008 2095 2069 dico
2128 2008 2433 2078 majorem,
2469 2008 2569 2062 sed
2603 2006 2957 2079 singularem
2990 2012 3044 2062 et
3079 2008 3365 2079 integram
3400 2006 3620 2080 ample-

1968 2096 2045 2151 cti
2077 2096 2425 2167 castitatem,
2459 2096 2756 2167 segniores
2779 2096 2944 2151 estis.
2977 2096 3235 2167 Cogitate
3257 2096 3436 2168 igitur
3461 2112 3620 2163 eum,

1969 2184 2069 2256 qui
2101 2201 2199 2239 vos
2250 2184 2366 2239 illic
2415 2186 2819 2249 constituerat,
2860 2190 2917 2239 et
2974 2184 3307 2250 intelligetis
3362 2185 3497 2256 quis
3528 2185 3621 2240 hic

1968 2274 2131 2329 vobis
2158 2273 2467 2343 segnitiem
2499 2274 2569 2326 ad
2594 2272 2999 2327 castimoniam
3030 2271 3334 2328 immittat.

2042 2362 2227 2417 XXXI.
2263 2362 2372 2417 Sed
2419 2362 2571 2415 dicet
2618 2360 2831 2432 aliquis
2879 2366 3137 2415 vestrum
3170 2378 3181 2414 :
3217 2360 3459 2432 Oportet
3486 2377 3622 2431 ergo

1974 2468 2079 2507 nos
2134 2451 2320 2505 facere
2379 2466 2740 2521 quaecunque
2794 2449 2946 2520 apud
3007 2448 3165 2503 idola
3220 2450 3469 2520 egimus.
3522 2448 3625 2503 Aio

1972 2540 2117 2595 tibi:
2152 2539 2275 2594 Non
2309 2538 2525 2604 omnia,
2569 2538 2667 2593 sed
2718 2554 3080 2609 quaecunque
3132 2539 3275 2593 bene
3306 2538 3623 2606 faciebatis,

1978 2634 2152 2699 atque
2180 2628 2272 2682 hic
2303 2628 2582 2697 majorem
2604 2627 2659 2679 in
2694 2627 2954 2681 modum.
2982 2626 3271 2696 Quidquid
3300 2626 3455 2681 enim
3480 2626 3625 2680 bene

1976 2718 2042 2771 fit
2074 2717 2131 2770 in
2164 2731 2377 2782 errore,
2410 2733 2443 2769 a
2497 2715 2737 2769 veritate
2796 2715 3030 2785 pendet,
3090 2716 3241 2769 sicut
3298 2720 3349 2769 et
3406 2715 3453 2770 si
3485 2713 3621 2785 quid

1973 2806 2121 2860 male
2156 2805 2256 2859 fiat
2287 2804 2345 2858 in
2378 2803 2635 2867 veritate,
2678 2819 2745 2858 ex
2775 2820 2966 2858 errore
3015 2803 3188 2858 venit.
3223 2803 3479 2875 Recipite
3510 2803 3624 2875 igi-

1970 2898 2066 2949 tur
2097 2910 2224 2964 quze
2257 2893 2515 2963 undique
2559 2892 2629 2946 ad
2663 2908 2763 2947 vos
2813 2892 3124 2962 pertinent,
3179 2909 3291 2947 non
3325 2908 3450 2963 quae
3484 2896 3624 2946 sunt

1970 2981 2178 3052 aliena,
2213 2985 2269 3035 et
2298 2997 2371 3036 ne
2401 2979 2611 3035 dicatis
2638 2996 2649 3034 :
2682 2980 2741 3035 Si
2786 2980 2925 3050 quid
2958 2979 3092 3035 boni
3141 2980 3362 3035 faciunt
3391 2980 3492 3051 qui
3524 2996 3619 3034 er-

1969 3076 2121 3135 rant,
2154 3071 2339 3125 facere
2368 3086 2476 3125 nos
2521 3085 2637 3124 non
2682 3068 2985 3123 debemus.
3034 3069 3151 3123 Hac
3202 3069 3492 3140 siquidem
3526 3085 3617 3124 ra-

203 3154 411 3212 εῗδωλα
443 3149 638 3221 σέϐων,
672 3152 912 3230 φονεύειν
942 3150 1257 3228 ὀφείλομεν,
1290 3152 1372 3209 ὅτι
1406 3156 1433 3209 6
1460 3154 1510 3209 ἐν
1571 3154 1749 3230 πλάνῃ
1780 3152 1853 3209 ὢν

1980 3159 2139 3225 ιὶουε,
2172 3159 2221 3214 si
2252 3175 2367 3213 non
2399 3157 2624 3212 occidat
2653 3156 2940 3211 idolorum
2973 3156 3181 3224 cultor,
3216 3158 3495 3213 debemus
3518 3174 3613 3213 oc-

205 3245 266 3301 οὗ
293 3242 509 3323 φονεύει
532 3245 578 3280 ⁸ο
599 3262 613 3313 ;

274 3335 499 3390 XXXII.
532 3330 691 3406 Οὐχίο
757 3328 901 3385 ἀλλά
955 3333 999 3368 ⁸1
1025 3331 1088 3385 τὸ
1132 3329 1344 3400 πλεῖον,
1379 3330 1464 3386 ἐὰν
1516 3334 1568 3387 οἱ
1599 3332 1649 3387 ἐν
1681 3332 1860 3407 πλάνῃ

209 3426 284 3496 μὴ
351 3421 664 3500 φονεύωσιν,
716 3421 864 3477 251
929 3422 1094 3492 ἡμεῖς
1157 3422 1230 3492 μὴ
1277 3422 1323 3457 ⁸³
1369 3420 1733 3496 ὀργιζώμεθα·
1772 3421 1859 3476 ἐὰν

207 3516 234 3568 6
285 3513 339 3567 ἐν
402 3510 581 3584 πλάνῃ
640 3510 715 3583 μή
783 3509 1037 3583 μοιχεύῃ,
1096 3510 1258 3581 ἡμεῖς
1333 3511 1430 3578 τὴν
1487 3510 1663 3585 ἀρχὴν
1723 3508 1863 3583 μηδὲ

208 3602 598 3673 ἐνθυμηθῶμεν
657 3601 722 3634 ⁸³⁸
785 3597 872 3651 ἐὰν
935 3599 962 3651 6
1022 3597 1072 3651 ἐν
1132 3597 1313 3672 πλάνῃ
1398 3599 1489 3652 τὸν
1576 3599 1865 3674 ἀγαπῶντα

209 3692 420 3765 ἀγαπᾷ,
470 3691 633 3761 ἡμεῖς
692 3685 781 3741 καὶ
839 3685 966 3747 τοὺς
1010 3692 1315 3761 μισοῦντας’
1374 3687 1460 3741 ἐὰν
1508 3688 1537 3742 6
1581 3688 1633 3741 ἐν
1688 3686 1866 3762 πλάνῃ

211 3779 432 3851 δανείζῃ
488 3783 606 3838 τοῖς
661 3775 905 3852 ἔχουσιν,
951 3778 1115 3848 ἡμεῖς
1172 3776 1261 3830 καὶ
1315 3782 1432 3839 τοῖς
1494 3778 1568 3850 μὴ
1628 3775 1864 3852 ἔχουσιν,

213 3865 582 3940 Ἀπαξαπλῶς
641 3864 932 3943 ὀφείλομεν
981 3866 1032 3918 οἱ
1078 3865 1167 3919 τὸν
1221 3862 1444 3941 ἄπειρον
1500 3866 1668 3920 αἰῶνα
1720 3865 1870 3921 ἐλπί-

216 3965 400 4027 ζοντες
428 3955 823 4030 κληρονομεῖν,
853 3958 961 4008 τῶν
988 3954 1077 4008 τὸν
1106 3953 1345 4029 παρόντα
1407 3953 1569 4025 μόνον
1627 3953 1869 4026 είδότων,

208 4052 320 4101 τῶν
386 4046 473 4099 ὑπ’
523 4044 699 4098 αἰτῶν
758 4041 1064 4117 γενομένων
1115 4041 1295 4097 καλῶν
1342 4044 1569 4116 κρείττω
1598 4046 1644 4080 ⁸⁴
1672 4050 1870 4114 ποιεῖν,

212 4133 442 4195 εἰδότες,
478 4132 583 4200 ὅτι,
618 4131 705 4186 ἐάν
765 4130 942 4185 αὐτῶν
999 4131 1066 4184 τὰ
1121 4127 1252 4205 ἔργα
1300 4136 1414 4192 τοῖς
1472 4131 1761 4206 ἡμετέροις
1822 4132 1873 4186 ἐν

218 4225 405 4297 ἡμέρᾳ
487 4221 718 4294 κρίσεως
803 4218 1153 4295 ἀνακριθέντα
1239 4218 1327 4273 ἴσα
1392 4222 1437 4257 ⁸⁸
1502 4224 1570 4294 τῇ
1660 4220 1874 4293 εὐποιία

217 4314 430 4384 εὑρεθῇ,
464 4310 554 4364 καὶ
612 4312 775 4381 ἡμεῖς
834 4308 1242 4382 ἐναισχυνθῆναι
1308 4304 1534 4383 ἔχομεν,
1588 4308 1739 4364 αὐτοὶ
1792 4307 1869 4381 δὲ,

220 4400 309 4455 διὰ
361 4398 577 4469 πλάνην
634 4402 701 4453 τα
755 4399 873 4451 κατ’
903 4396 1060 4451 αὐτὸν
1094 4399 1136 4433 ⁸⁸
1166 4398 1514 4466 ποιήσαντες,
1551 4396 1869 4462 ἀπολέσθαι.

218 4493 289 4543 Τὸ
319 4487 381 4543 δὲ
411 4488 765 4562 αἰσχυνθῆναι
793 4486 929 4540 κατὰ
956 4489 1115 4539 τοῦτο
1171 4482 1384 4557 εἶ’ρηκα,
1419 4485 1503 4539 ὅτι
1558 4488 1632 4559 μὴ
1678 4486 1871 4541 πλεῖον

224 4578 559 4648 ἐποιήσαμεν
616 4575 790 4629 αὐτῶν
840 4576 913 4628 ὧν
959 4574 1047 4628 καὶ
1096 4573 1287 4629 πλεῖον
1338 4573 1669 4649 ἐγνώκαμεν.
1706 4575 1766 4629 Εἰ
1817 4573 1875 4630 δὲ

224 4668 584 4741 αἰσχυνθῆναι
615 4663 776 4734 ἔστιν,
807 4664 903 4732 τὴν
964 4661 1207 4718 εὐποιίαν
1267 4663 1451 4725 αὐτοῖς
1501 4660 1622 4733 ἴσην
1670 4661 1872 4734 δείξαν-

223 4777 320 4817 τας
352 4758 397 4791 ⁸⁷
424 4754 514 4809 καὶ
563 4754 625 4809 οὐ
678 4752 891 4823 πλεῖον,
923 4752 1077 4826 πόσῳ
1120 4773 1180 4829 γε
1208 4754 1253 4790 ⁸⁸
1287 4750 1523 4826 μᾶλλον,
1556 4751 1642 4807 ἐὰν
1698 4752 1873 4808 αὐτῶν

220 4852 321 4914 τῆς
354 4843 600 4905 εὐποιίας
627 4842 691 4898 τὸ
721 4843 884 4912 ἦττον
913 4839 1208 4915 δείξωμεν;

292 4997 375 5071 (a)
406 4996 619 5054 Matth.
651 5012 817 5067 nm,
844 4996 934 5052 25.

1970 3249 2180 3312 cidere,
2216 3246 2352 3318 quia
2384 3246 2484 3317 qui
2516 3246 2572 3300 in
2606 3262 2800 3301 errore
2828 3250 3091 3300 versatur
3120 3262 3233 3300 non
3265 3246 3526 3301 occidit?

2040 3336 2254 3392 XXXII.
2302 3336 2576 3389 Minime:
2638 3334 2756 3389 imo
2809 3335 3024 3405 potius,
3086 3334 3134 3389 si
3184 3333 3265 3387 illi
3323 3333 3620 3406 quierant

1970 3425 2354 3481 homicidium
2414 3440 2529 3478 non
2588 3422 2827 3487 faciunt,
2878 3439 2986 3476 nos
3031 3440 3102 3477 ne
3148 3422 3509 3479 irascamur:
3546 3423 3619 3493 si,

1974 3531 2175 3570 errans
2211 3530 2323 3568 non
2387 3511 2732 3579 moechatur,
2793 3527 2898 3565 nos
2950 3510 3223 3582 primitus
3263 3528 3333 3565 ne
3382 3512 3618 3582 quidem

1976 3603 2463 3673 conCUpiscamus
2490 3616 2502 3654 :
2534 3600 2583 3655 si
2616 3598 2712 3655 ille
2744 3604 3037 3654 amantem
3083 3604 3261 3669 amat,
3312 3616 3418 3655 nos
3448 3601 3624 3655 etiam

1977 3691 2247 3747 inimicos
2279 3690 2638 3761 diligamus;
2695 3687 2744 3743 si
2789 3687 2883 3743 ille
2946 3694 3218 3743 mutuum
3270 3688 3367 3743 dat
3427 3689 3498 3743 iis
3527 3687 3629 3759 qui

1978 3781 2219 3850 habent,
2252 3796 2359 3835 nos
2402 3778 2575 3833 etiam
2625 3794 2739 3832 non
2790 3776 3162 3832 habentibus.
3214 3776 3461 3832 Omnino
3492 3792 3631 3832 sane

1981 3869 2285 3934 debemus,
2331 3867 2431 3939 qui
2491 3867 2687 3922 aeterni
2738 3865 2935 3921 saeculi
2993 3866 3381 3921 hereditatem
3429 3882 3629 3936 spera-

1985 3976 2137 4024 mus,
2170 3956 2228 4011 in
2264 3956 2432 4011 bonis
2462 3956 2736 4027 Operibus
2768 3971 3044 4026 superare
3073 3972 3191 4021 eos,
3241 3955 3340 4026 qui
3375 3971 3630 4027 praesens

1982 4052 2212 4101 tantum
2263 4044 2542 4099 saeculum
2598 4049 2850 4099 norunt:
2912 4046 3076 4114 gnari
3137 4044 3311 4115 quod,
3365 4044 3413 4098 si
3458 4060 3632 4112 opera

1985 4136 2215 4190 illorum
2250 4150 2382 4188 cum
2416 4131 2630 4187 nostris
2660 4134 2933 4204 operibus
2966 4132 3021 4186 in
3052 4133 3145 4187 die
3180 4132 3388 4203 judicii
3422 4133 3633 4187 collata

1986 4224 2142 4295 paris
2173 4222 2364 4277 meriti
2398 4222 2784 4293 reperiantur,
2817 4222 3081 4277 confusio
3117 4222 3285 4276 nobis
3306 4222 3432 4286 erit,
3464 4228 3520 4275 et
3548 4220 3633 4276 illi

1985 4330 2087 4385 per
2115 4328 2370 4366 errorem
2400 4312 2552 4381 quod
2587 4311 2656 4365 ad
2690 4311 2953 4365 futurum
2985 4310 3264 4365 saeculum
3296 4311 3512 4380 operati
3543 4311 3633 4365 in-

1984 4402 2262 4456 teribunt.
2321 4403 2460 4454 Fore
2517 4405 2712 4454 autem
2772 4400 2941 4454 nobis
2998 4390 3421 4469 confusionem,
3476 4399 3533 4452 in
3566 4414 3633 4454 eo

1905 4514 1949 4576 Β
1986 4490 2124 4554 dixi,
2157 4490 2311 4561 quod
2346 4505 2459 4543 non
2494 4487 2747 4576 amplius
2781 4488 3087 4543 fecerimus
3146 4504 3321 4576 quam
3368 4487 3473 4553 illi,
3507 4488 3635 4576 qui-

1989 4580 2099 4634 bus
2131 4576 2384 4649 amplius
2436 4574 2850 4631 intelleximus.
2902 4576 3062 4641 Quod
3114 4574 3158 4629 si
3199 4575 3462 4629 confusio
3506 4574 3635 4645 erit,

1987 4666 2034 4723 si
2068 4667 2127 4721 in
2159 4665 2437 4737 cperibus
2469 4664 2637 4720 bonis
2669 4681 2774 4719 nos
2812 4664 2927 4719 illis
2957 4662 3209 4736 aequales
3239 4664 3637 4751 ostendemus,

1988 4772 2102 4811 non
2134 4752 2485 4825 superiores,
2532 4757 2751 4823 quanto
2784 4751 2991 4824 magis,
3026 4754 3073 4808 si
3118 4753 3177 4807 in
3208 4752 3417 4807 iisdem
3449 4755 3637 4823 operi-

1986 4845 2098 4899 bus
2130 4858 2237 4898 nos
2266 4840 2569 4896 inferiores
2601 4840 3042 4897 exhibuerimus
3062 4840 3091 4895 ‘I

1579 5110 1821 5168 VARUE
1867 5109 2279 5168 LECTIONES.

298 5240 343 5273 77
376 5234 541 5289 αὐτοῦ
598 5237 662 5292 Ο.

739 5236 783 5271 ⁷⁸
814 5240 901 5290 Ita
958 5234 1002 5290 Ο
1060 5250 1109 5314 ρ.
1142 5234 1201 5302 S,
1236 5232 1550 5305 ἀνθρώπους
1581 5239 1639 5290 C.
1716 5238 1761 5272 ⁷⁸
1791 5234 2137 5311 ἐθρησκεύετε
2194 5234 2248 5303 S,
2283 5233 2346 5301 Ο,
2408 5230 2729 5357 θὲησκεύετε
2755 5232 2813 5288 C.
2892 5235 2936 5270 ⁸ο
2966 5233 3111 5316 Post.
3156 5229 3362 5319 φονεύει
3422 5236 3638 5304 puncto

744 5308 785 5343 εί
843 5305 981 5357 Οὖγὶ
1040 5302 1180 5357 ἄλλο
1238 5310 1297 5357 C.
1330 5304 1473 5357 Οὐγὶ
1532 5303 1678 5357 ἀλλὰ
1724 5313 1777 5357 S-
1815 5314 1872 5357 et
1929 5308 2060 5357 Ruf.
2118 5308 2237 5357 Rec.
2298 5322 2372 5357 vr.
2408 5307 2430 5357 1
2504 5320 2608 5357 non
2642 5310 2721 5357 ita
2748 5313 2849 5357 eu.
2880 5306 2988 5357 sed.
3015 5306 3155 5357 Dein
3188 5302 3273 5355 ἐαν
3302 5308 3357 5357 8.
3385 5299 3480 5356 'iva
3511 5304 3554 5357 Ο
3585 5322 3637 5357 c.

232 5309 551 5377 distinguit
606 5310 665 5362 C.
710 5308 785 5379 J"
843 5305 981 5379 Οὐχὶ
1040 5302 1180 5379 ἄλλο
1225 5310 1299 5379 _C,
1330 5302 1473 5379 Οὐχὶ
1532 5303 1678 5359 ἀλλὰ
1724 5313 1780 5378 S,
1815 5302 2060 5379 etiRuf.
2118 5302 2241 5379 Περι
2297 5307 2430 5379 }'1,1

2504 5320 2608 5358 non
2642 5307 2721 5359 ita
2748 5313 2849 5369 eu,
2880 5306 2988 5361 sed.
3015 5299 3273 5360 Dein'éa’w
3302 5308 3357 5368 8,
3385 5299 3480 5356 ἵνα
3511 5304 3554 5360 O
3585 5322 3637 5360 c.

230 5386 289 5449 (1,
350 5374 454 5452 qui
502 5380 650 5449 conj.
707 5375 795 5431 'tva
841 5398 883 5430 ει
924 5374 1004 5431 δι.
1074 5374 1497 5452 ,ι’-μή-ρβὶςέχ
1518 5374 1853 5452 οοιῄεοῐζϐ,
1886 5378 1952 5452 in_
1980 5380 2092 5447 cuj.
2119 5377 2243 5452 cod.
2280 5376 2461 5452 deest.
2495 5376 2642 5429 Tum
2682 5376 2756 5445 μή
2794 5376 3027 5451 μοιχεύῃ
3057 5376 3121 5452 O,
3161 5374 3408 5447 μοιχεύει
3439 5381 3497 5452 t3,
3528 5376 3634 5452 qui

230 5445 469 5523 quidem
506 5445 656 5505 recte
690 5452 765 5520 μή
801 5452 1003 5523 deesse
1035 5445 1204 5523 vidit.
1239 5448 1283 5482 ⁸³
1312 5445 1731 5523 ἐπιθυμηθῶμεν
1757 5445 2180 5523 conj.C.,qu_od
2215 5447 2623 5523 p_on.G~raacum
2655 5445 3321 5523 est..Lec_tio_vulg.recte
3354 5464 3415 5523 se
3445 5445 3638 5523 habet.

360 5523 403 5555 ιι
434 5514 765 5593 κρεῖττο-ιύζ
843 5522 887 5555 ⁸⁵
917 5522 1003 5593 Ita
1032 5528 1075 5573 0
1106 5525 1161 5573 et
1194 5514 1560 5593 inmargjc,
1593 5514 1690 5573 δὰα
1721 5522 1777 5576 in
1810 5514 2001 5593 textu.
2044 5514 2110 5553 ἐδ
2139 5517 2256 5593 καθ’
2288 5514 2459 5593 αὐτῶν
2493 5522 2549 5570 c.
2584 5518 2702 5593 καθ’
2733 5516 2927 5593 αὐτούς
2978 5514 3303 5593 Ιθε-’ριιῐειι
3348 5519 3405 5574 8.
3484 5520 3526 5554 ³⁷
3560 5522 3643 5576 Ita

226 5594 435 5666 scripsi
469 5586 691 5649 ratione
723 5593 921 5648 habita
949 5592 1088 5647 lect.
1127 5591 1316 5646 Ottob.
1353 5586 1613 5660 δείξαντα,
1646 5610 1739 5665 ap.
1774 5594 1815 5649 C
1845 5589 2130 5663 δείξαντες.
2166 5590 2377 5649 Verum
2403 5590 2527 5659 jam
2553 5589 2699 5646 vidit
2725 5591 2782 5647 S.
2860 5592 2903 5626 ⁸⁸
2935 5586 3061 5652 πῶς
3080 5586 3236 5665 γε’(ὶ.

516 5720 777 5781 Ρλτιιοι..
824 5720 935 5780 Gs.
980 5718 1060 5778 ll.

3284 5716 3360 5776 10
