4112 6344
520 328 637 387 299

1349 328 1413 388 S.
1462 328 1904 389 CLEMENTIS
1951 328 1974 386 I
2023 325 2212 387 ROM.
2259 328 2492 390 PONT.
2535 329 2795 389 OPERA
2838 330 3102 391 DUBIA.

3819 337 3946 399 300

588 458 839 514 XXXIII.
887 458 1046 525 Quod
1101 462 1293 514 autem
1349 474 1482 515 vere
1539 459 1597 514 in
1658 458 1750 514 die
1796 458 2005 529 judicii
2038 473 2138 512 cur

2251 517 2255 524 _
2356 457 2591 513 XXXIII.
2626 459 2750 515 ’Ότι
2804 456 2862 513 δὲ
2921 454 3095 522 ὅντως
3151 460 3202 515 ἐν
3262 461 3444 537 ἡμέρᾳ
3510 462 3739 538 κρίσεως
3816 471 3945 528 ταῖς

514 546 686 602 bonis
744 547 1018 619 operibus
1070 547 1390 603 errantium
1446 552 1858 620 comparentur
1908 546 2166 603 actiones

514 637 991 707 cognoscentium
1049 637 1372 705 veritatem,
1434 653 1539 692 nos
1596 636 1794 692 docuit
1840 635 1937 706 qui
1977 635 2165 689 nescit

514 725 1020 795 mentiri,,dicens
1076 726 1149 780 ad
1207 742 1307 782 eos
1366 725 1603 797 quidem
1636 725 1734 797 qui
1793 724 2165 797 negligebant

511 814 705 869 venire
735 818 791 869 et
824 814 1025 869 audire
1075 814 1279 869 illum:
1340 816 1545 885 Regina
1591 816 1780 869 Austri
1826 820 2012 881 surget
2037 828 2163 866 cum

512 905 863 973 generatione
916 906 1043 971 ista,
1094 906 1146 960 et
1200 903 1583 959 condemnabit
1639 919 1779 973 eam,
1838 904 1971 974 quia
2016 901 2163 956 venit

511 1011 545 1048 a
563 994 771 1064 ﬁnibus
802 997 970 1050 terra?
996 994 1201 1049 audire
1227 995 1557 1066 sapientiam
1599 992 1927 1061 Salomonis,
1959 995 2014 1047 et
2043 1006 2161 1047 ecce

508 1083 803 1155 plusquam
850 1082 1124 1139 Salomon
1154 1081 1259 1151 hic,
1312 1092 1367 1138 et
1396 1098 1504 1139 non
1557 1081 1776 1137 creditis
1804 1082 1900 1153 (a).
1949 1080 2033 1134 Ad
2060 1096 2160 1135 eos

507 1188 640 1228 vero
671 1188 701 1228 e
733 1172 964 1244 populo,
990 1172 1089 1244 qui
1113 1171 1389 1228 nolebant
1408 1172 1479 1227 ad
1505 1170 1663 1226 illius
1687 1169 2155 1242 praedicationem

508 1276 677 1332 agere
731 1260 1157 1333 pmnitentiam,
1206 1261 1384 1315 dixit:
1450 1260 1564 1315 Viri
1618 1261 1882 1316 Nmivitae
1930 1262 2157 1328 surgent

504 1365 629 1405 cum
656 1353 1006 1421 generatione
1062 1350 1162 1405 hac
1216 1359 1267 1404 et
1320 1349 1757 1405 condemnabam
1796 1348 1973 1413 illam,
2022 1347 2155 1417 quia

500 1439 782 1495 audientes
836 1443 1061 1511 egerunt
1113 1441 1495 1509 paenitentiam
1573 1438 1647 1493 ad
1709 1437 2153 1509 medicationem

497 1531 675 1597 lenae,
705 1533 756 1585 et
786 1546 902 1585 ecce
926 1530 1054 1600 plus
1084 1530 1196 1595 hie,
1257 1533 1309 1583 et
1363 1544 1519 1583 nemo
1564 1527 1735 1582 credit
1789 1526 1883 1599 (b).
1940 1526 2151 1595 Sicque

499 1619 569 1673 ad
598 1635 829 1674 omnem
852 1634 1053 1673 eorum
1081 1616 1435 1689 impietatem
1461 1632 1760 1687 opponens
1779 1613 2147 1670 ethnicorum

497 1708 642 1762 bene
690 1712 1017 1778 operantes,
1077 1707 1135 1761 in
1194 1706 1738 1761 condemnationem
1799 1719 1999 1759 eorum
2047 1701 2147 1773 qui

496 1795 557 1851 in
587 1812 723 1852 vera
753 1794 1031 1868 religione
1089 1795 1375 1850 bonorum
1435 1810 1677 1865 operum
1738 1792 1983 1865 aequalia
2028 1807 2145 1846 non

496 1886 788 1941 faciebant
815 1884 1167 1953 errantibus,
1211 1883 1561 1939 admonebat
1618 1883 1904 1947 cordatos,
1939 1885 2003 1935 ut
2033 1896 2148 1934 non

495 1974 685 2030 solum
726 1974 1043 2029 bonitatem
1068 1972 1372 2045 gentilium
1396 1976 1695 2043 aequarent
1718 1970 2012 2042 operibus,
2047 1968 2149 2023 sed

497 2065 672 2120 etiam
731 2062 1048 2118 vincerent.
1112 2061 1251 2115 Mihi
1307 2065 1500 2116 autem
1562 2059 1728 2115 ﬂuxit
1783 2059 1877 2114 hic
1932 2072 2155 2137 sermo,

496 2154 797 2209 occasione
858 2156 1093 2223 accepta
1148 2168 1217 2206 ex
1272 2167 1360 2216 eo,
1421 2149 1578 2222 quod
1636 2153 1862 2221 oportet
1920 2164 2148 2204 servare

492 2247 726 2314 tempus
778 2240 1144 2313 purgationis
1202 2244 1259 2294 et
1316 2244 1446 2311 post
1501 2238 1875 2293 concubitum
1935 2253 2146 2309 corpus

494 2331 749 2397 abluere,
785 2347 891 2385 nec
920 2329 1165 2385 inﬁciari
1199 2329 1348 2383 hanc
1406 2326 1836 2393 castimoniam,
1880 2325 2014 2381 licet
2042 2326 2143 2397 qui

490 2421 791 2476 averitate
823 2420 1114 2488 aberrant,
1176 2416 1335 2471 illam
1395 2419 1823 2487 exsequantur:
1880 2415 2142 2486 quando-

489 2510 726 2582 quidem
759 2508 858 2580 qui
892 2508 949 2561 in
981 2523 1174 2562 errore
1205 2506 1350 2561 bene
1382 2509 1659 2577 agunt,et
1688 2521 1817 2560 vere
1844 2503 2141 2575 religionis

486 2597 756 2653 homines
804 2596 1217 2662 condemnant,
1267 2599 1324 2649 et
1355 2611 1469 2649 non
1518 2592 1839 2660 salvantur,
1874 2593 2013 2663 quia
2041 2609 2137 2648 ca-

484 2686 744 2743 stitatem
776 2684 977 2740 colunt
1007 2688 1242 2756 propter
1269 2699 1545 2748 errorem,
1596 2699 1708 2737 non
1739 2698 1872 2736 vero
1905 2685 2139 2752 propter

485 2774 763 2848 pietatem
797 2774 855 2829 in
888 2789 1087 2829 verum
1121 2777 1349 2828 Patrem
1384 2788 1448 2827 ac
1479 2771 1665 2826 Deum
1696 2775 2062 2825 cunctorum.

560 2952 798 3007 XXXIV.
831 2951 993 3015 Quod
1044 2966 1177 3005 cum
1232 2948 1495 3017 dixisset,
1535 2948 1739 3002 turbas
1791 2946 2033 3014 dimisit,
2080 2950 2137 3002 et

488 3058 555 3098 ex
586 3057 744 3097 more
798 3057 932 3095 cum
995 3038 1383 3094 familiaribus
1433 3038 1560 3093 cibo
1611 3041 1846 3108 sumpto
1895 3036 2132 3108 quievit.

2271 549 2381 599 τῶν
2413 545 2848 619 πεπλανημένων
2880 546 3147 611 εύποιίαις
3192 550 3248 603 αὶ
3299 555 3405 605 τῶν
3457 550 3715 622 ἀλήθειαν
3768 552 3937 630 ἐγνω-

2272 633 2446 689 κότων
2524 634 2794 704 ἷσάζονται
2883 638 3120 713 πράξεις,
3179 637 3339 701 αὐτὸς
3399 642 3547 712 ἡμᾶς
3605 641 3633 696 ὁ
3689 640 3935 716 ἀψευδής

2274 720 2534 794 ἐδίδαξεν,
2594 724 2760 778 εἰπὼν
2818 725 2954 801 πρὸς
3015 726 3108 800 μὲν
3165 726 3295 790 τοὺς
3352 728 3689 802 ἀμελοῦντας
3748 730 3928 796 ἐλθεῖν

2268 811 2357 866 καὶ
2437 812 2718 868 ἐπακούειν
2789 814 2973 869 αὐτοῦ·
3062 814 3355 872 Βασίλισσα
3436 818 3595 874 νότου
3700 818 3927 896 ἐγερθή-

2269 921 2414 955 σεται
2497 902 2631 975 μετά
2712 910 2813 972 τῆς
2899 910 3084 979 γενεᾶς
3165 905 3389 979 ταύτης,
3446 907 3537 962 καὶ
3616 915 3932 985 κατακρινεῖ

2268 989 2455 1062 αὐτὴν,
2516 990 2599 1046 δτι
2650 994 2696 1029 ⁸ο
2746 992 2913 1062 ἦλθεν
2969 993 3074 1048 ἀπὸ
3156 999 3264 1049 τῶν
3336 998 3581 1072 περάτων
3649 1000 3749 1067 τῆς
3814 1006 3924 1075 γῆς

2266 1077 2489 1134 ἀκοῦσαι
2546 1081 2644 1149 τὴν
2708 1081 2893 1160 σοφίαν
2970 1082 3324 1157 Σολομῶνος·
3382 1085 3473 1141 καὶ
3548 1083 3667 1140 ἰδοὺ
3725 1085 3922 1143 πλεῖον

2269 1167 2601 1242 Σολομῶνος
2664 1168 2790 1241 ὧδε,
2840 1171 2928 1226 καὶ
2986 1172 3048 1227 οὐ
3108 1174 3404 1231 πιστεύετε.
3454 1176 3595 1249 Πρὸς
3649 1173 3706 1231 δὲ
3764 1180 3923 1237 252

2262 1257 2389 1320 τοὺς
2448 1257 2499 1312 ἐν
2555 1264 2634 1332 τῷ
2690 1257 2810 1332 λαῷ
2870 1262 2946 1333 μή
3006 1261 3263 1324 θέλοντας
3325 1271 3651 1336 μετανοῆσαι
3698 1264 3785 1320 ἐπὶ
3842 1271 3926 1339 τῷ

2261 1346 2573 1423 κηρύγματι
2632 1347 2793 1403 αὐτοῦ
2851 1348 3015 1403 εἶπεν
3076 1347 3299 1427 Ἄνδρες
3359 1357 3631 1407 Νινευῖται
3678 1356 3724 1390 ⁹⁰
3764 1352 3923 1430 ἐγερ-

2263 1437 2517 1505 θήσονται
2608 1438 2743 1509 μετά
2818 1445 2917 1508 τῆς
2975 1445 3158 1513 γενεᾶς
3214 1440 3439 1509 ταύτης,
3495 1439 3583 1495 καὶ
3666 1463 3921 1518 κατακρι-

2259 1528 2438 1578 νοῦσιν
2526 1525 2693 1594 αὐτὴν
2726 1571 2740 1596 ,
2828 1526 2908 1581 δτι
2988 1526 3308 1591 ἀκούσαντες
3404 1530 3728 1602 μετενόησαν
3839 1531 3919 1594 εἷς

2256 1613 2317 1666 τὸ
2355 1616 2611 1690 κήρυγμα
2643 1616 2817 1669 Ἰωνᾶ’
2850 1617 2939 1671 καὶ
3001 1614 3120 1671 ἰδοὺ
3178 1616 3366 1673 πλεῖον
3428 1616 3554 1688 ὦδε,
3589 1620 3677 1674 καὶ
3734 1618 3916 1683 οὐδεὶς

2261 1704 2523 1760 πιστεύει.
2581 1703 2680 1758 Καὶ
2744 1704 2916 1766 οὕτως
2981 1706 3116 1780 πρὸς
3183 1713 3355 1761 πᾶσαν
3414 1703 3658 1763 ἀσέϐειαν
3738 1710 3918 1766 αὐτῶν

2256 1789 2629 1867 ἀπιπαραθείς
2683 1792 2810 1855 τοὺς
2868 1794 2974 1849 ἀπὸ
3024 1800 3132 1849 τῶν
3202 1795 3361 1851 ἐθνῶν
3421 1799 3463 1835 ⁰¹
3518 1799 3916 1871 πεποιηκότας,

2263 1879 2338 1941 εἷς
2364 1882 2677 1957 κατάκρισιν
2707 1886 2815 1936 τῶν
2850 1882 2901 1938 έν
2936 1878 3211 1956 θεοσεϐείᾳ
3253 1883 3393 1957 μηδὲ
3446 1886 3509 1941 τὸ
3570 1883 3681 1941 ἴσον
3741 1886 3914 1943 καλὸν

2260 1974 2375 2031 τοῖς
2426 1968 2866 2043 πεπλανημένοις
2918 1974 3319 2045 πεποιηκότων,
3366 1974 3495 2037 τοὺς
3536 1970 3763 2051 ἔχοντας
3819 1976 3916 2033 λο-

2256 2058 2451 2132 γισμὸν
2486 2057 2771 2132 ἐνουθέτει,
2810 2061 2885 2134 μὴ
2922 2060 3083 2133 μόνον
3130 2062 3228 2116 ὅσα
3276 2069 3395 2125 τοῖς
3443 2058 3609 2119 ἔθνεσι
3650 2066 3719 2120 τὰ
3765 2064 3913 2121 καλά

2258 2142 2387 2208 ἴσως
2419 2153 2616 2217 ποιεῖν,
2650 2146 2795 2203 ἀλλά
2822 2149 2885 2204 τὸ
2915 2148 3123 2207 πλεῖον.
3156 2156 3209 2205 '0
3259 2147 3316 2205 δὲ
3348 2148 3515 2226 λόγος
3560 2173 3651 2225 μοι
3713 2152 3909 2229 ἐρῥύη,

2253 2234 2520 2312 πρόφασιν
2555 2232 2737 2291 λαϐὼν
2770 2237 2829 2293 ἐκ
2857 2242 2954 2292 τοῦ
2995 2235 3104 2293 δεῖν
3155 2237 3442 2318 φυλάσσειν
3502 2242 3601 2310 τήν
3653 2242 3908 2319 ἅφεδρον,

2253 2323 2343 2378 καὶ
2392 2324 2496 2378 ἀπὸ
2561 2325 2842 2388 κοινωνίας
2909 2326 3279 2403 βαπτίζεσθαι,
3332 2328 3409 2400 μὴ
3472 2327 3742 2405 ἀρνεῖσθαι
3801 2332 3907 2401 τὴν

2249 2411 2504 2484 τοιαύτην
2564 2413 2791 2489 ἀγνείαν,
2829 2413 2924 2470 κᾶν
2951 2416 3002 2470 οἱ
3047 2414 3453 2489 πεπλανημένοι
3508 2417 3675 2486 αὐτὴν
3730 2418 3906 2494 πράτ-

2246 2522 2410 2557 τωσιν
2447 2505 2512 2570 θ’,
2546 2501 2635 2557 ὅτε
2694 2504 2769 2565 είς
2816 2505 3129 2581 κατάκρισιν
3186 2509 3293 2560 τῶν
3356 2505 3406 2560 ὲν
3462 2502 3735 2579 θεοσεϐείᾳ
3766 2507 3903 2562 εἲσίν

2248 2590 2300 2644 οἱ
2349 2589 2400 2645 έν
2441 2589 2619 2666 πλάνῃ
2674 2597 2952 2655 ποιοῦντες
3010 2591 3197 2656 καλῶς
3260 2595 3393 2667 μετὰ
3438 2599 3534 2649 τοῦ
3598 2596 3673 2669 μὴ
3733 2597 3903 2666 σώζε-

2247 2680 2385 2733 σθαιο
2445 2679 2528 2735 ὅτι
2582 2683 2616 2750 ἡ
2672 2683 2808 2754 τιμή
2857 2685 2953 2751 τῆς
3012 2683 3219 2758 ἁγνείας
3263 2688 3437 2738 αὐτῶν
3486 2683 3595 2739 ἐστι
3648 2682 3737 2740 διὰ
3791 2687 3895 2755 τὴν

2244 2766 2480 2839 πλάνην,
2512 2770 2600 2824 καὶ
2634 2769 2694 2825 οὐ
2729 2768 2816 2825 διὰ
2847 2771 3131 2847 θρησκείαν
3182 2776 3278 2827 τοῦ
3326 2768 3493 2836 ὅντως
3546 2776 3757 2850 [ἰατρὸς
3804 2775 3899 2831 καὶ

2245 2862 2377 2911 Θεοῦ
2406 2862 2510 2913 τῶν
2545 2857 2712 2916 ὅλων.

2314 2948 2547 3004 XXXIV.
2596 2952 2765 3002 Τοῦτο
2824 2945 2881 3003 δὲ
2942 2947 3133 3019 εἰπὼν,
3191 2947 3425 3005 ἀπέλυσε
3479 2950 3605 3014 τοὺς
3663 2947 3894 3027 ὄχλους,

2241 3034 2330 3088 καὶ
2387 3037 2632 3107 συνήθως
2682 3036 2826 3091 ἀλῶν
2875 3036 2965 3091 σὺν
3011 3043 3128 3100 τοῖς
3196 3037 3479 3116 φιλτάτοις
3545 3037 3894 3115 μεταλαϐὼν,

486 3133 573 3186 Ita
602 3147 737 3203 ergo
770 3128 983 3185 faciens
1014 3133 1070 3183 et
1117 3126 1375 3199 quotidie
1405 3127 1719 3193 disserens,
1770 3125 2133 3181 accessiones

2251 3122 2534 3199 ἡσύχασεν.
2583 3124 2765 3187 Οὕτως
2814 3122 2909 3179 οὖν
2959 3130 3131 3181 ποιῶν
3181 3127 3269 3181 καὶ
3332 3125 3721 3204 διαλεγόμενος
3781 3131 3901 3186 ἐκά-

485 3201 690 3275 firmas
717 3218 829 3291 legi
860 3218 959 3273 Dei
992 3216 1255 3283 adduxit,
1302 3219 1535 3287 putatos
1583 3214 1721 3270 deos
1752 3230 1885 3269 cum
1917 3212 2135 3269 credita

2251 3231 2419 3279 στοτε,
2453 3214 2815 3288 προσαγωγὰς
2863 3215 2975 3286 (34)
3018 3214 3155 3269 κατὰ
3203 3215 3266 3269 τὸ
3325 3201 3539 3290 βέϐαιον
3566 3201 3570 3202 7
3597 3218 3897 3297 προσέφερε

484 3310 682 3381 genesi
715 3309 1046 3374 confutans,
1079 3306 1510 3377 ostendensque
1532 3304 1908 3359 temerarium
1937 3320 2132 3358 rerum

485 3415 683 3454 casum
721 3413 1090 3469 nequaquam
1119 3411 1268 3461 esse,
1295 3395 1395 3450 sed
1420 3394 1705 3474 mundum
1734 3409 1803 3448 ex
1828 3392 2135 3447 Providen-

478 3487 561 3542 tia
590 3485 923 3560 gubernari.

548 3664 761 3720 XXXV.
796 3662 1114 3734 Completis
1150 3677 1307 3733 ergo
1364 3661 1554 3715 tribus
1616 3659 1938 3729 mensibus,
1991 3676 2125 3715 cum

474 3770 577 3826 per
608 3753 732 3809 dies
754 3751 1033 3824 jussisset
1084 3765 1177 3805 me
1215 3750 1503 3820 jejunare,
1557 3749 1777 3802 ducens
1834 3749 1905 3803 ad
1937 3751 2127 3805 fontes

474 3843 655 3897 maris
687 3841 907 3896 vicinos
962 3838 1113 3894 utin
1175 3837 1413 3909 perenni
1463 3853 1614 3908 aqua
1674 3836 2002 3908 baptizavit.
2034 3837 2126 3893 Sic

473 3930 654 4002 igitur
686 3929 965 3985 fratribus
998 3927 1214 3983 nostris
1272 3926 1489 3982 feriatis
1542 3942 1607 3981 ac
1640 3924 1785 3980 laatis
1844 3942 1946 3997 pro
1978 3926 2123 3980 mihi

474 4036 507 4075 a
537 4019 652 4075 Deo
686 4035 964 4074 concessa
1011 4016 1269 4072 secunda
1316 4016 1636 4082 nativitate,
1687 4014 1889 4069 Petrus
1922 4014 2121 4085 paucis

472 4114 605 4179 post
634 4108 842 4163 diebus
874 4122 1185 4161 conversus
1233 4105 1302 4159 ad
1336 4104 1704 4175 presbyteros
1735 4118 1928 4157 coram
1960 4104 2118 4158 omni

472 4196 726 4252 Ecclesia
756 4195 1049 4267 praecepit,
1083 4194 1282 4249 dicens
1312 4210 1323 4248 :
1360 4193 1467 4257 Qui
1504 4193 1665 4248 misit
1697 4207 1802 4247 nos
1835 4191 2120 4248 Dominus

469 4290 668 4341 noster
697 4289 754 4339 et
784 4284 1084 4355 propheta,
1119 4282 1373 4337 narravit
1400 4282 1586 4351 nobis,
1621 4281 2117 4353 quemadmodum

466 4373 737 4429 diabolus
797 4371 1184 4445 quadraginta
1241 4372 1446 4426 diebus
1478 4387 1612 4425 cum
1669 4386 1736 4426 eo
1768 4369 2114 4436 collocutus,

462 4464 727 4535 nihilque
759 4467 961 4518 contra
990 4461 1209 4527 valens,
1234 4461 1565 4533 promiserit
1590 4478 1652 4515 se
1679 4478 1747 4515 ex
1773 4460 1897 4514 suis
1928 4466 2112 4515 secta-

456 4552 685 4608 toribus
716 4551 1009 4623 apostolos
1067 4550 1136 4606 ad
1199 4549 1463 4605 fraudem
1526 4548 1848 4604 faciendam
1890 4547 2108 4603 missu-
2141 4570 2186 4633 Β

456 4658 612 4698 rum.
647 4644 834 4708 Quare
865 4644 997 4696 ante
1028 4640 1227 4695 omnia
1250 4654 1537 4694 memores
1563 4642 1747 4694 estote
1769 4637 1935 4692 illum
1967 4654 2106 4709 apo-

456 4731 673 4787 stolum
704 4730 792 4786 vel
853 4729 1203 4801 magistrum
1235 4728 1322 4784 vel
1380 4727 1724 4800 prophetam
1758 4727 1976 4799 fugere,
2008 4726 2107 4799 qui

522 4873 601 4948 (a)
630 4872 838 4930 Matth.
871 4890 974 4942 xu,
1002 4872 1092 4928 42.
1172 4871 1247 4944 (b)
1280 4872 1420 4941 Luc,
1450 4888 1529 4944 χι,
1563 4871 1653 4926 32.

2240 3304 2319 3371 τῷ
2348 3306 2442 3355 τοῦ
2483 3306 2616 3356 Θεοῦ
2663 3302 2837 3375 νόμῳ,
2870 3301 2999 3364 τοὺς
3044 3305 3436 3376 νομιζομένους
3492 3306 3627 3378 μετᾶ
3668 3314 3767 3376 τῆς
3810 3330 3898 3363 νο-

2244 3391 2542 3462 μιζομένης
2601 3392 2859 3465 γενέσεως
2916 3389 3185 3468 ἐλέγχων,
3213 3393 3304 3448 καὶ
3348 3393 3430 3448 ὅτι
3481 3394 3892 3471 αὐτοματισμὸς

2243 3479 2337 3552 μὲν
2372 3479 2470 3534 οὐκ
2507 3476 2669 3553 ἔστιν,
2700 3479 2845 3536 ἀλλὰ
2890 3482 3027 3536 κατᾶ
3074 3480 3334 3557 Πρόνοιαν
3380 3481 3667 3540 διοικεῖται
3713 3486 3741 3541 ὁ
3789 3487 3892 3542 κό-

2239 3588 2396 3640 σμος.

2308 3661 2525 3713 XXXV.
2559 3661 2732 3731 Τριῶν
2780 3655 2869 3712 οῦν
2929 3662 3114 3731 μηνῶν
3191 3658 3613 3732 πληρωθέντων,
3659 3668 3882 3735 νηστεῦ-

2233 3743 2322 3799 σαί
2382 3767 2477 3819 μοι
2522 3745 2777 3809 κελεύσας
2809 3749 3054 3821 ἡμερῶν,
3088 3750 3242 3807 25⁸
3274 3748 3489 3825 ἀγαγών
3550 3773 3617 3824 με
3671 3752 3748 3815 εἷς
3788 3754 3883 3817 τάς

2234 3832 2285 3887 έν
2334 3838 2402 3909 τῇ
2461 3833 2697 3909 θαλάσσῃ
2753 3833 2985 3906 πλησίον
3041 3834 3201 3900 οὔσας
3258 3839 3456 3914 πηγὰς,
3490 3839 3566 3901 ὡς
3623 3840 3699 3903 εἷς
3757 3840 3885 3896 ἀέν-

2229 3940 2350 3975 ναον
2402 3924 2447 3957 ³³
2495 3917 2773 3977 ἐϐάπτισεν
2851 3920 3019 3999 ὕδωρ.
3082 3924 3266 3987 Οὕτως
3328 3923 3419 3980 οὖν
3485 3926 3880 4003 εύωχηθέντων

2229 4015 2334 4064 τῶν
2368 4008 2615 4088 ἀδελφῶν
2665 4014 2825 4085 ἡμῶν
2878 4011 2964 4067 ἐπὶ
3011 4017 3079 4086 τῇ
3130 4011 3459 4090 θεοδωρήτῳ
3514 4038 3616 4088 μου
3660 4018 3880 4094 ἀναγεν-

2228 4101 2400 4171 νήσει,
2465 4102 2579 4173 μετ’
2625 4100 2687 4155 ού
2746 4099 2959 4164 πολλάς
3014 4102 3224 4179 ἡμέρας
3300 4110 3418 4166 τοῖς
3488 4101 3877 4183 πρεσϐυτέροις

2227 4187 2558 4266 ἐπιστρέφων
2623 4189 2708 4243 ἐπὶ
2766 4190 2943 4261 πάσης
3012 4198 3115 4261 τῆς
3172 4190 3495 4261 Ἐκκλησίας
3570 4194 3876 4251 ἐνετείλατο

2228 4275 2421 4352 λέγων·
2456 4279 2516 4336 Ὀ
2562 4277 2888 4341 ἀποστείλας
2936 4282 3085 4353 ἡμᾶς
3136 4280 3332 4357 Κύριος
3380 4284 3538 4354 ἡμῶν
3588 4284 3679 4338 καὶ
3737 4306 3879 4361 προ·

2226 4369 2403 4444 φήτης
2437 4367 2751 4445 ὑφηγήσατο
2809 4371 2969 4441 ἡμῖν,
3001 4370 3077 4432 ὡς
3126 4371 3154 4424 ὁ
3203 4371 3442 4447 πονηρὸς
3478 4374 3875 4447 τεσσαράκοντα

2222 4457 2432 4531 ἡμέρας
2484 4454 2793 4533 διαλεχθεὶς
2840 4457 2986 4531 αὐτῷ
3033 4458 3122 4513 καὶ
3189 4456 3358 4532 μηδὲν
3428 4456 3673 4530 δυνηθεὶς
3740 4464 3878 4539 πρὸς

2224 4544 2404 4613 αὐτὸν,
2437 4545 2496 4600 ἐκ
2542 4550 2647 4600 τῶν
2696 4545 2860 4601 αύτοῦ
2913 4546 3164 4615 ἐπηκόων
3216 4550 3261 4584 ⁰⁴
3306 4548 3679 4625 ’ἐπηγγέλλετο
3733 4552 3875 4627 πρὸς

2219 4635 2426 4704 ἀπάτην
2459 4632 2801 4697 ἀποστόλους
2847 4638 3079 4710 πέμψαι.
3113 4638 3207 4691 Διὸ
3247 4636 3355 4713 πρὸ
3398 4637 3610 4693 πάντων
3656 4639 3872 4712 μέμνη-

2218 4734 2308 4788 σθε
2354 4722 2657 4779 ἀπόστολον
2688 4725 2796 4793 “ii
2848 4722 3171 4782 διδάσκαλον
3222 4726 3259 4795 ἢ
3312 4727 3602 4806 προφήτην
3652 4728 3868 4807 φεύγειν

1800 4985 2042 5041 VARle
2084 4985 2385 5043 LECTION
2392 4984 2498 5041 ES.

518 5087 564 5122 ⁸⁸
621 5083 705 5139 ὅτι
753 5102 870 5141 om.
926 5085 990 5141 Ο.
1067 5085 1111 5120 ⁹⁰
1167 5086 1414 5136 Νινευῖτα
1465 5086 1528 5140 Ο.

1606 5084 1649 5119 θι
1709 5086 1847 5139 Post
1902 5081 2067 5136 ἐθνῶν
2123 5082 2458 5139 addendum
2514 5081 2645 5137 fort.
2707 5076 2763 5135 εὖ
2820 5080 2909 5137 vel
2965 5077 3151 5144 καλῶς

3201 5086 3334 5153 post
3381 5081 3753 5153 πεποιηκότας
3801 5090 3859 5143 8.

524 5156 849 5232 πράττωσιν
888 5162 923 5211 S
982 5156 1047 5232 ς),
1096 5154 1418 5232 πράττουσιν
1475 5161 1533 5210 C.
1611 5155 1771 5232 93Ita
1928 5172 1975 5232 φ.
2040 5151 2344 5232 8,.ἀέναον
2515 5154 2592 5232 Α⁰⁴
2641 5153 2781 5232 _Leg.
2844 5147 3100 5232 ὑπηκόων
3136 5147 3220 5232 ἐξ
3249 5225 3266 5232 _
3295 5155 3367 5232 “_
3396 5147 3737 5232 ἀποστόλους

447 5218 623 5305 '_l‘uu'i_
653 5228 852 5305 addidi
902 5218 1241 5305 φεύγέιν’θχ
1293 5227 1645 5298 conjectura,
1678 5218 2095 5298 inscripsique'
2124 5224 2345 5281 lacunaa
2400 5225 2459 5280 in
2509 5224 2553 5281 Ο
2600 5218 2778 5280 οὺνῖἁδ
2825 5218 2951 5280 voc;
2982 5218 3290 5298 [ἀκριϐῶς].
3322 5225 3497 5283 Tacet
3532 5227 3573 5282 C
3602 5228 3673 5284 de
3728 5230 3856 5285 cod.

444 5301 777 5357 Parisiensi.

1820 5394 2196 5452 VARIORUM
2236 5392 2467 5451 NOT/E.

509 5520 622 5597 (34)
676 5520 1042 5597 Ιῖροσαγωγάς
1075 5593 1089 5597 Δ
1116 5518 1498 5597 προσέφερεν.Δ
1540 5520 1625 5576 Ad
1685 5519 1925 5597 verbum
1980 5520 2089 5597 _sic

435 5590 630 5663 verte:
667 5590 886 5663 Divinw'
909 5590 1017 5662 legi
1054 5590 1244 5663 ﬁrmas
1289 5590 1519 5649 adduxit
1574 5594 1904 5663 accessiones
1925 5608 1946 5653 ;
1980 5590 2088 5647 hoe

440 5667 549 5734 est,
582 5661 848 5721 homines
876 5661 1190 5723 nonnullos
1220 5664 1304 5723 ita
1331 5663 1632 5737 convertit,
1692 5667 1755 5721 ut
1782 5662 1844 5721 in
1893 5666 2089 5736 poste-

2200 5536 2331 5574 rum
2367 5517 2574 5573 divinae
2606 5516 2941 5575 revelationi
2985 5535 3057 5574 ex
3086 5518 3281 5575 animo
3334 5519 3636 5575 crederent
3665 5523 3720 5575 et
3749 5520 3857 5575 ad-

2200 5590 2509 5647 haarerent.
2540 5589 2737 5646 ΒΑνιε.
