4112 6344
179 365 297 427 301

183 498 261 568 μὴ
346 495 610 572 πρότερον

174 588 447 660 κήρυγμα
498 579 743 657 Ἰακώϐῳ
791 586 872 657 τῷ
917 584 1162 661 λεχθέντι
1214 584 1433 664 ἀδελφῷ
1486 591 1583 641 τοῦ
1643 586 1844 663 Κυρίου

182 696 291 746 μου
322 674 413 729 καὶ
458 672 872 747 πεπιστευμένῳ
922 674 971 729 έν
1024 674 1386 750 Ἰερουσαλὴμ
1432 677 1531 744 τήν
1581 670 1843 752 Ἐϐραίων

174 761 387 819 διέπειν
439 761 790 834 Ἐκκλησίαν,
832 764 921 818 καὶ
977 765 1111 837 μετά
1160 768 1202 802 ⁰⁶
1255 765 1540 839 μαρτύρων
1573 764 1846 841 προσελη-

172 852 382 908 λυθότα
430 854 565 928 πρὸς
624 852 787 925 ὑμᾶς,
842 851 937 906 ’ίνα
993 854 1068 925 μὴ
1129 856 1163 923 ἡ
1223 854 1385 908 κακία
1442 856 1476 923 ἡ
1528 859 1608 926 τῷ
1661 854 1844 928 Κυρίῳ

171 939 676 1017 προσδιαλεχθεῖσα
736 944 779 978 ⁸⁷
856 943 1069 1017 ἡμέρας
1136 943 1534 1016 τεσσαράκοντα
1584 989 1597 1015 ,
1673 940 1840 1016 μηδὲν

175 1028 491 1100 δυνηθεῖσα,
525 1030 768 1105 ὕστερον,
821 1031 895 1092 ὡς
947 1030 1196 1107 ἀστραπὴ
1250 1030 1300 1102 ἐξ
1352 1030 1580 1107 ούρανοῦ
1613 1030 1698 1086 ἐπὶ
1736 1038 1842 1106 γῆς

171 1122 439 1187 πεσοῦσα,
469 1120 587 1172 καθ’
619 1118 772 1191 ὐμῶν
803 1116 1055 1191 ἐκπέμψῃ
1103 1120 1335 1193 κήρυκα,
1370 1119 1444 1180 ὡς
1495 1119 1587 1172 οὗν
1629 1121 1671 1155 9⁸
1703 1120 1837 1191 ἡμῖν

171 1210 267 1263 τὸν
300 1208 533 1280 Σίμωνα
560 1202 800 1263 ὑπέϐαλε
830 1207 1095 1285 προφάσει
1128 1206 1382 1277 ἀληθείας
1414 1206 1495 1261 ἐπ’
1537 1207 1765 1280 ὀνόματι
1796 1211 1841 1245 ⁹⁹

172 1303 270 1353 τοῦ
332 1297 536 1371 Κυρίου
595 1297 748 1370 ὐμῶν
804 1296 1176 1371 κηρύσσοντα,
1234 1296 1445 1367 πλάνην
1500 1318 1558 1351 τε
1612 1296 1838 1352 ένσπεί-

172 1408 344 1463 ροντα
381 1389 470 1443 ¹⁰⁰.
502 1386 580 1443 Οὗ
632 1387 794 1462 χάριν
826 1386 854 1440 6
903 1384 1230 1446 ἀποστείλας
1277 1388 1423 1458 ἡμᾶς
1469 1384 1592 1464 ἔφη’
1627 1384 1838 1441 Πολλοὶ

171 1475 496 1531 ἐλεύσονται
556 1474 693 1549 πρὸς
759 1494 825 1547 με
884 1473 934 1528 ἐν
982 1472 1239 1547 ἐνδύμασι
1274 1478 1289 1510 ¹
1325 1477 1479 1533 254
1527 1470 1837 1549 προϐάτων,

170 1563 367 1619 ἔσωθεν
406 1561 464 1618 δέ
498 1562 597 1617 εῗσι
632 1562 792 1619 λύκοι
820 1560 1076 1638 ἅρπαγες’
1111 1562 1218 1617 ἀπὸ
1263 1566 1367 1617 τῶν
1410 1568 1631 1639 καρπῶν
1663 1563 1837 1619 αὐτῶν

172 1654 540 1729 ἐπιγνώσεσθε
564 1656 586 1688 ²
620 1652 838 1715 αὐτούς.

244 1743 486 1799 XXXVI.
526 1741 627 1797 Καὶ
673 1739 841 1795 ταυτα
895 1740 1060 1795 εἰπὼν
1121 1739 1250 1801 τοὺς
1310 1742 1402 1813 μὲν
1437 1742 1842 1817 προπομποὺςδ

176 1832 477 1903 ἐξέπεμψεν
514 1830 588 1891 εἷς
629 1829 971 1904 Ἀντιόχειαν
1019 1836 1119 1898 τῆς
1172 1828 1393 1902 Συρίας,
1429 1829 1539 1885 ἐκεῖ
1564 1832 1664 1899 τὴν
1712 1831 1836 1887 ἐπο-
1870 1864 1917 1928 Β

178 1923 345 1994 μένην
408 1919 680 1991 ἐπιμένειν
734 1919 919 1974 εἰπών.
965 1922 1080 1972 Τῶν
1133 1916 1223 1973 οὖν
1270 1919 1635 1994 πορευθέντων
1684 1922 1711 1975 6
1743 1920 1838 1977 Ηέ-

172 2030 299 2085 τρος
330 2006 566 2062 πολλῶν
619 2008 991 2080 πεπεισμένων
1047 2003 1237 2083 ὄχλων
1268 2008 1478 2076 νόσους,
1512 2009 1679 2079 πάθη,
1717 2008 1838 2065 δαί-

180 2119 351 2171 μονας
405 2096 700 2161 ἀπελάσας,
742 2098 832 2151 καὶ
883 2097 959 2158 εἷς
1011 2098 1106 2158 τὰς
1152 2095 1204 2151 ἐν
1252 2101 1319 2170 τῇ
1353 2100 1374 2133 ⁴
1406 2094 1645 2171 θαλάσσῃ
1690 2096 1837 2169 πλη-

178 2188 290 2241 σίον
327 2183 495 2247 οὔσας
525 2186 705 2260 πηγὰς
741 2184 1025 2261 βαπτίσας,
1055 2186 1142 2239 καὶ
1176 2184 1519 2261 εὐχαριστίαν
1561 2185 1763 2250 κλάσας
1795 2190 1837 2257 ⁸,

176 2276 473 2349 Μαροόνην
506 2276 597 2329 τὸν
633 2272 1028 2347 ἀποδεξάμενον
1062 2273 1240 2346 αὐτὸν,
1266 2271 1375 2344 ἤδη
1405 2274 1598 2330 λοιπὸν
1628 2276 1836 2331 τέλειον

174 2362 323 2437 ὄντα,
384 2364 678 2419 ἐπίσκοπον
726 2365 1067 2433 καταστήσας
1128 2364 1217 2418 καὶ
1270 2358 1662 2439 πρεσϐυτέρους
1732 2362 1838 2419 δώ-

175 2453 302 2509 δεκα
336 2454 524 2527 ὁρίσας
554 2453 642 2507 καὶ
689 2450 969 2513 διακόνους
1020 2449 1190 2525 δείξας
1234 2452 1322 2507 καὶ
1356 2454 1604 2530 χφηρικά
1650 2475 1843 2525 συστη-

174 2545 434 2615 σάμενος,
488 2541 619 2614 ὑπέρ
666 2561 724 2595 τε
768 2545 864 2594 τοῦ
913 2545 1097 2595 κοινοῦ
1145 2540 1235 2595 καὶ
1267 2544 1288 2577 ⁸
1328 2541 1695 2619 συμφέροντος
1741 2550 1839 2612 τῆς

173 2631 510 2701 Ἐκκλησίας
556 2629 624 2704 τῇ
663 2630 807 2700 τάξει
856 2628 1301 2705 προσομιλήσας,
1334 2632 1423 2685 καὶ
1452 2636 1530 2703 τῷ
1560 2631 1839 2706 έπισκόπῳ

177 2719 438 2795 Μαροόνῃ
486 2719 764 2781 πείθεσθαι
813 2713 1252 2790 συμϐουλεύσας,
1296 2717 1405 2789 ἤδη
1453 2726 1617 2795 τριῶν
1655 2726 1841 2793 μηνῶν

177 2808 589 2885 πληρωθέντων
620 2813 736 2868 τοῖς
770 2807 819 2861 ἐν
850 2806 1111 2883 Τριπόλει
1141 2814 1241 2875 τῆς
1274 2809 1537 2879 Φοινίκης
1580 2810 1842 2880 ἀποταξά-

183 2919 389 2973 μενος,
442 2898 543 2965 τὴν
589 2896 675 2950 ἐπὶ
734 2897 1075 2971 ’Δντιόχειαν
1133 2904 1232 2965 τῆς
1294 2897 1493 2971 Συρίας
1554 2898 1840 2975 ἐπορεύετο

183 2985 332 3059 ὁδὸν,
387 2985 605 3041 πάντων
658 2987 807 3057 ἡμᾶς
855 2984 1292 3059 προπεμπόντων
1337 2986 1470 3058 μετὰ
1496 2994 1596 3056 τῆς
1636 3008 1841 3065 προση-

185 3076 395 3146 κούσης
424 3081 596 3148 τιμῆς
622 3077 665 3130 ⁷.

809 3252 1073 3309 ὈΜῙΛΙΑ
1118 3252 1217 3308 ΙΒ’.

242 3350 281 3399 I.
311 3337 605 3403 Ἐκϐάντες
637 3341 729 3395 οὗν
763 3342 862 3409 τὴν
894 3340 1157 3414 Τρίπολιν
1187 3348 1287 3411 τῆς
1319 3342 1604 3413 Φοινίκης,
1637 3344 1713 3406 ὡς
1753 3343 1841 3415 ἐπὶ

167 3430 519 3506 ’Δντιόχειαν
550 3437 649 3499 τῆς
682 3428 884 3503 Συρίας
931 3428 1129 3500 ἐλθεῖν,
1163 3430 1332 3499 αὐτῆς
1386 3432 1598 3509 ἡμέρας
1632 3432 1682 3487 ἐν
1711 3434 1841 3509 Ὁρ-

168 3521 343 3590 θωσία
379 3518 669 3591 ἐμείναμεν
728 3516 998 3581 ἐλθόντες.
1029 3519 1126 3573 Καὶ
1177 3522 1329 3579 255
1378 3518 1467 3574 διὰ
1515 3522 1575 3575 τὸ
1607 3520 1842 3593 πλησίον

167 3610 302 3664 εἶναι
334 3610 405 3678 ἧς
437 3606 743 3680 ἐξήλθομεν
798 3606 1037 3676 πόλεως,
1089 3608 1307 3663 πάντων
1358 3608 1553 3685 σχεδὸν
1601 3632 1843 3683 προακη-

169 3699 389 3753 κοότων
414 3701 515 3751 τοῦ
543 3696 920 3770 κηρύγματος,
976 3703 1100 3769 μιᾶς
1147 3698 1357 3773 ἡμέρας
1391 3698 1503 3754 ἐκεῖ
1551 3700 1839 3774 μείναντες,

164 3788 463 3861 ἀπήραμεν
498 3783 573 3845 εἷς
608 3781 932 3858 Ἀντάραδον
979 3788 1021 3840 ⁸.
1078 3784 1313 3841 Πολλῶν
1349 3784 1405 3841 δὲ
1448 3792 1555 3842 τῶν
1590 3788 1837 3844 συνοδοι-

162 3877 490 3951 πορούντων
536 3875 672 3945 ἡμῖν
703 3869 898 3943 ὄντων,
932 3874 959 3927 ὁ
992 3876 1198 3949 Πέτρος
1252 3878 1460 3949 Νικήτῃ
1510 3876 1598 3931 καὶ
1634 3878 1842 3950 ’Δκύλᾳ

164 3961 520 4040 προσωμίλει
570 3961 767 4035 λέγων·
819 3959 1043 4031 Ἐπειδὴ
1096 3963 1270 4026 πολὺς
1322 3959 1495 4040 ὄχλος
1548 3970 1655 4019 τῶν
1690 3987 1842 4020 συνο-

168 4050 583 4126 δοιπορούντων
638 4050 699 4104 ού
754 4050 947 4125 μικρὸν
997 4051 1186 4129 φθόνον
1240 4054 1378 4124 ἡμῖν
1430 4052 1656 4108 εἰσιοῦσι
1707 4055 1842 4109 κατά

165 4142 335 4197 πόλιν
399 4139 748 4205 ἐπισπᾶται,
791 4138 1096 4214 ἀναγκαίως
1160 4139 1472 4213 ἐσκεψάμην
1535 4141 1837 4219 φροντίσαι,

170 4237 287 4292 πῶς
338 4230 481 4301 μήτε
520 4227 669 4282 οὗτοι
710 4226 995 4298 λυπηθῶσι
1033 4228 1371 4291 κωλυθέντες
1413 4236 1642 4285 συνεῖναι
1678 4233 1837 4304 ἡμῖν,

175 4321 318 4389 μήτε
341 4320 531 4389 ἡμεῖς,
566 4311 923 4391 περίϐλεπτοι
954 4317 1247 4394 γινόμενοι,
1284 4318 1465 4395 φθόνῳ
1495 4324 1573 4391 τῷ
1611 4328 1709 4389 τῆς
1741 4342 1837 4375 κα-

170 4407 292 4467 κίας
328 4407 718 4478 ὑποπέσωμεν.
751 4406 956 4460 Τούτου
1003 4403 1179 4461 ἕνεκεν
1216 4405 1490 4483 βούλομαί
1520 4429 1578 4462 σε
1615 4409 1707 4463 τὸν
1742 4416 1835 4463 Νι-

172 4498 354 4564 κήτην
406 4492 497 4549 καί
550 4492 785 4549 Ἀκύλαν
840 4492 1155 4570 προοδεύειν
1209 4517 1313 4569 μου
1343 4496 1479 4551 κατά
1525 4500 1840 4571 συστήματα

1310 368 1843 429 CLEMENTINA.
1876 400 1953 413 ——
1981 370 2309 430 HOMILIA
2353 370 2488 429 XII.

694 490 995 573 [ἀκριϐῶς]
1073 491 1473 553 ἀντιϐάλλοντα
1552 497 1714 552 αὐτοῦ
1785 499 1839 553 τὸ

1962 517 2076 556 non
2110 500 2272 573 prius
2304 500 2772 573 prmdicationem
2822 516 2991 555 suam
3038 500 3479 572 doctrinamque
3509 518 3603 556 ac-

3486 373 3605 433 302

1958 595 2159 645 curate
2190 590 2499 646 contulerit
2538 606 2671 645 cum
2720 589 2957 656 Jacobo,
3018 590 3172 644 dicto
3227 589 3453 645 Domini
3490 589 3603 645 mei

1956 678 2153 745 fratre,
2179 680 2271 733 cui
2304 679 2588 733 creditum
2623 682 2711 733 est
2741 677 3005 733 Ecclesiae
3053 677 3425 733 Hebraeorum
3483 678 3610 734 Hie-

1955 767 2390 838 rosolymitanw
2423 768 2703 838 regimen,
2738 781 2841 821 nec
2868 767 2936 821 ad
2971 782 3071 820 vos
3110 768 3330 821 venerit
3355 783 3487 821 cum
3520 771 3605 821 te-

1956 857 2165 912 stibus.
2210 856 2290 911 Ne
2349 856 2494 911 forte
2554 854 2795 921 malitia,
2852 872 2978 926 qua:
3018 871 3153 909 cum
3211 855 3457 911 Domino
3506 872 3608 927 per

1954 946 2344 1017 quadraginta
2370 944 2494 999 dies
2518 943 2883 1015 disceptavit,
2920 960 3023 998 nec
3042 943 3365 1015 quidquam
3395 944 3603 1015 potuit,

1952 1034 2226 1106 deinceps
2273 1033 2433 1089 velut
2480 1031 2679 1105 fulgur
2733 1049 2764 1087 e
2823 1031 2965 1087 cmlo
3020 1031 3081 1086 in
3137 1036 3322 1088 terras
3370 1031 3609 1104 delapsa

1951 1127 2155 1177 contra
2186 1140 2287 1177 vos
2328 1122 2525 1177 mittat
2558 1137 2907 1192 praeconem,
2943 1122 3098 1175 sicut
3157 1121 3326 1176 nobis
3359 1120 3609 1176 immisit

1952 1212 2275 1281 Simonem,
2312 1215 2593 1283 praetextu
2645 1209 2909 1266 veritatis
2966 1210 3025 1263 in
3085 1210 3323 1264 nomine
3375 1208 3608 1264 Domini

1950 1299 2134 1356 nostri
2174 1300 2587 1372 praedicantem
2650 1303 2824 1370 atque
2880 1315 3137 1353 errorem
3191 1298 3602 1353 seminantem.

1950 1391 2075 1455 Qua
2104 1390 2175 1445 de
2206 1405 2383 1444 causa
2413 1388 2513 1459 qui
2546 1388 2707 1443 misit
2756 1404 2886 1453 nos,
2946 1387 3128 1443 dixit:
3182 1388 3337 1443 Multi
3380 1388 3606 1443 venient

1948 1479 2212 1533 adversus
2266 1494 2354 1533 me
2422 1478 2484 1532 in
2558 1477 2895 1533 vestimentis
2981 1478 3185 1543 ovium,
3267 1478 3605 1532 intrinsecus

1948 1570 2133 1622 autem
2161 1576 2290 1622 sunt
2322 1567 2442 1639 lupi
2470 1583 2692 1638 rapaces
2713 1584 2731 1621 :
2764 1583 2797 1621 a
2829 1568 3107 1637 fructibus
3159 1583 3353 1622 eorum
3399 1581 3601 1639 cogno-

1948 1658 2111 1711 scetis
2141 1672 2229 1711 eos
2259 1656 2362 1727 (a).

2022 1744 2261 1800 XXXVI.
2286 1748 2476 1816 Atque
2497 1743 2587 1798 his
2606 1744 2797 1812 dictis,
2823 1760 2921 1799 eos
2935 1742 3033 1814 qui
3056 1744 3126 1799 ad
3155 1743 3598 1815 praecedendum

1951 1834 2181 1889 fuerant
2211 1832 2489 1899 ordinati,
2522 1834 2581 1888 in
2630 1832 2998 1888 Antiochiam
3055 1832 3227 1905 Syriae
3261 1832 3475 1900 emisit,
3500 1833 3600 1903 ju-

1948 1924 2092 1979 bens
2125 1926 2187 1977 ut
2217 1922 2295 1977 ibi
2354 1928 2585 1993 tempus
2645 1926 2983 1977 secuturum
3040 1926 3462 1993 exspectarent.
3515 1920 3589 1976 Iis

1946 2012 2147 2083 itaque
2179 2010 2473 2083 profectis,
2506 2012 2707 2067 Petrus
2731 2011 2953 2081 ingenti
2986 2010 3295 2065 hominum
3330 2009 3599 2065 multitu-

1946 2101 2083 2155 dine
2112 2101 2183 2155 ad
2218 2101 2391 2155 fidem
2425 2100 2696 2168 adducta,
2730 2100 2987 2170 morbos,
3040 2099 3441 2171 aegritudines,
3478 2100 3600 2155 dae-

1948 2206 2152 2244 mones
2182 2188 2422 2260 expulit,
2446 2188 2504 2242 in
2540 2188 2797 2243 fontibus
2823 2188 3003 2243 maris
3025 2187 3229 2242 vicinis
3263 2186 3597 2258 baptizavit,

1946 2278 2430 2333 eteucharistiam
2457 2277 2654 2349 fregit:
2683 2292 2938 2347 cumque
2960 2276 3289 2331 Maroonem
3306 2275 3597 2347 hospitem

1947 2384 2143 2434 suum,
2169 2368 2294 2437 jam
2317 2368 2555 2422 omnino
2576 2365 2915 2436 perfectum,
2945 2366 3001 2419 in
3022 2365 3359 2435 episcopum
3378 2363 3599 2419 consti-

1947 2455 2177 2522 tuisset,
2210 2454 2514 2509 duodecim
2550 2454 2921 2525 presbyteros
2951 2454 3333 2523 designasset,
3369 2453 3600 2508 fecisset

1950 2544 2247 2610 diaconos,
2283 2561 2405 2614 qua:
2439 2542 2509 2597 ad
2543 2542 2805 2597 ordinem
2830 2541 3137 2597 viduarum
3162 2542 3450 2613 pertinent
3479 2547 3597 2597 sta-

1948 2634 2179 2699 tuisset,
2215 2650 2317 2703 pro
2346 2632 2645 2687 communi
2676 2633 2825 2687 bono
2850 2648 2915 2687 ac
2945 2632 3015 2687 de
3038 2648 3124 2693 eo,
3158 2631 3312 2703 quod
3332 2630 3597 2685 Ecclesia

1950 2722 2141 2777 ordini
2174 2722 2558 2791 conducebat,
2593 2725 2747 2776 esset
2796 2719 3140 2786 collocutus,
3183 2724 3241 2775 et
3288 2718 3598 2774 consilium

1950 2810 2210 2866 dedisset
2241 2816 2306 2865 ut
2335 2811 2608 2882 episcopo
2636 2810 2894 2865 Marooni
2917 2809 3238 2874 obedirent,
3261 2809 3386 2879 jam
3409 2809 3599 2863 tribus

1951 2901 2255 2956 mensibus
2284 2898 2613 2971 completis,
2645 2898 2770 2953 vale
2792 2899 2939 2953 dixit
2959 2898 3337 2970 Tripolitanis
3368 2897 3598 2951 Phaeni-

1950 2989 2072 3056 ciae,
2106 2994 2165 3044 et
2198 2989 2309 3044 iter
2337 3005 2541 3043 versus
2571 2986 2940 3042 Antiochiam
2955 2987 3131 3059 Syriae
3156 2987 3458 3057 ingressus
3488 2990 3596 3055 est,

1951 3078 2227 3135 omnibus
2259 3077 2452 3133 debito
2486 3093 2619 3132 cum
2652 3076 2869 3131 honore
2900 3092 3007 3132 nos
3047 3075 3488 3131 comitantibus.

2544 3254 2848 3310 HOMILIA
2881 3252 2997 3308 XII.

2026 3347 2067 3402 Ι.
2092 3340 2317 3415 Egressi
2335 3360 2470 3416 ergo
2491 3341 2773 3414 Tripolim
2801 3341 3119 3409 Phcnnices,
3144 3345 3209 3397 ut
3231 3340 3599 3397 Antiochiam

1952 3434 2129 3506 Syriae
2162 3432 2517 3496 veniremus,
2576 3447 2642 3486 eo
2700 3430 2792 3485 die
2848 3430 3179 3485 Orthosiam
3232 3431 3469 3502 profecti
3520 3430 3601 3485 ibi

1952 3523 2303 3591 mansimus,
2337 3528 2393 3575 et
2425 3519 2561 3591 quia
2590 3523 2679 3574 est
2710 3534 2889 3591 prope
2922 3520 3150 3584 urbem,
3185 3536 3215 3575 e
3237 3536 3354 3591 qua
3382 3518 3602 3591 egressi

1951 3612 2276 3679 fueramus,
2299 3626 2432 3665 cum
2466 3625 2674 3664 omnes
2705 3608 2821 3662 fere
2849 3607 3322 3679 prazdicationem
3355 3624 3600 3678 evange-

1950 3700 2122 3755 licam
2155 3700 2315 3771 prius
2338 3698 2663 3762 audissent,
2698 3713 2881 3751 unum
2916 3696 3068 3751 diem
3094 3695 3211 3751 illic
3233 3696 3598 3761 commorati,

1951 3790 2307 3845 Antaradum
2341 3786 2615 3841 abiimus.
2664 3785 2770 3848 Qui
2820 3802 2951 3840 vero
2986 3784 3155 3840 multi
3187 3789 3353 3841 erant
3400 3784 3601 3839 nobis-

1950 3895 2085 3934 cum
2116 3878 2225 3932 iter
2248 3876 2549 3941 facientes,
2567 3875 2771 3929 Petrus
2794 3873 3055 3929 Nicetam
3089 3878 3146 3929 et
3164 3874 3433 3944 Aquilam
3458 3872 3598 3927 allo-

1950 3973 2121 4022 cutus
2147 3971 2235 4021 est
2264 3966 2464 4019 dicens
2496 3981 2508 4017 :
2535 3963 3018 4033 Quandoquidem
3071 3979 3285 4033 magna
3325 3961 3600 4018 comitan-

1951 4057 2098 4111 tium
2148 4054 2463 4109 multitudo
2520 4068 2634 4106 non
2667 4068 2902 4122 parvam
2940 4050 3219 4105 invidiam
3270 4051 3439 4105 nobis
3500 4065 3602 4121 per

1950 4146 2123 4200 urbes
2144 4142 2497 4198 intrantibus
2512 4142 2746 4206 contlat,
2772 4140 3100 4195 necessario
3118 4140 3449 4194 curandum
3473 4154 3601 4193 esse

1941 4231 2220 4303 judicavi,
2267 4236 2331 4285 ut
2382 4246 2570 4301 neque
2603 4228 2714 4298 ipsi
2744 4227 3187 4294 contristentur,
3222 4229 3367 4282 dum
3405 4227 3598 4298 prohi-

1948 4324 2161 4377 bentur
2181 4336 2309 4375 esse
2343 4319 2675 4382 nobiscum,
2709 4332 2899 4387 neque
2932 4332 3059 4371 nos.
3084 4318 3226 4371 dum
3260 4332 3471 4371 sumus
3496 4331 3600 4386 spe

1947 4409 2207 4479 ctabiles,
2242 4408 2571 4462 incidamus
2602 4406 2661 4459 in
2693 4404 2933 4459 malitiae
2966 4404 3267 4459 invidiam.
3321 4406 3601 4470 Quocirca

1946 4498 2076 4555 volo
2106 4503 2163 4553 te
2184 4496 2442 4552 Nicetam
2458 4500 2632 4565 atque
2656 4493 2927 4564 Aquilam
2954 4498 3087 4548 ante
3114 4509 3205 4547 me
3230 4493 3341 4547 iter
3361 4493 3596 4558 habere,

175 4581 275 4639 δύο
311 4580 615 4657 σποράδην,
652 4584 1001 4656 μανθάνοντες
1026 4587 1047 4621 θ
1066 4585 1161 4647 τὰς
1191 4589 1297 4639 τῶν
1322 4583 1482 4649 ἐθνῶν
1505 4584 1839 4662 εἷσέρχεσθαι

1953 4604 2055 4660 per
2092 4585 2241 4641 duos
2272 4583 2477 4657 globos
2523 4581 2873 4655 sparsim,et
2906 4580 3056 4637 clam
3086 4582 3351 4654 gentium
3373 4578 3601 4651 ingredi

174 4672 399 4734 πόλεις.

252 4763 322 4818 II.
363 4759 497 4815 Οἶδα
545 4757 602 4815 δὲ
651 4759 734 4815 ὅτι
770 4762 1051 4835 ἀθυμεῖτε,
1091 4765 1251 4817 τοῦτο
1297 4766 1475 4817 ποιεῖν
1520 4763 1837 4835 ἀκηκοότες,

249 4877 335 4950 (a)
370 4877 579 4933 Matth.
610 4894 709 4946 vn,
738 4878 819 4933 15.

1950 4679 2296 4821 ωέῗᾶξῖῗθίε
2321 4764 2538 4830 autem,
2562 4758 2705 4828 scio,
2738 4757 3051 4815 molestum
3083 4761 3193 4827 est,
3226 4757 3381 4829 quod
3414 4756 3470 4811 id
3518 4755 3601 4809 fa-

1542 5004 1784 5062 VARIIE
1820 5003 2231 5062 LECTIONES.

255 5117 304 5151 κ
341 5115 418 5185 μή
491 5114 582 5168 ετά
610 5118 1237 5187 conj.Schliemannus
1272 5119 1439 5175 Clem.
1518 5161 1529 5174 .
1572 5122 1699 5191 535,
1733 5126 1789 5177 et
1839 5121 1897 5178 S.
1945 5122 2096 5177 Tum

255 5206 360 5241 μοσε
403 5134 655 5243 ηλῗυθότι,
715 5206 783 5243 ex
836 5192 1080 5243 coniect.
1142 5136 1615 5243 ποοσεληλυξότα.
1678 5195 1741 5243 In
1794 5196 1840 5243 0
1899 5190 2096 5243 ποοσελ

181 5206 360 5261 προσε
403 5190 655 5267 ηλυθότι,
715 5206 783 5244 ex
836 5192 1080 5262 conject.
1142 5190 1615 5265 προσεληλυθότα.
1678 5190 1741 5247 In
1794 5196 1840 5249 Ο
1899 5190 2141 5266 προσελη

180 5259 584 5333 τεσσαράκοντα
613 5266 675 5315 0.
731 5262 784 5333 9?
821 5262 1079 5333 vsgwleg.
1140 5262 1632 5333 censLSchliem.
1696 5266 1872 5319 Clem.
1935 5282 1990 5333 p.
2047 5266 2119 5318 90

185 5333 250 5405 Ο·
292 5326 736 5405 ’ωᾼένσπείροντεα
767 5326 1055 5405 ὑποϐάλλῇ
1084 5334 1143 5390 C.
1182 5337 1197 5370 ί
1234 5329 1485 5404 Evadunt
1519 5336 1579 5390 C.
1612 5326 1961 5405 ALectionem
2013 5335 2203 5391 Ottob.
2251 5330 2559 5405 confirmat

181 5182 360 5261 τεροσέ
403 5182 655 5265 ηλυθότι,
715 5182 783 5265 ei:
836 5192 1080 5265 conject.
1142 5188 1461 5265 προσεληλυ

1935 5256 1990 5336 p.
2028 5256 2229 5336 790vret
2285 5261 2343 5315 S.
2372 5259 2447 5336 ‘99
2506 5256 2772 5336 ὀνόματος

2194 5114 2846 5191 αρτυρίων--ευερίρειμε
2887 5118 2988 5191 est
3030 5115 3124 5191 C.‘
3144 5112 3304 5191 Ide_m
3356 5110 3605 5191 subinde

2194 5138 2225 5171 α
2260 5136 2460 5191 τυριων
2512 5136 2846 5187 δυεριαᾶιυδ
2898 5136 2988 5169 88L
3030 5136 3091 5171 υ.
3144 5136 3304 5168 106111
3356 5136 3601 5168 δυυιῐιυυ

2150 5136 2416 5245 λυθότων.
2476 5189 2527 5260 ⁸⁷-
2574 5182 3046 5260 προδιαλεχθεῖσσιΔ
3226 5185 3375 5260 Tum
3435 5182 3486 5260 μζ
3546 5200 3601 5256 p.

2881 5301 2893 5312 .
2954 5256 3167 5311 Deinde
3219 5274 3276 5307 τε
3324 5256 3377 5323 S,
3430 5254 3487 5307 οέ
3543 5254 3603 5309 C.

2646 5328 2696 5381 ic
2743 5332 2799 5383 et
2848 5327 3015 5397 paulo
3066 5331 3198 5399 post
3247 5325 3603 5399 Matthtvn,

185 5404 276 5481 j5.
340 5398 744 5481 Tumhaddidi
804 5403 903 5481 εἱσι
962 5398 1057 5481 σε’-
1090 5406 1295 5481 eodem
1351 5398 1477 5460 cod.
1537 5407 1563 5481 ’_
1608 5403 1987 5481 ἐπιγινώσκετε
2044 5410 2102 5461 C.
2160 5399 2713 5481 3_rpon<§1{}tgo<m0.
2767 5400 2788 5431 ‘
2822 5402 2899 5481 fit
2944 5398 3108 5481 ,ρῐῐῄζ
3150 5399 3287 5481 0-“
3336 5399 3426 5481 Ιῒξ
3464 5398 3608 5481 Οηθι

184 5475 244 5529 in
283 5490 469 5548 tuarg.
504 5472 735 5548 C.,_cuj.
770 5477 899 5530 cod.
932 5473 1182 5536 καλέσας.
1219 5478 1385 5531 Liber
1413 5479 1607 5532 Ottob.
1644 5467 1980 5533 co'nstanter
2028 5467 2353 5548 Μαροώνην.
2386 5467 2739 5548 σῆιοητυω
2781 5473 2849 5548 τῇ
2878 5467 3156 5548 adigam,
3189 5467 3288 5548 τὴν
3334 5467 3479 5548 τάξιν
3514 5468 3603 5538 (1.,

188 5513 244 5529 nu
284 5513 469 5555 ἰιι-’σεο
506 5513 586 5536 νιν
620 5513 735 5543 vuJ-
770 5513 899 5530 uuu.
935 5513 1182 5536 uanam»...
1219 5513 1374 5531 μιυιι
1414 5513 1607 5532 ιΙισιυυ·
1644 5513 1969 5533 υυιιῠιαιιυει
2028 5513 2353 5548 αιυιῒιυιυνσινο
2437 5513 2462 5538 -ι
2502 5513 2555 5523 ν·
2604 5513 2739 5525 ια’-⁵⁸
2792 5513 2849 5555 ζ’,ι
2907 5513 3037 5539 ν’·τν·
3069 5513 3133 5524 ν·
3201 5513 3283 5534 “Ἰ’
3346 5513 3474 5555 '“5'”
3520 5513 3603 5538 ἰ’-’9

184 5546 430 5623 9;!)sz
467 5560 514 5623 ο,
555 5546 626 5599 69
665 5548 783 5623 ἒ]φο
815 5548 1047 5602 exhibet
1078 5565 1089 5602 ε
1118 5548 1271 5623 ’Υπὲρ
1302 5566 1359 5599 τε
1385 5550 1697 5623 τοῦ-κοινοῦ
1728 5549 1816 5601 καὶ
1849 5549 2217 5623 συμφέροντος
2247 5543 2336 5597 καὶ
2368 5540 2491 5617 περὶ
2530 5546 2631 5607 τῆς
2682 5560 2816 5623 κατα
2862 5542 2958 5623 την
3010 5513 3331 5623 ᾎΕκκλησίαν
3350 5539 3605 5623 εκταξειως,

444 5612 662 5695 πάντων.
698 5618 844 5695 ᾑμεις
894 5606 1331 5695 προπεμπόντων
1388 5618 1521 5695 μετά
1566 5625 1665 5687 τῆς
1713 5606 2101 5695 προσηκούσης
2146 5623 2315 5689 τιμῆς
2366 5606 2739 5671 accesserunt
2786 5629 2854 5670 ex
2896 5613 2959 5671 Ο.
3010 5613 3030 5648 ⁸
3080 5606 3555 5689 Ἀντ-άρανδον-Ο.
3588 5611 3610 5648 ⁸

189 5685 552 5748 λανθάνοντας
578 5687 664 5743 vel
697 5685 1058 5750 λανθανόντως
1080 5685 1241 5762 conj.
1276 5696 1332 5745 et
1360 5685 1529 5746 vertit
1558 5685 1705 5746 Οζτε
1737 5685 2022 5750 ἁάἀῖνυὴ
2052 5685 2111 5747 S.
