4112 6344
563 431 679 491 303

1383 434 1447 490 S.
1495 428 1937 489 CLEMENTIS
1982 430 2005 488 l
2056 430 2245 487 lt0\l.
2296 430 2522 488 PONT.
2572 431 2831 491 OPERA
2882 432 3150 492 DUBIA.

3852 438 3990 499 304

561 562 831 619 ciendum
854 561 1431 629 audieritis,duorum
1450 578 1566 617 non
1592 561 1954 633 integrorum
1980 561 2200 616 dierum

2322 558 2749 632 ἀπολειπόμενοί
2779 565 2823 598 ¹⁰
2855 583 2960 635 μου
2992 560 3265 635 διάστημα
3285 561 3400 618 οὐδ’
3428 562 3573 620 ὅλων
3594 567 3817 643 ἡμερῶν
3851 565 3989 625 δύο.

561 652 756 724 spatio
784 668 817 707 a
864 667 957 706 me
983 650 1256 722 separari.
1294 654 1410 705 Vos
1446 650 1622 721 igitur
1665 666 2014 720 cognoscere
2054 648 2206 719 volo,

564 740 718 811 quod
751 756 879 803 nos,
939 738 1039 810 qui
1086 737 1510 810 persuasimus,
1572 754 1673 793 vos
1726 738 1825 808 qui
1875 738 2207 793 credidistis

564 827 746 883 multo
777 827 1031 899 amplius
1089 826 1411 898 diligimus,
1455 843 1631 896 quam
1663 843 1763 880 vos
1795 826 2057 899 diligatis
2102 842 2207 882 nos

561 933 954 988 persuasores.
993 918 1191 986 Itaque
1224 920 1425 970 mutuo
1457 932 1652 971 amore
1702 914 2015 987 ﬂagrantes
2047 914 2206 969 inco-

559 1005 845 1061 lumitatis
876 1022 1077 1061 curam
1134 1021 1409 1077 geramus
1440 1022 1543 1076 pro
1592 1004 1833 1071 viribus,
1890 1022 2002 1059 non
2061 1005 2207 1060 citra

559 1096 843 1151 rationem
867 1095 1143 1149 facientes
1164 1111 1289 1166 quae
1307 1094 1599 1165 cupimus.
1624 1094 1711 1148 Ad
1745 1093 1865 1150 haec
1888 1110 2021 1149 vero
2045 1092 2206 1148 nulla

560 1184 652 1239 die
683 1201 716 1238 a
746 1200 839 1239 me
896 1184 1235 1254 disputante
1286 1181 1545 1237 aberitis.
1580 1181 1688 1237 Per
1734 1181 1997 1253 singulas
2048 1182 2202 1237 enim

562 1272 1189 1344 quasqueinsigniores
1213 1270 1646 1342 provinciarum
1678 1270 1939 1326 civitates
2002 1286 2207 1341 propo-

561 1361 675 1427 sui,
706 1362 859 1416 sicut
889 1360 1065 1415 etiam
1095 1375 1198 1414 vos
1242 1358 1424 1428 scitis,
1458 1374 1561 1429 per
1591 1357 1715 1412 dies
1747 1358 1998 1412 residere
2031 1363 2085 1412 et
2117 1356 2203 1411 di-

562 1461 843 1521 sceptare.
875 1450 1038 1503 Nunc
1070 1464 1205 1518 ergo
1226 1448 1283 1501 in
1306 1446 1651 1501 Laodiceam
1688 1445 1854 1500 nobis
1878 1446 2204 1517 proximam

560 1538 883 1612 praecedite,
917 1544 975 1592 et
1005 1542 1138 1608 post
1165 1538 1412 1591 biduum
1438 1541 1492 1589 et
1508 1534 1792 1599 triduum,
1817 1540 2106 1605 quantum
2132 1535 2203 1589 ad

557 1628 922 1700 propositum
955 1642 1151 1681 meum
1176 1630 1419 1697 spectat,
1445 1624 1731 1695 attingam
1756 1640 1875 1679 vos.
1902 1624 1985 1678 Ad
2009 1627 2204 1694 portas

560 1723 754 1772 autem
786 1733 887 1771 vos
916 1715 1024 1770 soli
1056 1714 1294 1785 recipite
1324 1729 1438 1776 me,
1464 1718 1623 1767 metu
1655 1712 2001 1779 murmuris,
2036 1716 2100 1766 ut
2120 1712 2205 1767 sic

558 1807 781 1877 absque
802 1804 1046 1875 strepitu
1070 1804 1246 1858 etiam
1264 1803 1508 1873 ingressi
1533 1818 1650 1855 una
1671 1801 1970 1855 vobiscum
1994 1801 2201 1856 simus.

556 1896 626 1950 Et
650 1894 784 1950 inde
820 1892 1110 1959 similiter,
1145 1909 1278 1947 cum
1312 1891 1436 1945 dies
1464 1891 1541 1945 ibi
1574 1890 1795 1961 aliquot
1852 1889 2202 1961 transegeri-

2238 631 2291 649 η
2320 646 2524 702 Ε’ίδέναι
2558 648 2648 703 οὖν
2684 651 2821 722 ὑμᾶς
2854 650 3016 717 θέλω,
3068 651 3153 706 ὅτι
3199 651 3617 708 πολλαπλάσιον
3669 655 3981 729 ἀγαπῶμεν

2317 740 2478 809 ἡμεῖς
2536 739 2585 792 οἱ
2645 738 2918 801 πείσαντες
2978 740 3117 812 ὑμᾶς
3170 740 3299 803 τοὺς
3355 745 3689 810 πεισθέντας,
3737 743 3879 819 ἤπερ
3930 749 3981 783 ίί

2320 827 2474 899 ὑμεῖς
2506 830 2651 900 ἡμᾶς
2682 828 2807 891 τοὺς
2842 829 3181 892 πεπεικότας.
3234 830 3547 902 ’Δλλήλους
3597 832 3687 887 οὖν
3731 834 3990 911 στέργόνο

2315 935 2423 977 τες.
2456 921 2535 987 τῷ
2564 920 2607 953 ¹²
2648 919 2723 989 μὴ
2777 914 2993 993 ἀλόγως
3042 924 3216 973 ποιεῖν
3265 918 3297 973 ἃ
3348 920 3614 995 θέλωμεν,
3661 929 3762 992 τῆς
3800 924 3982 1001 ἀσφα-

2320 1002 2486 1077 λείας,
2521 1005 2643 1059 ὅσον
2672 1006 2734 1060 τὸ
2768 1005 2846 1084 ἐφ’
2877 1008 3037 1079 ἡμῖν,
3072 1008 3469 1085 φροντίζωμεν.
3500 1012 3643 1085 Πρὸς
3669 1011 3887 1075 τούτοις
3916 1010 3985 1068 δὲ

2318 1090 2573 1165 οὐδεμιᾶς
2606 1094 2815 1170 ἡμέρας
2849 1092 3240 1171 διαλεγομένου
3276 1119 3385 1171 μου
3426 1098 3870 1173 ἀπολιμπάνεσθε
3904 1105 3979 1159 ¹⁸.

2318 1180 2408 1242 Εἷς
2464 1182 2564 1257 γάρ
2621 1184 2716 1245 τὰς
2793 1183 3194 1259 ἐπισημοτέρας
3254 1190 3359 1241 τῶν
3438 1188 3713 1265 ἐπαρχιῶν
3774 1190 3981 1254 πόλεις

2317 1270 2664 1345 προῄρημαι,
2698 1272 2771 1334 ὡς
2800 1270 2911 1327 ἴστε
2940 1273 3027 1327 καὶ
3081 1274 3260 1346 ὑμεῖς,
3301 1277 3522 1351 ἡμερῶν
3552 1276 3826 1351 ἐπιμένειν
3876 1282 3978 1335 καί

2316 1356 2677 1433 διαλέγεσθαι.
2711 1359 2809 1414 Καὶ
2840 1361 2901 1415 τὸ
2930 1359 3022 1415 νῦν
3058 1361 3133 1424 εἷς
3182 1363 3281 1431 τήν
3333 1363 3621 1440 ἐγγυτέραν
3664 1369 3801 1440 ἡμῖν
3830 1376 3983 1425 Λαο-

2316 1445 2517 1502 δίκειαν
2550 1450 2834 1521 προάξατε,
2886 1450 2975 1503 καὶ
3029 1452 3145 1523 μεθ’
3195 1451 3407 1528 ἡμέρας
3447 1451 3542 1507 δύο
3572 1454 3607 1523 ἢ
3639 1461 3804 1530 τρεῖς,
3840 1456 3974 1514 ὅσον

2316 1535 2402 1590 ἐπὶ
2432 1540 2499 1609 τῇ
2542 1536 2648 1610 ἐμῇ
2676 1537 3003 1613 προαιρέσει,
3031 1543 3420 1614 καταλήψομαι
3452 1542 3613 1614 ὑμᾶς.
3642 1544 3759 1598 Ἐπῖ
3786 1541 3842 1600 δὲ
3857 1551 3973 1601 τῶν

2313 1625 2502 1680 πυλῶν
2532 1623 2807 1696 ἐκδέξασθέ
2842 1648 2907 1699 με
2940 1628 3094 1699 ὑμεῖς
3132 1628 3310 1699 μόνοι,
3347 1633 3500 1689 256
3550 1628 3638 1686 διὰ
3665 1634 3757 1687 τὸν
3801 1634 3979 1710 θρύλ-

2316 1712 2411 1768 λον
2464 1716 2531 1782 ¹⁴,
2575 1712 2665 1768 ’ίνα
2715 1715 2887 1777 οὕτως
2934 1715 3175 1793 ἀψοφητὶ
3220 1718 3649 1783 συνεισελθόντες
3694 1722 3805 1794 ἅμα
3838 1723 3975 1796 ὑμῖν

2315 1802 2484 1873 ὦμεν.
2546 1802 2797 1866 Κάκεῖθεν
2850 1803 3058 1876 ὁμοίως
3115 1807 3250 1877 μετά
3304 1807 3366 1861 τὸ
3415 1807 3689 1880 ἐπιμεῖναι
3740 1812 3972 1887 ἡμερῶν

2316 1888 2477 1945 ἄλλοι
2516 1891 2625 1945 ἀνθ’
2659 1893 2809 1965 ὑμῶν
2844 1892 2918 1954 εἷς
2949 1894 3015 1947 τά
3046 1892 3289 1949 ἐπέκεινα
3310 1897 3445 1951 κατά
3476 1897 3774 1975 ἐφημερίας
3799 1902 3974 1974 προά-

561 2001 714 2051 mus,
748 1983 845 2039 alii
896 2000 998 2054 pro
1027 1981 1190 2037 vobis
1242 1979 1489 2035 ulterius
1523 1994 1623 2050 per
1676 1979 1830 2034 vices
1879 1978 2200 2051 priscedent

2312 1978 2493 2050 ξωσιν,
2518 1980 2613 2042 τὰς
2644 1956 2815 2051 ξενίας
2848 1979 3247 2055 ἐτοιμάζοντες.

559 2077 616 2129 et
645 2071 902 2144 hospitia
931 2071 1359 2143 praeparabunt.

632 2180 729 2235 IIl.
764 2179 891 2233 Haac
923 2178 1150 2232 dicente
1181 2176 1370 2245 Petro,
1404 2174 1731 2229 necessario
1764 2174 2197 2245 acquieverunt,

560 2268 854 2324 dicentes:
889 2267 1014 2322 Non
1066 2264 1228 2321 valde
1258 2281 1384 2331 nos,
1418 2264 1674 2329 domine,
1729 2263 2037 2318 contristat
2092 2262 2201 2318 hoc

556 2374 745 2431 agere,
769 2357 1047 2428 quoniam
1080 2371 1113 2410 a
1142 2359 1195 2409 te
1215 2354 1477 2425 jubetur.
1529 2352 1723 2408 Primo
1754 2353 2011 2423 quidem,
2062 2351 2202 2423 quia

554 2448 654 2502 Dei
688 2444 1051 2518 providentia
1084 2442 1363 2506 delectus,
1398 2442 1612 2513 dignus
1644 2441 1743 2513 qui
1801 2447 2011 2496 cuncta
2054 2456 2199 2510 prae-

552 2535 705 2591 clare
732 2534 947 2606 cogites
980 2537 1153 2603 atque
1175 2530 1465 2585 consulas.
1491 2531 1571 2585 Ad
1603 2530 1721 2584 hac
1737 2547 1888 2599 vero,
1917 2529 2053 2599 quia
2075 2527 2195 2599 ple-

553 2640 802 2695 rumque
825 2640 926 2695 per
939 2622 1183 2676 biduum
1207 2624 1437 2674 tantum
1464 2618 1807 2674 necessitate
1830 2617 2193 2690 prmcedendi

548 2719 653 2769 ate
675 2714 973 2768 aberimus
990 2729 1002 2766 :
1022 2710 1165 2765 illud
1187 2714 1380 2763 autem
1398 2707 1650 2779 spatium
1672 2708 1937 2778 quamvis
1953 2706 2192 2778 longum

547 2804 645 2868 sit,
676 2803 815 2857 dum
841 2806 895 2856 te
909 2818 1023 2855 non
1038 2800 1303 2853 videmus
1325 2796 1629 2851 dominum
1655 2801 1918 2850 nostrum
1939 2796 2189 2859 Petrum,

548 2898 803 2947 attamen
838 2890 1185 2961 cogitamus,
1220 2884 1401 2940 multo
1461 2884 1766 2939 molestius
1795 2883 2038 2953 laturos,
2089 2884 2189 2954 qui

545 2980 779 3051 longius
810 2977 1095 3051 pramissi
1124 2978 1499 3044 sunt,utpote
1521 2975 1721 3044 jussos
1754 2978 1807 3027 te
1835 2972 2057 3027 diutius
2094 2989 2193 3043 per

2382 2175 2471 2231 III.
2504 2180 2679 2231 Ταῦτα
2718 2180 2813 2231 τοῦ
2847 2175 3051 2253 Πέτρου
3089 2177 3352 2251 εἰπόντος,
3386 2180 3792 2257 ἠναγκάσθησαν
3836 2204 3965 2239 συν-

2308 2262 2483 2316 θέσθαι
2531 2262 2803 2339 λέγοντες’
2857 2264 2929 2319 Ού
2978 2267 3116 2321 πάνυ
3166 2269 3337 2340 ἡμᾶς,
3379 2268 3552 2344 κύριε,
3606 2269 3769 2326 λυπεῖ
3794 2276 3967 2328 τοῦτο

2307 2354 2581 2425 πράττειν,
2628 2351 2715 2408 διὰ
2765 2355 2827 2409 τὸ
2878 2354 2980 2409 ὑπὸ
3030 2360 3126 2410 σοῦ
3172 2355 3506 2421 κελεύεσθαι.
3563 2363 3783 2430 Πρῶτον
3833 2360 3961 2434 μὶν,

2307 2440 2388 2495 ὅτι
2420 2442 2593 2495 πάντα
2621 2440 2806 2504 καλῶς
2837 2447 2977 2497 νοεῖν
3031 2446 3075 2481 ¹⁵
3117 2465 3175 2498 τε
3221 2446 3309 2499 καὶ
3361 2440 3752 2519 συμϐουλεύειν
3808 2449 3966 2519 ἄξιος

2307 2526 2378 2583 ὢν
2414 2529 2516 2584 ὐπὸ
2543 2537 2640 2599 τῆς
2672 2536 2768 2586 τού
2800 2537 2933 2586 Θεοῦ
2964 2532 3220 2607 προνοίας
3253 2532 3523 2611 ἐξελέγης⁶
3557 2536 3692 2609 πρὸς
3738 2536 3961 2602 τούτοις

2305 2616 2361 2673 δὲ
2394 2617 2479 2673 ἐπῖ
2516 2623 2557 2657 1⁸
2585 2622 2647 2674 τὸ
2696 2620 2843 2675 ποᾸὺ
2894 2622 3117 2697 ἡμερῶν
3166 2618 3261 2676 δύο
3312 2622 3516 2699 ἀνάγκῃ
3544 2629 3641 2679 τοῦ
3692 2626 3959 2701 προάγειν

2304 2707 2798 2782 ἀπολιμπανόμεθά
2847 2730 2961 2763 σου’
2994 2710 3081 2764 καὶ
3132 2712 3285 2765 αὗται
3341 2713 3432 2785 μὲν
3483 2711 3688 2769 πολλαὶ
3721 2716 3857 2791 πρὸς
3890 2717 3961 2771 τὸ

2304 2799 2379 2869 μή
2416 2818 2471 2852 σε
2498 2798 2589 2852 τὸν
2622 2797 2806 2871 κύριον
2835 2802 2993 2871 ἡμῶν
3027 2801 3154 2874 ὁρᾷν
3181 2801 3405 2874 Πέτρον,
3428 2800 3574 2871 πλὴν
3593 2801 3955 2879 λογιζόμεθα,

2300 2885 2381 2940 ὅτι
2414 2886 2602 2941 πλεῖον
2640 2886 3051 2956 λυπηθήσονται
3084 2889 3136 2942 οἱ
3163 2886 3308 2943 πολὺ
3361 2891 3566 2965 μακράν
3617 2894 3955 2967 προπεμπό-

2303 2996 2471 3047 μενοι,
2506 2976 2579 3037 ὡς
2612 2974 2697 3029 ἐπῖ
2730 2974 2917 3029 πλεῖον
2970 2975 3250 3049 ἀναμένειν
3303 2998 3361 3031 σε
3407 2980 3541 3033 κατά
3589 2979 3751 3035 πόλιν
3792 3003 3954 3038 κεκε-

2301 3062 2585 3136 λευσμένοι
2620 3068 2681 3135 ¹“¹,
2714 3065 3009 3136 ἀνιώμενοι
3041 3064 3091 3118 ἐν
3134 3070 3212 3137 τῷ
3261 3064 3347 3120 ἐπὶ
3399 3066 3588 3123 πλεῖον
3626 3068 3949 3147 ἐστερῆσθαι

547 3073 721 3125 urbes
752 3072 1106 3139 exspectare,
1139 3070 1194 3119 et
1217 3064 1417 3119 anxios
1445 3063 1598 3133 quod
1632 3067 1867 3132 aspectu
1901 3061 2189 3116 desidera-

545 3158 678 3213 bilis
708 3157 903 3212 vultus
934 3155 1017 3209 tui
1052 3170 1152 3225 per
1182 3152 1432 3206 multum
1474 3156 1706 3221 tempus
1734 3150 1850 3204 sint
1872 3149 2101 3218 privati.
2121 3151 2189 3205 Et

2306 3156 2391 3206 τοῦ
2429 3154 2555 3227 ὁρᾷν
2604 3175 2698 3207 σου
2743 3153 2806 3207 τὸ
2856 3154 3223 3229 περιπόθητον
3282 3156 3594 3231 πρόσωπον.
3648 3159 3745 3213 Καὶ
3776 3162 3946 3231 ἡμεῖς

544 3264 648 3302 nos
676 3264 788 3301 non
822 3245 1019 3300 minus
1065 3242 1181 3296 illis
1220 3240 1418 3294 tristes
1450 3240 1635 3293 facere
1684 3238 2183 3310 quemadmodum

2306 3240 2394 3295 οὐκ
2424 3240 2643 3297 ἔλαττον
2677 3247 2721 3279 1⁸
2751 3241 2966 3297 ἐκείνων
2997 3243 3354 3315 ἀθυμοῦντεςδ
3385 3245 3457 3307 ὡς
3490 3244 3731 3310 κελεύεις
3760 3246 3848 3303 διά
3877 3252 3945 3305 τὸ

530 3337 705 3407 jubes
728 3338 963 3406 propter
990 3331 1301 3386 utilitatem
1320 3345 1434 3382 non
1464 3343 1781 3381 moramur.
1818 3325 1989 3381 Ethis
2011 3327 2182 3382 dictis

2306 3333 2565 3408 συμφέρον
2625 3332 2801 3385 ποιεῖν
2862 3330 2960 3385 οὐκ
3016 3331 3386 3408 ἀντιλέγομεν.
3447 3335 3628 3407 Ὀμῶς
3680 3340 3723 3374 ¹⁹
3774 3342 3946 3393 ταῦτα

537 3439 907 3497 przecessere,
940 3424 1172 3491 accepto
1205 3417 1502 3482 mandato,
1537 3416 1681 3469 utin
1716 3414 1901 3486 primo
1924 3416 2177 3487 hospitio

2306 3419 2530 3482 ιίπόντες
2564 3421 2829 3494 προῆξαν,
2862 3419 3085 3489 ἐντολὴν
3113 3418 3355 3496 ἔχοντες,
3388 3422 3440 3477 ἐν
3468 3428 3546 3495 τῷ
3575 3427 3780 3499 πρώτῳ
3810 3448 3946 3481 παν-

534 3513 969 3584 alloquerentur
988 3507 1419 3563 multitudinem
1442 3504 1613 3560 simul
1634 3506 1741 3559 iter
1757 3512 2049 3576 agentem,
2064 3522 2176 3576 quo

2306 3508 2494 3585 Ξοχείῳ
2525 3508 2930 3585 προσομιλῆσαι
2960 3514 3040 3581 τῷ
3073 3508 3541 3583 συνοδοιποροῦντι
3574 3510 3755 3590 ὄχλῳ,
3787 3514 3944 3580 ὅπως

532 3602 780 3673 sparsim
796 3606 851 3657 et
871 3618 905 3655 a
925 3602 1203 3655 semutuo
1227 3594 1394 3649 divisi
1427 3594 1858 3666 ingredirentur
1887 3595 2171 3650 civitates.

2306 3596 2559 3672 τποράδην
2610 3595 2875 3668 ἀλλήλων
2926 3598 3209 3672 γενόμενοι
3259 3600 3335 3662 εἷς
3386 3600 3481 3663 τάς
3530 3601 3720 3667 πόλεις
3762 3603 3937 3681 εἰσέρ-

2283 3705 2512 3761 χωνται.

2352 3800 2447 3850 IV.
2484 3792 2855 3869 Πορευθέντων
2888 3792 2979 3846 οὖν
3008 3792 3207 3861 αὐτῶν,
3241 3794 3347 3871 ἐγὼ
3397 3792 3630 3867 Κλήμης
3671 3796 3932 3871 μεγάλως

2280 3880 2523 3958 ἔχαιρον,
2557 3880 2638 3936 ὅτι
2672 3880 2763 3935 σὺν
2813 3884 2959 3939 257
3010 3881 3156 3953 αὐτῷ
3206 3904 3272 3955 με
3316 3881 3588 3939 ἐκέλευσεν
3638 3884 3792 3942 εἶναι.
3829 3888 3934 3943 Καὶ

2278 3970 2588 4047 ἀποκριθεὶς
2623 3969 2789 4024 εἶπον·
2826 3970 3148 4045 Εὐχαριστῶ
3175 3975 3256 4042 τῷ
3288 3976 3425 4044 Θεῷ,
3458 3970 3541 4027 ὅτι
3577 3994 3645 4045 με
3688 3974 3787 4030 οὐκ
3815 3975 3933 4047 ἐξα-

2275 4058 2601 4129 πέσταλκας,
2634 4058 2706 4119 ὡς
2736 4058 2863 4119 τοὺς
2894 4057 3128 4135 ἐτέρους,
3163 4057 3347 4129 ἐπειδὴ
3392 4063 3437 4097 ²⁰
3488 4058 3829 4133 ὀδυνώμενος
3868 4064 3930 4119 ἂν

2276 4147 2725 4227 διαπεφωνήκειν.
2760 4149 2815 4199 Ὀ
2847 4144 2903 4201 δὲ
2935 4151 2979 4184 ²¹
3012 4146 3135 4226 ἔφη·
3168 4148 3227 4202 Τί
3262 4146 3317 4203 δέ
3348 4167 3363 4217 ;
3398 4149 3443 4204 εἶ
3492 4151 3580 4205 καὶ
3630 4153 3791 4226 χρεία
3842 4175 3928 4216 τις

2274 4237 2416 4293 ἔσται
2450 4236 2759 4308 πεμφθῆναί
2791 4234 2847 4290 σέ
2875 4257 2979 4290 που
3018 4240 3063 4274 ²²
3115 4239 3453 4310 μαθημάτων
3501 4240 3683 4314 χάριν,
3715 4241 3798 4309 σὺ,
3834 4239 3927 4297 διά

2268 4327 2331 4381 τὸ
2362 4326 2495 4401 πρὸς
2532 4322 2713 4399 ὀλίγον
2745 4322 3213 4395 ἀπολιμπάνεσθαί
3250 4346 3353 4397 μου
3392 4327 3796 4403 συμφερόντως,
3831 4326 3924 4383 διὰ

2266 4421 2426 4471 τοῦτο
2458 4415 2675 4485 τεθνήξῃ
2708 4432 2720 4480 ;
2755 4411 2891 4487 Οὐχὶ
2926 4411 3001 4483 δὲ,
3036 4412 3455 4486 προσομιλήσας
3486 4414 3691 4487 σεαυτῷ
3740 4415 3923 4493 φέρειν

508 4525 636 4564 esse
678 4526 802 4580 quae
830 4512 1063 4579 propter
1094 4505 1494 4560 necessitatem
1524 4502 1627 4556 tibi
1673 4502 1949 4572 imposita
1996 4510 2153 4575 sunt,

2306 4506 2330 4558 ἆ
2357 4502 2444 4558 διὰ
2472 4503 2571 4570 τὴν
2603 4500 2840 4575 ἀνάγκην
2884 4521 2967 4554 σοι
2999 4500 3363 4575 προσταγέντα
3404 4504 3469 4570 ³³,
3499 4502 3745 4574 εὐθύμως
3778 4502 3916 4559 ὐπο-

505 4614 672 4669 ωίμιο
704 4596 899 4652 animo
930 4594 1294 4651 sustinebis?
1328 4597 1441 4646 Aut
1472 4591 1728 4661 ignoras,
1758 4591 1979 4646 amicos
2037 4609 2155 4649 una

2306 4595 2452 4663 παίης
2504 4594 2551 4627 9‘
2583 4610 2596 4658 ;
2628 4595 2694 4643 ’ll
2744 4588 2843 4643 οὐκ
2888 4589 3042 4653 οἶσθα
3090 4590 3174 4645 ὅτι
3224 4590 3451 4646 σύνεισιν
3496 4592 3545 4645 οἱ
3597 4590 3748 4667 φίλοι
3797 4598 3919 4654 ταῖς

504 4702 632 4740 esse
693 4684 1110 4754 recordatione,
1170 4682 1305 4737 licet
1369 4678 1710 4751 corporibus
1780 4688 2200 4752 separentur,[

2306 4684 2523 4754 κνήμαις,
2574 4676 2668 4731 κᾶν
2722 4682 2836 4739 τοῖς
2888 4678 3131 4750 σώμασιν
3186 4676 3674 4751 ἀπολιμπάνωνται
3724 4682 3793 4749 2⁸,
3836 4682 3913 4744 ὡς

500 4774 653 4829 sicut
675 4772 938 4829 nonnulli
963 4788 1199 4844 corpore
1228 4775 1562 4842 praesentes,
1593 4767 1747 4837 quod
1779 4783 1979 4822 eorum
2028 4787 2143 4826 non

2311 4792 2402 4841 ιοι,
2435 4762 2681 4828 συνόντες
2709 4770 2825 4827 τοῖς
2884 4766 3153 4839 σώμασιν,
3184 4766 3328 4840 ἀμνη
3341 4766 3578 4840 μοσύνης
3609 4766 3757 4840 αἷτίᾳ
3785 4774 3905 4831 ταῖς

498 4864 897 4933 recordentur,
929 4862 1124 4917 animo
1158 4859 1607 4932 peregrinantur
1638 4856 1709 4912 ab
1740 4856 1946 4912 amicis
1967 4856 1994 4910 ‘l

2306 4864 2457 4935 ›χαῖς
2488 4859 2531 4893 ²⁶
2562 4852 2908 4928 ἀποδημοῦσι
2939 4860 3056 4918 τοῖς
3090 4854 3275 4933 φίλοις
3308 4876 3323 4929 ;

1838 5006 2079 5066 VARI/E
2130 5013 2534 5069 LECTIONES.

564 5120 606 5155 1°
636 5115 1035 5190 ἀπολιπόμενοί
1066 5123 1123 5173 C.
1162 5122 1201 5154 ¹¹
1234 5118 1269 5190 ᾖ
1300 5112 1446 5190 εἴπερ
1480 5132 1534 5190 p_.
1586 5110 1726 5187 ἤπερ
1757 5118 1825 5190 β.
1850 5115 2209 5190 Δμθιιιίοιιεω
2267 5122 2325 5175 in
2376 5123 2420 5174 Ο
2472 5116 2700 5190 obviam
2749 5115 3031 5190 praevidit
3067 5115 3132 5170 D.
3194 5117 3241 5190 ξ²
3291 5117 3375 5190 με
3408 5120 3486 5190 _0_
3514 5132 3583 5190 c._
3616 5114 3708 5190 12.,

488 5195 633 5246 Tum
663 5182 897 5260 θέλομεν
924 5192 987 5246 Ο.
1038 5192 1081 5226 ¹⁸
1129 5182 1563 5260 ἀπελιμπάνεσθε
1621 5182 1707 5240 υ(
1739 5188 1794 5260 ξι
1845 5182 2085 5260 θλύλλον
2140 5192 2202 5247 Ο.
2261 5194 2303 5229 1⁵
2339 5194 2513 5245 ποιεῖν
2565 5189 2692 5243 cod.
2731 5182 2887 5260 _Reg_.
2936 5186 3040 5260 804
3087 5191 3145 5242 et
3193 5186 3421 5260 Ruf._“
3469 5183 3584 5239 ἐπεί
3749 5186 3900 5260 Tum

486 5256 825 5342 ἐνάγκῃΑεςοξ
844 5263 1101 5335 προάγειν
1137 5256 1640 5342 θοη]·,’0,,.ἀν“ἀγκῃ
1671 5259 1829 5342 τοῦτο
1868 5257 2119 5342 πρράγειν
2268 5264 2325 5318 ἱη
2379 5264 2673 5342 temnunt
2720 5258 2808 5341 9.,
2838 5256 3077 5342 ldivdnm’
3108 5260 3205 5310 τοῦ
3254 5257 3505 5342 πράττειν
3536 5259 3715 5342 ,τοῦτο
3758 5257 3896 5342 .cod.

487 5316 623 5401 Reg.
648 5316 753 5388 8'04
786 5316 1051 5404 Epilomt’s
1083 5316 1221 5389 0.771
1242 5316 1588 5386 "hacc’habe't
1618 5316 1639 5383 ’ί
1673 5327 1893 5404 Ἔπειτα
1913 5316 2003 5394 ’δὲ,
2023 5316 2120 5386 Ιὅτι
2546 5316 2934 5404 ’ἡμερῶν’“δύο
2972 5316 3191 5404 ’ἀνάγκη
3235 5316 3414 5404 rotata
3442 5329 3692 5404 πράττειν
3720 5328 3899 5404 ,ἡμᾶς

482 5396 1033 5475 ἀπολιμπανόμένους
1067 5426 1179 5458 σου.
1226 5405 1494 5458 Fortasse
1528 5405 1723 5475 nostro
1748 5399 1871 5454 loco
1908 5408 2034 5471 post
2063 5402 2276 5475 τούτοις
2326 5402 2381 5459 δέ
2433 5396 2762 5475 addendum
2807 5396 2889 5475 ὅτι
2936 5396 3259 5475 secundum
3372 5402 3415 5475 δ”
3447 5396 3895 5475 κεκελευσάμενοι

482 5478 544 5531 Ο.
581 5470 726 5530 Tum
764 5470 1071 5549 ἐστερῆσθαι
1124 5477 1185 5529 τὸ
1229 5476 1353 5549 ῥρᾷν
1524 5470 1937 5549 minus‘recte.
1994 5476 2035 5549 ξε
2085 5474 2339 5530 ἐλάττονα
2391 5478 2453 5531 Ο.
2508 5477 2549 5510 ¹⁹
2598 5475 2682 5527 lta
2730 5472 2814 5533 S.,
2865 5472 3015 5549 ξμως
3065 5472 3123 5527 C.
3158 5472 3244 5549 O_.,
3280 5474 3325 5507 ²⁰
3370 5471 3483 5525 ἐπεί
3525 5472 3613 5539 0.,
3646 5474 3686 5506 ²¹
3722 5470 3890 5549 θέρη

480 5550 858 5621 mendose}?
885 5537 983 5600 ’ποι
1016 5550 1123 5621 legi
1158 5537 1368 5621 wits
1406 5546 1450 5578 2³
1469 5540 1860 5621 Δῖτροςιςτοιγέντοι
1911 5546 2048 5621 codﬂ
2090 5548 2240 5621 Ιὶοςη
2274 5551 2376 5603 801
2427 5554 2483 5602 et
2529 5552 2618 5621 0;,
2669 5537 3031 5621 προῖτ-αθξντα
3084 5549 3139 5595 C.
3303 5537 3894 5621 13x10,‘ﬂPOGT€_0éVT-I

476 5619 535 5673 in
564 5636 752 5691 marg.
789 5619 835 5691 ²ξ
866 5622 949 5675 lta
974 5628 1017 5675 υ
1048 5612 1101 5674 οῗ
1130 5623 1256 5674 cod.
1296 5618 1431 5691 Reg.
1464 5612 1591 5683 807i,
1625 5612 1884 5691 ὑπόστέῃς
1916 5620 1972 5668 C.
1996 5618 2152 5691 ATum
2186 5612 2336 5673 οἶσθα
2386 5620 2512 5675 cod.
2750 5615 2853 5691 8Q4
2882 5613 3043 5691 jun
3086 5620 3142 5680 Ο,
3178 5616 3298 5691 _O._
3316 5613 3534 5691 Postol
3560 5612 3603 5670 Ο
3657 5614 3786 5691 e_xb_.
3822 5612 3888 5691 εί.

475 5672 1111 5764 εείάἶρλῗμπάγδηξεᾱιο.
1137 5672 1293 5747 ram
1326 5672 1455 5742 ἔνῗοι
1487 5692 1552 5757 o,
1579 5672 1633 5741 'c.
1668 5687 1795 5743 cod.
1820 5672 1959 5759 θέε.
1986 5689 2094 5745 804
2118 5672 2179 5749 ἐι
2203 5672 2349 5764 Epit.
2393 5672 2443 5746 ἐξ
2470 5691 2560 5757 72,
2592 5672 2758 5746 ἐνίοις
2791 5688 2847 5740 c.
2882 5672 3045 5741 ειθίια
3090 5672 3219 5742 cod.
3269 5687 3406 5760 Reg.
3437 5688 3544 5743 sol.
3575 5692 3633 5743 et
3668 5686 3809 5758 Epit.
3843 5689 3888 5743 t.

472 5777 547 5835 0.,
578 5760 673 5825 τὰς
702 5760 882 5839 ψυχάς
911 5762 972 5822 Ο.
1004 5762 1070 5824 Ο.

599 3798 688 3856 lV.
722 3798 822 3854 His
854 3796 1033 3869 igitur
1061 3794 1355 3868 profectis,
1380 3808 1485 3865 ego
1516 3791 1783 3847 Clemens
1814 3790 1980 3846 valde
2011 3791 2171 3863 gavi-

527 3906 630 3945 sus
663 3904 819 3953 sum,
847 3886 1001 3959 quod
1036 3900 1124 3940 me
1147 3899 1344 3939 secum
1372 3898 1499 3936 esse
1518 3880 1813 3935 voluisset.
1833 3884 2019 3951 Atque
2049 3880 2171 3935 haec

527 3978 600 4033 ad
631 3994 765 4032 eum
794 3978 967 4030 verba
998 3974 1261 4046 profero:
1297 3971 1523 4027 Gratias
1564 3986 1669 4041 ago
1701 3969 1839 4034 Deo,
1890 3970 2043 4041 quod
2078 3987 2169 4026 me

526 4083 639 4120 non
681 4064 966 4131 emiseris,
1002 4069 1067 4118 ut
1116 4061 1297 4117 alios:
1334 4076 1468 4114 nam
1520 4076 1633 4130 prae
1683 4057 1879 4112 dolore
1929 4063 2167 4115 enectus

526 4154 791 4209 fuissem.
828 4153 928 4208 Ille
950 4168 1119 4207 vero:
1156 4150 1303 4216 Quid
1329 4156 1544 4215 autem,
1578 4147 1788 4217 inquit,
1822 4147 1868 4201 si
1906 4164 2032 4218 quae
2063 4166 2162 4204 ne-

523 4245 765 4298 cessitas
796 4242 1047 4313 exegerit
1080 4241 1229 4294 mitti
1263 4243 1317 4293 te
1347 4237 1541 4307 aliquo
1574 4235 1851 4291 doctrinze
1874 4237 2160 4307 gratia,tu

520 4332 659 4403 quia
697 4330 1036 4401 aliquandiu
1070 4347 1102 4383 a
1134 4344 1224 4382 me
1258 4326 1476 4381 utiliter
1507 4324 1621 4379 eris
1670 4331 1993 4395 separatus,
2030 4327 2158 4383 ideo

518 4422 782 4475 morieris
804 4420 831 4472 ?
860 4418 1060 4473 Nonne
1092 4416 1306 4488 potius,
1340 4420 1531 4469 tecum
1591 4419 1888 4483 reputans,
1922 4415 2160 4471 terenda

3746 5111 3809 5167 τό
3841 5118 3899 5171 C.
