4112 6344
234 403 360 465 305
1357 406 1893 468 CLEMENTINA.
1927 438 2003 450 —
2045 405 2379 468 HOMILIA
2422 408 2555 469 XII.
3545 401 3664 465 306

305 536 378 587 V.
417 534 581 609 Κάγὼ
626 532 1015 610 ἀπεκρινάμην
1069 537 1162 604 Μὴ
1221 536 1401 590 τοίνυν
1452 536 1672 609 νομίσῃ,
1720 535 1894 610 κύριε,

2081 542 2149 591 V.
2186 539 2251 592 Et
2282 556 2386 609 ego
2420 540 2691 611 respondi
2720 555 2733 593 :
2768 538 2893 594 Noli
2926 541 3119 593 autem
3153 540 3379 607 putare,
3403 534 3659 603 domine,

236 622 325 678 δτι
357 623 427 677 τὰ
459 622 636 693 λύπης
671 624 903 699 πάσχειν
930 622 1182 696 ἤμελλον
1206 623 1737 694 ἀνοήτως,ἀλλάκαὶ
1763 628 1898 677 πάνυ

2014 629 2165 699 quod
2202 629 2377 682 istum
2412 646 2713 682 mcerorem
2751 628 3089 698 insipienter
3108 626 3217 679 sim
3253 641 3657 695 perpessurus,

2013 717 2274 786 quinimo
2308 718 2624 772 admodum
2662 724 2814 771 recta
2835 718 3075 770 ratione.
3098 714 3378 780 Quoniam
3404 714 3556 767 enim
3582 717 3657 779 te,

2010 806 2244 859 domine
2278 808 2377 869 mi,
2414 824 2515 877 pro
2544 807 2817 859 omnibus
2852 805 3055 869 habeo,
3089 822 3189 875 pro
3224 810 3405 874 patre,
3454 809 3656 868 matre,

2013 895 2288 947 fratribus
2319 901 2375 948 et
2408 895 2692 965 cognatis,
2728 894 2823 964 qui
2859 910 2957 963 per
3018 893 3199 946 Deum
3256 898 3457 946 auctor
3515 890 3657 944 mihi

2012 983 2170 1036 fuisti
2212 984 2593 1047 agnoscenda;
2646 982 2975 1036 servatricis
3019 981 3299 1043 veritatis,
3354 980 3407 1033 in
3465 980 3656 1033 locum

2011 1071 2273 1125 omnium
2326 1072 2547 1127 habens
2605 1078 2659 1126 te
2719 1072 2971 1125 maxima
3027 1070 3183 1124 fruor
3243 1069 3657 1124 consolatione.

2010 1165 2292 1215 Praeterea
2322 1162 2538 1217 veritus
2565 1161 2890 1231 juventutis
2914 1178 3053 1214 mea;
3086 1158 3408 1213 naturalem
3442 1174 3657 1213 concu-

2012 1250 2356 1321 piscentiam
2389 1251 2594 1305 anxius
2625 1267 2805 1319 eram,
2840 1266 2911 1304 ne
2970 1250 3134 1315 forte,
3186 1247 3285 1319 qui
3337 1248 3511 1302 homo
3554 1248 3656 1317 ju-

2009 1340 2170 1394 venis
2202 1356 2355 1403 sum,
2391 1340 2722 1409 disjunctus
2755 1356 2787 1393 a
2819 1343 2872 1393 te
2907 1338 3027 1408 (qui
3060 1354 3214 1392 nunc
3260 1336 3340 1391 ita
3388 1338 3653 1391 animum

2012 1428 2234 1493 induxi,
2270 1435 2332 1483 ut
2364 1429 2584 1499 absque
2616 1428 2811 1482 divina
2842 1426 3095 1498 quadam
3126 1425 3211 1480 ira
3241 1442 3353 1479 non
3386 1424 3603 1497 possim
3624 1443 3659 1479 a

2010 1523 2066 1573 te
2097 1518 2335 1588 divelli),
2370 1535 2404 1572 a
2433 1518 2754 1588 cupiditate
2800 1516 3079 1571 vincerer.
3127 1516 3235 1570 Sed
3296 1515 3433 1585 quia
3473 1513 3657 1568 multo

2011 1606 2220 1661 melius
2250 1623 2315 1661 ac
2343 1606 2533 1660 tutius
2562 1610 2671 1668 est,
2706 1622 2797 1660 me
2818 1621 3053 1659 manere
3071 1604 3230 1676 upud
3257 1610 3331 1669 te,
3357 1603 3653 1657 hominem

236 712 391 788 ὀρθῴ
421 734 527 766 τινι
562 713 836 787 λογισμῷ.
878 714 1027 770 Ἐπεὶ
1061 715 1160 789 γάρ
1192 735 1267 784 σε,
1293 713 1444 788 κύριέ
1482 712 1737 785 μου,ἀντὶ
1773 714 1902 766 πάν-

230 824 346 857 των
378 801 516 876 ἔχω,
532 803 734 877 πατρός
762 823 821 856 τε
850 802 939 856 καὶ
978 804 1179 876 μητρὸς
1209 803 1298 856 καὶ
1332 802 1579 880 ἀδελφῶν
1600 802 1687 856 καὶ
1714 823 1902 876 συγγε-

233 895 366 957 νῶν,
400 887 576 945 αἴτιόν
613 912 704 962 μοι
735 890 1021 965 γενόμενον
1057 889 1143 945 διὰ
1172 893 1260 945 τὸν
1295 891 1423 945 Θεόν
1468 899 1568 959 τῆς
1618 893 1899 959 σωζούσης

233 978 526 1048 ἀληθείας,
564 979 676 1033 ἀντὶ
704 980 917 1033 πάντων
953 977 1095 1055 ἔχων
1128 1001 1184 1034 σε
1214 980 1558 1056 παραμυθίας
1608 988 1709 1048 τῆς
1746 980 1897 1055 μεγί-

228 1090 363 1137 στης
393 1068 837 1143 τυγχάνω.ῐ]ρὸς
857 1069 1097 1141 τούτοις,
1117 1067 1307 1130 δεδιώς
1344 1091 1447 1141 μου
1478 1070 1566 1123 καὶ
1596 1076 1695 1138 τῆς
1719 1070 1897 1140 ἀκμῆς

227 1158 330 1224 τὴν
367 1156 431 1211 ἐκ
462 1156 671 1233 φύσεως
724 1156 1034 1228 ἐπιθυμίαν,
1060 1156 1333 1233 ἠγωνίων,
1380 1159 1455 1229 μή
1508 1179 1623 1219 πως
1675 1157 1897 1211 ἀπολει-

227 1244 384 1323 φθείς
419 1267 542 1317 σου,
575 1246 859 1321 ἅνθρωπος
890 1244 962 1299 ὢν
999 1248 1282 1319 νεώτερος,
1317 1245 1481 1321 ὅσπερ
1514 1250 1558 1282 ³⁷
1588 1251 1678 1299 νῦν
1730 1246 1900 1307 οὕτως

228 1334 537 1395 ἓνστάσεως
570 1331 705 1410 ἔχω,
740 1335 813 1395 ὡς
848 1334 905 1388 ἂν
939 1336 1013 1407 μὴ
1049 1336 1183 1389 κατά
1212 1356 1332 1389 τινα
1364 1334 1535 1410 χόλον
1588 1339 1721 1389 Θεοῦ
1769 1335 1899 1389 ἀπο-

224 1422 423 1492 στῆναί
471 1444 569 1477 σου
608 1420 867 1477 ἀδύνατον
916 1423 1047 1478 εἶναι
1078 1423 1349 1497 ²⁸,ἥττων
1408 1427 1561 1483 258
1614 1424 1900 1497 ἐπιθυμίας

226 1510 453 1585 ἔσομαι.
489 1510 651 1568 Ἀλλ’
685 1510 872 1581 ἐπειδὴ
907 1510 1107 1584 πολλῷ
1137 1514 1359 1586 ἄμεινον
1378 1515 1467 1567 καὶ
1502 1513 1895 1591 ἀσφαλέστερον

225 1601 472 1656 συνεῖναί
497 1603 566 1675 μέ
588 1601 909 1674 σοι,τούτῳ,
929 1602 975 1673 ᾧ
990 1602 1075 1655 ²⁹ὁ
1096 1607 1221 1664 νοῦς
1244 1624 1347 1674 μου
1370 1600 1635 1666 αἰδεῖσθαι
1653 1602 1897 1677 εὐλόγως

221 1690 596 1765 προείληφεν,
631 1688 715 1745 διὸ
745 1690 918 1760 πάντη
953 1711 1035 1744 σοι
1076 1693 1121 1727 ³ο
1172 1696 1405 1745 συνεῖναι
1463 1689 1720 1766 εὔχομαι.
1756 1694 1897 1765 Πρὸς

2011 1712 2180 1767 quem
2214 1694 2448 1750 animus
2507 1710 2673 1749 meus
2720 1695 2925 1748 merito
2986 1692 3229 1748 revereri
3260 1692 3533 1757 instituit,
3568 1692 3654 1745 id-

219 1778 451 1841 τούτοις
486 1777 547 1833 δὲ
580 1778 864 1853 μέμνημαί
895 1800 994 1833 σου
1018 1778 1067 1832 ἐν
1104 1779 1394 1854 Καισαρείᾳ
1426 1780 1696 1842 εἰπόντος·
1726 1778 1791 1834 Ei’
1815 1802 1898 1843 τις

2011 1786 2160 1840 circo
2192 1785 2428 1839 omnino
2460 1788 2650 1838 tecum
2699 1800 2824 1838 esse
2882 1787 3037 1854 opto.
3097 1782 3179 1836 Ad
3238 1781 3361 1835 haec
3414 1781 3652 1835 memini

222 1866 495 1943 βούλεταί
531 1889 621 1940 μοι
657 1865 990 1937 συνοδεῦσαι,
1044 1864 1277 1929 εὐσεϐῶς
1323 1866 1651 1923 συνοδευέτω
1691 1872 1757 1925 ⁸¹.
1794 1869 1895 1923 Εὐ-

294 1952 363 1975 ρο
445 1954 491 1975 δκ
537 1956 557 1973 ιι
761 1958 772 1971 ι
902 1954 949 1975 μ’
1056 1956 1074 1975 π
1197 1962 1218 1973 ν
1388 1960 1399 1974 ι
1444 1966 1473 1975 Α
1515 1959 1527 1975 ς
1650 1960 1669 1975 ν
1776 1958 1788 1975 3

2011 1880 2061 1929 te
2090 1875 2243 1945 apud
2278 1875 2596 1929 Caesaream
2632 1873 2885 1927 dixisse:
2918 1872 2989 1926 Se
3020 1870 3153 1943 quis
3184 1870 3298 1924 vuli
3334 1886 3424 1924 me
3476 1871 3654 1925 comi-

294 1952 363 1975 ρ-
445 1954 469 1975 δ

227 1954 409 2017 σεῧῶς
443 1954 502 2011 δὲ
534 1956 689 2034 ἔφης,
721 1958 784 2012 τὸ
814 1954 1023 2029 μηδένα
1056 1956 1244 2011 λυπεῖν
1274 1960 1408 2011 κατὰ
1440 1959 1585 2029 Θεὸν,
1621 1960 1731 2012 οἷον
1765 1958 1897 2012 ἀποο

229 2042 473 2101 λιπόντα
506 2048 554 2083 ³²
585 2052 783 2120 γονεῖς,
815 2052 1041 2121 γυναῖκα
1074 2047 1371 2124 ὁμόφρονα.
1406 2048 1439 2115 ἢ
1486 2046 1703 2123 ἑτέρους
1750 2048 1899 2111 τινὰς

224 2139 300 2208 τῇ
353 2130 637 2206 Θεοσεϐείᾳ
691 2135 1140 2209 προσκειμένους.
1175 2139 1333 2199 ’Όθεν
1386 2136 1496 2211 ἐγὼ
1552 2136 1688 2191 κατὰ
1731 2136 1902 2190 πάντα

222 2222 551 2295 ἐπιτήδειός
601 2223 715 2296 εἰμί
764 2245 847 2279 σοι
899 2224 1311 2299 συνοδοιπόρος,
1362 2226 1408 2297 ᾧ
1458 2224 1502 2279 εί
1551 2226 1639 2279 καὶ
1682 2226 1749 2279 τὰ
1806 2225 1899 2298 μέ-

227 2334 400 2389 γιστα
430 2312 651 2389 χαρίζῃ,
682 2315 779 2375 τὰς
830 2311 1044 2369 δούλων
1100 2335 1193 2387 μοι
1245 2314 1540 2389 ὑπηρεσίας
1592 2320 1899 2390 συγχωρεῖς

229 2424 303 2457 πο
313 2424 359 2457 ιε
371 2424 436 2459 ιν.

306 2493 409 2547 γι.
446 2491 550 2547 Καὶ
583 2491 611 2545 ὁ
646 2491 867 2567 Πέτρος,
901 2490 1156 2556 ἀκούσας,
1200 2489 1501 2566 γελοιάζων
1553 2490 1675 2570 ἔφη·
1708 2493 1766 2545 Τί
1812 2490 1900 2546 οὖν

237 2577 372 2645 οἶέι,
407 2578 672 2651 Κλήμης,
707 2581 782 2651 μή
822 2581 909 2634 ὑπ’
959 2580 1126 2650 αὐτῆς
1178 2580 1414 2655 ἀνάγκης
1455 2603 1511 2635 σε
1559 2581 1633 2643 εἷς
1686 2578 1897 2636 δούλων

241 2690 342 2741 μοι
374 2676 609 2743 ταγῆναι
639 2668 845 2737 τόπον;
880 2670 1028 2724 Ἐπεὶ
1058 2669 1141 2731 τίς
1189 2670 1284 2731 τὰς
1334 2668 1503 2731 καλάς
1548 2669 1637 2723 καὶ
1689 2668 1901 2731 πολλὰς

239 2755 491 2818 σινδόνας
526 2758 660 2830 μετὰ
689 2762 796 2811 τῶν
832 2757 1111 2831 ἑπομένων
1149 2779 1241 2830 μοι
1294 2756 1593 2813 δακτυλίων
1643 2759 1731 2814 καὶ
1775 2759 1902 2813 ὑπο-

238 2844 454 2916 ὂτςσεων
492 2844 713 2923 φυλάξει
739 2866 751 2914 ;
782 2847 874 2909 Τίς
916 2844 973 2901 δὲ
1014 2848 1104 2902 καὶ
1158 2848 1224 2902 τὰ
1281 2845 1415 2917 ἡδέα
1470 2848 1558 2902 καὶ
1617 2847 1895 2917 πολυτελῆ

235 2932 346 3009 ὄψα
381 2939 428 2972 ³⁸
458 2936 869 3011 προετοιμάσει,
902 2937 1075 3004 ἅτινα,
1108 2936 1334 2992 ποικίλα
1365 2934 1511 3007 ὄντα,
1548 2935 1776 2991 πολλῶν
1810 2937 1898 2992 καὶ

229 3029 501 3100 τεχνιτῶν
554 3027 600 3061 ³⁴
648 3022 819 3079 δεῖται
872 3025 1166 3100 μαγείρων,
1215 3026 1305 3079 καὶ
1356 3027 1527 3080 πάντα
1585 3025 1761 3080 ἐκεῖνα
1802 3024 1900 3079 ὅσα

232 3112 737 3185 ἒκτεϐηλυμμένων
772 3116 819 3150 ⁸⁸
853 3114 1154 3190 ἀνθρώπων
1214 3114 1290 3176 ὡς
1333 3116 1507 3187 Θηρίῳ
1560 3113 1786 3189 μεγάλῳ
1828 3119 1897 3188 τῇ

232 3201 503 3274 ἐπιθυμίᾳ
551 3201 610 3257 ἐκ
658 3202 835 3273 πάσης
884 3202 1199 3273 πλεονεξίας
1249 3203 1571 3277 πορισθέντα
1620 3203 1896 3276 ἑτοιμάζε-

2013 1964 2142 2032 tari,
2179 1964 2267 2034 pie
2299 1964 2627 2017 comitetur.
2666 1962 2761 2015 Pie
2790 1965 2981 2015 autem
3045 1960 3297 2023 dicebas,
3363 1959 3653 2014 neminem

2012 2052 2254 2108 tristitia
2284 2052 2607 2107 secundum
2633 2052 2810 2105 Deum
2832 2052 3081 2113 afﬁcere,
3103 2049 3262 2103 velut
3278 2048 3657 2119 relinquendo

2012 2147 2303 2215 parentes,
2339 2158 2575 2195 uxorem
2609 2140 2973 2205 unanimem,
3005 2144 3105 2192 aut
3132 2138 3276 2193 alios
3322 2154 3464 2192 verae
3518 2137 3657 2191 reli-

2010 2232 2169 2304 gioni
2201 2232 2484 2285 addictos.
2523 2230 2684 2285 Unde
2714 2246 2818 2301 ego
2845 2244 3085 2299 prorsus
3142 2227 3246 2281 tibi
3305 2243 3435 2281 sum
3486 2232 3658 2297 aptus

2011 2321 2237 2375 itineris
2266 2337 2480 2388 comes,
2514 2337 2547 2373 a
2578 2336 2693 2390 quo
2727 2318 2773 2371 si
2809 2318 3123 2372 maximam
3154 2316 3296 2371 velis
3334 2315 3479 2370 inire
3526 2332 3656 2388 gra-

2009 2411 2174 2475 tiam,
2208 2408 2535 2463 ministeria
2564 2424 2861 2462 servorum
2896 2406 3054 2460 obire
3095 2405 3236 2460 mihi
3284 2405 3584 2459 concedes.

2082 2499 2173 2553 VI.
2211 2500 2324 2552 Hoc
2356 2498 2573 2563 audito,
2606 2500 2812 2551 Petrus
2844 2494 3156 2550 subridens
3187 2494 3301 2549 ait:
3333 2494 3479 2559 Quid
3521 2509 3656 2565 ergo

2012 2593 2204 2659 putas,
2236 2586 2521 2657 Clemens,
2553 2586 2705 2657 quod
2742 2602 2855 2639 non
2888 2586 3017 2656 ipsa
3073 2584 3418 2638 necessitate
3477 2586 3539 2636 tu
3595 2581 3656 2637 in

2011 2692 2308 2733 servorum
2345 2675 2535 2730 locum
2570 2675 2711 2728 mihi
2736 2673 3067 2745 redigeris?
3098 2677 3242 2726 Nam
3276 2671 3375 2738 qui
3424 2670 3655 2742 elegan-

2013 2770 2097 2820 tes
2129 2782 2193 2819 ac
2228 2763 2440 2819 multas
2474 2763 2751 2819 sindones
2783 2778 2918 2816 cum
2968 2760 3261 2831 adjunctis
3318 2759 3555 2815 annulis
3601 2762 3658 2813 et

2010 2854 2214 2910 calceis
2242 2852 2384 2908 mihi
2416 2852 2703 2907 custodiet
2724 2851 2751 2905 Ῡ
2777 2851 2917 2915 Quis
2946 2868 3079 2905 vero
3109 2854 3166 2905 et
3196 2851 3397 2904 suavia
3451 2848 3657 2919 exqui-

2010 2944 2239 3015 sitaque
2269 2942 2513 3013 opsonia
2551 2939 2917 3012 praeparabit,
2971 2957 3095 3011 quae
3135 2956 3268 2993 cum
3315 2939 3472 2993 varia
3516 2937 3653 3007 sint,

2011 3032 2228 3086 multos
2259 3048 2324 3085 ac
2356 3031 2572 3101 peritos
2604 3029 2903 3100 postulant
2934 3045 3151 3099 coquos
3179 3044 3191 3083 :
3224 3032 3279 3081 et
3308 3027 3505 3081 omnia
3532 3026 3652 3092 illa,

2010 3138 2140 3192 quae
2160 3121 2313 3192 apud
2343 3119 2705 3174 effeminatos
2736 3118 3004 3173 homines
3023 3117 3347 3188 cupiditati,
3372 3122 3654 3185 tanquam

2011 3210 2255 3265 immani
2299 3210 2518 3275 bestiae,
2573 3225 2674 3279 per
2732 3224 2963 3261 omnem
3025 3206 3273 3276 quaesita
3330 3204 3529 3258 luxum
3589 3220 3654 3258 ac

228 3311 369 3359 11:;
415 3290 569 3359 Πλὴν
620 3293 655 3361 ἡ
706 3294 751 3327 ⁸⁸
798 3291 1022 3362 τοιαύτη
1076 3313 1131 3346 σε
1189 3292 1501 3368 προαίρεσις
1557 3292 1898 3361 ὑπεισῆλθεν,

2016 3301 2275 3354 fraudem
2311 3278 2637 3370 parantur?
2667 3297 2770 3351 Sed
2809 3295 3002 3350 forsan
3044 3295 3150 3350 hoc
3196 3299 3252 3349 te
3302 3294 3484 3348 subiit
3524 3310 3655 3364 pro-

232 3377 373 3441 ἴσως
437 3381 514 3453 μὴ
577 3380 798 3435 συνέντα
852 3381 941 3435 καὶ
1000 3382 1089 3435 τὸν
1140 3380 1268 3454 ἐμὸν
1321 3382 1610 3457 ἀγνοοῦντα
1645 3381 1779 3457 βίον,
1814 3381 1895 3437 ότι

236 3468 390 3543 ἄρτῳ
429 3465 580 3541 μόνῳ
625 3470 714 3523 καὶ
762 3468 968 3532 ἐλαίαις
1019 3476 1266 3547 χρῶμαι,
1293 3471 1381 3524 καὶ
1427 3470 1663 3533 σπανίως
1721 3469 1896 3547 λαχά-

236 3579 381 3622 νοις,
414 3557 505 3611 καὶ
538 3557 622 3611 ὅτι
651 3558 868 3630 ἱμάτιόν
929 3580 1020 3631 μοι
1070 3560 1157 3613 καὶ
1204 3555 1490 3633 τριϐώνιον
1666 3561 1897 3636 ὑπάρχει

237 3648 392 3701 τοῦτ’
417 3650 461 3683 ⁸⁷
494 3646 622 3700 αὐτὸ
654 3647 682 3700 ’ὀ
722 3642 1154 3723 περιϐέϐλημαι,
1187 3648 1276 3702 καὶ
1329 3646 1512 3724 ἑτέρου
1562 3648 1749 3723 χρείαν
1802 3648 1901 3703 οὐκ

239 3734 361 3811 ἔχω
394 3732 522 3789 οὐδὲ
552 3738 702 3793 259
730 3734 913 3791 ἄλλων
934 3737 1217 3794 τινῶν.Ἐν
1234 3738 1335 3811 γὰρ
1356 3735 1571 3798 τούτοις
1602 3738 1690 3792 καὶ
1722 3758 1900 3812 περισ-

238 3824 495 3896 σεύομαι.
530 3826 591 3881 Ὀ
616 3828 747 3885 νοῦς
778 3826 879 3899 γάρ
934 3845 1060 3897 μου,
1091 3826 1159 3879 τὰ
1205 3824 1314 3880 ἐκεῖ
1360 3827 1532 3879 πάντα
1577 3827 1717 3900 ὁρῶν
1766 3826 1896 3879 aid)-

238 3935 333 3968 νια
390 3913 580 3987 ἀγαθά,
614 3910 767 3967 οὐδὲν
822 3918 929 3967 τῶν
992 3914 1215 3968 ἐνταῦθα
1260 3909 1664 3989 περιϐλέπεται.
1719 3915 1897 3984 Πλὴν,

240 4006 345 4058 σοῦ
379 4004 473 4075 μὶν
500 4004 599 4070 τήν
630 4003 835 4077 ἀγαθὴν
877 4003 1188 4080 προαίρεσιν
1242 4001 1608 4079 ἀποδέχομαι,
1639 4005 1727 4059 καὶ
1772 4007 1896 4058 θαυ-

242 4091 435 4165 μάζων
481 4091 703 4159 ἐπαινῶ,
737 4096 853 4153 πῶς
900 4092 1036 4167 ἀνὴρ
1087 4092 1146 4147 ἐκ
1187 4092 1505 4148 πολυτελῶν
1554 4092 1685 4147 ἐθῶν
1739 4094 1903 4169 ὑπάρ-

239 4201 365 4255 χων
414 4178 610 4255 ῥᾳδίως
656 4186 774 4243 τοῖς
822 4180 1128 4257 ἀναγκαίοις
1176 4183 1266 4235 τὸν
1310 4186 1533 4235 σεαυτοῦ
1581 4182 1898 4253 ὑπήλλαξας

246 4269 392 4345 βίον.
426 4270 614 4342 Ἡμεῖς
658 4270 761 4345 γὰρ
812 4267 870 4323 ἐκ
916 4266 1148 4338 παίδων,
1182 4269 1286 4345 ἐγώ
1331 4291 1391 4324 τε
1436 4270 1524 4323 καὶ
1577 4268 1827 4345 Ἀνδρέας
1871 4272 1898 4325 ὁ

245 4357 511 4431 σύναιμος
560 4358 649 4412 καὶ
700 4359 835 4412 κατὰ
882 4358 1010 4413 Θεὸν
1051 4356 1285 4435 ἀδελφὸς
1332 4356 1404 4413 ὣν
1454 4358 1606 4431 ἐμὸς,
1642 4359 1703 4413 οὐ
1738 4359 1899 4432 μόνον

246 4445 303 4501 ἐν
360 4445 589 4524 ὀρφανίᾳ
632 4446 1040 4522 ἀνατραφέντες,
1085 4444 1231 4500 ἀλλὰ
1276 4447 1365 4501 καὶ
1421 4448 1522 4501 ὑπὸ
1579 4447 1760 4510 πενίας
1809 4450 1897 4503 καὶ

246 4536 551 4610 κακουχίας
602 4536 678 4597 είς
748 4534 995 4609 ἐργασίαν
1046 4538 1090 4571 ⁸⁸
1140 4534 1455 4604 ἐθισθέντες,
1507 4536 1756 4612 εὐμαρῶς
1805 4542 1895 4592 νῦν

2008 3389 2287 3461 positum,
2323 3389 2460 3459 quia
2493 3404 2606 3441 non
2634 3384 2983 3440 intellexeris
3014 3390 3186 3454 atque
3246 3383 3478 3453 ignores
3526 3382 3653 3437 vitaa

2009 3494 2148 3532 mem
2182 3476 2485 3542 rationem,
2522 3474 2621 3545 qui
2655 3490 2801 3546 pane
2833 3472 2955 3528 solo
2987 3477 3043 3527 et
3074 3472 3241 3527 olivis
3300 3482 3448 3541 utor,
3504 3487 3653 3526 rare-

2009 3582 2122 3637 que
2144 3563 2419 3632 oleribus,
2440 3564 2658 3633 quique
2681 3560 3096 3615 vestimentum
3119 3576 3183 3613 ac
3208 3558 3447 3629 pallium
3470 3559 3653 3613 habeo

2008 3655 2116 3709 hoc
2150 3655 2342 3725 ipsum
2377 3669 2493 3722 quo
2524 3652 2777 3705 amictus
2810 3666 2964 3716 sum,
2997 3653 3054 3703 et
3085 3647 3197 3703 alio
3226 3665 3373 3718 opus
3407 3665 3519 3703 non
3554 3648 3654 3701 ha-

2008 3743 2134 3811 beo,
2159 3759 2347 3812 neque
2382 3740 2497 3795 ulla
2528 3756 2608 3794 re.
2635 3744 2778 3793 Nam
2812 3738 2870 3792 in
2906 3739 2995 3793 his
3024 3738 3198 3793 etiam
3232 3738 3464 3792 abunde
3512 3736 3656 3790 mihi

2007 3836 2114 3887 est.
2148 3834 2272 3885 Mea
2302 3830 2516 3901 quippe
2558 3845 2723 3884 mens
2781 3844 3025 3881 cernens
3082 3826 3199 3881 illic
3260 3826 3460 3880 omnia
3508 3827 3655 3880 bona

2008 3925 2240 3983 aeterna,
2276 3918 2417 3972 nihil
2450 3934 2645 3972 eorum
2675 3933 2801 3987 quae
2835 3916 2924 3970 hic
2958 3920 3097 3970 sunt
3127 3914 3353 3986 aspicit.
3385 3916 3653 3968 Attamen

2008 4014 2176 4064 tuum
2208 4007 2505 4078 egregium
2539 4005 2797 4077 approbo
2840 4004 3196 4069 institutum,
3242 4001 3535 4073 mirorque
3587 4019 3653 4058 ac

2007 4096 2202 4162 laudo,
2248 4113 2361 4168 quo
2395 4095 2567 4149 modo
2598 4110 2730 4147 cum
2783 4093 2865 4147 sis
2920 4092 3008 4146 vir
3037 4092 3095 4146 in
3142 4092 3259 4146 vita
3308 4096 3657 4162 sumptuosa

2007 4186 2311 4254 educatus,
2345 4184 2509 4239 facile
2548 4181 2772 4237 vivendi
2820 4182 3100 4236 rationem
3149 4180 3550 4235 immutaveris
3599 4185 3655 4236 et

2009 4276 2079 4330 ad
2113 4274 2239 4328 sola
2270 4271 2595 4327 necessaria
2624 4269 2971 4325 traduxeris.
3006 4273 3124 4324 Nos
3181 4269 3338 4323 enim
3385 4286 3418 4324 a
3448 4285 3650 4341 puero,

2008 4380 2113 4436 ego
2143 4368 2199 4417 et
2230 4362 2516 4427 Andreas,
2552 4360 2648 4431 qui
2670 4360 2932 4429 ejusdem
2961 4375 3189 4413 mecum
3214 4359 3522 4430 sanguinis
3540 4364 3647 4426 est,

2008 4467 2292 4522 meusque
2318 4450 2642 4505 secundum
2674 4449 2854 4502 Deum
2888 4449 3083 4511 frater,
3110 4464 3220 4501 non
3257 4447 3445 4501 solum
3470 4448 3524 4500 in
3548 4464 3652 4517 pu-

2009 4540 2215 4612 pillatu
2256 4536 2507 4605 educati,
2544 4552 2743 4591 verum
2776 4536 2952 4591 etiam
2986 4540 3221 4606 propter
3276 4535 3532 4603 inOpiam
3598 4538 3655 4589 et

246 4624 348 4686 τὰς
402 4628 510 4678 τῶν
568 4621 707 4679 ὁδῶν
757 4625 990 4701 φέρομεν
1044 4622 1317 4687 σκύλσεις.
1370 4626 1552 4696 Ὅθεν,
1584 4624 1629 4679 εί
1679 4624 1893 4680 ἐπείθου

2011 4644 2297 4685 aerumnas
2328 4626 2398 4681 ad
2432 4624 2689 4681 laborem
2721 4624 3054 4691 assuefacti,
3087 4624 3351 4695 expedite
3382 4638 3537 4678 nunc
3563 4622 3654 4677 iti-

1596 4777 1835 4835 VARUE
1892 4778 2301 4836 LECTIONES.

319 4894 363 4927 ³⁷
395 4890 559 4965 ὅσπερ
617 4891 708 4965 D,_
745 4889 875 4965 ὅπερ
933 4894 991 4961 C,
1041 4893 1112 4965 Οἶ
1163 4890 1310 4965 Tum
1372 4891 1445 4953 ὡς
1476 4891 1535 4945 ἂν
1574 4894 1646 4964 μή
1685 4899 1745 4948 D.
1779 4892 1875 4948 κᾶν
1904 4897 1963 4963 Ο,
1997 4897 2061 4963 Ο,
2092 4894 2165 4955 ὡς
2190 4926 2258 4934 -
2288 4890 2335 4946 εἴ
2367 4891 2443 4964 μὴ
2476 4922 2546 4965 —-_
2574 4892 2733 4965 Epit.
2766 4890 2936 4965 o._73,
2968 4888 3041 4949 ὡς
3070 4884 3165 4965 κᾶν
3200 4890 3350 4965 conj.
3384 4888 3647 4965 S.‘_Dein-

242 4979 384 5035 cepa
414 4960 709 5031 ἀποστῆναί
926 4964 1066 5034 Epit.
1097 4962 1525 5035 1.-ο.,ᾐάποστεῖν
1555 4960 1613 5019 C.

1692 4966 1737 5001 πο
1768 4968 2045 5038 ItaEpit.,
2079 4966 2124 5019 εί
2153 4971 2211 5021 c.
2246 4966 2309 5020 0.

2386 4958 2439 4999 ’9'
2454 4958 2685 5034 1061:..ch
2717 4963 2846 5033 (sic)
2879 4958 2980 5034 pro
3004 4958 3187 5034 τούτῳ
3217 4961 3262 5031 ᾦ
3293 4961 3358 5016 Ο.
3437 4962 3482 4996 ³ο
3512 4960 3645 5034 πάν-

236 5029 366 5089 τοτέ
397 5054 479 5087 σοι
509 5040 573 5090 Ο.
611 5029 703 5108 -³¹,
726 5029 977 5108 εὐσεϐῶς
1011 5030 1339 5108 συνοδευέτω
1397 5036 1607 5108 om.
1644 5038 1796 5092 Idem
1858 5029 2043 5091 λυπεῖν
2080 5056 2123 5093 c.
2163 5038 2289 5108 eqd.
2324 5036 2461 5108 Reg.
2494 5036 2618 5104 804,
2653 5029 2857 5086 λυποῦν
2880 5029 2950 5100 Ὀ,
2975 5029 3243 5108 -λυπῇσαι
3294 5034 3439 5108 Epit.
3474 5049 3531 5108 ο..
3554 5032 3644 5085 73.

240 5108 293 5143 ³³
348 5108 435 5162 Ita
490 5108 628 5177 Epit.
664 5106 728 5177 _l.
790 5123 865 5172 0.,
924 5102 1209 5158 ἀπολιπών
1242 5110 1373 5160 CO.

1452 5109 1498 5142 ³³
1530 5102 1637 5179 ὄψα
1665 5111 1788 5179 Epit
1842 5127 1890 5164 c.
1924 5112 1994 5165 74
2024 5116 2080 5166 et
2109 5112 2175 5173 Ο,
2207 5102 2313 5179 ὅψη
2350 5102 2411 5162 C.

236 5182 297 5234 Β.
370 5179 418 5214 ³⁸
454 5175 600 5245 πλὴν
633 5175 678 5231 εἰ
711 5178 839 5234 00d.
870 5178 1009 5250 Reg.
1039 5178 1145 5232 804
1172 5181 1230 5233 et
1258 5178 1324 5232 Ο.
1354 5179 1503 5234 Tum
1545 5175 1787 5233 συνιέντα
1816 5182 1933 5252 epit
2006 5184 2049 5217 ³⁷
2078 5175 2321 5234 τοῦτοὈί.
2397 5178 2441 5213 ³⁸
2472 5175 2745 5252 ἐργατείαν
2779 5176 2906 5232 cod.

2486 5108 2532 5141 ³⁸
2576 5101 2837 5229 τέχίνικῶν
2899 5104 3034 5229 θῗέι.
3111 5105 3155 5137 ⁸⁵
3204 5101 3643 5175 ἐκτεθηλυμένων

2486 5177 2662 5229 ἑογατε
2688 5197 2745 5229 αν
2779 5176 2906 5229 cod.
2993 5191 3081 5229 ea.
3114 5175 3217 5229 804
3248 5180 3305 5229 et
3334 5175 3399 5229 Ο.

2993 5191 3081 5246 eg.
3114 5175 3217 5230 804
3248 5180 3305 5229 et
3334 5175 3399 5231 Ο.

1623 5331 2005 5390 VARIORUM
2044 5330 2277 5388 NOTIE.

335 5447 428 5513 35)
455 5437 753 5517 Τριϐώνιον
812 5446 1229 5501 Tribunarium
1283 5444 1498 5500 dicitur
1545 5462 1659 5501 non
1710 5447 1888 5503 semel

240 5518 300 5573 in
322 5516 666 5598 Narratione
697 5517 767 5572 de
800 5517 1097 5598 Apollonio
1125 5517 1610 5598 Tyrio,‘Augustaz
1638 5518 1887 5598 Yindeli:

241 5606 443 5645 corum
468 5588 641 5655 edita,
666 5605 768 5661 pro
792 5588 1565 5661 tribonariumiz‘Nedespicias
1586 5591 1892 5661 tribunarii

240 5653 1041 5735 paupertatemestnautem
1099 5653 1399 5735 τριϐῴνωνξ
1454 5677 1555 5715 seu
1612 5655 1887 5735 τριϐόνιον

240 5679 640 5733 paupertatem.
698 5679 794 5715 usu
844 5679 1041 5715 antem
1099 5680 1127 5712 τ
1169 5680 1385 5711 ιοωνιον
1454 5679 1555 5715 seu
1612 5679 1887 5735 τριοονιον

239 5732 763 5807 grammaticorum
795 5730 932 5789 ﬁliis
960 5731 1021 5786 τὸ
1046 5679 1276 5788 παλαιὸν
1308 5730 1397 5785 καὶ
1421 5731 1778 5809 τετριμμένον
1826 5732 1888 5786 τὸ

2002 5443 2241 5518 ἱμάτιονο
2281 5452 2771 5518 κατατετριμμένον
2827 5441 3017 5518 ῥάκοςσ-
3063 5439 3411 5518 παλλίονΔ-Ιῐι
3452 5444 3647 5518 _Aus_o-

2000 5514 2115 5589 nio,
2148 5514 2623 5589 epigramm.'52,'
2644 5514 2848 5589 tribon'.
2888 5514 3058 5569 Paulo
3091 5521 3223 5589 ante
3256 5514 3426 5589 Di_ber
3452 5514 3643 5589 Regis,

1998 5586 2143 5716 ἕλην
2180 5585 2229 5641 εἴ
2250 5585 2501 5655 τοιαύτη.
2536 5589 2603 5641 Et
2633 5588 2741 5641 sub
2800 5587 2974 5642 finem
3030 5586 3255 5659 capitis,
3314 5585 3643 5660 έργαστείαν.

2042 5678 2128 5715 0T.
