4112 6344
499 467 617 530 307

1305 469 1371 528 S.
1417 468 1859 530 CLEMENTIS
1905 466 1929 528 Ι
1975 465 2167 528 ROM.
2215 465 2446 526 PUNT.
2494 464 2756 526 OPERA
2799 464 3066 527 DUBIA.

3792 460 3922 525 308

495 618 703 659 nerum
735 602 1065 657 vexationes
1096 602 1360 657 ferimus.
1394 601 1580 664 Quare
1609 602 1658 656 si
1685 603 1950 657 crederes
1974 599 2138 669 mihi,

2275 617 2377 664 1.0L,
2421 595 2546 668 ἐμοὶ
2600 599 2657 651 ἂν
2718 596 3181 672 συγκεχωρήκεις,
3233 591 3381 671 ἀνδρὶ
3434 592 3657 671 ἐργάτῃ,
3711 594 3794 649 σοὶ
3852 593 3927 650 τὰ

495 709 797 748 servorum
830 691 1022 747 ofﬁcia
1053 707 1167 762 me,
1206 690 1503 747 hominem
1537 691 1892 764 operarium,
1917 691 2021 745 tibi
2046 691 2153 744 im-

496 781 752 854 pendere
784 781 1151 835 concederes.

568 868 687 924 VII.
724 873 793 924 At
823 885 927 941 ego
961 868 1078 923 haec
1111 868 1358 923 audiens
1386 868 1714 923 contremui
1766 872 1824 923 et
1870 866 2152 938 collacry-

501 958 673 1023 mavi,
733 959 885 1029 quod
932 959 1107 1013 talem
1156 958 1461 1012 habuisset
1511 957 1831 1012 orationem
1904 957 1989 1010 vir
2037 972 2152 1027 quo

503 1047 695 1102 cuncti
739 1048 918 1118 hujus
963 1046 1146 1101 aetatis
1195 1046 1463 1101 homines
1510 1045 1735 1101 ratione
1786 1044 2043 1101 scientiae
2086 1061 2153 1099 ac

504 1136 740 1208 pietatis
771 1136 1027 1191 minores
1058 1142 1213 1190 sunt.
1250 1136 1399 1189 Tum
1449 1134 1546 1189 ille
1595 1135 2015 1206 Iacrymantem
2064 1150 2154 1189 me

502 1226 705 1281 videns
737 1242 973 1280 causam
1003 1224 1394 1296 lacrymarum
1430 1224 1895 1295 percontabatur.
1933 1223 2002 1277 Et
2048 1239 2153 1294 ego

504 1315 808 1386 respondi:
844 1314 990 1376 Quid
1053 1317 1283 1368 tantum
1341 1313 1593 1383 peccavl,
1645 1315 1709 1365 ut
1755 1311 1897 1365 mihi
1950 1312 2153 1382 huius-

504 1402 662 1458 modi
694 1402 981 1474 proferres
1016 1401 1387 1457 sermonem?
1419 1402 1487 1456 Et
1538 1404 1744 1455 Petrus
1792 1399 2043 1472 excepit:
2096 1399 2156 1454 Si

505 1492 726 1547 malum
758 1496 867 1556 est,
906 1491 1061 1562 quod
1097 1491 1234 1556 dixi,
1284 1494 1349 1545 ut
1396 1490 1644 1545 serviam
1698 1489 1828 1556 tibi,
1879 1493 1943 1544 tu
1998 1489 2157 1561 prior

504 1580 778 1652 peccasti,
814 1579 923 1634 hoc
957 1579 1095 1634 mihi
1133 1578 1439 1649 postulans
1470 1578 1677 1633 facere.
1712 1578 1781 1632 Et
1829 1593 1973 1649 ego:
2029 1581 2154 1631 Non

504 1673 613 1739 est,
670 1668 937 1738 inquam,
982 1666 1215 1723 simile:
1270 1683 1363 1721 me
1411 1666 1566 1721 enim
1610 1666 1720 1721 hoc
1775 1682 1945 1737 agere
1995 1666 2158 1721 decet

507 1757 764 1823 omnino,
798 1762 853 1811 te
878 1762 1094 1820 autem,
1121 1756 1222 1827 qui
1245 1773 1307 1811 es
1338 1756 1434 1810 Dei
1470 1772 1655 1827 praeco
1685 1759 1743 1810 et
1775 1761 2007 1810 nostras
2033 1772 2154 1811 ser-

508 1863 610 1901 vas
642 1846 891 1911 animas,
930 1845 983 1899 id
1021 1845 1162 1899 mihi
1206 1846 1394 1899 facere
1442 1861 1614 1915 grave
1654 1849 1773 1921 est.
1826 1845 1895 1899 Et
1949 1845 2156 1899 Petrus

2263 683 2474 741 δούλων
2514 683 2874 762 ἀποπληροῦν
2908 685 3045 760 μέρη
3058 728 3071 741 .

2331 864 2448 917 VII.
2479 864 2622 937 Ἐγὼ
2653 861 2710 918 δὲ
2740 861 2973 925 ἀκούσας
3005 861 3306 938 σύντρομος
3350 856 3615 937 ἐγενόμην
3662 862 3753 917 καὶ
3806 860 3929 917 ἐπί-

2263 949 2480 1027 δακρυς,
2514 955 2630 1007 οἷον
2662 952 2823 1029 λόγον
2858 952 3002 1007 εἶπεν
3033 952 3191 1026 ἀνὴρ,
3218 951 3279 1005 οὒ
3333 952 3524 1013 πάντες
3573 952 3625 1005 οἱ
3672 958 3776 1020 τῆς
3824 949 3923 1006 νῦν

2260 1046 2439 1116 γενεᾶς
2473 1042 2745 1114 ἄνθρωποι
2776 1040 2855 1113 τῷ
2885 1044 2983 1109 τῆς
3014 1041 3292 1114 γνώσεως,
3314 1040 3403 1094 καὶ
3446 1034 3716 1101 εὐσεϐείας
3765 1038 3926 1114 λόγῳ

2263 1126 2460 1196 ἥττους
2491 1131 2538 1165 ³9
2574 1130 2956 1205 τυγχάνουσιν.
2989 1130 3050 1184 Ὀ
3082 1125 3159 1199 δὲ,
3196 1125 3324 1182 ἰδών
3364 1149 3430 1200 με
3470 1125 3780 1205 σύνδακρυν,
3812 1133 3929 1184 τῶν

2266 1214 2509 1292 δακρύων
2544 1218 2771 1282 ἐπύθετο
2801 1219 2899 1287 τὴν
2932 1218 3127 1274 αἰτίαν.
3163 1218 3331 1293 Κάγὼ
3363 1214 3517 1295 ἔφην·
3553 1217 3612 1271 Τί
3667 1222 3923 1273 τοιοῦτον

2264 1305 2533 1382 ἥμαρτον,
2562 1304 2653 1361 ἵνα
2708 1328 2800 1375 μοι
2840 1307 3092 1361 τοιοῦτον
3127 1309 3172 1343 ⁸ο
3202 1304 3353 1381 εἷ’πῃς
3384 1306 3589 1381 λόγον;
3624 1309 3721 1360 Καὶ
3754 1307 3781 1361 ὁ
3815 1308 3927 1361 Πέ-

2262 1414 2389 1469 τρος
2447 1394 2791 1470 ἀπεκρίνατο·
2822 1394 2884 1449 Εἰ
2939 1395 3035 1469 μὶν
3085 1400 3263 1457 κακῶς
3315 1415 3507 1471 ειρηκα
3536 1395 3597 1450 τὸ
3630 1392 3927 1451 δουλεῦσαί

2265 1503 2370 1551 σοι,
2404 1481 2467 1536 σὺ
2498 1487 2714 1558 πρῶτος
2743 1483 3004 1556 ἥμαρτες,
3049 1486 3195 1539 τοῦτ’
3226 1486 3264 1520 ⁴¹
3320 1484 3443 1557 ἐμοὶ
3494 1491 3720 1553 ποιῆσαι
3765 1485 3934 1555 ἀξιώ-

2266 1591 2380 1633 σας.
2411 1572 2570 1645 Κάγὼ
2598 1569 2753 1647 ἔφην·
2779 1572 2899 1648 Οὐχ
2930 1572 3124 1645 ὅμοιόν
3159 1572 3316 1628 ἐστιν·
3339 1572 3464 1645 ἐμοὶ
3500 1574 3594 1645 μὶν
3625 1573 3727 1649 γὰρ
3756 1579 3925 1629 τοῦτο

2264 1665 2438 1714 ποιεῖν
2472 1663 2664 1735 πρέπει
2703 1660 2861 1733 πάνυ,
2898 1661 2983 1715 σοὶ
3028 1658 3086 1716 δὲ
3128 1666 3208 1733 τῷ
3250 1665 3352 1715 τοῦ
3392 1666 3526 1716 Θεοῦ
3574 1665 3771 1737 κήρυκι
3826 1664 3926 1726 τὰς

2264 1749 2533 1825 ἡμετέρας
2572 1752 2803 1819 σώζοντι
2832 1750 3014 1826 ψυχὰς
3046 1750 3291 1826 χαλεπὸν
3341 1755 3502 1806 τοῦτο
3547 1757 3722 1806 ποιεῖν
3769 1751 3922 1824 ἐμοί.

2267 1838 2423 1892 Καὶὸ
2456 1837 2656 1913 Πέτρος
2713 1840 3054 1913 ἀπεκρίνατο·
3120 1839 3429 1912 Συνεθέμην
3492 1838 3551 1894 ἄν
3598 1862 3705 1912 σοι,
3737 1840 3824 1895 ἐπὶ
3874 1843 3924 1878 ⁸³

510 1934 839 2005 respondit:
864 1934 1306 2004 Acquiescerem
1327 1933 1455 2000 tibi,
1480 1950 1612 1988 cum
1638 1932 1921 1987 Dominus
1938 1938 2153 2000 noster,

2275 1926 2524 2003 δΚόριος
2592 1929 2772 2000 ἡμῶν,
2826 1928 2853 1981 6
2914 1928 3000 1982 ἐπὶ
3053 1928 3299 2003 σωτηρίᾳ
3356 1932 3511 1987 260
3569 1929 3764 1992 παντὸς
3822 1935 3923 1984 τοῦ

2316 2014 2328 2033 ι
2528 2015 2573 2033 ,κ
2632 2014 2649 2033 -λ
2706 2015 2762 2033 ni
2942 2017 2953 2033 ι
3102 2019 3115 2033 .
3169 2019 3185 2033 κ
3338 2018 3346 2032 ι
3583 2018 3596 2033 .
3713 2020 3727 2033 .
3825 2016 3849 2033 ,ε

514 2023 614 2096 qui
646 2023 716 2077 ad
750 2021 999 2077 salutem
1036 2022 1218 2077 totius
1252 2022 1452 2076 mundi
1486 2022 1660 2089 venit,
1715 2037 1988 2094 unusque
2035 2038 2157 2076 om-

514 2112 677 2167 nium
709 2116 796 2166 est
825 2111 1251 2179 nobilissimus,
1285 2111 1624 2166 servitutem
1668 2110 2035 2179 sustinuerit,
2098 2113 2162 2163 ut

513 2217 618 2255 nos
651 2201 921 2255 suaderet
953 2217 1066 2255 non
1100 2203 1445 2255 erubescere
1479 2200 1757 2255 fratribus
1790 2201 2006 2255 nostris
2034 2216 2159 2255 ser-

508 2306 711 2343 vorum
743 2289 1014 2343 exhibere
1056 2289 1385 2344 ministeria
1433 2290 1510 2360 (a)
1543 2288 1810 2360 quamvis
1842 2289 2160 2344 admodum

509 2377 733 2434 nobiles
766 2379 973 2433 simus.
1005 2380 1156 2433 Tum
1192 2394 1295 2449 ego
1327 2378 1482 2433 dixi:
1529 2378 1587 2433 Si
1629 2382 1852 2449 putem,
1901 2378 2057 2449 quod
2109 2381 2164 2432 te

510 2466 622 2522 sim
656 2471 1044 2538 superaturus
1076 2466 1357 2533 oratione,
1393 2466 1612 2523 stultus
1644 2484 1812 2522 sum:
1870 2472 2164 2522 verumta-

513 2572 646 2611 men
680 2573 784 2627 ago
813 2556 1029 2628 gratias
1074 2555 1447 2627 providentiae
1499 2557 1619 2627 Dei,
1668 2556 1807 2627 quia
1856 2559 2164 2628 parentum

514 2644 640 2700 loco
674 2645 888 2700 habere
921 2654 975 2701 te
998 2645 1203 2701 merui.

591 2734 742 2791 VIII.
776 2734 844 2788 Et
878 2738 1083 2789 Petrus
1141 2732 1555 2805 interrogavit:
1608 2736 1866 2789 Nemone
1915 2750 2047 2789 vere
2099 2750 2169 2789 ex

521 2839 730 2896 genere
750 2822 855 2877 tibi
880 2822 1185 2894 superest?
1210 2821 1532 2895 Respondi:
1560 2822 1709 2877 Sunt
1731 2822 1970 2894 quidem
1995 2822 2165 2878 multi

519 2916 577 2966 et
607 2915 870 2983 potentes
901 2911 1029 2977 viri,
1073 2914 1249 2981 atque
1275 2926 1343 2965 ex
1390 2908 1662 2981 prosapia
1707 2909 1970 2965 Caesaris.
2019 2915 2166 2966 Nam

524 2999 673 3072 patri
705 3015 853 3069 meo,
904 3003 1103 3070 utpote
1150 3016 1264 3053 una
1308 2998 1573 3064 educato,
1624 3005 1930 3070 cognatam
1978 3000 2171 3055 Caesar

523 3087 650 3161 ipse
672 3088 870 3159 junxit
900 3104 1157 3155 uxorem,
1191 3088 1262 3142 de
1293 3105 1409 3160 qua
1434 3091 1553 3143 tres
1583 3087 1753 3143 liberi
1784 3087 1895 3142 orti
1936 3105 2164 3154 sumus,

523 3178 640 3233 duo
671 3177 909 3248 quidem
942 3183 1075 3232 ante
1108 3194 1221 3244 me,
1250 3177 1350 3248 qui
1383 3193 1515 3232 cum
1549 3180 1748 3231 essent
1778 3177 2017 3249 gemini,
2066 3178 2167 3233 ad-

2266 2014 2476 2088 κόσμου
2525 2014 2829 2087 ἐληλυθὼς,
2885 2017 3045 2089 μόνος
3097 2019 3228 2093 ὑπὲρ
3279 2018 3479 2080 πάντας
3548 2018 3769 2095 εὐγενὴς
3818 2016 3919 2088 ὢν,

2270 2101 2517 2159 δουλείαν
2554 2105 2854 2177 ὑπέμεινεν,
2881 2103 2973 2160 ’ἶνα
3001 2109 3148 2179 ἡμᾶς
3178 2105 3337 2180 πείσῃ
3374 2107 3446 2180 μὴ
3492 2104 3757 2162 αἰδεῖσθαι
3800 2113 3923 2170 τοῖς

2268 2189 2527 2269 ἀδελφοῖς
2578 2196 2738 2266 ἡμῶν
2795 2196 2891 2256 τὰς
2950 2192 3163 2249 δοόΛων
3220 2201 3396 2249 ποιεῖν
3454 2195 3774 2271 ὑπηρεσίας,
3816 2197 3925 2259 ,κᾶν

2268 2281 2405 2335 πάνυ
2457 2281 2686 2357 εὐγενεῖς
2729 2284 3107 2359 τυγχάνωμεν.
3148 2284 3307 2360 Κάγὼ
3367 2282 3517 2362 ἔφην’
3572 2284 3636 2341 Εἰ
3690 2285 3783 2358 μὲν
3839 2307 3932 2340 νο-

2277 2370 2418 2442 μίζω
2471 2392 2528 2425 σε
2573 2378 2791 2440 νικῆσαι
2823 2374 2867 2408 ⁴³
2898 2371 3072 2447 λόγῳ,
3124 2372 3351 2443 ἀνόητός
3397 2372 3532 2445 εἶμι,
3563 2371 3711 2442 πλὴν
3762 2373 3928 2450 χάριν

2273 2457 2388 2535 ἔχω
2435 2464 2502 2533 τῇ
2547 2465 2644 2514 τοῦ
2693 2465 2827 2515 Θεοῦ
2875 2461 3128 2537 προνοίᾳ,
3162 2461 3243 2517 ὅτι
3295 2482 3352 2517 σε
3399 2461 3474 2525 εἰς
3504 2463 3710 2538 γονέων
3761 2462 3931 2518 τόπον

2274 2543 2421 2624 ἔχειν
2452 2548 2795 2620 κατηξιώθην
2808 2591 2821 2606 .

2345 2729 2491 2783 VIII.
2527 2727 2628 2784 Καὶ
2676 2729 2703 2783 6
2756 2727 2961 2805 Πέτρος
3007 2727 3350 2784 ἐπυνθάνετο·
3403 2725 3599 2791 Οὐδεὶς
3647 2725 3704 2784 δέ
3756 2748 3852 2783 σου
3885 2730 3933 2765 ⁸⁸

2276 2814 2496 2887 ἀληθῶς
2527 2817 2662 2892 πρὸς
2711 2817 2900 2893 γένους
2931 2819 2975 2854 ⁴⁶
3008 2816 3276 2894 ὑπάρχει;
3316 2817 3479 2894 Κάγὼ
3528 2817 3928 2894 ἀπεκρινάμην*

2277 2905 2396 2960 Εἰσὶ
2429 2905 2523 2978 μὶν
2566 2903 2772 2961 πολλοὶ
2821 2907 2910 2961 καὶ
2962 2905 3193 2981 μεγάλοι
3240 2904 3445 2983 ἄνδρες.
3482 2907 3743 2980 Καίσαρος
3788 2907 3930 2981 πρὸς

2277 2996 2431 3069 γένος
2493 2990 2663 3057 ὄντες.
2696 2997 2849 3049 Ὅθεν
2903 3000 2982 3066 τῷ
3040 2995 3157 3068 ἐμῷ
3187 2995 3349 3070 πατρὶ
3391 2995 3465 3057 ὡς
3509 2994 3598 3050 καὶ
3644 2994 3929 3072 συντρόφῳ

2283 3082 2437 3145 ιῦτὸς
2496 3088 2698 3158 Καῖσαρ
2752 3081 3042 3158 συγγενίδα
3097 3087 3141 3121 ⁸⁸
3197 3085 3623 3160 προσηρμόσατο
3680 3089 3927 3158 γυναῖκα,

2279 3172 2367 3249 ἀφ’
2396 3174 2461 3240 ἧς
2511 3177 2656 3248 τρεῖς
2707 3171 2998 3247 ἐγενόμεθα
3041 3172 3171 3241 υἱοὶ,
3227 3171 3321 3228 δύο
3375 3173 3469 3246 μὶν
3518 3174 3625 3249 πρὸ
3675 3172 3831 3245 ἐμοῦ,
3876 3172 3931 3226 οἳ

521 3267 760 3322 modum
795 3266 903 3321 sibi
934 3265 1180 3320 invicem
1212 3265 1436 3321 similes
1467 3270 1651 3335 erant,
1713 3270 1777 3320 ut
1830 3266 1953 3336 ipse
2007 3271 2159 3337 pater

2276 3261 2365 3315 καὶ
2398 3258 2615 3333 δίδυμοι
2650 3256 2797 3324 ὄντες
2830 3261 2964 3316 πάνυ
2995 3261 3181 3335 ὅμοιοι
3212 3262 3485 3333 ἀλλήλοις
3516 3261 3930 3339 ἐτύγχανον,ὡς

517 3354 709 3410 aiebat
732 3354 875 3408 mihi
908 3371 921 3409 :
955 3370 1059 3427 ego
1090 3354 1244 3409 enim
1279 3370 1467 3425 neque
1516 3354 1645 3409 illos
1700 3370 1888 3425 neque
1930 3354 2159 3424 genitri-

2276 3349 2433 3411 αὐτὸς
2467 3350 2494 3403 ὁ
2526 3352 2704 3426 πατὴρ
2739 3349 2888 3427 ἔλεγέ
2924 3373 3037 3423 μοι.
3072 3352 3216 3426 Ἐγὼ
3248 3352 3351 3426 γὰρ
3393 3349 3515 3406 οὔτε
3554 3351 3769 3419 αὐτοὺς,
3805 3347 3931 3405 οῦτε

518 3458 643 3497 cem
677 3441 843 3498 valde
876 3443 1027 3508 novi,
1056 3443 1157 3498 sed
1193 3444 1357 3512 quasi
1390 3459 1491 3515 per
1520 3442 1817 3497 somnium
1851 3442 2161 3497 obscuram

514 3546 717 3585 eorum
750 3530 993 3585 formam
1046 3530 1257 3586 recolo.
1310 3531 1495 3585 Mater
1540 3546 1673 3601 ergo
1727 3546 1855 3585 mea
1901 3530 2165 3586 Mattidia

514 3618 834 3683 dicebatur,
872 3623 1033 3690 pater
1064 3623 1261 3673 autem
1302 3620 1568 3689 Faustus,
1594 3618 1841 3673 fratrum
1865 3634 1995 3673 vero
2018 3617 2162 3673 alter

514 3706 831 3762 Faustinus
860 3708 1194 3776 vocabatur,
1230 3707 1378 3762 alter
1397 3707 1698 3761 dicebatur
1725 3706 2160 3762 Faustinianus.

513 3795 657 3850 Cum
690 3795 870 3866 igitur
900 3797 1109 3850 tertius
1142 3812 1246 3867 ego
1284 3800 1413 3866 post
1442 3811 1541 3850 eos
1573 3800 1746 3850 natus
1776 3811 1986 3859 essem,
2038 3812 2161 3850 ma-

513 3885 1138 3955 ter(quemadmodum
1159 3889 1326 3956 pater
1347 3900 1515 3938 meus
1540 3884 1844 3956 referebat)
1865 3883 2160 3939 somnium

513 3972 678 4039 vidit,
711 3973 864 4044 quod
901 3974 1011 4027 nisi
1046 3973 1354 4029 confestim
1389 3973 1621 4027 duobus
1662 3972 1796 4027 ﬁliis
1826 3973 1951 4028 suis
1976 3975 2159 4044 gemi-

515 4061 607 4116 nis
637 4063 959 4133 assumptis
993 4064 1196 4118 urbem
1244 4063 1488 4117 Romam
1539 4061 1746 4117 fuisset
1800 4078 2053 4133 egrcssa,
2105 4067 2162 4118 et

511 4150 796 4206 abfuisset
824 4151 995 4206 annis
1043 4151 1373 4217 duodecim,
1414 4150 1542 4222 ipsa
1573 4167 1707 4206 cum
1739 4150 1810 4206 iis
1838 4150 1995 4207 letho
2028 4167 2158 4223 pes-

512 4238 662 4294 simo
695 4243 849 4294 esset
871 4238 1199 4295 interitura.

585 4328 674 4382 IX.
707 4328 875 4383 Pater
912 4327 1113 4401 igitur,
1149 4328 1245 4400 qui
1278 4328 1596 4384 liberorum
1628 4344 1834 4383 amans
1855 4332 1999 4393 erat,
2022 4344 2153 4383 cum

507 4415 690 4471 servis
720 4420 778 4470 et
807 4415 1056 4487 ancillis,
1081 4433 1146 4472 ac
1177 4418 1311 4473 dato
1343 4416 1657 4473 sufﬁcienti
1688 4417 1917 4483 viatico,
1960 4417 2019 4472 in
2055 4434 2156 4473 na-

574 4556 652 4631 (a)
682 4555 890 4614 Matth.
922 4575 1020 4626 xx,
1051 4559 1142 4614 28.

2272 3440 2368 3508 τὴν
2402 3443 2657 3493 τεκοῦσαν
2692 3437 2829 3493 πάνυ
2874 3440 3181 3513 ἐπίσταμαι,
3212 3438 3339 3496 ἀλλ’
3369 3440 3548 3517 ὥσπερ
3598 3438 3669 3496 δι’
3702 3439 3928 3513 ὀνείρων

2272 3527 2514 3603 ἀμαυρὸν
2547 3527 2722 3582 αὐτῶν
2751 3530 2813 3583 τὸ
2846 3526 2988 3590 εἶδος
3015 3528 3285 3607 ἀναφέρω.
3318 3533 3381 3585 Ἡ
3435 3531 3529 3601 μὶν
3585 3527 3676 3584 οῦν
3742 3531 3927 3606 μήτηρ

2275 3638 2380 3688 μου
2408 3615 2674 3673 Ματτιδία
2707 3620 2748 3654 ⁴⁷
2777 3621 2889 3691 (36)
2922 3617 3206 3692 ἐλέγετο,ὁ
3231 3616 3288 3673 δὲ
3317 3620 3496 3695 πατὴρ
3530 3624 3924 3687 Φαῦπος,τῶν

2273 3702 2330 3759 δὲ
2359 3703 2606 3782 ἀδελφῶν
2640 3708 2727 3761 καὶ
2760 3707 2933 3762 αὐτῶν
2963 3709 2990 3762 ὁ
3025 3708 3118 3780 μὲν
3153 3713 3452 3770 Φαυστῖνος
3504 3706 3770 3778 ἐκαλεῖτο,
3805 3709 3832 3762 6
3866 3705 3925 3763 δὲ

2272 3795 2660 3857 Φαυστινιανὸς
2708 3794 2947 3871 ἐλέγετο.
2998 3800 3167 3870 Ἐμοῦ
3226 3795 3314 3850 οῦν
3386 3796 3572 3870 τρίτου
3641 3796 3924 3871 ἐπιγεννη-

2271 3883 2449 3945 θέντος
2505 3884 2711 3955 αὐτοῖς,
2751 3888 2785 3955 ἡ
2850 3887 3027 3961 μήτηρ
3085 3884 3292 3960 ὅνειρον
3351 3886 3599 3961 ἑωράκει,
3655 3884 3835 3961 ὥσπερ
3894 3888 3922 3940 6

2269 3974 2449 4048 πατήρ
2486 3994 2590 4046 μου
2631 3974 2909 4051 ὑφηγεῖτο,
2942 3974 3046 4044 ὅτι,
3080 3973 3166 4028 ἐὰν
3203 3974 3441 4046 μή,τοὺς
3475 3972 3738 4046 διδύμους
3770 3974 3924 4036 υἱοὺς

2268 4060 2437 4130 αὐτῆς
2515 4061 2737 4132 ἐξαυτῆς
2800 4058 3211 4139 παραλαϐοῦσα,
3270 4064 3367 4131 τήν
3429 4063 3711 4135 Ῥωμαίων
3786 4063 3925 4136 πρὸς

2268 4147 2579 4222 ἀποδημίαν
2627 4149 2813 4225 ἐξέλθῃ
2859 4154 2902 4189 ⁸⁸
2949 4150 3111 4207 πόλιν
3162 4152 3244 4206 ἐπ’
3275 4150 3366 4222 ἔτη
3421 4148 3632 4207 δώδεκα
3664 4155 3727 4224 ⁴⁹,
3760 4172 3924 4206 πανο-

2270 4236 2471 4312 λεθρίῳ
2508 4239 2660 4313 μόρῳ
2690 4240 2803 4313 ἅμα
2833 4240 3017 4303 αὐτοῖς
3045 4241 3330 4305 ἀποθανεῖν
3364 4238 3502 4316 ἔχει.

2338 4330 2486 4385 261
2526 4331 2621 4385 ΙΧ.
2654 4329 2711 4381 Ὃ
2746 4328 2839 4402 μὲν
2902 4327 2992 4384 οῦν
3043 4330 3242 4405 πατὴρ,
3295 4328 3613 4407 φιλότεκνος
3673 4326 3771 4399 ὢν,
3820 4329 3916 4385 σῦν

2263 4437 2324 4472 τε
2381 4414 2601 4479 δούλοις
2658 4416 2746 4472 καὶ
2819 4415 3039 4481 δούλαις
3099 4416 3384 4495 ἐφοδιάσας
3443 4419 3642 4481 ἱκανῶς
3698 4416 3788 4473 καὶ
3846 4419 3927 4481 εἷς

1855 4673 1943 4729 VA
1954 4674 2093 4731 RLE
2156 4677 2560 4733 LECTIONES.

576 4797 622 4833 ³9
650 4798 737 4852 Ita.
769 4798 919 4871 Epit.
942 4814 991 4853 c.
1012 4798 1085 4871 :75
1113 4802 1170 4853 et
1198 4799 1262 4864 Ο,
1313 4796 1533 4866 ἥττονες
1589 4799 1717 4854 cod.
1774 4800 1912 4871 Reg.
1970 4801 2097 4866 804,

2152 4798 2317 4878 ᾖττον
2369 4803 2428 4878 C.
2482 4802 2552 4878 ν⁴⁰
2583 4801 2715 4878 Post
2740 4805 2987 4878 τοιοῦτον
3018 4808 3365 4878 repetuntur
3392 4805 3525 4859 vbb.
3556 4802 3805 4878 ἥμαρτον
3828 4800 3924 4858 ’ίνα

509 4887 603 4939 μοι
630 4872 876 4922 τοιοῦτον
909 4870 971 4958 in
999 4869 1063 4924 Ο.
1141 4872 1375 4958 ⁴¹οτοῦτο
1527 4871 1588 4958 ,η
1617 4869 2126 4958 Ιῖυρηυεζὴωαὶια
2156 4872 2570 4958 interpretatur
2601 4892 2614 4930 :
2644 4875 3052 4958 écgluiescﬂem
3082 4869 3227 4958 πρέ,
3259 4879 3375 4958 nis}
3424 4869 3690 4958 Dominus
3739 4885 3923 4957 noster

508 4957 796 5015 -ς-ραδδυε
838 4944 993 5015 esset,
1029 4943 1199 5013 quasi
1250 4942 1450 5013 legerit
1497 4940 1667 5015 atqui
1706 4942 1762 4997 S.
1841 4944 2151 5015 “AVII/ﬂevi
2203 4940 2349 5014 Ερίῗ.
2429 4945 2474 4978 ⁴⁴
2502 4964 2587 4997 σοι
2634 4940 2776 5015 Epit.
2826 4962 2875 5001 c.
2906 4947 2996 5015 76,

507 5013 696 5086 detur.
730 5012 839 5086 tlfr.
877 5012 1171 5086 hom.’xu,
1206 5015 1288 5067 15.
1318 5012 1323 5013 “
1369 5014 1417 5086 ‘5_
1446 5018 1525 5068 lla
1554 5014 1597 5069 Ο
1631 5029 1677 5086 ο.
1714 5016 1864 5083 Epit.
1897 5013 1935 5068 l.
1970 5030 2019 5070 c.
2054 5020 2109 5069 et
2140 5012 2266 5070 cod.
2303 5016 2440 5086 Reg.
2474 5016 2600 5071 804.

3029 4947 3184 5017 quod

3219 4948 3641 5020 praaferendum
3658 4963 3802 5020 esse
3832 4948 3919 5001 vi-

2714 5033 2783 5071 uc
2842 5018 3065 5072 accedit
3127 5019 3215 5073 ed.

3280 5036 3364 5089 pr.
3426 5018 3713 5087 Cotelerii,
3748 5020 3921 5089 cujus

506 5082 642 5171 πρὸς
685 5080 878 5171 γένους
941 5085 997 5138 in
1059 5089 1305 5171 utraque
1360 5084 1561 5171 Clerici
1603 5085 1693 5171 ed.
1730 5080 2150 5171 permutatum“
2175 5092 2264 5171 est
2315 5080 2446 5143 cum
2480 5085 2815 5171 προς-γένος.
2852 5088 3013 5143 Unde
3044 5080 3457 5171 Schvveglerus
3484 5080 3918 5171 emendandus.

505 5155 559 5189 ιδ’
580 5155 738 5233 αὐτ-ον
767 5155 970 5233 Καῖσαρ
1004 5155 1231 5233 συγγενῆ
1265 5174 1347 5233 0L
1361 5157 1561 5211 nobilis
1591 5156 1831 5233 adaeque
1842 5158 2397 5233 farpjlg'gRulinus,
2410 5155 2579 5233 quasi
2629 5155 2866 5233 legisset
2914 5155 3337 5233 συνευγενίδίῦ.
3414 5162 3457 5194 ⁴⁷
3490 5163 3573 5216 Ita
3638 5160 3681 5233 Ο
3712 5165 3832 5233 c._C
3863 5166 3924 5217 et

503 5226 630 5299 cod.
665 5226 803 5298 Reg.
834 5224 960 5281 804'.
993 5224 1255 5282 Ματθιδία
1280 5224 1539 5299 Ἦθσορῃ.
1598 5232 1657 5283 et

505 5302 563 5354 et
592 5298 730 5368 Epit.
753 5295 805 5353 Ἰ.
840 5314 890 5354 ο.
926 5302 987 5354 In
1019 5300 1147 5355 cod.
1174 5300 1313 5373 Reg.
1343 5295 1462 5355 801i
1479 5295 1602 5373 ἔχοι
1633 5316 1688 5372 p.
1722 5295 1861 5374 ἔχει.

1750 5226 1851 5298 pit.
1929 5229 1972 5263 “
2002 5226 2207 5300 ἐξέλθοι
2248 5232 2307 5284 C.
2382 5226 2604 5298 ⁸9δέκα,
2638 5226 2714 5298 (ἓξ
2736 5232 2888 5300 Ruﬁ,
2920 5232 3057 5303 epit.
3086 5226 3139 5288 ὀ.
3170 5234 3260 5287 76.
3302 5237 3444 5287 Tum
3480 5229 3840 5304 πανωλεθρίῳ
3873 5236 3920 5290 Ο

1880 5449 2263 5508 VARIORUM
2302 5451 2535 5508 NOTAE.

570 5562 683 5634 (36)
708 5560 1093 5637 MarmSiaSic
1149 5581 1381 5637 quoque
1424 5580 1575 5637 saepe
1613 5565 1806 5622 dictus
1837 5565 2144 5623 dicendus-

502 5651 615 5706 que
644 5635 841 5708 codex.
876 5641 949 5690 At
987 5636 1045 5691 in
1088 5635 1571 5708 Reéogriitz’om’bita
1596 5642 1665 5708 et
1720 5640 1984 5708 Epitome,
2034 5638 2147 5693 im-

502 5705 721 5780 pressis
753 5724 1050 5780 manuque
1069 5705 1348 5780 exaratis,
1377 5705 1659 5776 Ματθιδία,
1710 5705 1989 5777 Mattidia,
2031 5726 2147 5780 quo

500 5778 673 5835 modo
694 5779 849 5851 apud
883 5778 1296 5851 Nicephorum,
1327 5784 1384 5836 et
1412 5780 1589 5837 Graeci
1630 5781 1689 5835 in
1748 5780 1984 5837 Menaeo.
2038 5778 2147 5836 Ex-

2253 5566 2378 5643 cipe
2408 5568 3013 5643 tamen‘membranas
3035 5570 3486 5643 Recognz'tz'onum
3507 5586 3684 5643 penes
3714 5572 3789 5643 P.
3808 5572 3916 5628 Pe-

2259 5638 2434 5693 titum
2457 5655 2467 5692 :
2504 5638 2778 5693 exhibent
2802 5639 2955 5694 enim
2984 5638 3278 5698 Mathidz’a.
3304 5638 3705 5700 Chronoloaus
3727 5642 3908 5700 Altis-

2258 5710 2615 5767 siodcrensis
2642 5712 2965 5767 monachus
2994 5713 3273 5770 Matidiam
3307 5720 3493 5771 vocat.
3543 5710 3763 5771 Ultima
3814 5731 3914 5773 ca-

2257 5781 2397 5854 pitis
2426 5795 2563 5838 voce
2595 5782 2790 5851 codex,
2823 5778 2973 5856 ἔχοι.
3021 5783 3153 5841 Cor.
