4112 6344
479 452 594 513 311

486 674 626 731 stris
657 674 899 728 audacia
929 680 1160 744 sumpta
1193 692 1296 745 pro
1327 675 1603 730 omnibus
1634 675 2029 746 rogaviteum,
2072 678 2135 726 ut

489 762 579 818 die
610 762 866 817 crastina
900 762 1185 817 maturius
1218 762 1273 816 in
1310 764 1591 829 Aradum,
1617 763 1943 834 oppositam
1973 763 2132 816 insu-

488 851 629 916 lam,
662 868 791 923 quin
821 852 1077 921 triginta,
1111 853 1337 923 opinor,
1373 869 1476 906 nec
1509 853 1647 907 totis
1678 852 1885 907 stadiis
1932 852 2133 917 distat,

488 942 915 1011 navigaremus,
944 942 1013 994 ad
1040 942 1319 996 videndae
1338 942 1416 995 ibi
1448 942 1595 995 duas
1624 941 1929 997 columnas
1957 941 2138 996 viteas

489 1030 805 1084 maximam
841 1030 1052 1084 molem
1082 1029 1380 1084 habentes.
1434 1030 1636 1085 Petrus
1694 1047 1850 1101 ergo,
1905 1036 1967 1084 ut
2015 1035 2139 1085 erat

488 1117 1005 1182 clementissimus,
1065 1120 1370 1183 concessit,
1425 1119 1656 1174 dicens:
1711 1120 1853 1174 Cum
1911 1136 1941 1174 e
2009 1118 2138 1174 navi

487 1206 705 1278 egressi
727 1207 976 1275 fueritis,
1012 1224 1082 1261 ne
1115 1225 1229 1262 una
1270 1207 1441 1262 multi
1503 1207 1829 1279 procedatis
1877 1208 1947 1263 ad
2006 1225 2135 1279 spe-

489 1294 804 1352 ctationem
835 1313 1036 1352 eorum
1062 1298 1457 1368 quaecupitis:
1518 1297 1649 1353 nolo
1706 1297 1863 1353 enim
1923 1297 2138 1352 civium

490 1402 812 1442 concursus
842 1386 912 1440 ad
945 1403 1044 1441 vos
1078 1386 1219 1441 ﬁeri.
1253 1391 1443 1458 Atque
1474 1389 1558 1442 sic
1615 1386 1951 1457 navigantes
2012 1404 2139 1442 mo-

494 1479 690 1529 mento
724 1475 875 1529 horae
902 1474 958 1528 in
990 1474 1244 1529 insulam
1278 1475 1451 1530 delati
1496 1492 1724 1530 sumus.
1787 1480 1852 1529 Et
1902 1477 2140 1531 descen-

494 1562 698 1618 dentes
727 1579 794 1618 ex
822 1562 1041 1633 scapha
1061 1580 1124 1619 eo
1154 1563 1375 1635 agressi
1422 1580 1651 1633 sumus,
1676 1564 1775 1620 ubi
1824 1569 1991 1619 erant
2045 1581 2145 1620 co-

496 1650 709 1707 lumnae
732 1651 891 1707 vitea:
926 1670 938 1719 ;
975 1651 1269 1723 simulque
1311 1669 1444 1708 cum
1468 1652 1761 1708 columnis
1792 1652 1943 1708 alius
1984 1652 2141 1708 aliud

498 1757 564 1796 ex
596 1740 813 1795 Phidizr
846 1741 1120 1811 operibus
1152 1742 1473 1811 spectabat.

567 1830 712 1885 XIII.
761 1831 916 1886 Unus
954 1835 1147 1884 autem
1202 1834 1406 1886 Petrus
1465 1847 1699 1887 necesse
1755 1848 1869 1887 non
1919 1832 2144 1902 putavit

1310 456 1374 515 S.
1421 453 1865 515 CLEMENTIS
1912 452 1937 512 Ι
1983 450 2171 511 ROM.
2216 448 2449 511 PONT.
2496 452 2758 513 OPERA
2802 452 3061 516 DUBIA.

555 585 674 641 XII.
710 585 827 640 Ista
857 589 1169 657 postquam
1200 585 1441 641 dixisset
1471 586 1693 653 Petrus,
1728 603 1881 641 unus
1910 601 1977 640 ex
2028 600 2129 638 no-
2160 582 2215 649 Α

3773 449 3893 510 312

2314 582 2430 637 XII.
2464 586 2638 637 Ταῦτα
2683 588 2780 638 τοῦ
2838 582 3042 658 Πέτρου
3101 582 3349 643 εἰπόντος
3407 582 3481 643 εἷς
3532 602 3615 643 τις
3664 585 3773 636 τῶν
3836 582 3889 637 ἐν

2242 672 2375 742 ἡμῖν
2408 669 2690 743 τολμήσας
2742 672 2853 727 ἀντὶ
2904 672 3120 727 πάντων
3171 670 3534 746 παρεκάλεσεν
3581 669 3763 737 αὐτὸν,
3795 668 3892 725 αῦ-

2246 778 2358 835 ριον
2394 759 2760 836 ὀρθριαίτερον
2811 764 2854 797 “
3048 761 3125 823 εἷς
3174 756 3428 835 Ἄραδον,
3477 760 3575 828 τὴν
3617 759 3893 815 κατέναντι

2243 854 2430 916 νῆσον,
2466 846 2798 917 εἰσπλεῦσαι,
2828 853 3137 925 τριάκοντα,
3185 849 3359 921 οἶμαι,
3410 846 3524 903 οὐδ’
3570 846 3734 911 ὅλους
3767 848 3894 904 ἀπέ-

2246 955 2448 1011 χουσαν
2484 935 2753 1002 σταδίους,
2789 938 2862 1000 ὡς
2910 937 2994 992 ἐπὶ
3044 938 3255 1012 ἱστορίᾳ
3299 942 3406 992 τῶν
3442 935 3551 991 ἐκεῖ
3580 937 3897 1009 ἀμπελίνων

2248 1022 2343 1079 δύο
2389 1024 2599 1080 στόλων
2651 1028 2873 1103 μέγιστα
2919 1026 3156 1103 ἐχόντων
3204 1028 3382 1102 πάχη.
3414 1028 3470 1079 Ὀ
3501 1025 3591 1080 οὖν
3619 1028 3897 1096 πειθήνιος

2249 1113 2449 1189 Πέτρος
2483 1115 2855 1189 συνεχώρησεν
2889 1115 3076 1172 εἰπών.
3111 1116 3272 1170 Ἐπάν
3302 1120 3400 1169 τοῦ
3430 1114 3629 1170 πλοίου
3677 1110 3894 1187 ἐκϐἤτε,

2250 1205 2326 1277 μὴ
2360 1202 2472 1275 ἅμα
2502 1202 2705 1259 πολλοὶ
2764 1204 3069 1279 εῗσέρχεσθε
3120 1204 3194 1267 εἰς
3242 1205 3340 1273 τὴν
3392 1202 3618 1276 θεωρίαν
3669 1204 3741 1257 ὧν
3774 1202 3901 1257 ἐπι-

2248 1294 2486 1365 θυμεῖτεο
2549 1291 2610 1346 οὐ
2667 1292 2766 1368 γάρ
2825 1291 3098 1368 βούλομαι
3160 1294 3476 1368 στρέμματα
3533 1291 3767 1366 γίνεσθαι
3817 1291 3895 1353 εἷς

2253 1381 2391 1454 ὑμᾶς
2420 1382 2465 1417 ⁶⁹
2488 1385 2594 1435 τῶν
2635 1380 2900 1437 πολιτῶν.
2953 1380 3049 1435 Καὶ
3101 1381 3243 1436 οὕτω
3291 1385 3354 1454 ⁷ο,
3387 1379 3715 1442 πλεύσαντες
3748 1378 3895 1456 ῥοπῇ

2251 1470 2415 1542 ὥρας,
2463 1471 2817 1545 κατήχθημεν
2870 1469 2945 1531 εἷς
2994 1471 3092 1539 τὴν
3142 1478 3327 1539 νῆσον.
3380 1464 3661 1531 Ἐκϐάντες
3692 1466 3751 1524 δὲ
3795 1473 3896 1524 τοῦ

2251 1561 2508 1637 σκάφους,
2561 1558 2834 1634 εἷσῃειμεν
2884 1556 3005 1614 ἔνθα
3052 1560 3105 1613 οἱ
3153 1559 3446 1633 άμπέλινοι
3496 1559 3684 1615 στῦλοι
3732 1559 3894 1629 ἦσαν,

2251 1649 2405 1721 ὁμῶς
2434 1651 2473 1683 ⁷¹
2509 1649 2622 1721 ἅμα
2650 1646 2834 1710 αὺτοῖς
2865 1644 3035 1709 ἄλλος
3082 1646 3223 1703 ἄλλο
3251 1670 3305 1704 τι
3338 1652 3383 1689 ⁷³
3407 1653 3516 1703 τῶν
3555 1647 3776 1704 Φειδίου
3806 1644 3894 1723 ἕρ-

2249 1760 2361 1813 γων
2396 1736 2633 1812 ἐθεώρει.

2321 1829 2468 1883 XIII.
2502 1825 2704 1898 Πέτρος
2736 1822 2793 1879 δὲ
2828 1823 2988 1898 μόνος
3038 1824 3137 1880 οὐκ
3185 1826 3467 1900 ἀναγκαῖον
3516 1827 3763 1901 ἡγήσατο
3806 1825 3895 1881 ἐπὶ

495 1935 621 1989 qua:
656 1919 733 1973 ibi
766 1924 931 1973 erant
962 1919 1226 1987 invisere,
1272 1921 1372 1975 sed
1432 1920 1712 1975 attentius
1763 1919 2139 1975 considerans

2254 1916 2347 1985 τὴν
2395 1919 2503 1969 τῶν
2549 1913 2660 1969 ἐκεῖ
2708 1913 2945 1988 ἱστορίαν
2997 1918 3041 1951 ⁷³
3088 1914 3364 1990 γενέσθαι,
3423 1914 3637 1990 γυναικὶ
3690 1913 3746 1970 δέ
3790 1937 3896 1971 τινι

492 2007 796 2063 mulierem
830 2008 1169 2079 quamdam,
1202 2013 1363 2063 extra
1384 2026 1485 2080 pro
1520 2010 1739 2063 foribus
1770 2010 2065 2064 sedentem
2087 2014 2144 2063 et

488 2098 673 2151 victus
704 2095 891 2166 gratia
922 2096 1391 2151 mendicantem:
1437 2097 1663 2165 Mulier,
1721 2097 1934 2169 inquit,
1989 2100 2139 2166 quod

490 2186 596 2240 tibi
634 2186 960 2241 membrum
980 2187 1232 2249 deest,ut
1256 2190 1476 2241 tantam
1511 2186 1925 2242 contumeliam
1948 2203 2142 2242 susce-

490 2275 668 2347 peris,
702 2275 955 2346 petendi,
977 2275 1239 2345 inquam,
1264 2276 1472 2345 stipem
1506 2280 1563 2329 et
1593 2292 1705 2330 non
1732 2275 1923 2346 potius
1953 2276 2139 2330 mani-

491 2364 603 2419 bus
636 2364 775 2434 tuis,
795 2379 939 2432 quas
962 2380 994 2418 a
1016 2364 1130 2418 Deo
1161 2363 1711 2435 accepisti,operans
1733 2364 2138 2435 quotidianum

494 2452 690 2506 cibum
726 2452 1071 2523 quaeris‘?At
1092 2451 1191 2505 illa
1221 2452 1529 2523 suspirans
1563 2453 1862 2523 respondit
1886 2453 2136 2509 :Utinam

495 2539 639 2594 mihi
666 2540 901 2610 quidem
933 2544 1129 2594 essent
1154 2556 1384 2607 manus,
1408 2557 1531 2609 quae
1565 2547 1805 2611 possent
1835 2541 2099 2597 laborare
2124 2541 2135 2595 l

488 2645 647 2683 nunc
676 2634 869 2683 autem
895 2628 1035 2683 mihi
1068 2628 1252 2683 solam
1288 2646 1571 2685 manuum
1603 2630 1858 2701 speciem
1884 2634 2137 2697 servant,

490 2734 622 2773 cum
656 2718 775 2773 sint
804 2723 1101 2784 emortum,
1137 2718 1431 2774 morsibus
1460 2720 1603 2773 meis
1642 2724 1877 2774 vexatae.
1913 2724 1977 2774 Et
2034 2724 2141 2775 Pe-

486 2810 614 2862 trus
646 2808 1058 2878 interrogavit:
1093 2809 1226 2873 Quae
1252 2824 1385 2862 vero
1434 2808 1544 2862 fuit
1590 2825 1787 2877 causa,
1850 2814 1912 2863 ut
1968 2826 2140 2881 grave

482 2894 591 2951 hoc
626 2896 845 2951 malum
879 2896 1195 2951 sustineres
1218 2898 1245 2951 ?
1273 2901 1417 2951 Tum
1450 2896 1550 2951 illa
1579 2899 1913 2969 respondit:
1947 2899 2138 2954 Animi

484 2984 880 3054 imbecillitas,
916 3001 1019 3039 nec
1052 2984 1208 3039 aliud
1256 2986 1601 3057 quidquam.
1671 2986 1725 3039 Si
1787 2986 1940 3041 enim
2007 2988 2137 3043 forti

481 3074 679 3129 animo
713 3073 953 3129 fuissem
981 3074 1242 3145 praedita,
1275 3080 1399 3129 erat
1439 3074 1844 3146 praecipitium,
1877 3081 2002 3131 erat
2044 3092 2140 3146 pe-

479 3161 670 3234 lagus,
697 3163 852 3217 unde
893 3179 984 3218 me
1007 3163 1285 3234 dejiciens
1328 3169 1586 3235 poteram
1646 3164 1816 3220 malis
1874 3165 2133 3221 dolorem

485 3251 629 3307 mihi
662 3252 1038 3307 aﬂ'erentibus
1072 3252 1245 3307 ﬁnem
1276 3252 1599 3324 imponere.

2253 2004 2353 2075 ἔξω
2410 2005 2515 2079 πρὸ
2572 2009 2678 2058 τῶν
2737 2005 2909 2077 θυρῶν
2968 2003 3293 2077 καθεζομένῃ
3339 2002 3428 2057 καὶ
3476 2006 3682 2081 τροφῆς
3732 2004 3894 2079 χάριν

2256 2091 2578 2166 μεταιτοῦσῃ
2619 2093 2828 2162 πυκνά,
2879 2093 3211 2161 κατανοήσας
3237 2134 3251 2157 ,
3301 2088 3431 2169 ἔφη·
3489 2090 3670 2159 Γύναι,
3717 2092 3769 2146 τί
3808 2114 3896 2147 σοι

2248 2187 2355 2237 τῶν
2393 2179 2573 2254 μελῶν
2608 2180 2805 2246 λείπει,
2839 2179 2921 2234 ὅτι
2951 2180 3215 2249 τοσαύτην
3245 2176 3397 2255 ὕϐριν
3449 2177 3697 2253 ἀνεδέξω,
3745 2180 3894 2257 λέγω

2252 2268 2317 2339 δὴ
2348 2268 2410 2325 τὸ
2460 2275 2792 2345 προσαιτεῖν,
2843 2268 2932 2323 καὶ
2985 2269 3060 2342 μὴ
3116 2266 3327 2341 μᾶλλον
3378 2275 3496 2330 ταῖς
3545 2269 3648 2323 ὑπὸ
3686 2274 3819 2324 Θεοῦ
3852 2272 3898 2305 ⁷⁸

2248 2380 2333 2415 σοι
2380 2356 2785 2435 δεδωρημέναις
2828 2357 3013 2433 χερσὶν
3062 2357 3398 2434 ἐργαζομένη
3448 2357 3544 2420 τὰς
3589 2356 3896 2436 ἐφημέρους

2248 2448 2446 2523 πορίζῃ
2500 2451 2545 2485 ⁷⁸
2598 2446 2799 2526 τροφάς
2846 2447 2957 2516 ;ἹΙ
3016 2444 3095 2516 δὲ,
3153 2447 3473 2517 στενάξασα,
3531 2447 3894 2521 ἀπεκρίνατο·

2250 2537 2373 2593 Εἴθε
2400 2538 2501 2613 γάρ
2533 2538 2666 2607 ἦσάν
2706 2557 2797 2610 μοι
2828 2541 3011 2612 χεῖρες
3065 2537 3347 2612 ὑπουργεῖν
3382 2540 3537 2594 264
3568 2534 3851 2609 δυνάμεναι
3880 2539 3892 2593 I

2248 2632 2338 2681 νῦν
2374 2624 2431 2682 δέ
2463 2648 2556 2699 μοι
2590 2633 2782 2702 σχῆμα
2834 2624 2996 2697 μόνον
3049 2629 3248 2701 χειρῶν
3282 2622 3667 2703 φυλάσσουσιν,
3709 2627 3895 2699 νεκραὶ

2247 2718 2630 2792 τυγχάνουσαι,
2694 2714 2795 2769 ὑπὸ
2855 2711 3149 2788 δηγμάτων
3217 2713 3363 2786 έμῶν
3423 2708 3889 2788 βεϐασανισμέναι.

2250 2804 2348 2859 Καὶ
2382 2806 2411 2858 6
2468 2803 2668 2879 Πέτρος
2723 2801 2969 2857 ἐπύθετο·
3030 2802 3122 2863 Τίς
3180 2800 3237 2857 δὲ
3292 2804 3325 2872 ἡ
3382 2802 3525 2857 αἰτία
3579 2807 3675 2857 τοῦ
3724 2823 3782 2857 σε
3827 2803 3892 2856 τὸ

2251 2893 2495 2969 χαλεπὸν
2551 2896 2715 2947 τοῦτο
2776 2889 3092 2946 πεπονθέναι
3124 2894 3167 2927 ⁷⁸
3215 2909 3229 2959 ;
3288 2892 3351 2947 Ἡ
3411 2888 3468 2945 δὲ
3523 2890 3845 2965 ἀπεκρίνατο
3881 2908 3895 2923 ⁸

2252 2990 2451 3059 Ψυχῆς
2508 2982 2750 3037 ἀσθένεια
2802 2980 2889 3036 καὶ
2941 2979 3108 3036 πλέον
3154 2979 3330 3034 οὐθέν.
3391 2980 3453 3034 Εἰ
3504 2980 3605 3056 γάρ
3658 2977 3901 3055 ἀνδρεῖον

2252 3072 2405 3148 εἶχον
2439 3071 2717 3150 φρόνημα,
2748 3073 2812 3139 ἦν
2846 3070 3111 3145 κρημνὸς,
3143 3070 3209 3138 ἣν
3242 3072 3284 3105 ⁷⁷
3337 3070 3521 3144 βυθὸς,
3569 3069 3685 3124 ὅθεν
3736 3068 3901 3142 ἐμαυ-

2249 3163 2348 3231 τὴν
2379 3161 2595 3237 ῥίψασα,
2636 3164 2743 3215 τῶν
2794 3156 3106 3214 ὀδυνώντων
3155 3179 3220 3232 με
3265 3158 3562 3213 παύσασθαι
3614 3155 3893 3232 ήδυνάμῃν

2250 3272 2431 3307 κακῶν
2447 3295 2457 3307 .

550 3340 695 3396 XIV.
731 3342 881 3396 Tum
908 3346 1113 3396 Petrus
1136 3342 1264 3396 infit
1405 3342 1544 3413 quid
1567 3341 1594 3396 ‘I
1618 3342 1871 3398 Putasne
1905 3343 2135 3413 mulier,

2318 3341 2459 3397 XIV.
2494 3338 2591 3394 Καὶ
2643 3340 2671 3393 6
2720 3337 2922 3414 Πέτρος
2977 3335 3100 3414 ἔφη*
3151 3337 3210 3391 Τί
3251 3337 3342 3391 οὖν
3378 3354 3392 3405 ;
3427 3334 3552 3405 οῗει,
3599 3335 3773 3412 γύναι,
3819 3336 3902 3392 ὅτι

480 3430 634 3500 quod
669 3429 763 3498 qui
796 3430 1143 3500 semetipsos
1176 3431 1735 3501 perimunt,omnino
1768 3448 1801 3486 a
1832 3432 2138 3504 suppliciis

480 3515 823 3587 liberantur,
858 3535 1050 3573 annon
1085 3519 1280 3588 potius
1300 3519 1510 3574 animae
1539 3521 1869 3591 eorum,qui
1904 3520 1986 3575 ita
2010 3538 2135 3576 mo-

484 3604 737 3675 riuntur,
773 3607 1095 3675 majoribus
1129 3608 1453 3678 puniuntur
1482 3608 1636 3679 apud
1670 3608 1885 3663 inferos
1932 3610 2136 3681 poenis,

489 3701 725 3766 propter
756 3696 846 3749 sui
882 3694 1261 3750 homicidium
1292 3696 1319 3750 ?
1350 3700 1421 3750 At
1451 3695 1550 3750 illa
1584 3715 1595 3752 :
1633 3696 1886 3764 Utinam,
1925 3698 2137 3770 inquit.

485 3798 834 3855 persuasum
871 3782 1014 3837 mihi
1046 3789 1219 3853 esset,
1253 3800 1453 3839 revera
1482 3785 1539 3838 in
1565 3785 1764 3840 inferis
1794 3786 2022 3842 animas
2057 3788 2138 3841 vi-

483 3888 585 3927 vas
614 3870 851 3943 reperiri
885 3890 898 3937 ;
927 3872 1129 3942 utique
1162 3873 1510 3944 contemptis
1545 3875 1730 3944 pcnnis
1764 3877 1910 3930 mori
1970 3876 2139 3948 elige-

485 3978 629 4029 rem,
664 3967 728 4016 ut
758 3961 960 4015 horam
994 3960 1199 4016 saltem
1233 3978 1410 4015 unam
1444 3962 1696 4018 viderem
1738 3964 1883 4019 mihi
1911 3970 2142 4037 exopta-

485 4050 764 4104 tissimos.
805 4051 870 4103 Et
909 4054 1114 4105 Petrus
1146 4051 1329 4105 dixit:
1383 4050 1671 4113 Quidnam
1715 4052 1810 4122 sit,
1872 4055 2026 4125 quod
2086 4059 2141 4108 te

484 4139 953 4209 excruciet,scire
983 4138 1177 4205 velim,
1204 4138 1432 4195 mulier.
1468 4139 1528 4194 Si
1559 4141 1716 4195 enim
1775 4158 1869 4197 me
1928 4144 2139 4198 docue-

485 4226 589 4292 ris,
624 4244 724 4297 pro
756 4244 825 4282 ea
852 4227 1039 4299 gratia
1070 4234 1283 4283 certam
1317 4233 1372 4284 te
1414 4229 1617 4283 faciam
1652 4230 1723 4285 de
1754 4229 1962 4286 animae
2026 4232 2143 4287 vita

488 4316 641 4387 apud
675 4315 907 4379 inferos,
939 4323 996 4371 et
1025 4334 1126 4388 pro
1159 4316 1473 4389 praecipitio
1504 4318 1591 4372 vel
1624 4319 1910 4390 profundo
1958 4320 2139 4375 medi-

494 4409 827 4459 camentum
863 4406 1091 4460 tradam
1125 4412 1189 4461 ut
1218 4406 1344 4462 sine
1395 4406 1658 4463 cruciatu
1708 4407 1903 4465 valeas
1960 4410 2138 4465 vitam

494 4498 874 4550 commutare.

565 4582 677 4638 XV.
710 4582 1250 4655 'l‘uncmulier,quze
1282 4585 1629 4657 ambiguum
1662 4603 1993 4643 sermonem
2023 4605 2139 4644 non

2249 3430 2464 3491 πάντως
2522 3429 2572 3485 οἱ
2624 3430 2965 3504 ἀναιροῦντες
3023 3426 3241 3488 ἑαυτοὺς
3290 3428 3567 3488 κολάσεως
3617 3423 3907 3481 ἀπαλλασ-

2249 3539 2455 3589 σονται,
2561 3520 2693 3590 μήτι
2727 3519 2770 3553 ⁷⁸
2799 3517 3011 3592 ’χείρονι
3061 3514 3284 3570 κολάσει
3336 3514 3387 3569 έν
3431 3510 3531 3588 ᾅδῃ
3574 3515 3631 3569 αἱ
3658 3518 3767 3569 τῶν
3814 3514 3907 3569 οῦ-

2247 3630 2357 3670 τως
2406 3607 2747 3679 θνησκόντων
2798 3606 2970 3681 ψυχαὶ
3014 3604 3136 3679 περὶ
3196 3611 3294 3673 τῆς
3342 3603 3691 3665 αὖτοκτονίας
3738 3602 3905 3659 κολά-

2253 3703 2431 3767 ζονται
2466 3716 2478 3766 ;
2512 3698 2574 3751 ἸΙ
2606 3694 2663 3750 δὲ
2711 3693 2809 3771 ἔφη
2860 3698 2925 3731 "-
2980 3690 3103 3757 Εἴθε
3144 3692 3496 3765 ἐπεπείσμην,
3532 3691 3617 3747 ὅτι
3647 3688 3817 3754 ὅντως
3850 3692 3903 3747 ἐν

2251 3783 2352 3860 ᾅδῃ
2381 3784 2553 3861 ψυχαὶ
2603 3784 2937 3860 εὑρίσκονται
2991 3787 3178 3853 ζῶσαι,
3211 3781 3301 3836 καὶ
3351 3782 3601 3856 ἠγάπων,
3653 3788 3753 3850 τῆς
3805 3802 3898 3835 κο-

2252 3874 2458 3936 λάσεως
2507 3874 2979 3950 καταρρονήσασα,
3011 3872 3205 3941 θανεῖν,
3247 3869 3394 3932 ὅπως
3442 3870 3571 3931 τοὺς
3602 3868 3767 3943 ἐμοὺς
3798 3890 3900 3924 πε⁹

2253 3965 2579 4037 ριποθήτους
2638 3960 2738 4016 ἴδω
2796 3965 2841 3998 ⁸ο
2884 3960 2978 4015 κᾶν
3033 3960 3157 4032 μίαν
3213 3958 3399 4035 ὥρανί
3458 3958 3554 4012 Καὶ
3610 3959 3637 4012 ὁ
3696 3958 3901 4033 Πέτρος

2251 4049 2374 4123 ἔφη·
2406 4052 2466 4105 Τί
2500 4049 2603 4127 ἄρα
2648 4050 2756 4106 ἐστὶ
2802 4051 2864 4105 τὸ
2914 4048 3117 4105 λυποῦν
3161 4070 3236 4119 σε,
3291 4053 3479 4121 μαθεῖν
3528 4045 3750 4116 ἤθελον,
3801 4046 3898 4122 γύ-

2248 4163 2352 4196 ναι.
2386 4141 2507 4195 Ἐάν
2556 4141 2659 4216 γάρ
2707 4160 2774 4213 με
2824 4136 3065 4213 διδάξῃς,
3120 4138 3233 4192 ἀντί
3278 4136 3480 4207 ταύτης
3525 4144 3625 4206 τῆς
3672 4135 3900 4212 χάριτος

2249 4230 2665 4308 πληροφορήσω
2726 4250 2801 4297 σε,
2862 4228 2943 4283 ὅτι
3006 4227 3057 4282 ἐν
3114 4222 3213 4301 ᾅδῃ
3264 4231 3419 4296 ζῶσιν
3470 4227 3524 4280 αἱ
3572 4226 3766 4301 ψυχαὶ,
3808 4226 3899 4279 καὶ

2251 4319 2367 4374 ἀντὶ
2422 4322 2673 4394 κρημνοῦ
2728 4317 2763 4386 ἢ
2829 4318 2994 4392 βυθοῦ
3053 4317 3334 4394 φάρμακον
3395 4312 3555 4368 δώσω
3608 4316 3691 4381 ⁸¹,
3748 4312 3899 4375 ὅπως

2249 4404 2614 4469 ἀϐασανίστως
2660 4411 2757 4461 τοῦ
2809 4410 2903 4480 ζῇν
2952 4405 3041 4459 τὸν
3096 4404 3210 4480 βίον
3422 4400 3752 4475 μεταλλάξαι
3805 4399 3899 4456 δυ-

2250 4500 2439 4572 νηθῇς.

2324 4590 2430 4645 XV.
2458 4585 2554 4639 Καὶ
2585 4587 2620 4654 ἡ
2652 4584 2814 4657 γυνὴ,
2852 4583 2916 4637 τὸ
2965 4576 3290 4659 ἀμφιϐόλως
3339 4582 3496 4657 ῥηθὲν
3553 4581 3629 4653 μὴ
3660 4586 3896 4651 συνεῖσα,

492 4671 864 4744 intelligeret,
896 4672 1282 4743 promissione
1326 4680 1625 4746 gratanter
1680 4681 1913 4747 accepta
1970 4679 2140 4749 ραδρῆ

2254 4676 2433 4749 ἐπὶτῇ
2483 4672 2771 4749 ὑποσχέσει
2797 4673 3037 4742 ἡσθεῖσα,
3096 4676 3184 4725 τοῦ
3234 4670 3411 4746 λέγειν
3461 4668 3660 4743 ἤρξατο
3693 4671 3886 4734 οὕτως·

493 4762 684 4817 dicere
718 4761 868 4816 hunc
900 4762 958 4815 in
992 4762 1261 4817 modum:
1290 4767 1484 4819 Genus
1514 4764 1748 4835 quidem
1791 4769 1848 4821 et
1893 4768 2141 4837 patriam

2255 4764 2409 4827 Γένος
2443 4764 2536 4837 μὲν
2558 4762 2647 4817 καὶ
2678 4758 2909 4836 πατρίδα
2936 4759 3101 4814 εἰπεῖν
3134 4762 3201 4829 ⁸³,
3231 4759 3329 4815 οὐκ
3359 4763 3506 4819 265
3543 4759 3695 4833 οἶμαι
3717 4762 3897 4816 πεῖσαί

1836 4906 2076 4963 νΑΒΙιΕ
2122 4907 2532 4967 LEGTIONES.

559 5001 948 5089 “ﬁltanO."c.
1010 5006 1095 5089 8,“
1126 5000 1455 5089 6919;353:903‘
1476 5007 1547 5089 ρ.
1605 5002 1887 5089 33‘6aaqn
1911 5005 2070 5089 One,
2121 5007 2247 5089 cod'.
2308 5008 2445 5089 liteg2
2507 5007 2612 5061 804
2667 5010 2729 5089 et
2773 5005 2914 5089 Epit.
2960 5020 3014 5089 c.
3066 5003 3171 5087 80,~
3206 5002 3353 5089 ἠμξς
3390 5002 3477 5089 'C.‘
3537 4998 3807 5089 “~06:th

485 5072 530 5151 ξς
592 5074 784 5151 Ιῐᾶμδ,
838 5071 998 5151 Δὅμως
1060 5080 1116 5139 C,
1161 5071 1245 5151 '01.
1295 5071 1349 5110 ⁷²’
1386 5071 1790 5151 ’ἄλλο-,ἀλλέτι
1838 5078 2004 5151 _O.ﬂ"3
2057 5076 2268 5151 ἱστορία
2314 5071 2488 5151 0,vi_n

2537 5093 2650 5148 quo
2698 5072 2908 5148 deinde
2945 5077 3236 5148 θυρωρῶν.
3273 5072 3485 5148 ⁷⁸-ῦπὸ
3531 5076 3809 5148 τοῦΑΘεοῦ
3835 5079 3891 5129 C.

485 5144 529 5223 ξιξ
558 5140 795 5223 πορίζεις
821 5140 897 5223 (1.;
912 5147 955 5181 ⁷⁸
986 5143 1338 5223 πεποιηκέναι
1373 5148 1438 5202 0.
1466 5148 1509 5182 ⁷⁷
1538 5142 1575 5215 ἤ
1607 5151 1664 5203 G.
1698 5148 1741 5182 ⁷⁸
1773 5147 1859 5216 Μὴ
1891 5150 1959 5221 τῇ
2001 5166 2056 5221 ρ.
2095 5140 2229 5222 μήτι
2261 5151 2321 5207 C.
2354 5140 2399 5186 ⁷⁸
2428 5149 2493 5221 Ο,
2528 5140 2616 5205 Ηὶε
2647 5149 2774 5203 exh.
2810 5142 2910 5223 ἔφη
2938 5147 2983 5182 ⁸⁰
3012 5140 3141 5199 ἐῖδῶ
3174 5146 3235 5201 Ο.
3269 5146 3312 5182 ⁸¹
3348 5140 3507 5199 δώσω
3537 5146 3596 5202 3-
3629 5145 3696 5213 0,
3729 5141 3808 5199 δῶ
3837 5151 3893 5201 C-

482 5214 529 5250 ⁸³
562 5214 712 5271 ΡοΤΐι.
748 5215 971 5269 εἰποῦσα
999 5222 1055 5271 S.

1866 5317 2240 5375 VABIORUM
2280 5318 2510 5375 ΝΟΤΑΞ.

552 5420 937 5490 (37)lnsulam
971 5422 1249 5487 Aradum,
1283 5423 1411 5478 urbi
1456 5424 1740 5479 Antarado
1786 5440 1854 5479 ex
1894 5425 2133 5480 adverso

485 5491 682 5554 sitam,
718 5499 1045 5547 memorant
1074 5493 1280 5548 Herod.
1311 5512 1408 5564 v11,
1448 5496 1536 5549 98.
1576 5495 1764 5550 Strab.
1818 5513 1935 5563 va,
1993 5497 2124 5551 753.

485 5564 732 5618 Casaub.
776 5570 1075 5618 SCIIWEGL.

557 5635 671 5700 (38)
704 5634 942 5709 Videtur
968 5634 1064 5709 36v
1099 5634 1211 5709 βίον
1241 5654 1367 5709 esse
1432 5637 1827 5708 interpretatie
1864 5640 1960 5709 τοῦ
2021 5638 2132 5707 ζῇν.

488 5704 586 5781 Est
611 5699 806 5781 autem
839 5699 1171 5781 ἀμφίβολον,
1201 5708 1340 5781 quia
1370 5710 1523 5781 quod
1552 5699 1757 5781 Petrus
1779 5699 2138 5781 intelligeb'at

490 5778 560 5832 de
593 5778 1080 5833 mutatione'vitze
1110 5779 1168 5833 in
1204 5778 1435 5846 melius,
1469 5780 1526 5834 id
1559 5780 1864 5835 Mattbidia
1881 5781 1951 5835 de
1970 5778 2135 5836 com-

2245 5426 2569 5480 mutatione
2598 5424 2723 5479 vitm
2755 5440 2887 5479 cum
2941 5426 3125 5479 morte
3172 5422 3682 5493 interpretabatur.
3744 5420 3891 5493 Lege

2244 5512 2367 5566 cap.
2405 5497 2489 5551 18.
2521 5497 2650 5552 Cor.
2688 5495 2933 5550 Fallitur
2962 5496 3025 5560 C,
3061 5511 3192 5550 cum
3242 5492 3499 5566 τὸνλοίον
3551 5492 3889 5566 interpreta-

2245 5563 2460 5639 tionem
2495 5584 2621 5623 esse
2651 5574 2848 5623 censet
2874 5570 2970 5620 τοῦ
3005 5571 3120 5639 ζῃν,
3158 5583 3315 5639 ῃιιιῃ
3355 5563 3469 5639 βίον
3509 5566 3627 5639 ,ζῇν
3655 5563 3889 5639 _dicunt

2246 5638 2406 5693 Plato
2435 5639 2756 5710 Optimique
2788 5635 3101 5709 scriptores
3125 5635 3416 5691 alii.Licet
3447 5636 3623 5707 igitur
3654 5635 3738 5690 baa
3791 5654 3883 5691 vo-

2244 5726 2339 5766 ces
2368 5710 2427 5765 in
2459 5712 2604 5779 Epit.
2638 5727 2764 5781 cap.
2798 5712 2868 5764 83
2898 5718 2954 5764 et
2982 5710 3134 5764 infra
3164 5725 3213 5781 ι)Σ
3241 5711 3308 5763 18
3338 5725 3453 5763 non
3484 5712 3729 5777 exstent,
3762 5724 3884 5764 om-

2244 5784 2383 5837 nino
2413 5786 2609 5837 tamen
2640 5780 2779 5837 sunt
2808 5781 3146 5839 retinendis.
3187 5780 3374 5837 Davus.
