4114 6338
250 451 365 512 313

1363 453 1895 514 CLEMENTINA.
1932 485 2006 496 —
2040 451 2374 514 HOMILIA
2420 453 2554 514 XII.

3545 447 3670 509 314

249 601 379 635 ποτε
410 580 715 651 δυνηθῆναί
742 604 879 638 τινα.
916 581 1068 652 Ηλὴν
1101 585 1187 639 καὶ
1222 585 1301 638 σοὶ
1342 584 1394 638 τί
1446 582 1683 659 διαφέρει
1739 586 1899 637 τοῦτο

2024 585 2060 639 si
2098 585 2432 656 proferrem,
2467 602 2580 639 non
2613 583 2889 640 arbitrior
2918 600 2987 639 ne
3019 599 3188 655 posse
3218 582 3389 637 alicui
3431 598 3681 653 persua-

255 677 463 743 μαθεῖν,
497 672 533 741 ἢ
574 671 740 745 μόνον
771 675 817 709 ⁸⁸
843 675 941 741 τήν
992 672 1185 742 αἰτίαν,
1226 676 1289 741 ἧς
1343 670 1516 727 ἕνεκεν
1579 671 1899 743 όδυνωμένη

253 758 497 832 δήγμασι
551 764 651 823 τὰς
690 762 825 834 ἐμάς
886 761 1153 835 ἐνέκρωσα
1209 768 1417 837 χεῖραςθ
1478 761 1623 830 πλὴν
1660 764 1725 815 τὰ
1786 761 1910 814 κατ’

253 847 515 921 ἐμαυτὴν,
572 851 647 911 ὡς
705 848 926 905 δυνατὸν
983 850 1203 905 ἀκοῦσαί
1245 872 1320 921 σε,
1356 848 1715 924 διηγήσομαι.
1748 849 1911 923 Ἐγὼ,

252 940 385 991 πάνυ
448 938 679 1012 εὐγενής
742 940 1079 1015 ὑπάρχουσα.
1140 937 1403 993 δυνάστου
1456 942 1503 975 εδ
1543 939 1686 993 τινὸς
1746 958 1909 1013 προσ-

249 1031 386 1100 ταγῇ
447 1026 611 1103 ἀνδρὶ
669 1030 806 1102 πρὸς
864 1028 1054 1102 γένους
1109 1028 1253 1100 αύτῷ
1286 1030 1586 1104 ὑπάρχοντι
1648 1026 1910 1103 ἐγενόμην

249 1118 405 1189 γυνή,
457 1117 562 1171 Καὶ
624 1117 757 1189 μετὰ
826 1115 1027 1189 δίδυμα
1073 1119 1231 1172 τέκνα
1281 1114 1441 1193 ἔσχον
1474 1116 1654 1191 ἕτερον
1689 1116 1824 1173 υἱόν.
1860 1116 1915 1167 Ὀ

251 1202 305 1258 δὲ
335 1209 433 1258 τοῦ
467 1204 611 1277 ἐμοῦ
641 1203 837 1279 ἀνδρὸς
869 1206 1101 1284 ἀδελφὸς
1139 1207 1321 1280 μανεὶς
1353 1207 1451 1261 οὑκ
1508 1205 1729 1260 ἔλαττον
1785 1204 1917 1280 ἠρά-

250 1294 344 1363 σθη
382 1314 492 1365 μου
542 1297 645 1362 τῆς
691 1292 1046 1369 ταλαιπωρου
1077 1297 1139 1366 ⁸⁵,
1188 1293 1394 1373 σφόδρα
1440 1300 1735 1372 σωφρονεῖν
1789 1294 1917 1367 ἀγα-

248 1382 459 1447 πώσης.
512 1382 621 1437 Καὶ
684 1382 997 1459 βουλομένη
1059 1387 1103 1423 ⁸⁸
1166 1387 1303 1457 μήτε
1356 1388 1434 1455 τῷ
1488 1382 1682 1457 ἐραστῇ
1734 1380 1915 1445 συνθέ-

249 1472 388 1540 σθαι,
428 1472 576 1542 μήτε
629 1475 706 1543 τῷ
744 1471 861 1544 ἐμῷ
915 1468 1069 1546 ἀνδρὶ
1119 1472 1397 1537 ἀναθέσθαι
1456 1473 1548 1527 τὸν
1602 1477 1699 1527 τοῦ
1756 1469 1915 1525 ἀδελ-

249 1564 348 1636 φοῦ
425 1560 603 1614 αὐτοῦ
677 1560 815 1634 πρὸς
893 1560 992 1634 ὲμὶ
1065 1560 1260 1638 ἔρωτα,
1321 1561 1685 1637 ἐλογισάμην,
1738 1558 1830 1615 ἵνα
1872 1562 1916 1597 ⁸⁷

250 1651 386 1721 μήτε
450 1649 855 1725 μοιχησαμένη
917 1650 1155 1723 ἐμαυτὴν
1214 1656 1406 1724 μιανῶ,
1445 1653 1583 1723 μήτε
1638 1655 1735 1705 τοῦ
1782 1649 1916 1723 ἐμοῦ

247 1735 442 1811 ἀνδρὸς
503 1740 612 1807 τήν
670 1738 858 1809 κοίτην
932 1738 1156 1813 ὑϐρίσω,
1222 1743 1357 1813 μήτε
1413 1739 1492 1812 τῷ
1550 1737 1770 1814 ἀδελφῷ
1821 1739 1910 1793 τὸν

249 1824 483 1901 ἀδελφὸν
550 1828 826 1901 πολέμιον
913 1831 1257 1899 καταστήσω,
1321 1832 1461 1901 μήτε
1544 1827 1673 1883 ὅλον
1759 1827 1913 1902 γένος

250 1917 385 1991 μέγα
424 1917 485 1971 ὃν
532 1917 614 1979 εἷς
659 1915 965 1991 ὀνειδισμὸν
1018 1925 1177 1973 πᾶσιν
1223 1913 1486 1974 ὑποϐαλῶ
1516 1920 1581 1954 ⁸⁸’
1623 1918 1697 1979 ὡς
1758 1914 1911 1993 ἔφην,
1952 1958 1997 2023 Β

254 2004 296 2023 ’κ
456 2007 466 2021 ι
670 2008 684 2023 ‘
817 2006 857 2023 "
1077 2010 1087 2023 ‘
1188 2012 1212 2023 ⁸
1310 2007 1324 2023 ’
1387 2012 1410 2022 ν
1505 2005 1528 2023 ⁸
1562 2004 1616 2023 “’
1882 2006 1891 2023 '

249 2004 597 2081 ἐλογισάμην
625 2008 722 2074 τήν
762 2006 923 2063 πόλιν
964 2010 1098 2080 μετὰ
1146 2012 1254 2062 τῶν
1307 2007 1453 2080 ἐμῶν
1501 2004 1744 2080 διδύμων
1797 2006 1919 2060 παίε

251 2092 353 2148 δων
418 2091 649 2164 ἐκϐῆναι
706 2094 795 2150 ἐπὶ
848 2096 1049 2172 χρόνον
1098 2094 1364 2163 viviﬁci):
1426 2096 1483 2151 ἂν
1533 2097 1683 2151 καὶὸ
1721 2096 1913 2168 μιαρὸς

252 2182 382 2259 ἴρως
443 2182 722 2253 παύσηται
783 2189 879 2239 τοῦ
938 2186 1023 2240 ἐπὶ
1079 2190 1147 2258 τῇ
1196 2184 1303 2258 ἐμῇ
1338 2180 1487 2259 ὕϐρει
1520 2183 1914 2245 κολακεύοντός

255 2293 337 2345 με.
367 2273 470 2327 Τὸν
536 2275 723 2346 μέντοι
782 2271 962 2349 ἕτερον
1012 2275 1124 2329 υἱὸν
1180 2275 1323 2351 παρὰ
1372 2278 1450 2346 τῷ
1506 2273 1669 2349 πατρὶ
1734 2278 1910 2346 μεῖναι

255 2360 326 2421 εἷς
356 2362 710 2437 παραμυθίαν
742 2362 1056 2419 κατέλιπον.

324 2471 469 2525 XVI.
501 2468 661 2537 Πλὴν
689 2471 754 2537 ⁸9,
783 2467 872 2523 ’ἱνα
913 2472 1081 2524 ταῦτα
1137 2468 1309 2532 οὕτως
1367 2470 1611 2544 γένηται,
1646 2468 1913 2540 ἐπενόησα

256 2552 454 2632 ὄνειρον
516 2556 849 2629 πλάσασθαι,
880 2559 954 2620 ὡς
1016 2556 1082 2628 δή
1140 2580 1287 2621 τινος
1336 2558 1545 2633 νύκτωρ
1595 2559 1909 2621 ἐπιστάντος

263 2648 469 2719 μοικαὶ
502 2647 815 2722 εἰρηκότος’
858 2648 1039 2719 Γύναι,
1075 2646 1297 2718 ἐξαυτῆς
1343 2651 1386 2685 ³ο
1438 2648 1549 2720 ἅμα
1590 2654 1709 2709 τοῖς
1761 2646 1909 2703 διδύ-

265 2756 381 2807 μοις
410 2757 508 2790 σου
538 2735 751 2797 τέκνοις
782 2735 869 2790 ἐπὶ
900 2737 1099 2813 χρόνον
1132 2737 1267 2804 τινὰ,
1304 2737 1498 2812 μέχρις
1546 2736 1634 2791 ὅτε
1685 2738 1911 2809 μηνύσω

258 2823 567 2880 ἐπανελθεῖν
629 2846 686 2879 σε
743 2825 982 2893 ἐνταῦθα,
1018 2820 1207 2895 ἔκϐηθι
1263 2826 1362 2893 τήν
1410 2824 1592 2879 πόλιν·
1629 2824 1741 2879 ἐπεὶ
1799 2827 1910 2898 ἅμα

256 2910 402 2985 ἀνδρὶ
446 2914 541 2968 καὶ
590 2914 720 2967 πᾶσί
768 2935 864 2968 σου
899 2920 1017 2975 τοῖς
1044 2914 1255 2975 τέκνοις
1289 2917 1442 2972 266
1475 2913 1759 2992 αἰφνιδίως
1817 2935 1910 2969 κα-

253 3006 355 3065 κῶς
412 3000 785 3072 τελευτήσεις.
840 3004 1017 3076 Ὀμῶς
1078 3002 1248 3064 οὕτως
1298 3003 1548 3073 ἐποίησα.
1600 3006 1752 3076 ’Ἅμα
1806 3003 1909 3079 γὰρ

254 3094 328 3160 τῷ
373 3092 461 3145 τὸν
515 3086 729 3163 ὄνειρον
779 3091 1071 3163 ψεύσασθαί
1118 3113 1185 3165 με
1224 3096 1303 3162 τῷ
1335 3089 1509 3165 ἀνδρὶ,
1544 3092 1722 3155 αὑτὸς,
1755 3093 1906 3167 περί-

258 3175 419 3256 φοϐος
449 3180 766 3256 γενόμενος,
802 3182 933 3253 μετᾶ
964 3185 1072 3235 τῶν
1106 3179 1251 3253 ἐμῶν
1285 3184 1328 3219 ⁹¹
1363 3178 1457 3235 δύο
1500 3181 1656 3250 υἱῶν,
1690 3178 1905 3237 δούλων

252 3289 307 3323 τε
336 3270 421 3323 καὶ
454 3267 761 3323 παιδισκῶν
807 3269 895 3323 καὶ
940 3271 1242 3344 χρημάτων
1278 3274 1488 3345 συχνῶν
1544 3270 1679 3323 κατὰ
1730 3270 1903 3324 πλοῦν

252 3356 326 3419 εἷς
385 3359 624 3427 Ἀθήνας
678 3377 746 3429 με
802 3356 1117 3430 ἐξέπεμψεν,
1168 3356 1507 3412 ἐκπαιδεῦσαι
1562 3358 1692 3419 τοὺς
1733 3358 1905 3427 υἱοὺς,

254 3470 281 3496 ‹‹
316 3448 516 3522 μέχρις
559 3446 642 3517 ἂν,
675 3442 798 3522 ἔφη,
826 3449 904 3517 τῷ
934 3445 1335 3521 χρηματίσαντι
1371 3444 1495 3521 δόξῃ
1554 3445 1819 3501 ἐπανιέναι
1853 3469 1911 3503 σε

254 3536 382 3610 πρὸς
444 3535 567 3608 ἐμέ.
604 3559 633 3585 ››
664 3535 843 3606 Ὀμῶς
902 3536 1013 3607 ἅμα
1066 3535 1272 3596 τέκνοις
1320 3537 1354 3604 ἡ
1386 3534 1613 3590 τάλαινα
1666 3534 1910 3591 πλέουσα

258 3623 356 3677 ὑπὸ
413 3623 630 3697 ἀνέμων
692 3622 905 3693 ἀταξίας
941 3623 1016 3684 εἷς
1044 3622 1271 3685 τούτους
1321 3624 1679 3703 ἀπορῥιφεῖσα
1709 3628 1753 3661 θ’
1781 3626 1907 3687 τοὺς

256 3713 473 3781 τόπους,
504 3713 699 3773 νυκτὸς
753 3720 853 3780 τῆς
902 3712 1035 3781 νηὸς
1094 3711 1458 3783 διαλυθείσης,
1486 3714 1721 3789 ναυαγίῳ
1752 3717 1796 3751 93
1820 3736 1911 3769 πε-

260 3804 493 3877 ριέπεσα.
531 3802 751 3856 Πάντων
813 3798 869 3855 δὲ
929 3800 1212 3868 θανόντων,
1245 3804 1279 3870 ἡ
1331 3803 1539 3877 ἀτυχὴς
1600 3802 1707 3877 ἐγὼ
1763 3803 1904 3875 μόνη

259 3891 357 3945 ὑπὸ
388 3890 628 3969 σφοδροῦ
658 3891 897 3963 κύματος
928 3889 1243 3965 ῥαπισθεῖσα
1273 3894 1338 3956 ⁰⁴,
1374 3890 1462 3945 ἐπὶ
1510 3892 1708 3967 πέτρας
1760 3892 1905 3969 ἐρῥί-

257 4002 380 4056 φην,
413 3981 495 4055 ἐφ’
525 3983 593 4049 ἧς
624 3986 938 4043 καθεσθεῖσα
970 3982 1005 4048 ἡ
1038 3980 1197 4034 ἀθλία
1231 3978 1412 4035 ἐλπίδι
1442 3985 1537 4035 τοῦ
1566 3983 1632 4035 τὰ
1664 3984 1707 4018 9⁵
1747 3980 1907 4036 τέκνα

259 4091 320 4140 με
351 4076 525 4139 ζῶντα
558 4071 752 4144 εὑρεῖν,
787 4069 862 4131 εἷς
908 4070 999 4123 τὸν
1038 4072 1080 4105 ⁸⁸
1115 4069 1272 4144 βυθὸν
1326 4068 1562 4141 ἐμαυτὴν
1614 4069 1713 4124 οὐκ
1760 4069 1904 4146 ἔρρι-

254 4160 323 4230 ψα
348 4160 491 4231 τότε,
528 4157 637 4226 ὅτε,
668 4159 767 4227 τὴν
810 4159 994 4232 ψυχὴν
1043 4158 1455 4230 μεμεθυσμένην
1505 4164 1622 4221 τοῖς
1672 4159 1903 4231 κύμασιν

254 4244 468 4322 ἔχουσα,
499 4252 665 4302 τοῦτο
690 4254 916 4315 ποιῆσαι
949 4244 1147 4322 ῥᾳδίως
1181 4245 1454 4320 ὲδυιάμην

321 4337 484 4394 XVII.
524 4335 676 4404 Πλὴν
711 4333 895 4405 ἐπειδή
957 4331 1153 4412 ὄρθρος
1213 4336 1439 4412 ἐγένετο,
1478 4335 1690 4411 μεγάλα
1724 4338 1906 4413 βοῶσα

256 4424 337 4477 καὶ
392 4425 561 4500 γοερά
615 4425 901 4478 κωκύουσα
930 4427 972 4460 ⁹⁷
1005 4420 1474 4500 περιεϐλεπόμην,
1512 4430 1744 4494 ζητοῦσα
1799 4430 1903 4480 τῶν

260 4511 397 4585 ἐμῶν
429 4512 795 4586 ταλαιπώρων
846 4514 1056 4591 βρεφῶν
1088 4514 1156 4567 τὰ
1211 4515 1372 4589 νεκρὰ
1428 4514 1674 4586 σώματα.
1711 4513 1905 4585 Ἐλεή-

260 4621 435 4663 σαντες
462 4600 557 4656 οῦν
594 4622 659 4674 με
706 4602 759 4656 oi.
790 4600 1104 4678 ἐπιχώριοι,
1145 4605 1356 4677 γυμνὴν
1406 4599 1632 4669 ἰδόντες,
1665 4600 1906 4658 ἐνδύσαν-

2024 674 2177 729 dere.
2211 676 2317 728 Sed
2352 680 2409 729 et
2442 674 2579 745 quid
2617 674 2687 728 ad
2722 679 2775 727 te
2807 673 3013 728 attinet
3062 673 3115 727 id
3148 687 3516 742 cognoscere,
3555 671 3670 726 nisi

2022 767 2251 816 tantum
2286 780 2545 827 causam,
2580 763 2651 817 ob
2682 780 2856 833 quam
2890 764 3087 817 dolore
3135 762 3337 816 affecta
3370 760 3668 815 morsibus

2025 868 2235 905 manus
2270 870 2428 906 meas
2455 858 2715 907 mortuas
2748 852 2992 905 reddidi.
3040 852 3255 905 Tamen
3292 867 3439 913 mea,
3474 851 3667 920 quoad

2025 941 2226 995 audire
2260 947 2442 1012 potes,
2480 940 2741 995 referam.
2777 941 2891 1011 Ego
2924 940 3239 994 admodum
3269 937 3669 1010 nobilis,prin-

2026 1028 2171 1100 cipis
2204 1031 2513 1099 cujusdam
2564 1029 2670 1083 viri
2719 1029 2982 1100 imperio,
3035 1029 3209 1099 nupsi
3260 1028 3379 1083 viro
3422 1029 3517 1098 qui
3548 1032 3672 1082 erat

2027 1118 2184 1173 illius
2218 1120 2621 1190 propinquus:
2672 1124 2730 1174 et
2784 1124 2911 1189 post
2958 1119 3104 1172 duos
3153 1117 3417 1189 geminos
3457 1116 3670 1172 liberos

2028 1208 2208 1263 alium
2240 1208 2468 1279 suscepi
2504 1208 2826 1262 ﬁlium.Sed
2863 1206 3039 1261 frater
3071 1205 3263 1259 mariti
3294 1205 3425 1271 mei,
3459 1221 3671 1276 magna

2027 1302 2326 1368 correptus
2358 1298 2606 1367 insania,
2640 1296 2932 1351 adamavit
2965 1312 3056 1349 me
3092 1294 3387 1363 miseram,
3418 1311 3542 1366 quae
3575 1310 3668 1347 ca-

2029 1391 2114 1441 ste
2146 1387 2334 1440 vivere
2368 1385 2675 1457 cupiebam
2709 1384 3318 1454 admodum.Cumque
3340 1398 3444 1438 nec
3464 1381 3667 1437 vellem

2028 1475 2270 1532 amatori
2305 1474 2649 1541 consentire,
2699 1491 2801 1529 nec
2853 1474 2974 1528 viro
3006 1490 3133 1527 meo
3184 1488 3440 1527 amorem
3474 1470 3670 1525 fratris

2026 1565 2153 1634 ejus
2184 1580 2320 1635 erga
2351 1579 2443 1619 me
2469 1580 2773 1634 exponere,
2799 1562 3001 1627 statui,
3039 1567 3099 1616 ut
3120 1577 3306 1632 neque
3332 1559 3669 1614 adulterans

2026 1651 2346 1723 polluerem
2380 1668 2492 1717 me,
2527 1668 2631 1707 nec
2660 1651 2765 1705 viri
2798 1651 2906 1706 mei
2942 1656 3133 1705 torum
3161 1647 3515 1705 contumelia
3544 1646 3667 1702 affi-

2026 1757 2237 1805 cerem,
2273 1757 2457 1812 neque
2488 1742 2724 1796 fratrem
2783 1740 2946 1794 fratri
2979 1740 3280 1794 redderem
3339 1736 3665 1802 inimicum,

2026 1846 2214 1901 neque
2245 1834 2426 1885 totum
2460 1829 2761 1896 familiam,
2797 1846 2923 1900 qua:
2958 1846 3171 1900 magna
3194 1832 3336 1897 erat,
3371 1827 3429 1880 in
3458 1843 3669 1898 oppro-

2028 1920 2219 1974 brium
2252 1920 2479 1974 cunctis
2504 1920 2745 1987 darem;
2798 1918 2996 1986 statui,
3051 1918 3316 1988 inquam,
3360 1916 3504 1971 urbe
3535 1932 3668 1970 cum

2028 2009 2173 2063 meis
2194 2008 2444 2079 geminis
2467 2007 2662 2080 pueris
2685 2007 2754 2062 ad
2778 2008 3071 2078 quoddam
3090 2011 3323 2077 tempus
3345 2005 3663 2072 discedere,

2024 2098 2203 2152 donec
2232 2102 2289 2152 et
2322 2098 2591 2168 impurus
2614 2114 2777 2151 amor
2809 2096 2986 2165 illius,
3016 2095 3115 2166 qui
3141 2095 3281 2149 mibi
3316 2095 3385 2149 ad
3414 2094 3665 2149 dedecus

2024 2203 2220 2240 meum
2254 2186 2683 2253 assentabatur,
2720 2186 2895 2239 tinem
2944 2186 3282 2255 accepisset.
3319 2187 3383 2238 At
3415 2183 3663 2237 alterum

2023 2274 2232 2345 filium,
2266 2281 2329 2329 ut
2359 2275 2511 2347 apud
2567 2280 2787 2346 patrem
2842 2274 2897 2328 in
2939 2273 3211 2328 solatium
3262 2276 3540 2340 maneret,
3578 2288 3665 2327 re-

2022 2364 2188 2436 liqui.

2093 2471 2233 2525 XVI.
2250 2475 2465 2527 Verum
2480 2478 2593 2541 quo
2616 2470 3069 2535 haecitaﬁerent,
3084 2469 3139 2523 in
3156 2468 3419 2524 animum
3438 2467 3663 2537 induxi,

2021 2561 2319 2616 somnium
2344 2559 2757 2632 ﬁngere,quasi
2781 2558 2996 2629 aliquis
3019 2558 3160 2612 mihi
3188 2562 3359 2613 noctu
3383 2558 3668 2612 astitisset

2021 2667 2087 2704 ac
2110 2649 2382 2705 dixisset:
2408 2649 2639 2714 mulier,
2659 2649 2963 2703 confestim
2986 2665 3101 2703 una
3122 2664 3254 2702 cum
3275 2646 3524 2718 geminis
3545 2645 3664 2701 tuis

2023 2739 2217 2810 pueris
2251 2739 2391 2793 urbe
2421 2738 2653 2793 discede
2686 2739 2755 2792 ad
2789 2737 3023 2809 aliquod
3058 2742 3314 2808 tempus,
3340 2737 3522 2791 donec
3544 2753 3671 2790 rur-

2021 2844 2123 2882 sus
2156 2827 2505 2896 indicavero,
2540 2832 2603 2881 ut
2634 2827 2838 2881 redeas
2870 2826 3019 2893 huc;
3056 2825 3265 2897 alioqui
3291 2842 3421 2879 cum
3457 2824 3663 2879 marito

2021 2916 2365 2987 cunctisque
2397 2915 2513 2970 tuis
2539 2915 2738 2970 liberis
2772 2916 2842 2970 de
2866 2919 3097 2986 repente
3120 2913 3334 2986 peribis
3366 2914 3536 2968 male.
3570 2919 3669 2967 At-

2021 3022 2133 3075 que
2163 3005 2245 3059 ita
2276 3006 2403 3060 feci.
2435 3004 2649 3059 Statim
2695 3005 2848 3059 enim
2884 3009 2947 3059 ut
2993 3003 3287 3059 somnium
3321 3002 3667 3057 ementitum

2018 3092 2141 3147 viro
2174 3093 2460 3158 enarravi,
2511 3094 2800 3158 extimuit,
2833 3098 2890 3147 et
2938 3109 3030 3147 me
3080 3109 3213 3147 cum
3265 3092 3495 3146 duobus
3523 3090 3671 3145 meis

2019 3180 2155 3235 filiis
2177 3198 2428 3252 cumque
2456 3181 2636 3236 servis
2668 3186 2725 3236 et
2755 3178 2984 3236 ancillis
3012 3185 3186 3251 atque
3209 3179 3394 3234 multa
3426 3178 3671 3251 pecunia

2018 3270 2281 3325 Athenas
2339 3288 2438 3342 per
2496 3287 2698 3325 navem
2760 3270 2942 3336 misit,
3004 3276 3069 3323 ut
3128 3275 3292 3323 natos
3350 3267 3668 3335 erudirem,

2020 3360 2242 3429 Quoad,
2276 3359 2491 3429 inquit,
2522 3357 2761 3412 visionis
2812 3357 3035 3412 auctori
3083 3355 3364 3426 placuerit
3396 3361 3452 3410 te
3482 3356 3670 3410 redire

2021 3449 2091 3503 ad
2127 3464 2237 3502 me.
2274 3451 2555 3504 Caeterum
2589 3464 2693 3519 ego
2744 3448 2957 3502 misera
3009 3464 3124 3501 una
3172 3463 3303 3500 cum
3338 3445 3536 3501 liberis
3567 3463 3667 3500 na-

2019 3536 2224 3608 vigans
2257 3542 2559 3591 ventorum
2592 3538 2643 3589 vi
2679 3536 2955 3607 projicior
3002 3535 3060 3589 in
3107 3535 3227 3589 haec
3275 3534 3418 3605 loca,
3452 3539 3508 3589 et
3537 3534 3670 3589 navi

2020 3632 2192 3680 noctu
2229 3624 2511 3679 dissoluta
2549 3626 2602 3678 in
2639 3625 3010 3697 naufragium
3046 3624 3507 3694 incidi.Cumque
3539 3640 3668 3678 om-

2020 3730 2125 3769 nes
2154 3714 2514 3779 interissent,
2569 3731 2685 3767 una
2741 3731 2845 3785 ego
2897 3713 3115 3779 infelix,
3180 3711 3407 3783 magnis
3454 3712 3668 3782 agitata

2020 3801 2315 3870 ﬂuctibus,
2350 3802 2406 3858 in
2440 3820 2643 3858 saxum
2678 3803 2862 3873 ejecta
2891 3818 3063 3856 sum:
3120 3801 3213 3856 ubi
3248 3818 3379 3854 cum
3415 3801 3667 3855 infortu-

2018 3898 2157 3947 nata
2189 3893 2481 3961 sederem,
2524 3909 2624 3963 spe
2658 3891 2979 3963 reperiendi
3014 3896 3183 3946 natos
3232 3906 3390 3944 meos
3419 3888 3576 3943 vivos
3607 3888 3665 3942 in

2020 3981 2372 4052 profundum
2407 3998 2502 4036 me
2533 3998 2645 4035 non
2682 3980 3034 4051 praecipitavi
3065 3985 3225 4041 tunc,
3274 3978 3509 4050 quando
3541 3978 3666 4031 ani-

2018 4085 2181 4125 mum
2217 4070 2439 4125 habens
2471 4069 2688 4124 doloris
2738 4068 3012 4123 ﬂuctibus
3061 4069 3290 4123 ebrium
3341 4067 3449 4122 hoc
3481 4068 3665 4122 facere

2016 4157 2186 4214 facile
2220 4164 2501 4230 poteram.

2090 4337 2258 4392 XVII.
2293 4341 2505 4392 Verum
2561 4340 2872 4409 postquam
2935 4335 3058 4390 dies
3092 4340 3327 4391 exortus
3383 4339 3491 4404 est,
3526 4351 3661 4389 cum

2018 4426 2270 4483 clamore
2304 4442 2511 4498 magno
2539 4431 2594 4480 et
2625 4425 2943 4480 miserabili
2967 4425 3192 4479 ulutatu
3227 4424 3660 4494 circumspicie-

2017 4517 2173 4581 bam,
2204 4533 2469 4587 quarens
2503 4515 2820 4569 infelicium
2857 4521 3125 4569 natorum
3148 4516 3447 4569 cadavera.
3480 4514 3662 4584 Igitur

2015 4604 2391 4660 miseratione
2418 4604 2697 4659 commoti
2748 4603 2971 4669 incolae,
3006 4604 3225 4657 nudam
3275 4601 3491 4670 intuiti,
3524 4618 3655 4655 cum

261 4688 341 4752 τές
372 4712 437 4763 με
463 4692 528 4745 τὸ
560 4694 798 4767 πρῶτον,
823 4691 912 4744 τὸν
963 4692 1122 4766 βυθὸν
1177 4690 1511 4765 ἀνηρεύνων,
1542 4692 1611 4745 τὰ
1658 4691 1763 4765 ἐμὰ
1814 4697 1904 4763 ζη-

2024 4695 2202 4766 primo
2236 4710 2328 4747 me.
2358 4692 2709 4758 induissent,
2744 4691 2986 4745 scrutati
3031 4696 3170 4745 sunt
3203 4691 3380 4744 maris
3414 4690 3659 4760 profun-

262 4783 469 4842 τοῦντες
516 4778 689 4834 τέκνα.
726 4779 825 4833 Καὶ
876 4779 989 4833 ἐπεὶ
1037 4778 1205 4852 μηδὲν
1255 4779 1511 4854 ηὕρισκον
1560 4782 1605 4815 ⁸⁸
1657 4782 1729 4834 ὧν
1781 4780 1905 4851 ἐζή-

261 4888 401 4937 τουν,
435 4867 780 4945 παραμυθίας
831 4869 989 4943 χάριν
1039 4869 1177 4931 τινὲς
1226 4873 1333 4923 τῶν
1383 4868 1676 4947 φιλοξένων
1727 4890 1907 4945 γυναι-

261 4961 364 5011 κῶν
396 4955 791 5032 προσελθοῦσαι
824 4954 1109 5033 διηγοῦντο
1142 4957 1334 5025 ἑκάστη
1365 4958 1432 5011 τὰ
1489 4958 1685 5027 ἑαυτῆς
1745 4959 1902 5027 κακὰ,

257 5043 341 5100 ἳνα
367 5051 435 5121 τῇ
461 5050 640 5101 πτῶν
698 5044 904 5119 ὁμοίων
962 5052 1213 5125 συμφορᾷ
1268 5047 1609 5124 παραμυθίας
1659 5046 1836 5121 τύχω,
1871 5048 1900 5102 '6

264 5132 324 5205 δή
360 5158 425 5209 με
456 5134 668 5210 μᾶλλον
701 5133 909 5193 ἐλύπει.
944 5135 1016 5190 Οὐ
1064 5137 1164 5212 γὰρ
1214 5133 1347 5212 ἔφην
1404 5136 1547 5191 οὕτω
1579 5139 1726 5195 287
1761 5137 1898 5206 κακὴ

2015 4784 2179 4851 dum,
2211 4782 2521 4853 quaerendo
2556 4786 2719 4835 natos
2745 4796 2924 4834 meos.
2959 4780 3027 4834 Et
3052 4779 3191 4850 quia
3223 4776 3362 4831 nihil
3398 4776 3658 4831 invenie-

2015 4872 2377 4926 banteorum
2409 4886 2535 4941 quas
2569 4868 2941 4939 indagabam,
2994 4865 3286 4923 nonnullae
3335 4865 3657 4936 hospitales

2016 4959 2287 5015 mulieres
2318 4957 2656 5014 consolandi
2686 4974 2777 5012 me
2801 4956 2987 5028 gratia
3016 4960 3407 5019 accesserunt,
3439 4960 3496 5009 et
3520 4971 3657 5010 suas

2014 5047 2257 5119 singulae
2292 5048 2645 5103 enarrabunt
2688 5046 2975 5111 miserias,
3012 5050 3074 5100 ut
3101 5043 3386 5100 similium
3418 5042 3656 5098 calami-

2011 5142 2129 5193 tate
2160 5137 2435 5192 solatium
2468 5151 2733 5208 caperem
2762 5152 2774 5191 :
2809 5135 2961 5206 quod
3010 5150 3102 5189 me
3135 5133 3317 5205 magis
3349 5132 3657 5188 contrista-

1602 5253 1847 5309 VARIIE
1890 5252 2302 5311 LECTIONES.

329 5350 372 5385 ⁸³
426 5349 595 5422 μόνην
655 5351 720 5407 0.
796 5352 843 5387 ⁸⁴
902 5346 1129 5405 δυνατοῦ
1188 5350 1331 5422 Epit.
1408 5350 1453 5386 ⁸⁸
1508 5348 1885 5427 ταλαιπωρίας
1941 5351 2006 5407 Ο.
2097 5350 2141 5385 ⁸⁸

329 5422 396 5476 ῖτε
450 5423 493 5476 Ο
550 5428 607 5476 et
660 5424 824 5476 Em't.
891 5424 964 5476 mi
1021 5426 1080 5476 C.
1157 5422 1200 5456 ⁸⁷
1252 5418 1342 5474 ’ἱνα
1402 5439 1517 5476 om.
1575 5426 1639 5476 Ο.
1714 5423 1758 5457 ⁸⁸
1809 5416 2071 5476 ὑποϐάλω
2130 5420 2174 5476 0

1809 5442 2071 5476 υποοαΛω
2130 5442 2195 5476 υ.

755 5491 824 5528 πῃ)
880 5491 1040 5528 λιλοωῦ
1100 5494 1155 5528 in
1218 5493 1261 5528 Π
1461 5491 1853 5528 λψρΛᾸέιορ.ορτκη
1911 5495 1955 5528 Α
2053 5494 2096 5528 93
2153 5512 2283 5528 unum

266 5499 493 5549 stanter.
570 5495 614 5529 ⁹¹
678 5490 824 5564 ἐμῶν
880 5490 1044 5550 deest
1100 5494 1157 5547 in
1218 5493 1281 5549 0.
1360 5494 1403 5528 ⁹²
1461 5491 1855 5569 ἀπορῥιφθεῖσα
1911 5495 1975 5550 0.
2053 5494 2096 5528 9³
2153 5511 2356 5566 ναυφρα
2405 5490 2467 5562 ίῳ
2536 5490 2596 5545 C.
2646 5491 2904 5545 Subinde
2957 5491 3269 5555 περιέπεσον
3329 5490 3454 5545 cod.
3517 5490 3525 5543 l

266 5565 381 5618 804.
459 5567 501 5600 9‘
528 5561 829 5635 ῥιπισθεῖσα
859 5572 984 5621 cod.
1021 5566 1162 5636 Reg.
1202 5566 1326 5629 804,
1361 5570 1417 5621 et
1445 5568 1587 5637 Epit.
1617 5582 1664 5618 ο.
1698 5566 1785 5619 84.
1864 5567 1907 5600 9⁵
1935 5563 2001 5619 τά
2034 5563 2250 5620 inserui
2282 5580 2330 5617 c.
2505 5564 2549 5596 ⁹⁶
2604 5560 2665 5614 τό
2720 5563 2778 5615 S.
2856 5563 2897 5596 97
2956 5562 3080 5616 Vbb
3132 5558 3328 5635 ῥαδίως
3387 5558 3525 5613 ἐουνι

266 5666 327 5675 -
376 5636 536 5691 γοερὰ
590 5635 875 5689 κωκύουσα
933 5639 1340 5691 desiderantur
1396 5638 1451 5691 in
1485 5644 1548 5691 υ.
1626 5637 1668 5671 ³⁸
1703 5637 1838 5690 Vide
1869 5638 1939 5691 de
1971 5637 2077 5691 hoc
2110 5640 2421 5691 augmento
2466 5634 2571 5687 etsi
2624 5633 2924 5687 rarissimo
2958 5634 3304 5688 Lobeckium
3338 5634 3416 5687 ad
3446 5632 3525 5686 Ph

1748 5650 1838 5690 ide
1869 5650 1939 5692 de
1971 5650 2077 5691 noc
2110 5650 2571 5706 augmentoketm
2598 5650 2924 5706 rarissimo
2959 5650 3304 5688 bonecmum
3338 5650 3413 5687 αα
3437 5650 3655 5706 Γῃηῃη.

268 5418 493 5490 μήτεὈ
550 5418 607 5478 et
660 5424 824 5493 Epit,
890 5424 964 5493 μή
1021 5426 1080 5477 C.
1157 5418 1342 5474 ⁸⁷”ίνα
1402 5439 1517 5493 om.
1575 5426 1639 5493 Ο,

266 5499 493 5549 stanter.
570 5495 614 5529 “

264 5666 327 5675 —
376 5636 536 5710 γοερᾶ
590 5635 875 5710 κωκύουσα
933 5635 1340 5710 desiderantur
1396 5638 1451 5691 in
1485 5635 1548 5692 Ο.

2097 5350 2172 5439 “ﬁ
2227 5346 2538 5439 βῖξλοξξένη
2619 5348 2700 5432 δυ
2765 5343 3343 5439 βοξλομξχηεβηᾳ
3400 5345 3660 5439 Srubinde

2270 5421 2315 5455 ⁸9
2372 5415 2574 5501 οὑτωςὴ
2598 5415 2784 5501 ταῦτα.
2942 5415 2950 5419 ’
2985 5419 3028 5454 ⁸ο
3207 5415 3375 5487 αὐτῆς
3416 5418 3475 5501 ‘0
3517 5434 3659 5501 20n-

2536 5490 2596 5545 C.
2646 5491 2904 5545 Subinde
2957 5491 3269 5555 περιέπεσον
3329 5490 3454 5545 cod.
3517 5489 3655 5559 Reg.

2505 5564 2569 5635 9°,
2604 5560 2665 5614 τό
2812 5633 2818 5635 Α
2856 5563 2897 5596 9⁷
2956 5562 3080 5635 Vbb
3132 5558 3328 5635 ῥαδίως
3387 5558 3656 5635 ἐγουνάμην

265 5699 481 5794 ρ.ῃὶ10’
528 5711 587 5766 S.
639 5705 883 5782 εὕρισκον
939 5712 983 5763 0
1041 5713 1099 5763 et
1144 5709 1284 5780 Epit.
1362 5710 1408 5743 ⁹⁹
1446 5710 1515 5780 τῇ
1575 5707 1821 5779 ascripsi
1878 5725 1947 5764 ex
2002 5708 2066 5764 Ο.
2120 5699 2337 5762 Deinde
2368 5705 2395 5759 ὃ
2428 5702 2485 5758 δὲ
2520 5702 2731 5777 μᾶλλόν
2769 5724 2834 5776 με
2865 5710 2922 5759 C.
2959 5706 3142 5761 Etiam
3173 5708 3229 5760 in
3260 5706 3401 5775 Epit.
3436 5702 3464 5757 ὃ
3495 5699 3655 5775 δῆρ.

268 5774 294 5829 ὃ
324 5774 397 5837 δέ.
