4112 6344
462 445 577 507 315

1279 451 1344 512 S.
1392 452 1837 514 CLEMENTIS
1882 454 1906 515 Ι
1952 454 2143 515 ROM.
2189 454 2421 515 PONT.
2468 450 2733 515 OPERA
2777 453 3046 516 DUBIA.

3752 455 3874 517 316

464 580 600 636 bat:
638 580 756 635 Non
787 580 962 649 enim,
996 580 1355 653 inquiebam.
1387 585 1529 639 adeo
1566 585 1722 642 mala
1753 604 1906 656 sum,
1941 590 2006 641 ut
2036 603 2105 641 ex

2221 584 2373 656 εἶναι,
2406 585 2479 645 ὡς
2512 588 2580 624 ¹ο⁰
2606 589 2727 646 ταῖς
2760 582 2944 640 ἄλλων
2975 590 3284 663 συμφοραῖς
3314 588 3658 659 παραμυθίας
3689 584 3869 663 τύχω.

466 668 713 724 aliorum
747 669 1176 727 calamitatibus
1206 674 1661 729 consolationem
1707 676 2009 747 accipiam.
2046 675 2106 729 Et

2223 673 2319 726 Καὶ
2353 672 2417 743 δὴ
2454 674 2528 735 είς
2572 673 2739 743 ξενίαν
2792 672 3021 729 πολλῶν
3074 693 3141 746 με
3198 670 3343 748 ἄγειν
3403 673 3665 747 ἀξιουσῶν
3699 678 3737 747 ¹,
3776 674 3876 749 μία

468 775 600 813 cum
626 775 717 812 me
741 758 940 814 multa?
963 759 1213 831 hospitio
1231 768 1509 833 cuperent
1526 764 1799 835 recipere,
1825 781 1941 818 una
1963 782 2111 835 quae-

467 847 598 901 dam
634 848 988 917 paupercula
1021 850 1111 904 bic
1141 849 1411 906 habitans
1433 853 1672 907 extorsit
1706 853 1849 907 mihi
1877 854 2111 925 tugurio

464 936 591 1005 ejus
622 936 1193 1002 succedere,dicens:
1225 940 1477 1006 Conﬁde,
1506 941 1751 996 mulier:
1787 942 2001 996 etenim
2026 942 2115 997 vir

464 1040 650 1088 meus,
686 1023 859 1079 homo
910 1032 1107 1092 nauta,
1138 1027 1195 1081 in
1232 1030 1376 1082 mari
1428 1031 1618 1084 adhuc
1664 1031 1896 1100 juvenis
1928 1030 2106 1085 obiit:

463 1118 637 1183 atque
668 1129 735 1167 ex
765 1130 829 1167 eo
861 1115 976 1179 die,
1012 1117 1279 1186 quamvis
1312 1118 1480 1171 multi
1511 1136 1601 1173 me
1628 1119 2009 1174 sollicitarent
2040 1120 2110 1174 ad

465 1202 720 1271 nuptias,
756 1219 860 1274 ego
893 1204 1176 1259 desiderio
1219 1207 1323 1261 viri
1363 1206 1475 1261 mei
1528 1208 1704 1263 malui
1741 1210 1797 1263 in
1831 1209 2112 1263 viduitate

465 1307 654 1362 agere.
689 1292 872 1346 Erunt
897 1310 1032 1366 ergo
1056 1295 1412 1364 communia,
1443 1312 1805 1369 quaecunque
1838 1298 2111 1352 manibus

467 1396 724 1451 quaerere
757 1382 1097 1452 poterimus.

536 1468 731 1525 XVIII.
767 1474 832 1525 Et
890 1489 959 1526 ne
989 1471 1162 1543 longa
1220 1491 1285 1529 ac
1348 1476 1545 1531 minus
1603 1474 1730 1529 utili
1779 1476 2112 1531 narratione

468 1562 617 1623 utar,
652 1558 905 1614 habitavi
939 1578 1067 1614 cum
1100 1579 1184 1628 ea,
1244 1569 1477 1635 propter
1524 1580 1781 1619 amorem
1816 1566 1943 1634 ejus
1974 1580 2112 1635 erga

467 1648 762 1701 maritum.
796 1649 907 1703 Sed
942 1668 1057 1705 non
1107 1652 1291 1707 multo
1341 1659 1473 1725 post
1520 1653 1663 1707 mibi
1712 1653 1928 1709 infelici
1959 1652 2109 1708 lace-

463 1739 599 1789 ratae
631 1736 925 1792 morsibus
957 1738 1223 1793 resoluta:
1255 1746 1393 1795 sunt
1424 1758 1657 1810 manus,
1687 1741 1785 1795 illa
1816 1757 1947 1795 vero
1980 1758 2107 1812 quas

464 1840 556 1878 me
587 1830 941 1897 susceperat,
1002 1831 1125 1883 tota
1182 1831 1383 1885 morbo
1442 1832 1695 1901 quodam
1743 1834 2023 1901 occupata
2054 1833 2112 1884 et

462 1911 730 1984 colligata
764 1915 919 1969 domi
943 1916 1119 1986 jacet.
1154 1919 1437 1983 Quoniam
1467 1936 1601 1991 ergo
1641 1918 2106 1988 mulierum,quae

463 2002 627 2072 prius
659 2002 1106 2073 miserabantur,
1140 2007 1400 2079 elanguit
1429 2008 1692 2071 affectus,
1711 2023 1775 2061 ac
1803 2024 1908 2078 ego
1930 2011 1984 2061 et
2008 2006 2107 2061 illa

464 2090 661 2145 clausa
691 2093 847 2147 domi
897 2095 1079 2149 amba:
1113 2096 1332 2152 debiles
1379 2102 1435 2152 et
1488 2096 1843 2152 calamitosae
1874 2113 2105 2166 sumus,

461 2195 528 2234 ex
562 2181 742 2235 multo
775 2187 1032 2253 tempore
1063 2184 1177 2253 hic,
1213 2191 1275 2240 ut
1304 2188 1485 2255 vides,
1536 2187 1729 2249 sedeo,
1763 2186 1974 2256 stipem
2010 2201 2105 2256 pe-

462 2276 610 2333 tens,
644 2274 717 2336 et,
777 2271 824 2325 si
859 2273 998 2342 quid
1056 2274 1200 2327 forte
1260 2290 1554 2345 accepero,
1613 2274 1789 2329 etiam
1840 2274 1909 2328 ad
1942 2272 2105 2327 illam

461 2360 681 2429 pariter
712 2362 983 2416 miseram
1018 2364 1088 2417 ad
1121 2364 1315 2418 cibum
1350 2366 1563 2419 defero.
1606 2367 1793 2434 Atque
1823 2363 2107 2418 hactenus

462 2464 601 2502 mea:
634 2450 869 2520 quidem
906 2469 996 2506 res
1028 2453 1384 2508 sufficienter
1431 2458 1571 2508 sunt
1601 2454 1785 2507 dicta.
1834 2457 1916 2506 Tu
1951 2468 2107 2506 nunc

462 2537 599 2607 quid
632 2540 878 2594 moraris
910 2540 1151 2612 implere
1174 2543 1327 2612 quod
1352 2542 1727 2613 promiseras,
1752 2547 1806 2596 te
1829 2542 2105 2596 daturum

463 2625 821 2682 medicamen
846 2628 872 2682 ?
897 2646 1010 2700 quo
1033 2630 1207 2685 etiam
1227 2630 1309 2684 illi
1336 2632 1559 2685 obitum
1582 2632 1835 2702 cupienti
1854 2630 2102 2700 tradam,

461 2719 518 2769 et
550 2715 633 2770 sic
665 2732 769 2788 ego
801 2733 1032 2789 quoque
1080 2721 1322 2790 possim,
1359 2726 1421 2775 ut
1472 2720 1578 2788 ais,
1626 2721 1803 2775 vitam
1834 2735 2105 2774 commu-

459 2804 606 2859 tare.

534 2893 672 2948 XIX.
706 2893 835 2948 Ηωο
867 2896 1093 2951 dicente
1146 2897 1409 2966 muliere,
1468 2902 1675 2953 Petrus
1730 2898 1918 2953 multa
1946 2897 2105 2969 cogi-

459 2981 679 3038 tatione
710 2988 864 3039 stare
895 3002 1219 3056 suspensus
1248 2988 1572 3043 videbatur.
1608 2990 1675 3043 Et
1701 3006 1805 3060 ego
1836 3002 2105 3060 superve-

458 3068 668 3126 niens:
706 3074 953 3133 Dudum.
991 3076 1228 3146 inquam
1258 3094 1359 3148 per
1390 3078 1587 3133 omnia
1611 3078 1735 3133 loca
1765 3079 2102 3132 discurrens

458 3162 787 3231 quaerebam
821 3169 912 3219 te:
962 3169 1018 3219 et
1064 3182 1237 3236 nunc,
1291 3167 1433 3238 quid
1484 3168 1714 3239 agimus
1741 3168 1768 3222 ‘I
1803 3170 1866 3221 At
1895 3168 2100 3221 Petrus

461 3251 731 3323 praecepit
761 3253 928 3322 mihi,
962 3259 1026 3309 ut
1056 3255 1126 3308 ad
1171 3256 1500 3311 navieulum
1555 3258 1955 3329 praecederem,
1990 3255 2097 3309 ibi-

2218 783 2301 823 τις
2330 766 2434 816 τῶν
2468 763 2692 817 ἐνταῦθα
2722 763 2957 837 πενιχρὰ
2986 760 3130 816 πολὺ
3165 764 3464 836 βιασαμένη
3519 762 3591 825 εἷς
3647 765 3710 818 τὸ
3757 765 3879 819 ἑαυ-

2220 857 2321 919 τῆς
2371 849 2545 913 ἐλθεῖν
2595 852 2864 926 ἠνάγκασε
2913 853 3201 923 σκήνωμα,
3238 850 3463 906 εἰποῦσά
3507 873 3620 924 μοι.
3655 853 3873 929 Θάῤῥει,

2221 939 2399 1014 γύναι,
2432 940 2519 994 καὶ
2571 941 2671 1016 γάρ
2705 942 2733 995 6
2765 940 2893 1013 ἐμὸς
2943 941 3079 1015 ἀνὴρ
3128 939 3327 1009 ναύτης
3374 938 3446 994 ὢν
3490 943 3625 997 κατά
3673 942 3875 997 θάλασ-

2222 1050 2314 1083 σαν
2347 1032 2368 1065 ²
2395 1030 2669 1100 τέθνηκεν,
2702 1032 2752 1083 ἐν
2782 1034 2848 1103 τῇ
2899 1028 3154 1103 νεαζούσῃ
3205 1032 3494 1105 τυγχάνων
3535 1029 3745 1103 ἡλικίᾳ·
3780 1032 3871 1087 καὶ

2222 1114 2423 1184 ἔκτοτε,
2456 1116 2679 1173 πολλῶν
2717 1140 2783 1190 με
2812 1117 3126 1188 ἀξιούντων,
3150 1118 3284 1188 πρὸς
3316 1119 3496 1193 γάμον
3531 1118 3639 1194 ἐγὼ
3670 1120 3873 1196 χηρεύ-

2222 1228 2295 1261 ειν
2332 1205 2586 1280 είλόμην,
2617 1208 2705 1261 τὸν
2740 1206 2868 1280 ἐμὸν
2899 1209 3140 1261 ποθοῦσα
3176 1203 3358 1279 ἄνδρα.
3390 1209 3573 1262 Ἔσται
3626 1206 3684 1264 δὶ
3731 1212 3867 1283 ἡμῖν

2220 1297 2375 1351 κοινά
2406 1296 2438 1350 ἃ
2471 1294 2559 1351 διὰ
2588 1301 2789 1374 χειρῶν
2823 1292 3123 1373 ἀμφότεραι
3154 1296 3394 1373 πορίζειν
3438 1294 3727 1371 δυνάμεθα.

2293 1476 2486 1532 XVIII.
2521 1474 2623 1530 Καὶ
2648 1472 2737 1528 ’ἱνα
2770 1476 2843 1547 μή
2882 1495 2967 1529 σοι
3002 1474 3227 1549 μηκύνω
3257 1474 3385 1537 τοὺς
3418 1474 3517 1530 ούκ
3546 1474 3873 1550 ἀναγκαίους

2220 1561 2446 1637 λόγους,
2481 1564 2763 1636 συνῴκησα
2799 1562 2935 1637 αὐτῇ
2968 1561 3057 1618 διὰ
3084 1565 3182 1632 τὴν
3224 1562 3562 1642 φιλανδρίαν.
3595 1563 3701 1620 Καὶ
3755 1569 3873 1638 μετ’

2221 1650 2281 1705 ού
2314 1650 2456 1706 πολὺ
2489 1651 2624 1724 ἐμοῦ
2652 1659 2752 1721 τῆς
2782 1650 3137 1729 ταλαιπώρου
3168 1654 3222 1707 αἱ
3254 1658 3435 1729 χεῖρες
3467 1653 3571 1709 ὑπὸ
3598 1658 3705 1709 τῶν
3740 1650 3873 1730 δηγ-

2223 1738 2456 1812 μάτων⁸
2510 1740 2858 1813 παρείθησαν,
2919 1741 3009 1795 καὶ
3065 1743 3100 1811 ἡ
3162 1740 3532 1815 ὑποδεξαμένη
3588 1763 3656 1815 με
3707 1744 3867 1818 γυνὴ,

2218 1827 2323 1899 ὅλη
2359 1828 2462 1883 ὑπὸ
2492 1827 2693 1893 πάθους
2723 1830 2867 1892 τινὸς
2900 1827 3228 1904 συνδεθεῖσα,
3260 1830 3347 1885 ἐπὶ
3376 1837 3476 1900 τῆς
3508 1830 3682 1893 οἰκίας
3722 1828 3871 1906 ἕρῥι-

2217 1938 2365 1971 πται.
2400 1917 2548 1972 Ἐπεὶ
2581 1916 2670 1972 οὖν
2705 1919 2733 1972 6
2761 1922 2867 1972 τῶν
2901 1917 3072 1975 πάλαι
3103 1924 3369 1995 γυναικῶν
3399 1918 3549 1982 ἔλεος
3582 1921 3874 1996 παρήκμα-

2217 2027 2324 2077 σεν,
2355 2006 2462 2081 ἐγὼ
2520 2004 2576 2061 δὲ
2631 2008 2718 2061 καὶ
2771 2010 2805 2076 ἡ
2866 2009 2982 2062 κατ’
3041 2009 3187 2063 οἶκον
3249 2009 3548 2087 ἀμφότεραι
3607 2008 3867 2071 ἐπισινεῖς

2213 2096 2580 2170 τυγχάνομεν,
2631 2094 2688 2149 ἐκ
2744 2094 2972 2150 πολλῶν
3033 2097 3248 2173 χρόνων
3300 2096 3543 2166 ἐνταῦθα,
3579 2097 3652 2159 ὡς
3714 2098 3865 2173 ὁρᾷς,

2214 2185 2507 2257 καθέζομαι
2565 2187 3071 2260 προσαιτοῦσα,καὶ
3123 2187 3197 2240 ὧν
3258 2186 3316 2241 ἂν
3376 2186 3719 2261 εύπορήσω⁴
3772 2185 3868 2240 καὶ

2214 2277 2281 2347 τῇ
2333 2271 2759 2347 συνταλαιπώρῳ
2787 2277 2808 2310 ⁸
2848 2273 2923 2336 είς
2970 2275 3174 2352 τροφὰς
3219 2275 3453 2348 κομίζω.
3505 2274 3602 2330 Καὶ
3650 2275 3716 2330 τὰ
3770 2274 3863 2347 μὶν

2217 2365 2322 2439 ἐμά
2352 2364 2438 2420 ἐπὶ
2468 2370 2724 2419 τοσοῦτον
2758 2365 3040 2442 αὐτάρκως
3072 2366 3333 2443 εἰρήσθω.
3376 2367 3579 2422 Λοιπὸν
3632 2366 3693 2420 σὺ
3745 2387 3865 2420 κω-

2216 2452 2364 2517 λύεις
2395 2458 2416 2493 ⁸
2442 2457 2541 2525 τήν
2576 2455 2867 2530 ὑπόσχεσιν
2896 2454 3187 2532 πληρῶσαι
3240 2460 3338 2511 τοῦ
3391 2452 3577 2511 δοῦναι
3619 2454 3681 2509 τὸ
3726 2454 3864 2531 φάρ-

2219 2563 2419 2618 μακον;
2453 2544 2603 2607 ὅπως
2629 2544 2848 2619 κάκείνῃ
2888 2544 3225 2619 έπιθυμούσῃ
3274 2546 3448 2599 θανεῖν
3503 2542 3601 2617 δῶ,
3631 2543 3721 2598 καὶ
3772 2541 3867 2597 οὔ·

2211 2655 2321 2696 τως
2351 2634 2499 2711 κάγὼ
2526 2638 2624 2689 τοῦ
2658 2638 2775 2708 ζῇν,
2808 2634 2881 2696 ὡς
2912 2630 3067 2711 ἔφης,
3102 2632 3432 2708 μεταλλάξαι
3476 2630 3712 2701 δυνηθῶ.

2282 2904 2418 2958 XIX.
2450 2906 2623 2957 Ταῦτα
2650 2908 2750 2972 τῆς
2808 2900 3057 2979 γυναικός
3109 2900 3390 2974 εἶπούσης,
3426 2901 3528 2956 ὑπὸ
3578 2897 3858 2976 λογισμῶν

2211 2989 2437 3046 πολλῶν
2476 2992 2504 3045 ὁ
2560 2990 2757 3067 Πέτρος
2824 2993 2976 3048 208
3036 2989 3306 3066 μετέωρος
3368 2987 3542 3046 ἐδόκει
3591 2987 3863 3045 ἵστασθαι.

2208 3082 2347 3156 Ἐγὼ
2407 3077 2465 3134 δὲ
2521 3077 2761 3143 ἐπελθὼν
2814 3078 2964 3157 ἔφην·
2998 3085 3091 3134 Ἐκ
3118 3076 3335 3135 πολλοῦ
3384 3099 3443 3133 σε
3498 3075 3866 3153 περιερχόμε-

2208 3189 2295 3230 νος
2353 3174 2519 3237 ζητῶ·
2554 3168 2644 3223 καὶ
2700 3170 2767 3223 τὰ
2821 3174 2911 3222 νῦν
2969 3168 3021 3222 τί
3069 3172 3379 3241 ποιοῦμεν;
3426 3169 3483 3221 Ὀ
3545 3164 3603 3221 δὲ
3660 3166 3863 3240 Πέτρος

2210 3255 2501 3333 προσέταξέ
2545 3278 2638 3329 μοι
2687 3256 2973 3333 προάξαντι
3028 3255 3203 3329 μένειν
3261 3256 3418 3312 αὐτὸν
3477 3255 3565 3310 ἐπὶ
3607 3259 3704 3308 τοῦ
3736 3255 3863 3308 σκά-

462 3355 573 3410 que
603 3339 769 3395 illum
822 3344 1134 3413 opperirer.
1168 3345 1235 3399 Et
1292 3346 1430 3417 quia
1461 3324 1775 3402 contradici
1834 3347 1885 3400 ei
1917 3345 2100 3416 impe-

2221 3365 2366 3423 ρους.
2410 3345 2511 3400 Καὶ
2542 3342 2727 3414 ἐπειδή
2772 3346 3036 3400 ἀντειπεῖν
3085 3344 3183 3399 οὐκ
3228 3344 3295 3413 ἦν
3344 3343 3489 3416 αὐτῷ
3527 3341 3865 3410 κελεύσαντι,

461 3429 609 3482 ranti
644 3447 757 3484 non
792 3437 1031 3502 poterat,
1066 3435 1218 3505 quod
1244 3436 1425 3505 jussit
1457 3436 1582 3490 feci.
1607 3438 1734 3505 Ipse
1762 3452 1916 3499 vero,
1952 3435 2105 3488 sicut

462 3518 604 3571 mihi
641 3525 849 3574 cuncta
880 3522 1170 3591 posterius
1227 3524 1536 3589 enarravit,
1589 3524 1919 3594 suspicione
1960 3540 2101 3594 qua-

462 3607 595 3660 dam
628 3608 835 3679 exigua
865 3611 1035 3665 corde
1057 3610 1323 3681 pulsatus
1348 3612 1747 3685 interrogabat
1778 3612 2102 3681 mulierem,

465 3696 697 3751 dicens:
735 3696 903 3752 Refer
928 3699 1093 3763 mihi,
1150 3702 1363 3756 femina
1411 3718 1595 3771 genus
1627 3710 1682 3756 et
1712 3702 2007 3757 civitatem
2040 3716 2105 3755 ac

464 3783 715 3840 filiorum
751 3787 1007 3853 nomina,
1060 3794 1115 3843 et
1138 3789 1263 3859 jam
1324 3790 1813 3845 medicamentum
1873 3791 1977 3845 tibi
2008 3791 2099 3845 do.

462 3879 537 3927 At
568 3874 667 3929 illa
697 3877 811 3930 vim
845 3876 1147 3932 sustinens
1198 3894 1388 3949 neque
1433 3879 1629 3934 volens
1660 3882 1871 3935 referre
1899 3885 1955 3935 et
1986 3895 2104 3933 me-

461 3963 775 4018 dicamenti
836 3965 1154 4036 accipiendi
1206 3967 1420 4038 cupida
1449 3968 1615 4023 ﬁnxit
1671 3968 1786 4023 alia
1817 3986 1919 4040 pro
1951 3967 2102 4034 aliis,

462 4056 519 4108 et
548 4053 648 4116 ait,
707 4070 770 4109 se
826 4054 1062 4125 quidem
1124 4056 1451 4128 Ephesiam,
1513 4058 1701 4112 virum
1761 4063 1956 4113 autem
2018 4057 2105 4111 Si-

467 4140 689 4207 culum,
714 4143 814 4197 sed
846 4149 901 4197 et
926 4143 1175 4198 ﬁliorum
1203 4146 1441 4200 nomina
1464 4145 1732 4201 similiter
1754 4146 2103 4200 immutavit.

466 4231 615 4285 Tum
650 4231 873 4297 Petrus,
908 4233 1248 4288 existimans
1280 4251 1408 4289 eam
1450 4252 1647 4290 verum
1683 4236 1955 4306 proferre,
1989 4234 2105 4290 ait:

468 4323 586 4374 Heu
617 4320 627 4373 l
661 4321 889 4387 mulier,
915 4323 1192 4393 putabam
1214 4324 1432 4395 grande
1450 4323 1684 4395 aliquod
1709 4325 1989 4395 gaudium
2013 4323 2110 4379 ho-

467 4408 669 4463 dierno
701 4410 791 4465 die
825 4427 913 4465 me
963 4418 1430 4483 apportaturum,
1484 4414 1826 4486 suspicabar
1867 4414 2022 4469 enim
2056 4418 2111 4467 te

467 4512 595 4552 esse
626 4500 941 4569 quamdam
976 4500 1301 4572 mulierem,
1337 4520 1511 4573 quam
1536 4503 1877 4568 sentiebam,
1911 4503 2109 4573 cujus-

468 4602 579 4657 que
613 4605 702 4642 res
735 4589 928 4642 audivi
960 4594 1016 4643 et
1044 4591 1220 4660 probe
1251 4592 1400 4646 novi.
1434 4594 1505 4646 At
1532 4592 1629 4646 illa
1658 4593 1988 4662 adjurabat,
2022 4590 2110 4645 di-

2212 3433 2437 3499 έποίησα
2462 3434 2525 3488 τὸ
2555 3434 2914 3511 προσταχθέν.
2947 3435 3004 3488 Ὀ
3036 3432 3093 3488 δὶ
3124 3432 3326 3509 Πέτρος
3363 3437 3531 3509 μικρᾷ
3577 3453 3685 3486 τινι
3729 3431 3864 3485 ὑπο-

2213 3521 2333 3597 ψίᾳ,
2364 3523 2438 3583 ὡς
2472 3522 2628 3584 αὐτός
2662 3544 2754 3595 μοι
2803 3522 2975 3577 πάντα
3023 3521 3241 3596 ὕστερον
3294 3519 3613 3598 διηγήσατο,
3642 3519 3862 3575 παλλό-

2218 3632 2377 3684 μενος
2405 3612 2503 3680 τήν
2535 3608 2755 3687 καρδίαν
2808 3609 3129 3675 ἐπυνθάνετο
3174 3613 3275 3679 τῆς
3329 3610 3603 3686 γυναικὸς,
3658 3607 3858 3683 λέγων’

2215 3700 2347 3755 Εἰπέ
2381 3722 2495 3772 μοι,
2527 3700 2706 3775 γύναι,
2735 3701 2798 3755 τὸ
2828 3702 2983 3774 γένος
3020 3700 3109 3753 καὶ
3167 3701 3267 3768 τὴν
3295 3696 3457 3753 πόλιν
3488 3698 3577 3753 καὶ
3619 3702 3725 3752 τῶν
3775 3698 3861 3751 τέ-

2213 3811 2349 3844 κνων
2378 3791 2446 3843 τὰ
2479 3788 2734 3862 ὀνόματα,
2767 3788 2856 3843 καὶ
2912 3786 3021 3858 ἤδη
3081 3785 3283 3861 δίδωμί
3330 3808 3416 3841 σοι
3461 3787 3523 3842 τὸ
3554 3786 3861 3864 φάρμακον.

2213 3880 2276 3934 Ἠ
2307 3876 2383 3950 δὲ,
2422 3876 2539 3952 βίαν
2570 3879 2855 3953 πάσχουσα
2877 3878 2967 3933 καὶ
2997 3877 3164 3932 εἰπεῖν
3198 3876 3260 3932 οὐ
3292 3874 3616 3947 θὲλουσα,τὸ
3647 3874 3704 3930 δὲ
3734 3876 3867 3952 φάρε-

2196 4007 2201 4019 .
2220 3988 2387 4041 μακον
2423 3962 2608 4022 λαϐεῖν
2642 3966 2999 4040 ἰπιθυμοῦσα,
3032 3965 3318 4044 ἰσοφίσατο
3350 3964 3495 4021 ἄλλα
3523 3964 3637 4020 ἀντὶ
3677 3960 3864 4020 ἄλλων

2218 4057 2407 4112 εἰπεῖν·
2442 4054 2529 4110 καί
2580 4056 2737 4129 ὁμῶς
2780 4054 2898 4134 ἔφη,
2932 4055 3100 4123 αὐτὴν
3154 4055 3248 4127 μὲν
3301 4053 3544 4131 Ἐφεσίαν
3592 4054 3747 4123 εἶναι,
3776 4054 3868 4108 τὸν

2219 4143 2275 4200 δὲ
2307 4142 2474 4221 ἄνδρα
2506 4143 2755 4214 Σικελὸν,
2787 4145 2937 4218 ὁμῶς
2967 4144 3056 4199 καὶ
3085 4148 3194 4199 τῶν
3218 4148 3382 4219 τριῶν
3409 4143 3609 4198 τέκνων
3660 4140 3869 4215 ἤλλαξε

2215 4235 2283 4288 τὰ
2313 4233 2571 4306 ὀνόματα.
2605 4233 2701 4289 Καὶ
2729 4235 2757 4288 6
2806 4234 3031 4309 Πέτρος,
3064 4233 3286 4307 νομίσας
3335 4232 3501 4301 αὑτὴν
3556 4231 3869 4301 ἀληθεύειν,

2219 4320 2342 4401 ἔφη·
2372 4320 2555 4396 Οἶ’μοι,
2588 4323 2761 4398 γύναι,
2805 4321 3054 4395 ἐνόμιζον
3092 4320 3332 4396 μεγάλην
3373 4323 3494 4376 τινὰ
3542 4320 3714 4397 χαράν
3764 4321 3867 4389 τὴν

2218 4415 2458 4487 σήμερον
2518 4410 2665 4487 ἄγειν
2699 4412 2930 4487 ἡμέραν,
2966 4410 3302 4473 ὑποπτεύσας
3333 4409 3390 4465 σέ
3436 4431 3556 4464 τινα
3604 4410 3758 4477 εἶναι,
3804 4411 3866 4479 ἣν

2220 4499 2493 4574 ἐνόμιζον,
2526 4504 2593 4569 ἧς
2621 4501 2687 4555 τὰ
2724 4500 3019 4576 πράγματα
3066 4499 3295 4561 ἀκούσας
3345 4494 3588 4575 ἀκριϐῶς
3645 4497 3866 4553 ἆπίπα-

2224 4611 2339 4663 μαι.
2371 4591 2433 4646 Ἢ
2468 4586 2525 4644 δὲ
2565 4589 2818 4665 ἐξώρκιζε
2858 4589 3107 4665 λέγουσασ
3172 4589 3397 4661 Δέομαι,
3431 4588 3547 4643 εἷ’πέ
3602 4609 3718 4661 μοι,
3773 4584 3867 4642 ’ίνα

467 4692 638 4731 cens:
676 4678 833 4749 Rogo
865 4677 1004 4732 mihi
1031 4681 1266 4746 referas,
1302 4684 1367 4735 ut
1392 4681 1594 4748 sciam,
1624 4698 1692 4736 an
1729 4681 1805 4736 sit
1835 4680 1937 4735 illa
1958 4680 2106 4735 inter

2221 4677 2345 4734 εἰδῶ
2376 4679 2421 4733 εἰ
2454 4676 2565 4734 ἔστι
2593 4700 2676 4741 τις
2710 4677 2760 4734 ἐν
2792 4677 3024 4754 γυναιξὶν
3055 4677 3359 4751 ἀθλιωτέρα
3384 4676 3541 4751 ἐμοῦ.

468 4766 741 4822 mulieres
774 4784 865 4821 me
893 4767 1197 4824 infelicior.

537 4854 647 4909 XX.
679 4855 827 4910 Tum
861 4856 1065 4912 Petrus
1115 4858 1348 4913 mentiri
1401 4860 1665 4915 nesciens
1714 4878 1829 4932 prae
1864 4861 2103 4916 misera-

464 4942 619 4998 tione
648 4960 785 5015 erga
818 4944 978 4999 illam
1010 4963 1208 5001 verum
1232 4948 1406 5018 cmpit
1427 4949 1615 5004 dicere
1641 4966 1653 5003 :
1686 4951 1785 5005 Est
1806 4966 1945 5005 sane
1977 4949 2104 5022 qui-

463 5031 596 5084 dam
631 5031 991 5097 adolescens,
1025 5039 1274 5089 sectator
1303 5052 1490 5102 meus,
1547 5036 1771 5107 piorum
1807 5036 2105 5108 religioso-

464 5136 709 5191 rumque
741 5137 1079 5177 sermonum
1114 5123 1363 5195 cupidus
1393 5130 1449 5179 et
1481 5126 1776 5181 Romanus
1810 5126 1970 5196 civis,
2005 5127 2104 5198 qui

460 5209 603 5263 mihi
640 5212 913 5282 narravit,
965 5214 1117 5283 quod
1170 5218 1393 5285 patrem
1444 5214 1716 5271 habuerit
1744 5220 1801 5272 et
1829 5216 1977 5271 duos
2006 5232 2105 5288 ge-

2285 4863 2394 4914 XX.
2430 4857 2528 4913 Καὶ
2560 4858 2588 4912 6
2620 4857 2843 4933 Πέτρος,
2876 4852 3157 4929 ψεύδεσθαι
3190 4854 3292 4911 οὐκ
3334 4852 3511 4926 εἰδὼς,
3543 4855 3645 4912 ὑπὸ
3678 4854 3864 4918 ἐλέους

2214 4951 2311 5001 τοῦ
2354 4947 2489 5023 πρὸς
2540 4945 2705 5015 αὐτὴν
2736 4945 2799 5001 τὸ
2848 4943 3049 5015 ἀληθὲς
3102 4944 3275 5021 λέγειν
3320 4941 3541 5021 ἤρξαθ’
3576 4944 3733 5019 Ἐμοί
3783 4966 3866 5007 τις

2217 5034 2409 5091 λοιπὸν
2441 5033 2551 5107 ἤδη
2593 5038 2613 5073 τ
2642 5036 2846 5097 νεανίας
2907 5032 2979 5090 ὢν
3037 5033 3351 5110 παρέπεταί,
3382 5038 3489 5089 τῶν
3529 5040 3629 5103 τῆς
3685 5036 3866 5091 θεοσε-

2217 5120 2364 5187 ϐείας
2397 5125 2724 5202 ὀρεγόμενος
2757 5122 2963 5199 λόγων,
2998 5123 3283 5198 Ῥωμαίων
3318 5122 3577 5200 ὑπάρχων
3609 5122 3866 5196 πολίτης,

2216 5213 2363 5277 ὅστις
2395 5236 2490 5289 μοι
2521 5211 2818 5291 διηγήσατο
2851 5215 3044 5286 ⁸,πῶς,
3068 5214 3273 5290 πατέρα
3302 5209 3445 5288 ἔχων
3476 5212 3567 5267 καὶ
3599 5209 3869 5289 ἀδελφοὺς

1805 5471 2044 5529 VARI/E
2081 5471 2491 5530 LECTIONES.

533 5637 598 5671 ¹⁰⁰
652 5635 725 5697 ὡς
772 5638 815 5692 Ο
872 5642 944 5712 et_
983 5655 1051 5694 ex
1090 5640 1334 5712 conject
1380 5612 1561 5712 -C,_in
1619 5642 1734 5711 euj.
1794 5646 1952 5697 textu
1985 5643 2164 5697 deest.
2246 5640 2622 5712 ινάξιοῦσινᾲο.
2700 5642 2722 5677 ³
2754 5636 3019 5694 θάλατταν
3052 5638 3117 5712 Ο.
3196 5640 3217 5675 ³
3249 5633 3552 5712 δειγμάτων
3582 5639 3648 5696 Ο.
3724 5640 3863 5712 ιλιια

456 5708 506 5797 ρ
558 5726 619 5797 c.‘
668 5713 839 5797 la‘p‘it’”
898 5708 1183 5797 εὐφορρσω
1214 5708 1275 5767 Ὀ
1350 5708 1737 5797 Ιξὶταλριιδπωρὶἐ.)
1796 5718 1883 5797 0.“
1936 5715 1957 5748 θ
1986 5718 2019 5769 S
2071 5715 2205 5787 Leg.
2237 5711 2289 5766 τί
2336 5708 2407 5767 ’σε
2461 5710 2685 5769 κωλύει.
2719 5712 2833 5767 Cfr.
2865 5728 2915 5768 θ.
2968 5728 3025 5784 g.
3078 5711 3235 5768 hom.
3265 5708 3390 5782 XIII,
3419 5712 3475 5767 5.
3507 5712 3652 5783 Epit.
3687 5710 3863 5769 habet

457 5777 520 5833 σὺ
549 5779 626 5853 μὴ
656 5777 931 5855 κωλύσῃς.
971 5777 981 5787 ’
1014 5777 1041 5818 τ’
1062 5777 1172 5855 ἤδη
1204 5800 1320 5841 om.
1355 5783 1419 5841 Ο.
1498 5785 1518 5819 ⁸
1550 5777 1815 5861 διηγεῖται
1846 5787 1905 5840 C.
