4112 6344
277 444 393 504 317

1395 440 1925 504 CLEMENTINA.
1961 474 2039 484 —
2070 441 2400 503 HOMILIA
2447 441 2581 502 XII.

3580 438 3697 498 3I8

275 573 373 630 δύο
406 572 689 648 διδύμους,
735 571 927 629 οὐδένα
967 571 1172 628 τούτων
1225 573 1343 646 ὁρᾷ.
1376 575 1446 627 ’Ἡ
1474 594 1532 627 τε
1578 572 1681 647 γὰρ
1717 573 1923 645 μήτηρ,

2048 572 2238 627 minos
2271 574 2498 641 fratres,
2533 591 2601 628 ex
2623 573 2839 645 quibus
2865 572 3064 628 nullus
3093 573 3143 627 ei
3166 574 3518 644 compareat.
3545 576 3689 628 Nam

276 665 462 744 φησὶν,
498 666 571 726 ὡς
604 665 632 717 6
662 666 842 737 πατὴρ
877 661 1120 736 διηγεῖτὸ
1157 684 1251 736 μοι
1315 708 1328 729 ,
1362 658 1566 736 ὄνειρον
1597 659 1806 726 ἷδοῦσα,
1828 662 1926 728 τὴν

268 755 560 827 Ῥωμαίων
589 752 749 807 πόλιν
776 752 863 807 ἐπὶ
892 752 1091 827 χρόνον
1115 752 1231 806 τινὰ
1252 750 1466 823 ἐξῆλθεν
1496 750 1629 823 μετά
1657 754 1763 803 τῶν
1786 746 1929 803 διδύ-

278 866 398 916 μων
433 844 601 911 αὐτῆς
625 844 778 899 269
795 841 1018 910 τέκνων,
1048 838 1140 895 ’ίνα
1166 842 1241 913 μή
1264 845 1413 911 κακῷ
1440 840 1594 913 μόρῳ
1611 838 1926 911 τελευτήσῃ,

271 932 365 987 καὶ
413 932 506 985 σὺν
552 932 734 991 αὐτοῖς
785 925 1004 998 ἐκϐᾶσα,
1057 930 1164 1004 οὐχ
1194 929 1511 1001 εὑρίσκεται.
1554 930 1610 981 Ὀ
1643 925 1698 982 δέ
1727 926 1929 996 ταύτης

275 1022 373 1094 μὲν
408 1021 567 1094 ἀνὴρ,
602 1020 765 1074 αὐτοῦ
816 1017 874 1073 δὲ
912 1019 1115 1094 πατὴρ,
1142 1017 1231 1072 καί
1276 1018 1435 1079 αὐτὸς
1483 1017 1557 1078 εἰς
1610 1016 1925 1086 ἐπιζήτησιν

269 1108 448 1177 αὐτῆς
483 1102 643 1167 ἐκϐὰς
723 1106 830 1182 οὐχ
862 1106 1180 1181 εὑρίσκεται.

348 1199 493 1253 XXI.
525 1201 699 1249 Ταῦτα
745 1201 841 1250 τοῦ
890 1195 1096 1268 Πέτρου
1147 1194 1428 1261 εἰπόντος,
1479 1193 1807 1264 έπιστήσασα
1855 1192 1929 1253 ὡς

270 1287 364 1341 ὑπ’
401 1283 718 1355 ἐκπλήξεως
770 1284 1033 1358 ἀπέψυξεν
1082 1287 1117 1354 ἠ
1150 1286 1309 1359 γυνή.
1343 1285 1399 1337 Ὀ
1432 1282 1488 1338 δὲ
1529 1285 1730 1359 Πέτρος
1762 1302 1930 1357 προσ-

267 1375 451 1431 ελθὼν
514 1375 605 1429 καὶ
663 1373 906 1449 ἐπισχὼν
984 1376 1173 1451 νήφειν
1227 1373 1393 1442 αὐτὴν
1452 1372 1881 1449 παρεκελεύσατο
1917 1418 1931 1443 ,

266 1463 574 1539 ὁμολογεῖν
627 1462 793 1532 αὐτὴν
834 1462 1030 1517 πείθων
1078 1463 1130 1516 τί
1178 1462 1311 1517 ποτέ
1357 1461 1496 1517 ἐστιν
1547 1463 1576 1516 ὃ
1615 1463 1835 1538 πάσχει.
1868 1463 1933 1517 Ἠ

265 1552 352 1619 δὲ,
405 1552 590 1627 ὥσπερ
638 1552 697 1607 έκ
754 1552 925 1624 μέθης
970 1554 1031 1607 τὸ
1080 1550 1274 1607 λοιπὸν
1324 1556 1418 1605 τοῦ
1469 1552 1721 1623 σώματος
1772 1572 1934 1626 παρε-

266 1648 450 1710 θεῖσα,
504 1643 831 1717 ὑπέστρεψεν
881 1644 922 1677 ³³
964 1642 1180 1709 ἑαυτήν,
1234 1641 1527 1709 ὑποστῆναι
1571 1638 1858 1709 δυνηθεῖσα
1890 1642 1935 1676 ¹²

261 1734 331 1786 τὸ
372 1733 596 1806 μέγεθος
650 1738 747 1800 τῆς
796 1728 1161 1803 ἐλπιζομένης
1208 1735 1407 1805 χαρᾶς,
1438 1728 1526 1783 καί
1558 1728 1791 1804 τρέψασα
1838 1729 1932 1782 αὖ·

263 1828 375 1889 τῆς
407 1821 473 1874 τὸ
504 1819 820 1894 πρόσωπον
874 1824 985 1873 Ποῦ
1030 1818 1193 1887 ἔστιν,
1241 1818 1365 1895 ἔφη,
1415 1816 1569 1879 οὗτος
1615 1819 1641 1872 ὁ
1680 1817 1932 1887 νεανίας;

2040 668 2246 727 mater,
2280 662 2490 733 inquit,
2526 663 2679 717 sicut
2711 663 2854 717 mihi
2887 662 3200 717 edisseruit
3231 668 3412 731 pater,
3459 662 3687 715 somnio

2038 750 2161 806 viso
2196 752 2455 806 Romana
2488 752 2629 806 urbe
2688 754 2757 807 ad
2791 759 3023 823 tempus
3053 751 3299 806 excessit
3340 768 3470 804 cum
3504 751 3686 821 gemi-

2040 840 2132 894 nis
2164 841 2288 895 suis
2341 842 2514 908 natis,
2576 859 2646 896 ne
2679 842 2889 895 misera
2943 847 3127 896 morte
3174 841 3456 903 interiret,
3516 845 3690 910 atque

2040 945 2172 983 cum
2212 929 2322 984 illis
2346 946 2580 1001 egressa
2608 948 2723 985 non
2756 931 3069 984 invenitur.
3132 930 3233 983 Vir
3276 935 3467 983 autem
3504 929 3684 992 illius,

2040 1017 2219 1087 hujus
2242 1036 2372 1073 vero
2404 1026 2583 1089 pater,
2618 1026 2673 1074 et
2706 1020 2829 1091 ipse
2860 1019 2929 1073 ad
2962 1020 3336 1089 quaerendam
3393 1034 3519 1073 eam
3555 1034 3687 1089 pro—

2042 1107 2225 1162 fectus
2259 1125 2626 1179 nequaquam
2662 1110 2962 1179 reperitur.

2112 1196 2249 1251 XXI.
2284 1197 2412 1251 Haec
2445 1215 2575 1253 cum
2609 1198 2851 1253 dixisset
2884 1198 3110 1265 Petrus,
3144 1196 3373 1262 mulier,
3404 1214 3529 1268 qua:
3562 1196 3693 1250 ani-

2044 1302 2206 1340 mum
2240 1286 2584 1357 intenderat,
2616 1293 2856 1358 stupore
2884 1288 3218 1342 exanimata
3265 1291 3372 1340 est.
3407 1287 3551 1340 Tum
3589 1290 3694 1340 Pe-

2042 1379 2170 1430 trus
2192 1376 2496 1443 accedens,
2529 1392 2777 1448 eamque
2798 1382 3027 1443 tenens,
3062 1376 3131 1430 ad
3167 1392 3227 1430 se
3255 1376 3468 1430 rediret
3499 1375 3695 1431 horta-

2042 1467 2137 1518 tus
2168 1468 2275 1534 est,
2310 1464 2612 1536 suasitque
2634 1468 2697 1519 ut
2730 1466 3005 1519 fateretur
3034 1465 3315 1535 quidnam
3340 1468 3497 1519 esset
3532 1465 3688 1535 quod

2044 1553 2093 1608 ei
2124 1554 2465 1624 contigerat.
2504 1553 2603 1609 Illa
2634 1570 2787 1621 vero,
2821 1553 2978 1608 velut
3007 1571 3073 1608 ex
3108 1554 3388 1608 ebrietate
3420 1558 3536 1608 toto
3576 1570 3691 1607 cor-

2045 1658 2184 1714 pore
2222 1642 2499 1711 resoluta,
2532 1660 2648 1714 quo
2681 1648 2879 1714 posset
2944 1642 3413 1713 magnitudinem
3476 1641 3693 1713 sperati

2044 1731 2242 1801 gaudii
2276 1732 2587 1797 sustinere,
2618 1732 2996 1803 semetipsam
3033 1731 3361 1803 reparavit:
3397 1730 3693 1801 simulque

2045 1820 2316 1875 ai‘fricans
2339 1820 2562 1875 vultum
2600 1839 2611 1875 :
2651 1822 2753 1875 Ubi
2777 1826 2883 1888 est,
2918 1820 3131 1891 inquit,
3164 1820 3259 1874 ille
3300 1819 3638 1874 adolescens
3674 1822 3697 1874 Ρ

262 1911 336 1967 Ὀ
371 1906 450 1977 δὲ,
483 1907 593 1978 ἤδη
642 1907 770 1963 ὅλον
824 1906 1052 1963 συνιδὼν
1096 1908 1158 1962 τὸ
1207 1913 1450 1983 πρᾶγμα,
1502 1905 1623 1984 ἔφη·
1669 1906 1803 1961 Εἰπέ
1838 1928 1932 1979 μοι

309 2000 322 2010 .
464 2003 486 2010 -
654 1996 677 2010 ..
726 1998 742 2010 .
933 1998 946 2010 .
1108 2002 1134 2010 -
1268 1996 1316 2010 η
1350 2002 1372 2010 -
1493 1996 1504 2010 ,
1580 1994 1601 2010 ,ο
1883 1992 1924 2010 αι

2048 1914 2118 1962 At
2148 1908 2352 1963 Petrus
2374 1911 2499 1979 jam
2532 1910 2862 1981 intelligens
2896 1926 3015 1964 rem
3050 1914 3228 1964 totam
3265 1926 3277 1963 :
3316 1910 3431 1972 Die,
3483 1909 3697 1979 inquit,

270 2000 341 2052 σὺ
376 2003 615 2073 πρῶτον,
650 1996 838 2059 ἄλλως
887 1998 989 2074 γὰρ
1042 2002 1233 2051 τοῦτον
1268 1996 1399 2051 ἰδεῖν
1452 1996 1549 2050 οὐκ
1578 1994 1745 2070 ἔχεις.
1786 2001 1845 2050 Ἡ
1880 1992 1936 2049 δὲ

276 2085 593 2142 σπεύδουσα
626 2090 687 2143 ¹³.
740 2088 903 2161 Ἐγὼ,
955 2086 1137 2165 φησῗν,
1172 2086 1285 2158 εἷμί
1317 2088 1351 2155 ἡ
1383 2090 1478 2141 τοῦ
1519 2086 1796 2139 νεανίσκου
1832 2086 1937 2157 μή·

280 2196 413 2251 τηρ.
448 2175 545 2230 Καῖ
590 2176 617 2230 6
658 2178 859 2250 Πέτρος
893 2172 1015 2253 ἔφη’
1050 2175 1118 2232 Τί
1158 2175 1335 2247 τούτῳ
1385 2170 1595 2246 ὄνομα;
1629 2175 1691 2230 Ἡ
1727 2171 1783 2228 δέ
1833 2195 1939 2250 φη-

279 2286 391 2319 σιν·
447 2264 701 2337 Κλήμης.
754 2265 848 2318 Καὶ
883 2266 910 2318 6
964 2263 1161 2341 Πέτρος
1214 2264 1378 2318 εἶπεν·
1432 2262 1602 2325 Αὐτός
1656 2262 1817 2331 ἐστιν,
1848 2262 1937 2315 καὶ

274 2353 444 2415 αὐτὸς
477 2353 543 2422 ἦν
578 2354 605 2406 6
636 2354 741 2429 πρὸ
780 2357 976 2429 μικροῦ
1028 2375 1119 2425 μοι
1155 2352 1422 2423 λαλήσας,
1475 2353 1521 2423 ᾧ
1560 2350 1838 2423 ἀναμένειν
1874 2373 1939 2423 με

282 2442 339 2497 ἒν
372 2448 451 2513 τῷ
480 2441 663 2514 πλοίῳ
712 2442 1032 2518 προσέταξα.
1098 2446 1136 2498 Η
1192 2440 1248 2496 δὲ
1295 2446 1670 2517 προσπεσοῦσα
1713 2440 1790 2513 τῷ
1833 2442 1935 2495 Πέ-

274 2552 399 2607 τρῳ
456 2530 749 2606 παρεκάλει
801 2529 1046 2586 σπεύδειν
1109 2531 1195 2586 ἐπὶ
1250 2532 1314 2585 τὸ
1362 2530 1558 2585 πλοῖον
1609 2529 1806 2593 ἐλθεῖν.
1842 2530 1936 2584 Καὶ

278 2623 311 2676 6
366 2620 586 2692 Πέτρος’
640 2617 713 2677 Ei.’
762 2642 854 2693 μοι
898 2626 1083 2696 τηρεῖς
1138 2621 1233 2682 τὰς
1293 2622 1580 2691 συνθήκας,
1640 2619 1728 2673 καὶ
1777 2624 1937 2673 τοῦτο

277 2712 523 2779 ποιήσω.
554 2716 613 2765 ⁴Π
646 2707 702 2764 δὲ
750 2708 867 2787 ἔφη’
903 2711 1083 2765 Πάντα
1129 2714 1293 2781 ποιῶ,
1325 2708 1487 2782 μόνον
1525 2730 1617 2781 μοι
1664 2710 1726 2763 τὸ
1755 2707 1935 2763 τέκνον

276 2799 347 2853 τὸ
383 2799 665 2873 μονογενὲς
694 2796 885 2871 δεῖξον.
938 2799 1086 2869 Δόξω
1133 2799 1233 2874 γὰρ
1284 2797 1357 2852 δι’
1403 2798 1566 2852 αὐτοῦ
1594 2800 1660 2852 τά
1702 2795 1797 2851 δύο
1833 2818 1937 2869 μου

276 2887 349 2941 τὰ
382 2887 606 2941 ἐνταῦθα
634 2887 932 2957 τεθνηκότα
986 2887 1113 2963 ὀρᾷν
1162 2888 1339 2943 τέκνα.
1384 2887 1484 2942 Καὶ
1514 2888 1541 2941 6
1577 2885 1774 2959 Πέτρος
1805 2884 1929 2963 ἔφη.

279 2977 453 3034 "Ou-av
492 2976 649 3031 αὐτὸν
683 2974 822 3050 ἴδῃς,
853 2977 1129 3053 ἡσύχασον
1188 2979 1383 3052 μέχρις
1416 2976 1474 3030 ἂν
1517 2978 1614 3045 τῆς
1644 2978 1814 3046 νήσου
1845 2976 1931 3030 ἐκ-

282 3059 491 3136 ϐῶμεν.
523 3067 586 3120 Ἡ
617 3063 675 3119 δὲ
697 3062 819 3141 ἔφη’
850 3066 1034 3127 Οὕτως
1065 3068 1303 3135 ποιήσω.

362 3158 516 3212 270
565 3157 727 3211 XXII.
780 3152 1091 3228 Λαϐόμενος
1153 3154 1242 3208 οὖν
1302 3162 1403 3223 τῆς
1463 3156 1648 3230 χειρὸς
1707 3154 1873 3224 αὐτῆς
1910 3156 1938 3209 ὁ

284 3245 488 3318 Πέτρος
518 3246 649 3319 ἦγεν
701 3248 745 3282 ¹⁸
793 3244 879 3299 ἐπὶ
931 3246 991 3299 τὸ
1040 3243 1254 3299 πλοῖον.
1289 3245 1431 3318 Ἑγὼ
1482 3242 1557 3313 δὲ,
1610 3241 1735 3298 ἰδὼν
1782 3244 1939 3299 αὐτὸν

2050 1998 2189 2052 mibi
2225 2004 2282 2052 tu
2320 1998 2493 2069 prior,
2528 2000 2693 2053 aliter
2735 2000 2890 2052 enim
2944 2015 3077 2053 eum
3112 2016 3223 2053 non
3277 1998 3518 2053 videbis.
3545 1999 3695 2053 Tum

2046 2086 2145 2141 illa
2180 2087 2463 2141 I'essinant
2493 2087 2607 2141 ait:
2644 2089 2759 2159 Ego
2801 2104 2930 2141 sum
2980 2087 3363 2142 adolescentis
3397 2092 3596 2141 mater.
3631 2088 3695 2141 Et

2046 2176 2251 2230 Petrus
2282 2194 2293 2230 :
2331 2178 2487 2242 Quod
2523 2178 2573 2230 ei
2626 2194 2836 2230 nomen
2872 2176 3003 2230 est?
3038 2176 3137 2230 Illa
3195 2194 3360 2230 vero:
3397 2176 3689 2241 Clemens,

2047 2265 2146 2320 ait.
2182 2270 2416 2321 Petrus:
2448 2268 2571 2337 Ipse
2602 2270 2689 2320 est
2719 2272 2776 2320 et
2806 2267 2929 2337 ipse
2946 2266 3179 2336 eratqui
3216 2264 3385 2336 paulo
3417 2271 3551 2320 ante
3576 2282 3690 2321 me-

2048 2370 2180 2408 cum
2214 2354 2580 2425 loquebatur,
2613 2371 2785 2425 quem
2812 2356 2964 2423 jussi
2988 2355 3155 2409 mein
3179 2355 3305 2409 navi
3336 2358 3688 2425 exspectare.

2046 2444 2208 2498 Tunc
2242 2442 2339 2497 illa
2369 2443 2675 2514 procidens
2703 2444 2773 2497 ad
2809 2444 2984 2514 pedes
3017 2443 3165 2497 Petri
3200 2445 3458 2514 rogabat,
3495 2450 3559 2497 ut
3618 2445 3692 2498 ad

2050 2549 2254 2587 navem
2285 2533 2491 2587 festiue
2520 2534 2877 2603 procederet.
2912 2532 3117 2587 Petrus
3141 2537 3337 2587 autem
3364 2548 3376 2587 :
3413 2532 3465 2585 Si
3530 2532 3692 2588 mihi.

2049 2621 2261 2693 inquit,
2287 2639 2483 2677 servas
2514 2622 2710 2689 ﬁdem,
2745 2621 2851 2675 hoc
2879 2638 3109 2693 quoque
3138 2638 3330 2692 agam.
3363 2625 3435 2675 At
3478 2621 3579 2677 illa
3608 2638 3697 2676 re-

2049 2710 2321 2781 spondit:
2356 2711 2567 2765 Omnia
2599 2710 2828 2775 faciam,
2860 2716 3089 2764 tantum
3123 2709 3266 2763 mibi
3291 2710 3532 2765 ostende
3564 2710 3698 2765 uni-

2048 2816 2182 2855 cum
2216 2816 2409 2854 meum
2444 2804 2669 2855 natum.
2706 2800 2925 2854 Putabo
2956 2798 3109 2853 enim
3143 2816 3245 2871 per
3278 2798 3470 2870 ipsum
3520 2800 3697 2870 gemi-

2052 2906 2159 2944 nos
2189 2906 2349 2943 meos
2382 2888 2616 2954 liberos,
2682 2890 2778 2959 qui
2814 2889 2905 2942 hic
2938 2888 3151 2943 mortui
3186 2894 3341 2952 sunt,
3378 2888 3588 2943 videre.
3617 2892 3694 2944 Ac

2052 2983 2258 3033 Petrus
2280 2977 2458 3032 dixit:
2483 2983 2624 3031 Cum
2654 2977 2865 3031 videris
2884 2977 3253 3047 eum,quieta
3285 2994 3475 3047 mane,
3510 2994 3693 3047 usque

2050 3085 2163 3140 quo
2194 3067 2566 3135 egrediamur
2595 3067 2666 3119 ab
2697 3066 2907 3120 insula.
2936 3066 3040 3120 Illa
3061 3066 3317 3137 excepit:
3342 3066 3432 3119 Sic
3467 3066 3695 3122 faciam.

2121 3156 2285 3211 XXII.
2320 3157 2381 3209 Et
2413 3162 2647 3227 accepta
2683 3173 2857 3210 manu
2885 3156 3012 3224 ejus
3042 3155 3246 3210 Petrus
3278 3156 3527 3211 ducebat
3569 3172 3698 3211 eam

2051 3247 2120 3301 ad
2150 3262 2371 3301 navem.
2398 3248 2573 3311 Quem
2600 3262 2704 3315 ego
2730 3246 2929 3300 videns
2952 3262 3128 3299 manu
3150 3246 3359 3299 ducere
3394 3245 3697 3300 mulierem

280 3338 736 3408 χειραγωγοῦντα
783 3339 1025 3409 γυναῖκα,
1078 3332 1327 3408 ἐγέλασα,
1358 3334 1446 3387 καὶ
1492 3332 1825 3405 προσελθὼν,
1860 3334 1932 3396 εἷς

2052 3336 2173 3391 risi.
2212 3335 2502 3389 Accedens
2526 3340 2742 3401 tamen,
2778 3334 3014 3387 honoris
3032 3351 3167 3402 erga
3198 3350 3330 3387 eum
3355 3334 3562 3403 gratia,
3597 3352 3699 3404 pro

273 3422 452 3492 τιμην
495 3421 679 3492 αὐτοῦ,
733 3422 845 3476 ἀντ’
896 3422 1058 3476 αύτοῦ
1102 3428 1459 3497 χειραγωγεῖν
1512 3422 1673 3490 αὐτὴν
1710 3421 1936 3497 ἐπειρώ-

284 3531 420 3581 μην.
454 3511 556 3567 Καὶ
589 3512 702 3584 ἅμα
730 3516 809 3583 τῷ
841 3508 1073 3584 ’ἀψασθηί
1106 3532 1171 3584 με
1200 3519 1301 3579 τῆς
1350 3512 1535 3586 χειρὸς
1584 3511 1769 3579 αὐτῆς,
1808 3510 1935 3565 ὀλο-

282 3597 489 3667 λύξασα
548 3599 622 3661 ὡς
684 3602 869 3675 μήτηρ
931 3601 1069 3673 μέγα
1120 3600 1209 3654 καὶ
1269 3599 1681 3675 περιπλακεῖσα,
1732 3598 1937 3677 σφόδρα

281 3688 562 3765 κατεφίλει
597 3710 663 3760 με
694 3690 785 3743 τὸν
816 3689 930 3743 υἱὸν
959 3689 1125 3757 αὐτῆς
1160 3692 1222 3744 ‘5.
1255 3690 1397 3764 Ἐγὼ
1447 3686 1523 3755 δὲ,
1556 3690 1761 3764 ἀγνοῶν
1805 3690 1934 3744 6'on

278 3776 345 3830 τὸ
372 3784 622 3851 πρᾶγμα,
655 3778 729 3839 ὡς
764 3780 1098 3851 μαινομένην
1132 3778 1483 3851 ὶπεσειόμην*
1524 3776 1846 3848 αἰδούμενος
1880 3776 1938 3833 δὲ

279 3866 375 3918 καὶ
407 3866 497 3919 τὸν
534 3868 754 3943 Πέτρον,
789 3862 1204 3940 ἐπικραινόμην.

357 3957 551 4011 XXIII.
601 3960 656 4009 Ὀ
706 3953 763 4011 δὲ
810 3957 1010 4032 Πέτρος
1065 3954 1187 4034 ἔφη·
1237 3957 1356 4023 Ἔα,
1413 3956 1465 4011 τί
1515 3961 1713 4018 ποιεῖς.
1751 3957 1933 4013 τέκνον

281 4042 545 4114 Κλήμης,
590 4043 981 4117 ἀποσειόμενος
1021 4046 1118 4113 τὴν
1150 4047 1250 4113 σὴν
1279 4040 1447 4106 ὅντως
1477 4050 1732 4100 τεκοῦσαν
1764 4064 1778 4115 ;
1813 4047 1935 4122 Εγὼ

279 4129 360 4201 δὲ,
394 4138 554 4186 τοῦτο
588 4132 821 4195 ἀκούσας
874 4132 1197 4210 περίδακρυς
1241 4134 1532 4209 γενόμενος
1580 4135 1669 4188 καὶ
1700 4156 1930 4190 καταπε-

283 4220 453 4294 σούσῃ
626 4222 855 4297 τεκούσῃ
910 4224 1229 4296 προσπεσὼν
1288 4222 1629 4297 κατεφίλουν.
1682 4224 1777 4278 Καὶ
1827 4226 1930 4301 γὰρ

280 4310 395 4381 ἅμα
437 4313 517 4380 τῷ
566 4309 795 4384 ῥηθῆναί
849 4332 939 4383 μοι
972 4314 1133 4366 τοῦτο
1165 4312 1423 4385 ἀμαυρῶς
1456 4315 1499 4348 ¹⁶
1524 4333 1639 4373 πως
1685 4314 1747 4367 τὸ
1787 4312 1929 4376 εἶδος

275 4397 676 4471 ἁνεκαλούμην.
710 4398 921 4454 Πολλοὶ
956 4402 1048 4472 μὲν
1100 4399 1189 4454 οὖν
1221 4396 1387 4476 ὄχλοι
1437 4402 1755 4477 συνέτρεχον
1788 4403 1932 4458 ἰστο-

276 4493 437 4559 ρῆσαι
494 4489 596 4556 τήν
653 4491 1075 4563 προσαιτήτριαν
1134 4495 1399 4565 γυναῖκα,
1453 4487 1701 4565 λέγοντες
1751 4490 1929 4562 ἀλλή-

277 4588 416 4643 Λοις,
449 4575 535 4630 ὅτι
566 4574 729 4645 αὐτὴν
759 4576 965 4653 ἐπέγνω
997 4579 1026 4632 6
1056 4576 1196 4645 υἱὸς,
1246 4577 1383 4653 ἀνὴρ
1436 4573 1746 4652 ἀξιόλογος.
1792 4586 1929 4635 Bou-

2047 3425 2173 3495 ipso
2203 3441 2377 3477 manu
2411 3423 2568 3476 illam
2606 3423 2815 3476 ducere
2848 3422 3012 3491 coepi.
3048 3421 3230 3475 Simul
3256 3428 3449 3476 autem
3481 3439 3543 3476 ac
3571 3439 3691 3477 ma-

2047 3530 2187 3567 num
2207 3514 2333 3583 ejus
2355 3512 2591 3583 contigi.
2613 3517 2675 3565 ut
2699 3516 2906 3575 mater,
2924 3510 3143 3564 ululatu
3172 3510 3391 3582 ingenli
3444 3512 3691 3567 reddito.

2046 3603 2104 3655 in
2139 3602 2443 3672 amplexus
2476 3618 2634 3655 meos
2667 3599 2836 3654 irruit
2867 3615 3074 3669 meque
3108 3599 3286 3653 filium
3322 3616 3495 3654 suum
3526 3601 3697 3654 vehe-

2048 3696 2270 3745 menter
2301 3689 2634 3744 deosculata
2664 3694 2769 3743 est.
2807 3694 2880 3742 At
2910 3705 3013 3759 ego
3048 3690 3285 3757 ignrans
3317 3705 3487 3742 omne
3516 3706 3689 3759 nego-

2045 3780 2193 3834 tium
2228 3778 2394 3849 quasi
2426 3777 2814 3831 insanientem
2841 3775 3188 3847 repellebam
3226 3791 3236 3827 :
3272 3776 3370 3829 sed
3390 3782 3444 3829 et
3479 3776 3692 3830 reveri-

2045 3873 2141 3923 tus
2174 3868 2406 3921 Petrum
2442 3882 2531 3921 me
2555 3866 2803 3921 coercui.

2119 3956 2315 4010 XXIII.
2362 3957 2510 4011 Tum
2573 3955 2773 4009 Petrus
2800 3953 2980 4009 dixit:
3046 3954 3224 4019 Eheu,
3257 3953 3395 4025 quid
3430 3954 3553 4021 agis
3611 3954 3693 4009 Illi

2043 4044 2331 4109 Clemens,
2365 4043 2596 4115 repellis
2629 4060 2755 4097 eam
2777 4060 2902 4113 quae
2934 4058 3063 4097 vere
3088 4048 3273 4096 mater
3293 4048 3392 4096 tua
3413 4043 3543 4096 est?
3578 4043 3691 4109 Ego

2041 4149 2194 4201 vero,
2233 4133 2328 4187 ubi
2360 4133 2468 4187 hoc
2498 4132 2711 4195 audivi,
2746 4131 3017 4203 lacrymis
3082 4132 3301 4186 obortis
3332 4132 3555 4186 concidi
3589 4150 3686 4185 su-

2042 4225 2451 4294 prajacentem
2479 4227 2721 4276 matrem
2747 4227 2801 4275 et
2822 4221 3131 4275 osculabar
3151 4238 3297 4275 eam.
3323 4220 3505 4275 Simul
3531 4222 3687 4275 enim

2041 4329 2105 4367 ac
2137 4312 2191 4366 id
2230 4312 2372 4366 mihi
2405 4312 2628 4365 dictum
2674 4311 2799 4377 fuit,
2834 4311 3193 4365 subobscure
3232 4311 3530 4381 genitricis
3573 4312 3684 4365 I'or-

2040 4418 2197 4456 mam
2242 4401 2605 4456 revocabam.
2658 4399 2970 4453 Multitudo
3033 4400 3260 4454 interim
3304 4403 3689 4454 concurrebat

2040 4489 2293 4561 plurima
2324 4490 2395 4543 ad
2428 4489 2739 4543 videndam
2778 4489 3103 4543 mendicam
3158 4487 3458 4542 mulierem
3487 4506 3499 4553 ;
3535 4488 3689 4542 dice-

2038 4579 2299 4649 bantque
2329 4583 2570 4633 mutuo:
2605 4577 2854 4648 Agnovit
2888 4594 3015 4631 eam
3054 4576 3230 4644 ﬁlius,
3283 4577 3369 4630 vir
3414 4576 3684 4631 eximius.

274 4663 532 4736 λομένοις
582 4666 673 4719 οὗν
722 4668 857 4738 ἡμῖν
909 4666 1130 4737 ἐξαυτῆς
1176 4666 1269 4721 σὺν
1315 4671 1384 4739 τῇ
1435 4666 1601 4740 μητρὶ
1632 4675 1732 4737 τῆς
1763 4671 1931 4739 νήσου

2048 4670 2241 4739 Itaque
2270 4684 2405 4722 eum
2437 4666 2718 4721 vellemus
2741 4666 3047 4720 confestim
3071 4682 3202 4720 cum
3230 4671 3413 4718 matre
3439 4664 3688 4718 exinsu-

273 4748 535 4807 ἐκϐαίνειν
562 4754 597 4823 ἡ
636 4755 821 4830 μήτηρ
854 4752 976 4832 ἔφη*
1008 4754 1195 4809 Τέκνον
1253 4776 1346 4827 μοι
1395 4754 1665 4824 ποθεινὸν,
1702 4753 1924 4834 εὔλογόν

273 4840 413 4896 ἐστιν
460 4842 818 4914 ἀποτάξασθαι
866 4848 934 4916 τῇ
988 4841 1353 4918 ὑποδεξαμένῃ
1408 4866 1472 4917 με
1499 4846 1733 4921 γυναικὶ,
1782 4846 1927 4919 ἥτις,

270 4932 505 5006 πενιχρά
556 4930 688 4985 οὗσα
735 4932 825 4985 καὶ
874 4930 980 5002 ὅλη
1013 4933 1341 5007 παρειμένη,
1375 4932 1461 4986 ἐπὶ
1509 4940 1609 5001 τῆς
1644 4933 1818 4995 οῗκίας
1850 4934 1932 5011 ἔρ-

274 5018 478 5093 ριπται.
512 5020 568 5072 Ὀ
601 5017 657 5074 δὲ
709 5021 907 5097 Πέτρος
959 5020 1190 5082 ἀκούσας
1234 5020 1532 5093 ἐθαύμασεν
1564 5025 1624 5091 ¹“¹,
1670 5023 1759 5077 καὶ
1792 5025 1927 5079 πάν-

269 5128 355 5170 τες
405 5110 456 5162 οἳ
505 5113 863 5178 περιεστῶτες
922 5108 1109 5185 ὄχλοι,
1163 5112 1263 5178 τῆς
1314 5110 1568 5185 γυναικὸς
1615 5112 1677 5165 τὸ
1731 5114 1928 5187 ἀγαθὸν

270 5196 545 5272 φρόνημα.
604 5198 701 5252 Καὶ
750 5198 945 5262 εὐθέως
994 5197 1268 5253 ἐκέλευσεν
1329 5200 1357 5254 6
1407 5199 1611 5275 Πέτρος
1658 5200 1769 5255 τισὶ
1823 5224 1925 5256 πο-

261 5287 512 5358 ρευθῆναι
557 5286 647 5340 καὶ
696 5288 793 5356 τὴν
853 5292 1080 5364 γυναῖκα
1128 5286 1215 5341 ἐπὶ
1264 5286 1461 5358 κλίνης
1520 5287 1767 5363 κομίσαι.
1822 5290 1923 5345 Καὶ

2039 4756 2095 4812 la
2118 4758 2289 4823 exire,
2326 4761 2511 4810 mater
2542 4755 2618 4808 ait
2645 4774 2656 4809 :
2694 4755 2819 4819 Fili,
2847 4754 2991 4808 mihi
3022 4758 3305 4824 exoptate,
3335 4769 3564 4823 (equum
3600 4756 3688 4807 est

2041 4853 2106 4901 ut
2137 4845 2258 4900 vale
2290 4846 2479 4899 dicam
2508 4844 2736 4898 mulieri
2772 4860 2897 4914 quae
2923 4859 3011 4896 me
3044 4841 3319 4911 suscepit,
3354 4859 3476 4912 qua:
3508 4857 3685 4912 egens

2039 4940 2093 4991 et
2124 4939 2246 4989 tota
2277 4933 2593 5005 paralytica
2617 4932 2770 4987 domi
2799 4933 2973 5002 jacet.
3011 4931 3111 4986 His
3138 4930 3371 4999 auditis,
3398 4931 3597 4984 Petrus
3631 4933 3688 4984 et

2039 5040 2262 5088 omnes,
2297 5023 2395 5093 qui
2429 5022 2666 5094 plurimi
2690 5022 2952 5085 aderant,
2990 5019 3259 5074 admirati
3294 5024 3432 5073 sunt
3461 5019 3679 5073 bonum

2040 5113 2264 5168 femina:
2298 5110 2630 5167 consilium.
2666 5111 2731 5163 Et
2757 5110 3035 5164 continuo
3061 5108 3243 5178 jussit
3284 5112 3481 5162 Petrus
3531 5107 3690 5162 abire

2038 5201 2345 5273 quosdam,
2380 5216 2445 5254 ac
2476 5200 2702 5253 deferre
2732 5198 3038 5252 mulierem
3072 5198 3128 5251 in
3160 5196 3391 5251 lectulo.
3431 5198 3693 5268 Cumque

2036 5291 2241 5345 fuisset
2262 5288 2455 5356 allata,
2485 5288 2831 5359 positusque
2862 5287 3069 5341 fuisset
3094 5286 3298 5356 lectus,
3330 5289 3540 5341 cuncta
3560 5285 3689 5357 ple-

1627 5443 1863 5500 VARLIE
1903 5442 2313 5500 LECTIONES.

335 5552 529 5630 [νὺξ.
566 5548 808 5628 διηγεῖτό
861 5576 954 5628 μοι
1006 5573 1121 5612 non
1171 5560 1319 5630 sunt
1355 5557 1644 5630 ἱῐιγονίο⁸
1665 5560 1811 5613 Ante
1850 5551 2042 5630 έκϐους
2092 5559 2151 5613 in
2202 5558 2245 5612 Ο
2294 5564 2381 5613 est
2430 5550 2657 5610 ἔκϐασου
2708 5558 3085 5630 expunctum.
3145 5558 3187 5591 ¹¹
3226 5552 3561 5630 -ὑπέσςτρεφεν

266 5626 312 5700 ίξ
346 5621 643 5700 δυνηθῆναι
672 5621 754 5696 Il,
806 5621 1129 5699 perperam.
1176 5630 1223 5664 ¹³
1272 5628 1485 5700 Vocab.
1537 5629 1571 5696 ἡ
1625 5626 1681 5683 δὲ
1730 5626 2036 5683 σπεύδουσα
2084 5631 2206 5684 des.
2256 5631 2313 5683 in
2355 5630 2419 5681 Ο.
2473 5631 2518 5664 ιδ
2562 5630 2697 5700 ἦγεν
2748 5621 2810 5681 Ο.
2852 5632 2911 5700 et
2942 5628 3082 5700 Epit.
3135 5644 3185 5681 c.
3216 5621 3677 5700 90.137.549.516”

266 5698 311 5733 ¹³
339 5695 507 5775 ἓδτῆξ
538 5696 656 5750 υἱόν
703 5695 762 5755 Ο.
799 5695 842 5736 ίδ
890 5695 975 5757 Ita
1021 5701 1087 5757 0.
1137 5714 1186 5757 ο.
1239 5701 1323 5765 8.,
1370 5695 1698 5775 ἀμαυρώσας
1749 5702 1833 5772 C.,
1889 5702 1990 5774 qui
2020 5702 2080 5757 in
2133 5718 2317 5773 marg.
2353 5702 2505 5771 conj.
2550 5695 2808 5773 ἀμαυρῶς
2842 5698 2900 5751 ἄν
2936 5695 3021 5754 vel
3058 5695 3406 5773 ἀμαυρῶσαν.
3445 5695 3487 5735 ¹⁵¹
3524 5695 3673 5751 ἐθαυ-

267 5772 432 5841 μαζεν
466 5768 527 5825 C.
