4112 6344
417 362 538 424 319

1246 368 1312 428 S.
1357 368 1799 431 CLEMENTlS
1847 367 1874 429 Ι
1917 367 2110 428 ROM.
2156 367 2388 430 PONT.
2434 369 2698 432 OPERA
2739 371 3008 434 DUBIA.

3716 364 3838 428 320

421 495 496 551 be
529 495 817 551 audiente
850 496 1056 553 Petrus
1073 498 1150 552 ait
1175 514 1187 554 :
1213 499 1268 553 Si
1292 499 1551 554 veritatis.
1571 517 1676 570 ego
1707 516 1836 554 sum
1866 515 2072 571 praeco,

2204 496 2343 569 ⁵μὸἷκῖ
2403 497 2713 576 ἐνεχθείσης
2768 499 2857 554 καὶ
2916 497 3159 570 τεθείσης
3212 504 3315 567 τῆς
3363 495 3580 567 κλίνης,
3627 496 3840 550 πάντων

437 586 508 641 ad
543 585 716 640 ﬁdem
752 603 950 640 eorum
983 587 1079 656 qui
1113 588 1418 654 assistunt,
1446 590 1714 644 utsciant
1745 605 1926 642 unum
1953 604 2082 642 esse

437 675 621 730 Deum
654 674 922 745 opiﬁcem
978 677 1206 741 mundi,
1242 682 1443 747 surgat
1485 679 1761 733 continuo
1816 695 1980 731 sana.
2015 676 2084 731 Et

433 764 632 819 statim
671 776 731 818 ut
762 763 884 818 hzsc
914 765 1157 819 dixisset
1205 766 1427 829 Petrus,
1463 767 1674 822 mulier
1703 767 1956 822 surrexit
1989 783 2082 820 sa-

439 859 575 908 nata
605 858 664 908 et
695 853 940 924 procidit
965 855 1033 908 ad
1065 855 1239 926 pedes
1264 855 1624 928 Petri,atque
1644 856 1890 911 amicam
1916 873 2082 911 suam

441 960 507 997 ac
528 941 872 997 familiarem
897 943 1156 998 osculata
1180 949 1445 1015 perconta
1459 947 1630 1000 batur
1662 946 1800 1016 quid
1827 947 1981 1000 istud
2001 963 2088 1000 es-

439 1036 545 1086 set.
580 1033 648 1085 At
673 1030 772 1085 illa
795 1031 1041 1085 breviter
1063 1049 1235 1087 omne
1265 1033 1313 1087 ei
1342 1034 1756 1105 recognitionis
1785 1035 2084 1105 negotium

435 1121 724 1190 exposuit,
759 1126 815 1174 et
838 1119 937 1190 qui
962 1121 1674 1193 audieruntobstupetacti
1710 1127 1868 1178 sunt.
1895 1125 2083 1178 Tunc-

433 1226 546 1280 que
580 1215 766 1264 mater
786 1209 1077 1280 hospitem
1101 1216 1364 1266 curatam
1393 1211 1592 1267 videns
1617 1213 1857 1284 rogavit,
1875 1217 1937 1267 ut
1961 1213 2088 1284 ipsa

436 1314 670 1368 quoque
701 1297 1008 1352 sanitatem
1043 1300 1347 1370 acciperet.
1388 1299 1484 1356 Ille
1515 1307 1710 1356 autem
1762 1319 1938 1356 manu
1980 1303 2086 1357 im-

437 1386 632 1458 posita
661 1387 849 1458 ipsam
881 1387 1053 1442 etiam
1091 1389 1330 1443 iuravit.

513 1671 706 1726 XXIV.
741 1671 948 1743 Sicque
982 1676 1182 1744 postea
1211 1677 1418 1728 Petrus
1448 1674 1518 1728 de
1551 1673 1665 1729 Deo
1687 1691 1754 1729 ac
1775 1675 1845 1730 de
1875 1673 1974 1729 Dei
1996 1691 2088 1730 re-

437 1760 652 1833 ligione
682 1778 1012 1816 sermonem
1046 1762 1254 1818 habuit
1285 1763 1422 1818 etin
1446 1762 1558 1818 ﬁne
1588 1763 1815 1818 addidit
1838 1764 1921 1818 :Si
1957 1763 2089 1835 quis

2188 590 2294 640 τῶν
2355 586 2543 663 ὄχλων
2603 589 2930 660 ἀκουόντων,
2983 586 3083 666 ἔφη
3144 587 3170 642 ὁ
3213 585 3431 659 Πέτρος·
3484 584 3542 640 Εἰ
3586 583 3840 655 ἀληθείας

2190 676 2359 749 κῆρυξ
2391 676 2499 750 ἐγὼ
2526 680 2806 752 τυγχάνω,
2839 677 2914 740 εἲς
2964 678 3061 746 τὴν
3091 681 3197 732 τῶν
3247 676 3605 749 παρεστώτων
3635 673 3837 746 πίστιν,

2187 762 2281 818 φίνοι
2311 770 2506 839 γνῶσιν
2566 766 2650 821 ὅτι
2710 768 2785 828 εἷς
2841 766 2950 822 ἐστι
3011 768 3160 837 Θεὸς,
3223 767 3251 820 6
3297 765 3388 820 τὸν
3439 765 3640 836 κόσμον
3685 765 3833 820 271

2194 856 2449 924 ποιήσας,
2481 855 2703 928 ἐξαυτῆς
2753 856 3026 932 ἐγερθήτω
3075 856 3254 930 ὑγιής.
3298 853 3394 908 Καὶ
3425 855 3536 926 ἅμα
3562 857 3641 924 τῷ
3671 852 3841 906 εἰπεῖν

2197 943 2397 1019 Πέτρον
2424 949 2591 999 ταῦτα
2620 945 2653 1015 ἠ
2688 946 2824 1020 γυνή
2875 946 3081 1020 ἠγέρθη
3135 945 3462 1020 ὑγιασθεῖσα,
3492 942 3582 996 καὶ
3629 946 3708 1013 τῷ
3738 941 3846 996 Πέ-

2195 1053 2310 1108 τρῳ
2340 1033 2687 1106 προσέπεσεν,
2717 1034 2807 1089 καὶ
2855 1035 2952 1102 τήν
2992 1035 3194 1104 συνήθη
3224 1031 3389 1111 φίλην
3435 1029 3849 1109 καταφιλήσασα

2200 1119 2516 1176 ἐπυνθάνετο
2542 1122 2593 1176 τί
2626 1120 2708 1194 εἷή
2740 1127 2923 1180 τοῦτο.
2955 1124 3017 1178 Ἡ
3047 1120 3104 1177 δὲ
3133 1121 3262 1177 ὅλον
3288 1121 3423 1194 αὐτῇ
3458 1123 3500 1158 1⁸
3528 1120 3592 1175 τὸ
3621 1126 3850 1196 πρᾶγμα

2197 1215 2293 1265 τοῦ
2325 1212 2740 1288 ἀναγνωρισμοῦ
2771 1212 3053 1286 συντόμως
3084 1208 3408 1285 διηγήσατο,
3440 1209 3530 1264 καὶ
3581 1209 3633 1262 οἱ
3681 1205 3846 1263 ἀκού-

2199 1321 2379 1362 σαντες
2427 1300 2868 1372 κατεπλάγησαν.
2914 1301 3046 1356 Τότε
3091 1300 3181 1356 καὶ
3225 1301 3260 1370 ή
3298 1302 3504 1376 μήτηρ,
3551 1299 3651 1366 τήν
3699 1297 3846 1368 ξενο-

2200 1385 2366 1465 δόχον
2423 1393 2830 1466 θεραπευθεῖσαν
2891 1392 3208 1466 θεωρήσασα
3266 1391 3346 1461 ¹⁹,
3405 1386 3698 1464 παρεκάλει
3755 1386 3850 1440 καὶ

2197 1477 2332 1548 αὐτὴ
2368 1476 2560 1541 ἷόἱσεως
2589 1484 2798 1556 τυχεῖν.
2830 1481 2891 1537 Ὁ
2923 1476 3000 1548 δὲ,
3053 1477 3252 1540 ἐπιθεὶς
3278 1478 3379 1548 τὴν
3416 1481 3599 1553 χεῖρα,
3628 1474 3718 1530 καὶ
3749 1473 3846 1529 αὗ-

2195 1569 2294 1637 τὴν
2329 1567 2697 1644 ἐθεράπευσεν.

2268 1677 2455 1732 XXIV.
2485 1674 2583 1730 Καὶ
2629 1676 2728 1739 εἶθ’
2757 1674 2932 1737 οὕτως
2962 1675 2990 1730 6
3021 1673 3226 1749 Πέτρος
3271 1671 3397 1746 περὶ
3445 1675 3580 1728 Θεοῦ
3626 1669 3716 1726 καὶ
3743 1676 3848 1739 τῆς

2198 1763 2345 1836 αὐτῷ
2379 1761 2738 1841 διαφερούσης
2787 1763 3073 1839 θρησκείας
3127 1761 3421 1836 ὁμιλήσας,
3455 1760 3710 1838 προσθεὶς
3758 1759 3848 1814 ἐπὶ

433 1851 554 1906 haec
576 1850 698 1905 vult
727 1849 1036 1922 diligenter
1053 1868 1422 1923 cognoscere,
1445 1853 1839 1918 Antiochiam,
1864 1854 1963 1909 ubi
1989 1871 2090 1926 per

2204 1853 2365 1925 τέλει,
2400 1852 2502 1908 ὅτι·
2534 1850 2604 1908 Ei’
2624 1875 2708 1915 τις
2744 1852 2998 1928 βούλεται
3045 1857 3212 1908 ταῦτα
3246 1845 3485 1926 ἀκριϐῶς
3531 1850 3740 1923 μαθεῖν,
3774 1847 3850 1910 εἷς

441 1940 661 1995 multos
691 1939 815 1996 dies
847 1941 1100 1996 residere
1133 1942 1333 2012 statui,
1370 1942 1628 2012 veniens,
1663 1960 1791 2015 quae
1825 1944 1896 1998 ad
1929 1941 2085 1998 salu-

439 2033 557 2084 tem
583 2045 751 2083 suam
786 2029 1077 2100 pertinent
1106 2031 1313 2085 discat.
1360 2035 1483 2087 Non
1535 2033 1713 2098 enim,
1767 2031 1865 2104 qui
1907 2047 2088 2104 nego-

441 2117 626 2172 tiandi
658 2122 760 2173 aut
790 2118 1076 2174 militandi
1109 2136 1286 2175 causa
1316 2121 1564 2191 patriam
1591 2120 1913 2192 relinquere
1939 2120 2088 2176 sole-

442 2207 521 2262 tis
553 2212 608 2262 et
638 2208 708 2262 ad
761 2207 888 2263 loca
919 2208 1170 2263 multum
1199 2208 1405 2264 dissita
1444 2210 1625 2277 abire,
1657 2215 1892 2281 prapter
1920 2214 2088 2264 aeter-

445 2314 581 2352 nam
606 2296 853 2352 salutem
886 2298 973 2353 vel
997 2298 1174 2352 trium
1210 2298 1438 2352 dierum
1471 2299 1579 2353 iter
1609 2300 1907 2371 suscipere
1925 2299 2089 2354 nole-

441 2386 538 2441 tis.
573 2386 771 2457 Itaque
803 2391 932 2458 post
970 2387 1117 2442 Petri
1150 2387 1486 2444 concionem
1533 2404 1639 2461 ego
1671 2387 1926 2455 mulieri,
1960 2405 2087 2458 qua;

443 2481 650 2531 sanata
681 2475 886 2546 fuerat,
920 2493 1114 2531 coram
1140 2477 1296 2531 omni
1334 2477 1543 2549 populo
1587 2477 1744 2532 mille
1779 2477 2086 2532 drachmas

444 2564 515 2619 ad
546 2564 760 2618 victum
795 2563 927 2618 dedi
967 2570 1022 2620 et
1061 2567 1460 2621 commendavi
1493 2583 1621 2621 eam
1671 2566 1899 2621 cuidam
1936 2567 2086 2621 bono

441 2653 585 2717 viro,
611 2653 886 2724 primario
917 2654 1136 2726 oppidi.
1171 2655 1270 2725 qui
1303 2660 1507 2727 sponte
1541 2656 1596 2710 id
1616 2671 1749 2712 cum
1769 2655 1981 2727 gaudio
2009 2656 2088 2710 fa-

452 2758 580 2798 cere
611 2744 931 2814 proposuit.
955 2743 1063 2798 Sed
1097 2749 1149 2798 et
1174 2743 1302 2798 aliis
1335 2745 1538 2799 multis
1559 2745 1864 2815 pecuniam
1891 2745 2085 2799 distri-

451 2831 571 2897 bui,
604 2833 942 2904 gratiasque
959 2832 1046 2904 egi
1061 2833 1176 2888 illis
1199 2833 1565 2904 mulieribus,
1580 2850 1705 2905 quae
1723 2834 1891 2887 matri
1911 2850 2090 2904 quon-

449 2921 580 2974 dam
613 2920 882 2975 solatium
942 2922 1338 2992 praabuerant:
1393 2927 1450 2976 et
1485 2928 1618 2993 post
1657 2922 1778 2977 haec
1810 2939 1924 2976 una
1953 2938 2086 2976 cum

444 3015 652 3076 matre,
688 3010 871 3074 Petro,
905 3010 1240 3082 caeterisque
1262 3011 1561 3066 sodalibus
1577 3013 1933 3066 Antaradum
1958 3028 2090 3066 ena-

435 3097 644 3169 vigavi,
679 3106 855 3170 atque
880 3099 960 3154 ita
992 3101 1061 3154 ad
1095 3099 1416 3171 hospitium
1451 3103 1861 3172 processimus.

517 3295 684 3350 XXV.
721 3295 821 3352 Ubi
853 3314 984 3352 cum
1018 3315 1282 3354 essemus
1313 3305 1370 3354 et
1399 3299 1862 3371 sumpsissemus
1892 3301 2088 3356 cibum

453 3402 520 3440 ac
551 3386 619 3440 de
650 3401 807 3441 more
836 3388 1052 3457 gratias
1074 3389 1420 3459 egissemus,
1443 3395 1618 3461 atque
1649 3390 1841 3445 adhuc
1862 3394 2097 3462 tempus

455 3481 807 3546 superesset,
841 3493 946 3548 ego
978 3477 1092 3532 dixi
1128 3482 1293 3533 Petro
1323 3495 1335 3533 :
1371 3479 1764 3536 Humanitatis
1792 3497 1960 3551 opus,
1996 3481 2097 3534 do—

453 3565 614 3619 mine
647 3565 722 3618 mi
759 3565 940 3632 Petre,
993 3568 1243 3621 exercuit
1276 3584 1404 3622 mea
1462 3575 1665 3632 mater,
1700 3585 1826 3640 qua:
1857 3569 2099 3639 hospitae

455 3653 719 3709 mulieris
742 3655 1040 3710 recordata
1074 3656 1264 3710 fuerit.
1291 3657 1606 3727 Respondit
1637 3658 1878 3714 Petrus:
1917 3659 2096 3722 ltane,

453 3758 486 3798 ο
517 3743 807 3811 Clemens,
845 3761 975 3799 vere
1001 3746 1374 3811 existimasti,
1415 3746 1799 3800 humanitatis
1830 3764 1978 3818 opus
2012 3749 2098 3801 fa-

451 3836 613 3886 ctum
646 3850 679 3886 a
708 3837 810 3886 tua
827 3833 1129 3905 gonitrice,
1163 3835 1398 3905 quando
1426 3835 1622 3906 siquae
1645 3835 1831 3906 ipsam
1865 3853 1933 3890 ex
1955 3853 2096 3890 nau-

449 3919 633 3992 fragio
667 3927 963 3992 receperat
987 3923 1234 3993 gratiam
1267 3923 1462 3977 retulit
1495 3939 1600 3977 :an
1634 3929 1694 3978 ut
1714 3925 1882 3978 matri
1917 3924 2100 3994 pluri-

454 4026 613 4064 mum
635 4011 1234 4080 gratiticareris,hunc
1256 4012 1450 4067 dixisti
1476 4028 1802 4067 sermonem
1823 4017 1844 4067 Ρ
1868 4014 1924 4068 Si
1945 4013 2098 4068 enim

456 4114 572 4153 non
604 4104 669 4153 ut
699 4117 819 4155 rem
855 4106 1082 4172 gratam
1112 4101 1464 4165 t'aceres,sed
1496 4106 1562 4155 ut
1579 4102 1878 4157 veritatem
1909 4102 2102 4173 loque-

455 4187 625 4258 reris,
660 4188 868 4243 eﬂ‘atus
899 4206 982 4253 es,
1011 4188 1225 4244 videris
1259 4189 1402 4244 mihi
1433 4191 1701 4261 ignorare
1725 4207 1991 4262 quamam
2025 4192 2105 4248 sit

455 4279 800 4352 magnitudo
829 4278 1368 4350 humanitatisque;
1390 4284 1480 4334 est
1501 4281 1735 4334 amorin
1760 4281 2098 4352 quemlibet.

457 4374 748 4441 quatenus
771 4367 1091 4434 hominem,
1115 4373 1170 4423 et
1201 4369 1420 4440 absque
1447 4368 1564 4423 ullo
1596 4370 1844 4425 naturali
1873 4371 2102 4425 affectu.

454 4459 564 4514 Sed
602 4474 708 4514 nec
739 4457 1058 4529 hospitem,
1091 4475 1213 4526 quae
1249 4463 1492 4513 matrem
1526 4463 1688 4514 tuam
1737 4476 1767 4514 e
1800 4461 2104 4532 naufragio

454 4549 733 4619 suscepit,
758 4547 950 4603 ausim
981 4547 1287 4602 hominum
1330 4553 1625 4603 amantem
1659 4549 1968 4622 appellare.
2001 4551 2103 4604 Mi-

455 4637 776 4694 sericordia
804 4637 959 4693 enim
997 4641 1306 4704 commota,
1340 4636 1598 4709 impulsa
1627 4644 1716 4694 est
1747 4640 1814 4694 ad
1849 4639 1995 4695 bene
2027 4641 2106 4696 fa-

2200 1942 2560 2018 Ἀντιόχειαν,
2595 1941 2731 1997 ὅπου
2779 1940 3048 1997 πλειόνων
3093 1943 3315 2017 ἡμερῶν
3361 1940 3669 2016 περιμένειν
3703 1934 3847 2013 ἔκρι-

2195 2051 2281 2102 να,
2314 2030 2486 2096 ἐλθὼν
2535 2032 2602 2086 τὰ
2647 2031 2783 2107 πρὸς
2829 2033 2929 2100 τὴν
2982 2031 3145 2086 αὑτοῦ
3195 2029 3467 2106 σωτηρίαν
3513 2027 3847 2101 μανθανέτω.

2197 2121 2270 2176 Οὐ
2299 2122 2402 2197 γὰρ
2437 2118 2502 2190 δὴ
2561 2120 2607 2175 εί
2656 2123 2702 2158 ²⁰
2749 2119 3014 2196 ἐμπορίας
3063 2116 3220 2176 ἕνεκα
3265 2120 3301 2189 ἢ
3336 2117 3611 2194 στρατείας
3659 2114 3852 2192 πατρί-

2197 2210 2291 2274 δας
2340 2209 2768 2283 καταλιμπάνειν
2820 2207 3001 2264 οῗ¹δατε
3048 2208 3138 2264 καὶ
3188 2206 3263 2270 εἷς
3319 2205 3559 2283 μακροὺς
3606 2205 3848 2281 ἀπέρχε-

2196 2301 2313 2354 σθαι
2371 2299 2594 2368 τόπους,
2649 2295 2739 2352 διὰ
2784 2295 2841 2352 δὲ
2889 2297 3110 2352 αἰώνιον
3155 2295 3427 2372 σωτηρίαν
3493 2291 3635 2368 μηδὲ
3677 2298 3845 2370 τριῶν

2194 2391 2418 2463 ἡμερῶν
2447 2385 2568 2444 ὁδὸν
2627 2389 2954 2463 πορευθῆναι
3007 2385 3263 2457 θελήσετε
3314 2387 3379 2441 ³¹.
3410 2385 3555 2440 Μετά
3608 2382 3702 2456 μὲν
3754 2382 3848 2437 οὗν

2192 2479 2292 2548 τήν
2325 2474 2691 2552 προσομιλίαν
2757 2474 2962 2550 Πέτρου
3018 2474 3123 2550 ἐγὼ
3291 2470 3599 2549 ὑγιασθείσῃ
3635 2470 3847 2548 γυναικὶ

2195 2565 2280 2621 ἐπὶ
2335 2566 2535 2628 παντὸς
2579 2569 2676 2620 τοῦ
2725 2561 2902 2640 ὄχλου
2949 2561 3138 2638 χιλίας
3203 2559 3458 2638 δραχμὰς
3507 2561 3583 2624 εἰς
3639 2560 3842 2638 τροφάς

2195 2653 2580 2729 ἐδωρησάμην,
2635 2652 3005 2730 παραθέμενος
3054 2651 3221 2721 αὐτὴν
3277 2648 3460 2726 ἀγαθῷ
3511 2671 3619 2705 τινι
3666 2646 3844 2723 ἀνδρὶ,

2196 2747 2401 2821 πρώτῳ
2447 2751 2546 2814 τῆς
2604 2741 2820 2804 πόλεως
2878 2736 3011 2807 ὄντι,
3073 2739 3225 2818 φύσει
3289 2740 3424 2813 μετά
3469 2744 3644 2814 χαρᾶς
3685 2741 3846 2793 τοῦτο

2196 2840 2370 2889 ποιεῖν
2402 2854 2614 2909 προηρη
2627 2833 2792 2906 μένῳ.
2823 2832 2943 2886 Ἔτι
2976 2828 3033 2886 δὶ
3062 2831 3152 2884 καὶ
3183 2827 3383 2890 ἄλλαές
3415 2826 3654 2889 πολλαῖς
3684 2829 3730 2863 ³³
3759 2826 3852 2903 ἀρ-

2194 2944 2354 3001 γυρια
2404 2920 2704 2995 διανείμας,
2756 2927 2874 2983 ταῖς
2931 2940 3063 2975 ποτε
3115 2919 3215 2986 τὴν
3272 2915 3482 2992 μητέρα
3519 2917 3848 2992 παραμυθη-

2198 3011 2455 3085 σαμέναις
2501 3011 2919 3087 εὐχαριστήσας,
2974 3011 3129 3066 272
3189 3003 3482 3061 διέπλευσα
3539 3004 3614 3066 εἷς
3663 3003 3849 3059 Ἀπά-

2199 3099 2382 3179 ραδον,
2443 3102 2556 3173 ἅμα
2601 3103 2669 3174 τῇ
2735 3097 2900 3174 μητρὶ
2960 3098 3049 3152 καὶ
3101 3096 3289 3171 Πέτρῳ
3337 3094 3424 3149 καὶ
3465 3099 3584 3155 τοῖς
3631 3091 3852 3155 λοιποῖς

2202 3191 2436 3267 ἑταίροις
2469 3193 2533 3226 ³³·
2560 3189 2648 3244 καὶ
2682 3188 2854 3250 οὕτως
2888 3186 2964 3248 είς
2993 3186 3091 3254 τήν
3125 3184 3289 3256 ξενίαν
3324 3184 3679 3258 ὡρμήσαμεν.

2276 3303 2437 3356 XXV.
2474 3297 2782 3369 Γενομένων
2833 3292 2891 3349 δὲ
2942 3295 3102 3366 ἡμῶν
3153 3294 3200 3328 ³⁸
3239 3291 3329 3347 καὶ
3375 3293 3583 3368 τροφῆς
3616 3286 3849 3362 μεταλα-

2206 3383 2408 3443 ϐόντων
2455 3387 2545 3440 καὶ
2596 3386 2840 3455 συνήθως
2885 3381 3414 3458 εὐχαριπησάντων,
3465 3377 3544 3433 ἔτι
3575 3377 3720 3454 ὥρας
3760 3373 3851 3432 οὔ·

2207 3498 2329 3547 σης,
2363 3473 2494 3554 ἔφην
2548 3475 2652 3550 ἐγὼ
2696 3478 2776 3546 τῷ
2821 3473 3012 3548 Πέτρῳ
3042 3472 3174 3544 (39)·
3209 3467 3629 3555 Φ-ιλανθρωπίας
3671 3463 3849 3543 ἔργον,

2205 3565 2359 3642 κύριέ
2405 3553 2515 3638 μου
2565 3562 2751 3637 Πέτρε,
2802 3564 2836 3632 ἡ
2887 3560 2993 3634 ἐμὴ
3045 3557 3268 3628 ἐποίησε
3317 3553 3892 3644 μήτηρ-,τῆςμξενο-ᾙ

2209 3652 2378 3730 δόχου
2413 3653 2816 3726 ὑπομνησθεῖσα
2863 3648 3136 3725 γυναικός.
3172 3647 3267 3702 Καὶ
3319 3648 3347 3701 6
3379 3647 3582 3721 Πέτρος
3631 3641 3886 3714 disi???

2207 3733 2355 3800 νατο.
2388 3742 2527 3818 Ἀρά
2559 3762 2641 3817 γε,
2693 3741 2738 3794 ὧ
2783 3737 3036 3811 Κλήμης,
3089 3734 3308 3805 ἀληθῶς
3355 3734 3645 3807 νενόμικας
3674 3732 3858 3812 φιλαν-

2211 3831 2452 3910 θρωπίας
2501 3829 2658 3906 ἔργον
2707 3827 3061 3894 πεποιηκέναι
3108 3827 3207 3894 τὴν
3267 3825 3365 3893 σήν
3409 3820 3688 3895 τεκοῦσαν,
3740 3828 3857 3886 καθ’

2209 3923 2239 3978 ’ὁ
2268 3924 2367 3990 τὴν
2402 3920 2506 3976 ἀπὸ
2533 3919 2788 3994 ναυαγίου
2818 3920 2862 3953 ³⁵
2891 3915 3057 3983 αὐτὴν
3111 3911 3512 3985 ὑποδεξαμένην
3558 3910 3857 3985 ἠμείψατο,

2211 4013 2246 4082 ἢ
2299 4012 2374 4073 ὡς
2428 4009 2593 4084 μητρὶ
2647 4006 2858 4083 μεγάλα
2907 4008 2952 4043 ³⁸
3003 4003 3368 4080 χαριζόμενος
3409 4005 3602 4056 τοῦτον
3641 3999 3860 4075 εἴρηκας

2209 4103 2301 4157 τὸν
2331 4099 2497 4174 λόγον
2534 4118 2548 4168 ;
2581 4097 2645 4152 Ei
2677 4095 2735 4151 δὲ
2783 4095 2892 4171 οὐχ
2937 4094 3010 4156 ὡς
3043 4091 3424 4169 χαριζόμενος,
3457 4088 3584 4145 ἀλλ’
3613 4089 3688 4151 ὡς
3719 4087 3862 4159 ἀλη-

2211 4190 2379 4245 θεύων
2411 4187 2563 4265 ἔφης,
2596 4182 2774 4247 ἔοικάς
2811 4205 2903 4258 μοι
2939 4183 3149 4258 ἀγνοεῖν
3197 4181 3248 4236 τί
3277 4181 3397 4235 ποτ’
3427 4177 3536 4234 ἐστὶ
3587 4181 3629 4214 ³⁷
3676 4178 3864 4256 φιλαν-

2215 4277 2458 4355 θρωπίας
2493 4277 2740 4352 μέγεθος,
2768 4273 2890 4343 ἥτις
2925 4271 3061 4328 ἐστὶν
3115 4273 3149 4340 ἡ
3202 4271 3323 4324 ἄνευ
3349 4273 3446 4324 τοῦ
3487 4267 3725 4346 φυσικῶς
3750 4266 3863 4322 πεί-

2215 4353 2424 4437 θοντος,
2455 4368 2490 4434 ἠ
2526 4368 2570 4401 ³⁸
2600 4363 2736 4435 πρὸς
2781 4365 2894 4417 οἷον
2949 4360 3155 4432 δήποτε
3201 4359 3428 4434 στοργή,
3477 4359 3611 4422 καθὸ
3655 4353 3863 4432 ἄνθρω-

2215 4457 2315 4518 πός
2346 4455 2508 4511 ἐστιν.
2543 4451 2698 4510 Ἀλλ’
2726 4450 2850 4507 οὐδὲ
2880 4453 2980 4521 τὴν
3022 4447 3309 4524 ξενοδόχον
3351 4448 3449 4516 τήν
3497 4447 3604 4501 ἀπὸ
3631 4465 3864 4523 ναυφρα-

2216 4548 2341 4624 γίου
2373 4541 2773 4616 ἀποδεξαμένην
2819 4544 2865 4578 ³³
2913 4542 3011 4609 τὴν
3062 4540 3159 4608 σὴν
3208 4541 3460 4593 τεκοῦσαν
3491 4533 3645 4591 οὔπω
3673 4533 3863 4612 φιλάν-

2215 4641 2430 4714 θρωπον
2480 4633 2648 4688 εἰπεῖν
2691 4630 2906 4704 τολμῶ.
2959 4630 3070 4685 Ὑπ’
3124 4625 3280 4684 ἐλέου
3307 4626 3407 4704 γὰρ
3454 4624 3862 4693 κολακευθεῖσα,

1816 4789 2055 4847 νΑΒΙΔΕ
2089 4787 2496 4848 LECTIONES.
3009 4837 3012 4840 ι

535 4915 576 4950 ίθ
619 4912 789 4980 αὐτῆς
836 4918 899 4968 Ο.
951 4914 996 4949 ¹⁰
1043 4912 1374 4980 ἳστορήσασα
1418 4912 1479 4968 C.
1527 4913 1573 4947 9°
1619 4910 1665 4966 εἷ
1714 4914 1937 4969 addidit
1985 4916 2042 4970 S.
2096 4916 2166 4970 de
2213 4914 2572 4982 conjectura,
2621 4907 2666 4962 εί
2695 4906 2802 5012 γὰρ
2834 4900 2900 4974 δή
2952 4905 3081 4960 cod.
3117 4908 3254 4976 Reg.
3285 4903 3412 4970 804,
3445 4899 3523 4963 είς
3566 4901 3676 5028 γάρ
3707 4903 3864 4972 Epit.

549 4987 721 5028 hinrln
752 4983 1043 5028 ἐυττηηεὲηε
1076 4985 1118 5028 n
1173 4986 1319 5028 'I‘nm
1355 4982 1682 5028 στοαττπνίαε
1716 5003 1767 5028 η
1805 5005 2080 5028 στπητενηρ
2111 4988 2262 5028 ἰι-ῖρηη
2321 4986 2361 5019 21
2403 4986 2483 5028 Ita
2524 4981 2608 5028 Ξ--
2661 4976 2836 5028 οιλειν
2879 4981 3120 5028 uterque
3171 4978 3332 5028 Hom.
3368 4974 3491 5028 cod.
3525 4974 3580 5027 θε
3625 4991 3707 5026 ετε
3738 4972 3864 5028 cod.

460 4986 721 5058 Subinde
745 4972 1043 5058 ’ἐμπορείας
1076 4972 1327 5058 ΟςΤύω
1355 4982 1682 5058 στρατηγίας
1716 5003 2080 5058 ρηστρατειας
2111 4988 2286 5058 idem.
2318 4972 2361 5019 5‘
2400 4986 2484 5038 Ita
2661 4972 2836 5058 (ξέλέιν
2859 4972 3139 5058 ξὺιςινιῃιεξ-
3171 4972 3345 5058 Hic-II}...
3368 4974 3491 5058 09d:

3625 4972 3707 5026 ετε
3738 4972 3866 5028 cod.

457 5057 596 5128 Reg.
629 5059 754 5128 804,
782 5041 1199 5128 ἱττροίιυμήσεσθε
1231 5057 1366 5128 Epit.
1402 5041 1448 5091 9.3
1482 5041 1679 5128 ἄλλοις
1706 5041 1940 5118 πολλοῖς
1973 5063 2031 5112 C.
2066 5041 2112 5092 ³³
2138 5041 2226 5113 ita
2254 5057 2381 5128 Ogc.
2412 5041 2819 5128 Epit.,:é‘t£pgtc
2851 5051 2910 5103 C.
2943 5048 2990 5082 “
3016 5041 3161 5119 Epit.
3194 5047 3353 5103 addit
3399 5043 3489 5099 ἐπὶ
3532 5044 3594 5099 τὸ
3642 5041 3795 5100 αὐτό.
3826 5043 3870 5077 ²⁶

457 5122 792 5206 ναυυφραγίου
824 5122 884 5184 C.
919 5122 977 5163 ³⁸⁷
1000 5122 1220 5203 μεγάλω
1251 5122 1316 5184 Ο.
1351 5128 1394 5163 ³⁷
1424 5126 1556 5181 ποτέ
1586 5127 1696 5183 ἐστι
1728 5134 1786 5184 G.
1819 5130 1864 5164 ³³
1893 5131 1929 5198 ἡ
1963 5147 2080 5186 om.
2116 5130 2181 5187 Ο.
2215 5129 2262 5164 ³9
2301 5122 2799 5197 ὑποδέξαμένηνὈ.

1833 5296 2219 5354 VARIORUM
2258 5294 2492 5353 NOTE.

536 5424 664 5503 (39),
696 5426 870 5503 "Ern?
929 5421 1034 5503 έχὼ
1081 5423 1168 5503 ,τῷ
1197 5417 1430 5503 ,Πέτριιξο
1487 5419 1617 5503 Haec
1701 5420 1876 5503 Yerba
1925 5437 2112 5492 usque
2221 5435 2289 5498 ex
2318 5405 3866 5503 0991‘s.di°t°.§“”"‘i’i‘f'f‘f;.9fﬂf*f°.‘Zi‘i'PﬂiS‘i‘tE‘LE‘?’

467 5491 551 5550 ad
601 5491 710 5549 ista
767 5491 897 5546 ποῖα
946 5491 990 5547 δ’
1041 5491 1140 5546 οὐκ
1193 5491 1283 5559 ἦν,
1332 5491 1659 5547 ὀἱιεηιυι-ο.
1710 5493 1927 5548 Nicone
1987 5491 2110 5547 mo-

464 5565 649 5622 naviio
673 5565 977 5622 Patresliuo
1001 5566 1059 5619 in
1092 5565 1374 5619 Pandecte
1397 5565 1938 5634 interpretationum
1973 5563 2110 5618 divi-

463 5655 673 5693 norum
702 5639 1128 5702 mandatorum,
1154 5653 1329 5692 serm.
1352 5637 1423 5690 24
1438 5641 1496 5703 et
1515 5636 1751 5703 39,0um
1779 5636 1886 5692 hoc
1909 5635 2108 5691 titulo:

2221 5477 2380 5563 giaui
2399 5487 2658 5563 Optimus
2682 5485 2843 5553 liber,
2863 5483 2967 5563 qui
2992 5481 3272 5563 collectus
3293 5485 3382 5562 est
3394 5495 3463 5534 ex
3482 5477 3696 5563 divinis
3716 5478 3868 5563 scri-

2221 5553 2646 5634 pturisfsacris
2668 5553 3010 5622 canonibus,
3035 5553 3388 5634 testimoniis
3411 5555 3741 5634 sanctorum
3769 5553 3870 5604 Pa-

2219 5623 2398 5701 trum,
2419 5623 2426 5627 ’
2450 5631 2696 5701 aliisque
2728 5625 3128 5701 monumentis
3156 5623 3590 5693 ecclesiasticis,
3616 5637 3720 5676 nec
3751 5637 3868 5676 non

461 5709 538 5765 Τὰ
593 5705 926 5782 Κλημέντια.
986 5715 1043 5765 et
1097 5698 1191 5762 Ἐκ
1258 5709 1364 5762 τῶν
1429 5698 1805 5779 Κλημεντίων,
1865 5707 1976 5763 hoc
2023 5710 2112 5764 est
2217 5698 2448 5778 legibus
2488 5698 2778 5760 civilibus.
2809 5698 2942 5755 Cor.
