4114 6338
259 402 375 463 321

1379 392 1914 456 CLEMENTINA.
1947 424 2023 436 —
2061 391 2391 453 HOMILIA
2434 391 2567 452 XII.

3559 397 3678 456 322

261 534 546 590 ἐπέπειστο
606 534 654 568 ³ο
713 528 978 606 εὖεργέτις
1053 528 1298 602 γενέσθαι
1374 526 1627 601 γυναικὸς
1688 522 1924 600 ναυαγίῳ

2056 524 2310 579 :iendum
2343 522 2576 578 mulieri
2607 522 2976 594 naufragium
3013 541 3216 595 passas,
3240 530 3406 582 natos
3431 526 3552 599 lugr
3574 529 3677 582 ~-*i.

259 620 685 696 περιπεσούσης,
738 620 896 674 τέκνα
946 616 1270 687 πενθούσης,
1321 616 1496 688 ξένης,
1543 621 1780 688 γυμνῆς,
1828 632 1922 684 με·

266 710 596 786 μονωμένης
629 712 671 745 ³¹
706 709 797 763 καὶ
845 705 1050 786 σφόδρα
1091 705 1177 760 ἐπὶ
1225 710 1340 766 ταῖς
1372 708 1678 780 συμφοραῖς
1722 701 1923 776 ὀλοφυ-

263 799 529 875 ρομένης.
560 800 646 853 Ἑν
680 795 968 856 τοσαύταις
1001 791 1091 847 οῦν
1125 792 1294 860 αὐτῆς
1326 795 1629 866 συμφοραῖς
1660 792 1704 824 ³2
1737 785 1922 857 οὔσης,

260 889 346 951 τίς
378 889 469 942 καὶ
506 881 712 941 ἀσεϐῶν
749 883 879 939 ἰδὼν
916 883 1016 938 οὐκ
1047 882 1105 937 ἂν
1134 881 1367 952 ἠλέησεν
1405 900 1416 948 ;
1448 885 1603 934 Ὄστε
1633 874 1786 931 οὔπω
1836 896 1924 951 φι-

264 976 614 1050 λανθρωπίας
645 978 799 1033 273
832 971 988 1049 ἔργον
1021 976 1354 1040 πεποιηκυῖα
1375 968 1609 1047 φαίνεται
1633 965 1757 1020 οὐδὲ
1788 967 1822 1033 ἡ
1852 965 1927 1034 ξε-

264 1064 507 1142 νοδὸχος
529 1066 686 1140 γυνὴ,
719 1062 867 1120 ἀλλὰ
897 1062 986 1117 ὑπ’
1015 1063 1062 1097 ³³
1095 1059 1250 1114 ἐλέου
1279 1063 1375 1112 τοῦ
1407 1057 1493 1111 ἐπὶ
1548 1055 1763 1130 μυρίαις
1797 1074 1929 1124 συμ-

269 1138 468 1232 φοραῖς
500 1138 634 1228 πρὸς
657 1149 972 1228 εὐεργεσίας
1023 1146 1352 1219 κεκινημένη
1405 1149 1471 1182 ³⁴’
1506 1144 1660 1216 πόσῳ
1691 1163 1752 1218 γε
1785 1138 1926 1214 μᾶλ-

269 1242 368 1297 λον
428 1244 462 1310 ἡ
516 1242 584 1310 σὴ
634 1244 884 1304 τεκοῦσα,
933 1238 1053 1314 βίου
1103 1237 1447 1310 εὐπορήσασα
1499 1233 1587 1288 καὶ
1633 1233 1734 1301 την
1781 1232 1927 1301 ξενο-

271 1328 446 1405 δόχον
480 1330 856 1402 ἀμειψαμένη,
890 1323 1299 1405 φιλανθρωπίας
1330 1320 1482 1398 ἔργον
1517 1321 1616 1376 οὐκ
1651 1320 1930 1390 ἐποίησεν,

247 1419 426 1496 tam
476 1417 665 1496 φιλίας
699 1437 713 1487 ;
749 1415 942 1485 11ολλή
994 1413 1051 1470 δὲ
1102 1412 1334 1492 διαφορᾶ
1383 1410 1576 1496 μεταξὺ
1619 1410 1803 1487 φιλίας
1842 1407 1931 1463 καὶ

260 1489 712 1584 Σφιλανθρωπίας,
765 1504 847 1558 ὅτι
879 1489 1250 1581 μὲν-φιλία
1273 1495 1607 1582 ,ἐξιᾷιμοινῦῇς
1638 1497 1862 1574 γίνεται,
1894 1497 1930 1565 ἡ

273 1595 332 1651 δὲ
375 1593 762 1674 φιλανθρωπία
811 1592 930 1647 ἄνευ
980 1596 1076 1646 τοῦ
1137 1594 1374 1670 φυσικῶς
1417 1583 1715 1648 ’πείθοντος
1764 1588 1936 1642 πάντα

275 1684 596 1757 ἄνθρωπον,
653 1683 784 1736 καθὸ
834 1679 1114 1753 ἅνθρωπός
1176 1679 1307 1747 ἐστι,
1369 1676 1601 1755 φιλοῦσα
1649 1675 1933 1750 εὐεργετεῖ.

277 1767 475 1844 suist
510 1773 601 1826 οὗν
635 1772 670 1841 ἡ
706 1770 973 1840 ἐλεήσασα
1003 1765 1290 1843 ξενοδὸχον
1339 1767 1428 1820 καὶ
1480 1765 1706 1841 ἐχθροὺς
1738 1761 1932 1833 ἀδική-

2034 611 2369 685 peregrinze,
2406 613 2595 681 nudae,
2631 612 2940 677 destituta},
2976 613 3347 686 multumque
3377 615 3686 672 calam“;-

2034 708 2121 756 tes
2151 718 2290 756 suas
2319 701 2683 755 lamentanti.
2735 701 2795 754 In
2827 701 3001 755 tantis
3052 720 3187 773 ergo
3227 704 3676 760 adversitatibus

2034 795 2361 845 versantem
2398 789 2528 860 quis
2560 788 2779 852 videns,
2811 789 2985 846 etiam
3018 808 3084 845 ex
3116 791 3332 863 impiis,
3361 811 3474 848 non
3509 796 3680 849 mise-

2038 885 2198 934 ratus
2234 878 2479 933 fuisset?
2503 879 2690 940 Quare
2723 895 3090 950 nequaquam
3118 881 3501 938 humanitatis
3533 901 3683 955 opus

2039 985 2141 1023 nec
2174 967 2387 1022 mulier
2418 967 2650 1038 hospita
2680 968 2910 1022 videtur
2933 969 3243 1040 peregisse,
3279 972 3377 1026 sed
3404 972 3474 1026 ad
3512 973 3682 1028 bene-

2041 1057 2368 1112 faciendum
2397 1061 2554 1111 mota
2581 1055 2758 1110 fuisse
2783 1056 3181 1113 misericordia
3201 1076 3269 1113 ex
3295 1060 3566 1130 plurimis
3591 1063 3694 1116 ad-

2038 1147 2220 1202 versis
2253 1153 2397 1201 orta.
2430 1147 2654 1210 Quanto
2687 1146 2874 1217 magis
2904 1164 3114 1217 parens
3154 1152 3274 1216 tua,
3309 1149 3686 1207 facultatibus

2039 1235 2350 1290 abundans
2370 1239 2425 1288 et
2442 1234 2734 1304 hospitam
2755 1241 3147 1301 remunerate,
3169 1252 3282 1290 non
3300 1237 3687 1295 humanitatis

2040 1340 2188 1394 opus
2219 1322 2423 1391 effecit,
2456 1338 2655 1376 verum
2690 1321 2990 1376 charitatis
3023 1339 3122 1377 seu
3154 1324 3420 1379 amicitiae
3448 1329 3470 1380 Ξ)
3498 1327 3682 1383 Multa

2041 1414 2197 1468 enim
2220 1411 2569 1466 interceditd
2582 1410 2862 1465 itferentia
2886 1412 3033 1466 inter
3047 1412 3386 1468 charitatem
3407 1422 3463 1468 et
3477 1415 3686 1471 huma-

2046 1502 2309 1565 nitatem,
2342 1501 2481 1570 quia
2512 1499 2764 1554 charitas
2815 1499 3051 1570 quidem
3100 1518 3168 1554 ex
3218 1503 3686 1559 remuneratione

2045 1596 2152 1648 est.
2169 1589 2506 1642 humanitas
2521 1606 2652 1642 vero
2667 1589 2886 1659 absque
2908 1589 3024 1642 ulla
3040 1590 3286 1644 naturali
3309 1593 3692 1662 prepensione

2047 1677 2342 1733 hominem
2377 1693 2632 1740 omnem,
2657 1677 2796 1747 quia
2821 1679 2991 1732 homo
3018 1684 3123 1743 est,
3155 1679 3344 1751 diligit
3375 1697 3440 1735 ac
3475 1682 3690 1736 benefi-

2047 1767 2152 1822 ciis
2183 1766 2383 1821 afficit.
2412 1765 2610 1836 Itaque
2638 1767 2683 1818 si
2707 1766 2936 1835 hospes,
2964 1783 3089 1836 quae
3116 1768 3349 1822 miserta
3372 1775 3479 1838 est,
3513 1772 3688 1824 etiam

279 1881 481 1921 σαντας
534 1859 760 1914 ἐλεοῦσα
806 1860 850 1894 ³⁸
899 1857 1167 1933 εὐεργετεῖ
1207 1860 1272 1928 ³⁸,
1325 1854 1706 1933 φιλάνθρωπος
1756 1853 1816 1906 ἂν
1868 1852 1934 1921 ἦν

309 1945 614 1959 .-......
777 1944 1124 1959 nu.-.
1253 1941 1386 1959 ια,
1522 1941 1862 1959 ,η

2056 1857 2245 1911 hostes
2276 1854 2428 1908 male
2454 1855 2523 1908 de
2554 1870 2620 1908 ea
2663 1855 2900 1909 meritos
2953 1855 3224 1910 miserata
3256 1858 3531 1912 beneficio
3564 1859 3691 1912 atti-

279 1950 326 2004 εἰ
361 1946 423 2003 δὲ
451 1951 497 1985 ³⁸
531 1945 620 2002 διά
646 1967 700 2001 τι
731 1944 865 2024 φίλη
897 1946 931 2014 ἢ
967 1945 1154 2022 ἐχθρὰ,
1180 1944 1269 1999 καὶ
1305 1941 1393 1999 διά
1421 1964 1471 1998 τι
1517 1943 1687 2018 ἐχθρᾶ
1711 1944 1744 2010 ἢ
1780 1941 1939 2018 φίλη,

281 2040 318 2107 ἡ
353 2039 404 2073 39
429 2035 654 2106 τοιαύτη
697 2039 796 2089 τοῦ
823 2035 972 2096 τινὸς
1020 2033 1196 2088 αἰτίου
1229 2032 1362 2110 φίλη
1405 2031 1546 2086 ἐστὶν
1587 2032 1621 2101 ἢ
1657 2030 1850 2107 ἐχθρὰ,
1881 2031 1941 2084 οὐ

283 2131 388 2181 τοῦ
419 2126 734 2200 ἀνθρώπου.

368 2321 562 2377 XXVI.
627 2320 790 2396 Κάγὼ
864 2318 1238 2395 ἀπεκρινάμην
1271 2336 1284 2348 '
1343 2317 1420 2374 Οὐ
1498 2314 1648 2371 δοκεῖ
1715 2337 1801 2370 σοι
1857 2311 1948 2369 οῦν

292 2406 688 2486 φιλάνθρωπος
736 2408 869 2462 εἶναι
917 2408 1016 2462 κᾶν
1064 2409 1098 2477 ἡ
1149 2403 1475 2482 ξενοδόχος,
1527 2405 1678 2476 ξένην
1727 2406 1789 2473 ἢν
1851 2403 1950 2458 οὐκ

291 2497 568 2567 ἠπίστατο
617 2496 1012 2572 εὐεργετήσασα
1057 2514 1072 2566 ;
1120 2496 1215 2552 Καὶ
1266 2495 1294 2549 6
1357 2494 1576 2570 Πέτρος⁶
1639 2491 1948 2566 Ἐλεήμονα

297 2587 397 2658 μὲν
458 2585 626 2653 αὐτὴν
683 2585 849 2640 εἰπεῖν
914 2584 1205 2657 ἐπίσταμαι
1239 2630 1254 2656 ,
1313 2581 1695 2662 φιλάνθρωπον
1774 2578 1830 2635 δὲ
1885 2580 1947 2636 οὐ

289 2672 494 2747 τολμῶ
524 2671 721 2750 λέγειν,
756 2673 847 2728 ἅτε
879 2671 946 2742 δή
997 2670 1119 2728 οὕτε
1160 2673 1259 2741 τὴν
1308 2676 1562 2727 τεκοῦσαν
1605 2671 1944 2750 φιλότεκνον’

293 2763 388 2817 ὑπ’
438 2759 645 2817 ὠδίνων
691 2762 793 2836 γὰρ
843 2761 932 2816 καὶ
991 2763 1296 2839 ἀνατροφῇς
1349 2761 1584 2837 στέργειν
1642 2761 1945 2816 πέπεισται.

289 2853 386 2913 Ὧς
424 2851 516 2906 καὶ
567 2853 598 2906 6
629 2850 938 2930 W36
982 2858 1082 2920 τῆς
1126 2849 1406 2921 συνηθείας
1456 2847 1806 2904 κολακεύεται
1859 2847 1948 2901 καὶ

533 2987 548 3011 ,
583 2940 674 2993 καὶ
717 2940 746 2993 6
795 2936 954 3016 φίλος
1011 2939 1113 2993 ὑπὸ
1160 2941 1260 3007 τῆς
1310 2933 1572 3010 ἀμοιϐῆς,
1628 2936 1770 2992 οὕτω
1801 2935 1890 2990 καὶ
1922 2937 1950 2990 6

292 3029 467 3085 ἐλεῶν
503 3029 609 3084 ὑπὸ
637 3035 738 3098 τῆς
784 3033 1086 3105 συμφορᾶς.
1139 3026 1289 3095 Πλὴν
1342 3026 1502 3101 ἐγγὺς
1533 3027 1561 3080 6
1591 3024 1841 3098 ἐλεήμων
1873 3029 1952 3097 τῷ

294 3117 699 3195 φιλανθρώπῳ,
748 3118 831 3172 ὅτι
884 3113 1006 3171 ἄνευ
1052 3120 1150 3170 τοῦ
1176 3137 1229 3169 τι
1279 3116 1544 3189 θηρᾶσθαι
1575 3111 1760 3170 λαϐεῖν
1796 3116 1951 3172 274

293 3208 561 3263 πείθεται.
598 3205 752 3275 Πλὴν
784 3202 936 3260 οὔπω
987 3202 1369 3282 φιλάνθρωπός
1415 3203 1577 3260 ἐστιν.
1598 3203 1758 3279 Κάγὼ
1790 3201 1944 3281 ἔφην·

293 2941 456 3009 εὐνῆς
484 2943 529 2977 ⁸ο

296 3298 420 3351 Ἐπί
471 3295 658 3358 ποίαις
701 3296 791 3350 οὗν
839 3265 1057 3370 πράξεσι
1111 3265 1494 3372 φιλάνθρωπος
1544 3265 1951 3354 εἶναίΙτιςιδύ-
1981 3265 2022 3330 C

294 3406 453 3440 ναται
515 3405 529 3455 ;
594 3384 696 3440 Καὶ
763 3386 791 3439 6
847 3383 1046 3458 Πέτρος
1099 3382 1459 3457 ἀπεκρίνατο·
1519 3381 1665 3436 Ἐπεὶ
1727 3383 1838 3456 ὁρῶ
1896 3402 1953 3436 σε

296 3472 644 3549 γλιχόμενον
685 3473 930 3540 ἀκοῦσαι,
984 3471 1036 3526 τί
1093 3471 1213 3526 ποτ’
1270 3469 1380 3525 ἐστι
1440 3474 1484 3508 ⁴¹
1544 3469 1952 3547 φιλανθρωπίας

295 3559 475 3636 ἔργον,
528 3559 630 3615 οὐκ
673 3559 890 3630 ὀκνήσω
942 3558 1138 3635 λέγειν.
1196 3557 1593 3635 Φιλάνθρωπός
1638 3557 1777 3612 ἐστιν
1807 3559 1835 3612 6
1861 3558 1950 3612 καὶ

295 3649 532 3726 ἐχθροὺς
585 3648 893 3726 εὐεργετῶν.
943 3651 1062 3703 Ὅτι
1112 3645 1169 3703 δὲ
1199 3647 1371 3709 οὕτως
1401 3646 1538 3722 ἔχει,
1574 3642 1818 3705 ἄκουσον.
1850 3653 1949 3700 Φι-

298 3739 624 3814 λανθρωπία
653 3737 792 3793 ἐστὶν
827 3735 1215 3814 ἆρῥενόθηλυς,
1246 3737 1315 3807 ἦς
1343 3737 1406 3791 τὸ
1434 3734 1574 3805 θῆλυ
1607 3734 1768 3811 μέρος
1799 3734 1952 3804 ἐλεη-

301 3826 510 3902 μοσύνη
549 3826 788 3902 λέγεται,
817 3827 881 3880 τὸ
930 3823 987 3880 δὲ
1034 3823 1191 3900 eam
1236 3824 1404 3893 αὐτῆς
1451 3823 1629 3902 ἀγάπη
1681 3823 1817 3899 πρὸς
1858 3824 1949 3878 τὸν

296 3901 540 3986 πλησίον
580 3901 912 3988 ὠνόμασται,
954 3913 1187 3984 πλησίον
1218 3911 1274 3969 δὲ
1305 3901 1594 3988 ἀνθρώπω..
1620 3910 1760 3968 ἐστὶν
1789 3915 1817 3967 6
1846 3918 1950 3975 πᾶς

297 4008 603 4082 ἄνθρωπος,
637 4004 746 4079 οὐχ
774 4003 804 4058 ὅ
832 4025 914 4066 τις
944 4007 989 4040 ⁴²
1021 4005 1321 4078 ανθρωπος,
1365 4001 1648 4079 ἄνθρωπος
1694 4004 1792 4079 γάρ
1841 4003 1950 4058 ἐστι

296 4095 390 4150 καὶ
423 4097 452 4150 6
478 4095 644 4156 κακὸς
677 4093 766 4148 καὶ
801 4095 828 4148 6
876 4092 1071 4169 ἀγαθὸς
1121 4093 1209 4147 καὶ
1260 4094 1288 4147 6
1338 4091 1534 4168 ἐχθρὸς
1586 4093 1676 4146 καὶ
1707 4095 1734 4146 6
1768 4091 1947 4169 φίλος.

298 4185 420 4260 Χρή
453 4184 546 4237 οὗν
594 4183 688 4236 τὸν
732 4181 1138 4260 φιλανθρωπίαν
1189 4180 1453 4235 ἀσκοῦντα
1513 4182 1759 4253 μιμητὴν
1818 4181 1948 4235 εἶναι

292 4277 396 4328 τοῦ
428 4277 585 4343 Θεοῦ,
619 4271 997 4348 εὐεργετοῦντα
1029 4267 1271 4330 δικαίους
1294 4269 1382 4323 καὶ
1412 4266 1653 4335 ἀδίκους,
1687 4270 1759 4331 ὡς
1791 4269 1948 4332 αὐτὸς

295 4365 327 4418 6
363 4361 682 4422 Θεὸς-πᾶσιν
711 4360 761 4415 έν
791 4358 870 4432 τῷ
918 4365 1008 4414 νῦν
1055 4359 1247 4431 κόσμῳ
1276 4358 1367 4412 τόν
1413 4379 1471 4412 τε
1513 4355 1673 4427 ἥλιον
1705 4359 1794 4413 καὶ
1824 4358 1952 4422 τοὺς

296 4450 488 4512 ὑετοὺς
540 4449 704 4504 αὐτοῦ
751 4451 1008 4524 παρέχων
1058 4451 1121 4504 ⁸³.
1159 4447 1218 4502 Ei.
1251 4445 1308 4501 δὲ
1351 4446 1526 4509 θέλεις
1573 4447 1804 4522 ἀγαθοὺς
1857 4448 1951 4520 μὲν

293 4539 625 4614 εὐεργετεῖν,
656 4537 854 4600 κακοὺς
895 4534 952 4591 δὲ
1001 4538 1217 4610 μηκέτι,
1252 4535 1286 4604 ἢ
1319 4536 1408 4590 καὶ
1457 4533 1731 4607 κολάζειν,
1761 4541 1948 4610 κριτοῦ

2054 1950 2228 2012 ceret,
2263 1944 2522 1998 humana
2552 1950 2740 1998 esset:
2778 1949 2867 1998 sin
2898 1961 3028 1999 vero
3068 1952 3301 2016 propter
3329 1947 3469 2016 quid
3504 1948 3693 2003 amica

2053 2040 2141 2090 est
2169 2033 2253 2088 vel
2289 2033 2524 2086 inimica
2557 2038 2612 2087 et
2637 2039 2869 2104 propter
2915 2034 3054 2104 quid
3100 2033 3338 2089 inimica
3367 2035 3452 2090 vel
3485 2037 3695 2102 amica,

2055 2125 2175 2178 haec
2205 2123 2455 2192 alicujus
2490 2123 2590 2188 rei,
2625 2140 2750 2192 quae
2784 2139 2961 2176 causa
2991 2123 3086 2189 sit,
3129 2124 3317 2178 amica
3347 2129 3437 2180 est
3468 2125 3557 2180 vel
3589 2125 3701 2180 ini-

2056 2213 2229 2279 mica,
2263 2228 2376 2265 non
2409 2216 2604 2266 autem
2639 2210 2914 2265 hominis.

2125 2318 2366 2374 XXXVI.
2403 2319 2471 2372 Et
2499 2334 2604 2390 ego
2656 2318 2966 2389 respondi:
3003 2335 3116 2372 non
3168 2336 3304 2391 ergo
3335 2321 3438 2374 tibi
3472 2321 3701 2377 videtur

2055 2424 2184 2464 esse
2215 2407 2475 2462 humana
2530 2405 2737 2461 saltem
2768 2406 2999 2478 hospes,
3053 2425 3178 2478 qua:
3223 2414 3281 2463 in
3329 2409 3697 2481 peregrinam

2056 2513 2233 2568 quam
2293 2512 2406 2550 non
2468 2501 2702 2550 noverat
2772 2495 3116 2549 beneficium
3193 2497 3490 2554 contulit?
3545 2499 3694 2554 Tum

2055 2585 2300 2640 Petrus:
2332 2584 2469 2638 Eam
2495 2583 2730 2654 quidem
2761 2583 3190 2639 misericordem
3218 2586 3510 2657 appellare
3542 2588 3704 2655 novi,

2056 2673 2364 2729 hominum
2397 2677 2588 2727 autem
2613 2677 2905 2726 amantem
2934 2690 3045 2726 non
3070 2674 3254 2729 audeo
3276 2676 3486 2742 dicere,
3524 2695 3710 2748 quan-

2057 2763 2370 2834 doquidem
2405 2778 2511 2816 nec
2535 2767 2779 2816 matrem
2805 2767 3094 2815 amantem
3123 2762 3462 2831 liberorum,
3486 2767 3704 2838 quippe

2058 2869 2184 2923 quae
2216 2869 2249 2905 a
2279 2857 2482 2922 partus
2511 2849 2813 2905 doloribus
2863 2862 2921 2905 et
2968 2851 3040 2904 ab
3093 2852 3435 2908 educatione
3466 2856 3537 2908 ad
3571 2855 3703 2909 dili-

2057 2941 2314 3012 gendum
2347 2938 2652 3011 compulsa
2709 2939 2804 2994 sit.
2869 2940 3013 2997 Nam
3073 2943 3224 2995 sicut
3284 2943 3383 3012 qui
3429 2943 3703 3014 cupidine

2058 3030 2479 3098 inﬂammatur,
2535 3045 2570 3083 a
2598 3030 3014 3083 consuetudine
3073 3029 3360 3084 mulcetur
3400 3037 3456 3087 et
3485 3049 3702 3088 concu-

2060 3119 2204 3184 bitu,
2230 3119 2331 3190 qui
2363 3135 2559 3173 amore
2590 3135 2689 3172 seu
2723 3117 2979 3171 amicitia
3013 3120 3402 3189 prosequitur,
3438 3138 3469 3175 a
3501 3138 3701 3177 remu-

2061 3210 2397 3264 neratione:
2460 3207 2539 3260 ita
2595 3211 2650 3262 et
2699 3206 2797 3276 qui
2856 3209 3185 3272 miseretur,
3262 3226 3295 3263 a
3352 3209 3704 3266 calamitate.

2061 3301 2329 3352 Attamen
2365 3295 2695 3350 misericors
2727 3294 2984 3350 humano
3025 3296 3251 3350 vicinus
3280 3303 3388 3366 est,
3423 3299 3702 3370 quoniam

2061 3387 2284 3456 absque
2317 3382 2578 3438 muneris
2609 3382 2787 3437 ullius
2817 3384 3144 3454 captatione
3187 3386 3256 3440 ad
3305 3389 3702 3458 praestandum

2061 3474 2405 3531 beneficium
2442 3474 2641 3527 fertur.
2665 3472 2932 3526 Nondum
2959 3477 3152 3527 tamen
3187 3474 3481 3530 humanus
3512 3483 3618 3533 est.
3640 3479 3706 3532 Et.

2061 3580 2166 3635 ego
2198 3563 2312 3617 dixi
2348 3579 2361 3616 :
2395 3561 2476 3616 Oh‘
2509 3578 2655 3631 quas
2699 3561 2877 3631 igitur
2925 3562 3183 3616 actiones
3234 3563 3528 3620 humanus
3570 3567 3703 3638 quis

2063 3669 2189 3708 esse
2223 3649 2456 3724 potest?
2487 3650 2806 3720 Respondit
2853 3654 3093 3706 Petrus:
3147 3651 3291 3714 Quia
3329 3654 3490 3708 video
3524 3660 3576 3709 te
3603 3672 3705 3710 cu-

2063 3742 2264 3812 pidum
2289 3738 2586 3802 audiendi,
2607 3739 2904 3810 quodnam
2927 3739 3003 3794 sit
3021 3739 3403 3796 humanitatis
3423 3742 3708 3808 ofﬁcium,

2069 3845 2182 3884 non
2218 3828 2437 3900 pigebit
2469 3827 2676 3881 dicere.
2739 3827 3044 3882 Humanus
3094 3834 3202 3897 est,
3252 3831 3349 3896 qui
3401 3831 3573 3884 etiam
3605 3831 3714 3884 ini-

2065 3917 2229 3972 micis
2261 3917 2406 3972 bene
2466 3915 2622 3970 facit.
2687 3916 2848 3980 Quod
2899 3921 3096 3971 autem
3151 3918 3229 3972 ita
3284 3918 3516 3980 habeat.
3550 3918 3711 3974 audi.

2062 4005 2406 4061 Humanitas
2434 4010 2522 4059 est
2555 4003 3058 4070 masculotemina,
3085 4007 3255 4074 cuius
3290 4007 3539 4064 feminea
3575 4026 3709 4080 pars
3797 4063 3800 4066 .

2061 4093 2460 4150 misericordia
2493 4093 2725 4156 dicitur,
2770 4094 2921 4163 quod
2957 4110 3090 4149 vero
3123 4095 3178 4148 in
3227 4094 3327 4149 illa
3357 4102 3445 4151 est
3477 4114 3714 4152 mascu-

2062 4183 2206 4254 lum,
2228 4182 2457 4236 dilectio
2479 4197 2616 4251 erga
2654 4182 2979 4252 proximum
3031 4183 3386 4250 nominatur,
3408 4187 3710 4256 proximus

2060 4278 2252 4328 autem
2291 4269 2508 4325 homini
2531 4275 2618 4324 est
2649 4271 2891 4340 quilibet
2923 4271 3118 4338 homo,
3145 4279 3202 4326 et
3223 4291 3336 4327 non
3362 4274 3454 4328 hic
3484 4275 3568 4330 vel
3596 4276 3704 4331 iste

2063 4363 2270 4427 homo;
2305 4359 2476 4413 homo
2499 4358 2652 4412 enim
2678 4364 2768 4412 est
2789 4358 2960 4413 etiam
2991 4360 3178 4416 malus
3200 4368 3256 4416 et
3281 4363 3489 4429 bonus,
3516 4363 3705 4419 hostis

2059 4449 2276 4522 pariter
2305 4464 2370 4501 ac
2402 4446 2645 4501 amicus.
2681 4447 2919 4518 Oportet
2948 4466 3082 4520 ergo
3116 4467 3249 4504 eum
3299 4451 3396 4521 qui
3432 4451 3704 4506 humani-

2059 4545 2233 4594 tatem
2267 4537 2422 4605 colit,
2455 4537 2812 4590 imitatorem
2837 4537 2934 4591 Dei
2968 4554 3117 4603 esse,
3152 4544 3208 4592 et
3230 4540 3298 4592 de
3323 4539 3506 4609 justis
3533 4545 3709 4611 atque

290 4629 363 4683 τὸ
393 4627 552 4704 ἔργον
585 4628 837 4702 πράττειν
871 4625 1169 4701 ἐπιχειρεῖς
1199 4628 1264 4695 “,
1298 4624 1360 4680 οὐ
1389 4626 1451 4680 τὸ
1497 4631 1598 4694 τῆς
1640 4623 1941 4703 φιλανθρω-

2064 4627 2301 4698 injustis
2332 4626 2477 4679 bene
2513 4625 2737 4690 mereri,
2761 4624 2912 4679 sicut
2935 4625 3059 4696 ipse
3080 4625 3232 4680 Deus
3259 4627 3484 4681 cunctis
3517 4628 3573 4681 in
3598 4628 3710 4684 hoc

293 4717 426 4778 πίας
457 4713 777 4785 σπουδάζεις
806 4711 974 4791 ἔχειν.

2065 4715 2284 4770 mundo
2308 4711 2488 4767 solem
2518 4712 2852 4782 imbresque
2875 4729 3013 4768 suos
3037 4715 3274 4785 prabet.
3301 4716 3457 4779 Quod
3493 4715 3542 4769 si
3565 4715 3708 4772 velis

293 4809 474 4884 bonis
533 4807 772 4878 quidem
829 4805 1187 4873 benefacere,
1219 4821 1334 4860 non
1394 4808 1589 4860 autem
1649 4803 1842 4872 malis,
1898 4805 1985 4861 vel
2043 4806 2150 4860 hos
2209 4802 2438 4875 punire,
2497 4801 2710 4872 iudicis
2768 4818 2984 4857 munus
3028 4801 3272 4874 implere
3327 4802 3554 4870 niteris,
3589 4820 3706 4860 non

293 4913 434 4952 vero
466 4896 682 4952 habere
705 4895 1132 4951 humanitatem
1162 4893 1412 4950 conaris.

371 5002 591 5059 XXVII.
623 4999 782 5076 Κάγὼ
832 4996 987 5078 ἔφην’
1038 4997 1181 5073 Ἀρά
1228 5019 1288 5075 γε
1334 4997 1424 5053 καὶ
1474 4999 1502 5054 6
1534 4999 1686 5067 Θεὸς,
1729 4997 1948 5074 μέλλων

296 5090 438 5147 ποτὶ
469 5091 513 5127 ⁸⁵
543 5087 765 5168 κρίνειν,
799 5088 874 5152 ὡς
923 5084 1190 5150 διδάσκεις
1237 5088 1386 5160 ἡμᾶς
1417 5090 1482 5161 ⁸⁸,
1532 5087 1595 5143 οὐ
1637 5087 1951 5167 φιλάνθρω-

2131 4999 2349 5056 XXVII.
2384 4999 2451 5054 Et
2478 5014 2582 5070 ego
2615 4997 2730 5052 dixi
2761 5016 2773 5054 :
2823 4999 3006 5071 Igitur
3051 4997 3224 5065 Deus,
3257 4997 3356 5069 qui
3389 4996 3707 5069 aliquando

2053 5091 2431 5164 judicaturus
2460 5092 2566 5156 est,
2600 5091 2666 5142 ut
2693 5103 2800 5142 nos
2848 5088 3041 5158 doces,
3091 5103 3207 5142 non
3237 5091 3328 5143 est
3358 5086 3660 5144 humanus
3685 5087 3714 5142 ?

1656 5235 1898 5290 VARI/E
1947 5232 2248 5290 LECTION
2256 5232 2358 5287 ES.

370 5352 418 5388 ⁸ο
448 5348 800 5436 {simia-:00,
835 5348 949 5436 qui?
969 5347 1219 5436 subinde
1263 5364 1377 5403 scr.
1429 5344 1733 5432 εὐεργέτης.
1785 5351 1934 5404 Tum
1984 5345 2300 5436 vacca-pain
2343 5345 2492 5436 gn“
2548 5345 2924 5436 petiovoyéyn:
2973 5348 3036 5402 Ο.
3086 5347 3133 5382 ³³
3178 5345 3316 5403 Voc.
3367 5344 3710 5424 ὀλοφυρομέ-

294 5443 421 5492 νης.
460 5423 542 5475 Ἐν
572 5416 870 5494 τοσαύταις
891 5417 982 5473 οὖν
1011 5418 1177 5488 αὐτῆς
1225 5416 1529 5494 συμφοραῖς
1563 5416 1702 5494 ἠοῄλ
1740 5428 1970 5494 exstant
1996 5421 2052 5475 in
2268 5416 2368 5494 βπ]
2402 5416 2480 5494 ¹Ο.
2535 5433 2582 5494 c_.
2633 5418 2689 5494 S.

295 5486 362 5555 (ἐξ
390 5493 760 5564 κεκινημένης
787 5495 850 5550 0.
885 5494 933 5527 ³³
959 5494 1057 5560 τήν
1095 5486 1461 5564 praetermisit
1498 5498 1532 5543 ὃ
1564 5507 1612 5545 c.
1647 5492 1729 5546 Cl.
1761 5494 1805 5526 3“
1837 5491 2042 5545 έλεῶσα
2074 5493 2131 5546 C.
2163 5492 2205 5524 ³⁷
2239 5487 2497 5564 εὐεργέῖει
2653 5490 2696 5522 ³⁸
2728 5488 2771 5540 εί
2806 5486 2860 5541 δέ
2911 5492 3074 5560 Epit,
3125 5490 3168 5544 εἰ

747 5563 836 5619 διά
862 5586 914 5620 τι
949 5567 1113 5635 Ερὶι.,

295 5566 454 5620 Tum
484 5562 621 5618 διότι
701 5609 712 5620 .

295 5638 438 5689 ποτέ
467 5633 607 5689 ἐστιν

295 5638 438 5689 ποτέ
467 5633 607 5689 ἐστιν

2744 5416 2844 5488 ὑπᾉό
2897 5425 2953 5472 tl.
2987 5421 3033 5453 3“
3066 5425 3146 5474 Ita
3180 5421 3313 5488 Epit.
3351 5416 3712 5488 κεκινημένου

3253 5492 3284 5559 ή
3331 5499 3412 5560 0.,
3467 5487 3502 5558 ἤ
3645 5495 3707 5546 o.

1148 5563 1324 5648 νφλορ
1368 5565 1816 5648 'priel'erendum'
1845 5566 1891 5598 ³9
1919 5565 1954 5631 ἡ
1989 5563 2282 5648 assumpsi
2317 5559 2390 5646 ex,
2415 5559 2476 5614 0.
2514 5560 2556 5592 ‘0
2591 5559 2649 5648 Ir!
2701 5561 2763 5615 0.
2816 5559 3128 5648 exuugitur
3175 5561 3224 5618 ἐν
3276 5570 3408 5618 ante
3459 5561 3635 5648 εὐνῆς·
3671 5563 3711 5597 *ί

690 5682 702 5693 .
737 5640 782 5673 ⁴²
815 5634 900 5708 δτι
931 5629 1005 5696 ειξ
1040 5629 1240 5708 μδτῖς
1272 5633 1333 5687 C.
1364 5629 1408 5708 Ψ
1438 5633 1724 5708 Nonnulli
1747 5629 2028 5708 Epitonies
2059 5629 2229 5708 codd.
2262 5629 2490 5708 παρέχει
2525 5637 2588 5708 ut
2625 5630 2946 5708 tegendum
2974 5629 3194 5691 wcenset.
3234 5642 3298 5692 υ.
3350 5635 3498 5690 Tum
3547 5631 3712 5700 Θέλης

296 5711 360 5764 C.
393 5708 443 5743 ⁴⁴
469 5706 770 5783 ἐπιχειρεῖς
797 5695 1052 5785 πράττειν
1080 5709 1140 5762 C.
1170 5706 1216 5741 ⁸³
1247 5708 1336 5761 Ita
1363 5705 1510 5777 Epit.
1541 5706 1632 5778 95,
1663 5695 2055 5782 τότεύιθιιιιιιθ
2087 5707 2256 5762 Ηοω.
2288 5695 2490 5759 (ιιῑὶίίΪω
2518 5703 2665 5771 ἡμᾶς
2692 5695 2810 5760 ὄω.
2835 5705 2901 5762 Ο.
