4140 6344
198 305 312 365 325

696 358 863 401 λαμ...

1222 292 1233 297 “
1299 302 1829 364 CLEMENTINA.
1864 336 1941 346 —
1985 302 2315 365 HOMlLlA
2361 306 2494 365 XII.

3486 313 3604 372 326

191 440 290 502 τῆς
320 438 421 487 τοῦ
451 437 581 489 Θεοῦ
610 433 862 507 προνοίας
892 428 1127 495 διελθεῖν
1164 434 1207 468 ⁵⁵
1238 431 1772 505 ᾤκονόμηται.Ἐπεὶ
1796 435 1839 469 ω

1972 453 2085 491 tum
2118 454 2149 490 a
2183 438 2412 508 prOpria
2443 438 2699 494 hominis
2735 439 2853 493 sint
2885 440 3199 507 voluntate,
3235 447 3298 496 ut
3337 444 3561 496 exoriar
3588 476 3602 483 -

192 544 367 595 κρισις
404 524 537 590 aii-.7,
570 525 700 594 Θεῷ,
734 522 918 596 ὥσπερ
965 520 1047 576 ἐπ’
1111 522 1320 596 ἀγῶνος
1376 522 1466 576 τὸν
1523 520 1609 577 δια
1666 524 1843 592 πάσης

192 612 491 687 κακουχίας
570 610 936 680 διεληλυθότα
1019 610 1110 664 καὶ
1196 610 1479 682 ἄμεμπτον
1539 612 1837 686 εὑρεθέντα,

194 700 389 754 ἐκεῖνον
445 708 587 770 ζωῆς
638 700 863 754 αἰωνίου
910 701 1308 770 καταξιοῦσθαι.
1344 701 1406 753 Οἱ
1457 703 1560 776 γὰρ
1612 700 1663 754 ἐν
1712 700 1845 774 ἀγα-

193 791 305 850 θοῖς
336 788 451 860 ῗδὲᾳ
484 789 659 864 βουλῇ
694 789 1068 865 προκόψαντες
1104 789 1207 842 ὑπὸ
1261 794 1368 843 τῶν
1424 786 1536 859 ἰδίᾳ
1587 789 1762 864 βουλῇ
1793 789 1843 842 ἐν

191 880 346 949 111?;
405 882 448 915 ⁵⁷
522 880 969 953 παραμεινάντων
1051 878 1415 952 πειράζονται,
1495 875 1843 950 διωκόμενοι,

197 968 535 1039 μισούμενοι,
598 965 1043 1042 λοιδορούμενοι,
1104 961 1607 1038 ἐπιϐουλευόμενοι,
1656 967 1847 1020 τυπτό-

196 1078 357 1128 μενοι,
408 1056 926 1129 πλεονεκτούμενοι,
974 1050 1403 1129 διαϐαλλόμενοι
1451 1058 1513 1127 ⁸⁸,
1555 1055 1845 1131 ἀγγαρευόο

194 1166 358 1217 μενοι,
393 1145 854 1221 ἐπηρεαζόμενοι,
886 1146 1059 1199 πάντα
1091 1144 1264 1199 ἐκεῖνα
1311 1144 1637 1219 πάσχοντες,
1672 1142 1739 1199 δι’
1770 1146 1843 1198 ὧν

190 1232 426 1307 ὠλόγως
483 1231 642 1288 δοκεῖ
686 1235 751 1288 τὸ
806 1233 1111 1309 ὀργίζεσθαι
1164 1233 1397 1309 γίνεσθαι
1458 1236 1501 1271 ⁸⁸
1565 1234 1654 1287 καὶ
1710 1234 1848 1308 πρὸς

190 1322 384 1393 ἄμυναν
414 1324 475 1395 ὄρ
488 1329 623 1396 μᾷν.

250 1414 396 1469 2ἷ7
432 1413 606 1469 XXX.
639 1412 702 1469 Ὁ
736 1408 793 1466 δὲ
852 1408 1181 1472 διδάσκαλος
1239 1408 1422 1476 εἰδὼς,
1457 1409 1537 1465 ὅτι
1572 1411 1624 1465 οἳ
1682 1414 1848 1465 ταῦτα

190 1498 378 1563 ἀδίκως
423 1505 717 1562 ποιοῦντες
785 1501 844 1555 ἐκ
884 1498 1164 1575 προτέρων
1227 1498 1630 1576 ἁμαρτημάτων
1685 1499 1845 1554 κατά-

189 1586 320 1644 autcf
380 1590 543 1661 εἰσιν,
598 1590 690 1644 καὶ
744 1589 826 1645 ὅτι
890 1586 979 1643 διὰ
1033 1586 1333 1643 καταδίκων
1394 1590 1455 1643 τὸ
1510 1596 1611 1657 τῆς
1660 1588 1849 1649 κακίας

188 1683 389 1750 πνεῦμα
417 1677 599 1733 ταῦτα
629 1678 860 1752 ἐνεργεῖ,
890 1677 1017 1737 τοὺς
1053 1678 1146 1749 μὲν
1178 1678 1670 1753 ἀνθρώπους,καθα
1698 1680 1743 1713 ⁸ο
1764 1679 1849 1730 ἄν·

189 1768 390 1839 θρωποί
450 1767 617 1834 εἰσιν,
667 1767 757 1821 καὶ
819 1764 888 1820 δι’
946 1766 1212 1841 ἁμαρτίας
1271 1762 1469 1841 ὄργανα
1526 1767 1848 1841 γινομένους

187 1856 392 1921 κακίας,
452 1854 631 1910 ὶλεεῖν
714 1850 1127 1909 συνεϐούλευσεν
1179 1857 1246 1922 ⁶¹,
1311 1855 1384 1916 ὡς
1442 1852 1848 1933 φιλανθρωπίαν

188 1944 454 2011 ἀσκοῦσιν,
487 1944 677 1999 καὶτὸ
729 1944 852 1997 ὅσον
896 1942 978 1997 ἐπ’
1029 1942 1212 2004 αὐτοῖς
1266 1942 1424 2009 ἐστιν,
1457 1938 1850 2015 ἀδικουμένϊως

183 2036 266 2086 καὶ
321 2031 593 2088 ἀπολύειν
650 2035 697 2068 ⁸³
726 2039 827 2101 τῆς
883 2030 1177 2099 καταδίκης
1236 2031 1363 2092 τοὺς
1393 2029 1733 2099 ἀδικοῦντας,
1761 2028 1855 2084 ’ίνα

186 2122 362 2196 ὥσπερ
425 2123 479 2176 oi.
537 2124 804 2198 νήφοντες
862 2126 978 2181 τοῖς
1029 2120 1284 2193 μεθύουσι
1322 2121 1611 2194 βοηθῶσιν,
1645 2119 1852 2194 εὐχαῖς,

184 2211 482 2280 νηστείαις,
541 2209 835 2285 εὐλογίαις,
886 2210 962 2281 μὴ
1018 2208 1417 2281 ἀνθιστάμενοι,
1455 2210 1529 2281 μὴ
1582 2208 1853 2281 ἀμυνόμε-

183 2321 281 2365 νοι,
306 2299 404 2354 ’ἱνα
440 2300 520 2370 μὴ
556 2298 643 2353 ἐπὶ
674 2300 735 2352 τὸ
795 2297 986 2352 πλεῖον
1048 2297 1243 2359 αὐτοὺς
1302 2299 1560 2372 ἁμαρτεῖν
1621 2297 1855 2370 ἀναγκά-

186 2410 375 2445 sum».
406 2392 520 2442 Τοῦ
582 2390 685 2464 γάρ
734 2392 923 2450 παθεῖν
985 2388 1199 2448 πάντως
1258 2387 1583 2460 κεκριμένου
1639 2386 1744 2439 τινὶ
1789 2388 1855 2454 ⁸³,

188 2478 286 2532 οὔκ
315 2476 556 2551 εὔλογον
583 2477 896 2552 ἀγανακτεῖν
948 2474 1163 2548 ἐκείνῳ,
1197 2472 1269 2529 δι’
1300 2476 1362 2529 οὗ
1414 2477 1476 2529 τὸ
1532 2477 1719 2529 παθεῖν
1772 2474 1855 2549 γί-

185 2588 356 2633 νεται,
420 2565 814 2642 λογισάμενον,
850 2565 955 2637 ὅτι,
990 2564 1035 2618 εί
1091 2565 1180 2619 καὶ
1234 2563 1435 2626 ἐκεῖνος
1480 2564 1579 2619 οὐκ
1636 2563 1857 2618 ἐκακού-

193 2677 364 2731 χῃσεν
414 2655 600 2709 αὐτὸν⁸
636 2652 725 2709 διὰ
766 2654 829 2708 τὸ
887 2654 1101 2714 πάντως
1159 2656 1571 2729 κακουχηθῆναι
1637 2650 1860 2725 μέλλειν

197 2743 285 2799 διὰ
310 2748 358 2781 ⁶⁴
388 2745 582 2818 ἑτέρου
609 2744 673 2798 τὸ
702 2745 887 2797 παθεῖν
919 2744 1009 2811 ἦν.
1039 2742 1099 2795 Τί
1154 2742 1244 2796 οὗν
1295 2743 1576 2818 ἀγανακτῶ
1624 2746 1701 2813 τῷ
1745 2739 1860 2796 δια-

197 2832 435 2905 θεμένῳ,
468 2831 611 2904 ἐμοῦ
667 2832 883 2893 πάντως
939 2833 1127 2885 παθεῖν
1180 2830 1540 2907 κεκριμένου;
1577 2829 1735 2885 Ἀλλ’
1782 2826 1861 2886 ἔτι

202 2924 333 2993 μὴν,
372 2922 422 2975 εἷ
451 2922 523 2975 τά
552 2919 686 2975 αύτά
712 2925 828 2981 τοῖς
875 2925 1062 2981 κακοῖς
1112 2920 1374 2997 προφάσει
1428 2920 1634 2993 ἀμύνης
1691 2924 1861 2973 ποιῶ-

203 3033 319 3083 μεν,
344 3011 501 3084 παρά
530 3011 593 3064 τὸ
622 3014 854 3082 πρῶτοι,
887 3007 1131 3084 δεύτεροι
1158 3010 1220 3063 τὸ
1252 3008 1382 3063 αὐτὸ
1424 3014 1544 3070 τοῖς
1602 3013 1787 3070 κακοῖς
1820 3011 1865 3045 ⁸⁸

198 3102 247 3154 οἱ
294 3099 493 3176 ἀγαθοὶ
548 3098 877 3172 πράσσομεν.
934 3099 1033 3155 Καὶ
1090 3098 1167 3159 ὡς
1218 3094 1376 3174 ἔφην,
1426 3097 1488 3151 οὐ
1542 3098 1653 3173 ’χρὴ
1709 3097 1864 3172 ἀγαν-

1955 530 2071 590 tur,
2106 526 2303 580 dixina
2336 526 2589 581 instituit
2622 528 3219 600 Providentia.ltaque
3252 531 3353 586 boc
3386 537 3471 587 est
3511 535 3519 585 ἰ
3556 538 3601 587 »Α

1946 614 2261 685 judicium,
2296 620 2359 669 ut
2388 616 2485 686 qui
2522 633 2621 686 per
2666 634 2897 672 omnem
2934 620 3314 686 vexationem,
3348 621 3503 675 velut
3542 622 3599 676 in

1955 720 2159 774 agone,
2193 704 2492 759 transierit
2542 711 2599 759 et
2630 706 2897 759 inventus
2933 706 3103 761 fuerit
3152 708 3504 779 inculpatus,
3550 711 3599 765 is

1955 792 2205 847 donetur
2252 794 2367 848 vita
2412 799 2643 848 aeterna.
2693 795 2837 849 Nam
2890 795 2988 865 qui
3041 796 3097 850 in
3150 797 3317 851 bonis
3366 800 3599 869 propria

1954 880 2248 936 volunlate
2301 887 2687 953 proiecerunt,
2720 884 2789 937 ab
2845 884 2913 937 iis
2946 886 3043 955 qui
3078 902 3184 939 sua
3216 904 3448 958 quoque
3496 905 3596 942 vo-

1954 967 2179 1023 luntate
2210 968 2266 1023 in
2304 970 2455 1025 mala
2486 971 2829 1025 tractatione
2863 978 3247 1041 perseverant,
3280 980 3603 1040 tentantur,

1957 1057 2345 1127 exagitantur,
2429 1058 2581 1121 odia,
2638 1060 2919 1123 convicia,
3000 1061 3265 1131 insidias,
3343 1063 3601 1134 verbera,

1958 1146 2213 1216 fraudes,
2248 1147 2593 1218 calumnias,
2627 1148 2742 1202 vim
2780 1150 3441 1219 patiuntur,afliciuntur
3470 1169 3604 1208 con-

1957 1235 2237 1301 tumeliis,
2290 1242 2613 1306 cunctaque
2646 1236 2745 1291 illa
2796 1239 3110 1309 perferunt,
3147 1256 3247 1311 per
3292 1258 3418 1312 ques
3441 1242 3607 1311 justa

1956 1323 2187 1380 videtur
2226 1341 2352 1379 esse
2384 1325 2471 1379 ira
2504 1331 2559 1380 et
2591 1325 2755 1380 ultio.

2028 1412 2192 1467 ΧΧΧ.
2228 1413 2503 1484 Magister
2536 1430 2667 1468 vero
2700 1415 3073 1487 sciens,quod
3109 1418 3205 1488 qui
3241 1418 3359 1473 bzec
3392 1420 3607 1489 injuste

1959 1499 2203 1568 faciunt,
2236 1518 2301 1555 ex
2350 1501 2641 1572 prioribus
2690 1504 2940 1574 peccatis
2990 1506 3067 1560 rei
3120 1512 3280 1569 sunt,
3330 1509 3605 1579 quodque

1958 1606 2060 1661 per
2088 1595 2286 1645 sontes
2334 1591 2573 1661 spiritus
2608 1592 2840 1646 malitiae
2882 1593 2994 1647 ista
3044 1594 3240 1661 efficit,
3277 1595 3602 1665 hominum,

1961 1684 2250 1749 quatenus
2282 1679 2549 1733 homines
2590 1686 2747 1743 sunt,
2778 1682 2884 1734 etsi
2920 1689 3154 1754 propter
3203 1690 3439 1754 peccata
3472 1686 3605 1740 facti

1962 1766 2175 1821 fuerint
2209 1766 2444 1822 malitia:
2500 1769 2912 1835 instrumenta,
2950 1771 3210 1825 misereri
3245 1775 3429 1828 suasit
3459 1775 3606 1844 suis,

1964 1862 2241 1925 tanquam
2279 1856 2688 1911 misericordiae
2721 1856 3065 1925 cultoribus,
3090 1870 3288 1931 utque,
3324 1869 3610 1933 quantum

1965 1945 2021 1999 in
2055 1960 2115 1999 se
2147 1950 2253 2011 est,
2290 1946 2506 2015 injuria
2538 1946 2722 2000 allecti
2759 1948 3033 2016 injuriam
3071 1950 3346 2005 facientes
3378 1969 3409 2005 a
3440 1953 3607 2006 dam-

1966 2035 2198 2088 natione
2231 2034 2570 2099 absolvant;
2607 2051 2717 2105 quo
2750 2036 2903 2090 velut
2939 2038 3114 2091 sobrii
3149 2039 3325 2094 ebriis
3372 2057 3610 2095 succur-

1966 2129 2115 2189 rant,
2150 2140 2251 2193 per
2280 2124 2849 2193 orationes,jejunia,
2886 2126 3339 2197 benedictiones,
3374 2147 3486 2183 non
3522 2147 3608 2185 re-

1965 2212 2245 2277 sistendo,
2282 2229 2394 2266 non
2427 2212 2796 2275 vindicando,
2831 2231 2933 2269 nec
2964 2234 3062 2270 eos
3093 2223 3301 2287 cogant
3354 2218 3609 2289 amplius

1967 2317 2223 2371 peccare.
2257 2306 2398 2354 Cum
2432 2301 2584 2355 enim
2639 2302 2851 2374 aliquis
2884 2305 3123 2358 omnino
3157 2307 3223 2359 ad
3273 2306 3611 2377 patiendum

1966 2390 2391 2444 condemnatus
2450 2394 2565 2456 est,
2627 2408 2739 2445 non
2799 2396 2887 2445 est
2947 2410 3178 2463 equum
3238 2400 3302 2448 ut
3350 2395 3433 2449 illi
3496 2398 3607 2450 ira-

1968 2485 2166 2533 scatur
2219 2495 2319 2549 per
2347 2495 2519 2549 quem
2577 2481 2811 2549 patitur,
2847 2497 3046 2536 secum
3099 2489 3394 2554 reputans,
3432 2486 3609 2557 quod,

1970 2567 2076 2621 etsi
2139 2566 2232 2621 ille
2291 2584 2405 2621 non
2464 2567 2768 2622 alﬂixisset
2826 2584 2980 2629 eum.
3042 2575 3233 2626 tamen
3296 2575 3431 2644 quia
3489 2592 3612 2629 om-

1972 2656 2108 2711 nino
2142 2656 2321 2726 al'lligi
2355 2657 2543 2721 debet,
2580 2674 2679 2727 per
2710 2656 2889 2711 alium
2945 2661 3059 2729 pati
3095 2662 3200 2714 sibi
3232 2662 3611 2733 contingeret.

1970 2750 2082 2799 Cur
2112 2762 2248 2815 ergo
2282 2746 2555 2817 indignor
2586 2748 2865 2801 adversus
2898 2751 3321 2820 auctoretn,qui
3358 2750 3526 2821 plane
3544 2754 3615 2807 ad

1973 2832 2408 2903 perpessionem
2441 2849 2571 2887 sum
2605 2833 2974 2888 destinatus?
2996 2836 3102 2889 Sed
3136 2842 3192 2890 et
3222 2836 3483 2901 adhuc,si
3517 2856 3613 2894 ea-

1972 2923 2103 2976 dem
2128 2939 2259 2976 cum
2292 2922 2572 2992 improbis
2592 2927 2867 2992 praetextu
2890 2924 3126 2979 ultionis
3159 2926 3612 2999 l'aciamus,praa-

1972 3015 2236 3081 terquam
2270 3011 2420 3081 quod
2460 3010 2628 3080 primi
2663 3028 2776 3065 non
2810 3029 3037 3079 sumus,
3074 3015 3312 3069 secundi
3346 3017 3498 3070 idem
3532 3017 3615 3072 la-

1974 3100 2163 3153 cimus
2196 3116 2262 3153 ac
2296 3098 2454 3165 mali,
2490 3116 2595 3153 nos
2627 3099 2725 3169 qui
2761 3101 2893 3154 boni
2926 3102 3197 3155 dicimur.
3234 3105 3301 3157 Et
3335 3107 3616 3174 quemad-

196 3196 401 3260 ακτεῖν,
434 3189 511 3249 ὡς
545 3185 724 3242 εἰδότα
754 3190 798 3224 ⁸⁸
837 3186 919 3241 ὅτι
971 3185 1105 3241 θεοῦ
1151 3186 1382 3262 προνοίᾳ
1430 3186 1480 3239 oi.
1530 3184 1686 3239 κακοὶ
1735 3186 1857 3247 τοὺς

1979 3188 2217 3242 modum
2251 3188 2500 3254 aiebam,
2536 3189 2825 3259 indignari
2860 3206 2974 3243 non
3024 3196 3267 3261 oportet,
3303 3208 3434 3246 cum
3466 3194 3619 3249 scias

196 3279 440 3352 ἀγαθοὺς
490 3281 849 3351 τιμωροῦσιν.
883 3276 951 3332 Οἱ
995 3275 1086 3329 οὗν
1132 3280 1249 3336 τοῖς
1297 3278 1339 3311 ⁸⁷
1388 3279 1725 3347 τιμωροῦσιν
1778 3294 1869 3349 χα-

198 3367 583 3433 λεπαίνοντες,
644 3365 718 3426 ὡς
774 3363 901 3425 τοὺς
942 3362 1285 3425 ἀποστόλους
1348 3368 1482 3418 Θεοῦ
1540 3358 1868 3438 ὑϐρίζοντες,

200 3455 634 3529 ἁμαρτάνουσιν·
666 3458 932 3525 τιμῶντες
964 3450 1023 3507 δὲ
1051 3453 1139 3507 καὶ
1168 3453 1236 3507 τὰ
1268 3450 1479 3507 ἐναντία
1507 3458 1623 3514 τοῖς
1669 3448 1872 3506 ἀδικεῖν

198 3544 604 3617 νομιζομένοις
638 3542 790 3599 278
825 3539 1185 3614 διατιθέμενοι
1216 3539 1431 3613 αὐτοὺς,
1466 3540 1540 3603 εἷς
1598 3540 1687 3594 τὸν
1740 3540 1868 3595 Θεὸν

199 3635 300 3689 τὸν
336 3632 488 3686 οὕτω
524 3629 951 3707 βουλευσάμενον
987 3625 1317 3688 εὐσεϐοῦσιν.

272 3810 471 3867 XXXI.
508 3807 669 3882 Κάγὼ
721 3807 859 3883 πρὸς
918 3810 1084 3861 ταῦτα
1130 3805 1526 3883 ἀπεκρινάμην*
1578 3804 1785 3863 Οὐκοῦν
1819 3806 1871 3860 οἳ

202 3896 527 3958 ἀδικοῦντες
562 3896 659 3951 ούκ
689 3895 821 3950 εἰσὶν
866 3893 1052 3968 αἴτιοι,
1085 3894 1166 3949 ὅτι
1218 3894 1390 3968 κρίσει
1438 3899 1570 3949 Θεοῦ
1628 3893 1870 3949 ἀδικοῦσι

200 3988 335 4049 τοὺς
394 3984 655 4046 δικαίους.
704 3984 803 4038 Καὶ
852 3985 879 4038 ὁ
931 3986 1136 4061 Πέτρος
1192 3982 1315 4060 ἔφη·
1370 3984 1467 4037 Καὶ
1516 3983 1653 4037 πάνυ
1702 3985 1872 4060 ἀμαρ-

199 4080 477 4146 τάνουσιν,
510 4076 645 4149 πρὸς
674 4075 776 4149 γὰρ
806 4074 869 4128 τὸ
929 4072 1252 4145 ἁμαρτάνειν
1314 4072 1537 4133 ἑαυτοὺς
1594 4070 1870 4127 ἀποδεδω-

202 4167 391 4227 κότες.
423 4168 579 4227 ’Ὀθεν
628 4161 787 4224 εἰδὼς
848 4164 935 4216 ἀπ’
983 4161 1157 4216 αὐτῶν
1188 4164 1231 4199 ⁵⁸
1287 4159 1560 4237 ἐκλέγεται
1608 4166 1871 4235 τιμωρεῖν

200 4256 334 4317 τοῦς
370 4254 459 4308 ἐπὶ
486 4259 600 4314 τοῖς
641 4253 929 4326 προτέροις
989 4253 1348 4323 ἁμαρτήμασι
1410 4250 1874 4323 μεταμεληθέντας

207 4343 460 4413 δικαίως,
484 4340 574 4396 ’ἱνα
622 4347 737 4403 τοῖς
787 4341 881 4413 μὲν
935 4337 1166 4401 δικαίοις
1220 4337 1310 4394 διὰ
1361 4346 1460 4408 τῆς
1493 4339 1750 4409 τοιαύτης
1798 4361 1876 4394 τι-

212 4434 431 4509 μωρίας
491 4432 558 4485 τὰ
611 4432 717 4505 πρὸ
774 4432 873 4498 τῆς
955 4428 1237 4503 μετανοίας
1310 4427 1619 4503 πραχθέντα
1703 4430 1872 4505 ἀφεθῇ

1980 3294 2013 3330 a
2045 3276 2213 3330 malis
2243 3276 2427 3330 bonos
2460 3293 2561 3347 per
2591 3276 2690 3330 Dei
2726 3278 3144 3347 providentiam
3188 3280 3480 3350 castigari.
3513 3281 3621 3345 Qui

1978 3381 2114 3437 ergo
2144 3364 2360 3419 ultores
2390 3380 2539 3435 aegre
2572 3365 2781 3429 lerunt,
2814 3369 3092 3436 tanquam
3136 3367 3234 3437 qui
3268 3386 3301 3421 a
3332 3373 3444 3423 Deo
3478 3370 3617 3425 mis-

1979 3471 2075 3509 sos
2106 3452 2459 3507 contumelia
2502 3452 2777 3522 afﬁciant,
2825 3454 3212 3524 delinquunt;
3246 3457 3344 3527 qui
3394 3474 3525 3513 vero
3560 3460 3617 3514 in

1980 3540 2162 3613 pretio
2195 3540 2432 3607 habent,
2483 3544 2539 3593 et
2568 3541 2858 3595 contrarie
2895 3543 3153 3597 sentiunt
3183 3559 3320 3615 erga
3369 3562 3486 3614 eos,
3520 3546 3623 3617 qui

1980 3632 2125 3703 ipsis
2174 3628 2450 3700 injuriam
2484 3628 2696 3684 inferre
2744 3633 3045 3701 putantur,
3076 3631 3133 3687 in
3184 3632 3365 3687 Deum
3399 3634 3499 3705 qui
3544 3635 3625 3689 ita

1981 3718 2181 3775 statuit
2214 3719 2289 3789 pii
2324 3722 2481 3773 sunt.

2051 3807 2319 3862 XXXI.Et
2348 3824 2452 3878 ego
2480 3807 2550 3861 ad
2583 3807 2699 3861 haec
2732 3807 2849 3862 dixi
2883 3826 2895 3863 :
2932 3809 3132 3879 Itaque
3161 3810 3261 3880 qui
3296 3810 3515 3865 faciunt
3535 3810 3624 3866 in-

1974 3899 2215 3968 juriam.
2251 3897 2325 3950 rei
2361 3913 2475 3951 non
2505 3902 2663 3961 sunt,
2697 3898 2978 3967 quoniam
3015 3898 3108 3953 Dei
3135 3899 3358 3969 judicio
3410 3899 3629 3969 injuria

1974 3990 2169 4057 justos
2208 3986 2488 4039 alliciunt.
2526 3985 2843 4055 ReSpondit
2876 3991 3117 4041 Petrus:
3154 3987 3332 4042 Valde
3364 3994 3625 4060 peccant,

1982 4076 2195 4146 quippe
2245 4073 2337 4144 qui
2375 4089 2435 4127 se
2467 4074 2535 4127 ad
2573 4076 2929 4145 peccandum
2975 4076 3208 4131 dedant.
3244 4076 3404 4132 Unde
3435 4078 3625 4135 sciens

1983 4165 2135 4219 Deus
2166 4179 2233 4215 ex
2270 4161 2706 4233 iisillospunire
2726 4162 3143 4234 deligit,quide
3177 4167 3467 4235 prioribus
3490 4184 3620 4238 pec-

1985 4252 2127 4307 catis
2151 4252 2311 4321 juste
2343 4257 2525 4322 agunt
2557 4250 3048 4321 pmnitentiam,ut
3072 4255 3251 4323 justis
3273 4256 3505 4325 quidem
3529 4273 3631 4329 per

1985 4341 2091 4395 has
2124 4356 2324 4410 pcenas
2363 4339 2737 4393 dimittantur
2769 4357 2897 4411 quae
2928 4346 3059 4396 aute
3116 4344 3513 4413 paenitentiam
3548 4345 3627 4400 fe-

1986 4433 2191 4484 cerunt
2240 4427 2410 4481 mala.
2445 4428 2647 4498 Impiis
2698 4445 2831 4483 vero
2863 4429 2961 4499 qui
3006 4431 3295 4501 castigant
3325 4438 3381 4487 et
3427 4449 3632 4488 vexare

207 4524 372 4579 κακά.
410 4526 537 4581 Τοῖς
591 4517 647 4574 δὲ
698 4523 1034 4594 τιμωροῦσιν
1089 4512 1298 4573 ἀσεϐέσι
1348 4522 1640 4592 κακουχεῖν
1697 4516 1857 4581 ἐπιθυ¹

1986 4519 2250 4590 cupiunt,
2306 4533 2410 4571 nec
2462 4517 2858 4587 paenitentiam
2920 4517 3122 4573 volunt
3171 4536 3362 4590 agere,
3413 4521 3482 4575 ad
3516 4520 3631 4575 im-

213 4616 379 4685 μοῦσι
430 4610 520 4663 καὶ
579 4614 853 4680 μετανοεῖν
913 4609 986 4681 μὴ
1054 4605 1299 4662 θέλουσιν
1353 4606 1427 4668 εἰς
1487 4606 1874 4681 ἀναπλήρωσιν

210 4700 363 4761 ἰδίας
424 4702 471 4735 ⁸⁸
514 4696 793 4758 κολάσεως
850 4694 1089 4759 δικαίους
1146 4701 1436 4770 κακουχεῖν
1487 4696 1869 4770 συνεχωρήθηο

1986 4606 2191 4678 plenda
2222 4604 2432 4660 delicta
2464 4604 2825 4675 permittitur
2848 4606 3044 4675 justos
3075 4608 3361 4677 castigare
3399 4612 3455 4662 et
3484 4608 3630 4662 afﬂi-

1983 4711 2134 4767 gere.
2152 4693 2296 4749 Nam
2331 4695 2553 4764 absque
2586 4693 2679 4748 Dei
2709 4692 3005 4751 voluntate
3029 4711 3215 4765 neque
3239 4712 3440 4766 passer
3462 4695 3521 4750 in
3543 4694 3628 4752 la-

1571 4920 1817 4977 VARLE
1855 4917 2265 4975 LECTIONES.

287 5060 670 5134 “upoelﬂe'w,
729 5062 898 5146 quod,
932 5062 1384 5146 praeferendum,
1430 5061 1572 5146 ‘cog.
1601 5061 1805 5146 “Joan.
1872 5058 2249 5146 Damasceni',
2309 5053 2377 5143 δι’
2422 5052 2653 5146 agt-35“
2684 5053 3077 5146 ἐλθεῖνηοονοῇἶ
3159 5056 3517 5146 ΝΘΒΡάΕΓΗῘ.
3577 5075 3630 5115 o.

213 5137 261 5171 ⁸⁸
294 5136 381 5191 Ita
406 5126 779 5190 'Ottobon'ian'i
811 5132 898 5187 ἐπί
929 5126 1298 5205 interpretor,
1331 5126 1444 5186 ἐπεὶ
1478 5132 1568 5185 οὗν
1599 5132 1659 5203 C,
1694 5130 1807 5184 ἐπεὶ
1840 5129 1930 5184 οὖν
1968 5133 2031 5186 D.
2063 5130 2278 5185 Deinde
2310 5126 2443 5194 αύτή
2472 5131 2586 5196 Θεῷ
2616 5128 2674 5189 C,
2712 5127 2840 5206 αὸττ
2875 5126 3006 5180 Θεοῦ

214 5208 461 5273 habent,
495 5206 591 5261 Dei
626 5206 1061 5275 hocjudicium)
1098 5213 1157 5259 υ.
1236 5206 1277 5239 ⁸⁷
1305 5205 1389 5260 Ita
1417 5210 1461 5259 Ο
1487 5222 1537 5258 c.
1571 5206 1697 5259 Cod.
1733 5205 1875 5275 Reg;
1903 5206 2025 5275 804‘.
2063 5198 2331 5275 κακουχίᾳ
2498 5168 3001 5275 δεδιαᾷαλλόμενοι

1357 5223 1389 5259 ἃ
1417 5221 1461 5259 U
1487 5222 1537 5258 0.
1571 5221 1697 5259 Ουα.
1734 5221 1868 5259 ηερ.
1903 5221 2025 5257 UU-il.
2063 5221 2331 5259 κακουγια
2360 5221 2419 5254 La.

214 5208 461 5273 habent,
495 5206 591 5261 Dei
626 5206 1061 5276 hocjudicium)
1098 5213 1157 5259 1).

3056 5129 3214 5201 (cum
3274 5129 3393 5184 haec
3442 5130 3521 5201 ita
3556 5147 3632 5201 se

2498 5168 2553 5180 ..η
2618 5168 2674 5189 υ,
2715 5168 2826 5180 η-..
2876 5168 3006 5180 νει-
3079 5168 3210 5183 νυ...
3275 5168 3393 5184 μων
3446 5168 3521 5185 ιιι.
3570 5168 3632 5187 ου

2498 5200 2540 5233 ⁵⁸
2560 5168 3021 5271 Υδιαϐαλλόμενοι,
3056 5168 3395 5271 μισούμενον
3454 5198 3635 5254 λοιδο-

217 5260 1017 5349 ρούμενόιίύιῐὶώίεϋάυεὸυε
1045 5260 1293 5349 [vocibus
1324 5276 1715 5349 expunctisp.
1753 5260 2175 5349 διαϐαλλόμενοι
2209 5260 2273 5326 0:
2312 5260 2393 5349 ’,⁵9
2426 5265 2601 5349 δοκεῖν
2633 5269 2695 5349 τό
2729 5260 3069 5349 ὀργίζεσθαί
3091 5260 3461 5349 γίνεται-σοάᾲ
3490 5274 3627 5349 Reg.

214 5346 341 5404 805‘.
376 5349 525 5404 Turn
558 5368 757 5419 αμυνον
784 5356 847 5419 0.
924 5350 969 5383 ⁶⁰
997 5346 1129 5401 καθό
1162 5347 1225 5403 Ο.

1302 5349 1343 5383 ⁶¹
1398 5344 1491 5399 συν
1501 5344 1814 5400 εοούλευσεν
1875 5350 1929 5399 C.

2010 5338 2055 5378 δέ
2088 5338 2463 5412 ἀδικουμένοις
2524 5338 2963 5413 ἀπο).ύειν’ροά.
3022 5338 3159 5413 Reg.
3219 5344 3343 5397 804.
3419 5345 3463 5378 ⁵³
3490 5338 3633 5405 τινός

215 5424 347 5477 cod.
384 5422 519 5493 Reg.
552 5412 675 5476 804.
751 5420 797 5455 δι
828 5416 895 5472 δι’
925 5420 984 5475 C.
1060 5421 1104 5454 ⁸⁵
1135 5419 1279 5496 Vb_b.
1340 5417 1605 5492 προφάσει
1637 5422 1847 5496 ῖ-,τοῖς
1908 5420 2095 5496 κακοῖς
2128 5433 2279 5496 pun.
2310 5419 2449 5467 sunt
2482 5412 2546 5496 in
2563 5412 2633 5492 _O.
2660 5413 2749 5496 ‘Ex
2779 5415 2897 5466 Cot.
2933 5412 3206 5496 versione
3228 5415 3428 5485 liquet,
3463 5416 3630 5496 illum

216 5483 660 5548 rescribendum
700 5492 975 5563 statuisse
1005 5490 1149 5563 παρά
1175 5489 1238 5543 τὸ
1274 5490 1347 5561 μή
1382 5483 1614 5563 πρῶτοι,
1644 5485 2042 5563 δεύτεροιλὲθό
2066 5483 2729 5563 adjectione‘pnarticulte
2758 5483 3392 5563 negantisbaudppus
3421 5494 3529 5563 est.
3568 5496 3627 5563 ρ.

216 5566 372 5621 Τυω
406 5563 715 5637 πράσσομεν
740 5569 796 5629 8,
829 5562 894 5633 Ο,
926 5558 1249 5635 πράσσωμεν
1276 5558 1341 5627 Ὀ,
1372 5558 1701 5692 πὲάσσοντες
1733 5558 1860 5615 οοᾶ.
1891 5559 2029 5630 Reg.
2062 5558 2184 5611 804.
2265 5558 2308 5590 ⁸⁵
2359 5558 2569 5646 εέδρτας
2629 5571 2647 5609 c

216 5639 336 5697 τοῖς
368 5651 488 5692 om.
520 5638 585 5692 Ο.
658 5635 701 5671 ⁸³
724 5634 972 5689 ἁπάντων
999 5651 1056 5701 p.
1090 5632 1177 5687 ἀπ’
1206 5631 1381 5688 αὐτῶν
1458 5674 1471 5689 .
1550 5633 1594 5669 99
1626 5627 1765 5693 ἰδίας
1795 5630 1921 5688 00d.
1955 5631 2089 5701 Reg.
2122 5628 2248 5695 804,
2281 5646 2340 5680 τε
2370 5636 2459 5679 δια
2490 5628 2553 5693 (υ,
2581 5628 2647 5681 Ο.

212 5639 336 5697 τοῖς
368 5631 488 5692 oni.
520 5638 585 5692 Ο.
625 5631 701 5671 ’⁸³
724 5631 979 5689 ἁπάντων
998 5651 1056 5707 p.
1090 5631 1177 5687 ἀπ’
1206 5631 1381 5688 αὐτῶν

2265 5557 2308 5590 ⁶⁶
2359 5550 2569 5627 εἰδότας
2629 5555 2755 5609 cod.
2812 5550 2947 5627 Heg.
2998 5556 3122 5610 804.
3199 5558 3241 5592 ⁸⁷
3275 5550 3420 5613 Vbb.
3460 5559 3509 5612 οἱ
3542 5555 3631 5611 οὖν
