4140 6344
466 346 583 405 327

1292 344 1357 402 S.
1406 341 1847 402 CLEMENTlS
1895 343 1915 401 Ι
1964 341 2152 401 ROM.
2199 340 2431 401 PONT.
2479 341 2737 401 OPERA
2782 342 3041 403 DUBIA.

3750 346 3870 405 328

466 492 684 547 queum
719 474 972 529 incidere
997 476 1205 544 potest.
1240 473 1334 528 Sic
1356 474 1654 543 justorum
1704 472 1876 527 etiam
1914 470 2105 543 capilli

2222 465 2344 523 ἄνευ
2384 469 2487 544 γὰρ
2517 476 2616 538 τῆς
2644 473 2741 523 τοῦ
2772 474 2905 523 Θεοῦ
2941 469 3149 544 βουλῆς
3196 468 3319 525 οὐδὲ
3366 472 3622 547 στρουθὸς
3673 473 3723 528 ἐν
3764 495 3868 528 πα-

468 569 582 620 Deo
616 564 906 619 numerati
938 569 1091 617 sunt.

540 742 756 797 XXXII.
793 740 892 796 Ille
923 746 1114 795 autem
1141 740 1343 811 justus
1376 739 1596 809 est,qui
1632 744 1865 811 propter
1895 743 2111 794 rectam

471 833 756 887 rationem
792 834 1013 902 pugnat
1044 846 1174 883 cum
1208 834 1434 883 natura.
1468 829 1638 883 Verbi
1673 827 2111 900 gratia,cunctis

469 939 500 975 a
534 928 744 975 natura
778 920 1018 973 insitum
1052 917 1473 989 est,diligentes
1508 916 1747 988 diligere
1772 917 2112 986 :justusco-

465 1016 637 1064 natur
670 1009 844 1063 etiam
881 1007 1122 1079 diligere
1152 1006 1422 1060 inimicos
1440 1010 1497 1060 et
1522 1005 1981 1060 conviciantibus
2013 1005 2108 1058 be-

466 1099 755 1168 nedicere,
790 1115 853 1151 ac
886 1102 1160 1167 praterea
1191 1111 1353 1149 orare
1386 1111 1487 1165 pro
1519 1094 1808 1157 hostibus,
1832 1093 2103 1163 injuriam

455 1188 774 1242 inferentes
808 1185 1091 1240 miserari.
1118 1183 1396 1249 Quocirca
1421 1200 1481 1237 se
1514 1182 1765 1253 priorem
1792 1183 2009 1253 injuria
2030 1181 2111 1235 af-

452 1277 545 1331 ﬁci
580 1277 816 1348 patitur,
850 1275 987 1329 item
1023 1272 1515 1328 maledicentibus
1547 1270 1855 1338 benedicit,
1906 1271 2106 1325 verbe-

451 1366 720 1421 rantibus
768 1365 1074 1428 condonat,
1106 1362 1255 1416 cedit
1294 1362 1799 1432 persequentibus,
1851 1360 2106 1424 salutat,

449 1472 549 1509 eos
582 1454 679 1525 qui
736 1470 848 1508 non
881 1451 1159 1519 salutant,
1194 1467 1328 1505 cum
1380 1467 1495 1504 non
1546 1449 1900 1504 habentibus
1946 1466 2103 1505 com-

454 1543 718 1598 municat
771 1559 897 1613 quae
928 1540 1122 1609 habet,
1174 1538 1523 1594 irascentem
1564 1538 1766 1604 ﬂectit,
1798 1538 2101 1593 inimicum

454 1631 748 1695 conciliat,
785 1634 1185 1684 contumacem
1220 1627 1507 1691 hortatur,
1543 1625 1907 1681 incredulum
1942 1626 2105 1681 insti-

456 1723 591 1786 tuit,
628 1721 919 1791 lugentem
954 1717 1307 1777 consolatur,
1341 1716 1666 1786 exagitatus
1709 1716 1979 1783 sustinet,
2014 1715 2100 1770 in-

455 1817 621 1883 grate
650 1814 922 1879 acceptus
972 1823 1084 1861 non
1117 1805 1350 1875 indigne
1386 1806 1514 1869 fert,
1556 1820 1881 1875 propensus
1910 1807 1997 1858 est
2030 1804 2098 1857 ad
2136 1839 2180 1903 B

455 1899 817 1970 diligendum
879 1894 1206 1966 proximum
1256 1898 1535 1964 tanquam
1572 1909 1652 1959 se,
1702 1898 2098 1963 paupertatem

455 2005 565 2042 non
603 1986 788 2051 timet,
822 1999 1019 2037 verum
1060 1999 1166 2037 sua
1200 1998 1312 2035 non
1347 1981 1697 2035 habentibus
1745 1981 2009 2035 dividens
2039 1981 2105 2035 ﬁt

460 2092 697 2148 pauper.
755 2074 863 2128 Sed
898 2089 1001 2127 nec
1056 2074 1388 2142 peccantem
1438 2068 1757 2124 ulciscitur.
1791 2069 1896 2132 Qui
1946 2070 2102 2124 enim

460 2165 791 2235 proximum
846 2160 1001 2216 velut
1029 2176 1089 2214 se
1140 2158 1352 2229 diligit,
1409 2159 1905 2228 quemadmodum
1959 2158 2101 2229 ipse,

460 2270 592 2307 cum
627 2249 900 2323 peccavit,
935 2249 1044 2303 scit
1075 2246 1225 2303 nolle
1256 2247 1314 2301 in
1346 2263 1406 2301 se
1438 2246 1840 2313 animadverti,
1878 2247 1961 2300 ita
2000 2263 2103 2302 nec

461 2345 790 2412 peccatores
819 2337 1084 2408 castigat,
1117 2343 1175 2391 et
1203 2336 1354 2389 sicut
1382 2335 1505 2390 vult
1559 2335 1895 2404 demulceri,
1931 2337 2103 2389 bene-

457 2430 593 2498 dici,
627 2426 922 2489 honorari,
957 2425 1341 2495 omniumque
1369 2424 1712 2479 delictorum
1746 2424 1972 2478 veniam
2005 2441 2104 2478 ac-

458 2520 672 2589 cipere,
725 2517 832 2571 hoc
871 2516 997 2585 ipse
1046 2515 1309 2585 proximo
1360 2513 1494 2567 facit
1540 2528 1582 2578 ι,
1616 2530 1789 2584 quem
1837 2512 1994 2568 velut
2045 2529 2105 2568 se

460 2611 639 2661 amat.
675 2605 799 2660 Uno
830 2604 1023 2666 verbo,
1058 2604 1211 2673 quod
1247 2602 1355 2656 sibi
1402 2602 1582 2672 cupit,
1616 2601 1777 2672 cupit
1805 2607 1861 2655 et
1914 2602 2105 2672 proxi-

462 2712 576 2749 mo.
612 2695 739 2748 llaec
786 2693 941 2747 enim
976 2700 1057 2746 est
1116 2689 1210 2744 Dei
1255 2706 1321 2744 ac
1373 2689 1787 2760 prOphetarum
1834 2689 1942 2757 lex,
1988 2691 2107 2745 haec

469 2783 728 2839 veritatis
758 2781 1041 2836 doctrina.
1070 2780 1267 2849 Itaque
1298 2778 1551 2833 Charitas
1580 2796 1715 2850 erga
1745 2770 1976 2834 omnem
2011 2780 2108 2835 ho-

468 2873 680 2927 minem
717 2871 971 2944 perfecta
1006 2886 1138 2939 pars
1171 2872 1259 2922 est
1290 2866 1552 2922 mascula
1599 2868 2004 2923 humanitatis.
2037 2871 2108 2923 At

469 2960 875 3015 misericordia
909 2974 1042 3029 pars
1073 2962 1159 3012 est
1188 2955 1345 3010 illius
1376 2956 1645 3010 feminea.
1679 2958 1812 3022 Quae
1858 2960 1947 3012 est
1975 2974 2106 3011 esu-

462 3051 706 3105 rientem
742 3048 912 3112 alere,
949 3050 1147 3118 potum
1177 3044 1395 3100 sitienti
1428 3045 1584 3109 dare,
1618 3046 1842 3100 nudum
1874 3046 2105 3112 vestire,

457 3139 695 3194 visitare
745 3137 1140 3207 languentem,
1201 3134 1489 3205 hospitem
1549 3134 1821 3206 recipere,
1882 3151 2109 3190 carcere

462 3226 807 3283 conclusum
843 3242 944 3296 pro
984 3224 1206 3278 viribus
1238 3224 1483 3278 invisere
1512 3229 1570 3277 et
1608 3224 1835 3294 juvare,
1869 3225 2107 3280 omnino
2139 3201 2181 3267 Ο

460 3317 719 3386 denique
748 3312 1072 3369 calamitosi
1105 3311 1387 3366 misereri.

547 3491 783 3547 XXXIII.
816 3491 933 3562 Ego
966 3505 1099 3544 vero
1132 3488 1329 3543 audito
1359 3487 1466 3543 hoc
1501 3487 1613 3541 dixi
1651 3504 1663 3543 :
1692 3492 1822 3542 Haec
1871 3488 2108 3559 quidem

461 3582 656 3637 facere
690 3595 1028 3652 possumus,
1052 3583 1110 3631 at
1140 3577 1393 3631 inimicis
1424 3577 1761 3632 benefacere
1791 3594 2110 3648 omnesque

451 3686 655 3725 eorum
693 3667 939 3738 injurias
970 3664 1467 3732 tolerare,utinsit
1499 3664 1557 3718 in
1587 3664 1847 3720 humana
1879 3672 2110 3756 natura,

454 3755 827 3829 impossibile
859 3759 1019 3827 puto.
1052 3755 1200 3808 Tum
1236 3753 1443 3807 Petrus
1473 3754 1803 3824 respondit:
1831 3754 2002 3809 Recte
2036 3753 2115 3811 lo-

457 3853 631 3901 cutus
665 3849 905 3901 es.Cum
937 3842 1089 3898 enim
1124 3841 1461 3895 humanitas
1492 3858 1672 3896 causa
1704 3842 1779 3896 sit
1810 3843 2109 3898 immorta-

461 3934 673 4003 litatis,
710 3933 895 3987 multo
927 3935 1171 3986 constat.
1230 3930 1348 3983 Dixi
1380 3945 1484 3999 ego
1520 3947 1531 3984 :
1563 3931 1683 3994 Quo
1717 3931 1886 3984 modo
1938 3930 2114 4000 igitur

463 4029 657 4078 mente
688 4026 882 4093 potest
912 4018 1181 4091 concipi?
1212 4018 1532 4089 Respondit
1562 4022 1796 4074 Petrus:
1831 4020 2111 4074 Humani-

457 4117 575 4175 tas,
612 4111 818 4165 dilecte
857 4108 1145 4176 Clemens,
1178 4106 1403 4179 acquiri
1438 4111 1644 4178 potest,
1681 4108 1725 4160 si
1758 4108 1890 4177 quis
1944 4108 2113 4179 plene

462 4201 577 4255 sibi
613 4197 1426 4271 persuadeat,ininiicos,dum
1462 4212 1611 4266 quos
1632 4197 1878 4250 oderunt
1906 4203 2115 4253 vexant

465 4290 536 4345 ad
569 4287 1027 4358 tempus,a2terni
1048 4284 1319 4356 supplicii
1339 4284 1743 4339 liberationem
1770 4284 1885 4340 illis
1905 4288 2115 4357 produ-

459 4394 631 4433 cere:
668 4376 868 4446 sicque
899 4375 935 4428 ii
991 4374 1163 4428 ctiam
1214 4378 1277 4427 ut
1321 4373 1563 4427 benefici
1609 4374 1925 4428 admodum
1977 4374 2114 4429 dili-

468 4472 700 4539 gentur.
735 4465 909 4519 Porro
956 4463 1047 4517 via
1077 4462 1501 4517 humanitatem
1555 4462 1899 4533 accipiendi,
1930 4464 2115 4519 amice

2225 556 2337 631 γίδι
2369 562 2413 595 ⁷ο
2444 559 2692 631 ἐμπεσεῖν
2723 556 2859 633 ἔχει.
2895 559 3077 621 Οὕτως
3112 556 3333 614 δικαίων
3365 562 3453 615 καὶ
3485 562 3538 616 αἱ
3572 561 3761 638 τρίχες
3790 561 3870 636 τῷ

2224 652 2339 719 Θεῷ
2371 647 2673 723 ἐναρίθμιοί
2707 648 2856 703 εἰσιν.

2296 742 2509 791 XXXII.
2545 736 2761 797 Δίκαιος
2818 734 2875 790 δέ
2928 736 3065 791 ἐστιν
3128 736 3348 810 ἐκεῖνος,
3406 738 3434 791 ὁ
3480 743 3577 793 τοῦ
3636 739 3867 817 εὐλόγου

2219 822 2374 879 ἕνεκα
2429 828 2497 898 τῇ
2558 825 2709 903 φύσει
2770 825 3107 900 μαχόμενος.
3143 829 3268 881 Οἴον
3297 830 3363 899 ⁷¹,
3395 832 3522 881 πᾶσι
3580 829 3865 903 πρόσεστιν

2223 914 2281 968 ἐκ
2338 913 2546 991 φύσεως
2606 912 2897 992 φιλοῦντας
2956 913 3155 993 φιλεῖν·
3218 913 3425 977 δίκαιος
3483 923 3729 992 πειρᾶται
3774 917 3866 973 καὶ

2218 1002 2448 1078 ἐχθροὺς
2497 1004 2702 1079 ἀγαπᾷν
2753 1004 2842 1058 καὶ
2891 1002 3277 1079 λοιδοροῦντας
3324 1005 3588 1082 εὐλογεῖν,
3620 1004 3696 1062 ἔτι
3755 1009 3862 1082 μὴν

2218 1092 2305 1146 καὶ
2359 1092 2490 1168 ὑπὲρ
2538 1091 2748 1167 ἐχθρῶν
2795 1090 3066 1168 εὔχεσθαι,
3104 1092 3421 1157 ἀδικοῦντας
3473 1094 3640 1151 ἐλεεῖν
3671 1099 3735 1153 ⁷².
3771 1099 3865 1152 Διὸ

2214 1181 2302 1235 καὶ
2381 1178 2785 1256 προαδικεῖσθαι
2864 1185 2907 1219 ⁷³
2977 1184 3276 1259 ἀπέχεται,
3351 1184 3439 1238 καὶ
3515 1186 3667 1258 ὁμῶς
3742 1207 3867 1241 κατ-

2216 1269 2527 1345 αρωμένους
2588 1269 2825 1345 εὐλογεῖ,
2880 1270 3138 1325 τύπτουσι
3219 1279 3513 1348 συγχωρεῖ,
3574 1271 3863 1329 διώκουσιν

2217 1359 2520 1434 ὑποχωρεῖ,
2580 1360 2655 1431 μή
2711 1359 3121 1431 ἀσπαζομένους
3202 1360 3513 1430 ἀσπάζεται,
3569 1368 3685 1425 τοῖς
3766 1363 3869 1420 οὐκ

2215 1444 2432 1522 ἔχουσιν
2484 1448 2555 1500 ὧν
2610 1444 2725 1522 ἕχει
2765 1453 3038 1519 κοινωνεῖ,
3074 1446 3425 1524 ὀργιζόμενον
3476 1450 3645 1514 πείθει
3677 1454 3739 1524 ⁷⁸,
3771 1453 3863 1508 τὸν

2215 1535 2407 1611 ἐχθρὸν
2460 1533 2797 1603 διαλλάσσει,
2847 1536 2938 1590 τὸν
2989 1536 3189 1605 ἀπειθῆ
3241 1537 3564 1614 παρακαλεῖ,
3594 1542 3685 1595 τὸν
3737 1539 3864 1596 ἄπι-

2215 1645 2337 1678 στον
2395 1626 2546 1681 279
2601 1629 2853 1699 κατηχεῖ,
2914 1625 3004 1679 τὸν
3066 1627 3360 1681 πενθοῦντα
3443 1631 3863 1701 παραμυθεῖται,

2214 1712 2645 1786 έπηρεαζόμενος
2702 1713 2897 1787 στέγει,
2932 1712 3395 1789 ἀχαριστούμενος
3452 1719 3498 1754 ’⁷⁵
3554 1717 3652 1773 οὐκ
3708 1719 3861 1794 ἄγαν,

2213 1808 2381 1857 ακτεῖ.
2418 1802 2511 1863 Εἷς
2543 1799 2601 1855 δὲ
2627 1804 2688 1856 τὸ
2724 1802 2931 1876 ἀγαπᾷν
2963 1803 3053 1857 τὸν
3083 1802 3315 1872 πλησίον
3370 1806 3445 1867 ὡς
3495 1806 3680 1861 ἑαυτὸν
3727 1807 3861 1862 ἀπο-

2213 1887 2485 1950 δεδωκὼς.
2518 1889 2700 1943 πενίαν
2754 1893 2815 1944 οὐ
2866 1886 3191 1968 πεφόϐηται,
3226 1890 3371 1947 ἀλλά
3415 1896 3481 1948 τὰ
3530 1895 3719 1949 ἑαυτοῦ
3768 1918 3863 1969 με·

2214 1978 2375 2055 ρίζων
2409 1984 2524 2039 τοῖς
2558 1978 2656 2032 οὐκ
2686 1976 2871 2055 ἔχουσι
2924 1980 3089 2050 πένης
3128 1980 3351 2055 γίνεται.
3384 1980 3541 2037 Ἀλλ’
3571 1981 3695 2039 οὐδὲ
3753 1986 3860 2057 μὴν

2215 2068 2593 2143 ἁμαρτάνοντα
2620 2070 2664 2104 ⁷⁸
2691 2073 2945 2142 τιμωρεῖ.
2978 2072 3033 2121 Ὀ
3076 2070 3177 2144 γὰρ
3221 2070 3311 2124 τὸν
3358 2069 3590 2141 πλησίον
3636 2073 3860 2146 ἀγαπῷν

2214 2157 2287 2218 ὡς
2332 2156 2540 2228 ἑαυτὸν,
2592 2156 2666 2217 ὡς
2721 2156 2881 2218 αὐτὸς
2933 2158 3249 2234 ἁμαρτήσας
3300 2156 3413 2215 οἶδε
3477 2164 3861 2237 τιμωρηθῆναι

2217 2246 2291 2318 μὴ
2342 2243 2539 2313 θέλειν,
2574 2244 2749 2306 οὕτως
2800 2243 2924 2300 οὐδέ
2968 2245 3096 2308 τοὺς
3146 2247 3549 2323 ἁμαρτάνοντας
3604 2255 3860 2327 τιμωρεῖ.

2213 2331 2313 2387 Καί
2362 2333 2437 2394 ὡς
2478 2332 2621 2397 θέλει
2664 2330 3049 2397 κολακεύεσθαι
3098 2333 3188 2389 καὶ
3235 2334 3573 2411 εὐλογεῖσθαι
3631 2338 3718 2392 καὶ
3784 2361 3864 2394 τι-

2219 2424 2411 2496 μᾶσθαι
2460 2422 2550 2476 καὶ
2597 2421 2769 2477 πάντα
2814 2421 2880 2477 τὰ
2926 2425 2969 2459 ⁷⁷
3028 2423 3393 2499 ἁμαρτήματα
3449 2425 3595 2498 αὐτῷ
3645 2448 3863 2504 συγχω-

2216 2513 2441 2586 ρεῖσθαι,
2471 2515 2632 2565 τοῦτο
2692 2510 2852 2572 αὐτὸς
2916 2515 2998 2583 τῷ
3050 2510 3287 2582 πλησίον
3342 2519 3508 2587 πσιεῖ,
3549 2515 3623 2577 ὡς
3673 2516 3859 2571 ἑαυτὸν

2216 2598 2415 2654 ἐκεῖνον
2458 2599 2696 2674 ἀγαπῶν.
2735 2600 2843 2652 Ἐνὶ
2895 2598 3068 2675 λόγῳ,
3102 2601 3130 2654 ὃ
3161 2599 3304 2655 θέλει
3359 2602 3553 2675 ἑαυτῷ,
3588 2604 3733 2659 θέλει
3772 2605 3862 2660 καὶ

2212 2690 2291 2760 τῷ
2322 2686 2582 2758 πλησίον.
2616 2687 2784 2749 Οὗτος
2815 2690 2917 2763 γάρ
2949 2688 3059 2743 ἐστι
3100 2694 3234 2744 Θεοῦ
3283 2690 3453 2762 νόμος
3511 2698 3600 2746 καὶ
3649 2714 3863 2772 προφη-

2212 2783 2344 2849 τῶν,
2376 2777 2509 2846 αὕτη
2544 2778 2586 2812 ⁷⁸
2615 2784 2714 2845 τῆς
2770 2775 3025 2845 ἀληθείας
3057 2780 3090 2847 ἡ
3137 2775 3477 2836 διδασκαλία.
3538 2781 3636 2835 Καὶ
3693 2787 3863 2838 ταῦτα

2219 2868 2312 2940 μὲν
2350 2866 2530 2942 ἀγάπη
2564 2868 2598 2935 ἡ
2631 2866 2769 2941 πρὸς
2819 2865 2991 2921 πάντα
3038 2864 3318 2941 ἄνθρωπον
3365 2868 3546 2924 τελεία
3591 2872 3653 2925 τὸ
3702 2870 3858 2947 ἄρρεν

2220 2956 2382 3029 μέρος
2469 2953 2607 3009 ἐστὶν
2678 2960 2777 3022 τῆς
2852 2954 3283 3033 φιλανθρωπίας,
3340 2957 3403 3011 τὸ
3462 2955 3519 3012 δὲ
3576 2958 3744 3015 ἐλεεῖν
3798 2962 3862 3016 τὸ

2218 3045 2359 3114 θῆλυ
2394 3042 2555 3119 μέρος
2588 3041 2728 3096 ἐστὶν
2757 3041 2946 3112 αὐτῆς.
2980 3047 3146 3117 Ὅπερ
3198 3045 3307 3099 ἐστὶ
3359 3052 3623 3102 πεινῶντα
3671 3050 3860 3124 θρέψαι

2217 3133 2305 3189 καὶ
2338 3134 2502 3187 ποτὸν
2537 3129 2764 3205 διψῶντι
2794 3137 3093 3208 παρασχεῖν
3130 3133 3220 3188 καὶ
3260 3135 3466 3209 γυμνὸν
3514 3132 3726 3192 ἐνδῦσαι
3772 3138 3862 3193 καὶ

2218 3227 2477 3278 νοσοῦντα
2535 3219 2914 3294 ἐπισκέψασθαι
2972 3220 3061 3275 καὶ
3120 3221 3263 3292 ξένον
3319 3221 3582 3294 δέξασθαι,
3613 3230 3691 3298 τῷ
3720 3230 3766 3264 ’θ
3812 3225 3865 3282 ἐν

2219 3314 2404 3389 εἱρκτῇ
2435 3310 2569 3365 κατά
2605 3310 2667 3363 τὸ
2700 3307 2920 3365 δυνατὸν
2953 3309 3365 3386 ἐπιφαινόμενον
3421 3314 3664 3389 βοηθεῖν,
3698 3315 3864 3388 ἀπαξ-

2219 3401 2408 3461 απλῶς
2433 3400 2523 3454 τὸν
2558 3399 2607 3452 ἐν
2640 3403 2944 3477 συμφοραῖς
2977 3398 3216 3468 ἐλεῆσαι.

2291 3493 2532 3547 XXXIII.
2566 3488 2709 3563 Ἐγὼ
2742 3485 2797 3542 δὲ
2845 3487 3078 3549 ἀκούσας
3125 3485 3280 3566 ἔφην’
3332 3494 3504 3545 Ταῦτα
3556 3492 3649 3564 μὲν
3704 3492 3867 3548 δυνα-

2218 3581 2308 3634 τὸν
2366 3577 2639 3652 πράττειν’
2693 3576 2922 3652 ἐχθροὺς
2980 3574 3038 3631 δὲ
3096 3578 3412 3654 εὐεργετεῖν,
3476 3587 3644 3634 πᾶσαν
3693 3582 3867 3637 αὐτῶν

2222 3668 2557 3745 ὑποφέροντα
2606 3663 2883 3739 ἐπήρειαν,
2917 3664 3016 3719 οὐκ
3065 3661 3252 3737 οἷὀμαι
3302 3669 3347 3703 ⁸ο
3399 3664 3617 3723 δυνατὸν
3660 3671 3866 3742 ἀνθρω-

2219 3756 2345 3827 πείᾳ
2385 3759 2661 3829 προσεῖναι
2712 3753 2883 3831 φύσει.
2920 3753 3015 3807 Καὶ
3051 3755 3077 3808 ὁ
3108 3752 3311 3824 Πέτρος
3355 3755 3689 3831 ἀπεκρίνατο·
3744 3761 3862 3835 Ὀρ-

2218 3846 2324 3905 θῶς
2361 3842 2517 3920 ἔφηςο
2566 3842 2847 3903 ἀθανασίας
2902 3842 3002 3917 γὰρ
3056 3841 3201 3897 αῗτία
3245 3842 3376 3898 οῦσα
3414 3847 3447 3914 ἡ
3482 3844 3865 3923 φιλανθρωπία

2218 3931 2433 3988 πολλοῦ
2483 3928 2707 3986 δίδοται.
2760 3931 2925 4006 Κάγὼ
2977 3927 3131 4009 ἔφην’
3164 3937 3288 3995 Πῶς
3330 3936 3483 3991 280
3531 3933 3620 3989 οῦν
3665 3940 3705 3974 81
3743 3936 3865 3991 σύν-

2221 4042 2359 4076 εστιν
2414 4019 2464 4074 ἐν
2514 4017 2593 4091 νῷ
2642 4013 2827 4072 λαϐεῖν
2859 4037 2872 4088 ;
2906 4018 3001 4073 Καὶ
3033 4020 3060 4073 ὁ
3105 4018 3309 4092 Πέτρος
3358 4022 3698 4097 ἀπεκρίνατο’
3732 4024 3868 4079 Ταύ-

2218 4131 2340 4180 την,
2377 4110 2421 4162 ὦ
2470 4106 2595 4185 φίλε
2641 4105 2875 4180 Κλήμης
2922 4109 2989 4173 ⁸²,
3024 4103 3208 4163 λαϐεῖν
3260 4105 3417 4180 ἔστιν,
3451 4109 3538 4164 ἐὰν
3588 4112 3875 4189 πληροφο-

2224 4200 2363 4275 ρηθῇ
2395 4219 2499 4265 τις,
2530 4196 2611 4251 ὅτι
2644 4197 2695 4249 οἱ
2743 4196 2932 4270 ἐχθροὶ
2976 4198 3112 4272 πρὸς
3161 4199 3345 4273 καιρὸν
3377 4202 3423 4236 ⁸³
3452 4206 3873 4276 κακουχοῦντες,

2224 4287 2315 4348 οὓς
2351 4291 2619 4360 μισοῦσιν,
2654 4284 2875 4339 αἰωνίου
2905 4282 3183 4348 κολάσεως
3217 4285 3540 4363 ἀπαλλαγῆς
3588 4288 3770 4351 αὐτοῖς
3800 4288 3879 4345 αἶ’-

2227 4397 2335 4432 τιοι
2367 4376 2622 4451 γίνονται·
2657 4374 2880 4450 προσέτι
2912 4371 2969 4427 δὲ
3000 4373 3191 4437 αὐτοὺς
3224 4375 3298 4437 ὡς
3337 4376 3617 4452 εὐεργέτας
3669 4376 3877 4455 σφόδρα

2226 4465 2624 4540 ἀγαπήσουσιν.
2653 4464 2714 4519 Ἥ
2767 4460 2825 4517 δὲ
2872 4460 2994 4524 ὁδὸς
3037 4468 3133 4517 τοῦ
3180 4464 3380 4534 ταύτην
3424 4462 3632 4537 λαϐεῖν,
3665 4468 3709 4521 ὦ
3750 4467 3879 4545 φίλι

456 4555 743 4621 Clemens,
784 4553 960 4608 unica
992 4556 1102 4617 est,
1137 4552 1417 4606 nimirum
1452 4551 1631 4605 timor
1664 4552 1780 4606 Dei.
1816 4552 1961 4606 Nam
2016 4553 2108 4625 qui

2227 4552 2464 4626 Κλήμης
2492 4554 2560 4621 ⁸⁴,
2597 4551 2693 4625 μία
2741 4551 2823 4612 τίς
2863 4549 3025 4623 ἐστιν,
3054 4551 3193 4628 ἥπερ
3249 4552 3358 4608 ἐστὶ
3407 4550 3574 4632 φόϐος
3624 4560 3778 4611 Θεοῦ.
3819 4556 3876 4609 Ὀ

456 4645 626 4700 timet
663 4644 875 4709 Deum,
910 4658 1024 4697 non
1057 4641 1292 4713 quidem
1328 4644 1517 4711 potest
1547 4640 1832 4711 principio
1879 4640 2118 4713 diligere

461 4734 793 4806 proximum
830 4737 1108 4802 tanquam
1142 4746 1202 4784 se
1235 4728 1485 4784 :etenim
1521 4729 1590 4782 ad
1625 4728 1732 4783 hoc
1764 4735 2116 4800 praeceptum

456 4839 573 4877 non
609 4821 836 4877 accedit
868 4821 1161 4884 anima;at
1190 4818 1398 4873 timore
1427 4834 1561 4887 erga
1578 4816 1758 4871 Deum
1792 4818 2113 4874 amantium

459 4927 635 4982 opera
664 4914 858 4982 potest
888 4923 1184 4981 peragere,
1219 4906 1420 4977 sicque
1451 4910 1673 4978 postea,
1699 4905 1796 4959 ubi
1829 4922 2006 4978 opera
2035 4908 2118 4962 di-

531 5055 608 5128 (a)
642 5052 848 5109 Matth.
880 5068 981 5120 vn,
1012 5051 1097 5106 12.

2226 4641 2325 4717 γὰρ
2358 4643 2481 4699 Θεὸν
2513 4636 2851 4719 φοϐούμενος
2880 4640 2973 4694 τὸν
3003 4640 3238 4709 πλησίον
3299 4642 3373 4703 ὡς
3433 4643 3616 4698 ἑαυτὸν
3662 4643 3873 4719 ἀγαπᾷν

2230 4732 2323 4803 μὲν
2348 4731 2624 4805 καταρχὰς
2656 4733 2716 4783 οὐ
2749 4726 2962 4784 δύναται
3018 4728 3133 4784 ἐπεὶ
3164 4731 3225 4785 τὸ
3272 4735 3519 4785 τοιοῦτον
3560 4731 3799 4787 κελεύειν
3831 4734 3877 4769 ⁸⁸

2227 4818 2288 4874 οὐ
2320 4820 2679 4895 προσέρχεται
2709 4821 2777 4891 τῇ
2811 4820 2985 4893 ψυχῇ
3017 4823 3096 4889 τῷ
3129 4819 3314 4892 μέντοι
3352 4822 3489 4897 πρὸς
3537 4821 3664 4876 Θεὸν
3717 4816 3876 4899 φόϐῳ

2223 4907 2291 4963 τὰ
2345 4908 2677 4985 ἀγαπώντων
2735 4911 2909 4960 ποιεῖν
2971 4903 3213 4981 δύναται,
3244 4908 3335 4965 καὶ
3392 4909 3488 4973 εἶθ’
3520 4909 3694 4972 οὕτως
3748 4909 3879 4985 πρέ·

1822 5163 2064 5221 VARI/E
2102 5167 2510 5224 LECTIONES.

530 5303 575 5373 ’ζῆ
604 5296 867 5373 ἐμπαγίδι
924 5301 1087 5373 coda
1111 5301 1248 5369 Reg.
1307 5299 1432 5373 8θ4.
1493 5297 1606 5352 Cir.
1644 5296 1783 5373 ‘Luc
1827 5314 1928 5364 χιι,
1960 5300 2015 5362 6,
2043 5300 2099 5355 7.
2174 5302 2218 5373 7}
2253 5302 2407 5373 Fort.
2442 5299 2774 5373 addendum
2805 5297 2851 5352 εἰ
2880 5304 3011 5373 post
3049 5299 3179 5355 οἷον.
3215 5302 3318 5359 cir.
3352 5301 3511 5357 hom.
3545 5319 3660 5369 xvn,
3693 5302 3779 5373 10.
3815 5301 3874 5358 S.

460 5374 505 5408 ⁷²
535 5363 677 5425 ἐλεεῖ
705 5363 807 5447 Οί-
847 5375 890 5407 ⁷³
921 5363 1332 5447 προαδικεῖσθαι
1362 5370 1427 5429 Ι),
1460 5363 1993 5447 προσαδικεῖσθαιϐο,
2020 5374 2085 5439 Ο,
2118 5370 2251 5447 πρὸς
2281 5369 2575 5447 ἀδικεῖσθαι
2608 5371 2753 5447 alter
2778 5363 2905 5426 cod'.
2926 5372 3019 5447 pi.
3058 5373 3159 5447 _in_
3200 5391 3342 5447 quo_
3375 5374 3625 5429 subinde
3646 5363 3656 5369 I
3683 5371 3877 5447 ἀνέχε-

460 5465 569 5511 ται,
608 5450 669 5498 ut
726 5444 852 5497 exh.
911 5444 969 5498 Ο.

467 5517 591 5571 804.
668 5515 711 5547 ’⁷⁷
767 5515 832 5566 τά
886 5517 1105 5570 inserui
1156 5515 1330 5570 0.-0.

470 5594 525 5642 et
583 5603 650 5641 ex
705 5588 946 5656 conject.
980 5594 1035 5643 υ.
1073 5588 1128 5641 in
1187 5588 1302 5656 cuj.
1364 5590 1520 5639 textu
1546 5580 1641 5656 οὐ.

1047 5446 1093 5479 ’τι
1150 5441 1502 5517 ὀργιζόμενος
1543 5440 1721 5517 ’ποθεῖ
1775 5442 1901 5517 οΑοά.
1930 5442 2095 5517 _Reg.

1719 5584 1764 5616 ⁸³
1797 5579 2014 5652 Κλήμη
2038 5586 2102 5639 0-

2185 5446 2279 5517 04.
2350 5446 2393 5517 ⁷⁵
2426 5442 2886 5517 ἀχαριστΟὐμενος
2918 5442 2980 5496 0.

1409 5514 1450 5546 τις
1504 5510 1637 5584 αὕτη
1690 5512 1745 5569 S_
1787 5511 1859 5584 O,_
1885 5510 2115 5580 aut-12C,
2148 5514 2281 5584 αὐτή
2317 5515 2396 5569 (31.

2179 5588 2223 5661 f3
2254 5585 2579 5661 πρόσκαιρον
2614 5586 2678 5641 Ο.

2486 5443 2886 5517 [αριστονΒμενος
2918 5443 2980 5496 Ο.
3058 5443 3102 5517 ⁷⁵
3137 5443 3539 5517 ἁμαρτανοντας
3574 5445 3699 5500 cod.
3736 5443 3876 5517 ῌέε.

2476 5512 2626 5584 ⁷ο’τῷ
2660 5517 2703 5569 0
2733 5531 2779 5568 3.
2818 5520 2890 5586 υ.⁸
2918 5517 3025 5586 τῶν
3057 5514 3120 5570 Ο.
3177 5512 3454 5586 Ἵθοόῗεμαι
3487 5516 3549 5572 Ο.
3626 5518 3685 5586 ⁸¹Α
3713 5513 3804 5586 οῦν

2755 5586 2801 5620 ³⁸
2832 5580 3035 5656 Κλήμη
3069 5586 3112 5641 O
3144 5580 3500 5645 constanter.
3577 5587 3621 5622 ⁸⁸
3672 5584 3758 5639 ἐπὶ
3816 5584 3880 5640 τὸ

469 5660 686 5713 τοιοῦτο
715 5652 1025 5712 κελεῦσαντι
1058 5659 1118 5714 C.
1152 5652 1301 5714 Tufn
1333 5657 1368 5723 ἡ
1402 5654 1553 5728 ψυχή
1590 5672 1647 5727 p.
1677 5656 1745 5727 τῇ
1777 5652 1930 5727 ψυχῇ
1963 5655 2074 5728 legi
2105 5657 2229 5717 vult
2258 5652 2318 5713 S'.
