4140 6344
212 358 334 417 323

1322 363 1852 424 CLEMENTINA.
1887 397 1963 406 —
1992 362 2320 425 HOMILIA
2369 364 2531 426 XlIl.
2710 408 2741 437 ο

3511 374 3632 434 330

214 490 365 559 ξαντι
396 493 465 547 τὰ
495 492 710 567 ἀγάπης
754 494 816 547 τὸ
864 492 1069 568 ἀγαπᾷν
1120 496 1193 556 ὼς
1242 494 1428 571 νύμφη
1479 493 1614 550 ούσα
1641 498 1869 574 προσφέ-

1990 497 2254 553 lectionis
2285 499 2498 567 fecerit,
2533 499 2787 555 charitas
2819 502 2977 557 velut
3005 519 3222 575 sponsa
3253 504 3447 560 timori
3478 505 3635 561 velut

214 600 365 654 ρεται
403 582 478 643 ὡς
510 583 727 660 νυμφίῳ
765 588 843 654 τῷ
874 578 1050 660 φόϐῳ·
1084 585 1171 638 καὶ
1203 584 1374 646 οὕτως
1402 584 1528 641 τοὺς
1561 583 1869 662 φιλανθρώ-

210 690 353 731 πους
382 670 639 725 τίκτουσα
689 670 990 748 λογισμοὺς
1039 674 1295 727 ἀθάνατον
1338 673 1518 744 τίθησι
1550 676 1640 729 τὸν
1675 696 1868 745 κεκτη-

216 758 407 830 μένον,
448 760 525 821 ὡς
574 760 755 815 εἰκόνα
805 766 938 816 Θεοῦ
988 764 1032 798 ⁸⁸
1084 763 1300 834 ὁμοίαν,
1335 764 1437 818 ὑπὸ
1485 766 1685 841 φθορᾶς
1718 759 1869 838 ὑϐρι-

210 848 409 917 σθῆναι
466 850 541 921 μη
595 847 894 922 δυναμένην
944 852 1043 919 τὴν
1094 850 1256 906 αὐτοῦ
1306 851 1482 929 φύσιν.
1542 853 1720 925 Ὁμῶς
1776 854 1866 907 τὸν

206 939 311 1003 τῆς
376 937 789 1015 φιλανθρωπίας
840 938 1125 1013 ἐκθεμένου
1186 943 1322 1014 ἡμῖν
1382 940 1582 1017 λόγον,
1644 940 1868 1015 ἑσπέρας

206 1021 747 1098 ἐπικαταλαϐούσης,
782 1028 859 1091 εἷς
890 1028 1054 1083 ὕπνον
1089 1028 1420 1104 ἐτράπημεν.

844 1244 1101 1299 ὈΜΙΛῘΑ
1144 1246 1242 1301 ΙΓ’.

278 1354 326 1403 1.
362 1349 595 1424 Ὀρθρου
652 1346 709 1403 δὲ
756 1348 1045 1425 γενομένου
1091 1351 1119 1404 6
1169 1351 1375 1426 Ηέτρος
1426 1350 1606 1405 εἰσιὼν
1656 1352 1699 1387 ⁸⁷
1740 1346 1863 1427 ἔφη’

200 1438 261 1487 '0
298 1438 399 1508 μὲν
434 1436 673 1510 Κλήμης
723 1439 855 1510 μετὰ
882 1446 982 1508 τῆς
1032 1438 1197 1493 αὐτοῦ
1234 1440 1441 1516 μητρὸς
1494 1437 1792 1500 Ματτιδίας
1822 1442 1866 1476 ⁸⁸

198 1526 428 1594 καὶτῆς
464 1526 603 1598 ἐμῆς
647 1528 901 1601 γυναικὸς
944 1529 1055 1600 ἅμα
1095 1528 1180 1582 ἐπὶ
1228 1533 1325 1582 τοῦ
1376 1527 1663 1603 ὀχήματος
1713 1530 1857 1586 281

200 1616 636 1683 καθεζέσοωσαν.
690 1616 785 1669 Καὶ
832 1617 987 1687 ὁμῶς
1030 1616 1202 1677 οὕτως
1248 1616 1485 1692 ἐγένετο.
1545 1618 1867 1692 Ὁρμώντων

204 1702 262 1758 δὲ
294 1707 462 1777 ἡμῶν
491 1706 590 1773 την
626 1704 711 1758 ἐπὶ
743 1708 787 1741 ⁸³
816 1704 1086 1762 Βαλανίαε
1120 1704 1265 1776 ὁδὸν,
1301 1705 1521 1760 ἐπύθετὸ
1556 1728 1659 1778 μου
1760 1709 1865 1778 μή-

203 1814 339 1868 τηρ,
374 1798 493 1855 πῶς
526 1794 554 1847 6
584 1795 763 1868 πατήρ
819 1791 1013 1867 διάγει,
1062 1795 1223 1869 Κάγὼ
1268 1793 1423 1872 ἔφην·
1474 1796 1594 1849 Ἐπὶ
1643 1796 1739 1863 τήν
1775 1797 1866 1865 ζή-

852 1880 876 1899 ἢ

1981 603 2197 657 sponso
2231 588 2578 659 adjungitur
2610 605 2621 643 :
2657 594 2833 661 atque
2866 591 2943 645 ita
2969 591 3354 648 humanitatis
3384 594 3632 666 gignens

1980 675 2360 747 cogitationes
2394 677 2785 734 immortalem
2821 680 3009 735 reddit
3037 683 3633 753 possessorem,velut

1979 763 2297 836 imaginem
2338 766 2446 821 Deo
2480 766 2759 837 similem,
2811 769 3104 841 cujusque
3137 775 3348 827 natura
3379 777 3631 845 nequeat

1980 853 2349 925 corruptione
2376 853 2596 910 ludibio
2628 855 3134 913 haberi.Caeterum
3168 864 3481 931 postquam
3511 861 3627 916 hu-

1979 943 2279 997 manitatis
2308 943 2631 999 doctrinam
2668 944 2837 1001 nobis
2866 948 3401 1021 exposuit,vespera
3421 966 3625 1006 succe-

1977 1031 2169 1101 dente,
2202 1032 2273 1087 ad
2304 1048 2577 1089 somnum
2610 1050 2716 1090 nos
2738 1034 3114 1091 contulimus.

2564 1246 2864 1303 HOMILIA
2892 1247 3039 1304 XIII.

2049 1351 2091 1406 Ι.
2123 1351 2332 1407 Exorto
2361 1356 2558 1408 autem
2591 1371 2763 1409 mane
2792 1354 3099 1425 ingressus
3131 1360 3339 1413 Petrus
3361 1358 3475 1414 ait:
3497 1358 3623 1415 Cle-

1977 1456 2142 1495 mens
2174 1457 2309 1496 cum
2342 1447 2529 1498 matre
2562 1460 2669 1498 sua
2701 1443 2966 1499 Mattidia
2988 1450 3045 1500 et
3078 1462 3208 1501 mea
3238 1464 3415 1504 uxore
3448 1447 3626 1504 simul

1975 1529 2033 1583 in
2067 1546 2239 1584 curru
2300 1531 2659 1586 consideant.
2724 1532 3057 1605 Statimque
3115 1534 3197 1589 ita
3252 1536 3471 1591 factum
3516 1540 3623 1592 est.

1974 1618 2237 1689 Cumque
2270 1636 2367 1690 per
2386 1620 2537 1674 viam
2564 1637 2691 1691 qua;
2718 1621 3009 1678 Balanaaas
3038 1623 3201 1678 ducit
3225 1641 3625 1696 pergeremus,

1975 1707 2353 1779 interrogavit
2402 1726 2493 1764 me
2538 1715 2745 1780 mater,
2798 1728 2913 1781 quo
2985 1713 3154 1767 modo
3205 1721 3368 1784 pater
3410 1719 3628 1785 ageret.

1978 1798 2339 1868 Respondit:
2376 1798 2458 1851 Ad
2494 1798 2911 1869 requirendum
2964 1804 3019 1856 te
3061 1818 3125 1855 ac
3180 1802 3446 1874 geminos
3500 1804 3620 1859 fra-

202 1884 371 1951 τησῖν
424 1904 518 1936 σου
566 1882 655 1937 καὶ
698 1887 804 1936 τῶν
848 1879 1092 1954 διδύμων
1140 1881 1385 1960 ἀδελφῶν
1423 1906 1528 1955 μου
1568 1884 1869 1937 φαυστίνου

1987 1891 2095 1939 tres
2126 1902 2285 1941 meos
2319 1887 2663 1943 Faustinum
2698 1892 2753 1943 et
2805 1889 3249 1945 Faustinianum
3302 1892 3619 1962 profectus,

205 1992 265 2025 τε
326 1971 417 2023 καὶ
476 1975 866 2025 Φαυστινιανοῦ
925 1966 1102 2043 ἐκϐὰς,
1164 1971 1439 2046 ἀνεύρετός
1493 1971 1650 2029 ἐστιν.
1700 1975 1865 2045 Οἶμαι

213 2058 273 2114 δὲ
332 2058 391 2114 ἐκ
436 2063 532 2113 τοῦ
580 2058 839 2114 πλείστου
886 2057 1204 2128 τελευτῆσαι
1256 2059 1438 2128 αὐτὸν,
1487 2061 1522 2129 ἢ
1555 2060 1867 2138 ναυφραγίῳ

208 2148 598 2224 περιπεσόντα,
632 2148 665 2217 ἢ
701 2148 753 2202 έν
788 2145 898 2219 ὁδῷ
948 2149 1217 2226 σφαλέντα
1246 2152 1310 2221 θο,
1344 2149 1379 2218 ἢ
1416 2150 1517 2203 ὑπὸ
1548 2148 1727 2220 λύπης
1762 2171 1866 2221 μα-

208 2238 491 2312 ρανθέντα.
550 2238 610 2290 Ἡ
670 2234 728 2290 δὲ
782 2236 1056 2291 ἀκούσασα
1107 2237 1195 2292 καὶ
1257 2235 1547 2311 ἐπίδακρυς
1597 2240 1863 2312 γενομένη

207 2326 457 2395 ἐστέναξε
504 2323 826 2396 λυπηθεῖσα,
876 2330 945 2399 τῇ
991 2324 1048 2380 δὲ
1092 2328 1228 2401 πρὸς
1278 2326 1374 2399 ἐμὲ
1420 2329 1621 2401 εύρέσει
1655 2330 1695 2364 ⁹¹
1739 2328 1864 2403 χαί-

207 2436 383 2491 ρουσα
411 2416 511 2483 την
547 2413 604 2469 ἐκ
632 2421 733 2483 τῆς
786 2416 1144 2487 ὑπομνήσεως
1195 2414 1374 2485 λύπην
1409 2416 1640 2492 μετρίως
1679 2417 1867 2488 ἀπήμ-

206 2500 429 2558 ϐλυνεν.
481 2504 661 2575 Ὀμῶς
711 2503 802 2556 οὗν
863 2506 1273 2575 κατηντήσαμεν
1336 2504 1410 2566 εἷς
1460 2503 1741 2566 Βαλανίας.
1790 2508 1865 2578 Τῇ

203 2590 260 2646 δὲ
296 2590 525 2665 ἐπιούσῃ
555 2592 737 2665 ἡμέρᾳ
766 2594 810 2627 ⁹²
843 2592 917 2652 εἷς
950 2590 1162 2645 Πάλτον
1212 2591 1479 2666 ἤλθομεν,
1520 2593 1761 2657 κάκεῖθεν
1796 2593 1869 2655 εἰς

210 2676 491 2735 Γαδαλαν·
522 2684 589 2753 τῇ
640 2678 697 2735 δὲ
744 2679 897 2755 ἑτέρᾳ
944 2682 1355 2754 κατηντήσαμεν
1405 2682 1482 2743 εἷς
1528 2680 1866 2739 Λαοδίκειαν.

211 2770 314 2825 Καὶ
354 2767 472 2824 ἰδοὺ
502 2770 607 2843 πρὸ
652 2774 759 2824 τῶν
808 2774 983 2845 θυρῶν
1036 2772 1277 2841 Νικήτης
1305 2771 1393 2825 καὶ
1428 2770 1659 2833 Ἀκύλας
1701 2772 1869 2841 ἀπήν-

209 2878 325 2911 των
360 2860 519 2929 ἡμῖν,
564 2858 654 2912 καὶ
698 2857 1164 2936 καταφιλήσαντες
1211 2860 1347 2934 ἦγον
1400 2860 1487 2914 ἐπὶ
1534 2863 1633 2929 τὴν
1675 2860 1865 2931 ξενίαν.

209 2948 267 2999 '0
305 2944 364 3000 δὲ
398 2948 597 3022 Πέτρος
626 2946 803 3016 καλὴν
836 2946 923 3001 καί
980 2948 1221 3023 μεγάλην
1273 2945 1433 3002 πόλιν
1470 2946 1620 3003 ἰδών·
1661 2951 1865 3023 “Ἀξιον,

208 3032 340 3113 ἔνρη,
392 3035 615 3089 ὲνταῦοα
662 3038 882 3110 ἡμερῶν
936 3036 1229 3108 ἐπιμεῖναι.
1284 3039 1370 3099 Ὠς
1419 3038 1520 3114 γὰρ
1570 3038 1759 3093 ἐπίπαν
1802 3040 1865 3095 τὸ

205 3125 430 3194 πλῆθος
473 3124 837 3198 ὃυνατώτερόν
873 3124 981 3180 ἐστι
1012 3126 1210 3182 τίκτειν
1239 3130 1282 3164 9³
1310 3126 1435 3189 τοὺς
1477 3128 1863 3201 ζητουμένους.

1979 1990 2089 2027 non
2124 1974 2379 2046 amplius
2410 1976 2738 2046 comparuit
2773 2001 2786 2041 ;
2822 1982 2961 2047 puto
2992 1983 3188 2033 autem
3221 1995 3354 2035 eum
3389 1998 3422 2035 a
3447 1980 3621 2053 longo

1978 2066 2237 2134 tempore
2268 2063 2503 2129 obiisse,
2538 2065 2624 2119 vel
2659 2065 3005 2121 incidentem
3039 2066 3096 2121 in
3131 2068 3618 2140 naufragium,vel

1977 2151 2035 2204 in
2067 2151 2161 2206 via
2190 2152 2766 2219 circumventum,vel
2790 2155 3032 2210 edolore
3063 2156 3255 2211 tabem
3281 2161 3622 2229 passum.At

1977 2239 2075 2295 illa
2106 2241 2349 2296 audiens
2380 2241 2654 2314 lacrymis
2686 2244 2905 2299 obortis
2936 2246 3251 2316 suspiravit
3283 2264 3397 2317 pra:
3438 2248 3621 2303 tristi-

1977 2330 2077 2399 tia,
2110 2347 2307 2384 verum
2342 2331 2413 2385 ob
2447 2348 2539 2385 me
2564 2332 2865 2387 inventum
2895 2335 3156 2404 gaudens
3190 2336 3259 2390 de
3291 2352 3533 2391 maerore
3555 2353 3623 2391 ex

1977 2420 2535 2474 commemoratione
2587 2426 2711 2475 orto
2761 2421 3067 2492 paululum
3121 2424 3367 2478 remisit.
3424 2425 3624 2497 Itaque

1978 2507 2248 2563 venimus
2283 2508 2594 2564 Balanmas.
2632 2509 2909 2580 Sequenti
2954 2528 3087 2566 vero
3117 2512 3209 2567 die
3239 2512 3469 2568 Paltum
3500 2531 3627 2586 pro-

1978 2596 2106 2651 fecti
2132 2601 2423 2662 sumus,et
2442 2596 2576 2651 inde
2598 2597 2900 2668 Gabalam,
2922 2598 3152 2671 aliaque
3170 2601 3259 2656 die
3281 2602 3623 2659 Laudiceam

1978 2685 2341 2740 devenimus.
2379 2686 2446 2739 Et
2486 2702 2615 2741 ecce
2655 2691 2792 2741 ante
2844 2692 3041 2758 portas
3088 2697 3404 2745 occurrunt
3455 2691 3625 2748 nobis

1978 2774 2209 2829 Nicetas
2233 2778 2288 2829 et
2323 2774 2551 2845 Aquila,
2570 2779 2627 2830 et
2654 2774 2899 2831 osculati
2923 2778 3148 2833 ducunt
3178 2779 3249 2833 ad
3273 2778 3619 2851 hospitium.

1980 2864 2180 2918 Petrus
2212 2868 2407 2917 autem
2442 2864 2642 2919 videns
2674 2863 2978 2935 pulchram
3012 2883 3405 2939 magnamque
3427 2869 3624 2925 civita-

1976 2956 2116 3015 tem.
2148 2952 2398 3023 [Equum
2440 2956 2549 3018 est,
2581 2952 2792 3024 inquit,
2826 2954 2918 3008 hic
2950 2954 3173 3027 aliquot
3201 2956 3325 3012 dies
3356 2973 3619 3013 commo-

1976 3040 2111 3095 rari.
2146 3040 2291 3094 Nam
2328 3041 2443 3094 fere
2476 3056 2707 3111 semper
2748 3042 3060 3099 multitudo
3107 3044 3398 3099 efﬁcacior
3427 3051 3514 3101 est
3544 3045 3616 3101 ad

1974 3129 2533 3201 producendosquos
2557 3128 3046 3200 qumrimus.Tum
3072 3132 3303 3187 Nicetas
3333 3140 3387 3188 et
3406 3133 3616 3205 Aquila

204 3216 263 3268 Ὀ
329 3215 425 3286 μὶν
487 3214 581 3267 οὖν
629 3217 871 3285 Νικήτης
922 3215 1009 3269 καὶ
1061 3215 1292 3277 ’Δκύλας
1343 3216 1692 3280 ἐπυνθάνοντό
1737 3239 1861 3291 μου,

1987 3219 2355 3290 requirebant
2386 3236 2418 3273 a
2450 3235 2560 3285 me,
2582 3235 2848 3289 quaenam
2873 3225 3025 3275 esset
3056 3222 3360 3293 peregrina
3389 3222 3624 3293 ignota-

201 3304 289 3364 τίς
323 3300 405 3373 εἶή
443 3303 576 3373 αὕτη
628 3306 663 3373 ἡ
706 3303 825 3374 ξένη
876 3307 1030 3379 γυνή.
1064 3306 1226 3379 Κάγὼ
1278 3303 1430 3383 ἔφην·
1465 3308 1600 3379 Ἐμὴ
1656 3309 1863 3383 μήτηρ,

203 3394 272 3461 ἦν
306 3392 600 3468 έπιγνῶναί
636 3415 727 3466 μοι
763 3394 790 3447 6
822 3394 949 3454 Θεὸς
998 3391 1087 3447 διὰ
1141 3393 1346 3470 Πέτρου
1391 3400 1487 3449 τοῦ
1537 3395 1726 3470 κυρίου
1762 3418 1865 3470 μου

207 3479 552 3553 ἐδωρήσατο.

285 3574 355 3627 ιι.
408 3573 583 3625 Ταῦτά
638 3592 743 3643 μου
794 3569 1040 3631 εἰπόντος
1074 3613 1087 3637 ,
1139 3572 1167 3625 6
1216 3570 1419 3647 Πέτρος
1470 3573 1641 3627 πάντα
1687 3572 1869 3635 αὐτοῖς

210 3659 304 3713 ὲπὶ
338 3657 648 3736 κεφαλαίων
701 3655 927 3730 ἔξέθετο,
978 3658 1053 3719 ὡς
1107 3660 1218 3731 ἅμα
1246 3664 1323 3731 τῷ
1368 3663 1412 3697 ⁹⁴
1455 3660 1647 3723 αὐτοὺς
1696 3682 1867 3737 προο-

212 3746 400 3803 ὂεῦσαι
436 3747 545 3821 ἐγὼ
578 3746 812 3819 Κλῂμης
854 3749 915 3801 τὸ
964 3745 1092 3819 ἐμὸν
1121 3746 1274 3822 γένος
1306 3748 1452 3820 αύτῴ
1501 3752 1653 3808 282
1702 3749 1869 3822 ἐξεϐέ-

217 3860 355 3910 μην,
406 3836 495 3890 καὶ
545 3843 644 3904 τῆς
701 3836 908 3911 μητρὸς
947 3838 1045 3905 την
1093 3836 1151 3890 ἐκ
1192 3844 1288 3905 τῆς
1334 3842 1433 3892 τοῦ
1488 3837 1698 3914 ὀνείρου
1730 3838 1870 3893 πλα-

214 3929 352 3995 στῆς
384 3928 431 3961 ⁸⁸
460 3926 782 4002 προφάσεως
827 3924 961 3996 μετᾶ
1006 3930 1115 3979 τῶν
1169 3922 1412 3998 διδύμων
1457 3926 1624 3996 αὐτῆς
1674 3928 1872 3981 τέκνων

216 4015 524 4089 γενομένην
558 4010 894 4085 ἀποδημίαν,
929 4009 1005 4067 ἔτι
1049 4034 1106 4068 τε
1153 4014 1243 4067 καὶ
1290 4019 1386 4068 τοῦ
1417 4015 1620 4090 πατρὸς
1662 4018 1760 4084 την
1790 4015 1876 4070 ἐπὶ

218 4107 454 4173 ζήτησιν
497 4102 666 4171 αὐτῆς
718 4100 1046 4174 ἀποδημίαν·
1079 4099 1265 4157 ἔπειτα
1313 4104 1402 4158 καὶ
1450 4104 1523 4165 ὡς
1571 4104 1729 4167 αὐτὸς
1782 4104 1880 4160 Πέ-

216 4214 345 4268 τρος
384 4192 519 4264 μετὰ
563 4192 625 4245 τὸ
679 4191 901 4245 ἀκοῦσαι
945 4196 1107 4245 ταῦτα
1160 4191 1413 4247 εἶσελθὼν
1468 4193 1544 4255 εἷς
1576 4195 1672 4262 την
1714 4201 1877 4263 νῆσον

215 4284 307 4336 καὶ
341 4285 407 4355 τῇ
441 4280 652 4356 γυναικὶ
708 4281 988 4355 συντυχὼν
1042 4280 1130 4335 καὶ
1178 4286 1573 4356 προσαιτοῦσαν
1608 4279 1757 4353 ἰδὼν,
1791 4283 1879 4337 καὶ

216 4376 322 4425 τοῦ
354 4374 667 4442 προσαιτεῖν
694 4370 793 4438 τήν
822 4369 992 4423 αἰτίαν
1040 4370 1369 4441 πυθόμενος,
1401 4366 1533 4445 ἔγνω
1574 4372 1679 4445 [τὸ]
1711 4375 1754 4408 ⁹⁶
1785 4371 1880 4425 αὐ-

219 4462 321 4527 τῆς
350 4459 531 4533 γένος,
565 4458 921 4535 ἀναστροφὴν,
962 4457 1052 4512 τόν
1087 4457 1326 4512 πλαστὸν
1377 4454 1607 4534 ὄνειρον,
1647 4460 1733 4513 καὶ
1776 4464 1885 4514 τῶν

223 4549 432 4603 τέκνων
461 4548 530 4601 τὰ
563 4546 820 4620 ὀνόματα,
855 4547 990 4619 ἐμοῦ
1034 4568 1093 4601 τε
1120 4552 1217 4601 τοῦ
1264 4547 1709 4624 καταλειφθέντος
1740 4552 1886 4625 παρά

268 4641 294 4651 δ

228 4725 462 4795 τέκνων,
492 4724 583 4778 καὶ
616 4724 707 4785 ους
749 4728 790 4761 9⁷
818 4724 868 4778 ἐν
908 4726 1055 4799 βυθῴ
1087 4726 1362 4780 ὑπενοεῖτο
1392 4726 1724 4797 τεθνηκέναι.

310 4818 405 4872 HI.
455 4813 671 4867 Τούτων
725 4811 817 4867 οὖν
871 4810 1262 4891 κεφαλαιωδῶς
1312 4813 1581 4889 ῥηθέντων
1630 4815 1733 4870 ὑπὸ
1785 4816 1887 4871 Πέ-

227 4924 389 4979 τρου,
432 4904 462 4959 6
515 4904 758 4973 Νικήτης
805 4902 954 4957 καὶὸ
987 4899 1217 4964 Ἀκύλας
1273 4900 1623 4980 ἐκπλαγέντες
1673 4900 1884 4980 ἔλεγον

1979 3324 2090 3379 que
2123 3324 2191 3362 ea
2224 3306 2453 3361 mulier.
2508 3307 2573 3361 Et
2600 3323 2704 3379 ego
2756 3309 3026 3379 respondi
3063 3326 3075 3363 :
3110 3309 3294 3364 Mater
3339 3327 3468 3365 mea
3512 3316 3624 3378 est,

1979 3412 2153 3467 quam
2189 3411 2501 3468 agnoscere
2532 3396 2769 3451 donavit
2800 3397 2942 3451 mihi
2978 3397 3151 3465 Deus,
3186 3414 3286 3470 per
3316 3398 3622 3454 dominum

1980 3502 2174 3540 meum
2213 3486 2466 3539 Petrum.

2052 3575 2123 3628 II.
2158 3574 2285 3627 Hzcc
2320 3590 2452 3628 cum
2477 3590 2582 3645 ego
2600 3573 3120 3639 dixissem,cuncta
3138 3574 3220 3630 eis
3244 3575 3449 3632 Petrus
3476 3593 3633 3631 sum-

1983 3663 2190 3717 matim
2220 3662 2489 3733 exposuit
2521 3680 2533 3717 :
2569 3664 2720 3733 quod
2757 3668 3071 3734 postquam
3094 3662 3636 3734 illiprzecessissent

1983 3769 2089 3824 ego
2119 3751 2385 3807 Clemens
2418 3767 2605 3822 genus
2626 3766 2822 3806 meum
2847 3752 2957 3823 ipsi
2980 3754 3496 3823 ennarraverim,et
3513 3770 3635 3808 ma-

1987 3841 2091 3895 tris
2122 3856 2253 3894 cum
2285 3839 2537 3911 geminis
2569 3839 2695 3894 suis
2729 3839 2865 3894 ﬁliis
2908 3845 3191 3911 praetextu
3242 3842 3372 3896 ﬁcto
3420 3841 3637 3896 somnii

1986 3928 2424 4001 profectionem,
2461 3934 2735 3999 praetereo
2764 3929 2947 4000 patris
2979 3930 3049 3983 ad
3100 3930 3472 3999 quaerendam
3508 3946 3635 3984 ma-

1987 4022 2132 4072 trem
2166 4016 2513 4087 iter,deinde
2545 4033 2659 4088 quo
2693 4017 2862 4071 modo
2888 4017 3011 4089 ipse
3042 4017 3246 4073 Petrus
3266 4018 3363 4072 ubi
3395 4018 3515 4072 hinc
3538 4034 3637 4073 au-

1990 4104 2475 4168 diisset,insulam
2494 4105 2794 4176 ingressus
2817 4105 3118 4160 mulierem
3146 4106 3635 4179 invenerit,quam

1992 4193 2324 4248 mendicare
2354 4193 2576 4258 videns,
2612 4199 2667 4247 et
2700 4210 2931 4248 causam
2967 4194 3410 4250 mcndicationis
3442 4201 3641 4267 postu-

1989 4282 2140 4349 lans,
2174 4283 2506 4352 cognoverit
2548 4282 2707 4337 illius
2739 4299 2923 4354 genus
2979 4284 3403 4354 educationem,
3437 4285 3640 4339 ﬁctum

1993 4371 2312 4437 somnium,
2350 4371 2667 4426 liberorum
2716 4371 2974 4439 nomina,
3018 4388 3215 4427 meum
3265 4373 3507 4444 scilicet,
3541 4374 3645 4444 qui

1996 4460 2232 4517 relictus
2264 4462 2487 4515 fueram
2520 4460 2673 4531 apud
2705 4466 2948 4530 patrem,
2982 4466 3039 4515 et
3077 4462 3446 4532 geminorum
3479 4468 3644 4517 nato-

1999 4565 2151 4618 rum,
2185 4549 2285 4621 qui
2318 4564 2452 4603 cum
2484 4564 2551 4604 ca
2582 4549 2690 4603 iter
2717 4554 3115 4620 susceperant,
3148 4549 3401 4621 denique
3451 4550 3649 4621 suspi-

224 4641 309 4708 τῷ
367 4634 534 4711 πατρὶ
585 4636 674 4689 καὶ
733 4640 840 4690 τῶν
914 4635 1048 4709 αὐτῇ
1109 4638 1589 4709 συμπορευθέντων
1644 4634 1869 4711 διδύμωε

2000 4637 2226 4694 cionem
2258 4637 2329 4693 de
2362 4637 2573 4692 horum
2606 4636 2768 4692 obitu
2800 4636 2858 4691 in
2890 4637 3061 4692 mari.

2072 4818 2165 4871 III.
2199 4815 2301 4870 His
2331 4832 2467 4888 ergo
2500 4814 2845 4870 summatim
2878 4831 2911 4869 a
2944 4814 3106 4871 Petro
3127 4814 3327 4871 relatis
3343 4815 3573 4871 Nicetas
3591 4819 3650 4871 et

1996 4904 2209 4977 Aquila
2239 4904 2548 4977 stupefacti
2580 4904 2855 4959 dixerunt
2888 4919 2900 4957 :
2931 4902 3076 4959 Here
3125 4919 3191 4959 ac
3237 4903 3483 4961 Domine
3521 4921 3649 4961 om-

1596 5047 1841 5104 VARIZE
1880 5046 2177 5105 LECTION
2188 5046 2290 5102 ES.

304 5174 349 5208 "
382 5173 523 5247 [ἔδει
565 5175 709 5247 ΔΘεῷ,
758 5176 821 5247 ut
864 5172 1108 5247 et_hor_n.
1173 5190 1332 5237 XVIII.
1383 5174 1477 5247 ιι),
1523 5174 1621 5247 ubi
1678 5173 1849 5247 idem_
1882 5174 2165 5247 mendum
2225 5170 2524 5247 repetitur.
2578 5175 2639 5247 ζ).
2690 5166 2945 5247 εξεξσιὼν
2981 5168 3008 5223 ὀ
3043 5168 3342 5247 Πέτρος-0.
3377 5171 3421 5208 ⁸⁸
3450 5176 3655 5247 Mai-coi-

232 5240 351 5305 δίας
385 5238 530 5301 Ο.Ἷ⁹
562 5238 798 5317 ὲπί”τήν
839 5244 977 5317 cod.
1033 5245 1169 5317 Reg.
1223 5247 1349 5299 804.
1382 5238 1642 5301 Subinde
1703 5246 1760 5300 in
1819 5245 1863 5300 Ο
1894 5261 2021 5317 esse
2079 5238 2310 5317 videtur
2368 5238 2682 5317 Baiani“.
2716 5243 2760 5277 9°
2794 5242 2880 5297 Ita
2937 5238 3179 5317 uterque
3231 5245 3393 5299 Hom.
3432 5245 3659 5317 cod.get

228 5317 406 5388 Epit,
442 5316 712 5391 σφαγέντα
744 5315 953 5370 melius
985 5312 1145 5387 coan
1172 5320 1229 5370 C.
1263 5318 1305 5351 ⁹ί
1367 5318 1697 5397 ευρεσινΛΟ.
1735 5318 1781 5354 ⁹²
1813 5315 1993 5389 ἡμέρᾳ
2044 5332 2167 5397 om.
2212 5314 2317 5397 “0.,
2349 5312 2446 5393 qui
2509 5313 2736 5397 deinde.
2776 5330 2895 5397 scr.’
2949 5313 3023 5373 εἷς
3067 5312 3329 5397 Απάζτανε.
3365 5317 3514 5397 Tum
3575 5316 3656 5397 id.

237 5382 459 5464 150113
489 5382 540 5441 ἱ).
565 5382 701 5464 ἐοόΪ
733 5388 845 5464 Reg
923 5388 1047 5464 804,
1092 5382 1164 5464 ἐἰ
1195 5390 1334 5464 Epit.
1371 5382 1530 5443 95'Ita
1692 5393 1746 5443 et
1804 5382 1871 5443 ei
1928 5382 2185 5464 conject._
2206 5388 2287 5453 (1.,
2347 5382 2445 5464 qui
2506 5385 2561 5464 in
2596 5388 2787 5464 ‘textu
2844 5382 3032 5464 τίκτει.
3067 5387 3111 5421 ⁰⁴
3136 5390 3214 5455 τῷ
3237 5388 3475 5464 adjunxi
3508 5404 3557 5442 c.
3592 5388 3659 5464 ρ,

230 5452 280 5495 ’⁷⁵
340 5452 522 5524 Ααῧῆς
573 5460 723 5535 conj.
774 5452 839 5535 Dn.
898 5466 969 5513 At
1009 5452 1176 5535 lectio
1228 5452 1461 5535 vulgata
1513 5460 1673 5535 nulla
1717 5466 1851 5535 eget
1898 5452 2322 5535 emendatione,
2360 5452 2407 5510 si
2439 5462 2565 5535 c._U
2596 5454 2762 5535 legas
2804 5452 3050 5535 πλαστῇς
3088 5452 3423 5535 aptantem
3447 5476 3559 5535 pro
3600 5459 3662 5535 Ci

232 5529 487 5597 πλαστῆς
539 5528 625 5581 καὶ
658 5525 996 5604 προφάσεως.
1030 5531 1086 5584 S.
1122 5525 1483 5601 verumvjam
1519 5532 1685 5584 vidit.
1714 5525 1903 5604 96"Pro
1929 5528 2033 5601 [τό]
2065 5529 2300 5604 Ιδουῃα
2328 5525 2567 5604 ρλατκζυιδ
2614 5526 2673 5579 in
2701 5525 2789 5604 ¹Ο.
2819 5527 2931 5604 ΔΝίι
2983 5531 3123 5604 certi
3148 5525 3400 5604 '_constat
3429 5525 3500 5585 d—e
3530 5531 3657 5586 cod.

234 5586 580 5676 Parisiensi.
616 5586 1121 5676 'l'u:m'o’zy2r:_~.poe%,v
1156 5607 1307 5672 conj.
1346 5586 1429 5676 (ᾗ),
1455 5604 1627 5673 cujus
1655 5606 1852 5676 textus
1881 5586 2213 5676 ἀνατροφήν,
2248 5586 2407 5653 υιὈ.
2442 5595 2744 5676 ἀνατροφήν
2778 5598 2947 5654 etiam
2982 5598 3122 5673 legit
3151 5601 3457 5674 interpres.
3490 5604 3532 5637 ³⁷
3565 5620 3658 5664 ους

230 5692 361 5733 var.
389 5672 526 5731 lect.
560 5689 653 5744 ap.
686 5672 769 5743 C.,
804 5672 878 5733 ὡς
913 5665 1057 5728 bene
1079 5665 1330 5746 uterque
1360 5665 1692 5731 Homicod.
1728 5674 1866 5730 Dein
1896 5665 2233 5741 τεθνηκὸτων
2264 5687 2321 5743 p.
2353 5665 2661 5739 τεθνηκέναι
2687 5668 2749 5727 Ο.

532 5801 799 5862 Pnaon.
831 5800 943 5860 Ga.
988 5800 1065 5862 II.

3301 5801 3371 5864 H
