4114 6338
113 508 238 570 333

1229 508 1764 571 CLEMENTINA.
1797 540 1878 556 —
1906 507 2240 571 HOMILIA
2283 510 2446 573 XIII.

3423 510 3543 571 334

112 641 273 716 κύριέ
309 661 412 713 μου
453 640 643 715 Πέτρε,
675 638 907 715 ἀγνοεῖν,
940 637 1022 695 ὅτι
1076 641 1108 710 ἡ
1159 639 1366 696 πλείων
1418 640 1679 715 ἐπιθυμία
1730 640 1781 712 ἐξ

1895 644 2043 700 veni.
2078 645 2189 700 Sed
2222 661 2326 700 nec
2357 652 2413 701 te
2443 645 2713 717 arbritor,
2741 644 2983 701 domine
3015 643 3095 700 mi
3136 644 3323 711 Petre,
3373 643 3541 715 igno-

115 730 397 802 εύθυμιῶν
434 728 861 803 γίνεται.”Οθεν’
882 726 992 803 ἐγὼ
1026 727 1076 783 ἐν
1110 728 1338 803 εὐθυμία
1367 733 1782 808 σωφρονήσασα,

115 818 170 874 ἐν
236 815 511 890 δυσθυμία
563 817 701 892 πρὸς
751 815 950 887 ἡδονὰς
1004 817 1243 890 ἐμαυτὴν
1289 818 1389 873 ούκ
1447 816 1781 891 ἀποδίδωμι.

114 906 286 965 Αλλά
340 902 482 980 μηδὲ
533 908 625 958 νῦν
699 926 803 978 μου
868 905 1164 982 κακουχίας
1229 905 1591 983 ἀπηλλάχθαι
1628 906 1784 980 νομί-

118 1017 215 1068 σῃς
249 997 295 1031 ¹⁷
347 995 447 1061 τήν
500 994 709 1069 ψυχὴν,
738 994 837 1061 τήν
892 998 1074 1055 ποσῶς
1122 994 1465 1070 παραμυθίας
1512 1000 1781 1070 τυχοῦσαν

120 1080 213 1137 διὰ
264 1084 367 1151 τὴν
419 1081 742 1154 Κλήμεντος
794 1081 1100 1157 ἐπίγνωσιν.
1152 1084 1635 1159 Ἀντεισερχομένη
1682 1084 1782 1158 γὰρ

116 1175 153 1242 ἡ
189 1171 251 1227 ἐκ
288 1176 402 1228 τῶν
458 1169 555 1225 δύο
600 1171 802 1225 τέκνων
858 1192 962 1243 μου
1016 1172 1321 1246 βαρυθυμία
1352 1175 1391 1208 ¹⁸
1415 1173 1505 1226 καὶ
1533 1174 1631 1241 την
1682 1192 1782 1226 πο-

118 1266 227 1322 σῶς
262 1260 509 1333 ἀμαυροῖ
537 1257 732 1335 χαράν.
764 1262 938 1312 Λυπεῖ
967 1259 1070 1333 γὰρ
1100 1261 1250 1331 ἡμᾶς
1305 1258 1367 1314 ού
1412 1263 1670 1314 τοσοῦτον
1719 1258 1783 1313 τὸ

120 1349 173 1403 ἓν
200 1352 274 1423 τῇ
312 1347 556 1421 θαλάσσῃ
582 1346 808 1409 τούτους
861 1345 1287 1421 παραπολέσθαι,
1322 1346 1444 1402 ὅσον
1494 1348 1557 1403 τὸ
1605 1347 1781 1424 χωρὶς

114 1445 215 1508 τῆς
277 1436 428 1497 θείας
486 1436 561 1497 είς
618 1436 745 1491 Θεὸν
807 1430 1075 1498 εὐσεϐείας
1124 1433 1482 1514 διαφθαρῆναι
1541 1435 1675 1509 μετά
1721 1457 1784 1512 γε

111 1531 220 1581 τῶν
254 1529 455 1601 ψυχῶν
489 1524 676 1586 αὐτοῖς
707 1523 795 1579 καὶ
824 1524 893 1579 τὰ
924 1526 1153 1597 σώματα
1181 1527 1244 1582 η.
1278 1525 1334 1578 Ὀ
1366 1522 1423 1579 δὲ
1450 1523 1657 1580 τούτων
1685 1546 1783 1580 πα-

114 1617 241 1689 τὴρ,
277 1616 435 1673 285
498 1611 629 1687 ἐμὸς
691 1610 748 1666 δὲ
808 1606 1061 1686 σύμϐιος,
1121 1611 1196 1675 ὡς
1255 1612 1400 1689 παρᾶ
1458 1612 1779 1687 Κλήμεντος

117 1702 349 1777 ἔμαθον,
383 1701 471 1757 ἐπί
497 1722 558 1756 τε
584 1702 685 1769 τήν
720 1698 858 1773 ἐμὴν
886 1701 975 1755 καὶ
1006 1704 1051 1738 ²⁰
1078 1705 1185 1756 τῶν
1227 1703 1359 1757 υἱῶν
1418 1704 1642 1773 ζήτησιν
1694 1701 1778 1757 ἐκ·

121 1790 240 1861 ϐας,
295 1790 584 1852 τοσούτοις
625 1788 793 1845 ἔτεσιν
843 1790 1050 1868 ἀφανής
1099 1789 1261 1845 ἐστιν’
1304 1791 1519 1851 πάντως
1565 1787 1622 1844 δὲ
1671 1788 1780 1845 ἐτε-

119 1881 409 1952 λεύτησεν.
442 1880 540 1934 Καὶ
572 1879 677 1955 γὰρ
712 1880 741 1935 6
770 1877 1118 1955 ταλαίπωρος
1160 1880 1261 1934 ὑπὸ
1308 1878 1663 1957 σωφροσύνης
1715 1899 1782 1951 με

118 1970 340 2047 ἀγαπῶν
401 1967 723 2047 φιλότεκνος
776 1967 865 2037 ἦν.
926 1969 1080 2022 Ὅθεν
1139 1969 1353 2023 πάντων
1399 1970 1558 2040 ἡμῶν
1591 1972 1698 2021 τῶν
1730 1970 1780 2003 ²²

118 2060 247 2136 ὑπὲρ
282 2059 458 2113 πάντα
490 2056 634 2129 αύτῷ
663 2055 1035 2132 ἠγαπημένων
1072 2057 1351 2134 στερηθεὶς
1383 2056 1411 2111 6
1450 2056 1623 2133 γέρων
1677 2056 1780 2111 ὑπὸ

124 2148 394 2224 μεγίστης
425 2144 660 2219 ἀθυμίας
693 2142 1041 2223 διεφώνησεν.

184 2240 285 2294 VI.
318 2242 432 2305 Τῆς
470 2234 680 2311 μητρὸς
712 2239 878 2289 ταῦτα
916 2231 1209 2309 λεγούσης,
1242 2233 1376 2288 κατᾶ
1420 2233 1520 2302 τήν
1574 2232 1779 2307 Πέτρου

115 2326 433 2402 παραίνεσιν
488 2326 558 2396 ³³,
606 2321 895 2385 ἀκούοντες
937 2320 1115 2377 οὐκέτι
1164 2320 1363 2397 στέγειν
1417 2319 1669 2377 ἐδύναντο
1725 2322 1777 2377 οἱ

116 2414 332 2485 παῖδες,
368 2411 495 2468 ἀλλ’
545 2411 846 2489 ὲγερθέντες
893 2409 1317 2488 περιεπλέκοντο
1375 2410 1533 2485 αὐτῇ,
1592 2408 1779 2466 πολλὰ

118 2502 444 2579 δακρύοντες
506 2502 598 2555 καὶ
657 2500 1096 2579 καταφιλοῦντες.
1128 2502 1191 2557 Ἡ
1226 2498 1283 2555 δὲ
1334 2496 1457 2579 ἔφη·
1512 2500 1571 2554 Τί
1629 2499 1775 2555 θέλει

115 2599 275 2649 τοῦτο
341 2592 519 2659 εἶναι;
576 2590 673 2645 Καὶ
734 2590 761 2643 6
820 2588 1021 2665 Πέτρος
1078 2589 1423 2666 ἀπεκρίνατο.
1488 2590 1771 2662 Παράστη-

118 2705 227 2753 σον,
264 2683 314 2736 ὢ
345 2682 527 2755 γύναι,
568 2678 827 2754 γενναίως
859 2680 947 2733 τὸν
989 2683 1113 2732 νοῦν
1148 2699 1268 2748 σου,
1301 2677 1450 2740 ὅπως
1503 2682 1609 2731 τῶν
1665 2682 1772 2733 σῶν

119 2769 439 2843 ἀπολαύσῃς
498 2767 723 2823 τέκνων.
771 2766 930 2821 Οὗτοι
992 2767 1092 2843 γὰρ
1170 2766 1269 2822 εἶσι
1326 2772 1627 2829 Φαυστῖνος
1684 2767 1773 2822 καὶ

121 2859 532 2926 Φαυπινιανὸς,
567 2858 619 2911 οἱ
650 2856 759 2910 υἱοί
788 2877 904 2928 σου,
939 2856 1030 2919 οὖς
1064 2854 1114 2910 ἐν
1168 2857 1315 2930 βυθῷ
1362 2856 1600 2910 τεθνάναι
1654 2854 1771 2912 ἔλε-

120 2972 229 3025 γες.
282 2952 413 3010 Πῶς
480 2944 538 3001 δὲ
597 2950 781 3018 ζῶσιν,
833 2943 919 2999 ἐπὶ
972 2940 1136 3000 ϐυθοὖ
1196 2947 1242 2981 ²³
1309 2945 1551 3007 θανόντες
1599 2944 1649 2999 ἐν
1702 2950 1771 3019 τῇ

126 3039 496 3114 χαλεπωτάτη
527 3035 702 3104 ἐκείνη
730 3034 904 3104 νυκτὶ,
932 3034 1019 3088 καὶ
1077 3039 1193 3096 πῶς
1238 3038 1329 3089 νῦν
1379 3036 1407 3089 ὁ
1458 3034 1552 3107 μὲν
1596 3033 1771 3089 αὐτῶν

124 3129 369 3197 Νικήτης
429 3123 671 3200 λέγεται,
733 3124 762 3178 6
822 3120 878 3178 δὲ
935 3122 1189 3193 Ἀκύλας,
1241 3122 1393 3177 αὐτοί
1462 3144 1545 3177 σοι
1604 3122 1770 3178 εἰπεῖν

122 3215 469 3286 δυνήσονται·
507 3214 598 3268 σὺν
660 3212 746 3267 σοὶ
800 3212 901 3289 γὰρ
949 3214 1115 3285 ἡμεῖς
1168 3214 1353 3285 μαθεῖν
1386 3210 1608 3288 ἔχομεν.
1638 3217 1772 3267 Ταῦ-

117 3325 179 3358 τα
232 3307 335 3358 τοῦ
386 3300 594 3376 Πέτρου
649 3299 980 3369 εἷπόντος,ἡ
1018 3302 1226 3376 μήτηρ,
1257 3306 1487 3376 χαρεῖσα
1544 3298 1767 3378 σφόδρα,

118 3394 220 3448 ὑπὸ
280 3389 557 3451 ἑκλύσεως
615 3388 807 3465 ὀλίγου
865 3386 1133 3466 διεφώνει.
1166 3392 1292 3444 Ὅτε
1348 3386 1407 3443 δὲ
1462 3376 1627 3459 αὐτην
1685 3376 1845 3444 ἀν-(ἶ

117 3480 487 3554 εκτησάμεθα,
541 3477 824 3551 ἐκαθέσθη,
881 3477 969 3532 καὶ
1028 3478 1221 3547 ἑαυτῆς
1296 3478 1562 3555 γενομένη
1632 3476 1764 3557 ἔφη·

120 3567 459 3648 Παρακαλῶ,
492 3569 650 3623 τέκνα
686 3588 789 3641 μου
828 3567 1071 3635 ποθεινὰ,
1106 3563 1288 3622 εἲίπατε
1330 3569 1463 3641 ἡμῖν
1513 3568 1581 3624 τὰ
1643 3570 1777 3643 μετὰ

122 3664 219 3731 τὴν
255 3657 518 3735 χαλεπὴν
549 3656 761 3728 ἐκείνην
791 3655 955 3711 νύκτα
985 3651 1265 3729 συμϐάντα
1296 3656 1441 3731 ὑμῖν.

196 3840 358 3897 288
391 3839 516 3894 VII.
547 3837 645 3890 Καὶ
676 3836 703 3890 6
736 3836 996 3906 Νικήτης,
1018 3838 1115 3890 τοῦ
1149 3833 1349 3890 λοιποῦ
1379 3840 1678 3900 Φαυστῖνος
1710 3840 1779 3909 ει,

130 3928 332 4004 ἤρξατο
368 3925 567 4000 λέγειν’
598 3924 705 3993 Τῆς
736 3923 903 3993 αὐτῆς
936 3923 1147 3994 ἐκείνης
1178 3925 1368 3987 νυκτὸς
1415 3930 1510 3980 τοῦ
1558 3926 1780 3989 πλοίου,

134 4018 205 4078 ὡς
262 4016 444 4086 οἶσθα,
498 4010 883 4084 διαλυομένου,
940 4015 1086 4085 ἡμᾶς
1143 4010 1330 4085 ἄνδρες
1383 4014 1545 4085 τινὲς,
1604 4013 1656 4069 ἐν
1708 4018 1786 4087 τῷ

141 4108 285 4180 βυθῷ
348 4101 626 4178 Αηστεύειν
688 4102 764 4174 μή
818 4096 1170 4179 φοϐούμενοι,
1204 4100 1482 4158 ἀνείλοντο
1515 4106 1580 4174 ²⁶,
1612 4103 1700 4157 καὶ
1733 4103 1785 4158 ἐν

139 4194 310 4272 σκάφη
341 4192 523 4254 θέντες
554 4192 643 4246 καὶ
700 4190 910 4253 κώπαις
969 4188 1308 4260 ἐλαύνοντες,
1340 4192 1429 4246 ὁτὲ
1490 4193 1583 4265 μὲν
1644 4193 1788 4269 παρὰ

138 4291 234 4359 γῆν
268 4280 486 4360 ἔφερον,
512 4280 602 4335 ὁτὲ
632 4280 690 4333 δὲ
718 4279 806 4333 καὶ
836 4280 1043 4356 τροφὰς
1070 4280 1549 4353 μεταπεμπόμενοι
1582 4280 1659 4343 εἷς
1688 4283 1787 4351 την

141 4372 459 4443 Στράτωνος
497 4370 631 4444 ἦγον
672 4367 1006 4441 Καισάρειαν·
1031 4367 1185 4422 κάκεῖ
1215 4365 1540 4444 δακρύοντας
1570 4373 1613 4406 ³⁸
1643 4372 1791 4442 ἡμᾶς

141 4459 313 4531 λτμῷ,
340 4454 500 4535 φόϐῳ
528 4479 587 4513 τε
616 4456 707 4511 καὶ
736 4455 1003 4532 πληγαῖς,
1028 4454 1178 4519 ὅπως
1215 4459 1288 4530 μή
1323 4478 1373 4511 τι
1405 4459 1669 4533 προπετὲς
1702 4457 1796 4513 λα-

146 4546 403 4621 λήσωμεν
429 4552 542 4602 τῶν
576 4545 759 4607 αὐτοῖς
793 4547 869 4617 μή
905 4542 1232 4618 δοκούντων,
1267 4544 1343 4600 ἔτι
1391 4568 1449 4601 τε
1494 4550 1537 4583 ³⁷
1595 4547 1683 4601 καὶ
1729 4552 1797 4603 τὰ

148 4638 199 4691 ἐν
219 4638 389 4708 ίματα
417 4640 577 4708 ἡμῶν
613 4632 1234 4705 ἀλλάξαντες,πωλῆσαι
1266 4631 1634 4705 ἠδυνήθησαν.
1654 4637 1795 4705 Γυνή

1895 750 2044 803 rare,
2078 735 2357 805 majorem
2388 734 2769 805 cupiditatem
2819 751 2888 789 ex
2918 733 3049 789 laata
3092 734 3326 789 fortuna
3381 731 3540 787 oriri.

1897 821 2056 877 Unde
2085 839 2190 895 ego
2222 840 2346 893 quas
2379 822 2437 877 in
2469 822 2739 878 secundis
2771 822 2943 878 rebus
2977 826 3297 894 temperate
3314 820 3449 890 vixi,
3481 820 3543 875 in

1894 911 2206 967 afﬂictione
2239 928 2331 967 me
2359 912 2755 983 voluptatibus
2780 929 2890 967 non
2912 914 3161 966 tradam.
3188 914 3387 982 Neque
3412 924 3543 965 vero

1894 1016 2049 1054 nunc
2084 1002 2347 1056 animum
2377 1016 2573 1056 meum
2604 1000 2900 1056 existimes
2935 998 3281 1072 aegritudine
3312 1014 3439 1054 esse
3474 995 3544 1051 li-

1893 1089 2120 1156 berum,
2168 1090 2267 1161 qui
2324 1089 2592 1145 nonnihil
2651 1088 3068 1144 consolationis
3103 1104 3206 1160 per
3234 1084 3548 1143 Clementis

1893 1176 2248 1249 agnitionem
2280 1183 2486 1234 nactus
2514 1178 2708 1233 fuerit.
2738 1178 3070 1233 Succedens
3094 1193 3349 1248 namque
3369 1174 3553 1231 tristi-

1894 1265 1975 1320 tia
1994 1282 2061 1321 ex
2086 1266 2337 1322 duorum
2369 1266 2686 1323 liberorum
2732 1267 2973 1321 interitu
3008 1270 3145 1320 nata
3204 1266 3378 1320 etiam
3438 1264 3549 1319 hoc

1891 1353 2261 1425 aliquantum
2294 1356 2576 1427 gaudium
2608 1356 2904 1411 obscurat.
2962 1354 3191 1409 Etenim
3250 1370 3364 1409 non
3416 1356 3543 1409 tam

1891 1442 2046 1498 circa
2085 1459 2182 1499 eos
2224 1443 2513 1511 dolemus,
2548 1445 2704 1516 quod
2737 1444 2796 1499 in
2846 1443 2993 1499 mari
3051 1442 3319 1509 obierint,
3362 1456 3544 1513 quam

1891 1532 2046 1603 quod
2079 1536 2239 1588 extra
2277 1532 2533 1589 divinam
2583 1531 2924 1605 religionem
2980 1531 3217 1603 mortui,
3268 1528 3546 1602 perierint

1890 1636 2129 1693 corpore
2159 1625 2215 1676 et
2245 1621 2461 1677 anima.
2486 1621 2654 1677 Pater
2675 1626 2870 1676 autem
2901 1636 3104 1676 eorum
3123 1635 3408 1691 meusque
3430 1618 3541 1684 vir,

1891 1710 2387 1780 quemadmodum
2440 1727 2541 1782 per
2565 1709 2921 1767 Clementem
2953 1708 3231 1782 comperi,
3264 1709 3336 1765 ad
3386 1724 3542 1780 qum-

1890 1798 2137 1853 rendum
2172 1814 2261 1853 me
2292 1816 2357 1854 ac
2389 1799 2603 1855 liberos
2636 1815 3006 1871 progressus,
3053 1802 3137 1853 tot
3193 1797 3366 1854 annis
3426 1812 3542 1852 non

1890 1894 2224 1958 comparet:
2259 1904 2505 1959 prorsus
2540 1904 2669 1945 vero
2702 1887 2944 1943 interiit.
2979 1887 3209 1943 Etenim
3244 1884 3445 1942 infelix
3468 1885 3543 1942 ob

1890 1976 2308 2031 continentiam
2328 1975 2607 2049 diligebat
2625 1993 2738 2045 me,
2757 1980 2816 2031 et
2832 1980 2957 2031 erat
2977 1992 3183 2031 amans
3202 1972 3543 2030 liberorum.

1890 2064 2078 2128 Quare
2108 2066 2335 2121 cunctis
2367 2065 2556 2133 nobis,
2590 2082 2623 2121 a
2645 2081 2706 2120 se
2736 2081 2914 2136 super
2942 2063 3140 2119 omnia
3174 2062 3428 2129 dilectis,
3452 2078 3544 2119 or-

1890 2154 2065 2210 batus
2092 2170 2269 2210 senex
2299 2171 2415 2225 pra
2446 2154 2702 2209 maximo
2736 2152 2931 2209 dolore
2958 2152 3255 2209 occubuit.

1962 2242 2049 2299 VI.
2085 2242 2327 2299 Matrem
2358 2259 2491 2299 vero
2523 2242 2643 2298 haec
2682 2241 2936 2298 locutam
2987 2240 3153 2298 liberi
3202 2238 3532 2308 audientes,

1889 2348 2005 2387 non
2024 2330 2278 2404 amplius
2294 2332 2617 2387 secundum
2632 2331 2782 2386 Petri
2799 2330 3255 2386 admonitionem
3279 2345 3340 2384 se
3352 2327 3539 2384 conti-

1887 2437 2023 2477 nere
2046 2426 2392 2492 potuerunt:
2428 2421 2526 2476 sed
2560 2425 2868 2492 surgentes
2902 2417 3181 2490 complexi
3215 2420 3353 2472 sunt
3380 2432 3537 2487 eam,

1886 2514 1944 2565 et
1972 2527 2104 2565 cum
2139 2509 2339 2565 multis
2371 2508 2641 2581 lacrymis
2662 2509 2931 2565 osculati.
2958 2514 3031 2562 At
3062 2507 3161 2562 illa
3180 2506 3356 2561 dixit:
3386 2505 3536 2570 Quid

1886 2599 1995 2654 hoc
2026 2599 2138 2654 sibi
2168 2598 2337 2653 vult?
2369 2599 2689 2671 Respondit
2718 2599 2957 2654 Petrus:
3004 2597 3232 2651 Advoca
3288 2595 3533 2664 fortiter,

1886 2706 1917 2744 o
1942 2688 2179 2759 femina,
2214 2689 2479 2743 animum
2512 2694 2701 2755 tuum,
2740 2693 2804 2742 ut
2837 2686 2987 2743 natis
3018 2684 3137 2741 tuis
3172 2684 3402 2739 fruaris.
3429 2682 3533 2739 Isti

1884 2777 2039 2834 enim
2072 2782 2214 2833 sunt
2236 2777 2552 2833 Faustinus
2583 2782 2639 2832 et
2659 2776 3093 2841 Faustinianus,
3121 2772 3224 2828 filii
3249 2772 3357 2840 tui,
3382 2788 3532 2843 quos

1885 2867 1943 2921 in
1976 2867 2265 2939 profundo
2298 2865 2539 2937 periisse
2561 2864 2812 2935 dicebas.
2848 2865 2970 2929 Quo
3020 2862 3191 2917 modo
3224 2865 3417 2916 autem
3448 2860 3532 2914 vi-

1882 2962 2022 3010 vant
2052 2954 2110 3009 in
2136 2954 2237 3011 illa
2266 2953 2529 3009 horribili
2558 2958 2725 3009 nocte
2756 2950 2969 3007 mortui
3002 2951 3058 3005 in
3092 2950 3315 3022 pelago,
3340 2955 3395 3004 et
3415 2965 3531 3021 quo

1884 3044 2058 3099 modo
2090 3059 2245 3098 nunc
2277 3042 2426 3097 alius
2449 3041 2710 3113 ipsorum
2741 3040 2971 3095 Nicetas
3003 3042 3059 3093 et
3112 3038 3264 3094 alius
3320 3036 3531 3109 Aquila

1884 3132 2241 3197 nominetur,
2272 3131 2384 3203 ipsi
2417 3129 2519 3185 tibi
2553 3144 2838 3201 exponere
2866 3132 3177 3200 poterunt:
3211 3130 3267 3181 et
3299 3142 3417 3181 una
3442 3129 3529 3181 te-

1882 3238 2017 3277 cum
2049 3221 2224 3276 etiam
2257 3219 2365 3275 hos
2419 3219 2747 3273 audiemus.
2777 3216 2881 3272 Ubi
2916 3224 3038 3271 haec
3098 3215 3297 3270 Petrus
3355 3212 3524 3281 dixit,

1884 3314 2088 3375 mater,
2113 3309 2486 3364 vehementer
2541 3305 2761 3378 gavisa,
2785 3304 3041 3376 deliquio
3098 3302 3523 3375 propemodum

1884 3398 2215 3455 exanimata
2235 3402 2341 3453 est.
2369 3396 2685 3467 Postquam
2707 3410 2840 3449 vero
2868 3392 3029 3448 illam
3053 3390 3526 3459 refocillavimus,

1884 3488 2057 3552 sedit,
2090 3492 2260 3557 atque
2292 3485 2349 3540 in
2381 3484 2757 3555 semetipsam
2809 3498 3077 3555 regressa
3104 3480 3221 3537 ait:
3278 3480 3525 3537 Obsecro

1884 3593 2005 3644 vos,
2058 3573 2386 3631 dulcissimi
2448 3573 2572 3638 filii,
2632 3572 2805 3629 dicite
2863 3570 3053 3639 nobis,
3112 3587 3243 3641 quas
3300 3570 3533 3625 accide-

1886 3666 2005 3721 rint
2050 3664 2213 3720 vobis
2271 3666 2401 3736 post
2470 3660 2631 3718 illam
2688 3660 3078 3734 perniciosam
3136 3664 3193 3716 et
3240 3656 3533 3715 crudelem

1892 3757 2148 3809 noctem.

1961 3842 2084 3897 VII.
2116 3845 2262 3896 Tum
2293 3840 2545 3908 Nicetas,
2579 3839 2678 3911 qui
2712 3842 2770 3894 et
2792 3854 2947 3893 nunc
2978 3836 3315 3906 Faustinus,
3363 3833 3541 3906 coepit

1894 3930 2121 3986 dicere:
2156 3929 2219 3985 In
2250 3928 2351 3983 illa
2398 3929 2526 4000 ipsa
2557 3932 2743 3993 nocte,
2776 3943 2909 3982 cum
2942 3926 3127 3995 navis,
3163 3925 3543 3997 quemadmo-

1896 4020 2037 4075 dum
2068 4018 2242 4083 nosti,
2281 4017 2489 4073 fuisset
2519 4016 2794 4083 resoluta,
2850 4016 2957 4070 viri
3007 4015 3270 4086 quidam,
3324 4012 3424 4085 qui
3480 4012 3542 4067 in

1899 4112 2044 4164 mari
2076 4106 2410 4163 latrocinari
2460 4123 2575 4160 non
2632 4109 2922 4172 verentur,
2982 4107 3261 4175 ceperunt
3306 4119 3434 4167 nos,
3488 4105 3544 4157 et

1899 4195 2177 4253 naviculae
2236 4196 2663 4266 imposuerunt,
2724 4200 2780 4249 et
2836 4192 3173 4265 remigando
3228 4190 3544 4263 aliquando

1901 4286 1971 4341 ad
2005 4290 2218 4340 terram
2251 4284 2605 4350 deferebant,
2638 4281 2953 4353 aliquando
2985 4286 3041 4335 et
3071 4280 3230 4335 cibos
3288 4294 3546 4335 accerse-

1902 4375 2064 4441 bant,
2097 4374 2299 4445 sicque
2328 4373 2647 4428 Caesaream
2671 4371 2959 4427 Stratonis
2990 4371 3414 4442 perduxerunt:
3445 4367 3549 4423 ibi-

1905 4481 2017 4538 que
2047 4480 2154 4518 nos
2198 4462 2253 4517 in
2310 4462 2597 4534 lacrymas
2648 4460 2863 4515 ell‘usos
2896 4460 3067 4529 fame,
3104 4463 3284 4529 metu,
3344 4456 3546 4515 verbe-

1905 4554 2071 4610 ribus
2124 4551 2467 4624 afﬂigentes,
2538 4566 2609 4606 ne
2666 4548 2808 4621 quid
2866 4553 3083 4604 temere
3129 4551 3330 4602 contra
3377 4560 3549 4600 suam

1909 4641 2260 4700 sententiam
2294 4640 2685 4711 loqueremur,
2730 4637 3061 4693 immutatis
3103 4636 3281 4691 etiam
3334 4632 3554 4690 nostris

150 4723 202 4779 δέ
230 4746 315 4788 τις
339 4722 606 4785 ἰουδαίας
632 4726 676 4759 ²⁸
699 4722 1063 4797 προσήλυτος,
1080 4720 1369 4797 ἀξιόλογος
1390 4721 1549 4793 πάνυ,
1571 4724 1773 4798 ὀνόματ

1909 4730 2269 4793 nominibus,
2318 4729 2724 4784 vendiderunt.
2790 4731 2962 4782 Porro
3023 4724 3235 4780 mulier
3284 4723 3554 4795 quaedam

150 4815 376 4885 Ἰοῦστα,
410 4812 741 4883 ὠνησαμένη
774 4814 922 4884 ἡμᾶς
952 4811 1027 4873 εἰς
1054 4813 1255 4867 τέκνων
1288 4810 1579 4889 ἐφύλαττεν
1612 4814 1796 4888 τύπον,

150 4904 235 4958 ιιχί
266 4906 415 4977 πάσῃ
442 4902 747 4974 Ἑλληνικῇ
777 4899 996 4972 παιδείᾳ
1030 4903 1162 4975 μετᾶ
1206 4899 1445 4972 σπουδῆς
1498 4902 1800 4974 ἐξεπαίδευ-

154 5014 256 5049 σεν.
289 4994 480 5065 Ἡμεῖς
512 4988 571 5045 δὲ
600 4989 682 5068 ἐφ’
711 4988 935 5059 ἡλικίας
977 4989 1241 5069 ἔμφρονες
1270 4990 1552 5067 γενόμενοι
1580 4993 1670 5047 καὶ
1700 4995 1799 5065 τήν

1909 4820 2063 4893 apud
2088 4819 2319 4873 Judaeos
2352 4815 2659 4888 proselyta,
2712 4816 2957 4871 honesta
2988 4812 3328 4881 admodum,
3383 4812 3559 4867 Justa

1911 4907 2170 4975 nomine,
2220 4922 2355 4961 cum
2413 4921 2519 4960 nos
2564 4904 2825 4975 emisset,
2884 4903 3091 4959 habuit
3121 4902 3244 4958 loco
3278 4900 3556 4971 ﬁliorum,

1912 5002 2088 5070 atque
2117 4994 2392 5051 omnibus
2413 4990 2628 5050 Grzscis
2649 4991 2975 5064 disciplinis
2997 4989 3258 5047 studiose
3287 4988 3559 5046 erudivit.

1524 5143 1763 5202 VARI/E
1802 5147 2189 5205 LECTIONES

223 5263 266 5297 ¹τ
297 5255 544 5330 νομίσειν
578 5258 645 5313 Ο.

156 5337 190 5387 C
222 5334 351 5388 haec

162 5427 253 5474 μαι
288 5433 362 5444 —-—
395 5401 635 5474 ἐμαυτήν
685 5416 817 5474 _var.
838 5401 965 5474 lect
1013 5419 1104 5474 ap_.
1139 5401 1435 5474 eumdem,
1468 5401 1680 5474 παρὰκα

160 5468 300 5545 Ἡμὶι.
359 5468 641 5549 refersne)
682 5468 734 5549 ἐν
769 5468 1012 5549 θαλάσσῃ
1048 5468 1429 5549 ’διεφώνησπενέ
1462 5468 1589 5549 εἰ)λῖ

160 5541 291 5600 θεοῦ
320 5541 714 5620 φθαρέντεςτὰ
744 5542 970 5620 σώματα
989 5541 1084 5620 ’καὶ
1112 5541 1207 5604 τᾶς
1240 5541 1422 5618 ψυχὰς
1452 5541 1757 5603 ἀπώλοντο.

167 5614 371 5694 ιίέτρου
400 5614 711 5701 παραίνεσιν
746 5622 879 5701 post
908 5614 1083 5669 οὐκέτι
1118 5614 1356 5701 rcctius"
1387 5616 1628 5701 collocat
1656 5622 1809 5701 lz‘pz't'.

726 5257 785 5335 ιε
807 5255 1056 5313 ἀπώλεια
1085 5262 1146 5325 ο,
1179 5258 1279 5330 qui
1339 5258 1491 5335 conj.
1524 5255 1825 5335 dnmleiae
1852 5262 2070 5335 ἀθυμία.
2104 5263 2167 5335 In
2216 5262 2364 5332 Epit.
2411 5255 2649 5335 deut-li“:

1619 5474 1726 5550 οὐχ
1755 5474 1883 5585 (ούῆ
1915 5474 2140 5585 αόὶᾶἱόἑὶ
2172 5476 2239 5585 Dp)

2730 5257 2774 5294 ¹⁹
2812 5257 2926 5313 Cfr.
2989 5256 3128 5328 Epit.
3187 5270 3237 5312 c.
3293 5253 3418 5309 402.
3455 5254 3561 5328 _Ap.

450 5330 687 5407 ericdus
748 5329 833 5385 ita
854 5401 865 5407 _
889 5335 1059 5386 sonat
1088 5348 1101 5386 :
1137 5325 1550 5407 Παραινέσωμεν
1581 5325 1999 5407 (παρανιάζομὲν
2053 5334 2140 5407 vel
2195 5325 2713 5407 ndpnvtigcopsvnid.
2748 5345 2828 5407 ex_
2874 5325 3141 5407 conject",
3173 5325 3564 5407 παραμυθήσος

1681 5350 1999 5459 ςανιαςομεν
2053 5350 2140 5388 vel
2195 5350 2607 5406 παρανιαςωμεν
2638 5350 2713 5384 ια.
2748 5350 2817 5384 ex
2874 5350 3141 5399 comem",
3173 5350 3563 5401 παραμυθησυ-

1723 5404 1914 5495 ἑσομαι
1948 5405 2149 5488 1))ογᾲρ
2202 5401 2325 5530 περὶ
2381 5400 2555 5489 αὐτῶν
2611 5398 2701 5489 ὅτε
2752 5399 2882 5524 (ούέ
2940 5397 3021 5486 ιξὶτι
3081 5398 3352 5483 pr0~ponit
3403 5400 3462 5461 C,
3491 5395 3563 5452 ad

1686 5494 1720 5530 γ
1755 5479 1880 5530 (ουν
1915 5479 2140 5530 addidit
2172 5476 2239 5530 Dl
2302 5494 2351 5527 τι
2384 5492 2519 5530 προς
2575 5491 2790 5530 τουτοις
2874 5489 2997 5530 κτος
3045 5488 3245 5530 τειγων
3278 5465 3563 5530 θρησκείας

2874 5489 2935 5523 κτ

2302 5494 2351 5527 τι
2384 5472 2519 5545 πρὸς
2575 5465 2790 5545 τούτοις
2844 5465 2997 5545 ἰκτὸς
3025 5465 3245 5545 ,τειχῶν
3278 5465 3567 5545 θρησκείας

2334 5546 2378 5580 ²¹
2409 5539 2515 5597 τῶν
2551 5544 2747 5597 addidi
2798 5559 2845 5597 c.
2879 5543 2942 5597 Ο.
3021 5543 3066 5577 ²²
3093 5539 3239 5597 Vbb.
3286 5539 3422 5594 κατὰ
3464 5539 3565 5607 τήν

1912 5548 1999 5602 καὶ
2047 5549 2147 5616 τήν
2196 5548 2255 5601 C.
2334 5548 2378 5580 ²¹
2409 5548 2515 5597 τῶν
2551 5548 2747 5597 addidi
2798 5559 2845 5597 c.
2879 5548 2942 5597 Ο.
3021 5548 3066 5577 ³³
3097 5548 3239 5597 Vbb.
3286 5548 3422 5594 κατὰ
3464 5548 3565 5607 τήν

1888 5622 1933 5656 ³³
1970 5620 2134 5695 βυθοῦ
2165 5620 2501 5695 conjectura
2552 5617 2628 5695 ad
2687 5632 2846 5695 ora_m
2898 5612 3294 5695 ‘Ottobon‘iani,
3327 5612 3385 5666 in
3450 5612 3568 5695 ου).

168 5680 323 5746 textu
387 5680 503 5763 σου,
536 5693 600 5763 ut
648 5685 723 5763 _C.
758 5683 913 5763 τέκνα
978 5706 1080 5757 μου
1121 5686 1376 5763 ’ποθεινῂ
1426 5684 1581 5763 τέκνα
1628 5680 2145 5763 γλυκύταταξτέκνα
2189 5680 2412 5763 καρδίας
2468 5684 2679 5740 καύσων
2736 5691 2837 5753 τῆς
2894 5682 3052 5757 ἐμῆς,
3114 5680 3297 5738 εἷ’πατέ
3352 5700 3451 5763 μοι
3507 5680 3569 5736 Ο.

130 5790 131 5795 η
169 5764 204 5797 ⁸
234 5763 381 5817 Vbb.
411 5762 511 5812 τοῦ
542 5756 598 5813 λ.
630 5761 932 5818 Φαυστῖνος
964 5754 1079 5814 om.
1113 5760 1177 5814 Ο.
1256 5759 1302 5793 π
1332 5754 1610 5811 ἀνείλαντο
1641 5754 1703 5817 C.

171 5836 202 5892 ρ
233 5836 439 5892 deesse
468 5828 698 5904 aliquid
731 5833 917 5901 putat.
992 5830 1036 5865 ³⁷
1066 5825 1123 5885 δέ
1153 5830 1215 5896 (3.,
1294 5829 1339 5865 ³⁸
1372 5825 1658 5894 Ἰουδαίοις
1685 5832 1748 5890 C.

1780 5763 1824 5799 ²⁶
1855 5757 2135 5824 δάκνοντες
2166 5757 2320 5833 conj.
2354 5760 2421 5832 D,
2444 5760 2747 5832 a/ﬂigentes
2776 5773 2874 5815 nos
2902 5760 3069 5831 fame.
3096 5757 3230 5814 Ruf.
3253 5757 3313 5812 in
3342 5757 3573 5829 Recogn.
