4114 6338
560 530 681 592 335

1391 530 1458 590 S.
1504 524 1943 590 CLEMENTIS
1988 527 2013 586 Ι
2059 520 2246 585 BOM.
2295 520 2525 585 PONT.
2574 523 2834 583 OPEIlA
2878 521 3144 582 DUBIA.

3850 521 3975 584 336

564 667 684 719 Nos
715 680 848 720 vero
880 680 982 736 per
1016 666 1241 717 aitatem
1263 663 1579 733 prudentes
1599 660 1753 729 facti,
1790 665 1846 716 et
1871 659 2209 731 religionem

2330 652 2611 729 θρησκείαν
2651 654 3030 728 ἠγαπήσαμεν,
3063 652 3153 706 καὶ
3198 657 3265 706 τὰ
3318 658 3418 721 τῆς
3477 649 3725 713 παιδείας
3786 652 3976 729 ἐφιλο-

568 753 914 818 amavimus,
944 752 1231 807 etlitteris
1261 752 1525 825 gnaviter
1554 766 1789 822 operam
1822 749 2113 813 dedimus,
2146 752 2213 803 ut

566 858 701 898 cum
737 841 974 914 reliquis
1014 840 1285 914 gentibus
1344 840 1733 910 disputantes,
1766 854 1864 893 eas
1909 839 1980 893 de
2020 852 2211 893 errore

568 947 878 1004 possemus
902 947 1164 1001 arguere.
1188 930 1298 985 Sed
1328 933 1384 983 et
1404 927 1821 1001 perdidicimus
1842 926 2209 999 philosopho.

569 1035 703 1074 rum
743 1019 992 1083 decreta,
1021 1018 1272 1073 maxime
1304 1033 1433 1088 quas
1463 1034 1496 1071 a
1525 1016 1734 1087 pietate
1764 1016 1822 1070 in
1858 1020 2041 1070 Deum
2074 1014 2210 1070 alie-

568 1106 820 1163 nissima
851 1111 1011 1173 sunt,
1047 1105 1299 1179 Epicuri,
1331 1106 1596 1176 inquam,
1622 1108 1679 1159 et
1712 1102 2043 1175 Pyrrhonis,
2096 1118 2211 1174 quo

569 1196 761 1267 magis
796 1212 1102 1267 possemus
1128 1195 1449 1251 confutare.

639 1301 786 1358 VIII.
818 1302 1102 1358 Caeterum
1135 1317 1253 1355 una
1301 1315 1436 1355 cum
1486 1298 1726 1354 Simone
1758 1298 2009 1370 quodam
2042 1312 2212 1369 mago

568 1390 819 1456 educati,
854 1390 1075 1444 ratione
1106 1387 1380 1443 amicitiae
1409 1387 1469 1441 in
1504 1386 1768 1441 fraudem
1824 1386 1940 1441 fere
1990 1385 2212 1439 inducti

568 1477 1188 1534 fuimus.Ferturenim
1207 1477 1471 1548 quaedam
1487 1476 1556 1531 de
1574 1474 1769 1546 aliquo
1783 1474 2017 1530 homine
2038 1475 2211 1539 fama,

568 1568 668 1640 qui
701 1566 799 1621 ubi
831 1565 1185 1638 apparuerit,
1218 1564 1489 1620 universa
1518 1564 1747 1636 piorum
1806 1563 2122 1618 multitudo
2154 1562 2211 1616 in

570 1672 748 1729 regno
776 1655 929 1711 vivet
958 1660 1235 1726 perpetuo
1265 1670 1332 1709 ac
1360 1653 1508 1708 citra
1538 1652 1885 1709 molestiam.
1936 1652 2046 1707 Sed
2098 1652 2214 1706 haec

572 1745 698 1811 tibi,
734 1749 939 1811 mater,
973 1742 1312 1815 diligentius
1332 1742 1390 1797 in
1417 1747 1676 1813 tempore
1697 1747 2075 1813 exponentur.
2097 1740 2213 1794 Nos

572 1833 807 1888 interim
854 1848 987 1887 cum
1041 1848 1187 1903 pene
1238 1833 1364 1903 jam
1420 1831 1824 1903 deciperemur
1870 1847 1905 1884 a
1958 1829 2213 1896 Simone,

572 1921 813 1993 quidam
843 1920 1063 1992 collega
1090 1920 1312 1976 domini
1342 1920 1524 1976 nostri
1559 1919 1734 1985 Petri,
1782 1918 2055 1973 Zachieus
2112 1933 2214 1972 no-

2322 745 2657 816 πονήσαμεν,
2691 742 2840 805 ὅπως
2872 743 3009 817 πρὸς
3068 742 3136 795 τὰ
3182 740 3350 795 λοιπά
3406 738 3526 811 ἔθνη
3590 739 3974 818 διαλεγόμενοι

2322 830 2566 907 ἐλέγχειν
2599 831 2733 886 αὐτὰ
2760 831 2884 905 περὶ
2930 830 3144 900 πλάνης
3196 828 3500 903 δυνώμεθα.
3535 829 3711 886 ’Λλλά
3767 832 3858 886 καὶ
3906 833 3977 887 τὰ

2322 920 2635 1000 φιλοσόφων
2668 916 3077 995 ἡκριϐώσαμεν,
3111 918 3394 997 ἐξαιρέτως
3444 917 3499 974 δὲ
3555 920 3623 974 τὰ
3672 921 3972 996 ἀθεώτατα,

2322 1008 2467 1085 λέγω
2498 1007 2563 1079 δὴ
2599 1013 2645 1047 ²⁹
2672 1010 2739 1065 τά
2770 1009 3096 1085 Ἐπικούρου
3145 1009 3233 1063 καὶ
3265 1008 3581 1085 Πόρῥωνος,
3606 1008 3697 1065 ’ίνα
3748 1010 3967 1084 μᾶλλον

2321 1099 2696 1168 ἀνασκευάζειν
2732 1096 3035 1171 δυνώμεθα.

2393 1300 2545 1353 VIII.
2581 1294 2791 1367 Σίμωνι
2822 1290 2879 1349 δέ
2906 1314 3012 1347 τινι
3050 1295 3206 1370 μάγῳ
3255 1292 3449 1369 σχεδὸν
3490 1294 3781 1374 σύντροφοι
3822 1296 3977 1373 γενό-

2325 1405 2496 1456 μενοι,
2556 1382 2742 1461 φιλίας
2798 1385 2845 1420 ³ο
2914 1380 3025 1454 ὁδῷ
3096 1383 3435 1453 ἀπατηθῆναι
3506 1382 3974 1459 ἐκινδυνεύσαμεν.

2322 1478 2473 1526 Ἔστι
2503 1475 2545 1509 ³¹
2581 1469 2637 1525 δέ
2666 1493 2748 1533 τις
2773 1472 2895 1547 περὶ
2928 1471 3216 1547 ἀνθρώπου
3256 1472 3400 1532 τινὸς
3450 1471 3634 1545 λόγος,
3669 1474 3730 1527 οὗ
3777 1475 3972 1551 φανέν-

2320 1582 2411 1622 τος
2443 1560 2492 1614 έν
2530 1560 2776 1635 βασιλείᾳ
2800 1565 2906 1614 τῶν
2942 1556 3375 1630 θεοσεϐησάντων
3408 1556 3583 1635 ὄχλος
3614 1565 3661 1599 ³⁸
3690 1563 3975 1626 ἀθανάτως

2322 1651 2410 1704 καὶ
2469 1648 2691 1710 ἀλύπως
2723 1652 2869 1707 287
2912 1650 3105 1724 βιῶσαι
3154 1648 3290 1724 ἔχει·
3325 1648 3476 1722 ὅμως
3518 1656 3686 1706 ταῦτα
3734 1654 3828 1723 μέν
3860 1674 3975 1720 σοι,

2329 1746 2498 1811 μῆτερ
2555 1740 2619 1805 ³³,
2681 1737 2768 1793 ἐπὶ
2826 1744 3016 1811 καιροῦ
3073 1734 3448 1813 ἀκριϐέστερον
3506 1739 3842 1811 ἐκτεθνςσεται
3906 1745 3975 1777 ³⁸·

2326 1826 2477 1895 Πλὴν
2540 1824 2833 1899 μέλλουσιν
2870 1830 3005 1899 ἡμῖν
3062 1827 3355 1881 ἀπατᾶσθαι
3409 1828 3510 1883 ὑπὸ
3561 1834 3659 1883 τοῦ
3720 1829 3980 1901 Σίμωνος

2328 1916 2537 1990 ἑταῖρός
2567 1936 2649 1977 τις
2691 1920 2787 1969 τοῦ
2838 1916 3028 1990 κυρίου
3078 1918 3237 1987 ἡμῶν
3298 1917 3524 1991 Πέτρου,
3558 1923 3828 1993 Ζακχαῖος
3888 1918 3979 1974 λε-

571 2010 750 2080 mine,
784 2010 1064 2065 accedens
1096 2010 1324 2064 monuit
1355 2026 1425 2064 ne
1473 2007 1806 2063 falleremur
1858 2024 1892 2062 a
1924 2006 2110 2077 Mago,
2160 2008 2214 2060 et

2330 2005 2575 2081 γόμενος,
2634 2005 3051 2080 προσηκάμενος
3110 2002 3423 2074 ἐνουθέτησε
3473 2006 3547 2077 μή
3628 2007 3977 2077 ἀπατηθῆναι

571 2099 738 2154 Petro
781 2098 1110 2154 advenienti
1143 2115 1249 2153 nos
1291 2097 1522 2167 obtulit,
1551 2101 1615 2151 ut
1665 2096 1736 2152 ab
1793 2097 1919 2167 ipso
1970 2095 2217 2167 perfecte

574 2204 702 2260 quas
736 2191 1003 2259 spectant
1045 2186 1114 2241 ad
1175 2186 1402 2241 cultum
1461 2184 1559 2240 Dei
1607 2185 1968 2240 doceremur.
2031 2185 2217 2248 Quare

572 2276 748 2332 etiam
776 2280 833 2330 te
890 2292 1148 2341 oramus,
1209 2279 1415 2340 mater,
1462 2279 1526 2329 ut
1572 2290 1699 2345 quae
1758 2290 1862 2327 nos
1919 2271 2217 2327 consecuti

573 2381 783 2420 sumus
815 2364 986 2430 bona,
1034 2362 1135 2417 illa
1164 2366 1220 2417 et
1275 2367 1337 2417 tu
1394 2362 1703 2433 percipias,
1763 2377 1878 2433 quo
1922 2360 2219 2431 possimus

575 2453 772 2509 cibum
805 2456 862 2507 et
893 2468 1156 2507 mensam
1191 2451 1402 2507 habere
1460 2466 1853 2506 communem.
1905 2449 1981 2503 Ea
2040 2449 2221 2521 igitur

577 2556 755 2596 causa
777 2540 970 2604 fuit,o
1026 2539 1293 2611 genitrix,
1356 2545 1591 2611 propter
1637 2556 1814 2610 quam
1874 2535 2220 2593 existimasti

578 2647 687 2685 nos
708 2629 942 2697 obiisse,
1000 2629 1153 2700 quod
1206 2629 1264 2683 in
1309 2645 1377 2684 ea
1434 2628 1781 2683 difﬁcillima
1828 2634 1993 2682 nocte
2042 2644 2070 2681 a
2134 2626 2219 2697 pi-

578 2718 723 2774 ratis
755 2719 811 2772 in
844 2717 1044 2790 pelago
1100 2717 1249 2789 rapti
1306 2734 1541 2784 sumus,
1589 2722 1768 2787 tuque
1819 2734 1924 2771 nos
1980 2714 2221 2787 periisse

577 2807 902 2864 credidisti.

650 2913 746 2969 1X.
794 2918 1113 2985 Postquam
1173 2913 1294 2968 haec
1347 2912 1591 2968 dixisset
1646 2913 1972 2978 Faustinus,
2034 2917 2223 2967 mater

576 3006 777 3057 nostra
808 3002 1055 3073 procidit
1076 3002 1145 3056 ad
1167 3002 1340 3072 pedes
1362 3002 1538 3067 Petri,
1568 3017 1779 3073 rogans
1799 3008 1856 3056 et
1886 3004 2218 3068 obsecrans,

577 3095 645 3145 ut
674 3096 731 3145 et
762 3090 947 3163 ipsam
982 3096 1038 3145 et
1060 3090 1353 3161 hospitam
1388 3106 1554 3145 suam
1589 3096 1883 3144 evocatam
1904 3091 2028 3144 sine
2062 3106 2223 3144 mora

580 3177 921 3250 baptizaret,
956 3177 1046 3233 Uti
1080 3182 1137 3233 et
1167 3194 1237 3233 ne
1265 3194 1400 3249 una,
1434 3178 1646 3248 inquit,
1681 3177 1805 3233 dies
1861 3177 2221 3244 excludatur,

583 3280 653 3321 ex
692 3282 806 3338 quo
847 3272 1013 3322 natos
1047 3283 1203 3322 meos
1238 3267 1447 3338 recepi,
1499 3267 1555 3320 in
1610 3283 1726 3338 qua
1783 3284 1915 3322 cum
1965 3266 2047 3321 eis
2108 3284 2220 3322 non

2325 2098 2404 2165 τῷ
2460 2095 2654 2167 Μάγῳ,
2679 2091 2957 2147 ἐπελθόντι
2991 2090 3047 2147 δὲ
3074 2096 3154 2164 τῷ
3184 2091 3371 2168 Πέτρῳ
3428 2097 3789 2171 προσήγαγεν,
3824 2096 3977 2158 ὅπως

2328 2183 2757 2261 πληροφορήσας
2788 2185 2935 2255 ἡμᾶς
2965 2184 3010 2217 ³⁵
3038 2182 3193 2256 πείσῃ
3240 2182 3361 2255 περὶ
3407 2188 3516 2238 τῶν
3568 2187 3638 2257 τῇ
3697 2180 3979 2258 θεοσεϐείᾳ

2329 2269 2708 2350 διαφερόντων.
2771 2272 2863 2325 Διὸ
2919 2271 3007 2325 καὶ
3067 2272 3145 2338 σε,
3208 2278 3378 2346 μῆτερ
3437 2275 3501 2342 ³⁸,
3535 2273 3828 2349 εὐχόμεθα,
3884 2272 3982 2329 ἵνα

2330 2363 2402 2415 ὧν
2480 2364 2644 2433 ἡμεῖς
2712 2361 3125 2433 κατηξιώθημεν
3196 2360 3428 2435 ἀγαθῶν,
3496 2360 3702 2416 τούτων
3762 2363 3853 2417 καὶ
3915 2364 3980 2418 σὺ

2334 2444 2658 2523 μεταλάϐῃς,
2692 2448 2839 2510 ὅπως
2870 2453 3065 2503 κοινῶν
3098 2452 3141 2484 ³⁷
3174 2446 3319 2503 ἀλῶν
3353 2450 3442 2504 καὶ
3479 2449 3752 2525 τραπέζης
3809 2472 3980 2525 μετα-

2331 2533 2515 2594 λαϐεῖν
2568 2536 2901 2609 δυνηθῶμεν.
2935 2538 3082 2608 Αὕτη
3133 2535 3223 2592 οὖν
3271 2537 3409 2592 ἐστιν
3437 2540 3471 2607 ἡ
3514 2538 3680 2603 αἰτία,
3724 2546 3977 2613 τεκοῦσα,

2332 2624 2401 2681 δι’
2430 2629 2490 2696 ἢν
2524 2626 2766 2699 ἐνόμιζες
2789 2630 2934 2699 ἡμᾶς
2963 2628 3231 2695 τεθνάναι,
3249 2631 3328 2698 τῷ
3352 2629 3395 2663 ³⁸
3427 2627 3600 2701 ἐκείνῃ
3627 2632 3695 2702 τῇ
3719 2628 3978 2704 χαλεπω-

2327 2718 2460 2790 τάτῃ
2515 2716 2664 2770 νυκτὶ
2727 2716 2829 2770 ὑπὸ
2876 2720 3143 2790 πειρατῶν
3200 2715 3423 2791 ἀρθῆναι
3456 2716 3506 2771 ἐν
3548 2715 3792 2793 πελάγει,
3829 2719 3886 2773 σὲ
3918 2716 3977 2774 δὲ

2330 2804 2573 2879 νομίζειν
2607 2807 2753 2877 ἡμᾶς
2784 2802 3155 2860 ἀπολωλέναι.

2404 2919 2499 2969 IX.
2525 2915 2705 2968 Ταῦτα
2732 2911 2828 2967 τοῦ
2862 2913 3159 2967 Φαυστίνου
3193 2911 3456 2983 εἰπόντος,
3498 2916 3532 2982 ἡ
3570 2916 3753 2990 μήτηρ
3807 2917 3975 2987 ἡμῶν

2330 3004 2628 3077 προσέπεσε
2676 3006 2754 3072 τῷ
2811 3003 3018 3075 Πέτρῳ,
3081 2999 3310 3073 δεομένη
3371 3003 3459 3056 καὶ
3536 3003 3775 3075 ἀξιοῦσα,
3820 3004 3975 3067 ὅπως

2330 3090 2495 3159 αἰτήν
2529 3110 2585 3143 τε
2614 3088 2703 3142 καὶ
2745 3089 2843 3156 τήν
2894 3085 3180 3163 ξενοδόχον
3242 3087 3411 3157 αὐτῆς
3481 3090 3979 3164 μεταπεμψάμενος

2333 3179 2552 3249 ἐξαυτῆς
2615 3178 2863 3254 βαπτίσῃ,
2917 3175 3030 3241 τίνσι,
3090 3178 3244 3254 φησὶ,
3308 3174 3551 3250 μηδεμία
3629 3200 3713 3241 τις
3796 3180 3987 3256 ἡμέρα

2334 3268 2564 3342 ἄμοιρος
2592 3268 2833 3342 γένηται,
2868 3265 2957 3342 ἀφ’
2986 3269 3051 3334 ἧς
3082 3266 3147 3320 τὰ
3177 3265 3415 3338 ἐμαυτῆς
3469 3262 3741 3321 ἀπέλαϐον
3797 3269 3989 3337 τέκνα,

585 3355 939 3426 sumpserim
971 3356 1187 3411 cibum.
1220 3357 1482 3426 Cumque
1514 3372 1620 3409 nos
1650 3356 1851 3411 eadem
1886 3372 2010 3427 quae
2040 3360 2214 3410 mater

2336 3358 2450 3411 καθ’
2508 3358 2568 3425 ἢν
2631 3355 2690 3409 ἂν
2748 3354 2808 3409 οὐ
2864 3358 2908 3390 ³9
2948 3356 3338 3424 σονεστιαθειην
3396 3354 3602 3417 αὐτοῖς.
3660 3355 3835 3411 Ταύτά
3892 3356 3988 3413 οὖν

582 3459 1107 3515 comprecaremur,
1131 3448 1336 3499 Petrus
1357 3444 1467 3498 ait:
1491 3444 1636 3509 Quid
1658 3444 1897 3514 putatis,
1922 3460 2014 3497 me
2035 3444 2226 3498 immi-

578 3532 932 3587 sericordem
963 3548 1090 3588 esse
1112 3532 1323 3595 solum,
1353 3534 1508 3604 quod
1540 3533 1717 3587 nolim
1736 3550 1835 3587 vos
1868 3532 2070 3587 matris
2093 3549 2225 3588 con-

574 3619 724 3675 vivio
755 3622 987 3689 sociari,
1020 3622 1189 3676 hodie
1228 3621 1389 3676 illam
1438 3621 1789 3692 baptizans‘?
1827 3622 1934 3676 Sed
1990 3638 2222 3676 necesse

577 3715 666 3765 est
694 3726 819 3764 eam
856 3709 939 3763 vel
974 3727 1091 3763 una
1120 3710 1213 3763 die
1241 3715 1374 3763 ante
1418 3710 1816 3779 babptismum
1842 3711 2139 3779 jejunare:
2166 3716 2222 3765 et

570 3798 702 3864 hoc,
735 3798 873 3867 quia
893 3797 1131 3852 omnino
1156 3797 1468 3868 quemdam
1501 3814 1600 3868 pro
1628 3814 1690 3851 se
1746 3797 1939 3853 locuta
1979 3805 2067 3853 est
2098 3816 2217 3853 ser-

568 3903 826 3955 monem,
847 3901 1018 3957 quem
1050 3901 1154 3957 ego
1183 3885 1455 3941 idoneum
1489 3886 1619 3940 fidei
1653 3885 1811 3941 illius
1842 3887 2215 3958 interpretem

570 3973 790 4031 habeo:
824 3974 1044 4046 alioqui
1077 3973 1280 4030 multis
1310 3974 1498 4045 ipsam
1531 3974 1738 4030 diebus
1767 3977 2071 4047 oportebat
2127 3976 2217 4032 lu-

574 4062 769 4119 strari.

641 4174 706 4225 Χ.
744 4171 809 4226 Et
837 4185 979 4241 ego:
1007 4170 1103 4225 Dic
1130 4168 1317 4237 nobis,
1363 4168 1626 4239 inquam,
1680 4168 1913 4240 qualem
1968 4172 2216 4242 protule-

565 4257 640 4313 rit
662 4274 1012 4328 sermonem,
1046 4258 1145 4329 qui
1172 4259 1341 4313 (idem
1375 4257 1531 4313 illius
1561 4259 1914 4329 patefecerit.
1950 4260 2213 4332 Respon-

568 4347 656 4402 dit
684 4351 926 4403 Petrus:
964 4347 1063 4402 Ille
1102 4363 1293 4402 sermo
1324 4352 1431 4415 est,
1466 4364 1580 4418 quo
1613 4348 1834 4419 rogavit
1864 4354 1930 4403 ut
1982 4349 2213 4421 hospita

565 4441 623 4491 et
652 4436 912 4492 benefica
942 4436 1116 4492 simul
1144 4436 1537 4508 baptizaretur
1566 4452 1698 4490 cum
1754 4435 1901 4507 ipsa.
1948 4437 2071 4493 Non
2105 4455 2211 4494 au-

564 4530 683 4581 tem
716 4530 963 4597 rogaret,
998 4529 1062 4580 ut
1092 4524 1175 4579 illi
1208 4540 1386 4596 quam
1444 4523 1634 4593 diligit
1679 4530 2058 4596 praestaretur
2090 4528 2210 4583 haec

562 4613 772 4683 gratia,
806 4614 916 4669 nisi
952 4614 1116 4686 prius
1140 4629 1277 4685 erga
1326 4612 1686 4684 baptismum
1736 4618 2014 4684 tanquam
2073 4632 2210 4687 erga

564 4716 852 4773 magnum
886 4720 1101 4758 munus
1122 4708 1275 4758 esset
1304 4702 1527 4756 affecta.
1563 4700 1723 4756 Unde
1757 4718 1862 4773 ego
1895 4704 2206 4774 reprehen-

563 4789 637 4846 do
663 4790 968 4861 plurimos,
1003 4791 1101 4863 qui
1133 4807 1267 4845 cum
1302 4790 1576 4861 baptizati
1610 4791 1841 4857 fuerint,
1888 4798 1944 4846 et
1973 4793 2205 4850 credere

558 4896 623 4934 se
653 4880 873 4945 dicant,
907 4880 1055 4935 nihil
1114 4885 1311 4936 tamen
1344 4880 1585 4950 dignum
1641 4880 1754 4935 fide
1783 4885 1979 4950 agant,
2014 4900 2206 4955 neque

557 4983 658 5024 eos
690 4986 839 5041 quos
872 4970 1126 5041 diligunt
1159 4969 1412 5039 (uxores,
1451 4968 1713 5038 inquam,
1746 4968 1833 5025 vel
1889 4970 2063 5040 filios,
2117 4973 2207 5029 vel

559 5056 800 5130 amicos)
828 5058 900 5115 ad
926 5058 1033 5115 hoc
1073 5057 1397 5113 hortentur.
1451 5056 1596 5112 Nam
1628 5057 1679 5112 si
1737 5059 2057 5129 crederent,
2118 5062 2202 5117 vi-

2335 3446 2424 3499 καὶ
2477 3447 2636 3513 ἡμῶν
2697 3444 2766 3514 τῇ
2826 3443 2993 3519 μητρὶ
3040 3442 3655 3518 συμπαρακαλεσάντων,
3702 3446 3730 3499 ὁ
3776 3446 3988 3522 Πέτρος

2335 3528 2458 3609 ἔφη·
2487 3532 2547 3585 Τί
2605 3532 2876 3603 νομίζετε,
2911 3530 3015 3605 ἐγὼ
3051 3530 3210 3602 μόνος
3266 3527 3615 3606 ἄσπλαγχνος
3644 3535 3688 3568 ⁸ο
3732 3533 3866 3605 εἶμι,
3902 3534 3993 3589 ὅτι

2337 3623 2411 3693 μὴ
2474 3619 2746 3696 βούλομαι
2803 3620 2941 3691 ὑμᾶς
2984 3622 3384 3687 συνεστιαθῆναι
3416 3623 3457 3656 ⁴¹
3514 3624 3581 3695 τῇ
3647 3622 3835 3697 μητρὶ,
3876 3623 3975 3698 βα-

2333 3711 2516 3765 πτίσας
2552 3709 2715 3777 αὐτην
2749 3711 3026 3783 σήμερον;
3060 3706 3206 3763 ἀλλὰ
3252 3708 3346 3763 κᾶν
3410 3710 3534 3781 μίαν
3602 3710 3808 3786 ἡμέραν
3864 3712 3976 3787 πρὸ

2328 3804 2423 3853 τοῦ
2486 3800 2843 3875 βαπτισθῆναι
2895 3801 3182 3867 νηστεῦσαι
3243 3796 3408 3866 αὐτὴν
3473 3795 3574 3854 δεῖ.
3636 3798 3733 3853 Καί
3807 3804 3979 3854 ταῦτα

2328 3888 2443 3943 ἐπεὶ
2494 3888 2680 3949 ἁπλῶς
2725 3888 2880 3945 288
2936 3908 3055 3942 τινα
3100 3887 3232 3962 ὑπὲρ
3290 3887 3482 3957 ἑαυτῆς
3541 3886 3823 3965 ἐφθέγξατο
3884 3888 3981 3945 λό-

2325 3998 2422 4052 γον
2452 3979 2518 4047 ⁴²,
2550 3977 2607 4030 ’ὀν
2638 3975 2745 4050 ἐγὼ
2776 3978 2873 4045 τῆς
2903 3975 3133 4037 πίστεως
3165 3975 3331 4045 αὐτῆς
3369 3976 3548 4031 ἱκανὸν
3578 3977 3815 4050 ἑρμηνέα
3844 3998 3980 4032 συν-

2327 4063 2487 4120 εῖδονο
2523 4064 2637 4120 ἐπεὶ
2667 4063 2892 4119 πολλῶν
2948 4066 3171 4139 ἡμερῶν
3222 4063 3387 4132 αὐτὴν
3420 4063 3733 4139 ἀγνισθῆναι
3765 4068 3810 4102 ⁸³
3839 4064 3976 4125 ἔδει.

2394 4179 2457 4229 Χ.
2493 4172 2653 4247 Κάγὼ
2707 4168 2860 4248 ἔφην·
2896 4170 3029 4225 Εἰπὲ
3086 4173 3220 4243 ἡμῖν
3278 4171 3396 4225 τίνα
3453 4170 3742 4248 ἐφθέγξατο
3776 4171 3974 4249 λόγον,

2322 4258 2379 4320 ὅς
2420 4263 2462 4295 ⁸⁸
2511 4261 2609 4327 την
2664 4260 2843 4313 πίστιν
2900 4258 3067 4327 αὐτῆς
3119 4258 3364 4336 ἐξέφηνεν
3424 4262 3487 4317 ⁴⁸.
3524 4260 3626 4315 Καὶ
3684 4262 3712 4315 ὁ
3763 4264 3975 4338 Πέτρος

2321 4345 2446 4425 ἔφη’
2480 4349 2541 4403 Ἡ
2575 4346 2792 4420 ἀξίωσις
2856 4346 3021 4416 αὐτῆς
3079 4352 3176 4401 τοῦ
3234 4343 3699 4419 συμϐαπτισθῆναι
3759 4353 3803 4386 ⁸⁸
3833 4352 3974 4425 αὐτῇ

2317 4438 2415 4506 τὴν
2477 4435 2763 4511 ξενοδόχον
2824 4435 2911 4490 καὶ
2971 4435 3254 4512 εὐεργέτιν.
3291 4436 3399 4491 Οὐκ
3454 4436 3512 4491 ἃν
3575 4435 3633 4491 δὲ
3683 4444 3849 4493 τοῦτο
3901 4445 3974 4515 τῇ

2321 4526 2409 4580 ὑπ’
2438 4526 2602 4595 αὐτῆς
2662 4526 2972 4599 ποθουμένη
3030 4522 3250 4595 δοθῆναι
3294 4523 3609 4600 παρεκάλει,
3644 4527 3688 4581 εἰ
3724 4530 3799 4600 μή
3835 4530 3976 4602 πρό-

2317 4635 2470 4690 τερον
2504 4614 2636 4683 αὐτὴ
2672 4612 2880 4685 διετέθη
2910 4618 2952 4650 ⁴⁷
2980 4614 3053 4675 ὡς
3114 4614 3201 4668 ἐπὶ
3265 4611 3477 4689 μεγάλη
3534 4619 3603 4688 τῇ
3640 4620 3738 4670 τοῦ
3770 4618 3974 4687 βαπτί-

2320 4726 2525 4777 σματος
2583 4702 2777 4780 δωρεᾷ.
2837 4707 2990 4767 Ὅθεν
3066 4702 3170 4779 ἐγὼ
3245 4700 3470 4757 πολλῶν
3554 4707 3971 4781 καταγινώσκω,

2318 4794 2517 4849 ὁπόταν
2552 4796 2615 4863 ⁵⁸,
2653 4792 3028 4869 βαπτισθέντες
3078 4791 3167 4845 καὶ
3216 4790 3484 4846 πιστεύειν
3546 4790 3819 4867 λέγοντες,
3858 4818 3970 4867 μη-

2317 4880 2401 4937 δὲν
2435 4884 2578 4953 ἄξιον
2634 4882 2865 4944 πίστεως
2919 4885 3139 4951 ποιῶσι,
3177 4877 3305 4953 μηδ’
3355 4878 3447 4941 οὓς
3479 4880 3780 4955 ἀγαπῶσιν,
3814 4884 3971 4959 λέγω

2316 4969 2382 5041 δὴ
2414 4977 2667 5047 γυναῖκας
2699 4971 2870 5026 αὐτῶν
2886 4972 2922 5040 ἦ
2941 4969 3089 5032 υἱοὺς
3113 4970 3147 5038 ἢ
3168 4967 3382 5047 φίλους,
3398 4968 3534 5046 πρὸς
3558 4974 3717 5024 τοῦτο
3739 4972 3975 5049 προτρέ-

2313 5081 2542 5116 πωνται.
2604 5059 2666 5117 Εἰ
2723 5060 2826 5134 γὰρ
2901 5057 3285 5114 πεπιστεύκασι
3364 5058 3507 5127 ζωὴν
3590 5057 3811 5115 αἰώνιον
3867 5060 3966 5116 σὺν

1906 5220 2143 5276 νΑΡιΙιΕ
2181 5220 2484 5277 LECTION
2494 5221 2594 5276 ES.

624 5353 674 5428 ’ξ
700 5353 996 5428 ItaAEpit.,
1028 5348 1176 5428 λέγω
1236 5348 1294 5406 δέ
1343 5352 1403 5419 C,
1436 5358 1500 5409 Ο.
1531 5426 1538 5428 _
1578 5353 1622 5387 ³ο
1654 5349 1859 5428 φιλίοις
1887 5354 1976 5428 0.7
2028 5355 2070 5391 ³¹
2106 5357 2335 5426 Recogn.
2396 5372 2519 5428 vin,
2550 5353 2619 5408 33
2653 5354 2894 5428 :_Fertur
2950 5352 3099 5428 enim
3121 5355 3189 5428 Δίη
3219 5354 3487 5428 religione
3543 5362 3731 5408 nostra
3783 5368 3969 5413 sermo

553 5423 617 5479 de
646 5425 919 5495 Prophela
948 5423 1179 5496 quodam
1205 5442 1302 5495 per
1330 5441 1488 5495 quem
1518 5423 1849 5481 immortalis
1879 5436 1929 5481 et
1962 5427 2116 5481 beata
2148 5423 2261 5481 vitii
2291 5426 2635 5481 credentibus
2665 5424 2853 5496 dagu’la
2880 5425 3241 5496 promittitur.
3278 5427 3428 5496 Ηιιηίῖ
3465 5442 3596 5494 ergo
3646 5442 3771 5496 nos“
3796 5430 3971 5496 puta-

553 5489 1356 5570 bamus-Simonemﬁed'haec
1388 5499 1509 5570 tibi,
1540 5502 1733 5570 motor,
1766 5501 2128 5570 opportunius
2153 5506 2510 5570 exponentur.
2587 5498 2633 5530 ³2
2665 5489 2929 5570 afﬂicti},
2964 5495 3061 5570 qui
3121 5498 3273 5567 conj.
3334 5489 3626 5570 ὄχλοςξίη
3667 5496 3710 5551 Ο
3744 5489 3965 5570 ὄχλων,

550 5566 596 5600 ⁸³
633 5572 801 5642 μῆτερ
834 5568 889 5628 S,
925 5568 987 5642 Ο,
1017 5568 1186 5642 μήτερ
1220 5569 1279 5623 C'

1359 5559 2044 5642 ³³μέκτελήσεται’βάκίῗιιε
2120 5569 2164 5603 ³³
2196 5559 2340 5639 ημᾶς
2374 5559 2802 5642 πληροφορήξας
2834 5566 2894 5620 C.

2996 5569 3015 5601 δ
3048 5556 3328 5638 μερῶνηο.
3370 5556 3458 5602 "3"
3489 5556 3647 5638 κοινῇ
3680 5572 3739 5621 G.
3782 5556 3863 5602 “3'
3894 5569 3966 5623 τό

551 5624 705 5709 90th
737 5624 791 5704 δ’,
828 5624 1167 5693 Βὰιιίέθθξιθί
1240 5642 1284 5673 39
1312 5636 1360 5691 έν
1462 5639 1535 5708 μή
1660 5639 1775 5709 καθ’
1806 5624 1952 5709 ﬁvle
1979 5638 2039 5692 οὗ
2067 5643 2122 5694 C.
2147 5624 2403 5694 Subinde
2434 5624 2855 5702 σθνεστίασθείην
2889 5624 3127 5708 Ερίι.ὀ.’
3151 5640 3250 5693 1υὸ
3280 5646 3337 5694 et
3380 5640 3446 5704 Ο,
3480 5624 3862 5707 συνεστιάσθην
3892 5645 3958 5699 Ο,

553 5708 702 5797 ΤυΛιρ
732 5710 898 5797 ταυτα
927 5710 998 5797 Si,”
1016 5713 1183 5797 31,511
1211 5711 1271 5777 C,
1305 5710 1413 5797 0.n
1446 5712 1489 5744 ‘0
1515 5707 1989 5797 ‘E;5_3,‘Tt)tzIX_‘16CnO~.
2027 5711 2149 5797 Atina
2202 5710 2883 5797 m‘aii.’praainisitl_p‘/4biin
2918 5707 3102 5781 marg.
3180 5712 3343 5797 fulta
3395 5713 3440 5767 Ο
3498 5727 3548 5765 c.
3717 5729 3966 5797 Ogvaﬂt-

558 5779 783 5856 ασθῇναι
815 5783 876 5856 (2.ζ
952 5783 998 5816 ⁴²
1030 5778 1339 5856 λόγον-οη)ἶ
1513 5782 1558 5815 ⁴³
1580 5778 2055 5856 ,ἀφελλῇνισθῇναι
2088 5787 2147 5837 C.
2309 5781 2338 5835 ὅ
2366 5778 2423 5856 (Σ,
2458 5783 2503 5853 ᾧ
2529 5784 2599 5856 ΑΙ).

560 5852 810 5926 σεισθῆναι
843 5853 907 5910 Ο.
938 5857 1081 5910 Cum
1111 5848 1239 5910 eod.
1270 5850 1470 5909 addidi
1501 5848 1589 5906 καί
1620 5848 1756 5926 post
1784 5848 2095 5927 ξενοδόχον.
2174 5855 2216 5892 ⁴⁷
2248 5855 2334 5912 Ita
2358 5848 2484 5912 Οόζ
2518 5854 2576 5927 S,
2610 5848 2818 5926 διεθέτη

2681 5779 2724 5817 ⁸⁸
2774 5779 2852 5851 έξέ
2898 5800 3021 5850 ηνεν
3053 5779 3137 5848 ὐ,
3195 5779 3436 5857 ἐξέφανεν
3488 5788 3546 5856 0,
3600 5782 3666 5839 Ο.
3743 5782 3787 5817 ⁴⁶
3821 5782 3967 5859 βαπ-

2681 5850 2818 5912 ιθέτη
2988 5853 3032 5889 ⁴⁸
3064 5849 3215 5907 ὁπότ’
3244 5850 3305 5908 ἄν
3338 5857 3398 5911 C.

2899 5895 2912 5910 ο
2988 5871 3032 5889 ὀ
3064 5871 3214 5907 οποτ’
3244 5872 3305 5908 αν
3338 5871 3398 5911 υ.
