4114 6338
214 427 330 488 337

1335 434 1860 497 CLEMENTINA.
1893 466 1972 481 -—
2010 435 2341 496 HOMILIA
2382 434 2543 497 XIII.

3525 437 3647 501 338

220 565 341 617 tam
374 567 663 620 mternam
698 581 829 621 cum
880 567 1072 636 bonis,
1122 568 1396 640 operibus
1429 588 1461 625 a
1494 575 1604 627 Deo
1646 576 1869 643 propter

1992 566 2168 643 ἔργοις
2220 568 2413 630 καλοῖς
2472 565 2759 645 δωρεῖσθαι
2834 565 2928 623 τὸν
2985 569 3111 623 Θεὸν
3172 567 3258 623 ἐπὶ
3314 567 3395 643 τῷ
3457 570 3648 646 βαπτί-

224 651 599 723 baptismum
632 654 934 726 dilatione,
978 674 1125 730 quos
1170 658 1464 724 dilatione,
1497 676 1643 729 quos
1676 659 1879 731 dilige-

226 747 376 807 rent,
402 744 473 797 ad
501 759 640 799 eum
676 746 1117 818 suscipiendum
1146 748 1724 804 exhortarentur.Sed
1748 748 1882 804 licet

222 836 489 887 vestrum
524 834 658 905 quis
692 851 703 888 :
740 834 1003 906 Diligunt
1042 853 1162 903 eos,
1188 854 1252 892 ac
1277 839 1345 891 de
1376 838 1449 892 iis
1466 843 1604 892 sunt
1626 838 1876 893 solliciti.

226 917 286 972 Id
322 920 575 976 stultum
608 926 718 977 est.
754 924 895 977 Nam
940 940 1043 979 cur
1085 926 1319 980 tandem
1353 943 1451 980 eos
1491 931 1767 998 aegrotare
1797 925 1878 979 vi-

225 1007 458 1076 dentes,
495 1012 687 1065 autin
732 1013 936 1068 mortis
982 1013 1133 1068 viam
1186 1013 1416 1083 abduci,
1464 1019 1565 1068 aut
1613 1015 1877 1085 quaadam

220 1097 339 1151 alia
373 1098 623 1153 molesta
653 1101 964 1170 sustinere,
998 1108 1242 1173 gemunt
1274 1109 1447 1173 atque
1479 1101 1881 1157 miserantur?

221 1186 308 1241 Ita
356 1187 409 1242 si
463 1189 852 1244 credidissent
894 1192 1087 1262 ignem
1155 1196 1438 1246 eaternum
1492 1206 1726 1246 manere
1781 1208 1880 1246 eos

220 1276 322 1347 qui
371 1276 559 1331 Deum
595 1293 708 1332 non
742 1278 959 1345 colunt,
1017 1296 1130 1335 non
1183 1284 1479 1336 cessarent
1522 1297 1753 1335 monere
1790 1278 1878 1335 vel

219 1367 516 1435 tanquam
549 1366 623 1420 de
662 1366 1001 1423 inﬁdelibus
1043 1367 1258 1438 dolere,
1309 1370 1448 1424 dum
1494 1386 1592 1424 eos
1636 1372 1881 1424 cernunt

217 1453 583 1525 incredulos,
615 1454 755 1510 certi
790 1455 996 1511 futurae
1044 1455 1279 1512 illorum
1312 1474 1514 1529 paenae.
1548 1458 1712 1512 Nunc
1743 1473 1877 1529 ergo

219 1540 527 1613 hospitam
592 1544 936 1599 accersitam
1004 1544 1395 1617 interrogabo,
1480 1563 1621 1601 num
1686 1546 1873 1619 legem

216 1636 491 1685 nostram
522 1630 660 1687 velit
705 1631 999 1704 amplecti,
1050 1636 1107 1689 et
1140 1638 1313 1706 prout
1341 1651 1705 1707 consequens
1753 1635 1878 1690 fue-

214 1717 287 1773 rit
320 1734 597 1790 agemus.

286 1810 388 1863 XI.
421 1812 499 1863 At
529 1812 720 1865 vestra
752 1817 959 1879 mater,
992 1811 1293 1883 quoniam,
1329 1818 1395 1867 ut
1425 1813 1589 1867 decet
1620 1812 1875 1881 fidelem,

212 1896 271 1950 in
298 1897 673 1967 baptismum
704 1900 964 1957 animata
994 1906 1103 1969 est,
1138 1902 1224 1957 vel
1258 1919 1373 1956 uno
1407 1902 1499 1956 die
1528 1906 1661 1956 ante
1692 1901 1876 1972 bapti-

212 2001 418 2040 smum
443 1987 697 2057 jejunet.
736 1988 838 2043 llla
869 2006 998 2045 vero
1040 1990 1299 2060 jurabat,
1354 1990 1554 2045 dicens
1589 2008 1601 2046 :
1637 1989 1877 2045 Duobus

210 2073 629 2145 superioribus
660 2077 886 2147 diebus,
920 2080 1060 2133 dum
1124 2096 1287 2133 narro
1335 2078 1565 2133 mulieri
1615 2077 1878 2150 recogni-

218 2160 408 2218 tionis
460 2170 756 2236 eventum,
802 2183 904 2237 pro
957 2167 1142 2224 multo
1180 2170 1391 2240 gaudio
1436 2169 1633 2224 cibum
1670 2185 1876 2240 capere

217 2250 465 2323 nequivi
512 2270 527 2320 ;
582 2253 697 2308 nisi
745 2256 900 2326 quod
950 2255 1224 2312 hesterna
1284 2257 1375 2312 die
1424 2256 1663 2329 paulum
1713 2273 1872 2325 aqua:

214 2340 479 2411 sumpsi.
530 2342 869 2399 Juramento
915 2350 1106 2399 autem
1166 2346 1569 2401 testimonium
1626 2346 1872 2416 praebuit

210 2443 365 2483 uxor
395 2430 574 2495 Petri,
608 2431 807 2487 dicens
839 2449 851 2487 :
885 2433 1029 2489 Vere
1059 2434 1204 2489 nihil
1235 2436 1509 2506 gustavit.
1540 2438 1606 2489 Et
1634 2434 1866 2505 Aquila,

210 2517 409 2589 magis
458 2534 594 2573 vero
643 2521 916 2592 deinceps
970 2522 1305 2589 Faustinus,
1352 2522 1434 2578 ait
1485 2541 1497 2578 :
1553 2522 1702 2578 Nibil
1732 2540 1867 2595 ergo

211 2605 416 2659 obstat
450 2607 592 2677 quin
628 2608 971 2680 baptizetur.
1005 2612 1150 2665 Tum
1185 2616 1389 2667 Petrus
1419 2612 1750 2682 subridens,
1775 2628 1865 2667 re-

211 2693 456 2765 spondit
491 2711 504 2748 :
540 2695 650 2751 Sed
675 2714 789 2752 non
823 2704 911 2754 est
942 2698 1048 2755 hoc
1063 2699 1355 2770 jejunium
1378 2699 1675 2771 baptismi,
1708 2702 1864 2771 quod

211 2798 331 2837 non
367 2788 607 2855 propter
664 2785 828 2841 illum
879 2794 1216 2861 susceptum
1267 2795 1376 2843 est.
1432 2790 1503 2844 Et
1551 2790 1865 2846 Faustinus

211 2872 445 2943 excepit
495 2888 509 2928 :
546 2874 654 2929 Sed
706 2875 853 2931 forte
898 2878 1096 2932 volens
1126 2878 1280 2934 Deus
1324 2883 1570 2935 matrem
1604 2883 1864 2934 nostram

212 2975 325 3014 nec
379 2978 503 3016 una
552 2963 665 3031 die,
700 2965 914 3037 agnitis
957 2966 1147 3036 nobis,
1181 2967 1439 3038 separari
1489 2984 1523 3021 a
1574 2966 1864 3022 consortio

212 3067 436 3106 mensae
469 3058 705 3117 nostrae,
742 3055 1142 3125 praeordinarlt
1194 3057 1300 3110 hoc
1344 3055 1658 3126 jejunium.
1704 3055 1866 3111 Sicut

210 3141 376 3195 enim
438 3141 786 3212 pudicitiam
836 3143 1085 3199 servavit
1133 3144 1192 3198 in
1243 3144 1594 3216 ignorantia,
1648 3144 1864 3200 faciens

211 3229 373 3300 quod
397 3229 706 3286 veritatem
739 3231 924 3300 decet,
954 3232 1039 3287 ita
1067 3237 1125 3288 et
1153 3249 1309 3287 nunc
1332 3238 1484 3288 Deus
1515 3233 1709 3288 forsan
1742 3250 1865 3305 pro-

206 3318 380 3388 vidit,
415 3334 544 3373 eam
580 3325 715 3375 ante
746 3337 929 3376 unum
963 3322 1117 3377 diem
1139 3323 1409 3393 jejunare
1443 3338 1546 3392 pro
1596 3338 1729 3377 vero
1760 3323 1863 3377 ba-
1893 3298 1935 3366 Ο

207 3406 530 3479 ptismo,ut
559 3425 594 3463 a
613 3409 802 3481 primo
845 3409 937 3465 die
975 3410 1290 3483 agnitionis
1322 3415 1533 3465 nostra;
1559 3410 1865 3466 nobiscum

206 3500 418 3567 posset
447 3495 628 3552 salem
660 3513 764 3553 seu
794 3497 989 3553 cibum
1021 3515 1246 3569 capere.

282 3677 416 3731 XII.
452 3676 601 3731 Tum
632 3676 839 3732 Petrus
889 3693 901 3733 :
956 3677 1079 3732 Non
1110 3694 1237 3745 nos,
1281 3676 1495 3749 inquit,
1521 3677 1711 3733 vincat
1740 3693 1864 3733 ma-

208 3764 364 3831 litia,
400 3769 743 3836 praetextum
777 3769 945 3821 nacta
986 3766 1411 3821 Providentiam
1455 3770 1514 3820 et
1543 3766 1747 3822 matris
1780 3766 1863 3821 af-

212 3855 436 3910 fectum
471 3872 484 3909 :
517 3855 618 3909 sed
651 3854 840 3927 magis
884 3871 986 3909 vos
1018 3859 1074 3910 et
1120 3871 1225 3926 ego
1267 3855 1565 3910 vobiscum
1600 3854 1771 3910 hodie
1802 3857 1861 3910 in

199 3944 441 4016 jejunio
473 3959 925 4015 permaneamus
951 3961 963 4011 ;
986 3948 1043 3999 et
1064 3960 1195 3999 cras
1228 3943 1632 4015 baptizabitur.
1663 3944 1861 4015 Neque

208 4033 370 4088 enim
428 4031 724 4087 hodierna:
763 4031 873 4087 diei
909 4032 1053 4087 hora
1085 4033 1154 4087 ad
1189 4033 1547 4105 baptismum
1587 4037 1720 4103 apta
1750 4036 1857 4088 est.

210 4120 417 4191 Itaque
449 4120 534 4175 sic
560 4119 684 4175 fieri
715 4135 917 4175 omnes
948 4119 1375 4176 consensimus.

280 4301 435 4357 XIII.
472 4301 592 4356 Hac
623 4316 759 4373 ergo
789 4316 1029 4372 vespera
1060 4298 1253 4355 cuncti
1288 4299 1445 4355 fruiti
1476 4315 1685 4355 sumus
1704 4299 1860 4355 Petri

208 4390 609 4462 doctrina,qui
636 4389 805 4445 nobis
828 4388 1082 4445 ostendit
1103 4406 1206 4461 per
1235 4389 1596 4445 occasionem
1631 4389 1857 4457 matris,

209 4497 326 4553 quo
360 4480 534 4535 modo
557 4478 851 4551 pudicitiae
882 4480 1028 4534 fines
1050 4478 1168 4533 sint
1197 4478 1353 4545 boni,
1390 4479 1532 4533 lines
1561 4494 1692 4533 vero
1725 4495 1862 4533 mce-

207 4570 358 4625 cbia
387 4568 673 4637 exitiales,
706 4572 762 4624 et
790 4568 872 4624 ita
910 4572 1121 4623 natura
1165 4568 1503 4639 comparati,
1536 4572 1601 4622 ut
1628 4568 1732 4623 toti
1762 4583 1861 4640 ge-

1991 677 2153 729 σματι
2212 660 2303 724 ‘9,
2365 656 2735 732 ἀνυπερθέτως
2794 655 2887 719 οῧς
2956 658 3186 733 ἠγάπων
3245 658 3640 734 προετρέποντο

1996 746 2376 821 βαπτισθῆναι.
2433 745 2590 801 Ἀλλ’
2648 746 2759 821 ἐρεῖ
2812 767 2895 807 τις
2952 747 3123 820 ὑμῶν’
3185 749 3488 823 Ἀγαπὼσιν
3546 749 3642 804 αύ-

1989 834 2116 896 τοὺς
2168 835 2256 889 καὶ
2309 835 2676 910 φροντίζουσιν
2738 835 2951 891 αὐτῶν.
3010 841 3178 891 Τοῦτο
3240 834 3425 905 εὔηθές
3474 837 3639 896 ἐστιν.

1993 924 2139 977 Ἐπεί
2187 923 2240 977 τί
2290 921 2353 994 δή
2398 945 2529 978 ποτε
2578 928 2860 985 νοσοῦντας
2911 924 3157 998 ὁρῶντες,
3190 923 3226 993 ἤ
3266 925 3640 1002 ἀπαγομένους

1988 1012 2087 1079 τὴν
2124 1012 2209 1066 ἐπὶ
2260 1013 2478 1067 θάνατον
2508 1016 2572 1081 ⁵ο,
2672 1010 2815 1066 ἄλλα
2865 1014 2984 1066 τινὰ
3032 1013 3251 1087 χαλεπὰ
3299 1013 3636 1089 πάσχοντας,

1995 1098 2281 1177 ὀδύρονται
2320 1101 2409 1155 καὶ
2462 1100 2701 1155 ἐλεοῦσιν
2731 1103 2773 1136 ⁵¹
2811 1118 2824 1169 ;
2869 1100 3050 1162 Οὕτως
3103 1101 3147 1155 εἰ
3197 1102 3634 1157 πεπιστεύκεισαν

1990 1190 2210 1245 αἰώνιον
2252 1194 2358 1263 πῦρ
2415 1192 2591 1262 μένειν
2645 1188 2773 1251 τοὺς
2821 1191 2867 1225 ⁵2
2914 1190 3005 1243 τὸν
3055 1190 3178 1245 Θεὸν
3233 1192 3307 1261 μὴ
3360 1187 3635 1263 σέϐοντας,

1990 1277 2089 1333 οὐκ
2148 1279 2207 1332 ἂν
2269 1278 2567 1333 ἐπαύσαντο
2622 1278 3016 1346 νουθετοῦντες,
3072 1276 3109 1346 ἤ
3153 1278 3242 1332 καὶ
3292 1279 3637 1342 ἀπειθοῦντας

1988 1368 2240 1441 ὁρῶντες,
2275 1366 2349 1428 ὠς
2389 1367 2513 1442 περὶ
2546 1366 2784 1420 ἀπίστων
2836 1363 3190 1439 ὀδυνώμενοι,
3240 1368 3339 1436 τήν
3389 1370 3505 1423 κατ’
3536 1368 3640 1424 αὖα

1985 1461 2093 1510 τῶν
2139 1452 2363 1510 κόλασιν
2417 1453 2996 1531 πεπληροφορημένοι,
3059 1456 3210 1513 289
3271 1456 3369 1510 Καὶ
3422 1457 3488 1510 τὰ
3542 1462 3633 1511 νῦν

1986 1546 2084 1613 τὴν
2119 1542 2407 1621 ξενοδόχον
2438 1544 2659 1618 πέμψας
2691 1542 3024 1618 ἐπανακρινῶ
3053 1546 3097 1580 ⁵³
3130 1543 3173 1598 εἰ
3203 1544 3295 1598 τὸν
3340 1544 3508 1618 νόμον
3545 1547 3637 1600 τὸν

1988 1632 2057 1689 δι’
2087 1636 2133 1671 δι
2161 1636 2321 1707 ἡμῶν
2355 1634 2565 1708 ἀγαπᾷν
2616 1632 2869 1709 αἱρεῖταν
2913 1631 3001 1686 καὶ
3035 1631 3205 1688 οὕτων
3256 1631 3571 1698 ἀκολούθως
3602 1633 3636 1689 ἃ

1986 1721 2067 1778 δεῖ
2094 1724 2388 1797 πράξομεν.

2055 1815 2148 1869 XI.
2181 1813 2244 1865 Ἠ
2294 1810 2352 1866 δὲ
2403 1813 2587 1887 μήτηρ
2643 1810 2817 1884 ὑμῶν,
2878 1808 3064 1880 ἐπειδὴ
3122 1814 3329 1872 πιστῶς
3372 1808 3632 1867 διάκειται

1984 1901 2108 1978 περὶ
2159 1906 2256 1955 τοῦ
2308 1901 2701 1973 βαπτίσματος,
2751 1899 2847 1954 κᾶν
2904 1900 3024 1973 μίαν
3058 1900 3165 1974 πρὸ
3191 1904 3289 1953 τοῦ
3333 1900 3636 1975 βαπτίσμα-

1986 2012 2077 2052 τος
2135 1989 2478 2060 νηστευσάτω
2535 1988 2766 2063 ἡμέραν.
2819 1989 2880 2043 ’Π
2940 1986 2997 2043 δὲ
3055 1987 3298 2061 ὥμνυεν·
3359 1988 3462 2044 Δύο
3522 1994 3629 2044 τῶν

1988 2076 2317 2133 διελθουσῶν
2366 2081 2622 2153 ἡμερῶν,
2659 2077 2729 2151 τῇ
2787 2078 2999 2152 γυναικὶ
3046 2077 3111 2131 τά
3168 2077 3302 2131 κατὰ
3357 2079 3447 2132 τὸν
3508 2079 3632 2133 ἀνα-

1984 2168 2295 2244 γνωρισμὸν
2326 2165 2687 2241 διηγουμένη,
2719 2166 2824 2221 ὐπὸ
2866 2166 2966 2235 τῆς
3012 2163 3234 2234 πολλῆς
3282 2172 3458 2241 χαρᾶς
3498 2187 3631 2239 τρο-

1984 2264 2089 2335 φῆς
2153 2250 2475 2328 μεταλαϐεῖν
2517 2257 2560 2291 ⁵⁸
2618 2255 2716 2309 οὐκ
2780 2252 3092 2326 ἠδυνήθην,
3246 2253 3401 2330 ἐχθὲς
3463 2256 3624 2327 μόνον

1985 2344 2220 2421 βραχέος
2253 2342 2465 2404 ὕδατος.
2514 2342 2886 2417 Ἐμαρτύρησέ
2937 2345 2980 2379 ⁵⁸
3024 2364 3083 2398 τε
3125 2347 3201 2414 τῷ
3250 2342 3453 2419 ὅρκῳὴ
3487 2345 3623 2418 γυνή

1979 2435 2186 2509 Πέτρου
2245 2432 2526 2507 λέγουσα·
2588 2432 2841 2501 Ἀληθῶς
2913 2431 3012 2487 οὐκ
3079 2431 3376 2508 ἐγεύσατο.
3435 2433 3536 2490 Καὶ
3594 2434 3625 2488 6

1978 2522 2233 2594 Ἀκύλας,
2288 2520 2496 2595 μᾶλλον
2550 2519 2608 2576 δὲ
2652 2526 2749 2576 τοῦ
2798 2520 2995 2576 λοιποῦ
3047 2527 3346 2584 Φαυστῖνος
3398 2524 3461 2589 ⁸⁷,
3493 2519 3621 2600 ἔφη·

1977 2611 2183 2669 Οὐκοῦν
2234 2609 2387 2666 οὐδὲν
2436 2610 2639 2665 κωλύει
2691 2610 2857 2678 αὐτὴν
2908 2611 3284 2685 βαπτισθῆναι.
3320 2609 3416 2664 Καὶ
3449 2611 3476 2665 6
3518 2612 3621 2666 Πέ-

1972 2721 2101 2776 τρος
2140 2700 2371 2774 γελάσας
2414 2698 2759 2773 ἀπεκρίνατο*
2807 2697 2963 2754 Ἀλλ’
3010 2698 3110 2753 οὐκ
3152 2694 3262 2752 ἔστι
3310 2702 3469 2753 τοῦτο
3518 2720 3620 2768 νη-

1969 2790 2120 2844 στεία
2172 2789 2565 2865 βαπτίσματος,
2598 2788 2626 2843 ’ὸ
2656 2790 2699 2825 ⁸⁸
2734 2789 2808 2861 μή
2860 2785 2928 2842 δι’
2976 2786 3106 2842 αὐτὸ
3151 2787 3386 2863 γέγονεν.
3434 2786 3530 2841 Καὶ
3583 2788 3614 2842 6

1975 2882 2275 2938 Φαυστῖνος
2324 2875 2663 2949 ἀπεκρίνατο
2716 2877 2871 2936 Ἴσως
2921 2874 3011 2929 οὖν
3063 2875 3090 2929 6
3139 2875 3286 2947 Θεὸς,
3344 2873 3616 2950 βουλόμε-

1973 2986 2060 3027 νος
2106 2967 2266 3038 ἡμῶν
2310 2965 2410 3033 τήν
2474 2964 2683 3038 μητέρα
2733 2961 3005 3037 μηδεμίαν
3064 2965 3272 3039 ἡμέραν
3334 2964 3467 3038 μετὰ
3521 2966 3613 3019 τὸν

1974 3055 2379 3130 ἀναγνωρισμὸν
2455 3054 2693 3129 χωρίσαι
2772 3060 2873 3121 τῆς
2945 3054 3213 3129 ἡμετέρας
3288 3053 3609 3129 τραπέζης,

1973 3143 2435 3218 προῳκονόμησεν
2492 3143 2593 3211 τήν
2649 3140 2942 3211 νηστείαν.
3004 3142 3091 3203 Ὡς
3150 3142 3251 3217 γὰρ
3320 3141 3614 3219 ἐσωφρόνει

1975 3232 2026 3287 ἐν
2063 3232 2250 3309 ἀγνοίᾳ
2291 3232 2354 3286 τὸ
2401 3230 2606 3306 πρέπον
2654 3234 2722 3303 τῇ
2773 3229 3004 3300 ἀληθείᾳ
3053 3232 3345 3299 ποιήσασα,
3397 3230 3539 3285 οὕτω
3578 3234 3623 3268 ⁵9

1974 3321 2063 3376 καὶ
2093 3325 2184 3374 νῦν
2218 3321 2246 3374 6
2276 3320 2400 3381 Θεὸς
2439 3317 2575 3380 ’ίσως
2626 3317 2975 3390 ᾠκονόμησεν
3023 3318 3188 3385 αὐτὴν
3222 3319 3326 3392 πρὸ
3367 3324 3491 3390 μιᾶς
3520 3339 3621 3390 νη-

1975 3413 2187 3465 στεῦσαι
2235 3411 2280 3446 ⁶⁰
2329 3408 2460 3480 ὑπὲρ
2511 3410 2610 3461 τοῦ
2657 3405 2897 3475 ἀληθοῦς
2961 3403 3471 3479 βαπτίσματος,⁸ίνα
3516 3407 3622 3462 ἀπὸ

1973 3500 2199 3571 πρώτης
2242 3497 2452 3571 ἡμέρας
2497 3500 2594 3550 τοῦ
2637 3494 2898 3571 γνωρίσαι
2945 3496 3094 3568 ἡμᾶς
3144 3494 3237 3549 σὺν
3283 3497 3417 3569 ἡμῖν
3471 3494 3617 3552 ἀλῶν

1978 3578 2301 3657 μεταλαϐεῖν
2336 3580 2560 3655 δυνηθῇ.

2046 3676 2199 3731 290
2249 3678 2372 3728 XII.
2424 3670 2529 3727 Καὶ
2579 3671 2607 3725 6
2659 3671 2859 3747 Πέτρος
2910 3666 3033 3747 ἔφη·
3086 3671 3174 3739 Μὴ
3224 3673 3372 3744 ἡμᾶς
3418 3672 3617 3727 νικάτω

1972 3765 2007 3828 ἡ
2039 3762 2218 3833 κακία,
2252 3762 2518 3839 πρόφασιν
2574 3760 2803 3835 εὑροῦσα
2847 3760 2946 3828 τήν
2996 3759 3252 3833 πρόνοιαν
3301 3759 3389 3814 καὶ
3426 3762 3616 3815 τεκού-

1973 3874 2073 3921 σης
2131 3852 2385 3928 στοργήν·
2446 3848 2593 3904 ἀλλὰ
2643 3847 2856 3921 μᾶλλον
2919 3848 3073 3921 ὑμεῖς
3130 3848 3279 3924 κάγὼ
3337 3849 3429 3903 σὺν
3491 3849 3617 3922 ὑμῖν

1972 3938 2336 4014 διαμείνωμεν
2387 3940 2484 4007 τὴν
2535 3940 2775 4014 σήμερον
2827 3936 2878 3993 ἐν
2929 3935 3150 4008 νηστείᾳ
3194 3940 3260 4008 δι,
3292 3936 3382 3991 καὶ
3428 3934 3613 4014 αὔριον

1974 4030 2411 4106 βαπτισθήσεται.
2460 4024 2596 4081 Οὐδὲ
2640 4028 2742 4102 γὰρ
2791 4028 2826 4096 ἡ
2882 4024 2996 4101 ὥρα
3040 4033 3140 4095 τῆς
3189 4027 3427 4101 σήμερον
3474 4024 3615 4100 ἡμέ-

1970 4138 2064 4194 ρας
2096 4115 2403 4188 ἐπιτήδειός
2456 4114 2594 4170 ἐστιν
2643 4115 2717 4177 εἷς
2769 4114 3067 4191 βάπτισμα.
3101 4114 3203 4172 Καὶ
3241 4116 3393 4189 ὁμῶς
3442 4114 3617 4177 οὕτως

1967 4208 2202 4284 γενέσθαι
2235 4207 2288 4262 οἱ
2321 4204 2514 4260 πάντες
2548 4201 3039 4277 συνευδοκήσαμεν.

2040 4299 2186 4354 ΧΙ1Ι.
2222 4295 2401 4365 Αὐτῆς
2460 4292 2551 4349 οὖν
2600 4300 2699 4363 τῆς
2757 4297 2803 4331 ⁵³
2863 4294 3088 4369 ἑσπέρας
3147 4300 3250 4363 τῆς
3307 4293 3513 4371 Πέτρου
3570 4279 3621 4349 εἶ

1968 4388 2163 4448 πάντες
2244 4382 2594 4444 διδασκαλίας
2653 4380 3043 4457 ἀπελαύομεν,
3104 4380 3408 4446 δεικνύντος
3480 4386 3617 4459 ἡμῖν

1971 4475 2031 4531 ἐκ
2080 4482 2179 4545 τῆς
2225 4474 2361 4529 κατὰ
2406 4474 2506 4543 τὴν
2557 4473 2766 4549 μητέρα
2813 4470 3157 4550 προφάσεως,
3206 4472 3313 4527 τίνι
3363 4470 3517 4547 λόγῳ
3552 4471 3621 4527 τὰ

1969 4564 2101 4635 τέλη
2133 4571 2233 4633 τῆς
2267 4562 2621 4641 σωφροσύνης
2675 4559 2836 4630 καλὰ,
2867 4562 2934 4617 τὰ
2982 4558 3039 4616 δὲ
3084 4567 3186 4630 τῆς
3236 4559 3487 4636 μοιχείας
3518 4581 3619 4636 χα-

209 4656 338 4712 neri
371 4655 689 4728 perniciem
723 4655 1233 4722 inferant,etiamsi
1270 4672 1384 4710 non
1418 4656 1641 4725 statim,
1664 4659 1861 4711 tamen

1984 4653 2110 4709 Κεπᾶ
2141 4649 2269 4707 ὄντα
2317 4651 2435 4725 ὅλῳ
2481 4650 2625 4727 γένει
2677 4654 2722 4688 ⁸³
2768 4645 2993 4726 ὄλεθρον
3050 4655 3225 4704 ποιεῖν
3278 4649 3433 4726 φύσιν
3475 4646 3613 4724 ἔχει,

206 4746 346 4801 licet
373 4746 559 4801 tarde.
594 4745 658 4800 ln
692 4750 922 4799 tantum
956 4748 1172 4807 autem,
1204 4744 1415 4815 inquit,
1437 4744 1717 4815 pudicitia
1746 4744 1861 4799 Deo

208 4836 419 4908 placet,
450 4839 515 4889 ut
544 4835 721 4890 etiam
754 4833 845 4888 his
878 4832 977 4905 qui
1010 4833 1068 4886 in
1101 4849 1294 4888 errore
1324 4838 1461 4887 sunt
1489 4833 1685 4905 positi,
1714 4850 1861 4888 non-

206 4924 357 4981 nihil
388 4924 592 4998 gratia:
623 4938 728 4996 pro
749 4922 851 4978 illa
876 4922 936 4977 in
967 4922 1239 4994 praesenti
1271 4923 1529 4977 conferat
1556 4926 1690 4977 vita.
1715 4921 1862 4978 Nam

1970 4743 2066 4798 κάν
2102 4744 2175 4815 μὴ
2208 4740 2440 4816 ταχέως,
2492 4739 2618 4795 ἀλλ’
2652 4737 2740 4793 οὗν
2773 4760 2837 4815 γε
2875 4738 2970 4793 κᾶν
3026 4736 3288 4814 βραδέως.
3325 4736 3445 4791 Ἐπὶ
3488 4758 3613 4792 τοσ-

1973 4835 2129 4885 οῦτον
2190 4828 2272 4898 δέ,
2330 4829 2527 4907 φησὶν,
2587 4828 2653 4882 τὰ
2697 4834 2799 4896 τῆς
2858 4826 3211 4903 σωφροσύνης
3269 4826 3481 4900 ἀρέσκει
3533 4830 3615 4898 τῷ

1974 4923 2109 4991 Θεῷ,
2137 4918 2220 4972 ὅτι
2249 4920 2295 4955 ⁶⁴
2322 4915 2410 4972 καί
2440 4920 2556 4978 τοῖς
2587 4914 2638 4970 ἐν
2669 4913 2849 4988 πλάνῃ
2870 4914 2987 4969 οὖσι
3023 4913 3280 4991 βραχεῖάν
3328 4935 3451 4969 τινα
3481 4914 3613 4990 ὑπὲρ

1569 5107 1811 5165 νΑΒΙίΕ
1850 5106 2253 5164 LECTIONES.

278 5260 331 5295 ‘9
356 5258 510 5313 Vbb.
544 5254 631 5310 ἰπὶ
684 5258 765 5326 τῷ

195 5333 245 5369 ⁸³
276 5330 556 5403 ἀνακρινῶ
588 5329 649 5383 C.
693 5322 746 5363 δέ
784 5322 877 5382 τὸν
930 5322 1000 5378 δι’
1031 5322 1169 5379 om.
1203 5340 1323 5377 var.
1350 5322 1488 5378 lect.
1524 5339 1617 5393 ap.
1675 5322 1735 5379 C.
1792 5322 1837 5355 ⁵⁸
1864 5341 1894 5375 τ
1934 5340 1972 5405 ο⁹
2006 5326 2070 5389 ῆς

199 5416 326 5464 θην.
376 5403 422 5436 ⁸⁸
482 5402 565 5455 Ita
624 5400 779 5464 conj.
839 5401 899 5454 C.
963 5396 1076 5464 cuj.
1133 5399 1325 5449 textus
1362 5394 1691 5464 μαρτυρήσει
1751 5397 1815 5448 ut
1870 5340 2037 5464 ἔριῗη

199 5416 326 5469 θην.
376 5394 431 5436 ⁸⁶’
482 5402 565 5455 Ita
624 5400 779 5469 conj.
839 5401 923 5469 C.‘
963 5396 1076 5469 cuj.
1133 5399 1325 5449 textus
1362 5394 1691 5469 μαρτυρήσει
1751 5397 1815 5448 ut

200 5416 326 5469 θην.
376 5416 422 5436 ’⁸
484 5416 565 5455 ua
624 5416 727 5454 COD
768 5440 779 5452 .
839 5416 899 5454 υ.

200 5479 244 5513 ⁸⁷
279 5468 677 5531 Φαυστινιανός
818 5472 861 5506 ⁵⁸
892 5466 926 5535 ἥ

860 5250 1154 5324 απτίσματι
1215 5251 1405 5377 recepi
1464 5267 1533 5306 ex
1580 5251 1645 5306 0.
1703 5251 1748 5286 5°
1803 5249 2016 5321 θανάτῳ
2066 5252 2124 5305 C.
2176 5249 2219 5286 ⁵1
2270 5244 2491 5301 ἐλεῶσιν
2650 5246 2698 5281 ⁶²
2745 5241 2874 5328 ἐπεὶ.
2905 5240 3033 5305 τούς
3082 5259 3205 5299 var.
3253 5242 3389 5332 lect.
3421 5259 3514 5370 ag.
3552 5245 3615 5301 C.

860 5348 877 5379 ν
930 5322 1000 5378 δι’
1054 5341 1169 5379 om.
1203 5340 1323 5377 var.
1380 5326 1488 5378 ect.
1524 5339 1617 5385 ap.
1675 5322 1735 5379 Ο.
1792 5322 1837 5355 ⁵⁸
1864 5326 2070 5385 τροφῆς
2134 5320 2209 5385 μὴ
2270 5312 2589 5385 μεταλαϐειν
2651 5317 2716 5385 Ο,
2778 5333 2879 5385 qui
2928 5332 3045 5371 om.
3096 5316 3229 5370 vbb.
3284 5314 3444 5383 ουκή
3485 5315 3615 5385 uvid-

2134 5320 2209 5392 μὴ
2270 5312 2716 5409 μεγαλαὲεῖνρι
2778 5315 2879 5409 qui
2928 5312 3573 5409 9Ψ;-ῖξιξ>ο,9ἓξήδ.ιξϊ

2101 5386 2414 5464 μαρτυρήσο
2465 5392 2554 5464 _O.,
2613 5386 2906 5464 ἐμαρτύρει
2930 5386 3194 5464 nonnulli
3246 5387 3414 5443 codd.
3456 5389 3614 5464 Epit.

958 5468 998 5523 C
1029 5456 1217 5549 'Tum‘
1251 5456 1635 5549 Φαυστινιοίνύς
1690 5484 1765 5549 p.‘
1803 5456 2111 5549 diutiniv'oq'
2156 5456 2252 5549 0.,
2279 5456 2605 5549 1⁵9,ἡμέρανκ
2632 5456 2741 5547 τῆς,
2788 5456 2948 5545 ἡμῶν
3002 5456 3344 5549 ἐπκιγνὶώθσεως
3383 5458 3621 5549 χωρίσαι

203 5526 317 5613 τῆξ
338 5546 636 5619 τραπέζης,
665 5526 1132 5614 προῳκονομησεν
1158 5537 1256 5603 τήν
1287 5534 1551 5605 νηστείαν.
1585 5539 1674 5597 Ὡς
1694 5526 1775 5609 ’γὰ
1839 5533 2205 5611 ἐσωφρόνησεν
2236 5531 2285 5587 ἐν
2320 5526 2524 5605 ἀγνοίῂ,
2553 5530 2615 5584 τὸ
2646 5526 2851 5604 πρέπον
2877 5535 2976 5597 τῆς
3023 5526 3278 5597 ἀληθείας
3325 5526 3618 5599 ποίησασα,

208 5619 387 5662 “ﬁnus
420 5618 463 5662 Ω
519 5616 563 5658 ιο
594 5614 940 5662 ὦκονόιιτισεν
974 5608 1079 5662 πρὸ
1114 5613 1239 5662 μιᾶς
1266 5611 1551 5662 νηστεῦσαι
1577 5607 1741 5662 αὐτὴν
1776 5553 1825 5662 ἓν
1858 5606 2051 5662 ἀγνοία
2080 5607 2140 5662 C.
2164 5607 2203 5640 ⁶¹
2227 5605 2325 5662 τὴν
2360 5604 2596 5662 σήμερον
2645 5598 3007 5662 διαμείνωμεν
3060 5604 3118 5655 Ο.
3168 5602 3414 5662 Epitome
3459 5606 3522 5656 ut
3550 5602 3617 5658 0.

1800 5628 1825 5658 ν

208 5607 387 5678 οῦτως
420 5618 482 5673 C.
519 5607 940 5692 ίθ-ᾠκονόμησεν
967 5607 1079 5692 ’πρὸ
1114 5613 1239 5692 μιξις
1266 5607 1741 5692 ’νηστξεῦσαιιαύτήν

207 5693 255 5729 ⁸2
288 5696 391 5757 τῆς
421 5688 647 5757 inserui
678 5702 726 5740 c.

207 5764 255 5799 ⁸⁵
277 5748 551 5822 Fortasse
580 5754 742 5830 ὥστε,
768 5756 854 5815 vel
886 5748 1014 5810 ὅσον
1047 5784 1115 5793 -—-
1142 5748 1431 5824 ἀπονέμειν
1459 5756 1514 5807 S.

1858 5598 2051 5694 ἀγνοία
2080 5598 2140 5662 C.
2164 5607 2203 5640 ⁶¹
2227 5605 2325 5673 τὴν
2360 5598 2596 5731 σήμεὸον
2645 5598 3007 5674 διαμείνωμεν
3060 5604 3118 5655 C.
3168 5602 3414 5672 Epitome
3448 5598 3522 5656 fut
3550 5602 3617 5658 0.

1858 5677 1988 5731 λεπὰ
2016 5678 2139 5731 ὂντα
2171 5673 2289 5731 ὅλω
2318 5673 2454 5731 γένει
2553 5718 2564 5729 .
2598 5675 2749 5731 Tum
2799 5674 2877 5729 id.
2928 5669 3131 5731 πέφυκε
3180 5690 3233 5731 ο.
3289 5671 3444 5731 φύσιν
3477 5669 3615 5731 ἔγει,

814 5673 901 5741 [⁸³
931 5673 1329 5757 χαλεπά-ὅντα,
1360 5676 1475 5732 ὅλω
1506 5677 1647 5753 γένει
1769 5673 1988 5754 χαλεπὰ
2016 5673 2139 5734 ὅντα
2171 5673 2289 5749 ὅλῳ
2318 5673 2454 5751 γένει
2501 5673 2564 5731 0.

2598 5669 2751 5731 Tum
2799 5674 2877 5729 id.
2916 5669 3131 5748 πέφυκε
3179 5669 3233 5745 ρ’.
3289 5671 3444 5749 φύσιν
3477 5669 3615 5746 ἔχει,
