4140 6344
520 442 638 507 339

1352 442 1417 505 S.
1463 439 1905 505 CLEMENTIS
1950 440 1972 501 l
2019 438 2211 501 ROM.
2258 438 2490 501 PONT.
2535 440 2798 502 OPERA
2841 438 3103 501 DUBIA.
3204 498 3207 501 .

3813 443 3937 504 340

522 575 719 634 futura
749 576 1042 635 beatitudo
1071 577 1191 635 illis
1222 577 1414 635 solum
1446 576 1806 649 retribuitur,
1839 576 1939 650 qui
1971 575 2162 647 bapti-

2301 569 2447 641 ιύτῆς
2507 570 2558 627 ἐν
2607 576 2686 644 τῷ
2741 576 2829 627 νῦν
2889 567 2993 645 ϐίῳ
3049 571 3309 647 ἀπονέμει
3360 574 3521 652 χάριν
3575 576 3632 650 (ἡ
3680 576 3784 653 γὰρ
3823 574 3933 631 ἐκεῖ

522 667 634 725 zati
665 671 805 722 sunt
832 671 1068 740 propter
1100 683 1262 739 spem
1294 665 1354 720 in
1388 683 1543 734 eum,
1578 667 1796 738 quique
1825 664 2163 736 pudicitiam

2279 659 2521 735 σωτηρία
2573 660 2761 733 μόνοις
2811 666 2927 723 τοῖς
2972 659 3061 715 δια
3115 662 3211 731 τὴν
3263 662 3339 725 ε⁸ίς
3386 664 3545 719 αὐτὸν
3584 662 3780 720 ἐλπίδα
3833 665 3932 741 βα-

524 758 581 812 et
602 753 895 827 justitiam
928 760 1177 812 servant.
1229 755 1734 819 Quemadmodum
1781 754 2012 809 vidistis
2042 769 2168 824 qum

2301 750 2544 803 πεισθεῖσι
2622 749 2711 804 καὶ
2769 749 3063 829 σωφρόνως
3123 748 3595 829 δικαιοπραγοῦσιν
3672 749 3930 808 ἀποδίδο-

526 842 702 900 matri
730 848 933 900 vestrae
964 845 1358 917 contigerunt,
1411 844 1583 912 bona,
1634 844 1897 915 inquam,
1953 859 2079 914 quae
2109 841 2169 896 in

2301 838 2409 909 ται).
2470 840 2674 913 ’Ὠσπερ
2736 838 3001 914 ἐγνώκατε
3074 838 3162 894 ἐπὶ
3224 846 3322 909 τῆς
3400 841 3661 917 ὑμετέρας
3723 843 3930 918 μητρὸς

526 932 643 988 ﬁne
672 932 942 989 obtinuit.
990 933 1158 989 Forte
1206 934 1362 988 enim
1394 932 1444 988 si
1474 932 1886 999 adulterasset,
1919 948 1949 986 e
1982 930 2171 986 medio

2301 924 2559 1000 γενόμενα,
2621 924 2769 1002 λέγω
2828 925 2895 996 δὴ
2951 928 3018 983 τὰ
3076 926 3163 982 ἐπὶ
3220 926 3364 983 τέλει
3419 928 3578 985 καλά.
3614 930 3766 992 Ἴσως
3798 927 3855 985 δὲ
3888 929 3937 983 εἰ

527 1020 740 1077 fuisset
770 1021 1019 1078 sublata.
1055 1022 1336 1087 Quocirca
1355 1021 1626 1093 pudicam
1659 1022 1974 1076 miseratus
2021 1020 2176 1075 Deus

530 1124 732 1167 necem
786 1109 837 1165 ei
879 1110 1287 1166 imminentem
1332 1110 1559 1183 avertit,
1593 1114 1649 1165 et
1690 1109 1915 1166 ablatos
1963 1108 2177 1164 liberos

532 1198 745 1254 reddit.

604 1289 755 1341 XIV.
788 1290 1001 1343 Verum
1036 1287 1283 1344 fortasse
1323 1286 1465 1342 dicit
1492 1285 1703 1358 aliquis
1735 1305 1751 1341 :
1793 1288 1942 1353 Quot
1972 1287 2044 1342 ob
2075 1303 2181 1358 pu-

535 1374 797 1431 dicitiam
837 1375 1056 1448 periere
1078 1376 1106 1431 ‘2
1134 1376 1268 1432 Dico
1301 1391 1314 1431 :
1347 1375 1493 1441 Quia
1522 1391 1637 1430 non
1669 1376 2183 1432 senserunt.Certe

538 1464 697 1520 enim
728 1468 956 1536 oportet
990 1469 1073 1531 ut,
1106 1482 1230 1537 quae
1260 1464 1440 1520 sentit
1469 1462 1723 1537 aliquem
1754 1463 1840 1519 vel
1893 1464 2182 1520 amasium

536 1553 627 1610 vel
662 1557 1004 1619 amatorem,
1053 1553 1238 1626 fugiat
1279 1554 1476 1609 statim
1533 1553 2000 1609 commistionem
2049 1570 2183 1609 cum

541 1659 633 1710 eo,
668 1646 950 1714 tanquam
984 1641 1139 1714 ignis
1169 1642 1488 1707 ﬂammam,
1526 1641 1615 1698 vel
1644 1658 1846 1697 canem
1878 1641 2174 1699 rabidum.

543 1730 1051 1795 Quemadmodum
1085 1730 1218 1786 fecit
1248 1746 1372 1802 qua
1395 1747 1495 1785 vos
1526 1730 1768 1802 peperit,
1798 1746 1994 1787 revera
2024 1730 2189 1802 pudi-

544 1819 691 1875 citiae
724 1819 943 1874 bonum
977 1819 1246 1890 diligens.
1284 1820 1520 1890 Propter
1550 1819 1704 1890 quod
1744 1823 1967 1874 servata
1996 1819 2186 1875 vobis-

2284 1012 2648 1090 ἐμοιχήσατο,
2690 1016 2930 1092 ἀνῄρητο
2978 1017 3057 1074 ἄν.
3113 1017 3206 1071 Διὸ
3239 1020 3658 1095 σωφρονήσασαν
3708 1015 3940 1089 ἐλεήσας

2286 1104 2315 1158 6
2365 1103 2493 1165 Θεὸς
2550 1103 2645 1159 τὸν
2706 1106 2823 1159 κατ’
2874 1104 3041 1175 αὐτῆς
3101 1103 3428 1182 ἀπέστρεψεν
3486 1106 3672 1185 φόνον,
3726 1107 3814 1162 καὶ
3870 1108 3943 1162 τά

2288 1192 2639 1269 ἀφαιρεθέντα
2669 1192 2826 1249 τέκνα
2856 1191 3154 1251 ἀπέδωκεν.

2361 1282 2505 1338 XIV.
2536 1280 2693 1337 Ἀλλ’
2732 1281 2844 1359 ἐρεῖ
2888 1302 2973 1344 τις
3022 1279 3171 1345 ἴσως·
3224 1282 3389 1338 Πόσοι
3439 1281 3530 1339 διὰ
3582 1284 3941 1363 σωφροσύνην

2289 1367 2577 1426 ἀπώλοντο
2638 1371 2840 1445 ;Φημὶ
2885 1371 3234 1442 ἀναισθησίας
3284 1371 3430 1444 αἰτίᾳ
3459 1391 3471 1404 ·
3522 1375 3635 1449 χρή
3690 1374 3790 1449 γὰρ
3836 1376 3941 1443 τὴν

2291 1459 2682 1533 αἲσθανομένην
2730 1457 2767 1529 ἤ
2826 1458 3103 1535 ἐρωμένου
3159 1464 3204 1498 ⁸⁵
3251 1461 3397 1524 τινὸς
3444 1459 3480 1532 ἤ
3529 1465 3573 1499 ⁸⁸
3623 1465 3769 1521 291
3820 1461 3947 1538 ἐρα-

2293 1546 2422 1602 στοῦ
2468 1549 2593 1624 παρ’
2642 1548 2771 1604 αὐτὸ
2826 1554 3013 1627 φυγεῖν
3072 1556 3172 1620 τῆς
3232 1551 3367 1627 πρὸς
3418 1549 3578 1606 αὐτὸν
3633 1550 3946 1624 ἐπιμίξεως,

2294 1637 2369 1699 ὡς
2400 1641 2507 1714 πῦρ
2554 1636 2753 1715 φλέγον
2803 1635 2838 1707 ἤ
2891 1637 3191 1694 λυσσοῦντα
3241 1642 3284 1677 ⁸⁷
3328 1638 3474 1695 κύνα·
3528 1635 3691 1716 ὅνπερ
3738 1640 3946 1717 τρόπον

2296 1724 2546 1797 ἐποίησεν
2575 1729 2610 1797 ἡ
2646 1727 2784 1800 ὑμᾶς
2828 1731 3078 1797 τεκοῦσα,
3125 1728 3188 1783 τὸ
3232 1731 3330 1798 τῆς
3377 1728 3733 1807 σωφροσύνης
3770 1726 3948 1802 ὅντῳς

2296 1814 2616 1891 ἀγαπήσασα
2663 1814 2850 1873 καλόν.
2903 1816 2996 1870 Διὸ
3052 1818 3117 1887 ⁸⁸,
3170 1815 3508 1894 φυλαχθεῖσα
3560 1817 3652 1872 σὺν
3706 1819 3831 1891 ὑμῖν
3879 1822 3948 1891 ⁸ο,

545 1924 679 1964 cum
714 1908 875 1979 regni
906 1907 1241 1977 sempiterni
1283 1908 1501 1979 accepit
1539 1907 1944 1979 cognitionem.
1982 1907 2186 1963 Mulier

2301 1903 2517 1958 αἶ’ωνίου
2570 1903 2847 1980 βασιλείας
2899 1899 3062 1960 ἔλαϐε
3105 1906 3205 1975 τὴν
3255 1904 3568 1980 ἐπίγνωσιν.
3614 1908 3677 1961 Ἡ
3726 1928 3952 1985 σωφρο-

549 2013 677 2069 qua:
709 1996 917 2067 pudice
948 1995 1109 2066 cupit
1136 1996 1343 2065 vivere,
1372 1996 1519 2052 scire
1549 1996 1737 2064 debet,
1770 1996 1879 2051 sibi
1909 2014 1941 2051 a
1971 1996 2186 2052 malitia

2301 1997 2402 2047 νεῖν
2443 1990 2752 2067 βουλομένη
2786 1995 2921 2067 γυνή
2961 1991 3156 2049 εἰδέναι
3206 1993 3437 2073 ὀφείλει,
3470 1994 3555 2050 ὅτι
3602 1997 3947 2073 φθονουμένη

548 2084 818 2154 invideri,
850 2084 1185 2155 multosque
1215 2101 1276 2140 se
1315 2084 1534 2141 amoris
1581 2101 1759 2140 causa
1807 2085 2019 2141 habere
2049 2084 2191 2139 insi-

548 2174 823 2229 diatores.
859 2172 981 2228 Uno
1012 2176 1207 2229 autem
1270 2172 1561 2246 pudicitia
1612 2173 1820 2228 aﬂ‘ectu
1852 2177 2012 2229 casta
2062 2189 2191 2246 per—

546 2278 816 2331 manens,
850 2267 1096 2334 sempta,
1125 2263 1195 2317 de
1217 2262 1490 2318 omnibus
1522 2261 1761 2318 victoria
1781 2261 2029 2318 salutem
2060 2278 2193 2317 con-

545 2352 832 2423 sequitur.
867 2351 1093 2406 Etenim
1127 2351 1260 2406 licet
1304 2351 1433 2422 quis
1459 2354 1701 2406 cunctas
1732 2350 2050 2407 excoluerit
2076 2350 2188 2406 vir-

541 2445 718 2510 tutes,
753 2442 825 2495 ob
859 2440 1097 2495 unicum
1128 2439 1397 2496 adulterii
1432 2443 1734 2513 peccatum
1774 2441 1935 2495 dabit
1964 2457 2188 2511 poenas,

534 2529 737 2601 inquit
767 2528 1068 2601 propheta.

614 2620 734 2673 XV.
758 2616 966 2673 Mulier
993 2617 1228 2689 pudica,
1279 2617 1375 2672 Dei
1402 2616 1762 2673 voluntatem
1796 2617 2038 2689 faciens,
2071 2617 2187 2689 pri-

542 2722 651 2762 mae
683 2722 803 2762 suae
847 2705 1157 2762 creationis
1205 2705 1482 2778 praaclara
1524 2710 1613 2761 est
1660 2706 2138 2762 commemoratio
2172 2724 2185 2775 ;

543 2794 683 2866 quia
711 2799 863 2850 Deus
894 2795 995 2866 qui
1022 2811 1176 2850 unus
1227 2799 1334 2863 est,
1369 2794 1593 2850 homini
1624 2795 1725 2851 uni
1767 2812 1946 2851 unam
1979 2796 2192 2852 creavit

536 2881 873 2939 mulierem.
924 2882 1121 2939 Adhuc
1165 2899 1297 2939 vere
1327 2882 1583 2956 amplius
1635 2888 1833 2940 manet
1877 2885 2105 2957 pudica,
2140 2886 2189 2941 si

544 2971 855 3029 creaticnis
902 2988 1017 3027 non
1063 2971 1458 3043 obliviscatur,
1511 2973 1774 3029 futurum
1834 2973 2189 3047 supplicium

542 3059 877 3132 praevideat,
911 3076 1017 3116 nec
1045 3058 1272 3133 ignoret
1314 3064 1664 3116 mternorum
1697 3062 1983 3117 bonorum
2018 3062 2191 3118 amis-

547 3148 793 3204 sionem.
847 3149 1063 3205 Pudica
1113 3148 1347 3215 mulier,
1400 3149 1471 3204 iis
1525 3149 1808 3205 delectata
1857 3149 1957 3222 qui
1988 3148 2191 3205 volunt

547 3236 690 3293 salvi
726 3237 873 3305 ﬁeri,
900 3242 988 3294 est
1017 3238 1178 3310 pium
1224 3236 1554 3309 exemplum
1603 3238 1929 3294 cultoribus
1982 3238 2187 3293 Divini-

542 3325 681 3381 talis
711 3337 724 3379 :
760 3299 961 3397 utpote
993 3299 1155 3381 bona;
1187 3326 1314 3381 vitae
1343 3299 1594 3392 le'x.Quaa
1626 3327 1789 3398 cupit
1819 3327 2027 3397 pudice
2058 3344 2187 3400 age-
2217 3299 2260 3367 (ἶ

543 3430 625 3481 re,
675 3414 1010 3471 occasiones
1055 3414 1348 3470 maledicti
1401 3420 1667 3486 amputat
1714 3432 1727 3470 :
1781 3415 1860 3471 sit
1911 3432 2043 3471 vero
2073 3433 2187 3472 non

542 3504 679 3558 data
722 3502 1020 3559 occasione
1068 3508 1351 3575 tanquam
1395 3502 1466 3557 ab
1513 3502 1752 3560 inimico
1806 3504 1958 3561 male
2000 3505 2185 3575 audit,

543 3607 577 3646 a
608 3591 723 3646 Deo
754 3592 1113 3648 benedicitur
1142 3608 1209 3647 ac
1239 3591 1588 3647 vindicatur.
1623 3591 1840 3650 Pudica
1872 3592 2058 3649 Deum
2090 3594 2186 3650 de-

543 3680 781 3752 siderat,
818 3680 996 3735 Deum
1023 3678 1231 3752 diligit,
1286 3684 1465 3734 Deum
1497 3679 1765 3751 oblectat,
1798 3682 1913 3738 Deo
1942 3681 2189 3754 gloriam

545 3769 767 3837 defert;
829 3767 1166 3824 hominibus
1214 3767 1618 3825 occasionibus
1675 3769 2023 3841 obloquendi
2075 3789 2188 3828 non

550 3857 786 3930 praebet.
820 3856 1024 3912 Mulier
1073 3855 1286 3928 pudica
1333 3855 1631 3912 excellenti
1683 3858 1966 3931 dignitate
2006 3859 2191 3932 replet

548 3945 865 4002 Ecclesiam
897 3948 1070 4016 atque
1120 3945 1272 3999 bono
1322 3944 1496 4000 odore
1530 3960 1543 4001 :
1576 3949 1633 4002 et
1679 3952 1955 4019 praeterea
2004 3950 2188 4022 magi-

540 4040 799 4092 strorum
850 4034 978 4089 laus
1026 4036 1134 4101 est,
1185 4032 1557 4105 adjutrixque
1611 4035 1953 4107 pudicitiam
1997 4040 2188 4094 colen-

544 4124 725 4180 tibus.

615 4212 763 4267 XVI.
798 4212 1017 4267 Pudica
1064 4209 1275 4267 mulier
1324 4214 1607 4284 tanquam
1651 4230 1867 4286 sponso
1914 4215 2056 4272 Filio
2088 4215 2190 4272 Dei

543 4306 806 4367 ornatur,
839 4300 1046 4356 vestita
1076 4316 1239 4356 sacro
1270 4298 1513 4356 lumine.
1548 4302 1667 4373 Ipsi
1696 4308 1889 4359 autem
1921 4305 2098 4361 decus
2128 4304 2189 4361 in

543 4389 742 4446 anima
772 4392 879 4461 est,
909 4388 1156 4445 honesta
1187 4387 1322 4443 vita.
1357 4388 1733 4463 Unguentum
1764 4407 1895 4447 vero
1925 4392 2059 4459 olet,
2094 4393 2191 4449 bo-

545 4495 679 4534 nam
712 4479 949 4534 famam.
984 4476 1260 4533 Praeclare
1286 4478 1500 4533 amicta
1524 4482 1633 4549 est,
1657 4480 1936 4552 pudorem
1960 4481 2187 4551 induta;

542 4571 718 4640 atque
750 4566 1017 4640 pretiosis
1050 4566 1381 4639 margaritis
1411 4567 1704 4635 redimita,
1762 4570 2037 4627 castificis
2066 4588 2187 4628 ser-

2302 2080 2406 2137 ὑπὸ
2435 2082 2622 2144 κακίας
2654 2083 2917 2161 προφάσει
2954 2080 3155 2158 ἔρωτος
3204 2082 3452 2146 πολλοὺς
3498 2083 3613 2160 ἔχει
3668 2085 3790 2148 τοὺς
3832 2085 3955 2141 ἐπι-

2301 2164 2580 2233 ϐούλους.
2634 2176 2744 2242 Μιᾷ
2801 2169 2857 2226 δὲ
2909 2176 2980 2245 τῇ
3038 2172 3174 2246 πρὸς
3228 2173 3291 2227 τὸ
3358 2178 3652 2252 σωφρονεῖν
3709 2173 3953 2229 ένστάσει

2300 2261 2470 2332 σεμνή
2532 2259 2773 2333 μείνασα,
2820 2261 2921 2330 τὴν
2978 2260 3114 2315 κατᾶ
3167 2262 3212 2298 ⁷ο
3257 2259 3470 2317 πάντων
3522 2261 3647 2333 νίκη
3710 2258 3957 2319 λαϐοῦσα

2300 2349 2539 2417 σωθῆναι
2587 2344 2725 2424 ἔχει.
2774 2350 2872 2403 Καὶ
2922 2350 3025 2425 γὰρ
3073 2348 3119 2403 εἰ
3180 2350 3353 2404 πάντα
3413 2351 3557 2405 καλὰ
3599 2349 3952 2427 διαπράξαιτό

2295 2456 2401 2508 τις,
2439 2442 2538 2509 μιᾷ
2563 2441 2633 2511 τῇ
2664 2437 2799 2512 πρὸς
2825 2437 2890 2493 τὸ
2924 2439 3297 2514 μοιχήσασθαι
3328 2438 3568 2515 ἀμαρτίᾳ
3613 2440 3951 2512 κολασθῆναι

2300 2522 2383 2581 δεῖ
2410 2529 2477 2594 τί,
2511 2526 2539 2580 6
2570 2528 2860 2605 προφήτης
2895 2523 3019 2605 ἔφη.

2371 2616 2482 2673 XV.
2513 2616 2573 2672 Ἣ
2607 2616 2839 2693 σώφρων
2881 2616 3039 2692 γυνὴ,
3089 2616 3151 2670 τὸ
3196 2620 3293 2671 τοῦ
3324 2621 3458 2671 Θεοῦ
3505 2616 3721 2692 θέλημα
3751 2623 3953 2674 ποιοῦ-

2299 2723 2385 2773 σα,
2415 2709 2515 2773 τῆς
2566 2703 2731 2758 αὐτοῦ
2760 2704 2985 2780 πρώτης
3032 2704 3260 2768 κτίσεως
3306 2704 3482 2781 ἀγαθή
3526 2706 3830 2781 ὑπόμνησις
3861 2707 3954 2781 γί-

2298 2810 2463 2847 νεται·
2512 2791 2594 2847 ὅτι
2645 2792 2720 2854 εἷς
2774 2792 2848 2847 ὢν
2878 2794 2904 2848 ὁ
2954 2793 3083 2856 Θεὸς
3115 2791 3187 2849 ἐνὶ
3219 2796 3265 2830 ⁷²
3296 2794 3563 2869 ἀνθρώπῳ
3616 2795 3740 2868 μίαν
3773 2791 3953 2852 ἔκτισε

2296 2886 2538 2957 γοναῖκα.
2574 2882 2692 2936 Ἔτι
2722 2877 2781 2935 δὲ
2814 2880 3026 2955 μᾶλλον
3083 2882 3313 2960 σώφρων
3368 2884 3534 2957 μένει,
3584 2883 3670 2938 ἐὰν
3704 2891 3805 2955 τῆς
3834 2885 3956 2940 κτί-

2300 2990 2435 3032 σεως
2486 2971 2531 3006 ⁷⁸
2585 2970 2660 3043 μὴ
2712 2967 3162 3043 ἐπιλανθάνηται,
3220 2971 3309 3025 καὶ
3368 2972 3467 3041 τήν
3524 2969 3748 3027 κόλασιν
3812 2994 3957 3051 προ-

2299 3052 2497 3133 ϐλέπῃ,
2553 3057 2643 3112 καὶ
2708 3062 2817 3113 τῶν
2876 3057 3109 3113 αἰωνίων
3171 3059 3383 3134 ἀγαθῶν
3442 3061 3543 3129 τὴν
3606 3060 3806 3134 ζημίαν
3870 3063 3952 3134 μή

2300 3147 2489 3223 ἀγνοῇ.
2517 3148 2579 3203 Ἡ
2612 3147 2842 3225 σώφρων
2874 3149 3035 3223 γυνὴ,
3089 3146 3175 3202 ἐπὶ
3224 3153 3343 3210 τοῖς
3392 3148 3656 3219 σώζεσθαι
3700 3148 3959 3207 θέλουσιν

2297 3233 2566 3309 ἡδομένη,
2626 3234 2970 3313 παράδειγμα
3024 3230 3234 3299 εὐσεϐὲς
3284 3242 3402 3299 τοῖς
3457 3232 3765 3301 θεοσεϐοῦσι
3821 3259 3955 3317 τυγ-

2298 3326 2472 3398 χάνει·
2524 3325 2725 3401 ἀγαθοῦ
2771 3326 2872 3401 γὰρ
2928 3325 3049 3401 βίου
3097 3325 3267 3399 νόμος
3314 3325 3451 3381 ἐστίν
3480 3370 3493 3383 .
3542 3329 3603 3385 Ἡ
3654 3334 3953 3407 σωφρονεῖν

2296 3412 2527 3469 θέλουσα
2573 3415 2669 3475 τὰς
2718 3415 3016 3492 προφάσεις
3063 3420 3162 3484 τῆς
3209 3412 3487 3491 λοιδορίας
3538 3415 3808 3490 ἐκκόπτει,
3860 3416 3953 3473 ἐὰν

2300 3500 2357 3558 δὲ
2407 3504 2482 3576 μὴ
2534 3503 2849 3579 παρέχουσα
2897 3502 3164 3579 πρόφασιν
3216 3501 3549 3581 λοιδορεῖται
3607 3508 3655 3543 7‘
3711 3505 3787 3568 ὡς
3846 3506 3952 3562 ὑπὸ

2300 3591 2522 3668 ἐχθροῦ,
2559 3591 2662 3646 ὑπὸ
2714 3589 2846 3647 Θεοῦ
2897 3589 3199 3669 εὐλογεῖται
3249 3593 3338 3648 καὶ
3383 3590 3693 3652 ἐκδικεῖται.
3725 3596 3790 3651 Ἡ
3840 3597 3951 3650 σώ-

2299 3702 2447 3760 φρων
2478 3681 2568 3736 τὸν
2619 3679 2747 3736 Θεὸν
2800 3686 2979 3754 ποθεῖ,
3010 3680 3104 3735 τὸν
3151 3682 3276 3737 Θεὸν
3328 3681 3495 3761 φιλεῖ,
3526 3684 3615 3738 τὸν
3668 3683 3797 3739 Θεὸν
3825 3685 3951 3761 τέρ-

2298 3791 2407 3842 πει,
2461 3771 2552 3825 τὸν
2613 3771 2739 3825 Θεὸν
2799 3767 3057 3841 δοξάζει·
3116 3770 3429 3844 ἀνθρώποις
3488 3771 3755 3850 πρόφασιν
3812 3774 3951 3850 πρὸς

2300 3856 2579 3936 λοιδορίαν
2623 3859 2684 3914 οὐ
2730 3857 2977 3935 παρέχει.
3010 3864 3071 3913 Ἦ
3121 3861 3351 3938 σώφρων
3399 3862 3537 3935 γυνή
3570 3862 3670 3930 τήν
3706 3860 3949 3932 Ἐκκλη-

2298 3948 2414 4003 σίαν
2470 3947 2644 4025 ἀγαθῇ
2701 3952 2838 4023 τιμῇ
2893 3948 3103 4024 μυρίζει
3159 3948 3249 4003 καὶ
3308 3948 3395 4004 ἐπὶ
3456 3949 3743 4023 σεμνότητι
3794 3954 3949 4010 292

2299 4035 2526 4109 δοξάζει·
2586 4034 2665 4093 ἔτι
2718 4036 2777 4092 δὲ
2830 4036 2919 4093 καὶ
2978 4034 3318 4094 διδασκάλων
3370 4036 3589 4102 ἔπαινός
3640 4039 3802 4112 ἐστιν,
3852 4039 3944 4096 καὶ

2298 4127 2546 4203 συνεργὸς
2576 4126 2759 4189 αὐτοῖς
2789 4130 3132 4203 σωφρονοῦσι
3160 4127 3434 4202 τυγχάνει.

2370 4218 2510 4272 XVI.
2544 4217 2605 4271 Ἥ
2664 4217 2893 4291 σώφρων
2952 4216 3087 4291 γυνή
3147 4215 3221 4277 ὡς
3278 4214 3499 4293 νυμφίῳ
3549 4216 3629 4287 τῷ
3687 4216 3797 4289 Υὶῷ
3848 4220 3947 4271 τοῦ

2298 4308 2434 4362 Θεοῦ
2462 4307 2507 4341 ⁷⁵
2535 4309 2839 4377 κοσμεῖται,
2884 4301 3208 4377 ἐνδεδυμένη
3258 4305 3320 4358 τὸ
3369 4305 3563 4378 σεμνὸν
3614 4308 3748 4383 φῶς.
3795 4310 3946 4361 Ἔστι

2300 4390 2356 4449 δὲ
2402 4392 2537 4469 αὐτῇ
2586 4391 2796 4456 κάλλος
2843 4395 2878 4463 ἡ
2919 4396 2963 4430 ⁷⁸
2993 4392 3044 4448 ἐν
3091 4396 3161 4467 τῇ
3210 4395 3363 4468 ψυχῇ
3397 4391 3640 4467 εὐνομία.
3673 4393 3858 4467 Μύρου
3891 4392 3949 4449 δὲ

2297 4484 2443 4538 πνέει
2473 4489 2576 4552 τῆς
2624 4484 2829 4558 ἀγαθῆς
2883 4484 3096 4561 φήμης,
3130 4482 3280 4537 Καλὰ
3329 4482 3497 4562 φάρεα
3546 4482 3839 4561 ἠμφίεσται
3881 4487 3945 4557 71’

2295 4574 2395 4643 τὴν
2458 4569 2614 4627 αἰδῶ·
2675 4571 2763 4626 καὶ
2818 4571 3035 4645 τιμίους
3095 4572 3427 4647 μαργαρίτας
3471 4571 3769 4649 περίκεται,
3816 4572 3947 4635 τοῦς

545 4656 841 4712 monibus.
880 4655 1138 4711 Candida
1169 4659 1365 4711 autem
1396 4659 1505 4722 est,
1557 4661 1622 4711 ut
1649 4657 1845 4714 animo
1874 4658 2182 4717 illustrata.

2301 4660 2734 4740 σωφρονίζοντας
2784 4659 3003 4733 λόγους.
3053 4660 3229 4729 Λευκὴ
3283 4658 3341 4714 δὲ
3393 4662 3675 4736 τυγχάνει,
3727 4660 3851 4717 ὅταν
3902 4664 3947 4700 τε

545 4749 609 4801 In
643 4745 931 4817 optimum
963 4745 1225 4800 intuetur
1248 4744 1712 4817 speculum,qua
1734 4746 1793 4801 in
1832 4748 2011 4804 Deum
2037 4749 2193 4822 aspi-

546 4834 679 4889 ciat.
711 4833 960 4889 Pulchro
991 4838 1198 4888 ornatu
1232 4833 1435 4904 utitur,
1452 4833 1660 4890 timore
1691 4851 1831 4907 erga
1851 4836 2035 4893 Deum
2069 4839 2195 4895 ani-

544 4939 704 4978 mam
754 4923 1092 4979 instituens.
1143 4923 1389 4995 Egregia
1436 4922 1668 4994 mulier,
1719 4941 1833 4980 ncn
1882 4943 2008 4998 quae
2050 4945 2191 4985 auro

540 5011 767 5069 irretita
794 5016 900 5079 est,
952 5011 1053 5067 sed
1094 5027 1222 5083 quae
1271 5027 1305 5065 a
1353 5012 1724 5083 temporariis
1771 5015 2190 5087 cupiditatibus

541 5102 753 5159 soluta.
800 5101 1020 5157 Pudica
1063 5099 1275 5156 mulier
1303 5117 1336 5155 a
1368 5116 1580 5173 magno
1613 5101 1768 5175 Rege
1801 5103 2187 5179 desideratur,

537 5192 949 5264 desponsatur,
968 5188 1317 5259 custoditur,
1346 5188 1630 5263 diligitur.
1656 5190 1874 5249 Pudica
1905 5211 2016 5252 non
2041 5214 2186 5270 prie-

2299 4752 2394 4813 τὰς
2444 4748 2636 4828 φρένας
2770 4747 3227 4826 λελαμπρυμένη.
3278 4746 3442 4821 Καλῷ
3497 4748 3746 4825 ἐσόπτρῳ
3796 4753 3896 4827 ὁρᾷ
3929 4797 3943 4825 ,

2302 4839 2379 4903 είς
2426 4840 2519 4894 τὸν
2579 4839 2705 4895 Θεὸν
2759 4833 3107 4911 ἐμϐλέπουσα
3155 4840 3219 4894 ’²⁹.
3270 4837 3434 4910 Καλῷ
3475 4838 3669 4912 κόσμῳ
3717 4846 3944 4914 χρῆται,

2298 4927 2378 5001 τῷ
2402 4928 2535 4989 πυὸς
2565 4928 2692 4983 Θεὸν
2743 4928 2789 4963 ⁸ο
2839 4922 2995 5005 φόϐῳ
3037 4926 3136 4995 τὴν
3185 4927 3367 5001 ψυχὴν
3408 4932 3752 4992 νουθετοῦσα.
3788 4926 3941 4999 Καλή

2298 5020 2333 5088 ἢ
2362 5018 2517 5093 γννή,
2553 5017 2660 5090 οὑχ
2688 5016 2721 5085 ἠ
2755 5019 2945 5091 χρυσῷ
2976 5011 3349 5087 πεπεδημένη,
3374 5012 3501 5071 ἀλλ’
3546 5017 3580 5087 ἠ
3628 5020 3736 5072 τῶν
3775 5037 3943 5093 προσ.

2296 5106 2496 5184 καίρων
2545 5103 2847 5177 ἐπιθυμιῶν
2898 5102 3173 5176 λελυμένη
3202 5146 3214 5161 .
3263 5104 3326 5159 Ἡ
3374 5104 3607 5183 σώφρων
3651 5107 3791 5181 γυνή
3847 5127 3943 5180 με·

2295 5196 2451 5274 γάλῳ
2506 5192 2727 5250 Βασιλεῖ
2772 5190 3137 5269 περιπόθητός
3195 5191 3354 5266 ἐστιν,
3414 5192 3561 5269 αὐτῷ
3610 5197 3945 5271 μεμνήστευ.

1894 5346 2132 5406 VARL‘E
2170 5348 2585 5410 LECTIONES.

604 5477 651 5513 ⁸⁸
678 5473 973 5549 γενομένου
1005 5491 1063 5547 p.
1093 5474 1129 5543 ἢ
1164 5472 1435 5603 ἓρωμένου
1458 5475 1524 5531 0.
1556 5475 1601 5511 ⁸⁸
1629 5471 1667 5543 ἤ
1724 5477 1858 5533 add.
1912 5479 1979 5536 D.

611 5544 740 5600 866'
788 5552 845 5601 0.
889 5547 933 5582 ⁶⁹
980 5545 1116 5603 ἡμῖν
1213 5588 1226 5602 .
1286 5547 1323 5582 ⁴⁰
1354 5540 1457 5599 ὑπό
1515 5546 1576 5602 C.
1628 5548 1670 5583 ’τί
1707 5543 1772 5603 δή
1821 5552 1885 5603 Ο.
1940 5548 1979 5603 δι

533 5548 578 5583 ⁸⁸
611 5544 740 5600 δι”ὅ
788 5544 933 5617 (3.,δθ
960 5544 1116 5617 Αῆμῖν
1166 5544 1226 5603 C.

2038 5483 2189 5539 Tum
2247 5484 2345 5552 τὴν
2402 5481 2539 5552 πρὸς
2596 5477 2763 5552 αὐτὸν*
2813 5475 3086 5551 ἐπιμιξίαν
3142 5478 3207 5535 Ο.
3256 5479 3301 5515 ⁸⁷
3332 5476 3609 5534 λυσσῶντα
3657 5481 3722 5537 Ο.
3766 5482 3934 5552 bene.

1279 5540 1457 5626 “iﬁﬂé
1628 5540 1675 5626 τί
1694 5543 1786 5626 ῌδήί
1821 5552 1889 5626 Ο,Δ
1937 5548 2049 5626 δεῖν
2105 5555 2256 5626 conj.
2305 5540 2379 5610 Ὀ.
2410 5540 2456 5590 ’τί
2487 5540 2594 5626 Ita_
2631 5552 2718 5626 D._
2747 5548 2799 5603 ἐν
2854 5540 2919 5626 (ρ’
2946 5540 3011 5607 ό.
3046 5552 3091 5626 τῗ
3121 5552 3364 5626 κτήσεως
3419 5552 3484 5607 Ο.
3514 5552 3756 5626 Deinde
3794 5550 3939 5626 ,λαν-

535 5616 665 5698 θάνῃ
695 5620 755 5675 C.
788 5618 833 5652 7‘
861 5613 1275 5698 λοιδορῆται-ς).
1308 5619 1351 5653 ⁷⁵
1383 5616 1599 5698 νυμφίῳ
1630 5617 1731 5698 υἱῷ
1761 5613 1894 5698 Θεοῦ
1925 5624 2124 5698 Ολτδηή
2153 5613 2396 5698 as'cripsi
2446 5641 2514 5698 eg:
2554 5623 2642 5698 9.,
2680 5622 2831 5677 Fort.
2882 5613 3219 5698 legendum:
3240 5620 3410 5698 αὐτῆς
3443 5619 3663 5698 κάλλος
3708 5624 3739 5693 ἠ
3790 5621 3842 5698 ἐν
3882 5645 3935 5683 κ.

535 5685 678 5767 τηλ.
711 5685 1034 5745 secundum
1083 5694 1139 5745 Β.
1197 5691 1239 5725 ⁷⁷
1283 5685 1461 5766 φορεῖ·
1503 5685 1802 5765 meum;
1850 5696 1908 5748 Ο.
1961 5695 2004 5731 ’⁸⁸
2055 5685 2131 5750 6'1"
2170 5692 2229 5750 ἄν
2272 5685 2331 5754 οἱ
2386 5698 2431 5736 7°
2476 5687 2857 5766 ἐμόλὲπτουσα
2903 5685 2970 5749 Ov.
3018 5695 3065 5730 ⁸ο
3110 5691 3237 5749 Θιόν
3278 5685 3522 5750 8.ἀ(1ἁ.
3573 5711 3643 5751 ex
3690 5685 3932 5767 conject.

536 5761 621 5821 Ci.
