4140 6344
223 458 314 520 3M
1292 454 1826 519 CLEMENTINA.
1856 486 1935 500 —
1964 452 2298 516 HOMILIA
2340 452 2506 517 XIII.

3484 454 3604 516 342

220 612 315 659 ται,
341 589 477 662 αύτῷ
512 592 832 667 τετήρηται,
866 590 955 645 ὑπ’
984 592 1026 627 ⁸¹
1078 587 1240 646 αύτοῦ
1286 589 1587 665 ἧγάπηται.
1619 589 1683 645 Ἡ
1733 587 1837 641 σώ-

1953 588 2051 643 bet
2080 588 2417 645 occasiones
2439 592 2503 643 ut
2531 591 2857 661 appetatur,
2889 588 2998 643 nisi
3030 587 3152 644 viro
3201 603 3328 644 suo.
3382 588 3601 645 Pudica

222 702 347 758 φρων
407 679 484 742 εἰς
538 681 608 735 τὸ
664 679 912 744 θέλεσθαι
970 679 1264 758 προφάσεις
1313 679 1374 733 ού
1415 676 1666 754 παρέχει,
1697 678 1731 747 ἣ
1764 677 1843 747 τῷ

220 769 361 836 αὐτῆς
405 766 581 844 ἀνδρί.
640 770 705 827 Ἡ
741 770 974 845 σώφρων
1026 770 1128 824 ὑπὸ
1188 769 1373 845 ἑτέρου
1428 766 1697 840 θελομὲνη
1747 765 1843 821 λυ-

217 864 392 914 πεῖται.
424 859 486 915 Ἠ
516 860 751 937 σώφρων
806 859 898 913 τὸν
954 855 1119 935 ἄνδρα
1176 855 1493 921 ἑνδιαθὲτως
1554 853 1724 932 φιλεῖ,
1754 854 1843 908 καὶ

216 946 496 1024 καταφιλεῖ,
556 947 649 1002 καὶ
730 946 1036 1015 κολακεύει,
1085 946 1319 1023 ἀρέσκει,
1378 943 1646 1014 δουλεύει,
1707 943 1842 1020 πρὸς

216 1036 364 1091 πάντα
442 1036 596 1109 αύτῷ
679 1036 941 1110 πείθεται,
1001 1036 1265 1111 παρεκτὸς
1322 1037 1367 1072 ⁸³
1431 1031 1530 1089 τοῦ
1611 1033 1845 1088 ἀπειθεῖν

213 1131 329 1197 Θεῷ.
373 1129 413 1182 Η
457 1127 569 1201 γαρ
620 1126 915 1199 πειθομένη
967 1130 1082 1198 Θεῷ
1134 1122 1253 1181 ἄνευ
1300 1122 1554 1202 φυλάκων
1609 1123 1697 1177 καὶ
1741 1123 1842 1191 τὴν

212 1216 368 1291 φυήν
400 1221 681 1293 σωφρονεῖ
708 1216 797 1270 καὶ
816 1215 882 1271 τὸ
914 1220 1072 1289 σῶμα
1100 1216 1406 1286 καθαρεύει.

270 1306 425 1360 XVII.
468 1303 739 1374 Ἀνόητος
792 1302 882 1358 οὖν
945 1309 1051 1365 πᾶς
1094 1302 1233 1379 ἀνὴρ
1282 1304 1312 1357 ὁ
1356 1303 1457 1371 τήν
1518 1301 1708 1356 ἑαυτοῦ
1744 1322 1844 1376 γυ-

208 1396 342 1447 ναῖκα
370 1392 635 1468 χωρίζων
668 1387 839 1470 φόϐου
878 1396 1031 1448 Θεοῦ.
1066 1394 1183 1446 Ὅτι
1233 1394 1268 1461 ἡ
1314 1391 1443 1446 Θεὸν
1507 1391 1582 1463 μὴ
1643 1384 1843 1469 φοϐου-

212 1481 323 1553 μένη
350 1479 478 1536 οῦδὲ
505 1482 604 1536 τὸν
635 1478 801 1557 ἄνδρα
856 1475 1123 1560 φοϐεῖται.
1156 1480 1279 1535 Ἐὰν
1325 1480 1451 1536 Θεὸν
1500 1479 1592 1535 τὸν
1645 1478 1844 1555 ἀόρατα

212 1568 462 1645 βλέποντα
498 1572 580 1643 μή
614 1565 870 1647 φοϐῆται,
902 1569 1039 1645 πρὸς
1068 1568 1161 1623 τὸν
1203 1569 1279 1642 μή
1312 1569 1523 1645 ὁρῶντα
1567 1571 1685 1630 πῶς
1735 1588 1841 1621 σω-

208 1660 445 1736 φρονήσει
477 1662 527 1695 ³³
556 1678 569 1727 ;
603 1661 757 1716 298
808 1662 925 1719 πῶς
975 1655 1032 1713 δὲ
1090 1659 1429 1736 σωφρονήσει
1462 1659 1496 1727 ἡ
1533 1658 1606 1729 μή
1659 1676 1843 1732 συνερ-

210 1747 400 1821 χυμένη
463 1746 611 1821 πρὸς
656 1745 787 1808 τοὺς
850 1743 1277 1825 σωφρονίζοντας
1332 1745 1543 1801 ἀκούειν
1604 1743 1840 1821 λόγους;

205 1840 302 1895 τῶς
356 1832 415 1890 δὲ
463 1835 562 1890 καὶ
620 1835 900 1897 νουθεσίας
953 1834 1158 1911 τύχοι;
1212 1840 1331 1897 πῶς
1390 1832 1447 1890 δὲ
1504 1837 1841 1911 σωφρονήσει

204 1924 303 1978 ἄνευ
348 1922 641 2001 φυλάκων,
681 1924 769 1979 ἐὰν
814 1926 913 1994 τήν
964 1925 1225 1997 ἐσομένην
1274 1924 1448 1996 κρίσιν
1494 1928 1592 1979 τοῦ
1630 1926 1678 1961 ³⁴
1708 1928 1842 1979 Θεοῦ
1872 1957 1919 2023 Β

209 2013 273 2083 μή
303 2009 566 2088 διδαχθῇ,
605 2010 745 2085 μηδὲ
768 2014 868 2083 τὴν
903 2013 990 2069 ἐπὶ
1044 2017 1211 2087 μικρᾷ
1256 2012 1429 2086 ἡδονῇ
1474 2012 1693 2067 αἰώνιον
1745 2017 1839 2083 ζη-

206 2101 310 2172 μίαν
355 2101 813 2179 πληροφορηθῇ;
881 2098 964 2156 διὸ
1021 2100 1325 2156 τούναντίον
1385 2099 1613 2156 ἄκουσαν
1674 2100 1839 2170 αὐτὴν

202 2190 320 2265 πρὸς
369 2190 466 2245 τὸν
528 2190 935 2269 σωφρονίζοντα
993 2190 1076 2247 ἀεὶ
1134 2188 1469 2268 εἶσὲρχεσθαι
1512 2192 1627 2234 ⁸⁸-⁸⁶
1677 2187 1839 2266 λόγον

198 2277 500 2356 ἀνάγκασον,
531 2277 889 2337 κολάκευσον.

260 2546 444 2605 XVIII.
486 2546 641 2602 Πολὺ
700 2543 759 2601 δὲ
808 2551 1071 2623 κρεῖττον,
1105 2546 1153 2601 εί
1196 2546 1612 2623 χειραγωγήσας
1670 2543 1836 2619 ἧξειᾷ

197 2630 277 2688 ἵνα
330 2636 414 2689 καὶ
476 2635 640 2697 αύτὸς
700 2636 930 2713 σώφρων
986 2635 1132 2711 γὲνῃ·
1168 2633 1418 2705 θελήσεις
1474 2635 1574 2712 γὰρ
1608 2635 1837 2713 σώφρων

202 2726 449 2796 γενέσθαι,
477 2723 573 2779 ’ἱνα
619 2725 803 2800 γνώσῃ
827 2727 872 2762 ⁸⁷
909 2729 1109 2798 σεμνοῦ
1165 2725 1346 2800 γάμου
1402 2724 1464 2779 τὸ
1519 2722 1701 2796 τέλος,
1750 2724 1840 2779 καὶ

203 2811 289 2866 ούκ
314 2812 590 2884 ὀκνήσεις,
621 2814 668 2869 εί
718 2812 954 2888 ἀγαπᾷς,
990 2812 1134 2889 λέγω
1164 2811 1231 2881 δή
1262 2816 1306 2849 ⁸⁸
1336 2814 1515 2889 πατὴρ
1573 2812 1838 2887 γενέσθαι,

203 2896 298 2954 ἴδια
347 2902 512 2956 τέκνα
567 2901 748 2981 φιλεῖν
809 2902 899 2956 καὶ
958 2902 1061 2957 ὑπὸ
1115 2899 1266 2957 ἰδίων
1315 2900 1587 2979 φιλεῖσθαι
1617 2903 1837 2960 τέκνων.

202 2989 248 3042 '0
273 2992 316 3025 ⁸9
362 2992 627 3068 σώφρονα
681 2996 909 3064 γυναῖκα
948 2988 1092 3066 ἔχειν
1151 2989 1321 3046 θέλων
1370 2991 1459 3045 καὶ
1518 2990 1675 3053 αὐτὸς
1732 3013 1837 3046 σω-

203 3083 385 3154 φρονεῖ,
443 3080 547 3148 τήν
608 3078 975 3157 ὀφειλομένην
1045 3078 1202 3149 εύνήν
1264 3078 1614 3151 ἀποδίδωσιν,
1674 3081 1840 3155 ταύτῃ

202 3174 548 3241 συνεστιᾶται,
579 3168 746 3243 ταύτῃ
777 3167 1039 3240 σύνεστιν,
1071 3167 1162 3223 σὺν
1192 3168 1327 3242 αὐτῇ
1384 3170 1521 3243 πρὸς
1578 3171 1668 3225 τὸν
1730 3192 1836 3225 σω-

202 3256 511 3331 φρονίζοντα
566 3254 785 3333 ἔρχεται
841 3255 1028 3332 λόγον,
1061 3257 1123 3313 ού
1182 3257 1363 3329 λυπεῖ,
1396 3257 1495 3314 ούκ
1551 3258 1668 3329 εἰκῆ
1740 3261 1839 3333 μά-

1956 678 2027 731 ab
2079 676 2192 731 alio
2242 677 2457 747 cupita,
2509 676 2681 733 dolet.
2737 677 2953 733 Pudica
3002 677 3213 733 marito
3260 677 3444 733 defert
3476 678 3598 733 sin-

1953 783 2152 823 cerum
2186 782 2252 822 ac
2282 782 2517 822 suavem
2541 782 2822 837 amorem,
2854 767 3173 833 blanditur,
3224 765 3430 837 placet,
3475 784 3595 822 ser-

1953 855 2035 910 vit
2068 874 2081 921 ;
2116 856 2169 909 in
2205 856 2480 911 omnibus
2502 856 2554 910 ei
2586 855 3073 927 obsequitur,nisi
3106 856 3341 926 quando
3370 856 3599 912 inobse-

1954 961 2139 1016 quens
2174 946 2317 999 foret
2346 944 2481 999 Deo.
2517 944 2663 1000 Nam
2691 961 2817 1016 quae
2850 944 2965 999 Deo
2996 944 3179 999 credit
3208 961 3273 999 ac
3303 944 3597 1016 obtempe-

1953 1038 2065 1100 rat,
2093 1034 2316 1105 absque
2346 1034 2691 1089 custodibus
2712 1038 2768 1089 et
2814 1033 3009 1089 animo
3046 1036 3208 1089 casta
3256 1037 3313 1089 et
3358 1050 3597 1106 corpore

1954 1139 2101 1196 pura
2130 1126 2238 1179 est.

2022 1303 2194 1359 XVII.
2230 1304 2441 1359 Amens
2471 1318 2607 1374 ergo
2634 1306 2725 1357 est
2761 1302 2955 1358 omnis
3004 1300 3274 1369 maritus,
3324 1301 3423 1373 qui
3460 1318 3601 1358 uxo-

1953 1409 2076 1449 rem
2124 1408 2293 1448 suam
2344 1408 2379 1446 a
2417 1391 2626 1446 timore
2679 1391 2774 1446 Dei
2823 1394 3073 1463 separet.
3131 1390 3437 1458 Quoniam,
3472 1408 3600 1462 quas

1953 1498 2069 1537 non
2102 1482 2271 1537 timet
2300 1480 2506 1547 Deum,
2551 1497 2655 1536 nec
2706 1480 2985 1535 maritum
3037 1478 3263 1535 metuit.
3309 1480 3363 1534 Si
3414 1480 3597 1534 Deum

1951 1569 2394 1642 inaspectabilia
2418 1572 2752 1625 cernentem
2786 1585 3159 1641 nequaquam
3188 1573 3598 1639 vereatur,quo

1954 1661 2127 1715 modo
2158 1658 2324 1713 illum
2357 1658 2457 1729 qui
2490 1674 2557 1713 ea
2597 1674 2713 1713 non
2763 1656 2920 1712 videt
2968 1656 3265 1713 verebitur
3292 1656 3320 1711 ‘I
3347 1662 3435 1711 An
3466 1674 3596 1729 gra-

1951 1748 2099 1804 tuito
2133 1748 2457 1803 castitatem
2488 1746 2636 1803 colet
2664 1747 2693 1800 ‘I
2719 1747 2843 1810 Qua
2870 1761 3003 1801 vero
3034 1745 3255 1801 ratione
3285 1750 3444 1801 casta
3466 1747 3594 1816 erit,

1952 1854 2082 1910 quia
2115 1854 2228 1892 non
2257 1836 2525 1891 convenit
2551 1836 2623 1891 ad
2675 1835 3000 1890 audiendos
3048 1835 3339 1890 castiflcos
3369 1851 3597 1891 sermo-

1954 1944 2059 1983 nes
2088 1927 2116 1981 ?
2147 1926 2217 1981 Et
2244 1942 2360 1997 quo
2392 1930 2559 1998 pacto
2612 1925 2937 1980 instruetur
2962 1924 2991 1978 ‘I
3026 1926 3148 1989 Quo
3199 1924 3370 1980 modo
3421 1925 3597 1979 etiam

1952 2019 2346 2088 temperanter
2377 2030 2439 2071 se
2470 2019 2629 2086 geret
2675 2014 2897 2085 absque
2943 2013 3310 2077 custodibus,
3358 2014 3407 2068 si
3440 2014 3599 2069 futu-

1952 2122 2082 2161 rum
2117 2104 2215 2159 Dei
2243 2103 2529 2176 judicium
2564 2120 2679 2159 non
2710 2102 3042 2172 edoceatur,
3073 2118 3262 2173 neque
3288 2102 3400 2158 sibi
3433 2102 3601 2175 plene

1951 2193 2302 2266 persuadeat
2331 2196 2609 2247 aaternum
2643 2192 2717 2247 ob
2748 2191 3017 2262 exiguam
3076 2188 3434 2262 voluptatem
3467 2207 3602 2263 sup-

1950 2281 2189 2357 plicium
2222 2281 2250 2335 ?
2280 2283 2466 2348 Quare
2496 2285 2699 2336 contra
2733 2279 2974 2335 invitam
3002 2295 3163 2352 coge,
3196 2284 3260 2334 ut
3290 2280 3358 2333 ad
3393 2280 3601 2335 doctri-

1950 2389 2086 2428 nam
2118 2370 2407 2426 castitatis
2436 2369 2785 2425 effectricem
2819 2385 3050 2441 semper
3079 2369 3426 2439 acccdat,vel
3460 2370 3596 2425 adu-

1948 2460 2269 2517 lationibus
2298 2460 2483 2516 vince.

2020 2550 2219 2605 XVIII.
2253 2547 2434 2604 Multo
2465 2552 2660 2603 autem
2700 2546 2911 2603 melius
2960 2547 3091 2613 erit,
3142 2546 3191 2603 si
3245 2564 3420 2603 manu
3457 2564 3587 2605 eam

1948 2640 2168 2695 ducens
2196 2637 2414 2703 venias,
2448 2654 2563 2708 quo
2596 2636 2719 2709 ipse
2749 2639 2923 2692 etiam
2970 2636 3223 2708 pudicus
3262 2637 3406 2703 fias;
3443 2638 3597 2693 desi-

1950 2729 2183 2784 derabis
2208 2727 2364 2783 enim
2398 2725 2543 2792 fieri,
2573 2732 2637 2780 ut
2665 2742 2983 2797 cognoscas
3037 2725 3212 2780 finem
3262 2725 3489 2781 honesti
3522 2742 3589 2782 ac

1948 2816 2259 2872 venerandi
2294 2814 2676 2881 matrimonii,
2709 2830 2896 2886 neque
2929 2813 3167 2886 pigebit,
3197 2813 3247 2868 si
3277 2814 3444 2886 cupis
3465 2830 3595 2872 esse

1948 2906 2209 2978 inqusm,
2244 2910 2427 2977 pater,
2458 2910 2589 2959 tuos
2621 2903 2835 2959 liberos
2876 2902 3138 2975 diligere,
3189 2907 3245 2958 et
3274 2903 3346 2959 ab
3395 2904 3467 2958 iis
3505 2903 3594 2959 di-

1947 2995 2068 3068 ligi.
2102 2995 2207 3058 Qui
2260 2992 2567 3048 mulierem
2602 2991 2872 3064 pudicam
2921 2990 3135 3046 habere
3172 2990 3318 3057 vult,
3366 2994 3423 3047 et
3466 2992 3591 3064 ipse

1950 3084 2156 3158 pudice
2190 3082 2421 3149 vivit,ac
2452 3081 2713 3137 debitum
2747 3079 3024 3152 persolvit
3053 3080 3593 3148 concubitum,cum

1947 3190 2015 3230 ea
2042 3172 2314 3239 vescitur,
2348 3174 2626 3236 moratur,
2662 3170 2731 3224 ad
2764 3169 3084 3224 castificam
3138 3168 3462 3224 doctrinam
3499 3186 3596 3226 ve-

1949 3262 2037 3318 nit
2071 3280 2084 3331 ;
2118 3278 2232 3317 non
2268 3260 2718 3329 contristat,non
2750 3262 2967 3313 temere
3009 3256 3288 3327 litigat,se
3323 3274 3435 3312 non
3461 3259 3596 3313 facit

199 3361 360 3419 χεται,
390 3346 582 3400 ἑαυτὸν
618 3345 845 3419 μισητὸν
878 3344 940 3400 ού
969 3351 1136 3416 ποιεῖ,
1170 3345 1202 3400 ἃ
1232 3343 1449 3401 δύναται
1501 3346 1645 3402 καλὰ
1698 3368 1834 3424 παρ-

1950 3326 2239 3419 odiosum,
2274 3366 2400 3421 qua;
2433 3326 2625 3419 potest
2672 3346 2824 3400 bona
2866 3326 3127 3416 praestat,
3174 3347 3409 3417 quando
3455 3364 3587 3403 vero

198 3433 323 3507 ἔχει,
348 3435 423 3487 ὧν
462 3435 543 3507 μὴ
592 3432 733 3509 ἔχει,
761 3438 831 3508 τῇ
874 3433 1133 3507 κολακείᾳ
1175 3436 1240 3490 τὸ
1286 3434 1475 3490 λεῖπον
1506 3438 1551 3473 ⁹⁰
1576 3435 1838 3508 ἀποπλη-.

200 3526 276 3596 ροῐ
302 3525 368 3580 ⁹¹,
396 3528 462 3579 ἸΙ
515 3525 748 3601 σώφρων
789 3524 923 3598 γυνὴ
956 3526 1068 3596 (42)
1098 3522 1497 3594 κολακευθῆναι
1553 3524 1656 3580 οὐκ
1711 3525 1831 3580 ἀνα-

199 3612 356 3679 μένει,
385 3610 577 3687 κύριον
634 3613 725 3667 τὸν
783 3610 950 3688 ἄνδρα
1006 3613 1283 3688 γνωρίζει,
1316 3614 1617 3686 πενομένου
1656 3617 1701 3651 ⁹²
1730 3616 1827 3684 τὴν

196 3698 365 3755 πενίαν
425 3700 600 3779 φέρει,
633 3706 879 3756 πεινῶντι
933 3707 1223 3775 σύμπεινᾷ,
1273 3699 1648 3775 ἀποδημοῦντι
1705 3725 1831 3758 συν-

195 3786 482 3863 ποδημεῖ,
544 3788 887 3863 λυπούμενον
957 3792 1391 3864 παραμυθεῖται,
1450 3792 1545 3846 κᾶν
1631 3798 1831 3868 προῖκα

199 3876 400 3947 μείζονα
430 3875 563 3955 ἔχῃ,
595 3878 669 3941 ὡς
706 3876 874 3952 μηδὲν
922 3876 1123 3955 ἔχουσα
1157 3878 1453 3936 ὑπόκείται.
1486 3881 1542 3934 '0
1588 3878 1645 3936 δὲ
1675 3885 1830 3941 294

196 3964 315 4041 ἀνήρ
384 3966 487 4021 κᾶν
560 3968 765 4037 πένητα
839 3966 941 4044 ἔχῃ
993 3972 1238 4045 γυναῖκα,
1305 3967 1550 4044 μεγάλην
1630 3976 1829 4045 προῖκα

195 4054 414 4129 ἡγείσθω
474 4055 643 4126 αὐτῆς
698 4058 797 4126 τήν
855 4055 1230 4135 σωφροσύνην.
1280 4058 1342 4113 ἹΙ
1400 4058 1630 4136 σώφρων
1688 4062 1824 4135 γυνὴ

196 4142 469 4217 αὐταρκείᾳ
504 4146 809 4221 βρωμάτων
850 4147 939 4201 καὶ
986 4151 1168 4201 ποτῶν
1212 4149 1436 4222 χρῆται,
1464 4146 1556 4201 ’ίνα
1616 4150 1690 4221 μὴ
1743 4148 1827 4204 λι-

195 4234 471 4296 ταθέντος
524 4238 623 4289 τοῦ
675 4235 928 4308 σώματος
974 4234 1053 4307 τῷ
1088 4236 1239 4311 βάρει
1269 4239 1314 4273 9³
1342 4235 1478 4312 πρὸς
1539 4237 1829 4311 ἐπιθυμίας

199 4320 420 4394 ἀνόμους
480 4322 791 4398 κατασπάσῃ
846 4326 942 4394 τήν
1002 4327 1208 4400 ψυχήν.
1266 4323 1423 4380 Ἀλλ’
1452 4323 1527 4379 ἔτι
1590 4328 1696 4400 μὴν
1736 4327 1827 4382 σὺν

196 4409 323 4471 νέοις
353 4411 459 4466 ούκ
514 4408 728 4483 ίδιάζει,
786 4412 875 4466 καὶ
931 4412 1055 4473 τοὺς
1116 4412 1370 4489 γέροντας
1404 4413 1717 4483 ὑποπτεύει,
1745 4416 1830 4491 γέ-

200 4493 361 4561 λωτας
391 4498 659 4563 ἀτάκτους
692 4500 1009 4572 ἀπωθεῖται,
1043 4499 1158 4573 Θεῷ
1193 4500 1345 4574 μόνῳ
1400 4502 1593 4572 ἑαυτὴν
1645 4504 1833 4559 ἀπονέ-

204 4606 358 4656 μουσα
386 4588 457 4643 οῦ
487 4586 806 4666 σφάλλεται,
831 4589 1059 4662 σεμνοὺς
1094 4588 1290 4665 λόγους
1324 4590 1589 4645 ἀκούουσα
1616 4589 1827 4664 ἥδεται,

1943 3457 2057 3497 non
2089 3440 2285 3503 habet,
2318 3434 2710 3492 assentatione
2741 3435 2893 3505 quod
2923 3436 3088 3490 deest
3112 3433 3591 3506 supplet.Mulier

1942 3529 2154 3602 pudica
2184 3525 2577 3583 adulationem
2612 3541 2723 3579 non
2756 3527 3072 3595 exspectat,
3105 3524 3294 3579 virum
3347 3542 3450 3596 pro
3481 3526 3586 3583 do-

1943 3619 2101 3674 mino
2145 3617 2319 3671 habet
2362 3632 2427 3671 ac
2467 3612 2771 3668 dominum
2818 3616 3008 3673 vocat.
3059 3629 3124 3668 eo
3173 3629 3426 3685 paupere
3474 3616 3585 3671 fert

1942 3709 2365 3780 paupertatem,
2395 3720 2530 3758 cum
2562 3701 2855 3757 esuriente
2884 3701 3089 3770 esurit,
3139 3718 3271 3757 cum
3324 3704 3579 3775 peregri-

1942 3800 2115 3852 nante
2158 3793 2580 3867 peregrinatur,
2629 3791 2855 3845 tristem
2905 3789 3258 3861 consolatur,
3312 3793 3581 3862 quamvis

1941 3886 2220 3956 majorem
2254 3882 2525 3937 habuerit
2566 3880 2784 3945 dotem,
2833 3884 3116 3952 tanquam
3168 3880 3313 3935 nihil
3361 3881 3583 3938 habens

1939 3973 2267 4045 subjicitur.
2314 3971 2559 4026 Maritus
2607 3974 2803 4024 autem
2836 3968 2967 4023 licet
2996 3984 3311 4041 pauperem
3347 3986 3583 4025 uxorem

1934 4063 2462 4132 duxerit,magnam
2493 4059 2683 4114 dotem
2709 4062 2872 4129 putet
2889 4056 3232 4129 pudicitiam
3255 4057 3589 4130 ipsius.Mu-

1936 4152 2044 4207 lier
2071 4151 2284 4223 pudica
2309 4149 2491 4203 nimio
2523 4164 2638 4202 non
2699 4146 2884 4201 utitur
2932 4146 3059 4200 cibo
3092 4162 3157 4201 ac
3211 4152 3370 4218 potu,
3404 4164 3475 4204 ne
3505 4148 3587 4204 ci-

1938 4242 2069 4307 bus,
2106 4239 2473 4312 pinguefaclo
2504 4252 2763 4307 corpore,
2795 4238 3050 4305 pondere
3099 4235 3360 4292 animam
3393 4237 3588 4293 trahat

1939 4330 2011 4385 ad
2066 4328 2414 4401 cupiditates
2463 4324 2716 4379 illicitas.
2771 4324 3053 4379 Praterea
3101 4341 3233 4379 cum
3271 4326 3587 4395 juvenibus

1938 4433 2311 4490 nequaquam
2352 4414 2477 4470 sola
2509 4416 2723 4479 manet,
2776 4428 2841 4467 ac
2898 4427 3067 4470 senes
3118 4419 3456 4483 reveretur,
3494 4415 3583 4471 in-

1939 4506 2291 4577 compositos
2342 4504 2498 4558 risus
2548 4504 2855 4567 removet;
2909 4517 2970 4555 se
3019 4500 3123 4556 soli
3185 4502 3299 4557 Deo
3350 4503 3585 4559 tradens

1940 4613 2054 4652 non
2102 4593 2392 4666 decipitur
2422 4608 2437 4659 ;
2472 4591 2717 4645 honesta
2766 4589 2940 4645 verba
2969 4589 3215 4645 audiens
3248 4590 3587 4658 delectatur,

198 4676 307 4739 τοὺς
335 4674 391 4733 δὲ
427 4678 507 4751 μὴ
570 4676 654 4733 ἐπὶ
704 4678 1023 4757 σωφροσύνῃ
1073 4681 1118 4715 ⁰⁶
1145 4676 1473 4755 λεγομένους
1512 4680 1831 4745 ἀπωθεῖται,

1950 4702 2009 4741 sa
2035 4700 2191 4751 vero,
2226 4698 2352 4755 quae
2375 4681 2443 4737 ad
2491 4678 2833 4753 pudicitiam
2877 4694 2989 4733 non
3040 4679 3305 4743 tendunt,
3339 4679 3586 4750 repellit.

1552 4834 1800 4892 VARIJE
1839 4834 2227 4892 LECTIONES

260 4925 302 4963 ¹¹
335 4925 442 4981 ὑπό
497 4929 561 4984 C.
636 4928 682 4964 ⁸²
730 4927 856 5002 παρ’
908 4925 1060 4990 ἐκτός
1120 4932 1179 4984 C.
1256 4929 1302 4965 ⁸⁸
1354 4929 1493 5006 πρὸς
1550 4931 1641 4985 τὸν
1700 4933 1775 5005 μή
1826 4934 2038 5007 ὁρῶντα
2092 4935 2208 4992 πῶς
2238 4928 2580 5007 σωφρονήσει
2610 4926 2819 4999 scripsi
2850 4927 2921 4982 de
2960 4927 3313 4997 conjectura,
3344 4929 3461 5004 πῶς
3488 4928 3589 5054 την

265 5015 421 5054 βατον
470 4997 633 5054 ποοαῖ
691 5001 1032 5054 σωφρονήσει
1066 5001 1191 5054 cod.
1226 5000 1394 5054 Hom.
1454 5002 1724 5054 Parisin.-
1758 5007 1877 5054 πῶς
1934 5004 2026 5054 τὸν
2078 5002 2304 5054 ἀόρατον
2360 5004 2559 5054 προῖκα
2620 5016 2791 5054 σωφο.
2825 4999 2977 5054 coni.
3012 5002 3072 5054 C.
3105 5006 3159 5052 et
3209 5015 3277 5053 ex
3325 4998 3417 5054 his
3472 5016 3538 5054 cu
3568 5030 3589 5042 -

206 4994 421 5087 ξόρατον
470 4997 633 5087 προαξ
691 4994 1032 5076 σωφρονήσει
1066 5001 1191 5084 c_od.
1226 4994 1408 5057 Hom.‘
1454 4994 1726 5086 Parisinf,
1934 5004 2036 5087 τὸν.
2078 5002 2304 5087 ᾀόρατον
2332 4994 2559 5087 ’προῖκα
2608 4994 2977 5087 ,σωφςρᾏοοηφ
3012 4994 3089 5087 C,‘
3105 5006 3159 5052 et
3209 4994 3417 5087 οκέῐὶἰε
3472 4994 3590 5056 col-

205 5065 1978 5163 latis-lectionibusnsu'am'lversionem“composuisseltvidetui:
2022 5065 2511 5163 interpre§;‘apoc
2568 5065 2889 5163 τὸν1’ἆγδρ,α
2929 5065 3425 5163 Ξρατὸνχπαξὲσται
3484 5090 3593 5125 σω-

205 5146 498 5265 ἕρονῆσαις
531 5144 682 5214 conj.
723 5145 784 5198 ι).
816 5143 1099 5199 Praeterea
1128 5143 1342 5214 aliquis
1371 5137 1560 5217 possit
1588 5148 1875 5217 conjicere
1903 5149 2022 5207 πῶς
2079 5150 2157 5217 τῷ
2178 5137 2356 5219 ’ἀνδρὶ
2414 5137 2643 5218 ἆόρατος
2673 5142 2781 5214 (vel
2825 5137 3168 5217 'dquXaxroc)
3226 5137 3357 5193 οὖσα
3416 5160 3589 5218 σωφρ.

248 5252 260 5264 .
288 5216 403 5265 πῶς
433 5211 535 5265 τὴν
572 5211 800 5265 ἀόρατον
835 5211 1145 5265 προαίρεσιν
1186 5214 1507 5265 σωφρονίσει
1539 5220 1604 5265 0-
1638 5219 1785 5265 'I‘nm
1821 5218 1946 5265 leae
1976 5216 2112 5265 πρὸς
2143 5216 2206 5265 τὸ
2253 5215 2403 5265 τούς-
2436 5216 2501 5265 D.
2578 5214 2625 5249 “
2672 5216 2768 5265 τοῦ
2827 5228 2943 5265 om.
2976 5211 3041 5265 Ο.
3076 5211 3173 5265 oui
3232 5212 3421 5265 nemit
3459 5216 3589 5265 Θεοῦ

205 5280 368 5408 Eg“;
632 5279 1089 5408 atiiffﬁia‘
1109 5289 1160 5393 9?
1168 5287 1277 5408 in:

207 5423 282 5481 vel
309 5426 373 5480 τὰ
398 5425 535 5501 βάρη
570 5430 723 5500 conj.
751 5428 817 5485 D.
837 5423 864 5431 Ἶ
894 5430 940 5464 ⁹⁴
968 5426 1324 5504 σωφροσύνης
1355 5434 1415 5487 C.

1331 5288 1468 5344 Post
1494 5288 1673 5363 γνώσῃ
1720 5290 1779 5345 in
1812 5278 2106 5363 Ofexs'tat
2130 5308 2209 5363 ‘t€_
2237 5289 2639 5344 subnotatum.
2688 5285 2769 5363 1"
2791 5278 2850 5336 δὲ
2879 5283 2944 5338 0.
2998 5283 3067 5363 _“

463 5344 602 5411 alim
632 5344 943 5433 ἀναπληροῖ
972 5344 1031 5414 S.
1109 5358 1154 5393 ⁸³
1187 5362 1272 5433 I_ta
1303 5363 1349 5414 0
1377 5364 1434 5414 et
1464 5344 1593 5416 cod.
1626 5344 1777 5417 T'ur.
1799 5344 1940 5433 (Cfr.
1969 5344 2137 5416 Turr.
2173 5360 2352 5417 Const.
2383 5367 2589 5430 apost.,
2610 5357 2799 5429 p.93),
2815 5352 3095 5425 πενομένῳ
3119 5344 3183 5410 C.
3260 5356 3305 5392 ⁵³
3332 5354 3395 5409 τὸ
3431 5356 3595 5432 βάρος

288 5216 403 5274 πῶς
433 5211 535 5280 τήν
572 5211 800 5286 ἀόρατον
835 5211 1145 5289 προαίρεσιν
1186 5211 1507 5324 σωφρονίσει
1539 5220 1604 5273 Ο.
1638 5211 1787 5274 Tum
1821 5218 1946 5292 lege
1976 5216 2112 5294 πρὸς
2131 5211 2206 5271 ’τὸ
2253 5211 2403 5277 τούς.
2436 5211 2501 5273 D.
2578 5214 2625 5249 “
2672 5211 2768 5267 τοῦ
2827 5211 2943 5275 om,
2976 5211 3041 5272 Ο.
3076 5211 3173 5281 qui
3232 5212 3421 5285 pergit
3459 5211 3593 5267 Θεοῦ

288 5302 362 5324 μην
401 5284 475 5324 ..ἢ
510 5279 595 5324 m
692 5286 814 5324 σιω
838 5283 1085 5324 ἕηνεηαηο
1120 5289 1160 5324 n
1256 5287 1277 5321 ο
1334 5288 1459 5324 ῡηαι
1494 5288 1670 5324 ηυξ...
1720 5290 1776 5324 ξς.
1812 5293 1855 5324 n
1917 5295 2099 5324 οναιιιι
2130 5308 2186 5324 ..ε
2237 5289 2615 5324 αιιιπνηιαξιιπι
2716 5285 2761 5321 88
2791 5278 2849 5324 δὲ
2879 5283 2923 5324 n
3020 5283 3067 5318 89
3094 5284 3129 5324 ηλ
3161 5282 3206 5324 n
3303 5284 3347 5319 90
3385 5280 3592 5324 limm‘m

3094 5280 3129 5351 ἦ
3161 5280 3249 5338 Ο.’
3303 5280 3363 5319 ⁸ο-
3385 5280 3592 5339 λυποῦν

1564 5529 1947 5588 VARIORUM
1986 5529 2220 5586 ΝΟΤΕ.

266 5622 376 5708 (142)
392 5622 703 5708 Ηκσὼφρων
725 5625 885 5708 γυνή.
947 5625 1081 5708 {Idi
1110 5625 1182 5680 ad
1229 5626 1661 5708 .Constitutioncs
1687 5645 1836 5708 _apo-

207 5692 408 5769 dplica:
436 5692 707 5769 Turriani
739 5692 936 5769 Latine
966 5701 1193 5769 tantum
1226 5698 1546 5769 impressas
1593 5692 1838 5756 Antu'er-

209 5760 300 5833 pia
326 5781 461 5841 pag.
495 5768 586 5839 93,
619 5768 679 5824 in
711 5768 996 5841 margine.
1022 5760 1353 5840 Ulpianus’:
1383 5770 1527 5840 Quid
1548 5774 1699 5828 enim
1727 5776 1841 5829 tam

1948 5630 2255 5683 humanum
2290 5634 2389 5693 est,
2438 5642 2605 5698 quam
2655 5630 2717 5679 ut
2750 5622 3022 5698 A/ortut't‘i:
3085 5622 3299 5678 casibus
3331 5622 3599 5698 ‘mulz‘eri:

1949 5703 2241 5766 maritum,
2272 5699 2355 5756 vel
2385 5694 2617 5754 umorem
2649 5696 2758 5751 viri
2779 5694 3108 5769 participem
3135 5709 3250 5751 esse
3269 5698 3294 5748 γ
3321 5694 3450 5750 Οοτ.
