4140 6344
507 443 628 504 343

1339 443 1405 504 S.
1450 442 1895 504 CLEMENTIS
1939 440 1963 499 Ι
2011 437 2200 498 ROM.
2247 436 2476 496 PONT.
2526 436 2787 497 OPERA
2831 436 3096 498 DUBIA.

3802 438 3928 498 344

583 575 726 632 ΧΙΧ.
760 575 952 631 Testis
998 579 1089 631 est
1138 575 1341 631 Deus:
1381 574 1567 630 multa
1614 574 1927 630 homicidia
1976 586 2159 626 unum

2345 570 2486 620 XIX.
2524 565 2737 643 Μάρτυς
2770 564 3138 638 Θεὸς,πολλοῖ
3168 565 3320 644 φόνοι
3356 566 3578 643 μοιχεία
3599 569 3710 641 (43)
3738 567 3832 640 μία
3856 571 3924 624 9⁵.

517 666 913 733 adulterium;
948 670 1005 720 et
1036 666 1189 736 quod
1214 682 1385 737 grave
1408 664 1978 733 est,homicidiorum
2007 660 2166 714 illius

518 756 724 811 horror
752 771 817 810 ac
869 755 1142 826 impietas
1194 771 1305 809 non
1359 754 1637 824 cernitur,
1690 753 1835 807 Nam
1878 753 2007 806 fuso
2039 767 2171 805 san-

518 844 696 917 guine
726 860 939 915 corpus
972 848 1266 898 mortuum
1292 843 1535 913 jacet,et
1558 841 1913 896 calamitatis
1948 838 2170 911 magni-

516 932 721 987 tudine
770 948 976 987 omnes
1024 935 1282 1003 stupent.
1335 935 1410 986 At
1458 947 1628 986 neces
1686 930 2017 985 animarum
2071 944 2172 999 per

518 1020 897 1085 adulterium,
922 1037 1052 1075 cum
1088 1021 1207 1075 sint
1239 1020 1424 1093 magis
1454 1018 1781 1085 horribiles,
1809 1017 1946 1088 quia
1973 1021 2169 1071 tamen

515 1110 587 1165 ab
618 1108 956 1163 hominibus
988 1125 1103 1164 non
1135 1107 1423 1175 videntur,
1446 1106 1891 1180 aggressoribus
1912 1104 2171 1161 occasio-

524 1213 657 1252 nem
690 1196 974 1252 indesidis
1006 1196 1263 1269 impetus
1294 1197 1573 1269 praebent.
1626 1195 1941 1267 Cognosce,
1974 1194 2171 1259 homo,

519 1286 693 1357 cujus
725 1285 997 1357 spiritum
1031 1285 1247 1341 habeas
1279 1286 1348 1340 ad
1396 1284 1729 1355 vivendum,
1780 1288 1838 1339 et
1886 1299 1958 1338 ne
2005 1281 2173 1336 illum

522 1375 768 1449 patiaris
801 1374 1009 1448 pollui.
1044 1381 1090 1429 A
1122 1374 1245 1431 solo
1281 1373 1567 1429 adulterio
1614 1372 1895 1445 polluitur
1927 1372 2021 1427 Dei
2055 1371 2174 1443 spi-

524 1468 673 1521 ritus
708 1482 721 1522 :
757 1469 931 1537 atque
964 1464 1091 1519 ideo
1126 1462 1220 1520 ille
1252 1464 1324 1518 ad
1382 1462 1577 1535 ignem
1638 1462 1821 1517 trahit
1876 1461 2175 1516 hominem

528 1554 627 1626 qui
661 1552 888 1625 polluit.
921 1552 1180 1608 Festinat
1208 1553 1365 1607 enim
1423 1550 1917 1607 contumeliosum
1948 1551 2177 1607 tradere

530 1646 742 1696 aeterno
775 1640 1082 1714 supplicio.

601 1730 721 1784 ΧΧ.
758 1732 881 1784 Haec
912 1747 1043 1785 cum
1075 1729 1298 1785 diceret
1333 1731 1557 1794 Petrus,
1597 1729 1930 1802 videretque
1962 1729 2177 1784 bonam

532 1820 923 1890 pudicamque
970 1820 1294 1875 Mattidiam
1340 1820 1475 1875 ﬂere
1540 1819 1773 1891 gaudio,
1859 1819 2177 1873 arbitratus

2278 655 2456 709 καὶτὸ
2498 652 2690 725 δεινὸν,
2720 654 2939 711 ὅτιτῶν
2975 656 3151 733 φόνων
3209 656 3378 725 αὐτῆς
3424 657 3486 711 τὸ
3545 651 3774 734 φοϐερὸν
3831 659 3924 712 καὶ

2278 739 2466 806 ἀσεϐὲς
2516 744 2578 799 οὐ
2632 744 2907 820 βλέπεται.
2941 748 3082 815 Ὅτι,
3134 743 3362 818 α’ίματος
3410 745 3688 821 χυθέντος,
3740 748 3927 823 νεκρὸν

2278 838 2449 887 κεῖται
2508 838 2688 907 σῶμα,
2736 835 2824 889 καὶ
2880 834 2943 889 τὸ
2998 838 3096 903 τῆς
3157 841 3437 912 συμφορᾶς
3497 832 3668 889 δεινὸν
3723 836 3926 899 πάντας

2283 920 2598 992 ἐκπλήσσει.
2631 929 2743 993 Τῆς
2774 921 2830 977 δὲ
2864 924 3117 999 μοιχείας
3150 927 3193 961 ⁹⁶
3219 925 3269 978 oi
3297 932 3397 993 τῆς
3430 928 3616 1000 ψυχῆς
3648 924 3801 1002 φόνοι
3833 947 3932 1004 φο-

2281 1004 2574 1086 ϐερώτεροι
2626 1008 2800 1076 ὄντες,
2838 1011 2952 1067 ἐπεὶ
3015 1014 3088 1085 μή
3148 1012 3452 1087 ἀνθρώποις
3510 1013 3800 1087 βλέπονται
3863 1018 3930 1084 9⁷,

2278 1104 2395 1161 τοῖς
2424 1099 2703 1172 τολμῶσιν
2739 1097 2929 1155 ἄοκνον
2962 1102 3059 1169 τήν
3112 1103 3289 1178 ὁρμὴν
3350 1103 3702 1177 παρέχουσινυ
3736 1107 3932 1179 γνῶθι,

2284 1184 2553 1260 ἄνθρωπε,
2584 1190 2731 1251 τίνος
2762 1192 2931 1259 πνοην
2967 1189 3113 1267 ἔχεις
3144 1192 3279 1267 πρὸς
3339 1192 3399 1245 τὸ
3454 1195 3567 1265 ζῇν,
3594 1191 3682 1245 καὶ
3724 1192 3789 1247 οὐ
3852 1194 3931 1267 μὴ

2283 1276 2449 1345 αὐτὴν
2484 1286 2771 1351 μιανθῆναι
2807 1277 3061 1352 θελήσῃς.
3095 1281 3223 1335 Ὑπὸ
3259 1282 3512 1356 μοιχείας
3571 1280 3738 1354 μόνης
3784 1280 3935 1355 μιαί-

2282 1388 2429 1421 νεται
2460 1369 2493 1436 ἡ
2527 1372 2658 1421 Θεοῦ
2696 1370 2859 1438 πνοή·
2910 1369 2999 1422 καὶ
3033 1366 3121 1423 διά
3150 1374 3310 1424 τοῦτο
3343 1369 3478 1437 αὐτή
3517 1370 3607 1425 τὸν
3671 1372 3937 1443 μιάναντα

2286 1454 2361 1517 εἷς
2391 1460 2498 1531 πῦρ
2528 1462 2792 1528 κατασπᾷ.
2829 1455 3058 1512 Σπεύδει
3104 1459 3204 1534 γὰρ
3260 1457 3351 1513 τὸν
3413 1454 3669 1534 ὑϐριστὴν
3725 1459 3936 1533 αῗωνίῳ

2286 1542 2618 1622 παραδοῦναι
2650 1545 2891 1601 κολάσει.

2359 1730 2469 1781 XX.
2500 1728 2673 1779 Ταῦτα
2712 1722 2887 1800 λέγων
2922 1725 2949 1779 ὁ
2982 1725 3207 1801 Πέτρος,
3230 1727 3330 1794 τήν
3379 1728 3422 1763 ⁹⁸
3470 1725 3670 1803 ἀγαθὴν
3702 1727 3792 1781 καὶ
3833 1728 3939 1781 σώ-

2291 1832 2463 1888 φρονα
2510 1810 2800 1868 Ματτιδίαν
2834 1816 2878 1850 ”
2909 1814 3011 1868 ὑπὸ
3054 1820 3229 1889 χαρᾶς
3273 1811 3603 1889 δακρύουσαν
3655 1813 3811 1886 ἰδὼν,
3859 1817 3936 1879 ὡς

528 1907 723 1963 dolere
755 1926 884 1963 eam
917 1909 984 1964 de
1015 1909 1273 1965 toleratis
1305 1909 1560 1976 casibus,
1596 1908 1718 1963 ait:
1753 1908 2014 1978 Confide,
2048 1925 2177 1961 mu-

2293 1900 2376 1955 ἐπὶ
2434 1902 2722 1978 ὑποσχέσει
2780 1907 2887 1957 τῶν
2944 1902 3239 1979 γεγονότων
3298 1903 3607 1973 λυπηθῆναι
3688 1904 3937 1977 νομίσας,

2297 1987 2319 2007 ’l

528 1996 626 2052 lie.
678 1996 823 2052 Cum
875 1997 1043 2052 multi
1097 1997 1281 2052 multa
1350 1997 1503 2051 mala
1553 1996 1896 2068 pertulerint
1948 2002 2182 2068 propter

529 2086 904 2151 adulterium,
938 2091 1000 2141 tu
1036 2091 1270 2158 propter
1302 2086 1647 2158 pudicitiam
1682 2102 1856 2157 passa
1905 2102 1987 2156 es,
2024 2085 2179 2141 ideo-

530 2191 643 2246 que
676 2192 789 2230 non
832 2174 1122 2231 interiisti.
1158 2175 1269 2231 Sed
1302 2179 1357 2230 et
1387 2175 1435 2229 si
1486 2174 1752 2240 obiisses,
1789 2173 1996 2229 animae
2020 2174 2180 2228 salu-

532 2267 648 2319 tem
682 2263 895 2319 fuisses
926 2269 1257 2319 consecuta.
1291 2264 1550 2318 Patriam
1585 2268 1827 2318 Romam
1886 2262 2177 2333 pudicitia:

534 2368 673 2424 ergo
704 2351 991 2424 reliquisti
1025 2369 1037 2407 :
1073 2354 1172 2407 sed
1200 2352 1309 2407 hac
1341 2352 1645 2407 occasione
1704 2351 1974 2406 invenisti
2032 2352 2177 2406 veri-

534 2444 743 2509 tatem,
774 2442 970 2496 azterni
1003 2441 1165 2513 regni
1194 2441 1484 2496 diadema.
1514 2443 1571 2496 ln
1598 2441 1741 2495 mari
1775 2440 2097 2512 periclitata
2118 2457 2180 2495 es

536 2534 599 2585 at
628 2546 740 2583 non
765 2533 1031 2599 mortua;
1064 2546 1263 2584 verum
1294 2529 1427 2585 licet
1460 2535 1689 2585 mortua
1718 2530 1953 2595 fuisses,
1984 2529 2180 2600 ipsum

539 2617 649 2673 tibi
702 2618 941 2690 pelagus
985 2622 1220 2690 propter
1260 2618 1601 2690 pudicitiam
1656 2618 1862 2674 fuisset
1910 2618 2179 2673 morienti

538 2707 869 2778 baptismus
899 2708 971 2762 ad
1004 2707 1209 2762 animae
1242 2706 1514 2762 salutem.
1558 2708 1641 2761 Ad
1674 2724 1923 2779 paucum
1948 2712 2182 2778 tempus

536 2796 741 2851 orbata
766 2814 827 2852 es
849 2795 1067 2868 liberis,
1103 2798 1204 2869 qui
1235 2814 1367 2852 cum
1400 2815 1429 2849 e
1451 2797 1720 2868 legetimo
1750 2796 2181 2854 essentsemine

536 2884 750 2940 inventi
786 2890 924 2941 sunt
956 2886 1012 2940 in
1048 2885 1283 2942 meliore
1314 2890 1486 2941 sorte.
1524 2886 1694 2941 Fame
1724 2901 1924 2956 pressa
1956 2885 2180 2940 mendi-

535 2974 680 3029 casti
714 2974 910 3029 cibum
947 2991 959 3030 :
993 2975 1092 3029 sed
1127 2980 1331 3047 stupro
1362 2978 1529 3029 tuum
1558 2991 1772 3046 corpus
1804 2990 1917 3029 non
1954 2973 2179 3028 foedasti

534 3061 758 3132 Corpus
790 3061 1047 3117 afﬂixisti
1086 3080 1098 3117 :
1133 3066 1192 3117 at
1222 3062 1465 3117 servasti
1520 3061 1801 3116 animam.
1833 3059 2177 3114 Adulterum

536 3150 760 3222 fugisti,
794 3168 866 3206 ne
900 3150 1092 3206 mariti
1117 3150 1307 3205 cubile
1330 3150 1656 3205 maculares
1685 3167 1696 3205 :
1731 3166 1931 3203 verum
1967 3148 2065 3220 qui
2099 3149 2182 3203 fu-

534 3255 669 3311 gam
702 3239 847 3294 vidit
875 3240 1292 3312 Deus,propter
1321 3240 1663 3312 pudicitiam
1696 3237 1887 3293 locum
1920 3237 2023 3291 viri
2048 3254 2181 3309 sup-

536 3298 737 3399 plebit.
774 3329 850 3383 Ad
886 3298 1182 3383 tristitiam
1214 3333 1271 3384 et
1299 3298 1674 3384 solitudinem
1695 3298 2181 3398 redacta,privata
2210 3298 2252 3364 ί)

537 3432 600 3472 es
632 3416 701 3471 ad
727 3417 896 3472 breve
919 3422 1291 3489 tempuetum
1319 3421 1689 3483 marnto,tum
1712 3415 1908 3470 liberis
1944 3432 1957 3471 :
1991 3416 2089 3470 sed
2118 3414 2179 3468 hi

537 3522 741 3561 omnes
773 3505 876 3560 tibi
909 3504 1277 3577 relinquendi
1310 3510 1475 3561 erant
1508 3522 1608 3577 per
1633 3505 1838 3560 mortis
1869 3504 2181 3559 necessita-

535 3596 654 3649 tem
691 3611 704 3649 :
742 3598 975 3665 praestat
1007 3599 1224 3666 autem,
1258 3596 1411 3668 quod
1459 3598 1695 3667 propter
1724 3593 2050 3649 castitatem
2081 3609 2180 3647 vo-

538 3681 666 3737 lens
697 3684 922 3756 privata
951 3700 1032 3751 es,
1064 3700 1240 3757 quam
1274 3684 1323 3739 si
1358 3684 1539 3739 invita
1581 3688 1782 3756 postea
1813 3683 2088 3755 periisses
2122 3681 2182 3736 in

536 3772 813 3844 peccatis.

607 3862 746 3917 XXI.
782 3860 964 3917 Multo
996 3862 1175 3933 igitur
1202 3861 1413 3918 melius
1444 3862 1752 3933 est,priora
1781 3860 2024 3916 molesta
2056 3876 2184 3915 esse

534 3967 601 4006 ac
632 3951 797 4005 dura.
831 3950 1057 4005 Etenim
1088 3951 1322 4021 quando
1354 3951 1590 4015 adsunt,
1626 3966 1728 4022 spe
1761 3950 1916 4022 quod
1949 3954 2181 4023 praeter-

538 4040 851 4107 ibunt,non
882 4040 1200 4095 admodum
1237 4039 1741 4106 contristant,imo
1773 4039 2064 4111 potiorum
2090 4054 2184 4094 ex-

535 4129 894 4200 spectatione
938 4128 1219 4201 gaudium
1273 4129 1553 4202 praabent.
1602 4134 1750 4183 Ante
1800 4128 1958 4183 omia
1988 4131 2185 4183 autem

534 4217 683 4272 scire
713 4222 769 4272 te
798 4216 1238 4289 volo,quantum
1273 4216 1555 4290 pudicitia
1580 4217 1695 4273 Deo
1723 4216 2189 4289 placeat.Mulier

534 4305 748 4378 pudica
778 4310 866 4361 est
898 4305 994 4361 Dei
1025 4305 1252 4374 electio,
1286 4306 1383 4362 Dei
1420 4306 1869 4377 bcneplacitum,
1906 4306 1997 4360 Dei
2058 4305 2185 4377 glo-

536 4394 643 4461 ria,
681 4395 772 4450 Dei
810 4394 1065 4452 filia.'1‘ot
1095 4396 1504 4468 praerogativae
1535 4395 1711 4451 habet
1741 4394 2043 4466 pudicitia.
2066 4394 2189 4450 Nisi

539 4482 627 4539 lex
649 4486 821 4555 esset,
845 4488 909 4539 ut
936 4501 1007 4540 ne
1028 4484 1232 4556 justus
1262 4484 1497 4557 quidem
1530 4484 1750 4556 absque
1779 4482 2071 4556 baptismo
2099 4481 2189 4537 in-

2295 1990 2417 2066 ἔφη⁶
2480 1990 2691 2067 Θάρσει,
2751 1990 2928 2065 γύναι·
2962 1990 3188 2047 πολλῶν
3247 1992 3433 2048 πολλά
3487 1993 3625 2048 κακά
3663 1994 3942 2058 παθόντων

2295 2076 2383 2133 διά
2434 2080 2707 2155 μοιχείαν,
2760 2082 2907 2139 295
2972 2079 3033 2134 σὺ
3094 2078 3183 2135 διὰ
3239 2082 3591 2159 σωφροσύνην
3650 2082 3941 2152 πέπονθας,

2292 2167 2380 2221 καὶ
2413 2164 2501 2221 διὰ
2528 2172 2690 2222 τοῦτο
2722 2167 2819 2223 οὐκ
2859 2167 3210 2240 ἐτελεύτησας
3244 2172 3375 2244 (44).
3411 2170 3473 2225 Ei
3509 2168 3565 2226 δὲ
3616 2172 3704 2226 καὶ
3746 2175 3941 2243 τεθνή-

2292 2277 2425 2324 κεις,
2460 2259 2803 2329 σεσωσμὲνην
2839 2258 2897 2313 ἂν
2949 2258 3095 2334 εἶχες
3144 2261 3244 2328 τήν
3292 2262 3497 2335 ψυχήν.
3536 2259 3774 2337 Πατρίδα
3812 2262 3947 2315 Ῥώ-

2299 2368 2403 2419 μην
2439 2342 2647 2407 ἔλειπες
2678 2344 2767 2400 διά
2791 2347 3164 2425 σωφροσύνην·
3183 2347 3327 2404 ἀλλά
3345 2354 3413 2422 τῇ
3444 2350 3645 2421 ταύτης
3675 2349 3943 2428 προφάσει

2295 2434 2553 2505 ἀλήθειαν
2583 2435 2753 2509 εὗρες,
2782 2437 2845 2491 τὸ
2877 2434 3112 2509 διάδημα
3138 2440 3237 2505 τῆς
3292 2435 3469 2492 ἀϊδίου
3523 2439 3819 2512 βασιλείας.
3855 2441 3940 2494 Ἐν

2298 2524 2445 2600 βυθῷ
2469 2522 2899 2597 κεκινδύνευκας,
2930 2525 3020 2579 καὶ
3072 2525 3171 2580 οὐκ
3209 2524 3583 2598 ἐτελεύτησας,
3617 2528 3705 2582 καὶ
3739 2527 3844 2583 εἴτε
3876 2532 3944 2566 ¹⁰⁰

2289 2610 2713 2683 τετελευτήκεις,
2742 2612 2901 2675 αὐτός
2932 2635 3015 2667 σοι
3046 2614 3074 2668 ὁ
3118 2614 3277 2687 βυθὸς
3310 2612 3396 2669 διὰ
3428 2616 3777 2691 σωφροσύνην
3811 2618 3939 2686 θνη-

2291 2701 2489 2776 σκούσῃ
2550 2703 2827 2777 βάπτισμα
2884 2702 3082 2778 ἐγίνετο
3140 2704 3275 2778 πρὸς
3308 2707 3491 2780 ψυχῆς
3521 2705 3807 2781 σωτηρίαν.
3840 2707 3936 2760 Τὲ-

2289 2812 2429 2845 κνων
2459 2790 2789 2869 ἀπελείφθης
2822 2793 2956 2867 πρὸς
2992 2790 3375 2867 ὀλίγον,ἅτινα
3402 2794 3621 2868 γνησίας
3652 2790 3778 2849 ὄντα
3810 2816 3941 2849 σπο-

2291 2886 2387 2955 ρᾶς
2420 2880 2471 2934 ἐν
2514 2886 2629 2943 τοῖς
2678 2880 2973 2955 κρείττοσιν
3029 2879 3271 2955 εὕρηται.
3316 2882 3677 2955 Λιμώττουσα
3730 2885 3935 2962 τροφάς

2290 2968 2638 3043 προσῄτησας
2675 2973 2714 3039 ¹,
2749 2967 2893 3025 ἀλλά
2918 2970 3143 3045 πορνείᾳ
3174 2974 3331 3044 σῶμα
3389 2972 3477 3025 σὸν
3538 2972 3635 3026 οὐκ
3693 2972 3936 3045 ἐμίανας.

2294 3062 2466 3132 Σῶμα
2497 3060 2585 3113 σὸν
2642 3053 2977 3127 ἐϐασάνισας,
3007 3056 3153 3113 ἀλλά
3179 3061 3277 3129 τήν
3321 3062 3504 3136 ψυχήν
3551 3058 3775 3123 ἔσωσας.
3809 3068 3943 3116 Μοι-

2290 3148 2390 3223 χὸν
2424 3145 2632 3225 ἔφυγες,
2658 3145 2749 3201 ’ίνα
2791 3148 2866 3220 μή
2911 3147 3098 3216 κοίτην
3129 3145 3320 3224 ἀνδρὸς
3355 3150 3547 3223 μιάνῃς
3586 3153 3626 3223 ²,
3661 3147 3805 3206 ἀλλά
3852 3148 3944 3205 διὰ

2290 3237 2387 3306 τὴν
2421 3239 2443 3272 ³
2473 3236 2824 3314 σωφροσύνην
2858 3237 2885 3290 ὁ
2919 3238 3015 3306 τήν
3052 3238 3225 3313 φυγὴν
3260 3235 3416 3300 εἰδὼς
3447 3240 3574 3301 Θεὸς
3621 3240 3710 3294 τὸν
3744 3238 3942 3313 ἀνδρὸς

2292 3324 2684 3399 ἀποπληρώσει
2715 3326 2903 3382 τόπον.
2938 3328 3251 3395 Λυπηθεῖσα
3305 3326 3394 3381 καὶ
3448 3329 3751 3399 μονωθεῖσα
3804 3330 3943 3401 πρὸς

2291 3413 2474 3489 ὀλίγον
2504 3411 2696 3489 ἀνδρὸς
2726 3414 2814 3469 καὶ
2872 3415 3072 3469 τέκνων
3132 3414 3482 3493 ἀπελείφθης,
3516 3414 3661 3471 ἀλλά
3712 3418 3940 3481 τούτους

2290 3502 2490 3565 πάντας
2515 3501 2804 3558 ἀπολιπεῖν
2832 3508 2850 3540 ⁸
2875 3504 3020 3580 εἶχες
3050 3505 3354 3578 προθεσμίᾳ
3385 3505 3612 3569 θανάτου
3645 3508 3665 3542 ⁵
3693 3512 3938 3582 κρεῖττον

2293 3589 2349 3646 δὲ
2381 3590 2462 3646 ὅτι
2523 3588 2611 3646 διὰ
2646 3592 2997 3671 σωφροσύνην
3058 3592 3252 3648 ἑκοῦσα
3295 3592 3646 3672 ἀπελείφθης,
3738 3598 3758 3632 ⁸
3789 3592 3937 3669 εἶ’περ

2292 3677 2491 3735 ἄκουσα
2551 3682 2685 3753 μετά
2740 3681 2939 3756 χρόνον
3000 3681 3081 3760 ἐφ’
3140 3682 3426 3758 ἁμαρτίαις
3480 3682 3666 3746 αὐταῖς
3748 3683 3939 3740 ἀπωλ-

2293 3768 2448 3825 λύου.

2365 3864 2549 3917 XXXI.
2585 3857 2788 3931 Πολλῷ
2815 3858 2904 3914 οῦν
2952 3859 3167 3933 ἄμεινον
3219 3862 3287 3915 τά
3315 3866 3557 3937 πρωτεῖα
3586 3865 3606 3898 ⁷
3637 3861 3768 3917 εἶναι
3821 3860 3941 3927 θλι-

2294 3943 2444 4020 ϐερά.
2480 3947 2575 4001 Καὶ
2636 3947 2734 4023 γὰρ
2790 3947 2877 4002 ὅτε
2934 3947 3206 4022 πάρεστιν,
3255 3947 3437 4004 ἐλπίδι
3494 3955 3596 4005 τοῦ
3648 3949 3939 4027 παρελθεῖν

2294 4035 2356 4091 οὐ
2387 4039 2520 4090 πάνυ
2553 4035 2734 4107 λυπεῖ,
2766 4034 3064 4113 προσδοκίᾳ
3092 4059 3150 4092 τε
3192 4043 3288 4093 τοῦ
3340 4038 3645 4114 κρείττονος
3674 4040 3762 4095 καὶ
3811 4040 3941 4116 χαί-

2296 4145 2403 4200 ρειν
2432 4127 2681 4201 παρέχει.
2716 4127 2827 4201 Πρὸ
2857 4128 3071 4181 πάντων
3104 4124 3161 4181 δὲ
3211 4125 3406 4182 εἰδέναι
3464 4149 3521 4183 σε
3577 4127 3742 4199 θέλω,
3774 4130 3938 4185 πόσον

2293 4215 2355 4269 τὸ
2415 4220 2711 4293 σωφρονεῖν
2770 4215 2983 4291 ἀρέσκει
3040 4221 3172 4287 Θεῷ.
3224 4218 3285 4272 Ἣ
3345 4218 3573 4294 σώφρων
3634 4219 3767 4294 γυνὴ
3809 4224 3944 4274 Θεοῦ

2298 4302 2520 4379 ἐκλογὴ,
2579 4308 2708 4358 Θεοῦ
2768 4302 3001 4371 εὐδοκία,
3064 4310 3196 4361 Θεοῦ
3252 4309 3403 4364 296
3461 4305 3606 4378 δόξα,
3655 4312 3785 4362 Θεοῦ
3855 4308 3944 4363 τέ-

2296 4413 2440 4448 κνον.
2473 4397 2733 4447 Τοσοῦτον
2780 4393 2979 4469 ἀγαθὸν
3011 4396 3032 4430 3
3064 4395 3405 4473 σωφροσύνη.
3440 4395 3503 4449 Εἰ
3535 4397 3610 4469 μή
3643 4394 3723 4451 ὅτι
3778 4396 3945 4471 νόμος

2295 4482 2383 4552 ἦν,
2418 4478 2559 4555 μηδέ
2590 4479 2795 4537 δίκαιον
2823 4479 3147 4539 ἀϐάπτιστον
3181 4487 3202 4520 9
3234 4484 3308 4547 είς
3354 4486 3450 4553 την
3515 4485 3787 4561 βασιλείαν
3844 4491 3942 4541 τοῦ

1890 4581 2133 4635 VARI/E
2175 4580 2587 4638 LECTIONES.

612 4672 656 4745 ἒξ
679 4670 777 4745 μία
811 4676 1035 4745 μοιχεῖα
1048 4673 1125 4745 _C.

600 4672 656 4759 :5
679 4670 777 4743 μία
811 4676 1035 4745 μοιχεῖα
1064 4673 1125 4729 C.
1203 4673 1246 4708 ⁹⁶
1274 4673 1342 4744 τῇ
1377 4668 1432 4725 δὲ
1467 4670 1689 4797 μοιέείᾳ
1721 4673 1872 4740 conj.
1908 4671 1973 4725 D.

600 4742 710 4796 οίαν
751 4744 815 4797 0.
897 4747 963 4780 ¹⁰⁰
1019 4742 1062 4795 εἰ
1121 4746 1185 4797 0.
1267 4747 1282 4779 ¹
1315 4744 1549 4797 προσέτι
1591 4765 1604 4795 ι
1666 4744 1730 4797 0.
1810 4745 1830 4777 ²
1865 4762 1973 4797 mou

539 4742 710 4796 θιδίαν
751 4742 819 4798 Ο.
897 4742 963 4780 (οδ
1019 4742 1062 4795 εἰ
1121 4746 1185 4799 Ο.

1267 4742 1613 4817 [προσῆτιδί
1666 4744 1737 4817 0.
1810 4745 1830 4777 ²
1865 4742 2061 4817 μιανῇς
2118 4744 2176 4797 C.

2052 4671 2095 4705 97
2126 4675 2210 4725 Ita
2258 4666 2643 4744 Dabisne/rut
2691 4676 2749 4737 C,
2900 4740 2913 4744 _
2945 4672 3113 4744 91Ῠτήν
3158 4673 3395 4743 adjunxi
3451 4690 3500 4728 ο.
3559 4676 3621 4743 0,

2252 4742 2274 4775 ³
2301 4742 2400 4809 τήν
2446 4759 2562 4798 om.
2597 4748 2659 4799 0.

3701 4676 3744 4710 9°
3790 4680 3941 4729 Ματ-

2739 4744 2760 4777 ⁴
2790 4740 3102 4796 ἀπολείπειν
3136 4750 3193 4798 C.
3232 4740 3247 4743 ’
3272 4745 3293 4778 ⁸
3325 4749 3381 4799 In
3428 4745 3471 4799 0
3529 4740 3659 4801 esse
3712 4747 3942 4803 videtur

587 4815 895 4896 avidissima
924 4817 945 4850 ⁸
973 4811 1013 4896 ἦ
1043 4811 1655 4896 addidit_D.;Subin_de
1680 4812 1841 4896 jjvrsp
1866 4811 1932 4886 ‘p.
1968 4811 2116 4896 εἴπερ
2156 4814 2405 4896 “Tum
2464 4815 2615 4896 idem
2671 4831 2788 4869 om.
2840 4812 3025 4896 αὐταῖς
3067 4816 3413 4896 scribitque.
3441 4814 3759 4896 ἀπωλλύου,
3792 4836 3840 4873 c.
3877 4821 3937 4887 S,

574 4883 823 4939 πολλύου
856 4886 915 4941 C.

537 4958 614 5015 cit
641 4956 911 5011 τοσούτων
945 4952 1158 5032 ἀγαθῶν
1179 4954 1371 5014 αἴτιον.
1403 4960 1424 4993 9
1455 4954 1659 5012 δίκαιον
1691 4956 1780 5011 καὶ
1812 4952 2138 5010 ἀϐάπτιστον
2168 4955 2233 5011 Ο.

992 4888 1013 4920 ⁷
1044 4890 1318 4955 πρωατεῖα
1349 4887 1414 4943 Ο.
1490 4887 1511 4921 ⁸
1562 4887 1645 4942 Ita
1675 4887 1718 4942 Ο
1749 4884 1900 4940 etei
1957 4884 2201 4955 conject.
2234 4887 2272 4938 C
2327 4884 2385 4939 in
2444 4886 2561 4956 cuj.
2595 4892 2755 4941 textu
2813 4884 3087 4940 τοσούτων
3119 4884 3348 4960 ἀγαθῶν.
3382 4887 3416 4941 S
3447 4888 3689 4959 insuper
3745 4884 3940 4961 conje4

992 4958 1158 5013 γαθῶν
1179 4954 1371 5013 αἴτιον.
1403 4960 1424 4993 ⁹
1455 4954 1659 5012 δίκαιον
1691 4956 1780 5011 καὶ
1812 4952 2138 5010 ἀϐάπτιστον
2168 4955 2233 5011 0.
2261 4929 2377 5011 ἀΐει.
2413 4956 2570 5012 hom.
2602 4974 2727 5013 x111.
2764 4958 2844 5013 l3.

2333 4974 2377 5011 r.
2414 4974 2570 5012 nom.
2602 4974 2727 5028 x111,
2764 4974 2844 5013 ιδ.

1910 5052 2291 5110 VARIORUM
2330 5054 2562 5111 NOT/E.

611 5144 994 5228 (ξιβλῇίοιχείᾳ
1023 5144 1103 5201 De
1133 5145 1744 5228 adulterioemendes
1765 5143 1937 5228 velim
1987 5142 2179 5228 lo‘cu’r‘n

542 5215 929 5289 S_.'Methodii,
963 5217 1021 5289 in
1055 5234 1226 5289 opere
1258 5219 1330 5272 De
1375 5218 1549 5273 libero
1597 5216 1850 5283 abritrio,
1892 5215 2179 5289 CoqmbefiA-r

535 5287 715 5362 signa?
757 5286 1051 5351 editiOnis.
1091 5286 1169 5362 ἰ).
1212 5290 1364 5362 353)
1402 5290 1636 5362 ξΈτερος
1681 5293 1919 5362 προσῆν,
1967 5286 2178 5362 ’ὸςητοιῦ

535 5355 771 5428 πλησίον
803 5365 1033 5447 γυναῖκα
1060 5355 1266 5447 παίζειν
1299 5355 1772 5447 ἤθελε,λῄστεύων
1805 5360 1980 5433 γάμον
2014 5355 2179 5442 ἀλλό-

535 5448 710 5554 τριον,
739 5428 827 5484 καί
861 5428 947 5484 ἐπὶ
977 5432 1291 5505 παράνομον
1323 5428 1511 5501 κοίτην
1542 5428 1829 5505 τραπῆναι⁷
1854 5428 2176 5504 παρορμῶν,

538 5521 567 5555 τ
605 5522 629 5553 ν
659 5501 1031 5573 γεγαμηκότα,
1060 5505 1278 5573 γνήσιον
1310 5505 1449 5573 (imo
1481 5502 1738 5573 ἀγνγςσιον
1766 5502 1854 5557 vel
1917 5500 1991 5573 μή
2049 5500 2178 5573 γνή-

538 5521 629 5555 τον
699 5521 1031 5576 εγαμηκοτα,
1060 5521 1278 5577 γνησιον
1310 5521 1449 5573 (uno
1481 5521 1738 5577 αγνησιον
1766 5521 1854 5557 vel
1917 5523 1991 5573 μη
2049 5521 2178 5575 γνη-

542 5522 691 5642 σιονξ
714 5573 915 5644 πατέρα
946 5572 1182 5646 γίνεσθαι
1230 5574 1422 5631 θέλων.
1457 5576 1573 5629 Hoc
1621 5580 1709 5629 est
1743 5591 1755 5646 ξ
1788 5574 1985 5629 Aderat
2036 5574 2181 5627 alius

542 5646 638 5715 qui
664 5647 914 5719 proximi
942 5645 1107 5719 uxori
1130 5650 1380 5719 cupiebat
1408 5646 1661 5709 illudere,
1703 5645 1949 5719 alienum
1977 5647 2176 5719 matri-

541 5718 789 5770 monium
817 5716 1117 5786 praedatus,
1150 5716 1206 5774 et
1236 5722 1475 5773 incitans
1502 5735 1621 5773 eam
1650 5726 1711 5772 ut
1738 5717 1806 5771 ad
1834 5718 2179 5771 concubitum

531 5790 808 5844 illicitum
842 5796 1163 5858 verteretur,
1196 5808 1227 5845 e
1254 5792 1456 5846 marito
1504 5790 1686 5845 volens
1730 5791 1919 5860 facere
1964 5795 2177 5859 patrem

2290 5160 2400 5199 non
2428 5160 2637 5200 verum.
2672 5143 2801 5199 Co'r.

2361 5215 2473 5292 (liii)
2505 5217 2567 5292 I_n
2597 5215 3053 5292 Clementiuorum
3083 5233 3192 5273 ms.
3227 5216 3320 5292 hic
3370 5220 3441 5274 ad
3486 5219 3808 5292 marginem
3857 5237 3943 5292 re-

2291 5287 2533 5359 centiori
2567 5304 2748 5359 manu
2778 5288 3062 5359 scriptum
3098 5289 3389 5359 cernitur;
3410 5292 3526 5344 ’Ότι
3562 5287 3723 5345 si."qu
3756 5288 3937 5359 ἐθνική

2291 5351 2641 5434 ἀϐάπτιστός,
2674 5353 2761 5434 διὰ
2792 5351 3276 5434 τὴν’σωφροσύνην
3296 5357 3655 5434 ⁵ἐδικαιοῦτο.
3692 5351 3937 5433 Parique

2293 5431 2464 5510 [nodo
2494 5424 3054 5510 iPQ‘é,‘§txatDt~)V-Tlt'
3084 5432 3187 5510 μὲν
3283 5427 3486 5510 ἔργων,
3510 5434 3553 5510 ,ἢ
3585 5431 3674 5488 διὰ
3713 5424 3931 5510 Δσωφροω

2291 5498 2477 5568 σύνην,
2571 5496 2641 5553 δι’
2673 5496 3127 5575 ἐλεημοσύνηνέῆ
3161 5496 3258 5555 διά
3280 5496 3644 5575 δικαιοσύνην,
3679 5505 3731 5557 οἱ
3767 5496 3934 5559 τάῦτα

2293 5571 2705 5648 μετερχόμενοι.
2740 5569 3016 5648 Βασιλείαν
3047 5571 3103 5627 δὲ
3124 5575 3364 5648 ’Χριστοῦ
3400 5576 3553 5645 μόνοι
3578 5569 3640 5631 ὀί
3681 5576 3934 5648 βαπτιζό-

2292 5640 2441 5715 μενοι
2458 5640 2550 5719 ξέἰς
2586 5640 2737 5719 άγ-ίαν
2768 5640 2985 5719 Τριάδα,
3002 5640 3333 5719 κ.τ.λ.Ὀυω
3357 5640 3553 5703 omnia
3574 5651 3643 5703 ad
3668 5640 3929 5719 Pelagia-

2290 5732 2421 5787 nam
2446 5716 2722 5787 haeresim
2758 5716 3043 5787 pertinere
3097 5717 3403 5784 videntur;
3439 5725 3503 5774 ut
3533 5726 3590 5775 et
3648 5716 3931 5777 nonnulla

2289 5786 2404 5842 alia
2432 5786 2711 5842 Clementi
2743 5786 3014 5860 ascriptis
3046 5789 3322 5861 operibus
3354 5789 3646 5863 inspersa.
3679 5791 3812 5847 Cor.
