4114 6338
396 401 515 463 ενι

1227 399 1291 460 S.
1338 398 1782 461 CLEMENTIS
1827 401 1851 461 l
1896 399 2089 463 ROM.
2131 402 2361 465 PONT.
2408 404 2671 468 OPERA
2711 406 2978 470 DUBIA.

3686 406 3812 467 348

403 533 635 589 locum:
671 532 951 587 accedens
982 546 1143 605 ergo,
1187 536 1245 588 et
1297 532 1617 589 observans
1678 533 1748 587 de
1798 533 2045 601 occulto,

2178 534 2627 611 ὅποχωρήσαντας
2672 536 2824 609 ἴδὼν,
2856 540 3170 616 προσελθὼν
3222 539 3393 614 λάθρα
3439 536 3807 595 κατεσκόπουν

408 622 543 695 quid
576 622 635 677 in
668 625 954 677 secretum
998 621 1248 695 ingressi
1297 622 1565 693 ageretis,
1628 638 1762 677 cum
1818 628 2049 679 orantes

408 712 814 785 inspexissem,
874 711 1130 767 secessi:
1180 716 1236 767 et
1291 728 1397 767 vos
1443 712 1755 768 miseratus
1800 712 2053 784 opperiri

406 802 568 874 capi,
605 817 899 871 usquequo
931 816 1195 872 egressos
1218 798 1561 873 alloquerer,
1595 817 1661 855 ac
1683 801 1947 857 docerem
1983 818 2053 857 ne

408 890 631 948 erretis.
657 889 799 952 Quia
830 905 1019 960 neque
1050 888 1204 944 Deus
1254 894 1359 955 est,
1422 905 1609 961 neque
1666 890 2049 961 providentia,

410 981 511 1037 sed
545 978 741 1050 genesi
773 978 969 1033 omnia
1000 978 1324 1047 subjacent,
1358 978 1510 1033 sicut
1534 994 1638 1052 ego
1672 996 1740 1035 ex
1798 979 1890 1045 iis,
1926 996 2052 1051 quas

411 1068 556 1124 mihi
579 1067 933 1134 acciderunt,
967 1066 1445 1122 manifestissime
1476 1069 1751 1139 comperi,
1785 1069 1841 1123 in
1877 1070 2053 1125 disci-

410 1157 571 1230 plina
601 1155 927 1212 matheseos
951 1157 1077 1226 jam
1121 1156 1344 1227 pridem
1402 1155 1709 1229 diligenter
1765 1158 2053 1215 eruditus.

409 1246 538 1301 Noli
572 1260 707 1315 ergo
737 1260 949 1312 errare,
984 1243 1087 1298 ﬁli.
1149 1244 1277 1300 Sive
1334 1244 1489 1300 enim
1542 1262 1693 1307 ores.
1754 1248 1874 1303 sive
1915 1265 2053 1320 non,

411 1352 538 1407 quae
570 1334 800 1407 genesis
832 1339 934 1388 tua
965 1332 1239 1404 continet,
1275 1333 1394 1389 haec
1414 1333 1516 1388 tibi
1552 1335 1815 1391 accident
1855 1351 2056 1393 neces-

411 1423 586 1481 sario.
628 1423 771 1478 Nam
823 1423 871 1477 si
934 1438 1132 1494 preces
1182 1427 1421 1494 possent
1455 1422 1730 1496 aliquidﬁ
1757 1426 1843 1480 vel
1904 1427 2059 1481 bona

412 1529 609 1586 opera,
643 1513 769 1584 ipse
796 1512 949 1566 inter
1004 1510 1285 1567 feliciores
1336 1529 1548 1568 essem.
1581 1515 1659 1568 Ac
1708 1531 1883 1580 nunc,
1945 1515 2058 1571 nisi

412 1606 470 1657 te
501 1600 717 1672 decipit
738 1600 858 1655 haec
889 1600 1244 1671 paupercula
1290 1616 1419 1655 mea
1448 1602 1643 1671 vestis,
1679 1603 1851 1658 dictis
1915 1604 2061 1660 meis

414 1708 531 1747 non
562 1690 816 1745 difﬁdas.
849 1691 993 1745 Cum
1051 1689 1189 1745 olim
1222 1690 1280 1745 in
1314 1706 1526 1762 magna
1556 1692 1840 1748 bonorum
1872 1695 2060 1749 abun-

415 1779 615 1835 dantia
645 1794 928 1847 versarer,
961 1777 1145 1833 multa
1177 1784 1303 1834 tum
1338 1780 1453 1835 diis
1484 1780 1886 1852 immolabam,
1932 1789 2061 1838 tum

2160 624 2222 677 τὸ
2250 623 2302 677 τί
2335 624 2393 678 ἂν
2427 625 2478 680 έν
2513 626 2759 705 κρυφαίῳ
2818 628 3073 691 εἰσιόντες
3131 629 3441 703 πράττοιτε,
3470 626 3561 684 καὶ
3617 624 3809 695 ἐπειδή

2163 712 2496 788 εὐχομένους
2555 714 2697 771 εἶδον
2755 720 2820 788 ²²,
2856 718 3208 793 ὑπεχώρησα’
3264 715 3491 787 ἐλεήσας
3551 713 3609 771 δὶ
3666 716 3811 788 ὑμᾶς

2162 799 2431 873 ἀνέμεινα,
2486 803 2634 866 ὅπως
2686 804 2882 875 ἐξιοῦσι
2934 809 2979 843 ²³
3026 805 3446 882 προσομιλήσας
3502 805 3671 860 πείσω
3727 805 3810 876 μὴ

2164 890 2480 945 ἀπατᾶσθαι.
2516 889 2653 950 Οὔτε
2680 895 2782 970 γὰρ
2837 895 2963 957 Θεὸς
3017 890 3181 966 ἔστιν,
3216 890 3339 950 οὔτε
3383 893 3634 969 πρόνοια,
3662 892 3817 948 ἀλλὰ

2161 980 2457 1053 γενέσειτὰ
2486 982 2659 1037 πάντα
2708 983 3005 1051 ὑπόκειται,
3040 983 3114 1045 ὡς
3172 982 3277 1059 ἐγὼ
3330 982 3408 1061 ἐφ’
3441 983 3521 1044 οἷς
3572 980 3817 1037 πέπονθα

2163 1066 2690 1147 πεπληροφόρημαι,
2724 1071 2783 1127 έκ
2833 1070 3059 1128 πολλῶν
3089 1074 3135 1109 ⁸⁸
3160 1066 3398 1147 ἀκριϐῶν
3456 1072 3518 1126 τὸ
3561 1072 3816 1143 μάθημα.

2165 1158 2253 1225 Μὴ
2314 1156 2404 1212 οῦν
2462 1159 2905 1229 ἀπατῶ,τέκνον.
2939 1157 3063 1216 Εἴτε
3118 1161 3219 1237 γὰρ
3269 1159 3425 1236 εὔχῃ,
3458 1158 3564 1216 εἷ’τε
3619 1157 3821 1231 μὴ,τά

2165 1245 2224 1301 ἐκ
2260 1249 2359 1315 τῆς
2388 1249 2647 1324 γενέσεως
2673 1249 2902 1325 πάσχειν
2934 1250 3175 1324 ἀνάγκην
3208 1247 3375 1325 ἔχεις·
3412 1248 3457 1304 εί
3515 1248 3618 1323 γὰρ
3657 1246 3822 1323 εὐχαί

2164 1356 2216 1390 τι
2245 1332 2496 1392 ἐδύναντο
2529 1340 2573 1373 ³⁵
2600 1338 2635 1407 ἢ
2665 1339 2729 1394 τὸ
2762 1339 2816 1393 εὗ
2846 1345 3045 1411 ποιεῖν,
3078 1337 3237 1400 αὐτὸς
3271 1338 3330 1393 ἃν
3373 1337 3424 1393 ὲν
3471 1343 3591 1399 τοῖς
3636 1336 3822 1412 κρείτ-

2166 1446 2313 1479 τοσιν
2344 1423 2520 1498 ἤμην.
2554 1426 2652 1481 Καὶ
2684 1430 2771 1481 νῦν
2805 1427 2850 1481 εἰ
2922 1429 2995 1501 μή
3057 1448 3115 1481 σε
3152 1426 3330 1497 ἀπατᾷ
3359 1428 3394 1496 ἡ
3425 1426 3660 1502 πενιχρά
3711 1446 3821 1498 μου

2168 1513 2300 1585 αὕτη
2364 1515 2541 1585 ἐσθὴς,
2575 1514 2674 1570 οὐκ
2726 1515 3041 1587 ἀπιστήσεις
3074 1518 3118 1552 ³⁸
3151 1517 3232 1577 οἷς
3282 1512 3445 1590 λέγω.
3484 1516 3570 1568 Ἐν
3626 1510 3823 1586 πολλῇ

2174 1603 2294 1679 βίου
2344 1605 2477 1659 ποτὶ
2524 1602 2597 1660 ὣν
2645 1604 2949 1680 περιουσίᾳ,
2981 1603 3168 1660 πολλὰ
3214 1605 3304 1659 καὶ
3345 1605 3487 1665 θεοῖς
3519 1600 3690 1674 ἔθυον,
3721 1600 3819 1656 καὶ

2173 1689 2453 1766 δεομένοις
2479 1699 2767 1770 παρεῖχον,
2798 1694 2888 1748 καὶ
2918 1693 3072 1765 ὅμως
3105 1690 3402 1768 εὐχόμενός
3430 1712 3489 1746 τε
3533 1690 3622 1745 καὶ
3670 1689 3823 1744 εὐσε-

2175 1776 2283 1835 ϐῶν
2340 1784 2439 1851 τὴν
2494 1782 2857 1858 πεπρωμένην
2911 1783 3155 1860 ἐκφυγεῖν
3198 1780 3297 1836 οὐκ
3326 1778 3628 1850 ἠδυνήθην.
3662 1777 3825 1853 Κάγὼ

416 1868 613 1939 egenis
646 1866 973 1939 largiebar:
1034 1872 1288 1923 attamen
1340 1869 1482 1924 dum
1515 1886 1614 1925 oro
1646 1876 1704 1926 et
1759 1871 1852 1943 pie
1910 1872 2059 1940 vivo,

2178 1869 2334 1948 ἔφην·
2372 1872 2500 1926 Τίνα
2529 1870 2669 1926 ἐστὶν
2698 1872 2731 1926 α
2760 1871 3031 1933 πέπονθας
3060 1873 3106 1907 ³⁷
3130 1889 3142 1939 ;
3177 1870 3204 1924 ὁ
3236 1867 3293 1924 δὲ
3334 1868 3676 1941 ἀπεκρίνατο·
3711 1866 3829 1921 Οὐκ

416 1958 601 2013 fatum
634 1973 748 2011 non
782 1956 939 2028 potui
971 1956 1241 2028 effugere.
1286 1958 1353 2013 Et
1405 1974 1511 2031 ego
1554 1958 1672 2013 dixi
1708 1975 1720 2014 :
1783 1962 2059 2026 Quaenam

2178 1960 2369 2037 ἀνάγκη
2404 1958 2578 2036 λέγειν
2611 1965 2722 2030 νῦν,
2752 1958 2883 2022 ἴσως
2931 1959 3016 2013 ἐπὶ
3073 1957 3221 2014 τέλει
3266 1957 3488 2027 ἀκούσῃ,
3518 1957 3600 2019 τίς
3638 1976 3696 2011 τε
3744 1952 3823 2009 ὢν

418 2050 576 2113 sunt,
610 2062 734 2117 quae
792 2044 899 2100 tibi
944 2044 1340 2117 contigerunt?
1386 2048 1487 2103 Ille
1518 2064 1651 2104 vero
1712 2050 2059 2121 respondit:

418 2140 543 2192 Non
578 2150 815 2191 necesse
843 2138 931 2190 est
964 2151 1118 2191 nunc
1145 2135 1369 2192 dicere:
1406 2137 1549 2193 forte
1582 2137 1638 2193 in
1672 2139 1785 2195 ﬁne
1836 2142 2062 2209 audies,

420 2224 693 2297 quisnam
743 2240 848 2296 ego
905 2241 1038 2280 cum
1090 2240 1305 2292 essem,
1337 2230 1394 2281 et
1424 2244 1491 2282 ex
1521 2226 1737 2300 quibus
1769 2234 1952 2302 ortus,
2003 2231 2064 2288 in

2173 2048 2283 2125 έγὼ
2332 2049 2420 2104 καὶ
2475 2049 2660 2117 τίνων,
2695 2047 2746 2104 έν
2786 2048 2967 2111 ποίαις
3032 2047 3150 2123 βίου
3205 2047 3543 2123 περιστάσεσι
3602 2042 3827 2120 γέγονα.

2172 2141 2282 2196 Νῦν
2329 2136 2386 2193 δὲ
2442 2137 2524 2193 ὅτι
2574 2138 2772 2216 γενέσει
2826 2138 2893 2193 τὰ
2924 2138 3095 2192 πάντα
3128 2130 3426 2208 ὑπόκειται,
3458 2133 3835 2212 πληροφορη-

2174 2227 2327 2298 θῆναί
2359 2249 2416 2282 σε
2444 2224 2610 2283 θέλω.

421 2311 625 2386 quales
682 2312 1024 2368 incurrerim
1085 2312 1215 2370 vita;
1274 2313 1658 2372 calamitates.
1717 2319 1830 2374 Sed
1887 2336 2065 2392 nunc,
2106 2318 2304 2377 omnia
2350 2316 2559 2388 subjici
2607 2316 2909 2389 genituris,
2942 2315 3069 2372 volo
3116 2315 3221 2372 tibi
3270 2331 3401 2372 esse
3446 2310 3833 2387 persuasissi-

419 2418 607 2458 mum.

493 2492 585 2546 IV.
619 2491 737 2563 Ego
768 2490 924 2548 dixi:
959 2490 1018 2547 Si
1067 2493 1263 2563 genesi
1296 2498 1505 2550 cuncta
1534 2496 1811 2565 subsunt,
1845 2497 2068 2571 hocque

417 2581 501 2636 ita
531 2596 658 2636 esse
676 2596 1022 2652 persuasum
1046 2581 1246 2652 habes,
1278 2587 1471 2639 tecum
1500 2586 1821 2657 pugnantia
1843 2588 2067 2659 cogitas

421 2673 479 2727 et
511 2669 787 2725 consulis.
842 2670 1067 2726 Etenim
1120 2671 1169 2726 si
1227 2678 1431 2728 contra
1487 2674 1676 2730 natale
1732 2692 1804 2731 ne
1851 2676 2071 2732 sentire

422 2759 660 2832 quidem
714 2775 1049 2830 possumus,
1083 2777 1187 2816 cur
1244 2761 1458 2817 frustra
1520 2761 1770 2831 laboras,
1832 2764 1889 2819 id
1944 2764 2069 2821 ﬁeri

420 2846 803 2913 consulendo,
838 2848 992 2919 quod
1025 2863 1151 2902 esse
1184 2849 1433 2919 nequit?
1458 2851 1787 2914 Quinetiam
1819 2854 1867 2908 si
1917 2853 2067 2909 nati-

419 2936 568 2992 vitas
591 2936 883 3006 subsistit,
918 2935 1038 2991 noli
1070 2936 1125 2991 in
1161 2953 1227 2992 eo
1259 2954 1468 2994 navare
1500 2956 1757 3012 operam,
1817 2946 1882 2997 ut
1939 2959 2067 3013 per-

424 3025 675 3081 suadeas
695 3024 859 3095 mihi,
894 3042 964 3081 ne
995 3025 1181 3081 colam
1215 3031 1505 3082 astrorum
1538 3028 1715 3084 etiam
1736 3031 2068 3097 Dominum,

425 3114 525 3186 qui
558 3117 615 3169 et
645 3113 693 3169 si
724 3114 861 3170 velit
890 3132 1001 3170 non
1053 3115 1175 3170 fieri
1227 3116 1471 3188 aliquid,
1506 3118 1627 3173 ﬁeri
1662 3120 1880 3192 nequit.
1908 3125 2070 3175 Sem-

425 3220 528 3276 per
556 3204 736 3276 enim,
771 3205 922 3275 quod
953 3206 1175 3274 subest,
1209 3207 1279 3273 ei,
1315 3208 1466 3278 quod
1503 3213 1711 3280 praeest
1763 3225 1830 3263 ac
1887 3209 2068 3275 ducit,

424 3297 627 3365 pareat
675 3309 909 3350 necesse
959 3294 1151 3350 habet.
1185 3296 1349 3352 Certe
1398 3297 1657 3353 venerari
1688 3314 1809 3365 eos,
1842 3298 1939 3370 qui
1990 3297 2070 3353 dii

426 3385 731 3454 putantur,
764 3386 961 3455 genesi
984 3383 1322 3441 dominante
1348 3387 1712 3458 superﬂuum
1745 3392 1851 3442 est.
1871 3392 2070 3460 Neque

426 3470 583 3526 enim
618 3476 823 3542 praeter
880 3472 959 3538 id,
1000 3475 1153 3545 quod
1204 3475 1320 3530 fato
1367 3475 1573 3547 placet,
1606 3476 1924 3548 quidquam
1984 3476 2067 3543 ﬁt,

429 3576 619 3631 neque
641 3560 751 3631 ipsi
784 3562 1083 3633 quidpiam
1120 3564 1304 3620 facere
1337 3571 1604 3637 possunt,
1636 3567 1733 3638 qui
1756 3564 2067 3621 universali

430 3648 627 3720 genesi
657 3666 774 3704 sua:
808 3650 928 3705 sint
953 3652 1220 3723 subjecti.
1253 3654 1311 3709 Si
1361 3654 1590 3726 genesis
1620 3655 1836 3725 existit,
1896 3670 2069 3726 repu-

431 3742 590 3811 gnat,
626 3738 682 3792 id
717 3739 868 3809 quod
895 3756 1008 3795 non
1039 3745 1127 3795 est
1157 3742 1434 3813 primum,
1459 3744 1744 3815 imperare
1769 3761 1781 3799 :
1804 3748 1905 3798 aut
1937 3742 2071 3797 sub-

421 3826 648 3898 jectum
680 3842 807 3882 esse
840 3844 949 3882 non
1008 3833 1195 3898 potest
1249 3830 1599 3901 ingenitum,
1653 3848 1808 3898 cum,
1871 3836 2072 3904 utpote

428 3914 779 3985 ingenitum,
815 3914 959 3969 nihil
992 3915 1203 3972 habeat
1232 3935 1293 3973 se
1320 3919 1619 3991 antiquius

500 4002 567 4056 V.
602 4004 731 4059 Haec
762 4021 894 4059 cum
929 4004 1081 4060 inter
1110 4022 1216 4060 nos
1246 4006 1636 4079 loqueremur,
1671 4008 1877 4081 ingens
1934 4009 2074 4064 asti-

430 4091 503 4147 tit
532 4091 837 4148 hominum
870 4093 1200 4150 multitudo.
1235 4097 1511 4168 Tuncque
1532 4098 1603 4152 ad
1635 4114 1733 4153 eos
1760 4098 2075 4168 respiciens

435 4180 587 4235 dixi:
623 4182 739 4252 Ego
770 4199 903 4237 cum
934 4199 1144 4254 genere
1176 4201 1302 4240 meo
1324 4187 1515 4257 accepi
1548 4204 1581 4241 a
1612 4188 1932 4257 majoribus
1959 4187 2076 4242 cul-

433 4273 561 4323 tum
596 4269 712 4336 Dei,
746 4277 801 4325 et
833 4276 1181 4343 praeceptum
1225 4272 1407 4330 habeo
1440 4292 1510 4330 ne
1541 4276 1693 4330 ortui
1724 4276 2074 4346 adhaeream,

434 4358 796 4431 astrologicaz
828 4360 1067 4433 inquam
1084 4362 1401 4435 disciplinae
1427 4381 1438 4420 :
1464 4364 1701 4419 idicirco
1719 4364 1788 4418 ad
1809 4381 1933 4419 eam
1960 4364 2076 4419 ani-

436 4464 600 4504 mum
632 4466 746 4503 non
779 4450 1054 4521 applicui.
1092 4453 1254 4507 Unde
1312 4452 1634 4525 astrologia:
1668 4452 1897 4524 quidem
1961 4469 2074 4507 non

436 4554 567 4593 sum
597 4538 818 4610 peritus
857 4557 869 4595 :
903 4556 1152 4611 quorum
1195 4546 1389 4597 autem
1432 4542 1695 4614 peritiam
1734 4541 1939 4607 habeo,
1978 4540 2078 4596 illa

436 4642 741 4699 exponam.
778 4629 923 4696 Quia
951 4632 1191 4701 genesin
1221 4648 1290 4686 ex
1319 4632 1447 4701 ipsa
1496 4647 1772 4703 geneseos
1830 4631 2077 4685 scientia

2252 2496 2404 2554 299
2439 2496 2534 2551 IV.
2569 2494 2737 2566 Κάγὼ
2784 2488 2936 2571 ἔφην’
2970 2490 3037 2547 Ei'
3090 2488 3293 2568 γενέσει
3348 2492 3417 2546 τὰ
3470 2488 3642 2545 πάντα
3698 2486 3835 2544 ὑπόο

2176 2605 2371 2650 κειται,
2402 2581 2492 2638 καί
2536 2583 2681 2637 τοῦθ’
2713 2583 2759 2618 ³⁸
2808 2582 2980 2643 οὕτως
3030 2579 3173 2657 ἔχειν
3218 2583 3264 2619 ²⁹
3312 2578 3831 2656 πεπληροφόρησαι,

2179 2672 2385 2745 σεαυτῷ
2416 2671 2623 2727 ἐναντία
2651 2675 2789 2725 νοῶν
2820 2666 3233 2743 συμϐουλεύεις.
3258 2668 3320 2725 Ei
3357 2669 3449 2741 μὲν
3477 2667 3577 2744 γὰρ
3608 2670 3653 2704 ³ο
3681 2667 3835 2743 παρά

2177 2762 2383 2839 γένεσιν
2417 2760 2478 2815 οὐ
2511 2756 2731 2815 δυνατὸν
2768 2757 2890 2814 οὐδὲ
2928 2760 2990 2814 τὸ
3040 2762 3277 2834 φρονεῖν,
3309 2757 3361 2812 τί
3420 2760 3831 2829 ματαιοπονεῖς,

2178 2845 2567 2925 συμϐουλεύων
2622 2846 2866 2923 γενέσθαι
2925 2848 2954 2903 ’ὀ
3010 2848 3247 2924 γενέσθαι
3335 2842 3591 2901 ἀδύνατόν
3647 2843 3833 2913 έστινς

2180 2938 2306 2996 ἀλλ’
2336 2937 2413 2994 ἔτι
2450 2940 2556 3012 μὴν
2591 2937 2637 2992 εἲ
2665 2935 2871 3013 γένεσις
2917 2936 3233 3015 ὑφέστηκεν,
3269 2936 3346 3009 μὴ
3396 2932 3589 2989 σπεῦδε
3627 2932 3834 2988 πείθειν

2180 3028 2278 3102 ἰμέ
2312 3029 2387 3101 μὴ
2420 3022 2592 3082 σέϐειν
2626 3027 2714 3082 τὸν
2749 3026 2839 3081 καὶ
2880 3030 2987 3081 τῶν
3050 3024 3259 3101 ἄστρων
3312 3022 3599 3094 δεσπότην,
3630 3022 3692 3078 οὑ
3741 3022 3841 3077 θέο

2180 3116 2377 3178 λοντος
2404 3114 2493 3171 καὶ
2527 3116 2601 3189 μὴ
2634 3116 2877 3189 γενέσθαι
2923 3136 2998 3185 τι,
3031 3114 3271 3190 γενέσθαι
3324 3110 3578 3167 ἀδύνατον
3608 3115 3676 3167 ³¹.
3714 3110 3838 3166 Alei

2177 3207 2278 3283 γὰρ
2308 3207 2370 3261 τὸ
2402 3206 2758 3277 ὑποκείμενον
2801 3203 2880 3277 τῷ
2928 3203 3219 3279 ἡγουμένῳ
3267 3202 3540 3265 πείθεσθαι
3589 3199 3832 3275 ἀνάγκην

2182 3293 2319 3371 ἔχει.
2353 3296 2431 3352 Τὸ
2466 3295 2649 3367 μέντοι
2694 3292 2823 3355 τοὺς
2867 3292 3262 3365 νομιζομένους
3312 3292 3464 3352 θεοὺς
3512 3284 3707 3358 σέϐειν,
3737 3308 3836 3364 γε·

2181 3386 2376 3446 νέσεως
2408 3381 2823 3459 ἐπικρατούσης,
2856 3381 3104 3456 περιττόν
3159 3380 3319 3437 ἐστιν.
3354 3376 3488 3434 Οὔτε
3535 3380 3638 3454 γὰρ
3687 3377 3841 3454 παρὰ

2175 3475 2239 3530 τὸ
2270 3470 2461 3528 δοκοῦν
2494 3475 2563 3544 τῇ
2613 3471 2944 3547 πεπρωμένῃ
2976 3491 3024 3524 τι
3056 3473 3102 3507 ³²
3131 3470 3356 3545 γίνεται,
3390 3464 3513 3523 οὔτε
3570 3465 3722 3522 αὐτοί
3778 3487 3835 3520 τι

2177 3568 2353 3619 ποιεῖν
2405 3558 2675 3629 δύνανται,
2713 3563 2781 3634 τῇ
2835 3553 3071 3615 καθόλου
3122 3558 3295 3613 αὐτῶν
3346 3555 3691 3630 ὑποκείμενοι
3740 3576 3835 3630 γε-

2178 3651 2337 3707 νέσει.
2402 3649 2465 3705 Εἰ
2521 3650 2727 3725 γένεσις
2784 3647 2943 3715 ἔστιν,
3003 3647 3293 3702 ἀντίκέιται
3352 3646 3413 3700 τὸ
3472 3647 3545 3719 μὴ
3604 3648 3821 3718 πρῶτον

2181 3739 2389 3817 ἄρχειν,
2420 3741 2454 3807 ἢ
2480 3740 2525 3775 ⁸³
2557 3738 2869 3801 ὑποκεῖσθαι
2928 3735 2990 3790 οὐ
3051 3734 3266 3791 δύναται
3321 3733 3384 3790 τὸ
3434 3732 3713 3809 ἀγένητον,
3746 3732 3827 3794 ὡς

2182 3826 2433 3905 ἀγένητον
2466 3828 2656 3882 ἑαυτοῦ
2686 3821 3047 3902 πρεσϐύτερον
3083 3821 3249 3897 μηδὶν
3277 3821 3427 3898 ἔχον.

2254 4009 2315 4064 ν.
2352 4010 2583 4060 Τοιαῦτα
2611 4004 2749 4080 πρὸς
2787 4003 3074 4076 ἀλλήλους
3122 4001 3395 4078 λεγόντων
3441 4002 3624 4073 ἡμῶν,
3651 3997 3829 4062 πολὺς

2181 4093 2420 4169 παρέστη
2476 4088 2669 4167 ὄχλος.
2706 4092 2806 4146 Καὶ
2853 4091 2977 4147 τότε
3006 4090 3115 4165 ἐγὼ
3142 4090 3219 4153 ε”ς
3244 4090 3336 4145 τὸν
3369 4084 3541 4166 ὄχλον
3588 4083 3830 4143 ἀποϐλέ-

2183 4205 2298 4239 πων
2334 4180 2483 4260 ἔφην·
2523 4183 2661 4258 Ἐγὼ
2692 4182 2783 4237 καὶ
2812 4182 2875 4237 τὸ
2907 4180 3035 4255 ἐμὸν
3070 4178 3240 4257 φῦλον
3278 4178 3337 4235 έκ
3381 4178 3665 4254 προγόνων
3699 4178 3828 4233 Θεὸν

2184 4268 2355 4327 σέϐειν
2391 4269 2747 4348 παρειληφὼς
2776 4270 2866 4324 καὶ
2911 4267 3276 4345 παράγγελμα
3314 4265 3456 4344 ἔχων
3500 4269 3698 4343 γενέσει
3750 4267 3827 4339 μὴ

2184 4359 2560 4436 προσανέχειν,
2596 4357 2739 4435 λέγω
2772 4356 2839 4427 δὴ
2870 4362 2948 4430 τῷ
2974 4365 3074 4427 τῆς
3116 4356 3473 4434 ἀστρολογίας
3527 4358 3831 4431 μαθήματι,

2188 4447 2277 4504 διὰ
2302 4454 2464 4504 τοῦτο
2496 4448 2557 4503 οὐ
2608 4447 2937 4523 προσέσχον.
2971 4448 3128 4504 Ὅθεν
3182 4445 3535 4522 ἀστρολογίας
3590 4446 3684 4517 μὲν
3734 4445 3839 4500 οὐκ

2186 4538 2299 4612 εἰμὶ
2357 4534 2636 4611 ἔμπειρος,
2672 4538 2745 4591 ὧν
2803 4534 2861 4591 δέ
2920 4536 3053 4609 εἶμι,
3118 4535 3495 4613 ὑφηγήσομαι.
3529 4531 3748 4603 Ἐπειδὴ
3790 4537 3839 4571 ³⁸

2187 4630 2394 4702 γένεσιν
2446 4626 2731 4696 ἀπἀὑτῆς
2775 4632 2877 4695 τῆς
2924 4626 3059 4680 κατᾶ
3112 4626 3213 4693 τὴν
3270 4622 3472 4700 γένεσιν
3529 4622 3837 4696 ἐπιστήμης

436 4718 736 4774 confutare
769 4736 1012 4791 nequeo,
1042 4719 1173 4775 volo
1204 4720 1318 4775 alia
1348 4721 1569 4775 ratione
1616 4720 1941 4786 ostendere,
1975 4735 2065 4790 per

2182 4717 2556 4786 ἀνασκευάζειν
2610 4715 2672 4771 ού
2728 4718 2774 4752 ³⁵
2831 4712 3086 4787 δύναμαι,
3122 4716 3279 4771 800
3340 4710 3613 4787 βούλομαι
3674 4711 3835 4786 ἄλλῳ

438 4804 539 4861 Dei
572 4807 991 4878 providentiam
1029 4826 1120 4864 res
1147 4808 1569 4875 administrari,
1600 4815 1657 4863 et
1689 4824 2081 4880 unumquem-

2187 4804 2378 4880 τρόπῳ
2436 4801 2737 4877 ἀποδεῖξαι,
2787 4802 2869 4858 ὅτι
2927 4802 3063 4857 κατά
3118 4801 3377 4878 Πρόνοιαν
3433 4797 3715 4855 διοικεῖται
3770 4799 3843 4857 τὰ

440 4911 552 4966 que
584 4897 907 4952 secundum
938 4914 1005 4954 ea
1035 4915 1160 4970 quae
1184 4898 1375 4967 faciat,
1410 4897 1714 4970 praemium
1746 4897 1831 4953 vel
1881 4913 2065 4969 poena:

2191 4893 2505 4971 πράγματα,
2562 4893 2651 4948 καὶ
2707 4888 2953 4965 ἕκαστος,
3015 4891 3151 4967 πρὸς
3212 4890 3246 4944 ἃ
3296 4887 3540 4964 πράττει,
3596 4896 3766 4961 τιμῆς
3803 4888 3842 4958 ἢ

440 4998 571 5040 esse
598 4990 937 5043 nacturum:
970 4988 1089 5043 sive
1118 5003 1296 5054 nunc,
1328 4988 1450 5044 sive
1482 4986 1746 5059 posthac,
1779 4985 1924 5041 nihil
1958 5002 2065 5042 me:

2190 4981 2468 5045 κολάσεως
2522 4982 2779 5054 τεύξεται·
2816 4978 2924 5036 εἴτε
2984 4977 3041 5036 δὲ
3096 4982 3141 5017 ³⁸
3187 4982 3278 5034 νῦν
3338 4975 3444 5034 εἴτε
3473 4977 3646 5048 αὖθις,
3680 4975 3833 5033 οὐθέν

1801 5164 2035 5221 νΑΗιίΕ
2076 5162 2370 5221 LECTION
2378 5163 2483 5220 ES.

514 5307 561 5341 ³³
594 5303 732 5360 εἶδον
794 5313 830 5363 S
885 5308 950 5377 Ο,
984 5303 1095 5362 ἷ¹δον
1156 5310 1217 5365 C.
1292 5308 1339 5344 ”
1368 5312 1454 5365 Ita
1508 5312 1554 5364 Ο
1602 5310 1658 5364 et
1711 5323 1780 5364 ex
1818 5308 2061 5377 conject.
2097 5308 2161 5375 C,
2195 5306 2253 5361 in
2311 5307 2429 5377 cuj.
2489 5309 2647 5361 textu
2707 5301 2934 5377 ἀξιοῦσι.
3012 5296 3315 5377 ²ξᾉπολμλοῦ
3370 5301 3428 5358 Ο.
3507 5300 3552 5336 ³⁵
3590 5295 3844 5377 δύνανται

443 5382 501 5434 C.
580 5378 625 5413 ²⁸
680 5380 764 5435 Ita
817 5379 859 5435 Ο
917 5371 965 5435 c.
1025 5380 1087 5445 S,
1144 5378 1444 5449 ἀπιστήσῃς
1502 5384 1563 5433 C.
1638 5379 1680 5413 ²’¹
1736 5371 1965 5433 πέπονθε
2024 5378 2087 5434 Ο.
2149 5371 2221 5449 ’³⁸⁸
2265 5371 2426 5449 τοῦτο
2462 5378 2543 5449 VC.
2622 5377 2668 5411 ³⁸
2726 5371 2858 5448 ἕχον
3050 5374 3096 5409 ³ο
3150 5372 3254 5447 γάρ
3305 5372 3658 5449 praetenuis.
3790 5387 3843 5449 ρ.

444 5450 526 5505 Cl.
561 5449 651 5503 ed.
691 5434 909 5521 17638et
940 5434 1097 5521 1725'.
1174 5453 1217 5487 ³¹
1279 5434 1361 5506 ita
1392 5434 1463 5506 PD
1516 5466 1567 5506 ο.
1600 5452 1745 5521 Epit.
1777 5456 1834 5506 et
1889 5466 2076 5519 marg.
2108 5449 2167 5505 Ci
2202 5445 2423 5521 δυνατόν
2455 5448 2514 5521 in
2576 5434 3041 5521 tex_tu,“quodut
3071 5434 3275 5521 sariam
3305 5434 3448 5521 lect._
3470 5443 3736 5521 repetivit
3784 5446 3845 5521 ξ,

444 5520 765 5593 dummodo
824 5522 885 5574 οὗ
943 5520 1223 5593 θέλοντοςῖ
1243 5524 1459 5578 referas
1516 5525 1585 5577 ad
1642 5511 1763 5593 έμέ.
1837 5522 1879 5556 ³¹
1936 5511 2136 5593 τιξΟκ
2158 5536 2214 5593 _c.
2266 5520 2431 5593 Epil.,
2465 5520 2629 5593 deest
2660 5518 2719 5571 in
2744 5511 2911 5593 tanta
3073 5517 3145 5593 _33
3176 5511 3221 5593 ηὶς⁸
3245 5521 3303 5593 et
3328 5512 3392 5593 τὸ
3423 5511 3681 5593 ἀγένητον
3714 5511 3844 5593 cod.

448 5594 589 5661 Reg.
646 5591 773 5664 804,
806 5593 1020 5649 desunt
1075 5595 1133 5649 in
1197 5584 1439 5664 utroque
1494 5584 1840 5664 Homjcod.
1918 5593 1963 5664 δέ
1994 5584 2340 5664 ἐπειδ-ὴμγᾴρ
2400 5584 2528 5645 eod.
2590 5586 2879 5664 Reg1805.
2958 5588 3003 5664 ἥδ
3033 5584 3093 5639 οὐ
3154 5587 3288 5664 add.
3344 5584 3481 5664 [ξεί
3511 5586 3758 5664 cqnject.
3792 5601 3843 5664 ο.

443 5654 1041 5736 ῃοῐῖηῃὶιρερερίιονηω
1103 5654 1420 5721 codicibus.
1453 5665 1642 5722 Verba
1672 5660 1858 5736 ἐπειδὴ
1892 5654 2218 5736 γένεσιν-ἀπ’
2248 5654 2418 5736 αὐτῆς
2472 5665 2572 5728 τῆς
2603 5654 2739 5713 κατὰ
2766 5663 2868 5727 τῆν
2928 5655 3129 5731 γένεσιν
3189 5656 3498 5728 ἐπιστήμης
3555 5654 3845 5711 ἀνασκευά-

446 5739 552 5804 ζειν
586 5733 647 5789 οὐ
683 5730 909 5811 δύναμαι
944 5736 1351 5792 desiderantur
1379 5736 1441 5793 in
1470 5736 1536 5794 Ο.
1613 5739 1657 5773 ³⁸
1689 5732 1746 5790 δέ
1775 5730 2120 5807 transcripsi
2149 5748 2219 5790 ex
2248 5730 2313 5788 Ο.
