4114 6338
310 387 437 450 349

1423 392 1957 456 CLEMENTINA.
1987 424 2067 438 —
2096 391 2420 454 HOMILlA
2461 390 2622 453 XIV.

3601 392 3724 454 350

320 540 421 592 μοι
480 516 749 598 διαφέρει,
785 518 933 590 πλὴν
994 519 1076 577 ὅτι
1136 522 1351 587 πάντως
1409 525 1707 580 ἀπολαύσει
1752 521 1974 587 ἕκαστος

2092 524 2374 581 interest:
2408 524 2520 581 nisi
2551 525 2706 597 quod
2735 525 2971 582 omnino
3028 524 3434 598 unusquisque
3474 525 3732 582 fructum

316 608 395 662 ὧν
428 608 675 684 ἔπραξεν.
705 612 768 666 Ἣ
815 608 872 666 δὲ
917 609 1187 683 ἀπόδειξις
1247 617 1344 667 τοῦ
1403 615 1478 687 μή
1541 614 1672 669 εἶναι
1733 613 1968 689 γένεσιν,

319 695 466 753 ἔστιν
494 698 654 769 αὕτη.
688 705 808 755 Τῶν
834 702 1195 775 παρεστώτων
1247 699 1300 756 εἷ’
1339 724 1423 764 τις
1479 701 1778 780 ὀφθαλμῶν
1831 702 1975 758 ἐστέ-

321 808 508 862 ρηται,
546 790 581 856 ἣ
637 787 848 857 κυλλήν
908 784 1022 864 ἔχει
1083 792 1127 826 ³⁷
1182 792 1280 859 τὴν
1340 797 1521 866 χεῖρα,
1553 793 1588 861 ἣ
1638 791 1827 867 χωλὸν
1882 792 1973 847 τὸν

316 874 553 948 πόδα,ἣ
606 873 788 950 ἕτερόν
842 899 896 932 τι
948 880 1072 954 περὶ
1132 883 1310 952 σῶμα,
1358 880 1386 934 ὃ
1446 880 1788 959 ὑποστροφὴν
1842 880 1977 956 πρὸς

318 962 466 1019 ἴασιν
526 965 693 1022 πάλιν
740 967 841 1021 οὐκ
896 963 1035 1042 ἔχει,
1066 968 1155 1021 καὶ
1213 966 1411 1030 παντὸς
1463 969 1707 1043 ἱατρικοῦ
1737 972 1781 1006 ⁸⁸
1813 968 1977 1043 έπαγ-

317 1052 605 1128 γέλματος
666 1051 816 1117 ἐκτός
876 1055 1042 1124 ἐστιν,
1102 1057 1159 1111 ’όν
1220 1054 1345 1111 οὐδὲ
1414 1055 1738 1133 ἀστρολόγοι
1800 1058 1975 1113 ἰᾶσθαι

316 1140 775 1219 ἐπαγγέλλονται,
809 1143 893 1199 ὅτι
927 1146 1002 1217 μή
1035 1145 1140 1199 ἀπὸ
1164 1149 1259 1199 τοῦ
1303 1150 1512 1222 μακροῦ
1550 1146 1750 1209 αἰῶνος
1794 1151 1977 1201 τοιοῦ-

312 1232 416 1288 τόν
463 1254 516 1287 τι
546 1233 780 1309 γέγονεν’
810 1234 916 1311 ἐγὼ
950 1232 1008 1289 δὲ
1038 1238 1170 1290 Θεοῦ
1203 1231 1414 1305 δεηθεὶς
1455 1236 1555 1304 τήν
1607 1232 1744 1290 ἴασιν
1803 1233 1977 1311 παρά-

317 1341 449 1396 σχω
480 1323 545 1393 ³9,
581 1320 745 1377 ὁπότε
799 1321 858 1377 ἐκ
899 1321 1158 1398 γενέσεως
1200 1322 1531 1398 κατόρθωσιν
1564 1324 1626 1378 τὸ
1680 1328 1897 1379 τοιοῦτο
1933 1326 1978 1360 ⁸ο

320 1407 591 1467 οὗδέποτε
647 1406 833 1466 λαϐεῖν
892 1409 1157 1482 ἠδυνήθη
1206 1410 1398 1467 τούτου
1458 1412 1630 1475 οὕτως
1684 1415 1976 1489 γενομένου

319 1499 435 1574 οὐχ
464 1500 865 1573 ἁμαρτάνουσιν
895 1500 946 1555 οἱ
975 1500 1067 1555 τὸν
1114 1500 1287 1555 πάντα
1341 1498 1822 1578 δημιουργήσαντα
1852 1503 1977 1557 Θεὸν

322 1586 830 1667 βλασφημοῦντες
862 1589 962 1643 Καὶ
1011 1590 1039 1643 6
1095 1589 1269 1665 γέρων
1325 1589 1666 1665 ἀπεκρίνατο·
1717 1589 1975 1669 Βλασφη-

322 1684 447 1751 μεῖν
476 1679 584 1753 γάρ
620 1677 730 1733 ἐστι
758 1678 822 1732 τὸ
854 1676 1031 1745 λέγειν
1064 1677 1267 1752 γενέσει
1302 1680 1612 1734 ὑποκεῖσθαι
1643 1679 1712 1734 τά
1764 1680 1937 1734 πάντα
1956 1697 1978 1743 ;

312 1767 475 1841 κάγὼ
508 1768 907 1841 ἀπεκρινάμην·
944 1767 1041 1820 Καὶ
1072 1768 1231 1823 πάνυ.
1266 1766 1329 1821 Ei‘
1376 1769 1477 1843 γὰρ
1535 1774 1701 1822 πᾶσαι
1757 1769 1813 1821 αἱ
1867 1771 1974 1823 τῶν

2087 631 2287 669 eorum
2321 631 2446 686 quae
2470 615 2716 678 gesserit
2739 616 3034 687 percipiet.
3058 614 3489 671 Demonstratio
3511 619 3731 681 autem,

2088 720 2202 759 non
2228 719 2355 759 esse
2387 704 2649 775 genesin,
2683 704 2805 760 haec
2834 710 2944 759 est.
2988 705 3068 759 Ex
3112 704 3442 759 astantibus
3498 702 3547 757 si
3600 703 3736 773 quis

2089 793 2272 849 oculis
2302 793 2375 847 sit
2409 794 2669 861 orbatus,
2704 798 2805 848 aut
2835 793 3101 847 mutilam
3126 792 3337 847 habeat
3358 808 3623 862 manum,
3648 791 3735 847 vel

2087 882 2293 953 pedem
2328 881 2628 949 claudum,
2660 883 2747 937 vel
2783 883 2839 936 in
2873 897 3109 952 corpore
3132 880 3348 952 aliquid
3374 879 3556 950 aliud,
3581 881 3736 951 quod

2088 976 2145 1026 et
2174 972 2362 1025 redire
2394 972 2463 1025 ad
2497 971 2889 1041 integritatem
2925 986 3036 1024 non
3068 969 3278 1033 valeat,
3327 973 3384 1023 et
3431 969 3509 1023 sit
3559 985 3738 1040 supra

2087 1075 2319 1115 omnem
2353 1060 2641 1131 magicam
2673 1064 2856 1114 artem
2886 1077 2899 1114 :
2933 1075 3106 1129 quem
3136 1074 3326 1128 neque
3365 1056 3640 1129 astrologi
3674 1074 3737 1114 se

2087 1148 2472 1218 profiteantur
2498 1152 2827 1212 sanaturos,
2872 1145 3150 1218 quoniam
3202 1147 3275 1201 ab
3317 1146 3478 1201 omni
3524 1145 3734 1202 saeculo

2089 1235 2235 1291 nihil
2268 1236 2379 1291 tale
2408 1237 2689 1308 contigit:
2722 1253 2827 1307 ego
2860 1252 2991 1291 vero
3022 1235 3205 1291 Deum
3255 1238 3524 1307 precatus
3576 1236 3737 1290 sani-

2086 1330 2263 1381 tatem
2295 1327 2613 1398 praabuero,
2647 1325 3126 1397 quandoquidem
3159 1325 3214 1379 id
3248 1323 3583 1380 nullatenus
3634 1341 3734 1396 po-

2086 1415 2200 1470 tuit
2230 1432 2330 1486 per
2359 1414 2595 1487 genesin
2621 1414 2859 1485 corrigi:
2890 1413 2999 1469 hoc
3021 1413 3101 1469 ita
3127 1414 3296 1479 facto,
3325 1429 3517 1468 nonne
3540 1417 3737 1468 errant

2088 1503 2185 1576 qui
2221 1503 2276 1558 in
2304 1507 2647 1558 cunctorum
2673 1502 2937 1573 opificem
2969 1503 3145 1557 Deum
3170 1501 3477 1557 maledicta
3498 1506 3555 1556 et
3579 1500 3735 1557 blas-

2088 1591 2354 1664 phemiae
2385 1590 2748 1662 conjiciunt?
2779 1591 3099 1662 Respondit
3129 1607 3304 1645 senex
3334 1608 3347 1647 :
3379 1589 3622 1656 Scilicet,
3673 1590 3733 1645 id

2089 1686 2177 1735 est
2199 1680 2507 1735 maledicta
2535 1681 2816 1748 conferre,
2846 1680 3035 1734 dicere
3055 1680 3335 1750 geniturae
3371 1678 3582 1749 subjici
3610 1677 3734 1732 uni-

2085 1788 2253 1826 versa
2273 1772 2299 1825 ‘?
2322 1772 2525 1842 Excepi
2561 1788 2664 1842 ego
2691 1788 2703 1825 :
2736 1770 2985 1826 Omnino
3015 1776 3122 1825 est.
3157 1770 3303 1824 Nam
3335 1772 3385 1824 si
3407 1784 3609 1823 omnes
3631 1767 3733 1823 ho-

319 1856 634 1929 ἀνθρώπων
693 1856 950 1927 ἁμαρτίαι
1014 1855 1103 1910 καὶ
1161 1851 1396 1911 ἀσέϐειαι
1449 1857 1538 1911 καὶ
1596 1854 1865 1932 ἀσέλγειαι
1924 1855 1974 1928 ἐξ

2090 1859 2314 1915 minum
2362 1876 2586 1915 errores
2637 1864 2693 1915 et
2749 1858 3076 1930 impietates
3125 1864 3183 1915 et
3231 1856 3609 1929 impudicitiae
3665 1872 3734 1911 ex

316 1944 567 2019 ἀστέρων
618 1944 883 2019 γίνονται,
932 1945 984 1997 οὶ
1038 1941 1098 1999 δὲ
1152 1943 1367 2018 ἀστέρες
1422 1949 1589 2000 ταῦτα
1642 1950 1816 1999 ποιεῖν
1878 1944 1980 1999 ὑπὸ

320 2037 465 2087 Θεοῦ
524 2032 812 2107 έτάγησαν,
840 2030 931 2086 ’ίνα
986 2033 1199 2088 πάντων
1258 2031 1516 2108 χαλεπῶν
1571 2031 1982 2089 ἀποτελεστικοί

315 2122 616 2197 γένωνται,
648 2122 705 2175 αἱ
732 2122 946 2176 πάντων
980 2120 1238 2198 ἁμαρτίαι
1283 2122 1359 2184 εἷς
1408 2122 1568 2178 αὐτὸν
1603 2124 1977 2201 ἀναφέρονται,

315 2211 417 2267 τὸν
448 2212 551 2279 τὴν
583 2212 788 2285 γένεσιν
824 2210 979 2274 θέντα
1009 2210 1061 2264 ἐν
1090 2214 1207 2273 τοῖς
1244 2212 1481 2287 ἄστροις.

399 2301 496 2356 Vl.
533 2300 635 2356 Καὶ
667 2300 695 2353 ὁ
742 2299 918 2374 γέρων
969 2299 1312 2373 ἀπεκρίνατο*
1348 2299 1595 2370 Ἀληθῶς
1647 2298 1904 2375 μεγάλως
1934 2303 1977 2339 ⁴¹

318 2386 489 2466 ἔφης,
523 2386 669 2443 ἀλλὰ
695 2387 839 2461 πάσῃ
869 2409 964 2442 σου
995 2392 1144 2447 ³4η
1173 2393 1252 2443 τῶ
1276 2384 1652 2465 ἀπαραϐλήτῳ
1709 2386 1980 2460 ἀποδείξει

321 2477 504 2549 ἠέμὴ
567 2474 848 2549 ἐμποδίζει
908 2475 1236 2548 συνείδησις.
1282 2477 1422 2553 Ἐγὼ
1478 2478 1582 2554 γὰρ
1641 2476 1977 2553 ἀστρολόγος

322 2563 405 2621 ὣν
430 2566 524 2621 καὶ
552 2566 769 2639 Ῥώμην
799 2570 1017 2641 πρῶτον
1051 2565 1295 2636 οἰκήσας,
1329 2566 1443 2621 εἶτα
1470 2569 1516 2603 ⁸²
1547 2564 1830 2645 φιλιωθείς
1869 2588 1976 2622 τινι

320 2656 467 2729 πρὸς
498 2654 686 2729 γένους
718 2650 827 2709 ὄντι
863 2654 1150 2731 Καίσαρος,
1183 2654 1348 2709 αὐτοῦ
1376 2676 1436 2710 τε
1464 2655 1553 2710 καὶ
1584 2658 1683 2725 τῆς
1741 2650 1977 2729 συμϐίου

318 2744 424 2812 τήν
485 2740 688 2817 γένεσιν
747 2738 987 2819 ἀκριϐῶς
1043 2745 1089 2779 ⁸³
1137 2742 1481 2816 ἠπιστάμην,
1538 2743 1628 2799 καὶ
1685 2745 1977 2820 ἱστορήσας

320 2831 650 2895 ἀκολούθως
706 2832 801 2894 τὰς
891 2829 1110 2906 πράξεις
1176 2830 1619 2895 ἀποτελεσθείσας
1678 2830 1851 2887 αὐτῶν
1907 2836 1976 2908 τῇ

321 2922 535 2995 γενέσει
564 2916 708 2995 ἔργῳ
736 2923 802 2989 “,
832 2920 917 2975 σοὶ
968 2920 1118 2997 λόγῳ
1174 2919 1445 2985 πείθεσθαι
1494 2920 1557 2976 ού
1589 2918 1841 2995 δύναμαι.
1875 2924 1975 2980 Ἤν

323 3010 437 3085 γὰρ
469 3011 566 3078 τῆς
594 3009 852 3085 γενέσεως
886 3008 1052 3079 αὐτῆς
1078 3010 1141 3064 τὸ
1173 3006 1420 3083 διάθεμα,
1452 3015 1646 3066 ποιοῦν
1682 3008 1975 3087 μοιχάδας,

330 3096 491 3153 ἰδίων
536 3095 749 3153 δούλων
801 3097 1025 3174 ἐρώσας,
1070 3098 1160 3153 καὶ
1214 3098 1301 3153 ἐπὶ
1352 3099 1507 3170 ξένης
1556 3098 1608 3154 έν
1658 3098 1812 3155 ὕδασι
1858 3102 1979 3171 θνη-

326 3188 581 3248 σκούσας.
612 3190 675 3241 Ὃ
702 3188 791 3241 καὶ
831 3186 1004 3249 οὕτως
1032 3190 1075 3224 ⁴⁵
1103 3188 1342 3263 γέγονεν.
1376 3189 1685 3263 Ἐρασθεῖσα
1729 3189 1834 3264 γὰρ
1879 3193 1976 3245 τοῦ

327 3272 475 3329 ἰδίου
506 3273 728 3342 δούλου,
759 3274 848 3330 καὶ
884 3278 958 3348 μὴ
992 3257 1225 3353 φέρουσα
1252 3277 1343 3331 τὸν
1376 3257 1561 3353 ψὸγον,
1594 3257 1834 3355 φυγοῦσα
1880 3277 1972 3332 σὺν
2006 3257 2049 3323 C

323 3362 498 3436 αὐτῷ,
532 3364 583 3419 ἐν
613 3362 904 3438 ἀλλοδαπῇ
955 3366 1241 3440 ὁρμήσασα
1285 3365 1374 3419 καὶ
1427 3364 1615 3435 κοίτης
1661 3366 1807 3439 αὐτῷ
1857 3387 1974 3421 κοι-

319 3455 628 3523 νωνήσασα,
656 3453 791 3507 κατά
822 3450 1089 3508 θάλασσαν
1123 3456 1167 3489 ⁴⁸
1199 3451 1482 3530 διεφθάρη.

396 3543 520 3598 Vll.
558 3542 717 3617 Κάγὼ
775 3540 1177 3617 ἀπεκρινάμην·
1236 3543 1333 3597 Καὶ
1387 3547 1503 3605 πῶς
1560 3539 1662 3619 ἄρα
1711 3546 1756 3580 ⁴⁷
1810 3545 1975 3621 γινώ-

324 3651 475 3691 σκεις
504 3628 587 3685 ὅτι
616 3632 652 3699 ἡ
685 3634 927 3710 φυγοῦσα
959 3629 1011 3685 έν
1056 3627 1347 3704 ἀλλοδαπῇ
1398 3632 1661 3706 γενομένη
1705 3633 1796 3688 τὸν
1848 3630 1973 3689 δοῦ-

325 3718 426 3774 λον
476 3718 702 3794 ἔγημεν,
732 3719 821 3773 καὶ
868 3720 1095 3794 γήματα
1142 3722 1187 3757 ⁴⁸
1235 3718 1617 3792 έτελεύτησεν;
1657 3722 1760 3778 Καὶ
1809 3723 1838 3777 ὁ
1881 3722 1972 3798 γέ·

328 3827 461 3884 ρων
488 3809 777 3885 ’Δσφαλῶς
826 3806 948 3863 οἶδα
992 3806 1231 3881 τάληθῆ,
1266 3809 1375 3886 οὐχ
1422 3808 1505 3865 ὅτι
1554 3807 1778 3886 ἔγημεν,
1813 3812 1975 3868 ὁπότε

327 3895 443 3953 οὐδ’
473 3897 557 3953 ὅτι
586 3895 695 3970 ἤρα
725 3896 1036 3973 ἐγίνωσκον,
1070 3896 1216 3952 ἀλλά
1250 3900 1385 3971 μετά
1420 3900 1516 3968 την
1576 3900 1743 3969 αὐτῆς
1799 3899 1973 3956 ἀπαλ-

328 3987 506 4062 λαγὴν
538 3985 627 4041 καὶ
659 3988 704 4022 ‘9
738 3983 974 4063 ἀδελφὸς
1005 3987 1033 4040 ὁ
1058 3991 1154 4041 τοῦ
1184 3984 1377 4061 ἀνδρὸς
1418 3986 1584 4057 αὐτῆς
1614 3988 1740 4063 ἐμοὶ
1779 3986 1973 4067 διηγή-

326 4097 455 4131 σατο
507 4075 683 4130 πάντα
735 4076 804 4130 τὰ
856 4076 994 4130 κατά
1046 4077 1137 4130 τὸν
1199 4075 1367 4146 αὐτῆς
1425 4075 1622 4150 ἔρωτα,
1651 4077 1742 4133 καὶ
1793 4080 1839 4116 ⁸⁸
1894 4079 1971 4142 ὡς

324 4166 524 4239 σεμνὸς
569 4162 664 4236 ὢν,
695 4165 788 4220 ἅτε
826 4161 893 4233 δὴ
941 4164 1032 4219 καὶ
1075 4162 1331 4244 ἀδελφὸς,
1364 4164 1462 4220 οὐκ
1518 4161 1792 4237 ἐϐουλήθη
1846 4173 1970 4241 μιᾶ-

320 4274 406 4308 ναι
433 4255 535 4323 τὴν
566 4254 780 4324 κοίτην,
806 4253 895 4307 καὶ
925 4257 1048 4316 πῶς
1084 4253 1394 4329 βουλομένη
1427 4255 1516 4309 καὶ
1548 4253 1840 4329 αἰδουμένη
1874 4256 1967 4312 αὐ-

318 4344 410 4397 τὸν
431 4341 521 4397 καὶ
542 4342 635 4398 τὸν
653 4342 823 4417 ψόγον
846 4345 882 4413 ἡ
905 4341 1134 4398 τάλαινα
1154 4342 1277 4417 (οὐκ
1302 4340 1409 4397 ἔστι
1434 4345 1536 4420 γὰρ
1565 4344 1729 4413 αὐτὴν
1757 4345 1971 4421 μέμψα-

321 4433 464 4503 σθαι,
497 4431 581 4486 ὅτι
616 4431 676 4486 ἐκ
702 4431 962 4505 γενέσεως
1014 4435 1181 4486 ταῦτα
1234 4437 1407 4487 ποιεῖν
1437 4453 1496 4487 τε
1526 4435 1569 4469 ⁸³
1595 4434 1686 4488 καὶ
1742 4434 1971 4510 πάσχειν

318 4522 651 4597 ἠναγκάζετο
672 4523 740 4591 ³⁸)
770 4515 978 4596 ὄνειρον
1010 4518 1115 4575 εἷ’τε
1146 4518 1326 4590 ἀληθῆ
1361 4517 1464 4576 εἴτε
1494 4520 1668 4595 ψευδῆ
1698 4521 1968 4579 ἐπλάσατο

2090 1948 2275 2004 stellis
2306 1948 2595 2017 oriuntur,
2630 1947 2807 2004 stella
2840 1952 3032 2003 autem
3066 1948 3138 2003 ad
3170 1964 3238 2003 ea
3271 1947 3533 2002 facienda
3562 1962 3594 2000 a
3616 1944 3732 2000 Deo

2090 2038 2420 2095 constituta:
2452 2042 2609 2105 sunt,
2646 2054 2761 2110 quo
2820 2042 3163 2092 cunctorum
3211 2034 3566 2107 ﬂagitiorum
3615 2034 3735 2088 sint

2091 2128 2432 2194 effectrices,
2454 2126 2719 2181 omnium
2746 2129 2979 2197 peccata
3003 2124 3074 2180 ad
3100 2140 3235 2180 eum
3257 2122 3606 2191 referuntur,
3631 2120 3733 2194 qui

2089 2217 2149 2271 in
2180 2215 2352 2271 astris
2384 2216 2645 2288 posuerit
2673 2214 2935 2286 genesin.

2160 2307 2251 2361 VI.
2283 2307 2349 2361 Et
2381 2321 2556 2361 senex
2586 2303 2922 2375 respondit:
2958 2302 3288 2358 Admodum
3325 2317 3455 2357 vere
3497 2300 3731 2357 locutus

2088 2395 2320 2461 es;sed
2361 2393 2520 2450 omni
2568 2397 2684 2449 ture
2729 2391 3173 2465 incomparabili
3224 2390 3554 2465 probationi
3601 2406 3733 2445 mea

2088 2485 2283 2540 obstat
2313 2482 2687 2539 conscientia.
2722 2483 2840 2554 Ego
2870 2482 3049 2550 enim,
3083 2481 3182 2552 qui
3213 2482 3541 2552 astrologus
3572 2496 3728 2549 sum,

2087 2576 2146 2628 et
2175 2577 2370 2628 Romae
2400 2570 2656 2643 primum
2690 2571 2963 2637 babitavi,
3015 2571 3241 2627 amicus
3288 2574 3492 2641 postea
3538 2569 3727 2625 factus

2087 2662 2396 2732 cujusdam
2428 2661 2530 2733 qui
2560 2664 2683 2716 erat
2725 2677 2793 2715 ex
2835 2676 3045 2733 genere
3094 2658 3360 2726 Caesaris,
3409 2657 3516 2714 viri
3568 2655 3728 2714 illius

2087 2750 2403 2822 uxorisque
2430 2750 2558 2821 ejus
2591 2749 2920 2821 genituram
2953 2752 3221 2803 accurate
3253 2751 3449 2803 notam
3504 2745 3725 2818 habui;

2087 2854 2340 2911 cumque
2368 2838 2613 2895 viderim
2648 2854 2760 2908 res,
2794 2841 2965 2910 prout
2992 2836 3210 2893 ferebat
3246 2852 3445 2892 eorum
3474 2833 3725 2908 genesis,

2087 2945 2284 2984 revera
2313 2927 2597 2999 evenisse,
2631 2943 2899 2983 sermone
2920 2944 2954 2983 a
2981 2932 3035 2982 te
3088 2941 3315 2997 nequeo
3366 2923 3724 2997 persuaderi.

2087 3016 2351 3072 Habebat
2380 3016 2536 3071 enim
2571 3016 2781 3071 mulier
2810 3015 2983 3071 talem
3017 3014 3542 3081 constellationem,
3599 3028 3726 3084 quas

2087 3105 2384 3161 adulteras
2416 3105 2573 3173 facit,
2597 3110 2653 3160 et
2677 3121 2875 3161 servos
2907 3103 3174 3177 proprios
3205 3118 3421 3171 amare,
3455 3103 3516 3157 in
3565 3117 3727 3174 pere-

2087 3194 2414 3267 grinatione
2443 3200 2498 3249 et
2522 3195 2578 3249 in
2609 3195 2777 3265 aquis
2806 3193 3075 3265 defungi:
3110 3193 3263 3264 quod
3295 3196 3352 3247 et
3380 3192 3462 3247 ita
3506 3189 3730 3247 factum

2089 3288 2198 3338 est.
2232 3283 2441 3338 Incidit
2470 3299 2724 3353 namque
2753 3282 2810 3336 in
2844 3297 3101 3336 amorem
3128 3281 3278 3336 servi
3300 3281 3412 3347 sui,
3436 3282 3492 3335 et
3526 3295 3731 3350 oppro-

2086 3372 2279 3427 brium
2314 3389 2426 3426 non
2453 3374 2641 3426 ferens
2674 3370 2820 3442 fugit
2850 3386 2985 3424 cum
3017 3370 3144 3440 ipso
3167 3412 3179 3436 ,
3214 3386 3281 3425 ac
3330 3386 3565 3442 peregre
3595 3385 3729 3441 pro-

2085 3461 2253 3527 fecta,
2280 3460 2482 3531 illique
2504 3459 2832 3529 commista,
2866 3458 3037 3530 periit
3069 3460 3125 3513 in
3160 3458 3326 3513 mari.

2155 3549 2278 3606 VII.
2311 3549 2381 3603 Et
2409 3564 2514 3619 ego
2547 3546 2819 3617 respondi
2868 3564 2881 3602 ε
2916 3546 3079 3603 Unde
3138 3546 3318 3620 igitur
3374 3547 3512 3615 scis,
3565 3547 3720 3620 quod

2085 3637 2185 3693 illa
2215 3637 2464 3711 fugiens,
2499 3636 2558 3691 in
2578 3635 2766 3692 alieno
2791 3635 2913 3691 solo
2947 3636 3157 3707 posita,
3222 3652 3387 3691 servo
3438 3636 3725 3709 nupserit,

2084 3730 2142 3783 et
2171 3731 2301 3798 post
2331 3726 2567 3797 nuptias
2601 3725 2776 3781 fuerit
2804 3725 3121 3780 defuncta?
3152 3726 3218 3780 Et
3259 3741 3468 3781 senex:
3523 3725 3731 3782 Certis-

2084 3816 2254 3883 sime,
2288 3816 2499 3887 inquit,
2531 3815 2674 3882 scio,
2706 3829 2901 3869 revera
2930 3830 3043 3869 non
3072 3816 3224 3886 quod
3256 3813 3520 3886 nupserit
3540 3830 3727 3879 servo,

2084 3905 2563 3978 quandoquidem
2597 3920 2783 3975 neque
2816 3903 2970 3975 quod
3002 3920 3135 3959 eum
3186 3908 3427 3971 amaret,
3477 3919 3730 3975 agnove-

2083 4012 2245 4062 ram;
2281 3995 2380 4049 sed
2414 3998 2725 4066 postquam
2760 3994 3019 4064 proiecta
3060 3997 3167 4058 est,
3195 3992 3368 4047 etiam
3400 3991 3577 4048 frater
3623 3991 3730 4047 viri

2082 4085 2209 4155 ejus
2244 4083 2385 4138 mihi
2419 4081 2713 4139 enarravit
2736 4098 2967 4137 omnem
3014 4080 3174 4136 illius
3225 4097 3523 4149 amorem;
3572 4082 3727 4154 quod

2080 4173 2226 4245 ipse,
2260 4172 2361 4243 qui
2392 4171 2676 4227 honestus
2703 4175 2846 4237 erat,
2879 4174 3077 4241 utpote
3107 4170 3303 4239 frater,
3351 4168 3600 4226 noluerit
3646 4175 3731 4228 to-

2082 4278 2212 4317 rum
2236 4260 2550 4329 maculare,
2586 4264 2641 4315 et
2670 4275 2784 4332 quo
2812 4260 2984 4315 modo
3018 4258 3240 4326 volens,
3290 4275 3354 4315 ac
3404 4260 3599 4332 ipsum
3649 4265 3727 4316 at-

2082 4366 2195 4423 que
2225 4349 2603 4422 opprobrium
2636 4350 2818 4403 verita
2846 4347 2945 4403 illa
2976 4347 3176 4403 infelix
3207 4349 3415 4421 (neque
3446 4350 3599 4405 enim
3622 4350 3729 4405 im-

2081 4441 2407 4512 putandum
2442 4439 2491 4494 ei
2523 4442 2632 4505 est,
2666 4437 2803 4510 quia
2832 4454 2959 4493 eam
3010 4438 3242 4511 genesis
3292 4438 3479 4493 facere
3528 4437 3627 4493 illa
3669 4444 3728 4495 et

2080 4527 2301 4601 perpeti
2334 4527 2639 4599 compulit)
2672 4526 2900 4582 ﬁnxerit
2956 4527 3274 4594 somnium,
3325 4542 3604 4583 verumne
3652 4544 3724 4582 an

320 4609 421 4664 οὐκ
475 4607 592 4685 ἔχω
654 4607 853 4685 λέγειν.
888 4606 1083 4685 Ἔλεγε
1135 4610 1237 4685 γὰρ
1292 4609 1459 4677 αὐτὴν
1493 4613 1647 4669 302
1679 4612 1968 4688 εἰρηκέναι·

2088 4617 2318 4683 falsum,
2351 4634 2467 4673 non
2497 4616 2681 4672 habeo
2711 4616 2920 4671 dicere.
2955 4616 3162 4671 Aiebat
3191 4615 3483 4687 siquidem
3534 4615 3723 4687 ipsam

314 4704 403 4760 Ὠς
433 4699 517 4753 ὅτι
553 4697 605 4753 έν
641 4699 876 4775 ὁράματι
906 4697 1125 4759 ἐπιστὰς
1170 4718 1255 4760 τις
1302 4694 1552 4755 ἐκέλευσέ
1602 4721 1695 4772 μοι
1743 4697 1863 4776 ᾔμα
1888 4703 1973 4759 τέ-

318 4808 471 4849 κνοις
520 4786 744 4859 ἐξαυτῆς
795 4788 897 4856 τὴν
952 4785 1238 4859 Ῥωμαίων
1297 4782 1519 4857 ἐκϐῆναι
1575 4788 1761 4848 πόλιν.
1794 4793 1855 4849 Ὁ
1911 4790 1969 4847 δὲ

316 4876 458 4953 ἀνὴρ
500 4876 763 4945 σώζεσθαι
796 4875 960 4945 αὐτὴν
993 4876 1084 4930 σὺν
1114 4881 1231 4937 τοῖς
1280 4876 1422 4938 υἱοῖς
1478 4875 1721 4934 σπεύδων
1778 4879 1971 4937 αὐτίκα

316 4966 516 5027 αὐτοὺς
541 4962 1078 5039 παιδευθησομένους
1107 4968 1155 5002 ⁸⁴
1176 4966 1253 5028 εἰς
1292 4964 1388 5028 τὰς
1428 4966 1660 5037 Ἀθήνας
1706 4966 1969 5044 ἐξέπεμψε

320 5055 413 5109 σὺν
444 5059 515 5129 τῇ
576 5053 745 5130 μητρὶ
802 5053 893 5109 καὶ
953 5050 1196 5124 δούλοις,
1225 5053 1406 5130 τρίτον
1437 5050 1495 5110 δὲ
1542 5056 1799 5131 νεώτερον
1850 5059 1964 5115 υἱὸν

2082 4706 2326 4762 dixisse:
2366 4705 2561 4761 Astitit
2591 4705 2733 4759 mihi
2765 4704 3005 4776 quidam
3036 4721 3141 4777 per
3174 4704 3369 4759 visum
3415 4705 3515 4775 qui
3539 4704 3723 4774 jussit

2080 4812 2174 4851 me
2199 4811 2334 4851 cum
2366 4793 2566 4849 liberis
2597 4795 2723 4849 sine
2754 4811 2918 4849 mora
2951 4795 3089 4849 urbe
3106 4798 3291 4849 Roma
3307 4793 3614 4865 egredi.At
3637 4810 3724 4848 vir

2078 4903 2181 4958 pro
2207 4884 2395 4941 salute
2424 4884 2551 4954 ejus
2583 4882 2953 4955 ﬁliorumque
2982 4882 3270 4939 sollicitus
3294 4881 3598 4938 confestim
3622 4898 3721 4938 eos

2077 4973 2429 5030 erudiendos
2466 4972 2723 5028 Athenas
2780 4971 2941 5027 misit
2987 4988 3122 5027 cum
3173 4976 3358 5028 matre
3405 4975 3463 5027 et
3506 4971 3715 5027 servis:

2076 5062 2303 5118 habens
2330 5078 2462 5117 vero
2492 5060 2729 5117 tertium
2764 5060 2973 5132 filium,
3016 5060 3117 5132 qui
3168 5064 3291 5116 erat
3331 5060 3553 5132 junior,
3604 5060 3716 5117 sibi

1698 5181 1943 5242 VARIIE
1980 5186 2393 5245 LECTIONES.

384 5286 429 5321 ⁸⁷
458 5279 576 5374 ἔχει
632 5286 859 5374 adﬁciunt
911 5287 1056 5357 Epit.
1089 5289 1161 5374 et,
1203 5286 1330 5344 cod.
1389 5286 1550 5374 Reg;
1589 5288 1733 5374 89‘4.‘
1763 5290 1917 5374 .In‘O
1947 5296 2083 5374 est;
2112 5293 2146 5361 ἦ
2174 5288 2739 5374 κυλλήνλτήνηχεῖρα.
2769 5286 2912 5374 ἔχοι,
2987 5287 3204 5374 εξιίᾶται
3375 5290 3421 5326 ³⁹
3448 5292 3715 5374 παρασχῶ

313 5357 379 5427 C,
411 5355 627 5433 παρέξω
685 5358 847 5433 ἕνα,
888 5355 1245 5433 ’παρασχήσω
1267 5355 1574 5433 Δ(ιοῐλῇξδ.
1636 5359 1896 5433 Subinde
1954 5355 2203 5418 ὁπότέὸ
2264 5360 2324 5433 έκ

1575 5428 1988 5508 φιλωθείς-Οη,
2028 5436 2074 5470 ⁸³
2129 5428 2366 5508 ἀκριϐᾣς
2420 5431 2609 5508 recepi
2668 5449 2737 5487 ex
2792 5435 2897 5508 Ἀ
2932 5433 2985 5508 ⁴ξ
3024 5428 3340 5508 ἀκολούθως
3390 5437 3459 5508 τῇ
3510 5433 3712 5508 γενέσει

310 5446 364 5486 c.
425 5427 501 5483 0.’
561 5429 609 5463 "
663 5427 777 5482 εἶτα
832 5427 994 5485 δάἀξ
1029 5427 1198 5484 ο.”Ο.
1261 5427 1522 5485 Subinde

2377 5366 2442 5419 Ο.
2476 5357 2481 5359 ⁷
2516 5357 2839 5436 ω’ἶεοίοῦτόῇ
2867 5362 2973 5436 O.__
3009 5362 3051 5436 ‘f
3107 5357 3359 5436 μεγᾴλως
3416 5357 3715 5436 omiserim

310 5498 491 5554 αὐτῶν
531 5499 638 5594 ’τὰς
694 5496 1415 5594 πράξεᾏςήἀποτελξσθείσας
1476 5496 1618 5575 ἔργῲ
1674 5507 1777 5593 C.‘
1824 5505 1869 5540 ’⁸⁵
1926 5503 2070 5559 οὕτω
2127 5496 2208 5562 (λ’
2264 5506 2308 5541 ⁴⁶
2336 5496 2719 5594 κοινωνήσασα
2766 5500 2930 5594 attigi,
2965 5502 3204 5577 θαλάσσῃ
3322 5496 3534 5594 κρίτης’
3569 5505 3715 5577 αὐτῷ

559 5589 685 5594 μη,
742 5589 771 5594 η
908 5589 933 5594 _
981 5590 1134 5594 A_______
1408 5575 1517 5594 -ν,
1577 5590 1606 5594 _
1693 5593 1717 5594 η
1884 5579 1911 5589 -
2000 5576 2021 5593 ν
2127 5578 2168 5594 τι
2274 5578 2312 5594 ι.
2955 5578 2990 5594 η
3090 5577 3133 5594 ,η
3407 5582 3444 5594 Α
3544 5579 3583 5594 ι.
3697 5576 3710 5594 ι

306 5566 1135 5653 κοινωγξήσασα,¹ξι.;θάλασσαν
1304 5574 1344 5653 ξτ
1402 5566 1518 5633 πῶς
1690 5572 1778 5653 καὶ
1838 5579 1955 5639 πῶς
1993 5576 2096 5652 ἄρα
2126 5578 2194 5635 D.
2270 5578 2313 5611 ⁸⁸
2356 5566 2647 5651 γημάσάσα
2678 5575 2742 5632 0.
2820 5566 2928 5627 "'6'
2954 5578 3012 5632 Ο.
3089 5577 3133 5612 ⁵ο
3161 5566 3253 5629 καί
3282 5576 3371 5630 καί
3403 5566 3507 5633 Οίί
3544 5579 3586 5614 ⁵¹
3620 5566 3710 5630 καί

309 5642 357 5700 0
390 5657 435 5698 c.
480 5642 626 5723 Εξρίι.
660 5641 777 5723 ξε.
810 5641 958 5697 Tum
1017 5643 1204 5714 recepi
1262 5643 1361 5712 τήν
1422 5660 1492 5701 ex
1544 5641 1609 5715 σ,
1643 5644 1742 5717 qui
1799 5663 1913 5704 sor.
1978 5641 2185 5721 μίάναι.
2263 5648 2309 5684 ⁸³
2333 5641 2394 5701 τε
2416 5641 2574 5704 ⁷ὲιίίίί.
2608 5663 2657 5703 c.
2689 5646 2755 5704 0.
2830 5647 2876 5684 ⁸³
2901 5646 3253 5723 ἠναγκάζετο,
3285 5654 3349 5705 Ο.
3426 5650 3471 5686 ⁵⁸
3496 5646 3713 5704 παιδευ-

312 5723 383 5783 θη
392 5711 620 5785 σομένας
658 5711 723 5769 Ο.
