4140 6344
475 406 591 466 351

1310 418 1375 478 S.
1423 420 1867 485 CLEMENTIS
1912 423 1937 484 Ι
1984 424 2175 486 HOM.
2222 424 2453 487 PONT.
2498 424 2760 487 OPERA
2808 424 3072 489 DUBIA.

3775 422 3901 484 352

2878 553 2908 565 υ

479 552 613 594 eum
648 539 924 611 retinuit;
958 543 1008 600 is
1037 546 1215 616 enim,
1248 549 1348 619 qui
1380 567 1659 623 responsa
1690 553 1748 608 in
1780 554 2002 610 somnis
2025 555 2118 609 de-

2232 568 2378 629 ἔχων
2413 553 2540 629 ἔσχε
2568 559 2691 631 παρ(
2742 553 2915 627 ἑαυτῷ
2963 558 3028 625 ⁵⁵,
3057 554 3131 616 ὡς
3184 551 3249 623 δὴ
3294 556 3393 608 τοῦ
3448 552 3902 629 χρηματίσαντος

479 628 671 695 derat,
705 647 837 685 cum
872 649 937 687 eo
970 651 1206 692 manere
1238 637 1400 693 illum
1441 643 1805 711 permiserat.
1853 646 2135 699 Caeterum

485 717 673 773 multo
694 718 890 791 elapso
922 726 1181 795 tempore
1215 726 1287 782 ab
1321 743 1388 782 ea
1436 727 1659 786 litteras
1715 749 1830 787 non
1876 733 2132 805 accepit;

479 824 730 877 cumque
761 827 913 882 saepe
942 813 1207 870 Athenas
1236 817 1518 882 misisset,
1555 827 1862 893 assumpto
1895 838 2005 890 me,
2032 822 2131 894 qui

481 897 531 951 ei
565 898 826 953 omnium
862 917 1050 957 essem
1111 906 1631 975 conjunctissimus
1672 927 1738 965 ac
1784 911 2129 981 ﬁdissimus,

480 987 551 1041 ad
585 1004 711 1042 eam
745 992 1115 1060 quaerendam
1151 996 1445 1064 profectus
1481 1002 1589 1052 est.
1623 999 1834 1054 Multos
1856 1000 2127 1072 equidem

477 1091 611 1129 cum
645 1075 772 1147 ipso
805 1078 860 1131 in
897 1082 1359 1152 peregrinatione
1410 1084 1640 1141 labores
1682 1087 1950 1143 alacriter
1998 1090 2125 1153 tuli,

477 1179 700 1220 memor
730 1167 885 1236 quod
916 1167 973 1222 in
1008 1170 1199 1240 prisea
1242 1188 1350 1227 sua
1398 1173 1670 1230 felicitate
1718 1192 1811 1232 me
1861 1178 2124 1233 omnium

475 1251 779 1309 habuisset
808 1255 1055 1323 socium,
1088 1275 1155 1313 ac
1186 1276 1365 1332 supra
1395 1278 1599 1319 omnes
1629 1265 1849 1321 amicos
1891 1266 2126 1323 dilexis-

473 1345 579 1396 set.
615 1344 816 1414 Itaque
848 1345 1034 1401 Roma
1079 1347 1382 1416 solvimus,
1434 1351 1635 1423 sicque
1683 1355 1743 1408 in
1790 1353 1895 1410 has
1948 1355 2126 1428 Syriae

474 1435 669 1501 partes
701 1433 1044 1491 devenimus
1073 1441 1129 1491 et
1160 1438 1500 1511 appulimus
1528 1442 1599 1496 ad
1632 1442 1980 1500 Seleuciam.
2026 1450 2125 1500 At-

476 1535 591 1591 que
620 1519 700 1575 ita
729 1537 759 1576 e
787 1524 918 1578 navi
944 1526 1196 1596 egressis
1228 1528 1419 1599 nobis,
1452 1529 1547 1585 ille
1580 1547 1690 1586 non
1736 1530 1953 1587 multos
1998 1537 2129 1604 post

478 1607 602 1663 dies
637 1626 749 1680 prae
771 1612 951 1666 animi
975 1613 1172 1669 dolore
1195 1616 1358 1687 obiit,
1376 1633 1479 1689 ego
1503 1624 1698 1674 autem
1726 1620 1837 1675 buc
1866 1621 2124 1692 veniens,

478 1696 694 1753 victum
727 1700 797 1754 ab
828 1717 893 1756 eo
925 1704 1186 1775 tempore
1218 1706 1288 1760 ad
1323 1705 1480 1762 hunc
1508 1724 1697 1781 usque
1730 1710 1883 1765 diem
1932 1711 2124 1766 mani-

476 1784 590 1841 bus
620 1803 912 1860 comparo.

545 1964 688 2020 VlII.
725 1966 824 2022 His
857 1986 890 2023 a
920 1986 1056 2026 sene
1090 1972 1266 2028 dictis
1288 1974 1545 2032 intellexi
1575 1994 1643 2033 ex
1672 1978 1932 2035 oratiane
1971 1980 2121 2050 ejus,

478 2068 699 2123 senem,
734 2072 906 2127 quem
940 2059 1157 2116 obiisse
1177 2062 1417 2132 dixerat,
1450 2064 1616 2120 illum
1649 2066 1845 2138 ipsum
1878 2084 2005 2123 esse
2028 2085 2125 2139 pa-

476 2143 631 2197 trem
663 2149 940 2201 vestrum.
971 2147 1140 2203 Nolui
1189 2166 1324 2224 ergo
1374 2154 1445 2209 de
1502 2155 1707 2211 vestris
1754 2157 1928 2211 rebus
1986 2173 2120 2212 cum

477 2244 544 2283 eo
576 2246 901 2289 sermonem
926 2237 1206 2305 conferre,
1241 2240 1422 2297 donec
1450 2244 1980 2301 communicassem
2031 2261 2123 2301 v0-

476 2316 727 2375 biscum.
760 2322 882 2377 Nisi
916 2328 1071 2395 quod
1106 2328 1202 2383 ubi
1233 2328 1551 2402 bosPitium
1584 2334 1712 2404 ejus
1758 2334 2119 2403 didicissem,

479 2424 794 2481 meumque
823 2411 1197 2483 iudicassem,
1230 2419 1563 2490 explorandi
1595 2439 1789 2490 causa,
1823 2422 1932 2478 hoc
1986 2427 2120 2479 tan-

475 2499 602 2552 tum
634 2506 1013 2570 percontatus
1045 2521 1197 2574 sum,
1231 2509 1385 2578 quod
1417 2516 1570 2565 esset
1591 2510 1715 2566 seni
1740 2527 1949 2567 nomen
1972 2511 1998 2566 ?
2023 2511 2119 2567 ille

475 2591 690 2658 autem,
726 2590 995 2659 Faustus,
1031 2594 1256 2666 inquit;
1292 2597 1430 2652 item
1454 2599 1609 2669 quod
1634 2615 1847 2670 nomen
1869 2600 2119 2671 geminis

476 2674 615 2732 ﬁliis
635 2676 663 2730 ?
694 2676 787 2733 ille
818 2696 949 2736 vero
980 2685 1299 2754 respondit,
1335 2687 1649 2743 Faustinus
1679 2693 1739 2744 et
1789 2689 2118 2745 Faustinia-
2156 2736 2173 2749 .

472 2778 623 2832 nus;
656 2771 715 2820 et
743 2769 1040 2838 quodnam
1090 2773 1261 2829 tertio
1313 2774 1475 2831 ﬁlio?
1520 2780 1591 2831 At
1639 2776 1735 2833 ille
1775 2778 1941 2846 dixit,
1993 2778 2116 2834 Cle-

472 2867 678 2921 mens;
710 2856 961 2928 denique
992 2876 1107 2931 quo
1138 2863 1373 2919 nomine
1403 2871 1703 2921 vocaretur
1748 2884 1949 2922 eorum
2000 2883 2115 2922 ma-

472 2941 607 2996 ter?
635 2948 693 2998 et
724 2946 827 3013 ait,
858 2949 1141 3005 Mattidia.
1176 2952 1292 3023 Ego
1323 2952 1504 3024 igitur
1524 2970 1592 3009 ex
1610 2956 1981 3012 miseratione
2002 2956 2114 3011 col-

473 3029 827 3105 lacrymans,
856 3036 1105 3093 dimissa
1136 3041 1327 3107 turba,
1361 3042 1489 3096 veni
1520 3044 1588 3097 ad
1614 3061 1736 3111 vos,
1762 3049 1824 3100 ut
1847 3050 1978 3117 post
2000 3044 2111 3100 cibi

471 3135 841 3177 communem
872 3126 1299 3198 perceptionem
1332 3130 1452 3185 haec
1494 3132 1794 3187 vobiscum
1850 3149 2112 3188 commu-

468 3209 744 3265 nicarem.
768 3212 943 3269 Porro
962 3220 1095 3271 ante
1120 3216 1315 3272 cibum
1339 3226 1643 3291 sumptum
1670 3220 1825 3277 nolui
1853 3238 2107 3288 narrare,

2245 644 2361 697 κατ’
2404 638 2531 719 ὅναρ
2590 649 2822 699 συνεῖναι
2873 643 3029 698 αὐτὸν
3081 642 3226 715 αὐτῷ
3285 643 3698 717 ἐπιτρέψαντος.
3751 641 3903 697 11ολ-

2246 728 2347 785 λοῦ
2380 729 2437 786 δὲ
2466 732 2670 808 χρόνου
2718 732 3025 795 διελθόντος
3075 731 3173 786 οὐκ
3219 726 3383 786 ἔλαϐε
3426 732 3722 806 γράμματα
3768 731 3902 804 παρ’

2243 820 2432 890 αὐτῆς.
2464 822 2633 884 Αὐτὸς
2662 820 2933 884 πολλάκις
2980 822 3199 894 πέμψας
3250 819 3325 882 εἷς
3356 822 3611 891 Ἀθήνας,
3646 818 3741 892 ἐμὲ
3786 840 3895 873 πα-

2244 905 2501 985 ραλαϐὼν
2563 910 2638 972 ὡς
2696 910 2906 965 πάντων
2971 910 3117 981 αὐτῷ
3179 910 3541 985 γνησιώτερον
3613 904 3756 977 ὄντα,
3807 907 3900 962 ἐπὶ

2237 999 2336 1067 τήν
2374 1001 2598 1070 ζήτησιν
2634 998 2800 1068 αὐτῆς
2831 1002 2874 1036 ⁵⁸
2907 998 3194 1075 ἐπορεύθη.
3228 995 3422 1052 Πολλά
3470 996 3562 1070 μὲν
3609 994 3699 1051 οὖν
3749 996 3901 1068 αὐτῷ

2238 1087 2328 1142 καὶ
2378 1089 2513 1143 κατά
2563 1089 2662 1156 την
2723 1085 3034 1160 ἀποδημίαν
3096 1086 3424 1159 συνέκαμνον
3474 1087 3518 1121 ⁸⁷
3571 1084 3896 1161 προθύμως,

2244 1176 2596 1250 μεμνημένος
2627 1175 2711 1231 ὅτι
2740 1184 2840 1245 τῆς
2871 1175 3042 1231 πάλαι
3085 1175 3247 1230 αὐτοῦ
3271 1172 3617 1247 εὐδαιμονίας
3636 1172 3893 1229 κοινωνόν

2241 1287 2308 1339 με
2340 1267 2554 1321 πάντων
2588 1266 2758 1341 εἶχεν,
2794 1266 2924 1339 ὑπὲρ
2972 1266 3174 1327 πάντας
3206 1263 3370 1318 αἶ)τοῦ
3405 1285 3469 1336 με
3516 1262 3643 1325 τοὺς
3692 1260 3894 1340 φίλους

2238 1355 2461 1430 ἀγαπῶν
2489 1357 2554 1411 ⁸³,
2589 1356 2691 1411 Καὶ
2741 1352 2806 1423 δὴ
2858 1352 3270 1426 ἀπεπλεύσαμεν
3316 1352 3479 1421 αὐτῆς
3526 1352 3769 1424 Ῥώμης,
3798 1349 3895 1405 καὶ

2237 1443 2411 1505 οὕτως
2443 1444 2519 1506 εἰς
2548 1442 2615 1497 τά
2644 1442 2869 1498 ἐνταῦθα
2909 1450 3006 1512 τῆς
3059 1440 3257 1517 Συρίας
3310 1440 3603 1516 ἐγενόμεθα
3652 1440 3789 1513 μέρη
3821 1442 3890 1510 ⁵9,

2236 1532 2325 1587 καὶ
2359 1532 2432 1594 εἷς
2466 1531 2783 1588 Σελεύκειαν
2816 1526 3198 1607 παρεϐάλομεν
3246 1532 3311 1602 ⁵ο,
3341 1528 3431 1583 καὶ
3480 1527 3655 1591 οὕτως
3700 1523 3892 1583 ἐκϐάν-

2234 1642 2342 1676 των
2380 1623 2537 1695 ἡμῶν
2570 1625 2667 1676 τοῦ
2693 1620 2895 1675 πλοίου
2930 1620 3043 1693 μετ’
3075 1619 3136 1674 οὐ
3169 1616 3383 1679 πολλάς
3417 1619 3626 1694 ἡμέρας
3682 1618 3890 1679 ἐκεῖνος

2240 1711 2333 1783 μὲν
2365 1713 2409 1747 ⁶¹
2450 1711 2668 1783 ἀθυμῶν
2703 1706 3068 1779 ἐτελεύτησεν.
3104 1709 3246 1782 Ἐγὼ
3297 1704 3355 1761 δὲ
3410 1705 3636 1770 ἐνταῦθα
3691 1704 3887 1777 ἐλθὼν,

2232 1799 2330 1861 τὰς
2362 1796 2450 1853 διὰ
2472 1803 2577 1853 τῶν
2610 1802 2811 1874 χειρῶν
2838 1798 3044 1873 τροφὰς
3090 1794 3275 1850 ἔκτοτε
3319 1795 3409 1851 καὶ
3459 1795 3534 1857 είς
3579 1792 3735 1871 δεῦρο
3783 1815 3887 1850 πο-

2150 1922 2197 1987 Β
2236 1888 2455 1987 ρίζομαι
2486 1890 2553 1944 ⁵³.

2303 1980 2455 2035 VIII.
2488 1981 2663 2031 Ταῦτα
2690 1981 2789 2031 τοῦ
2827 1976 3083 2052 γέροντος
3137 1973 3403 2045 εἰπόντος,
3434 1969 3653 2027 σύνοιδα
3676 1975 3742 2041 ⁸³,
3776 1971 3882 2044 ὅτι,

2230 2068 2289 2122 ’ὀν
2346 2062 2529 2142 ἔλεγεν
2583 2064 2809 2142 γέροντα
2853 2064 3097 2119 τεθνάναι
3128 2067 3192 2136 ⁶⁴,
3227 2064 3382 2125 οὗτος
3414 2062 3573 2124 αὐτὸς
3604 2063 3690 2131 ἦν,
3723 2060 3772 2134 ἐξ
3804 2063 3879 2117 ὦν

2232 2153 2434 2232 ἔλεγεν,
2469 2156 2497 2210 6
2526 2156 2706 2230 πατὴρ
2738 2156 2765 2209 6
2799 2154 3076 2227 ὑμέτερος.
3110 2152 3219 2207 Οὐκ
3266 2147 3570 2222 ἐϐουλήθην
3621 2148 3712 2206 οὖν
3744 2153 3788 2186 ⁸⁵
3814 2150 3881 2205 τὸ

2229 2246 2344 2299 καθ’
2378 2244 2515 2317 ὑμᾶς
2549 2241 2695 2315 αύτῷ
2729 2238 3158 2315 συναντιϐαλεῖν,
3192 2242 3386 2317 μέχρις
3420 2241 3479 2294 ἂν
3531 2240 3655 2313 ὑμῖν
3707 2260 3877 2315 προσ-

2229 2332 2533 2406 ανάθωμαι.
2569 2336 2721 2390 303
2758 2329 2908 2400 Πλὴν
2940 2330 3007 2385 τά
3033 2331 3169 2385 κατὰ
3209 2331 3307 2399 τὴν
3359 2328 3529 2402 ξενίαν
3576 2328 3738 2384 αὐτοῦ
3782 2349 3880 2383 κα-

2227 2424 2483 2495 ταμαθὼν
2514 2422 2603 2477 καὶ
2628 2422 2727 2489 τὴν
2760 2420 2896 2494 ἐμὴν
2928 2418 2984 2475 δὲ
3012 2423 3056 2456 ⁵⁸
3095 2418 3357 2491 μηνύσας,
3392 2414 3665 2493 ἀκριϐείας
3699 2413 3878 2490 ἕνεκα,

2226 2515 2387 2565 τοῦτο
2441 2509 2599 2584 μόνον
2647 2509 2950 2581 ἐπυθόμην,
2991 2507 3043 2563 τί
3091 2503 3266 2580 ὄνομα
3302 2511 3381 2578 τῷ
3429 2505 3676 2581 γέροντι;
3711 2506 3768 2558 '0
3818 2502 3879 2560 δὲ

2228 2598 2352 2679 ἔφη,
2388 2605 2654 2661 Φαῦστος.
2680 2599 2738 2653 Τί
2771 2596 2829 2653 δὲ
2869 2603 2989 2659 τοῖς
3023 2594 3274 2670 διδύμοις
3325 2596 3505 2663 υἱοῖς;
3537 2595 3595 2651 Ὀ
3645 2591 3701 2648 δὲ
3744 2594 3875 2650 ἀπε-

2227 2689 2468 2761 κρίνατο,
2497 2692 2796 2749 Φαυστῖνος
2828 2685 2917 2740 καὶ
2947 2682 3358 2745 Φαυστινιανός.
3390 2683 3457 2741 Τί
3489 2681 3547 2737 δὲ
3581 2687 3661 2755 τῷ
3704 2682 3875 2759 τρίτῳ

2226 2779 2366 2850 uid);
2400 2779 2456 2830 Ὀ
2507 2773 2564 2830 δὲ
2614 2775 2781 2845 εἶπεν,
2816 2774 3081 2846 Κλήμης.
3114 2772 3174 2827 Τί
3225 2770 3283 2827 δὲ
3322 2775 3390 2846 τῇ
3437 2770 3645 2827 τούτων
3700 2772 3869 2845 μητρὶ

2225 2862 2433 2939 ὄνομα;
2495 2867 2555 2923 Ὁ
2610 2862 2668 2919 δὲ
2725 2862 2850 2942 ἔφη,
2909 2859 3174 2918 Ματτιδία
3231 2864 3295 2917 ⁸⁷.
3354 2861 3481 2915 Ὑπὸ
3540 2859 3874 2933 συμπαθείας

2224 2954 2314 3010 οὖν
2350 2954 2459 3030 ἐγὼ
2488 2951 2781 3030 σύνδακρυς
2812 2952 3124 3028 γενόμενος,
3155 2949 3434 3013 ἀπολύσας
3482 2949 3610 3012 τοὺς
3660 2945 3870 3025 ὄχλους

2222 3043 2392 3115 ἦλθον
2421 3044 2555 3119 πρὸς
2586 3043 2748 3116 ὑμᾶς,
2774 3040 2866 3096 ’ίνα
2896 3041 3027 3115 μετά
3054 3041 3153 3109 τὴν
3184 3039 3330 3093 ἀλῶν
3361 3037 3647 3094 κοινωνίαν
3703 3042 3872 3093 ταῦτα

2218 3134 2644 3208 προσανάθωμαι
2680 3132 2827 3203 ὑμῖν,
2862 3131 2972 3204 Πρὸ
3005 3126 3062 3183 δέ
3088 3132 3185 3183 τοῦ
3218 3127 3364 3183 ἀλῶν
3417 3122 3738 3200 μεταλαϐεῖν
3791 3126 3868 3181 εἶ·-

2221 3227 2339 3276 πεῖν
2375 3222 2499 3294 ὑμῖν
2533 3219 2632 3275 οὐκ
2675 3214 3003 3289 ἐϐουλήθην,
3043 3220 3114 3290 μή
3168 3238 3287 3278 πως
3333 3216 3436 3271 ὑπὸ
3480 3214 3660 3285 λύπης
3707 3237 3872 3286 νικη-

465 3312 536 3352 ne
568 3298 714 3354 forte
745 3300 879 3357 victi
912 3303 1107 3360 dolore
1137 3306 1416 3377 baptismi
1447 3283 1599 3364 diem
1634 3310 1690 3363 iu
1726 3309 1883 3365 luctu
1933 3283 2107 3365 duce;

2230 3283 2484 3371 Bévrsc‘év
2515 3312 2583 3381 τῇ
2613 3311 2711 3362 τοῦ
2758 3283 3129 3382 βαπτίσματος
3175 3306 3358 3380 ἡμέρᾳ
3400 3283 3713 3368 πενθοῦντες
3759 3283 3849 3359 δια

467 3386 624 3458 retis,
660 3391 895 3460 quando
925 3393 1101 3448 etiam
1135 3396 1323 3468 angeli
1355 3398 1678 3453 eli'eruntur
1708 3398 1927 3454 laetitia.
1987 3401 2111 3454 llaec

467 3478 675 3532 Petrus
715 3494 847 3533 cum
881 3480 1115 3551 diceret,
1147 3501 1352 3541 omnes
1395 3505 1509 3543 una
1544 3505 1677 3543 cum
1712 3495 1894 3543 matre
1925 3487 2110 3561 lacry-

470 3564 583 3620 mis
616 3583 721 3621 nos
760 3568 1049 3626 dedimus.
1103 3575 1255 3639 Quos
1306 3574 1402 3631 ille
1444 3576 1831 3649 lacrymantes
1883 3578 2108 3646 videns,

467 3654 583 3708 ait:
610 3654 776 3711 Nunc
811 3660 1214 3733 unusquisque
1242 3670 1524 3733 vestrum,
1566 3683 1671 3737 pro
1718 3666 1926 3722 timore
1974 3682 2112 3739 erga

468 3741 674 3811 Deum,
708 3746 932 3802 fortiter
968 3765 1095 3820 quae
1144 3759 1467 3808 memorata
1513 3760 1651 3809 sunt
1697 3755 1860 3810 ferat.
1911 3760 2110 3827 Neque

466 3830 623 3887 enim
655 3833 825 3890 bodie
855 3837 1019 3892 vobis
1050 3838 1269 3895 interiit
1292 3846 1470 3913 pater,
1497 3844 1739 3914 sedjam
1769 3843 1930 3912 olim,
1958 3845 2111 3900 sicut

464 3936 564 3975 vos
597 3925 930 3993 conjectura
963 3933 1114 3984 recte
1145 3930 1295 3985 facta
1323 3932 1573 3987 dixistis.

536 4010 624 4066 1X.
660 4012 777 4067 Ista
809 4015 971 4071 Petro
1003 4016 1277 4089 loquente
1324 4026 1511 4077 mater
1559 4021 1705 4076 ferre
1751 4039 1865 4078 non
1912 4022 2110 4078 valens

467 4097 737 4155 clamavit
765 4109 822 4157 et
850 4104 1035 4160 dixit:
1070 4107 1169 4162 Hei
1202 4108 1365 4179 mihi,
1399 4128 1431 4165 ο
1460 4111 1583 4177 vir;
1616 4117 1677 4167 tu
1712 4129 1818 4167 nos
1861 4112 2110 4183 diligens

467 4187 612 4242 mori
643 4188 911 4259 voluisti;
946 4212 1050 4251 nos
1079 4212 1212 4253 vero
1242 4199 1513 4265 vivimus,
1555 4206 1612 4255 et
1661 4200 1849 4257 lucem
1896 4202 2108 4273 aSpici-

469 4291 622 4345 mus,
658 4283 715 4333 et
744 4280 936 4336 adhuc
965 4285 1461 4356 capimuscibum.
1486 4291 1758 4345 Nondum
1783 4294 1976 4345 autem
2002 4290 2110 4346 hoc

467 4383 582 4421 uno
613 4368 831 4438 ejulatu
864 4371 1050 4442 ﬁnito,
1084 4391 1214 4432 ecce
1245 4393 1419 4432 senex
1447 4378 1792 4450 ingreditur,
1825 4384 1882 4435 et
1932 4380 2109 4435 simul

463 4460 637 4528 atque
667 4458 937 4517 clamoris
970 4479 1205 4520 causam
1235 4466 1518 4522 sciscitari
1552 4468 1740 4535 vellet,
1794 4469 2109 4541 respiciens

462 4546 533 4601 ad
567 4563 846 4606 uxorom:
883 4569 896 4606 :
931 4552 1055 4620 Hei,
1088 4552 1299 4626 inquit,
1335 4557 1617 4628 quidnam
1644 4558 1751 4614 hoc
1768 4563 1857 4613 est
1884 4560 2107 4622 PQuam

2218 3397 2498 3467 τελέσητε,
2552 3395 2715 3451 ὁπότε
2760 3395 2851 3449 καὶ
2910 3392 3128 3470 ἄγγελοι
3180 3392 3483 3469 χαίρουσιν.
3534 3397 3709 3447 Ταῦτα
3770 3396 3869 3447 τοῦ

2220 3487 2427 3562 Πέτρου
2455 3485 2740 3561 λέγοντος,
2773 3482 3101 3558 ἐδακρύομεν
3144 3483 3195 3536 οἱ
3225 3483 3419 3544 πάντες
3457 3480 3590 3554 μετά
3614 3488 3716 3551 τῆς
3770 3503 3872 3554 μη-

2218 3576 2368 3652 τρός.
2401 3576 2457 3629 Ὀ
2490 3571 2547 3629 δὲ
2590 3572 2919 3650 δακρύοντας
2970 3569 3100 3626 ἰδὼν
3151 3574 3299 3645 ἡμᾶς
3343 3573 3388 3606 ⁸⁸
3436 3566 3556 3648 ἔφη*
3586 3574 3692 3625 Νὖν
3740 3566 3866 3625 ἓκα-

2220 3686 2344 3727 στος
2379 3665 2531 3738 ὑμῶν
2565 3658 2824 3739 φόϐῳτῷ
2852 3662 2988 3738 πρὸς
3035 3662 3126 3716 τὸν
3177 3661 3304 3716 Θεὸν
3350 3659 3606 3737 γενναίως
3659 3658 3865 3738 φερέτω

2217 3754 2285 3810 τά
2317 3753 2597 3830 λεχθέντα.
2634 3751 2707 3808 Ού
2737 3751 2837 3827 γὰρ
2872 3748 2937 3819 δὴ
2990 3752 3227 3826 σήμερον
3278 3749 3403 3823 ὑμῖν
3447 3747 3791 3820 ἐτελεύτησεν
3838 3749 3867 3803 6

2218 3817 2421 3919 πατὴρ,
2453 3839 2600 3897 ἀλλὰ
2645 3817 3014 3896 καὶπὲκπαλαι
3042 3817 3109 3910 ἐξ,
3138 3817 3217 3901 ’ὡς
3268 3817 3423 3911 ὑμεῖς
3470 3837 3865 3912 στοχαζόμενοι

2220 3929 2492 4005 εἰρήκατε.

2291 4024 2379 4075 IX.
2406 4022 2581 4072 Ταῦτα
2617 4020 2715 4071 τοῦ
2764 4014 2967 4087 Πέτρου
3016 4013 3285 4084 εἰπόντος,
3317 4015 3352 4083 ἡ
3409 4015 3591 4087 μήτηρ
3642 4013 3719 4085 μή
3779 4011 3866 4090 φέ-

2220 4128 2386 4184 ρουσα
2439 4108 2621 4182 βοῶσα
2651 4102 2774 4183 ἔφη*
2809 4102 2978 4177 Οῗμοι
3008 4106 3052 4140 ⁷ο
3095 4101 3242 4179 ἄνερ,
3282 4105 3431 4176 ἡμᾶς
3479 4102 3697 4176 ἀγαπῶν
3747 4100 3865 4176 κρί-

2217 4218 2295 4251 σει
2331 4197 2425 4270 μὶν
2455 4194 2614 4257 αὐτὸς
2648 4193 3022 4264 έτελεύτησας,
3053 4194 3216 4265 ἡμεῖς
3248 4189 3304 4246 δὲ
3336 4196 3530 4260 ζῶντες
3577 4195 3689 4269 φῶς
3722 4191 3866 4267 ὁρῶ-

2221 4306 2336 4359 μεν,
2367 4284 2455 4339 καὶ
2504 4290 2713 4361 τροφῆς
2764 4280 2885 4356 ἄρτι
2929 4284 2971 4319 ’⁷³
3028 4276 3541 4354 μεταλαμϐάνομεν.
3593 4276 3757 4334 Οὔπω
3808 4276 3866 4334 δὲ

2215 4385 2315 4447 τῆς
2353 4381 2478 4450 μιᾶς
2507 4371 2709 4443 ταύτης
2742 4369 3025 4445 ὁλολυγῆς
3064 4368 3435 4442 παυσαμένης,
3470 4366 3586 4423 ἰδοὺ
3634 4368 3724 4422 καὶ
3755 4370 3799 4404 ⁷²
3835 4368 3863 4422 6

2215 4469 2386 4545 γέρων
2420 4462 2611 4537 εἰσῄει,
2643 4460 2733 4516 καὶ
2761 4462 2872 4533 ἅμα
2900 4463 2979 4531 τῷ
3013 4457 3301 4535 βούλεσθαι
3350 4457 3507 4512 αὐτὸν
3557 4464 3658 4526 τῆς
3706 4477 3867 4545 κραυ-

2215 4540 2317 4634 -νῆς
2355 4555 2455 4624 τὴν
2504 4550 2679 4606 αἰτίαν
2732 4548 3089 4603 πυνθάνεσθαι
3130 4546 3206 4609 εἷς
3256 4548 3353 4615 τὴν
3400 4551 3626 4621 γυναῖκα
3672 4540 3867 4619 ἐμϐλέο

458 4635 667 4691 video?
706 4639 994 4695 Accedens
1024 4658 1154 4697 vero
1201 4650 1257 4698 et
1306 4644 1646 4717 diligentius
1698 4645 1987 4716 aspiciens
2035 4663 2100 4701 ac

2230 4654 2310 4707 νας
2341 4646 2495 4700 304
2528 4635 2834 4718 ἔφη-Οῗ’μοι
2865 4640 2911 4674 ’⁷³
2941 4636 2991 4691 τί
3024 4635 3167 4692 θέλει
3197 4640 3358 4692 τοῦτο
3390 4634 3689 4705 εἶναι;τίνα
3719 4637 3858 4711 ὁρῶ;

462 4724 624 4779 visus
656 4727 992 4799 complexus
1024 4734 1129 4786 est.
1165 4733 1347 4788 Ambo
1379 4738 1567 4788 autem
1604 4752 1719 4805 prae
1753 4734 1966 4806 gaudio
2024 4752 2110 4789 re-

466 4813 705 4886 pentino
736 4818 1070 4875 defecerunt
1098 4820 1419 4878 exclamare
1458 4823 1591 4889 nisi,
1647 4829 1705 4879 et
1751 4824 1897 4879 alter
1944 4822 2109 4879 alteri

465 4903 626 4977 loqui
658 4907 961 4978 cupientes
989 4926 1185 4966 vocem
1218 4928 1331 4966 non
1364 4916 1681 4983 potuerunt
1701 4913 1984 4979 emittere,
2005 4928 2111 4967 nec

467 4998 764 5054 continere
794 4999 1143 5072 inexpletam
1166 5000 1446 5057 laetitiam.
1499 5005 1715 5057 Verum
1759 5017 1875 5057 non
1925 5000 2111 5056 multo

2216 4731 2531 4810 προσελθὼν
2598 4726 2656 4783 δὲ
2702 4727 2790 4782 καὶ
2831 4721 3210 4802 ἀκριϐέστερον
3263 4723 3448 4779 ἐνιδὼν
3503 4723 3591 4779 καί
3649 4725 3859 4799 ὁραθεὶς

2217 4818 2622 4898 περιεπλέκετο.
2656 4816 2719 4871 Ol
2761 4813 2819 4871 δὲ
2868 4815 2971 4870 ὑπὸ
3022 4820 3197 4890 χαρᾶς
3244 4812 3514 4892 αἰφνιδίου
3563 4811 3857 4889 διεφώνουν

2219 4908 2540 4987 ἀμφότεροι.
2584 4905 2681 4961 Καὶ
2713 4903 2902 4961 λαλεῖν
2953 4902 3228 4975 ἀλλήλοις
3281 4902 3632 4979 βουλόμενοι,
3665 4901 3863 4979 ἀφασίᾳ

2221 4997 2569 5074 συσχεθέντες
2602 4994 2663 5052 ἐκ
2688 4997 2735 5032 7‘
2763 4996 2861 5064 τῆς
2913 4990 3196 5064 ἀπλήστου
3244 4996 3419 5069 χαρᾶς
3468 4991 3570 5047 οὐκ
3614 4988 3862 5047 ἐδύναντο

1818 5144 2053 5199 νΑΒΙιιΕ
2096 5142 2507 5199 LECTIONES.

530 5257 573 5292 ⁵⁸
604 5253 759 5332 ἔσχεν
805 5279 845 5312 π

958 5257 1103 5331 αὐτῷ
1135 5261 1196 5317 C.
1230 5261 1380 5316 Tum
1414 5255 1471 5313 δέ
1501 5277 1557 5332 p.
1593 5254 1657 5328 δή
1692 5259 1773 5332 Cl.
1807 5261 1971 5315 Errat
2001 5261 2062 5315 S.
2092 5260 2167 5332 de
2193 5259 2254 5326 C,
2288 5257 2386 5332 qui
2420 5260 2477 5313 et
2506 5256 2632 5332 ipse
2663 5250 2752 5323 δή.
2829 5250 3070 5332 ισὲαότῆς
3100 5250 3397 5332 assumpsi
3434 5269 3503 5332 ex
3529 5254 3593 5307 Ο.
3670 5251 3713 5332 ξ’
3743 5270 3862 5332 συν-

530 5278 573 5292 υυ
604 5278 759 5332 εσχεν
805 5279 879 5312 πα
922 5278 926 5281 '
958 5278 1103 5331 αυτῳ
1135 5278 1196 5317 Li.
1230 5278 1380 5316 Tum
1414 5278 1557 5345 O$~p.
1593 5278 1657 5328 οη
1692 5278 1773 5315 U1.
1810 5278 1971 5315 narrat
2001 5278 2062 5315 δ.
2092 5278 2163 5315 ae
2193 5278 2254 5326 υ,
2288 5278 2386 5329 qu1
2420 5278 2477 5313 6t
2507 5278 2632 5340 Ipse
2663 5278 2752 5323 οη.
2829 5278 2873 5290 *ν
2900 5278 3070 5321 αυτης
3100 5278 3397 5335 usuqmpm
3434 5278 3503 5359 «ἐξ
3529 5278 3593 5307 υ.
3743 5278 3864 5375 ἷιὲνῖ

458 5346 632 5399 καμον
665 5335 724 5385 C.
802 5332 845 5366 ³⁸
876 5278 1096 5406 gyan—itth
1129 5334 1298 5403 Epit,
1331 5331 1706 5415 dvanwvmlﬂ,
1738 5331 1845 5415 0.“
1880 5332 1926 5367 ⁸9
1959 5332 2097 5405 μέρη
2152 5328 2449 5415 ἐγενόμεβα
2488 5332 2547 5413 C‘,
2581 5324 3070 5415 insequentei‘xal
3116 5341 3366 5415 ‘omi‘ss'o.
3411 5397 3455 5415 ﬂ
3487 5341 3669 5415 ν
3710 5342 3779 5415 αι,

458 5394 547 5458 τες
596 5394 934 5472 suspicatur
958 5408 1014 5458 ὃ.
1090 5404 1134 5439 ⁶¹
1166 5394 1313 5459 Άόᾶ.
1346 5394 1548 5463 ἐκεῖνος
1584 5394 1779 5474 μένει
1807 5403 1872 5471 Ο,
1906 5394 2157 5485 quocum
2188 5394 2356 5485 omisi
2390 5398 2576 5485 ὲαυτρν
2607 5394 2845 5485 ἀποδούς
2884 5401 3018 5485 antg
3074 5394 3166 5455 τάξ
3221 5394 3350 5485 ,διάη
3408 5397 3455 5485 ,θῖ
3486 5394 3864 5485 ξκῖςτεημὲχρξ

464 5474 561 5524 τσιῦ
594 5464 751 5545 δεῦρο
778 5476 990 5548 πορίζω
1035 5474 1237 5551 τροφάς
1270 5481 1327 5530 C.
1404 5476 1449 5509 ⁵⁸
1480 5464 1707 5530 συνίδών
1739 5478 1802 5529 Ο.
1860 5464 2197 5527 ’δι’τεθνάναι
2245 5472 2306 5546 γέ
2345 5490 2473 5524 οντα
2528 5470 2588 5524 C.
2622 5470 2887 5541 Sequens
2952 5466 3141 5552 οὗτος-
3165 5466 3446 5558 adscripsi
3479 5482 3527 5520 c.
3560 5471 3623 5520 0.
3659 5466 3798 5553 Dein
3834 5464 3860 5518 6

469 5540 726 5599 ὑμέτερος
784 5549 964 5599 πατήρ
1020 5551 1078 5599 C.
1157 5548 1201 5582 ⁸⁸
1248 5543 1338 5599 οὖν
1396 5563 1514 5599 om.
1576 5549 1639 5599 0.
1716 5547 1761 5580 ⁶²
1816 5541 1872 5598 δέ
1926 5545 2145 5599 inserui
2206 5561 2253 5599 ο.
2440 5543 2485 5579 ⁸⁷
2517 5538 2857 5594 ΜατθιδίαΟ
2955 5538 2999 5572 ⁸⁸
3028 5539 3175 5599 ἡμας
3213 5553 3339 5591 ιοων
3371 5543 3429 5593 C-
3504 5538 3550 5573 ⁶⁹
3578 5534 3638 5590 ἐκ
3690 5534 3859 5589 παλαι

469 5540 726 5614 ὑμέτερος
784 5540 964 5617 πατήρ
1020 5540 1081 5602 Οξ
1150 5540 1201 5582 ’⁸⁵
1248 5543 1338 5617 οὖν
1396 5563 1514 5602 om.
1576 5549 1639 5604 Ο.
1716 5547 1761 5580 ⁶²
1816 5541 2145 5617 δέγὶηεενιιρὶ
2206 5561 2253 5599 c.

2345 5585 2356 5598 .
2440 5543 2485 5579 ⁸⁷
2517 5534 2782 5594 Ματθιδία
2813 5540 2857 5594 Ο
2955 5538 2999 5572 ⁸⁸
3028 5539 3175 5605 ἡμᾶς
3210 5535 3339 5591 ἰδών
3361 5534 3429 5593 Ὁ.
3504 5538 3550 5573 ⁶⁹
3578 5534 3638 5590 ἐκ
3690 5534 3859 5605 πάλαι

468 5602 515 5668 ό
587 5602 643 5702 τίδ’
690 5617 776 5671 lta
831 5602 971 5689 Epit.
1030 5624 1086 5673 et
1141 5619 1230 5684 0.,
1265 5615 1463 5690 οἷ’μμοι
1520 5602 1787 5702 ΟξΛΤυῐΞι
1853 5616 1972 5702 μὲνὴ
2000 5614 2161 5702 αὐτός
2220 5613 2462 5702 accessit
2520 5629 2590 5668 ex
2621 5612 2709 5702 '9.
2753 5602 3339 5702 ηξλξῄᾅρτειῌὰίῂίἋξηΟ,
3370 5608 3769 5702 ᾳᾲυὶρξῐιὶὲεἷςιο
3800 5602 3861 5702 δέ

463 5686 516 5763 τί
538 5682 628 5738 καί
677 5677 881 5762 recepi.
916 5707 983 5746 ex
1012 5698 1074 5745 υ.
1154 5691 1197 5725 ⁷³
1219 5677 1311 5745 Ἰῐδ,
1325 5677 1486 5763 Epit.
1522 5696 1580 5746 et
1608 5692 1674 5759 0,
1707 5677 1903 5760 οἷ’μμδι
1935 5693 1993 5744 C.
2069 5690 2115 5723 τι
2144 5682 2514 5761 συσχεθέντες,
2542 5681 2633 5736 καί
2663 5683 2722 5739 C.
2753 5677 2908 5739 Tum.
2959 5681 3018 5737 in
3075 5684 3138 5737 Ο.
3172 5677 3450 5747 ἐδύσαντο,
3484 5680 3554 5735 ad
3588 5677 3747 5734 oram
3798 5696 3854 5752 p.

460 5752 729 5815 ἐδύναντο.
