4148 6342
385 368 501 428 355

1210 365 1275 426 S.
1325 361 1769 426 CLEMENTIS
1814 364 1837 423 Ι
1885 362 2076 425 ROM.
2120 363 2350 424 PONT.
2397 360 2659 424 OPERA
2698 362 2965 424 DUBIA.

3669 362 3792 425 356

382 498 731 555 thematicas
761 496 1102 568 disciplinas
1126 496 1356 568 penitus
1378 495 1812 565 novi,dominus
1830 500 2012 551 autem

2144 490 2363 563 Ἐπειδὴ
2394 492 2457 548 τὸ
2505 493 2735 567 μάθημα
2776 487 3014 569 ἀκριϐῶς
3060 491 3373 567 ἐπίσταμαι,
3422 492 3450 547 ὁ
3499 491 3558 547 δὲ
3602 492 3792 569 κύριος

382 591 441 643 et
473 592 636 659 pater
666 604 778 642 non
811 586 972 657 item,
1005 586 1054 641 si
1082 585 1208 657 ipse
1231 585 1544 641 Annubion
1575 585 2031 652 adesset,coram

389 682 553 748 patre
575 675 1029 748 disputationem
1054 673 1348 730 haberem.
1372 676 1457 730 Ita
1486 674 1701 745 quippe
1724 690 1815 729 res
1838 672 2030 745 palam

382 766 576 822 venire
591 768 805 837 posset,
820 765 851 819 d
863 781 894 819 u
906 780 961 819 m
976 764 1117 818 artis
1131 763 1349 835 peritus
1364 764 1642 819 adversus
1655 763 1922 833 ejusdem
1939 779 2032 817 ar-

389 854 466 910 tis
486 854 781 909 hominem
798 853 1177 925 quaestionem
1205 853 1467 924 agitaret.
1496 850 1814 923 Respondit
1834 856 2026 922 pater:

386 943 493 999 Ubi
517 960 652 1016 ergo
677 948 866 1014 potest
884 958 1019 998 cum
1042 941 1389 996 Annubione
1401 956 1751 1010 congressus
1767 946 1825 995 et
1846 940 2030 996 collo-

385 1034 590 1104 quium
608 1032 805 1086 haberi
826 1032 927 1085 PEt
940 1035 1144 1085 Petrus
1162 1030 1269 1084 ait:
1287 1029 1602 1084 Antiochia:
1632 1029 1913 1083 :ibienim
1930 1046 2030 1084 au-

389 1121 624 1177 dioesse
651 1121 945 1176 Simonem
979 1120 1234 1191 Magum,
1259 1134 1433 1189 quem
1450 1118 1758 1172 Annubion
1774 1121 2026 1172 assecta-

384 1214 481 1266 tus
498 1226 613 1264 non
628 1208 1109 1274 deserit.Quando
1123 1223 1259 1279 ergo
1272 1206 1388 1261 illic
1404 1206 1761 1274 fuerimus,si
1777 1222 1874 1261 eos
1888 1222 2028 1261 nan-

382 1297 695 1363 ciscamur,
722 1296 1070 1368 disceptatio
1100 1294 1224 1350 ﬁeri
1247 1294 1478 1366 poterit.
1516 1297 1581 1349 Et
1610 1298 1921 1365 postquam
1955 1294 2025 1349 de

382 1384 586 1441 multis
618 1385 1028 1451 disseruimus,
1060 1391 1296 1456 propter
1339 1382 1792 1454 recognitionem
1826 1381 1937 1436 lwti
1968 1385 2026 1438 et

380 1474 495 1529 Deo
527 1473 743 1546 gratias
776 1476 1035 1545 agentes,
1070 1477 1237 1528 nocte
1283 1471 1723 1543 superveniente
1761 1471 1833 1526 ad
1866 1486 2022 1526 som-

380 1578 522 1617 num
554 1578 661 1617 nos
685 1559 1063 1618 contulimus.

962 1846 1268 1902 HOMILIA
1307 1845 1422 1900 XV.

442 1954 484 2010 Ι.
519 1955 728 2009 Exorto
761 1958 957 2009 autem
988 1969 1181 2018 mane,
1223 1957 1386 2023 pater
1433 1968 1563 2006 cum
1599 1956 1782 2007 matre
1815 1955 2014 2008 nostra

370 2043 677 2113 tribusque
725 2041 862 2096 ﬁliis
920 2041 1222 2112 ingressus
1262 2040 1319 2094 in
1368 2039 1560 2095 locum
1610 2040 1707 2094 ubi
1754 2044 1878 2095 erat
1909 2040 2014 2095 Pe-

369 2135 519 2197 trus,
552 2147 686 2186 cum
744 2128 1077 2195 salutasset,
1140 2129 1308 2195 sedit,
1361 2129 1570 2183 deinde
1622 2145 1725 2183 nos
1758 2145 2009 2199 quoque,

372 2219 471 2275 illo
501 2220 767 2290 jubente.
800 2222 878 2273 Ac
928 2222 1130 2273 Petrus
1165 2223 1385 2289 patrem
1438 2218 1687 2272 intuitus
1717 2218 1835 2271 ait:
1871 2221 2012 2273 Per-

372 2308 540 2381 cupio
572 2313 627 2363 te
681 2308 834 2363 idem
890 2307 1108 2363 sentire
1141 2307 1293 2378 quod
1355 2323 1498 2362 uxor
1527 2322 1591 2361 ac
1645 2305 1834 2374 liberi,
1869 2311 1932 2360 ut
1956 2309 2013 2360 et

369 2396 464 2451 hic
496 2414 629 2451 cum
663 2396 744 2452 eis
797 2395 1085 2462 convivas,
1120 2400 1176 2450 et
1225 2394 1361 2462 illic,
1397 2399 1526 2467 post
1572 2394 1779 2450 animae
1825 2412 1858 2449 a
1884 2411 2009 2449 cor-

369 2502 507 2557 pore
536 2484 1011 2556 disjunctionem,
1063 2482 1238 2538 simul
1287 2500 1420 2538 cum
1470 2483 1691 2538 eisdem
1737 2484 1820 2538 sis
1850 2482 2009 2538 omni

368 2573 635 2629 molestia
662 2573 825 2628 liber.
862 2579 949 2628 An
982 2590 1095 2627 non
1129 2572 1281 2627 enim
1314 2577 1371 2627 te
1403 2576 1571 2643 atque
1600 2571 1732 2627 illos
1758 2571 2009 2627 maxime

369 2663 758 2730 contristaret,
793 2661 840 2716 si
874 2680 989 2716 una
1018 2678 1131 2717 non
1164 2661 1417 2717 essetis?
1438 2661 1502 2715 Et
1528 2665 1724 2731 pater:
1758 2660 2008 2716 Omnino

367 2767 526 2806 sane.
561 2752 711 2806 Tum
744 2751 985 2806 Petrus:
1015 2750 1074 2805 Si
1126 2765 1261 2821 ergo
1292 2750 1386 2804 hic
1434 2748 1676 2803 invicem
1711 2755 2008 2819 separatos

366 2856 495 2895 esse
519 2839 788 2895 molestia
809 2838 1468 2909 afﬁcit,nonne,quando
1486 2842 1617 2908 post
1635 2844 1878 2892 mortem
1901 2837 2010 2892 erit

367 2928 605 2984 omnino
637 2944 872 2983 necesse
902 2944 1003 2983 vos
1029 2944 1141 2982 non
1165 2944 1291 2983 esse
1312 2925 1512 2992 simul,
1530 2925 1715 2982 multo
1742 2927 1927 2998 magis
1953 2930 2009 2982 te

364 3018 813 3081 contristabit,te
830 3015 1193 3088 quidem,qui
1211 3017 1298 3070 vir
1319 3015 1551 3086 sapiens
1567 3015 1878 3082 es,ratione
1896 3020 2007 3071 tua:

360 3106 652 3178 Opinionis
672 3104 932 3177 disjungi
957 3122 990 3160 a
1010 3105 1145 3172 tuis,
1170 3103 1299 3159 illos
1321 3120 1452 3158 vero
1486 3102 1669 3158 multo
1697 3103 1881 3176 magis
1904 3104 2007 3159 do-

360 3194 497 3262 lere,
532 3195 686 3267 quod
718 3194 905 3250 sciant
934 3199 989 3248 te
1019 3191 1133 3248 alia
1165 3192 1511 3248 sentientem
1544 3196 1824 3248 aeternum
1864 3210 2003 3265 sup-

365 3283 607 3356 plicium
636 3285 709 3339 ob
736 3282 852 3337 veri
885 3282 1178 3354 dogmatis
1205 3282 1570 3354 negationem
1606 3298 1842 3338 manere
1866 3285 1889 3337 Ρ

438 3462 508 3517 ΙΙ.
540 3462 611 3515 Et
657 3465 819 3532 pater
866 3460 1043 3515 dixit:
1102 3462 1174 3515 At
1207 3476 1317 3515 non
1350 3459 1430 3515 ita
1484 3463 1592 3523 est,
1625 3475 1658 3514 ο
1703 3457 1909 3529 amice,
1943 3462 2011 3513 ut

365 3550 519 3622 apud
553 3550 768 3605 inferos
800 3549 1118 3620 puniantur
1148 3549 1377 3619 animae,
1401 3547 1676 3619 quoniam
1710 3547 1907 3603 anima
1933 3547 2007 3601 si-

362 3638 485 3695 mul
517 3645 693 3711 atque
722 3655 755 3692 a
786 3653 1023 3709 corpore
1048 3638 1404 3704 discesserit,
1437 3637 1496 3691 in
1521 3653 1712 3691 aerem
1739 3635 2004 3691 dissolvi-

362 3732 477 3783 tur.
511 3728 745 3799 Excepit
775 3731 1019 3781 Petrus:
1054 3727 1276 3797 ltaque,
1308 3742 1495 3795 usque
1524 3725 1665 3778 dum
1698 3724 1806 3779 hac
1845 3724 1915 3779 de
1946 3739 2006 3779 re

362 3818 464 3872 tibi
502 3818 980 3889 persuadeamus,
1010 3814 1294 3885 responde
1318 3812 1481 3879 mihi,
1515 3830 1705 3868 nonne
1727 3813 1830 3868 tibi
1858 3813 2009 3867 vide-

365 3909 482 3971 tur,
515 3910 570 3961 te
601 3906 860 3977 quidem,
894 3903 990 3975 qui
1024 3903 1251 3957 futuras
1283 3918 1483 3973 poenas
1514 3917 1629 3956 non
1661 3902 1873 3969 credis,
1905 3918 2004 3956 ne-

369 4012 664 4067 quaquam
700 3994 908 4055 dolere,
939 3991 1069 4047 illos
1100 4008 1253 4058 vero,
1289 3990 1387 4062 qui
1421 3990 1683 4057 credunt,
1718 3990 1789 4044 de
1820 3994 1875 4044 te
1906 4005 2004 4044 ne-

365 4084 620 4141 cessario
652 4082 832 4153 angi?
861 4086 1003 4135 Tum
1040 4085 1236 4151 pater:
1274 4079 1445 4134 Recte
1475 4078 1641 4133 dicis.
1677 4078 1878 4133 Petrus
1910 4094 2006 4133 au-

364 4176 483 4228 tem
511 4191 523 4227 z
559 4172 625 4227 Et
655 4187 834 4243 quare
867 4170 1119 4225 maximo
1143 4169 1213 4224 de
1242 4174 1298 4222 te
1330 4183 1573 4222 mmrore
1594 4184 1706 4222 non
1739 4183 1837 4222 eos
1866 4167 2005 4223 libe-

364 4261 543 4330 rabis,
569 4259 835 4332 religioni
865 4258 1336 4323 assentiens,non
1369 4257 1588 4328 pudore
1618 4256 1881 4327 inquam,
1901 4258 2001 4311 sed

361 4350 651 4421 aequitate.
687 4348 759 4402 de
787 4347 860 4403 iis
883 4364 1009 4418 quin
1040 4346 1199 4401 tibia
1222 4362 1313 4401 me
1339 4346 1615 4400 dicuntur
1636 4345 1925 4400 audiendo
1947 4351 2005 4402 et

351 4437 697 4509 judicando,
730 4442 930 4492 utrum
962 4451 1030 4491 ea
1051 4436 1131 4491 ita
1161 4435 1432 4504 habeant,
1458 4450 1559 4489 nec
1584 4451 1671 4489 ne.
1704 4436 1782 4488 Ac
1805 4434 1852 4490 si
1878 4434 2005 4506 qui-

359 4528 491 4583 dem
523 4527 603 4581 ita
633 4532 739 4591 est,
776 4530 839 4581 ut
859 4524 1128 4592 dicimus,
1152 4528 1210 4579 et
1232 4523 1323 4578 hic
1350 4539 1611 4578 unacum
1638 4522 2003 4580 charissimis

360 4614 738 4671 delectaberis
771 4619 829 4669 et
860 4612 977 4669 illic
999 4630 1132 4668 cum
1155 4612 1375 4667 eisdem
1401 4611 1660 4682 requiem
1686 4627 2004 4683 conseque-

360 4705 462 4760 ris.
497 4705 656 4770 Quod
702 4703 748 4758 si
802 4704 859 4758 in
908 4718 1244 4758 sermonum
1296 4706 1528 4755 tuorum
1587 4700 2004 4771 disceptatione

361 4792 708 4857 ostenderis,
742 4809 869 4863 quae
916 4809 950 4846 a
995 4790 1160 4846 nobis
1210 4794 1572 4853 asseruntur,
1624 4788 1830 4845 falsam
1876 4806 2005 4846 esse

358 4881 641 4949 fabulam,
665 4881 838 4935 etiam
862 4881 946 4935 sic
968 4877 1236 4950 praeclare
1261 4876 1456 4946 facies,
1476 4876 1609 4932 illos
1631 4877 1784 4932 idem
1812 4882 2003 4934 tecum

360 4970 677 5027 sentientes
709 4969 1022 5040 accipiens,
1064 4968 1400 5038 efﬁciesque
1433 4972 1497 5021 ut
1543 4966 1829 5022 desistant
1858 4984 2006 5023 vana

358 5074 460 5129 spe
493 5057 686 5125 inniti,
723 5064 780 5113 et
810 5055 1087 5112 liberabis
1115 5054 1276 5111 falsis
1305 5054 1646 5110 terroribus.

430 5147 528 5203 ΙΙΙ.
561 5147 634 5202 Et
663 5151 864 5219 pater:
898 5145 1081 5201 Multa
1128 5143 1274 5200 mihi
1305 5143 1517 5200 videris
1560 5144 1750 5200 dicere
1793 5144 2005 5202 rationi

2046 1865 2094 1930 B

2140 582 2229 636 καὶ
2281 583 2308 638 ὁ
2366 583 2544 658 πατὴρ
2594 582 2701 657 οὐχ
2752 582 2949 654 οὕτως,
3000 580 3218 651 ἤθελον,
3270 582 3315 637 εἷ
3362 581 3523 644 αὐτὸς
3572 588 3789 640 Ἀννου-

2142 664 2275 725 ϐίων
2330 678 2529 745 παρῆν,
2590 670 2677 726 ἐπὶ
2732 675 2830 726 τοῦ
2887 672 3089 746 πατρὸς
3142 673 3471 742 ποιήσασθαι
3503 675 3547 709 9‘
3576 671 3741 748 λόγον
3774 718 3791 733 .

2140 758 2293 812 Οὕτω
2324 760 2424 835 γὰρ
2457 759 2517 813 ἀν
2566 759 2629 814 τὸ
2673 764 2898 835 πρᾶγμα
2948 758 3023 821 εἰς
3055 760 3282 837 φανερὸν
3327 759 3500 815 ἐλθεῖν
3532 758 3797 831 ἠδύνατο,

2137 848 2391 922 τεχνίτου
2422 848 2557 922 πρὸς
2591 848 2892 923 ὁμότεχνον
2935 849 3034 917 τὴν
3070 851 3294 919 ζήτησιν
3324 848 3648 924 ἐσχηκότος,
3684 852 3795 907 Καὶ

2139 938 2167 991 6
2197 937 2375 1012 πατὴρ
2422 936 2764 1011 ἀπεκρίνατο·
2815 941 2927 992 Ποῦ
2976 935 3067 991 οὖν
3121 934 3342 992 δυνατόν
3394 936 3532 992 ἐστιν
3561 939 3791 994 ’Δννου-

2138 1020 2295 1079 ϐίωνι
2339 1031 2656 1100 συντυχεῖν;
2692 1025 2792 1080 Καὶ
2836 1026 2864 1081 6
2913 1024 3113 1101 Πέτρος
3163 1023 3289 1103 ἔφη·
3322 1027 3408 1080 Ἐν
3457 1027 3785 1104 Ἀντιοχείᾳ’

2136 1112 2247 1169 ἐκεῖ
2274 1114 2373 1191 γὰρ
2410 1113 2659 1186 μανθάνω
2691 1114 2919 1187 Σίμωνα
2960 1115 3052 1169 τὸν
3104 1115 3288 1189 Μάγον
3321 1112 3448 1170 ὄντα
3488 1118 3553 1184 ⁸⁵,
3586 1116 3632 1187 ᾧ
3663 1118 3785 1173 Ἀν-

2134 1198 2363 1257 νουϐίων
2414 1202 2787 1278 παρεπόμενος
2837 1197 3147 1279 ἀχώριστός
3186 1202 3347 1260 ἐστιν.
3398 1204 3559 1259 Ἐπᾶν
3610 1207 3653 1242 κ
3690 1202 3785 1260 δῦν

2136 1290 2247 1347 ἐκεῖ
2274 1292 2574 1368 γενώμεθα,
2611 1291 2697 1347 ἐάν
2728 1313 2790 1367 γε
2818 1287 3212 1365 καταλάϐωμεν
3260 1291 3476 1362 αὐτοὺς,
3528 1296 3563 1363 ἡ
3614 1296 3785 1364 ζήτη-

2134 1401 2216 1443 σις
2245 1379 2485 1456 γενέσθαι
2536 1378 2776 1437 δύναται.
2811 1382 2913 1438 Καὶ
2962 1382 3118 1453 ὁμῶς
3168 1380 3357 1437 πολλὰ
3405 1378 3785 1459 διαλεχθέντες

2130 1468 2219 1524 καὶ
2253 1470 2339 1524 ἐπὶ
2366 1474 2444 1541 τῷ
2490 1469 2885 1544 ἀναγνωρισμῷ
2933 1470 3191 1545 χαρέντες
3239 1473 3281 1508 97
3328 1469 3415 1525 καὶ
3465 1475 3581 1543 Θεῷ
3623 1471 3787 1547 εὐχα-

2133 1560 2476 1635 ριστήσαντες
2510 1563 2546 1631 ,⁵
2577 1559 2803 1634 ἑσπέρας
2855 1554 3360 1630 ἐπικαταλαϐούσης
3395 1604 3408 1629 ,
3468 1559 3545 1622 εἷς
3615 1559 3781 1617 ὕπνον

2132 1646 2333 1723 ἐτράπη
2346 1668 2463 1721 μεν.

2748 1848 3006 1902 ὈΜΙΛΙΑ
3047 1846 3148 1902 1Ε’.

2192 1951 2234 2007 Ῑ.
2268 1952 2502 2027 ’Όρθρου
2534 1948 2590 2005 δὲ
2621 1950 2913 2025 γενομένου
2945 1952 2973 2006 6
3002 1952 3181 2027 πατὴρ
3237 1952 3369 2024 μετὰ
3414 1959 3516 2022 τῆς
3560 1952 3768 2029 μητρὸς

2120 2040 2279 2111 ἡμῶν
2327 2040 2415 2093 καὶ
2464 2044 2571 2093 τῶν
2620 2044 2786 2115 τριῶν
2834 2040 2963 2094 υἱῶν
3009 2038 3286 2111 εἰσελθὼν,
3338 2036 3463 2104 ἔνθα
3493 2042 3521 2095 6
3571 2043 3776 2115 Πέτρος

2119 2130 2208 2199 ἦν,
2241 2128 2674 2204 προσαγορεύσας
2723 2128 3003 2197 ἐκαθέσθη,
3056 2128 3239 2183 ἔπειτα
3282 2131 3431 2186 807
3466 2131 3556 2184 καὶ
3587 2132 3772 2204 ἡμεῖς,

2120 2215 2284 2271 αὐτοῦ
2332 2215 2708 2279 κελεύσαντος.
2761 2215 2861 2275 Καὶ
2890 2218 2917 2271 6
2951 2220 3154 2294 Πέτρος
3202 2221 3284 2289 τῷ
3332 2218 3496 2292 πατρὶ
3525 2239 3772 2295 προσεμ-

2120 2300 2325 2379 ϐλέψας
2373 2302 2497 2383 ἔφη’
2552 2303 2778 2361 Σπεύδω
2833 2306 3115 2385 ὁμόφρονά
3172 2327 3229 2361 σε
3276 2307 3516 2383 γενέσθαι
3561 2307 3774 2384 γυναικὶ

2117 2395 2207 2449 καὶ
2238 2393 2464 2461 τέκνοις,
2497 2394 2647 2457 ὅπως
2696 2395 2879 2457 αὐτοῖς
2926 2396 3017 2450 καὶ
3065 2394 3288 2450 ἐνταῦθα
3336 2393 3652 2469 ὁμοδίαιτος
3681 2398 3771 2470 ᾗς,

2118 2482 2271 2538 κάκεῖ
2305 2483 2439 2555 μετά
2484 2484 2574 2538 τὸν
2627 2485 2729 2538 ἀπὸ
2777 2490 2873 2540 τοῦ
2922 2485 3175 2556 σώματος
3212 2491 3313 2554 τῆς
3361 2487 3546 2560 ψυχῆς
3597 2506 3773 2562 χωρι-

2120 2572 2254 2645 σμὸν
2289 2573 2460 2626 συνὼν
2512 2571 2719 2634 ἄλυπος
2770 2569 2861 2647 ἔσῃ
2904 2575 2967 2630 9°.
2999 2574 3069 2630 Ἣ
3107 2572 3210 2648 γὰρ
3254 2573 3316 2627 ού
3344 2573 3411 2628 τὰ
3456 2572 3683 2648 μέγιστά
3717 2595 3777 2630 σι

2121 2659 2283 2715 λυπεῖ
2327 2660 2415 2715 καὶ
2465 2661 2658 2722 αὐτοὺς
2704 2662 2767 2716 τὸ
2821 2662 2894 2734 μή
2947 2659 3221 2732 ἀλλήλοις
3265 2668 3498 2717 συνεῖναι
3537 2681 3550 2732 ;
3592 2664 3693 2718 Καὶ
3744 2663 3772 2716 6

2116 2751 2317 2824 πατήρ.
2369 2750 2471 2805 Καὶ
2520 2750 2657 2804 πάνυ
2713 2772 2793 2826 γε.
2846 2750 2944 2805 Καὶ
2998 2750 3026 2804 6
3076 2752 3299 2826 Πέτρος·
3356 2750 3416 2805 Εἰ
3467 2750 3558 2805 οὖν
3605 2751 3772 2806 xui”

2118 2837 2340 2893 ἐνταῦθα
2366 2839 2428 2893 τὸ
2459 2837 2724 2908 ἀλλήλων
2765 2838 3094 2914 κεχωρίσθαι
3146 2838 3327 2907 λυπεῖ,
3366 2841 3499 2913 μετᾶ
3542 2839 3764 2895 θάνατον

2116 2927 2330 2989 πάντως
2384 2925 2740 3004 ὀφειλόμενον
2795 2928 2920 3001 ὑμῖν
2977 2929 3091 3000 μετ’
3138 2926 3405 2998 ἀλλήλων
3469 2930 3544 3001 μὴ
3606 2928 3760 3002 εἶναι,

2116 3014 2269 3087 πόσῳ
2312 3036 2375 3089 γε
2422 3013 2634 3088 μᾶλλον
2684 3014 2917 3086 λυπήσει
2970 3018 3038 3053 ¹⁰⁰
3068 3061 3085 3088 ,
3117 3016 3174 3070 σὲ
3225 3017 3319 3091 μὲν
3373 3013 3541 3090 ἄνδρα
3596 3016 3761 3095 σοφὸν

2117 3098 2242 3157 ὅντα
2270 3107 2347 3176 τῷ
2396 3100 2495 3172 τῆς
2547 3106 2777 3178 γνώμης
2828 3125 2924 3159 σου
2974 3102 3123 3181 λόγῳ
3155 3108 3171 3141 ¹
3206 3109 3313 3159 τῶν
3364 3106 3467 3160 σῶν
3518 3104 3757 3182 κεχωρί-

2119 3193 2261 3256 σθαι,
2294 3191 2485 3253 αὐτοὺς
2534 3189 2592 3246 δὲ
2630 3191 2774 3247 πολὺ
2825 3191 3037 3266 μᾶλλον
3088 3190 3374 3248 ὀδυνᾶσθαι
3422 3192 3501 3267 τῷ
3548 3191 3767 3265 εἰδέναι,

2117 3280 2198 3335 ὅτι
2232 3301 2288 3335 σε
2319 3278 2462 3336 ἄλλα
2505 3285 2801 3359 φρονοῦντα
2831 3280 3050 3344 αἰώνιος
3105 3282 3250 3356 μένει
3298 3280 3545 3352 κόλασις,
3600 3282 3769 3360 ῥητοῦ

2117 3367 2391 3445 δόγματος
2419 3369 2681 3447 ἀποφάσει
2712 3389 2726 3440 ;

2186 3461 2251 3515 ll.
2287 3459 2388 3515 Καὶ
2420 3460 2448 3513 6
2487 3460 2666 3535 πατὴρ
2716 3455 2840 3538 ἔφη·
2875 3458 3031 3516 Ἀλλ’
3079 3459 3178 3516 οὐκ
3222 3456 3386 3527 ἔστιν,
3420 3461 3465 3515 ὧ
3514 3459 3760 3539 φίλτατε,

2111 3546 2254 3600 τὸέν
2300 3542 2431 3616 ᾅδου
2478 3546 2659 3621 ψυχὰς
2716 3545 3056 3619 κολάζεσθαι,
3115 3545 3285 3617 αὐτῆς
3342 3548 3457 3619 ἅμα
3503 3551 3581 3619 τῷ
3629 3546 3764 3602 ἀπο-

2112 3635 2300 3703 στῆναι
2331 3638 2427 3688 τοῦ
2459 3635 2711 3708 σώματος
2745 3634 2819 3697 εἰς
2851 3635 2981 3711 ἀέρα
3010 3632 3306 3708 λυομένης.
3350 3634 3452 3691 Καὶ
3484 3635 3512 3689 6
3553 3636 3758 3712 Πέτρος

2115 3721 2237 3800 ἔφη·
2289 3724 2500 3798 Μέχρις
2551 3720 2641 3777 οὗν
2690 3723 2779 3778 ὅτε
2829 3724 2888 3778 ἅν
2937 3727 2958 3760 ³
3005 3724 3127 3799 περὶ
3174 3723 3368 3778 τούτου
3413 3723 3686 3797 πείσωμεν
3733 3726 3759 3761 ³

2114 3831 2191 3883 σε,
2243 3810 2528 3887 ἀπόκριναί
2582 3832 2696 3885 μοι,
2740 3811 2800 3866 ού
2853 3809 3001 3867 δοκεῖ
3047 3833 3151 3884 σοι,
3186 3813 3242 3867 σὲ
3294 3812 3389 3885 μὶν
3429 3811 3754 3867 ἀπιστοῦντα

2110 3900 2210 3968 τὴν
2242 3897 2464 3955 κόλασιν
2496 3901 2573 3973 μὴ
2615 3899 2918 3970 λυπεῖσθαι,
2972 3900 3208 3964 ἐκείνους
3257 3900 3314 3956 δὲ
3359 3903 3757 3974 πεπεισμένους

2115 3987 2349 4064 ἀνάγκην
2409 3986 2554 4064 ἔχειν
2613 3988 2735 4064 περὶ
2790 3994 2885 4043 σοῦ
2943 3990 3234 4059 ἀνιᾶσθαι;
3280 3990 3379 4045 Καὶ
3438 3989 3466 4045 6
3524 3992 3704 4065 πατήρ
3739 4006 3755 4022 ⁸

2114 4076 2463 4138 Ἀκολούθως
2506 4076 2707 4153 λέγεις.
2756 4078 2855 4132 Καὶ
2891 4077 2919 4132 6
2968 4080 3190 4153 Ι,Ιέτρος’
3244 4079 3341 4134 Διὰ
3384 4078 3437 4134 τί
3478 4077 3535 4133 δὲ
3566 4079 3761 4140 αὐτοὺς

2113 4165 2211 4221 ούκ
2250 4165 2580 4236 ἀπαλλάξεις
2634 4165 2895 4239 μεγίστης
2939 4167 3061 4242 περὶ
3110 4172 3206 4221 σοῦ
3255 4167 3454 4237 λύπης,
3503 4171 3573 4241 τῇ
3624 4169 3759 4245 θρη-

2113 4255 2264 4325 σκείᾳ
2289 4253 2628 4327 συνθέμενος,
2679 4253 2741 4309 ού
2782 4251 3027 4326 δυσωπίᾳ
3086 4254 3255 4330 λέγω,
3304 4254 3430 4311 ἀλλ’
3472 4256 3757 4331 εὐγνωμο-

2112 4342 2258 4416 σύνῃ,
2290 4342 2414 4417 περὶ
2447 4345 2553 4396 τῶν
2585 4340 2897 4415 λεγομένων
2947 4364 3031 4397 σοι
3084 4343 3171 4397 ὑπ’
3220 4344 3355 4416 έμοῦ
3405 4343 3638 4417 ἀκούων,
3668 4344 3759 4399 καὶ

2109 4430 2307 4508 κρίνων
2343 4430 2388 4485 εἰ
2418 4434 2583 4485 ταῦτα
2633 4427 2806 4493 οὕτως
2855 4430 2993 4507 ἔχει,
3025 4428 3062 4501 ἤ
3103 4428 3164 4486 οὕ
3198 4451 3211 4501 ;
3242 4431 3331 4486 καὶ
3365 4431 3410 4487 εἰ
3454 4433 3546 4506 μὲν
3583 4430 3758 4495 οὕτως

2112 4518 2228 4596 ἔχει
2260 4520 2336 4583 ὡς
2385 4518 2637 4595 λέγομεν³
2679 4520 2767 4575 καὶ
2815 4518 2921 4575 ὧδε
2968 4519 3394 4583 συναπολαύσεις
3447 4523 3596 4579 308
3643 4526 3760 4583 τοῖς

2034 4598 2081 4662 D
2113 4608 2417 4687 φιλτάτοις,
2447 4608 2601 4664 κάκεῖ
2646 4608 3041 4679 συνανοιπιιύση⁸
3076 4609 3122 4665 εἰ
3164 4607 3219 4664 δὲ
3249 4608 3299 4664 ἐν
3329 4614 3399 4683 τῇ
3429 4614 3538 4665 τῶν
3573 4608 3757 4685 λόγων

2113 4702 2261 4753 σου⁵
2298 4697 2478 4771 σκέψει
2539 4694 2710 4772 δείξῃς
2763 4699 2831 4753 τά
2889 4699 2975 4777 ὑφ’
3032 4701 3193 4772 ἡμῶν
3255 4696 3528 4773 λεγόμενα
3588 4698 3757 4771 μῦθόν

2111 4808 2229 4843 τινα
2257 4783 2427 4862 ψευδῆ
2462 4786 2616 4858 εἶναι,
2666 4787 2757 4842 καὶ
2807 4787 2983 4851 οὕτως
3032 4787 3214 4851 καλῶς
3262 4790 3535 4860 ποιήσεις,
3568 4787 3763 4850 αὖτοὺς

2114 4876 2506 4953 ὀμογνώμονάς
2557 4879 2639 4931 σοι
2690 4874 2971 4956 εἶληφὼς,
3018 4876 3107 4933 καὶ
3154 4875 3252 4932 τοῦ
3308 4882 3489 4940 κεναῖς
3546 4874 3757 4932 ἐλπίσιν

2115 4963 2478 5042 ἐπερείδεσθαι
2545 4964 2767 5027 παύσεις
2801 5009 2815 5036 ,
2872 4966 2963 5021 καὶ
3024 4962 3232 5041 ψευδῶν
3309 4959 3492 5043 φόϐων
3554 4962 3701 5021 ἀπαλ
3734 4997 3759 5009 -

2115 5053 2412 5200 ’Καὶ
2444 5140 2471 5195 6
2507 5142 2707 5215 πατήρο
2742 5139 2935 5197 Πολλᾶ
2986 5142 3147 5221 φαίνῃ
3200 5164 3292 5217 μοι
3326 5139 3529 5219 εὔλογα
3564 5140 3764 5219 λέγων

1710 5342 1951 5399 VARle
1989 5340 2377 5398 LECTIONES
2390 5381 2402 5395 .

436 5464 480 5501 9⁸
514 5466 596 5522 lta
625 5465 686 5522 0.
708 5482 774 5539 Ac.
814 5468 988 5539 ιε’ρᾴιη
1023 5462 1683 5539 ἐποιησάμην-Θηρυρω
1726 5465 1925 5521 ἐθέλων
1972 5467 2083 5539 leg.
2112 5467 2384 5539 censet
2421 5464 2466 5497 9⁵
2496 5459 2636 5539 εἶναι.
2678 5480 2733 5534 p.
2786 5461 2875 5517 τὸν
2931 5462 3098 5539 μάγον
3137 5460 3276 5539 *ὄντα
3324 5466 3396 5539 0:.
3437 5464 3477 5499 ⁹¹
3504 5460 3589 5524 ὡς
3612 5461 3671 5515 ἄν
3699 5461 3760 5539 _C.

362 5538 408 5573 97
440 5541 614 5611 χαρᾷς
662 5532 1036 5611 πληρωθέντες
1070 5537 1132 5592 Ο.
1184 5537 1227 5611 9-⁸
1262 5532 1395 5611 μετά
1435 5535 1526 5589 τὸν
1560 5532 1858 5611 χωρισμὸν
1902 5532 2231 5611 τῆςίνψυχῆς
2267 5532 2383 5611 ’ἀπὸ
2431 5532 2825 5611 τοῦφσώματος
2855 5532 3080 5611 συνόντα
3132 5536 3337 5611 ἄλυπον
3354 5532 3574 5611 ᾼέσεσθᾳι
3605 5540 3663 5591 C.
3699 5534 3763 5591 In

360 5603 664 5685 EptflifZZ,
699 5603 868 5685 συνὼν
894 5607 949 5685 ἐν
985 5603 1281 5685 εύφροσιξνῄ
1313 5603 1714 5685 διάἷῃς.3ΐῃὰὶ

362 5626 505 5682 δρα.
543 5626 664 5675 lzz,
699 5628 868 5661 συνων
898 5626 949 5663 εν
985 5626 1281 5685 ευφροσυνῃ
1313 5626 1401 5659 οια
1440 5627 1451 5677 ι

362 5684 420 5738 C.
454 5681 476 5716 ³
506 5675 565 5734 ἄν
592 5697 709 5738 om.
742 5680 806 5739 0.
840 5681 862 5716 ⁸
894 5680 979 5738 Ita
1008 5680 1091 5749 8.,
1125 5676 1377 5750 πείσομεν
1404 5626 1451 5735 ί]

1822 5612 1880 5665 d.
1908 5601 1968 5666 οξ
1991 5601 2073 5665 Ο.’
2096 5601 2165 5684 ξοδ
2190 5601 2398 5684 μάλλον
2434 5602 2496 5658 οὐ
2527 5601 2759 5677 λυπήσει
2792 5610 2850 5663 C.
2886 5610 2903 5644 ¹
2938 5609 3023 5665 Ita
3063 5610 3205 5681 Epit.
3241 5613 3299 5666 et
3344 5606 3435 5679 0.,
3477 5603 3626 5684 λόγω
3665 5625 3762 5660 σου

1459 5720 1496 5748 .,
1528 5678 1593 5736 0.
1620 5680 1644 5715 ⁴
1672 5700 1767 5734 σου
1797 5680 2119 5754 interposui
2149 5677 2199 5736 c.
2231 5677 2297 5735 0.
