4148 6342
492 357 611 415 359

1311 356 1375 414 S.
1423 352 1864 414 CLEMENTIS
1914 355 1934 413 l
1980 354 2170 414 ROM.
2217 355 2450 414 PONT.
2496 355 2757 415 OPEBA
2801 356 3074 416 DUBiA.

3786 361 3907 421 360

494 488 687 544 aiebat
734 504 881 558 esse,
933 491 990 542 et
1036 488 1087 541 ei
1149 486 1246 556 qui
1302 485 1596 540 maxillam
1657 489 1816 540 tuam
1866 485 2118 557 percutit

2260 482 2525 561 ἐφαίνετο.
2578 484 2674 539 Καὶ
2732 484 2795 540 τὸ
2854 490 2974 547 πῶς
3031 485 3158 562 ἐρῶ.
3219 486 3430 542 Δίκαιον
3493 485 3712 566 ἔφασκεν
3775 490 3904 545 εἶναι

494 577 737 632 alteram
770 593 1001 649 quoque
1052 592 1363 647 opponere,
1412 580 1468 629 et
1496 574 1545 629 ei
1608 574 1709 646 qui
1751 574 1941 629 aufert
1971 580 2139 629 tuum

494 666 761 739 pallium,
794 666 1019 720 tradere
1077 669 1133 720 et
1175 666 1441 729 maforte,
1492 673 1546 718 et
1612 680 1743 718 cum
1793 680 1879 733 eo,
1936 664 2035 735 qui
2068 664 2137 719 ad

493 772 677 810 unum
709 754 959 809 milliare
985 754 1186 826 adigit,
1215 770 1315 825 per
1336 754 1451 807 duo
1485 751 1792 823 proﬁcisci,
1821 758 1993 823 atque
2026 752 2140 808 alia

493 844 711 900 similia
740 844 838 916 (a).

564 933 654 988 VI.
690 933 1007 1004 Respondit
1037 936 1240 987 Petrus
1270 948 1281 986 :
1314 930 1483 1000 Atqui
1518 930 1625 986 hoc
1645 929 1993 986 existimasti
2026 930 2136 983 ini-

492 1038 699 1093 quum,
730 1023 881 1092 quod
915 1020 1317 1092 aequissimum
1352 1026 1458 1074 est.
1492 1021 1569 1073 Ac
1600 1018 1649 1073 si
1687 1018 1848 1074 lubet
1877 1020 2034 1073 audi.
2069 1018 2138 1073 Et

490 1116 656 1183 pater
686 1110 863 1166 dixit:
900 1110 1144 1165 Prorsus
1174 1109 1355 1163 lubet.
1388 1108 1538 1162 Tum
1572 1112 1777 1163 Petrus
1804 1125 1816 1163 :
1850 1108 2000 1163 Num
2030 1106 2135 1162 tibi

488 1201 720 1257 videtur
750 1216 883 1256 cum
910 1199 1025 1254 duo
1059 1214 1222 1271 reges
1274 1196 1496 1252 inimici
1546 1201 1685 1252 sunt
1714 1201 1770 1252 et
1797 1195 2012 1251 divisas
2044 1213 2131 1252 re-

488 1290 692 1363 giones
722 1294 944 1355 tenent,
977 1289 1023 1343 si
1049 1286 1340 1359 quispiam
1372 1303 1441 1342 ex
1470 1285 1563 1352 iis,
1587 1287 1685 1357 qui
1718 1285 1960 1356 subjecti
1997 1289 2136 1341 sunt

485 1378 670 1443 alteri,
705 1378 761 1432 in
795 1376 1034 1432 alterius
1061 1375 1292 1447 regione
1344 1374 1833 1446 deprehendatur,
1890 1374 2134 1445 ideoque

486 1472 776 1522 mereatur
804 1471 1074 1533 mortem,
1109 1470 1164 1519 et
1214 1463 1474 1535 colapho,
1528 1480 1644 1519 non
1702 1469 1899 1518 autem
1943 1464 2132 1535 capite

482 1555 745 1627 punitus,
778 1571 1005 1625 poenam
1033 1554 1258 1619 evadat,
1286 1570 1427 1607 num
1452 1553 1679 1607 videtur
1700 1551 2133 1623 humanus,qui

482 1645 712 1699 veniam
746 1642 950 1698 dedit?
982 1644 1048 1696 Et
1080 1647 1242 1713 pater
1284 1641 1401 1696 ait:
1455 1641 1808 1695 Admodum.
1843 1641 1997 1695 Dixit
2031 1643 2130 1697 Pe-

482 1739 647 1788 trus:
683 1732 829 1797 Quid
862 1747 1015 1798 vero,
1061 1731 1111 1785 si
1162 1730 1211 1784 is
1245 1731 1367 1801 ipse
1419 1730 1593 1784 etiam
1627 1729 1797 1783 alicui
1833 1728 2130 1801 proprium

481 1822 569 1877 vel
604 1822 763 1877 aliud
798 1820 895 1892 qui
930 1821 1173 1884 auferat,
1207 1823 1261 1874 et
1300 1819 1357 1872 in
1392 1819 1545 1873 furto
1588 1818 2048 1889 comprehensus
2079 1818 2131 1873 si

482 1910 726 1981 duplum
759 1910 876 1977 det,
901 1926 1032 1963 cum
1055 1906 1369 1979 quadrupli
1401 1906 1737 1976 sitdebitor,
1772 1908 1898 1960 insu
1913 1922 2128 1977 perque

480 1999 708 2064 mortis,
742 1999 839 2069 qui
875 2013 1083 2069 nempe
1119 1996 1176 2051 in
1206 1994 1521 2051 adversarii
1555 1995 1770 2049 ﬁnibus
1801 2000 2007 2065 captus
2029 1994 2124 2060 sit,

480 2104 674 2143 nonne
705 2086 809 2142 tibi
842 2084 1429 2153 videtur,humanum
1452 2099 1579 2139 esse
1601 2082 1853 2153 eum,qui
1881 2081 2122 2153 duplum

478 2177 701 2248 accepit
732 2180 787 2230 et
818 2179 1061 2229 mortem
1114 2172 1194 2227 illi
1229 2172 1500 2228 remisit?
1534 2177 1595 2226 Et
1644 2177 1807 2243 pater
1849 2171 1965 2225 ait:
2000 2170 2125 2225 Cla-

481 2283 613 2320 rum
646 2270 753 2319 est.
786 2266 865 2319 Ac
897 2264 1135 2318 Petrus:
1171 2263 1315 2325 Quid
1350 2278 1503 2330 vero,
1539 2277 1729 2315 nonne
1759 2264 2005 2331 oportet,
2039 2265 2122 2327 ut,

479 2355 574 2424 qui
610 2354 666 2407 in
696 2353 934 2408 alterius
974 2368 1148 2423 regno
1196 2355 1479 2415 versatur,
1529 2350 1703 2421 idque
1754 2348 1986 2419 pessimi
2021 2347 2122 2403 ho-

481 2444 608 2508 stis,
642 2443 821 2496 vitam
853 2441 1234 2496 conservandi
1255 2440 1443 2510 gratia
1462 2438 1737 2493 omnibus
1759 2436 2050 2502 aduletur,
2069 2440 2127 2491 et

477 2532 529 2585 vi
564 2530 931 2602 adigentibus
964 2528 1152 2600 magis
1183 2529 1369 2594 cedat,
1405 2545 1515 2582 non
1546 2526 1867 2582 salutantes
1889 2525 2121 2589 salutet,

476 2619 747 2674 inimicos
777 2619 889 2673 sibi
923 2616 1212 2679 conciliet,
1246 2632 1379 2671 cum
1416 2615 1804 2671 irascentibus
1836 2632 1949 2669 non
1984 2630 2119 2668 con-

474 2710 696 2775 tendat,
759 2724 861 2763 sua
922 2705 1083 2762 omni
1139 2706 1414 2760 audacter
1483 2704 1699 2776 petenti
1759 2703 2010 2775 praebeat
2067 2707 2124 2757 et

477 2796 651 2852 faciat
681 2811 1037 2867 quacunque
1088 2800 1225 2849 sunt
1279 2792 1664 2863 hujusmodi?
1724 2793 1873 2847 Tum
1920 2796 2114 2863 pater:

477 2885 700 2941 Cuncta
729 2884 921 2956 potius
956 2883 1158 2938 merito
1189 2882 1525 2949 sustinebit,
1570 2881 1619 2936 si
1649 2880 1740 2936 bis
1765 2881 1942 2935 vitam
1977 2897 2120 2952 prae-

476 2976 608 3030 fert.

547 3062 665 3117 VII.
700 3062 768 3118 Et
792 3062 1034 3116 Petrus:
1092 3060 1294 3115 Nonne
1352 3058 1531 3130 igitur
1587 3056 1647 3123 ii,
1709 3074 1855 3129 quos
1887 3058 2120 3113 dicebas

474 3153 625 3207 afﬁci
658 3151 892 3221 injuria,
928 3150 1040 3221 ipsi
1090 3154 1229 3204 sunt
1284 3149 1486 3203 ﬁnium
1542 3152 2025 3218 transgressores,
2060 3148 2118 3202 in

2250 572 2442 644 καὶτῷ
2470 572 2725 628 τύπτοντι
2778 574 2941 627 αὐτοῦ
2999 576 3097 643 τήν
3150 574 3370 651 σιαγόνα
3417 577 3763 652 παρατιθέναι
3811 579 3903 633 καὶ

2247 662 2345 730 τήν
2402 661 2604 736 ἑτέραν,
2639 662 2727 716 καὶ
2774 660 2856 734 τῷ
2902 660 3107 737 αἶ’ροντι
3157 664 3320 718 αὐτοῦ
3358 666 3420 720 τὸ
3472 666 3689 738 ἱμάτιον
3736 688 3906 742 προσ-

2250 748 2456 804 διδόναι
2490 749 2578 805 καὶ
2608 751 2670 805 τὸ
2723 750 2987 829 μαφόριον
3020 754 3166 824 ³⁵3³⁸,
3200 754 3552 830 ἀγγαρεύοντι
3601 753 3657 810 δέ
3710 756 3899 829 μίλιον

2247 838 2302 893 ἓν
2334 838 2757 914 συναπέρχεσθαι
2790 837 2907 907 δύο,
2940 840 3028 895 καὶ
3063 840 3160 896 ὅσα
3187 847 3430 899 τοιαῦτα.

2318 929 2413 983 Vl.
2444 927 2541 982 Kal
2573 929 2600 982 6
2634 929 2840 1003 Πέτρος
2894 929 3237 1004 ἀπεκρίνατο*
3272 930 3426 987 Ἀλλ’
3473 930 3728 1005 ἐνόμισας
3780 931 3900 989 ἄδι-

2246 1035 2341 1070 κον
2367 1014 2397 1070 6'
2422 1037 2475 1070 τι
2519 1014 2856 1072 δικαιότατόν
2906 1016 3067 1075 ἐστιν.
3102 1016 3174 1075 El'
3197 1040 3280 1074 σοι
3330 1018 3488 1097 φίλον
3536 1018 3700 1091 ἐστὶν,
3730 1019 3903 1078 ἄκου-

2248 1125 2357 1161 σον.
2391 1104 2488 1159 Καὶ
2549 1105 2577 1159 ὁ
2634 1108 2813 1182 πατὴρ
2864 1109 2908 1143 ³⁷
2966 1103 3089 1185 ἔφη’
3146 1109 3288 1164 Πάνυ
3346 1130 3440 1182 μοι
3494 1109 3676 1187 φίλον.
3721 1111 3820 1166 Καὶ
3870 1114 3901 1167 6

2245 1192 2471 1269 Πέτρος’
2523 1193 2596 1249 Οὐ
2650 1191 2801 1249 δοκεῖ
2850 1216 2954 1266 σοι,
2998 1193 3093 1251 δύο
3143 1196 3353 1273 ἐχθρῶν
3405 1198 3670 1272 βασιλέων
3728 1194 3902 1256 ὄντων

2244 1281 2334 1336 καὶ
2377 1279 2706 1359 διῃρημένοις
2733 1283 2826 1345 τὰς
2860 1285 3047 1360 χώρας
3078 1283 3343 1360 ἐχόντων,
3374 1284 3427 1341 εἷ’
3449 1307 3531 1349 τις
3562 1288 3621 1343 ἐκ
3649 1293 3756 1342 τῶν
3799 1292 3900 1343 τοῦ

2247 1369 2363 1432 ἐνὸς
2414 1371 2667 1442 ὑπηκόων
2718 1371 2768 1426 ἐν
2814 1376 2882 1445 τῇ
2930 1377 3026 1427 τοῦ
3070 1373 3252 1446 ἐτέρου
3282 1375 3442 1451 χώρᾳ
3472 1375 3775 1453 φωραθείη,
3804 1377 3898 1432 καὶ

2246 1456 2334 1514 διὰ
2362 1465 2521 1515 τοῦτο
2555 1460 2775 1524 θάνατον
2827 1459 3063 1539 ὀφείλων
3095 1463 3160 1531 ³⁸,
3196 1461 3282 1516 ἐὰν
3332 1462 3629 1538 ῥαπίσματι
3677 1465 3767 1520 καὶ
3818 1468 3896 1540 μή

2242 1548 2452 1621 θανάτῳ
2490 1557 2587 1618 τῆς
2624 1549 2895 1625 τιμωρίας
2941 1549 3212 1625 ἀπολυθῇ,
3246 1551 3308 1606 οὐ
3358 1553 3599 1631 φαίνεται
3654 1555 3760 1626 μὴν
3790 1558 3835 1591 ²⁹
3866 1556 3896 1611 6

2244 1638 2523 1700 ἀπολύσας
2567 1637 2951 1712 φιλάνθρωπος
3004 1639 3177 1708 εἶναι;
3213 1640 3308 1695 Kal
3343 1642 3370 1695 6
3402 1644 3581 1715 πατὴρ
3631 1638 3756 1720 ἔφη·
3793 1644 3895 1699 Kal

2241 1728 2400 1783 πάνυ.
2436 1728 2531 1781 Καὶ
2583 1729 2609 1782 6
2669 1726 2869 1801 Πέτρος
2929 1727 3052 1806 ἔφη*
3088 1729 3148 1783 Τί
3203 1728 3279 1801 δὲ,
3335 1730 3379 1784 εί
3429 1732 3519 1785 καὶ
3566 1729 3703 1787 ἴδιόν
3750 1754 3804 1788 τι
3848 1736 3895 1772 ³ο

2240 1835 2380 1878 τινος
2435 1815 2592 1877 αὐτὸς
2642 1816 2797 1878 οὗτος
2847 1816 3135 1894 ἀφέληται,
3168 1819 3202 1887 ἦ
3249 1820 3337 1873 καὶ
3379 1818 3673 1896 ἀλλότριον
3702 1823 3766 1890 δι,
3799 1822 3893 1877 καὶ

2239 1903 2325 1958 ἐπὶ
2372 1904 2553 1976 τούτῳ
2598 1903 2933 1982 συλληρθεὶς
2982 1905 3069 1961 ἐὰν
3123 1904 3407 1962 διπλάσιον
3457 1906 3553 1980 δῷ,
3585 1909 3892 1985 τετραπλά-

2239 2014 2351 2047 σιον
2389 1992 2624 2071 ὀφείλων
2657 1996 2723 2065 ⁸2,
2757 1995 2843 2048 καὶ
2878 1996 2942 2049 τὸ
2972 1997 3165 2064 θανεῖν,
3200 1996 3275 2057 ὡς
3326 1996 3377 2050 ἐν
3428 2000 3574 2054 311
3624 2004 3743 2060 τοῖς
3791 2004 3892 2055 τοῦ

2238 2080 2475 2135 ἐναντίου
2524 2079 2691 2143 ἁλοὺς
2740 2081 2912 2157 ὅροις,
2945 2084 3006 2137 οὐ
3057 2080 3206 2137 δοκεῖ
3253 2105 3336 2139 σοι
3386 2084 3467 2139 ὅτι
3518 2086 3545 2139 6
3592 2083 3775 2141 λαϐὼν
3824 2088 3890 2143 τὸ

2239 2167 2524 2225 διπλάσιον
2558 2170 2646 2225 καὶ
2698 2170 2923 2225 θανάτου
2971 2171 3130 2226 αὐτὸν
3176 2172 3453 2236 ἀπολύσας
3503 2174 3888 2251 φιλάνθρωπος

2234 2259 2491 2335 τυγχάγει
2521 2287 2534 2327 ;
2569 2258 2669 2315 Kal
2697 2260 2724 2313 6
2756 2262 2933 2336 πατὴρ
2967 2259 3090 2337 ἔφη·
3131 2261 3397 2318 Φαίνεται.
3432 2263 3529 2317 Kal
3579 2264 3607 2317 6
3658 2264 3883 2341 Πέτρος.

2233 2348 2293 2401 Τί
2324 2347 2414 2417 δέ;
2452 2347 2515 2402 οὐ
2570 2349 2680 2423 χρὴ
2738 2349 2829 2403 τὸν
2892 2348 2942 2403 ἐν
2978 2350 3159 2424 ἐτέρου
3230 2350 3477 2425 βασιλείᾳ
3532 2348 3659 2407 ὄντα
3689 2357 3756 2419 ³³,
3791 2354 3884 2410 καὶ

2232 2441 2399 2491 ταῦτα
2427 2440 2672 2511 πονηροῦ
2700 2458 2847 2497 τινος
2909 2435 3129 2513 ἐχθροῦ,
3159 2443 3256 2493 τοῦ
3317 2444 3410 2513 ζῇν
3466 2442 3628 2516 χάριν
3678 2443 3885 2506 πάντας

2234 2524 2573 2600 κολαχεύειν,
2625 2524 2715 2579 καί
2788 2526 3172 2601 ἀγγαρεύουσιν
3231 2528 3319 2582 ἐπὶ
3370 2527 3561 2585 πλεῖον
3623 2530 3880 2605 ὑπείκειν,

2238 2615 2312 2687 μή
2372 2613 2868 2689 προσαγορεύοντας
2931 2626 3370 2691 προσαγορεύειν,
3420 2618 3649 2694 ἐχθροὺς
3721 2618 3880 2675 διαλ-

2233 2700 2468 2774 λάσσειν⁷
2538 2702 2914 2779 ὀργιζομένοις
2995 2706 3070 2777 μή
3147 2703 3495 2783 φιλονεικεῖν,
3555 2709 3622 2763 τὰ
3683 2709 3877 2763 ἑαυτοῦ

2232 2789 2400 2853 ἀδεῶς
2432 2795 2479 2829 ³⁸
2506 2792 2662 2846 παντὶ
2717 2793 2953 2848 αἰτοῦντι
3004 2794 3284 2870 παρέχειν,
3313 2796 3402 2850 καὶ
3460 2796 3555 2851 ὅσα
3609 2802 3875 2866 τοιαῦτα;

2232 2881 2330 2935 Kal
2361 2882 2619 2956 ὁπατήρο
2672 2883 2846 2937 Πάντα
2908 2880 3118 2955 μᾶλλον
3172 2883 3418 2960 εὐλόγως
3490 2887 3753 2956 ὑποσταίη
3807 2889 3877 2959 ³⁸,

2232 2967 2380 3043 εἷ’περ
2408 2971 2616 3025 τούτων
2642 2972 2705 3025 τὸ
2735 2975 2827 3044 ζῇν
2860 2971 3161 3046 προκρίνει.

2302 3061 2422 3116 VII.
2456 3060 2552 3114 Kal
2584 3060 2611 3114 6
2648 3061 2864 3135 Πέτρος
2901 3060 3110 3117 Οὐκοῦν
3141 3064 3185 3099 ³⁸
3216 3061 3308 3124 οὓς
3337 3059 3626 3118 ἀδικεῖσθαι
3667 3063 3879 3140 ἔλεγες,

2230 3146 2381 3202 αὐτοὶ
2429 3149 2752 3224 παρορισταὶ
2794 3150 3179 3225 τυγχάνουσιν,
3210 3151 3342 3205 καθὸ
3374 3155 3417 3187 ³⁷
3443 3151 3491 3206 ἐν
3547 3152 3726 3226 ἐτέρου
3777 3154 3884 3209 εἶσὶ

470 3245 755 3312 quantum
784 3245 1089 3294 versantur
1121 3239 1176 3292 in
1210 3254 1386 3308 regno
1419 3236 1678 3300 alterius,
1715 3242 1773 3290 et
1795 3236 1851 3289 in
1884 3240 2115 3291 tantum

2237 3236 2503 3312 βασιλείᾳ,
2532 3237 2621 3291 καὶ
2648 3242 2903 3292 τοσοῦτον
2952 3238 3273 3295 πλεονέκται
3323 3240 3475 3313 εἰσὶν,
3518 3241 3641 3296 ὅσον
3688 3263 3887 3312 κεκτη-

471 3330 907 3385 defraudatores
931 3334 1089 3396 sunt,
1114 3329 1171 3383 in
1197 3332 1483 3399 quantum
1510 3324 1856 3397 possident?
1885 3326 1992 3380 Sed
2019 3326 2117 3397 qui

471 3418 743 3473 videntur
774 3419 960 3474 facere
1009 3418 1309 3488 injuriam,
1362 3416 1678 3486 unicuique
1735 3430 1802 3470 ex
1831 3414 2121 3470 contraria

475 3511 639 3577 parte
684 3511 846 3561 tanta
892 3507 1315 3579 gratiﬁcantur,
1355 3508 1576 3575 quanta
1634 3504 1717 3559 eis
1774 3503 2121 3574 permittunt

474 3596 710 3651 habere.
746 3600 875 3650 Haec
906 3595 1120 3667 quippe
1151 3596 1219 3649 ad
1255 3611 1353 3649 eos
1381 3593 1692 3665 pertinent,
1725 3593 1822 3663 qui
1865 3609 2117 3664 praesen-

472 3686 555 3740 tia
586 3685 905 3757 elegerunt.
940 3685 1007 3738 Et
1033 3684 1173 3738 adeo
1223 3682 1463 3737 humani
1510 3686 1667 3747 sunt,
1701 3686 1767 3735 ut
1796 3680 1911 3735 illis
1940 3681 2115 3735 vitam

473 3775 709 3829 donent.
744 3778 929 3844 Atque
961 3771 1285 3841 exemplum
1338 3770 1419 3825 ita
1464 3770 1701 3841 quidem
1743 3769 1935 3823 habet.
1968 3769 2117 3824 Audi

462 3864 587 3932 jam
613 3862 800 3933 ipsam
827 3878 969 3916 rem.
990 3860 1263 3915 Veritatis
1292 3858 1571 3930 propheta
1592 3858 1903 3912 adveniens
1920 3858 2119 3913 docuit

470 3968 599 4019 nos,
636 3952 791 4022 quod
824 3949 1086 4005 omnium
1117 3953 1340 4003 creator
1360 3964 1424 4002 ac
1445 3947 1598 4002 Deus
1623 3947 1853 4001 duobus
1877 3947 2118 4018 quibus-

470 4040 605 4093 dam
639 4040 752 4094 duo
786 4055 965 4109 regna
994 4036 1470 4103 distribuit,bono
1501 4040 1555 4090 et
1588 4034 1759 4105 male,
1789 4035 1936 4090 dans
1964 4034 2115 4090 malo

469 4128 706 4198 quidem
738 4144 983 4199 regnum
1017 4126 1196 4197 hujus
1228 4126 1429 4179 mundi
1465 4142 1595 4180 cum
1631 4124 1774 4196 lege,
1806 4124 1891 4179 ita
1923 4130 1982 4178 ut
2014 4125 2114 4180 ha-

471 4217 606 4271 beat
636 4221 979 4287 potestatem
1022 4214 1337 4286 injuriosos
1382 4212 1684 4285 puniendi,
1740 4215 1889 4268 bono
1921 4218 2114 4269 autem

466 4304 714 4376 largitus
738 4306 1001 4359 futurum
1028 4308 1372 4375 perpetuum
1400 4307 1697 4357 saeculum.
1721 4301 2117 4373 Unumquem-

468 4410 582 4466 que
604 4410 735 4449 vero
767 4392 1072 4448 hominum
1101 4392 1349 4448 liberum
1374 4391 1528 4456 fecit,
1548 4391 1767 4463 quique
1789 4390 2001 4445 habeat
2024 4408 2117 4461 po-

462 4488 737 4539 testatem
771 4499 832 4539 se
875 4482 1142 4538 tradendi
1176 4481 1266 4535 cui
1314 4480 1472 4547 velit,
1506 4484 1603 4534 aut
1634 4480 1902 4550 praesenti
1939 4480 2114 4547 malo,

466 4577 567 4628 aut
598 4574 791 4627 futuro
823 4572 995 4627 bono.
1031 4572 1110 4626 Ex
1138 4570 1374 4642 quibus,
1408 4570 1505 4640 qui
1530 4568 1839 4639 praesentia
1868 4567 2112 4639 eligunt,
2145 4589 2187 4652 ο

465 4666 816 4734 potestatem
851 4660 1069 4716 habent
1120 4665 1186 4714 ut
1238 4658 1445 4714 divites
1492 4658 1631 4722 sint,
1683 4657 1740 4711 in
1792 4657 2018 4712 deliciis
2050 4673 2116 4712 ac

464 4750 859 4820 voluptatibus
894 4750 1070 4805 vitam
1094 4752 1354 4820 agant,et
1375 4745 1590 4802 similia
1619 4746 1816 4801 omnia
1847 4762 1950 4818 pro
1981 4746 2115 4801 viri-

467 4840 579 4896 bus
612 4840 953 4911 percipiant.
986 4839 1133 4894 Nam
1182 4837 1511 4892 futurorum
1565 4836 1851 4890 bonorum
1887 4834 2113 4890 nullum

538 4981 616 5055 (a)
650 4981 787 5036 Luc.
821 4998 897 5052 v1,
928 4981 1037 5049 29;
1072 4976 1278 5035 Matth.
1311 4994 1365 5046 v,
1397 4977 1486 5031 39.

2233 3326 2387 3399 μένοι
2451 3326 2615 3393 εἰσίν;
2659 3326 2720 3379 Ol
2780 3324 2825 3381 δ’
2881 3328 2924 3363 ³⁸
2980 3324 3182 3382 ἀδικεῖν
3241 3329 3591 3401 νομιζόμενοι
3646 3335 3885 3386 τοσαῦτα

2230 3414 2437 3487 έκάστῳ
2485 3419 2564 3485 τῷ
2604 3414 2654 3484 ἐξ
2707 3413 2947 3477 ἐναντίας
2995 3410 3106 3470 ὄντι
3162 3416 3475 3492 χαρίζονται
3526 3420 3593 3490 ³9,
3645 3418 3741 3473 ὅσα
3815 3418 3879 3474 ἂν

2229 3502 2411 3564 αὐτοῖς
2487 3498 2631 3576 ἔχειν
2703 3508 3082 3579 συγχωρῶσιν.
3137 3504 3321 3559 Αὐτῶν
3374 3506 3475 3582 γάρ
3553 3505 3661 3560 ἐστι
3710 3511 3882 3562 ταῦτα

2225 3596 2332 3645 τῶν
2368 3591 2435 3645 τὰ
2480 3590 2719 3667 παρόντα
2766 3590 3063 3665 ἑλομένων.
3100 3594 3195 3648 Καὶ
3250 3594 3326 3656 εἲς
3372 3600 3629 3650 τοσοῦτον
3682 3595 3877 3675 φιλάν-

2229 3680 2438 3756 θρωποί
2496 3679 2648 3748 εἷ’σιν,
2683 3682 2757 3743 ὡς
2805 3683 2868 3736 τὸ
2921 3686 3014 3756 ζῇν
3066 3680 3251 3745 αυτοῖς
3296 3689 3623 3758 συγχωρεῖν.
3672 3684 3767 3739 Καὶ
3812 3686 3876 3740 τὸ

2231 3769 2325 3841 μὲν
2381 3766 2725 3843 παράδειγμα
2775 3769 2945 3831 οὕτως
3002 3768 3136 3845 ἔχει.
3172 3772 3370 3826 ’Δκουε
3418 3769 3483 3840 δὴ
3535 3776 3579 3809 ⁴⁰
3626 3772 3754 3828 αὐτὸ
3809 3774 3876 3828 τὸ

2225 3864 2473 3933 πρᾶγμα.
2534 3858 2590 3910 Ὀ
2638 3865 2736 3927 τῆς
2785 3858 3039 3929 ἀληθείας
3084 3860 3270 3934 παρὼν
3304 3862 3593 3936 προφήτης
3624 3865 3663 3897 ⁴¹
3695 3858 3874 3916 ἐδίδα-

2227 3946 2306 4016 ξεν
2339 3949 2510 4018 ἡμᾶς,
2544 3945 2626 4000 ὅτι
2658 3947 2685 3999 ὁ
2716 3951 2824 4000 τῶν
2871 3946 3015 4002 ὅλων
3054 3944 3394 4023 δημιουργὸς
3444 3949 3533 4003 καὶ
3578 3950 3705 4011 Θεὸς
3754 3947 3875 4005 δυσί

2223 4056 2361 4089 τισιν
2395 4034 2651 4107 ἀπένειμε
2685 4034 2958 4110 βασιλείας
2999 4033 3117 4106 δύο,
3149 4036 3335 4112 ἀγαθῴ
3382 4058 3441 4091 τε
3484 4038 3593 4093 καῖ’
3624 4043 3877 4113 πονηρῷ,

2227 4122 2353 4185 δοὺς
2381 4123 2461 4196 τῷ
2498 4124 2590 4197 μὲν
2623 4129 2771 4195 κακῷ
2797 4129 2892 4178 τοῦ
2939 4125 3205 4201 παρόντος
3253 4125 3461 4198 κόσμου
3514 4128 3647 4199 μετὰ
3700 4128 3877 4200 νόμου

2224 4214 2321 4281 τὴν
2360 4210 2660 4287 βασιλείαν,
2695 4211 2818 4266 ὥστ’
2859 4211 2916 4266 ἂν
2972 4212 3117 4288 ἔχειν
3172 4212 3408 4284 ἐξουσίαν
3456 4213 3705 4284 κολάζειν
3746 4216 3878 4278 τοὺς

2224 4298 2563 4361 ἀδικοῦντας·
2598 4304 2675 4372 τῷ
2706 4303 2857 4359 312
2891 4299 2946 4355 δὲ
2977 4302 3157 4377 ἀγαθῴ
3204 4303 3292 4357 τὸν
3351 4302 3603 4377 ἐσόμενον
3634 4302 3807 4360 ἀίδιον
3837 4308 3881 4342 ⁸³

2224 4389 2409 4445 αἰῶνα.
2452 4393 2714 4443 ’Ἑκαστον
2750 4386 2806 4443 δὲ
2854 4395 2959 4443 τῶν
3010 4390 3306 4463 ἀνθρώπων
3362 4390 3642 4467 ἐλεύθερον
3685 4393 3877 4464 ἐποίη-

2225 4500 2310 4533 σεν
2353 4473 2498 4554 ἔχειν
2538 4478 2639 4546 τὴν
2670 4476 2907 4548 ἐξουσίαν
2963 4480 3147 4533 ἑαυτὸν
3204 4481 3489 4554 ἀπονέμειν
3518 4483 3563 4553 ᾧ
3599 4481 3875 4556 βούλεται,

2222 4568 2256 4637 ἢ
2288 4571 2367 4639 τῷ
2414 4566 2641 4642 παρόντι
2696 4571 2844 4639 κακῷ
2888 4568 2922 4631 ἢ
2966 4573 3046 4639 τῷ
3096 4567 3359 4641 μέλλοντι
3422 4571 3624 4646 ἀγαθῷ.
3676 4573 3770 4625 Ὧν
3822 4574 3877 4627 οἱ

2224 4655 2474 4728 ἐλόμενοι
2507 4656 2575 4710 τὰ
2617 4656 2854 4729 παρόντα
2905 4655 3145 4726 ἐξουσίαν
3196 4653 3385 4732 ἔχουσι
3438 4659 3715 4729 πλουτεῖν,
3744 4681 3877 4737 τρυ-

2225 4749 2349 4822 φᾷν,
2396 4741 2641 4814 ἥδεσθαι,
2698 4742 2787 4799 καὶ
2844 4745 2944 4799 πὰν
2994 4744 3024 4799 6'
3078 4765 3130 4799 τι
3188 4746 3248 4801 ἃν
3298 4743 3579 4805 δύνωνται.
3610 4753 3726 4803 Τῶν
3771 4751 3875 4824 γὰρ

2225 4832 2498 4908 ἐσομένων
2534 4834 2747 4909 ἀγαθῶν
2798 4831 2949 4889 οὐδὲν
2995 4830 3224 4906 ἕξουσιν.
3254 4836 3319 4891 Οἱ
3363 4832 3421 4892 δὲ
3466 4837 3531 4892 τὰ
3582 4844 3683 4908 τῆς
3747 4835 3879 4911 μελ-

1827 5128 2060 5186 νΑΗΙίΕ
2102 5130 2515 5187 LECTIONES.

538 5248 661 5290 "-25
718 5250 843 5304 Vid.
924 5249 1126 5306 Suicer
1204 5248 1459 5303 Thesaur.
1520 5262 1571 5300 s.
1647 5262 1698 5300 v.

1758 5247 2028 5314 Credner,
2093 5246 2363 5319 Beitraage
2421 5263 2458 5314 ι,
2525 5245 2648 5319 3_08.
2692 5245 2770 5319 _S.
2808 5245 2976 5319 _Tgum
3061 5249 3298 5319 adjunxi
3356 5242 3409 5302 ἕν
3469 5266 3517 5306 c.
3579 5252 3642 5304 0.

3719 5250 3763 5286 ιτ
3820 5248 3883 5313 ες

472 5336 529 5391 p.
563 5321 591 5373 ὁ
640 5322 821 5393 πατήρ
852 5326 917 5376 0.
995 5322 1039 5356 ³⁸
1074 5323 1158 5376 Ita
1190 5321 1407 5391 optime
1438 5319 1492 5380 S,
1528 5312 1745 5392 ὀφείλον
1779 5312 2030 5373 absurde
2062 5319 2127 5385 Ο,
2164 5312 2640 5389 ΕμίιῗὺαιίὺειιίοεΞ
2683 5312 2920 5391 ὀφειλώς
2980 5320 3025 5354 2°
3100 5312 3164 5388 ἥν
3196 5338 3312 5377 om.
3348 5323 3412 5377 0.
3475 5323 3522 5356 ³ο
3550 5319 3602 5373 τί
3632 5312 3881 5393 ascripsi

472 5409 540 5443 ex
572 5391 614 5443 0
645 5398 702 5443 et
734 5395 873 5443 Enit.
951 5393 992 5428 ³³
1029 5389 1167 5443 ἄλλο
1196 5412 1247 5443 τι
1281 5397 1337 5443 Ο.
1378 5391 1693 5443 lnseauens
1750 5387 1838 5440 καί
1902 5390 2119 5443 inserui
2152 5406 2201 5443 c.
2237 5394 2299 5443 υ.
2377 5388 2425 5421 ³³
2460 5383 2697 5443 ὀφείλων
2739 5394 2793 5443 S.
2827 5395 2891 5443 Ο.
2930 5339 3171 5443 ὀφειλώς
3204 5395 3264 5443 (ἶ.
3298 5394 3397 5443 aui
3454 5397 3617 5443 notat
3655 5409 3667 5443 :
3704 5399 3881 5443 Ροεηλ

471 5372 540 5445 ἔξ
645 5372 702 5446 et
734 5372 915 5461 Epit?
951 5393 992 5428 ³³
1196 5372 1253 5444 τί
1274 5372 1693 5464 ήΟξίῐλῐιεῷψίεηε
1750 5387 1838 5464 καί
1870 5372 2127 5464 inserui
2377 5388 2425 5421 ³³
2460 5383 2697 5464 όφείλων
2728 5372 2793 5464 ‘8",
2827 5372 3051 5464 0,695:

3080 5392 3397 5473 ,ώςηϐηᾳυῇ
3424 5397 3617 5473 .notat
3655 5409 3667 5447 :
3704 5392 3885 5473 Pmna

472 5452 784 5545 quadruin
820 5466 876 5545 ξιξ
909 5464 1061 5545 furto
1095 5452 1613 5545 sanciturmleg'ibus
1645 5461 1933 5545 plurimis.
2012 5459 2217 5545 3:1065
2243 5458 2427 5545 ἐτέρου
2465 5452 2985 5545 aenigmata;
3037 5463 3126 5515 τὸν
3153 5461 3227 5535 (ἐν
3256 5452 3462 5519 ’ωἰιόᾱ.
3499 5481 3567 5519 ex
3607 5467 3885 5539 conject.)

474 5527 657 5607 ἐτέρου
710 5527 977 5607 ⁵βασιλείᾳ
1034 5554 1156 5607 οντα
1212 5533 1281 5607 0.
1355 5527 1723 5607 “gl’ortas—s‘e
1749 5527 1973 5607 _‘ljaéw4:
2036 5532 2093 5587 S.

470 5600 571 5671 XII,
633 5606 682 5660 4.
731 5600 802 5640 ’θθ
852 5600 1043 5657 οὔκουν
1100 5605 1158 5659 C.

473 5677 519 5715 ⁸ο
553 5666 609 5734 δέ
642 5676 704 5735 Ο.
782 5677 824 5710 ⁴¹
857 5676 1145 5753 προφήτης
1176 5673 1361 5749 παρών
1392 5675 1453 5729 C.
1528 5673 1573 5707 ⁴²
1606 5666 1740 5725 ἴδιον
1774 5672 1839 5729 Ο.

2172 5527 2358 5601 “Alta
2401 5527 2561 5601 0;}.
2622 5529 2681 5595 S,
2746 5527 2979 5601 ὑποστέη

1237 5605 1281 5639 ³⁷
1311 5601 1472 5682 ,καθά
1606 5602 1705 5682 M33
1738 5594 1868 5682 ὦσιν
1927 5602 1977 5656 οἱ
2036 5621 2092 5674 p,
2149 5598 2299 5658 εἰσίν
2364 5599 2417 5653 οἱ
2448 5594 2495 5652 δ’
2524 5602 2586 5666 C,
2619 5594 2749 5652 ωσιν
2777 5618 2789 5670 ;
2824 5600 2875 5655 οἱ
2904 5594 2978 5658 8.’
3034 5607 3079 5641 ⁸9
3112 5610 3195 5663 Ita
3251 5610 3295 5663 Ο
3326 5623 3375 5663 c.
3408 5608 3465 5676 S,
3496 5594 3779 5682 χαρίζοντι
3812 5594 3875 5667 C:

3040 5540 3097 5589 Ο.
3154 5536 3246 5590 Cfr
3291 5535 3448 5591 hom.
3512 5536 3731 5607 II,_3l,
3780 5535 3875 5607 71,
