4140 6344
558 378 679 436 363

1379 379 1445 438 S.
1492 374 1938 437 CLEMENTIS
1982 375 2006 435 Ι
2055 372 2243 434 ROM.
2287 372 2518 432 PONT.
2567 372 2828 434 OPERA
2873 375 3139 437 DUBIA.

3843 382 3965 443 θοι

561 510 847 565 ﬂictiones
877 510 949 565 ad
981 514 1349 582 peccatorum
1380 509 1787 566 remissionem
1830 507 1971 580 pati.
2003 507 2073 561 Et
2104 505 2193 561 Pe-

2323 524 2463 576 ματα
2504 504 2594 559 καὶ
2640 506 2707 559 τὰ
2752 504 2895 577 πάθη
2929 507 2972 543 ⁸⁸
3028 505 3104 569 εἷς
3138 506 3319 586 ἄφεσιν
3372 508 3650 586 ἁμαρτιῶν
3678 510 3969 589 πάσχομεν

562 600 688 653 trus
722 614 736 653 :
769 602 941 654 Recte
970 598 1051 654 ita
1095 599 1289 654 habet.
1323 598 1439 654 Nos
1487 598 1666 669 enim,
1699 598 1799 668 qui
1832 597 2030 652 futura
2079 611 2204 650 ma-

560 687 804 759 luimus,
855 704 984 759 quae
1031 688 1202 760 plura
1246 688 1641 759 possidemus,
1690 703 1791 742 seu
1838 690 2049 751 vestes,
2101 699 2205 740 seu

561 775 744 841 cibos,
792 792 896 832 seu
944 776 1232 848 potiones,
1279 793 1383 833 seu
1435 777 1549 832 alia
1607 774 1919 847 quapiam,
1970 777 2207 846 peccata

558 865 957 936 possidemus,
989 865 1129 938 quia
1159 865 1304 920 nihil
1335 865 1615 921 debemus
1646 863 1880 929 habere,
1912 862 1998 918 uti
2030 860 2205 934 paulo

559 957 693 1009 ante
740 970 1011 1011 sermone
1083 954 1388 1011 declaravi.
1449 952 1734 1009 Omnibus
1801 950 2205 1023 possessiones

556 1044 794 1113 peccata
824 1042 1201 1099 sunt.Earum
1225 1042 1711 1115 qualitercumque
1736 1038 1980 1113 privatio
2012 1039 2206 1095 adem-

555 1129 679 1201 ptio
727 1135 818 1187 est
866 1130 1235 1187 delictorum.
1288 1131 1440 1187 Dixit
1486 1134 1651 1203 pater
1700 1145 1713 1184 :
1770 1129 1944 1185 Recte
2001 1127 2198 1200 habet,

556 1220 1053 1290 quemadmodum
1085 1219 1331 1277 divisisti
1361 1221 1508 1277 duos
1530 1220 1677 1275 ﬁnes
1699 1218 1950 1275 duorum
1971 1233 2197 1290 regum,

555 1312 621 1363 ut
652 1308 784 1380 quis
815 1310 971 1381 quod
1020 1309 1146 1365 vult
1173 1309 1351 1382 eligat
1398 1326 1468 1365 ex
1497 1308 1569 1365 iis
1599 1324 1727 1380 quae
1758 1309 1817 1363 in
1861 1305 2200 1364 alterutrius

556 1396 672 1453 sita
700 1402 839 1454 sunt
886 1403 1190 1471 potestate.
1242 1397 1392 1463 Quid
1441 1414 1593 1464 vero,
1627 1414 1702 1452 an
1754 1399 1813 1453 et
1859 1396 2201 1452 afﬂictiones

548 1485 708 1556 justo
738 1486 1042 1558 patimur?
1072 1488 1137 1543 Et
1167 1487 1371 1543 Petrus
1405 1505 1419 1541 :
1452 1483 2201 1555 Justissime.Quandoqui-

556 1575 688 1629 dem
720 1574 877 1630 enim
909 1591 1111 1631 eorum
1143 1575 1244 1647 qui
1274 1574 1575 1632 salvantur
1602 1574 1890 1631 terminus
1920 1577 2026 1641 est,
2052 1572 2204 1628 sicut

555 1662 692 1730 dixi,
727 1670 792 1719 ut
821 1682 991 1721 nemo
1024 1664 1244 1737 aliquid
1277 1665 1507 1732 habeat,
1544 1663 1743 1720 multis
1774 1668 1969 1719 autem
2001 1661 2199 1718 multae

553 1757 876 1824 suppetunt
930 1755 1353 1826 possessiones,
1405 1771 1533 1826 quae
1592 1754 1762 1810 aliter
1821 1756 1877 1808 et
1939 1755 2196 1824 peccata,

2314 593 2468 648 Καὶὸ
2513 593 2753 669 Πέτρος·
2805 594 3007 667 Ὀρθῶς
3056 592 3171 671 ἔχει
3219 596 3308 652 καὶ
3359 598 3555 661 οὕτως.
3603 601 3793 673 Ἡμεῖς
3859 603 3965 679 γὰρ

2315 680 2368 735 οἱ
2422 679 2677 755 ἑλόμενοι
2734 685 2890 741 314
2939 683 3007 739 τὰ
3057 680 3307 759 ἐσόμενα,
3357 685 3390 741 ἃ
3444 690 3756 761 κεκτήμεθα
3804 688 3964 745 πλεί-

2314 789 2410 823 ονα
2440 771 2572 843 (46),
2607 767 2713 825 εἶτε
2744 769 3019 845 ἐσθήματα
3047 775 3092 810 ⁵⁸
3142 772 3249 829 εἷ’τε
3302 776 3586 851 βρώματα,
3638 776 3743 834 εἴτε
3799 780 3959 853 ποτὰ,

2315 855 2420 913 εἶίτε
2451 856 2595 915 ἄλλα
2622 860 2759 931 τινὰ,
2792 859 3055 938 ἁμαρτίας
3087 864 3414 935 κεκτήμεθα,
3442 862 3531 919 διὰ
3577 866 3639 921 τὸ
3690 864 3798 922 δεῖν
3849 891 3959 941 μη-

2316 942 2399 1001 δὲν
2432 942 2601 1022 ἔχειν,
2636 947 2709 1011 ὡς
2741 953 2920 1024 μικρῷ
2947 948 3140 1026 τάχιον
3192 948 3395 1007 διεῖλον
3439 953 3529 1008 τὸν
3583 949 3767 1031 λόγον.
3820 962 3956 1012 Πᾶσι

2310 1036 2378 1090 τὰ
2431 1038 2685 1111 κτήματα
2732 1037 3098 1114 ἀμαρτήματκ
3134 1041 3199 1098 ⁵⁷.
3257 1040 3321 1098 Ἠ
3377 1040 3585 1098 τούτων
3630 1043 3779 1106 ’ὁπως
3826 1046 3960 1100 ποτὲ

2312 1122 2564 1210 στέρησις
2630 1126 2909 1202 ἁμαρτιῶν
2965 1126 3105 1183 ἐστιν
3173 1127 3473 1207 ἀφαίρεσις.
3534 1132 3634 1186 Καὶ
3693 1134 3721 1188 ὁ
3777 1135 3957 1210 πατὴρ

2313 1209 2445 1291 ἔφη’
2498 1212 2843 1280 Ἀκολούθως
2902 1213 3040 1293 ἔχει,
3070 1219 3251 1283 καθὼς
3303 1215 3503 1283 διεῖλες
3533 1222 3578 1258 ⁸⁸
3634 1219 3793 1298 ὅρους
3850 1227 3961 1279 τῶν

2313 1299 2409 1357 δύο
2461 1302 2753 1379 βασιλέων,
2798 1305 2867 1360 τὰ
2914 1303 2993 1383 ἐφ’
3040 1304 3245 1380 ἑκάστῳ
3281 1311 3391 1363 τῶν
3438 1308 3540 1364 ὑπὸ
3585 1311 3685 1379 τὴν
3717 1310 3957 1382 ἐξουσίαν

2311 1389 2487 1446 αὐτῶν
2533 1387 2702 1447 ὄντων
2778 1393 3040 1468 αἱρεῖσθαι
3099 1395 3128 1449 ὃ
3202 1393 3477 1469 βούλεται.
3526 1398 3588 1453 Τί
3638 1396 3695 1454 δὲ
3743 1400 3832 1455 καὶ
3890 1402 3959 1457 τὰ

2309 1481 2456 1551 πάθη
2489 1482 2534 1518 ⁵⁸
2563 1481 2608 1536 εἰ
2640 1479 2863 1545 δικαίως
2890 1479 3178 1559 πάσχομεν
3208 1502 3222 1556 ;
3254 1483 3344 1540 καὶ
3377 1487 3405 1542 ὁ
3447 1485 3649 1563 Πέτρος
3675 1508 3688 1522 ο
3740 1490 3957 1545 Δικαιό-

2307 1590 2461 1627 τατα.
2530 1570 2681 1625 Ἐπεὶ
2728 1571 2833 1648 γὰρ
2880 1570 2908 1625 ὁ
2962 1575 3070 1627 τῶν
3119 1572 3444 1647 σωζομένων
3495 1574 3621 1651 ὅρος
3668 1575 3826 1645 ἐστὶν,
3880 1580 3959 1642 ὡς

2312 1654 2463 1733 ἔφην,
2520 1658 2583 1713 τὸ
2620 1660 2665 1695 ⁶⁰
2725 1655 2915 1731 μηδενὶ
2976 1656 3116 1733 μηδὲ
3182 1659 3468 1738 ὑπάρχειν,
3531 1663 3761 1741 ὑπάρχει
3793 1669 3836 1703 ⁸1
3896 1662 3955 1721 δὲ

2308 1745 2495 1802 πολλὰ
2540 1744 2775 1809 πολλοῖς
2821 1749 3093 1821 κτήματα,
3150 1750 3241 1804 καὶ
3309 1749 3496 1813 ἄλλως
3562 1753 3947 1827 ἁμαρτήματα,

549 1840 679 1897 ideo
711 1859 815 1914 per
842 1843 1117 1899 eximiam
1147 1843 1250 1898 Dei
1280 1842 1708 1899 humanitatem
1744 1842 2087 1898 afﬂictiones
2117 1840 2193 1895 in-

2306 1838 2501 1891 τούτου
2549 1839 2710 1913 χάριν
2761 1835 2813 1907 ἐξ
2868 1832 3319 1911 ὐπερϐάλλούσης
3349 1845 3483 1895 Θεοῦ
3540 1840 3950 1919 φιλανθρωπίας

553 1930 851 1987 ducuntur
879 1932 951 1987 iis
983 1932 1082 2004 qui
1132 1949 1249 1988 non
1282 1949 1424 2005 pure
1464 1932 1685 2001 vivunt,
1719 1936 1785 1987 ut
1812 1935 2050 2003 propter
2097 1928 2199 1985 ali-

553 2024 836 2091 quantam
887 2037 1026 2094 erga
1065 2021 1252 2077 Deum
1300 2021 1646 2077 charitatem
1697 2038 1799 2094 per
1844 2018 2199 2092 temporaria

550 2108 839 2181 supplicia
867 2110 1099 2166 aaternis
1125 2112 1311 2181 poenis
1342 2110 1684 2167 liberentur.

619 2198 686 2253 X.
719 2200 869 2254 Tum
900 2203 1064 2271 pater
1095 2215 1110 2255 :
1144 2199 1293 2264 Quid
1324 2199 1702 2267 enim,nonne
1733 2197 1953 2254 multos
1981 2195 2195 2269 impios

548 2287 819 2343 videmus
851 2305 1138 2361 pauperes
1161 2288 1189 2343 ?
1217 2289 1299 2344 An
1347 2293 1655 2361 propterea
1682 2292 1739 2344 et
1784 2287 1869 2343 illi
1899 2293 2052 2343 inter
2095 2303 2195 2342 eos

546 2375 647 2448 qui
679 2375 929 2433 salutem
950 2380 1386 2450 consequentur
1414 2377 1765 2434 numerandi
1795 2381 1936 2433 sunt
1958 2377 2060 2432 ?Et
2088 2375 2192 2432 Pe-

542 2468 671 2520 trus
696 2483 709 2521 :
736 2465 1118 2538 Nequaquam
1150 2466 1552 2524 omnino.Non
1583 2466 1739 2523 enim
1772 2466 2073 2538 probanda
2101 2467 2191 2521 est

542 2554 760 2626 inopia,
794 2553 868 2621 si,
900 2572 1026 2626 quae
1085 2572 1200 2611 non
1245 2559 1490 2628 oportet,
1523 2560 1775 2628 appetat.
1822 2553 1913 2611 Sic
1957 2570 2193 2627 quoque

547 2642 817 2699 nonnulli
847 2642 1142 2700 voluntate
1193 2644 1399 2700 divites
1456 2662 1634 2717 opum
1665 2646 1805 2700 sunt
1825 2647 2193 2715 pauperes,et

542 2734 826 2803 tanquam
886 2731 1231 2788 facultatum
1290 2732 1487 2804 cupidi
1544 2733 1890 2805 puniuntur.
1926 2732 2034 2787 Sed
2084 2747 2190 2787 nec

548 2822 704 2893 quod
741 2820 957 2892 aliquis
984 2821 1062 2877 sit
1090 2838 1331 2894 pauper,
1364 2821 1567 2878 statim
1606 2822 1808 2893 justus
1838 2825 1943 2877 est.
1996 2821 2192 2876 Potest

551 2908 767 2981 quippe
792 2926 1016 2982 pauper
1046 2926 1173 2966 esse
1203 2909 1470 2982 pecunia,
1493 2914 1554 2966 at
1581 2926 1710 2966 eam
1744 2926 1975 2982 cupere,
2000 2912 2101 2964 aut
2131 2908 2188 2963 id

541 2997 730 3053 facere
761 2999 915 3070 quod
950 2998 1239 3072 praecipue
1269 3016 1386 3055 non
1417 2999 1890 3071 oportebat.Nam
1915 2997 2002 3054 vel
2032 2996 2188 3053 idola

545 3085 702 3151 colit,
734 3086 821 3141 vel
874 3086 1265 3159 blasphemat,
1317 3087 1402 3143 vel
1455 3087 1792 3159 fornicatur,
1818 3086 1907 3142 vel
1956 3085 2185 3141 indiffe-

540 3180 735 3230 renter
763 3175 920 3246 vivit,
954 3177 1246 3247 perjurus,
1280 3177 1549 3249 mendax,
1580 3180 1681 3232 aut
1710 3174 1983 3231 infidelis.
2016 3175 2187 3230 Crete-

2307 1924 2560 2001 ἐπάγεναι
2588 1925 2655 1982 τὰ
2681 1924 2824 1997 πάθη
2865 1932 2980 1990 τοῖς
3016 1928 3090 2001 μὴ
3126 1926 3433 2003 εἰλικρινῶς
3479 1928 3944 2006 πολιτευομένοις,

2300 2012 2393 2070 ’ίνα
2434 2012 2524 2071 διὰ
2563 2015 2628 2071 τὸ
2675 2020 2858 2079 ποσῶς
2880 2018 2926 2053 ⁸³
2972 2013 3222 2093 φιλόθεον
3273 2017 3626 2096 προσκαίροις
3655 2020 3949 2096 τιμωρίαις

2304 2102 2540 2160 αῗωνίων
2573 2106 2786 2160 σωθῶσι
2816 2104 3117 2161 κολάσεων.

2374 2198 2439 2251 Χ.
2472 2194 2570 2248 Καὶ
2602 2215 2631 2269 9
2660 2195 2841 2271 πατήρ
2866 2212 2880 2227 ⁸
2910 2191 2973 2247 Τί
3004 2192 3061 2249 δὲ
3089 2196 3136 2232 ⁸³
3165 2193 3227 2250 οὖ
3257 2192 3503 2259 πολλοὺς
3549 2192 3761 2262 ἀσεϐεῖς
3808 2201 3952 2276 ὀρῶ-

2307 2303 2400 2355 μεν
2434 2282 2669 2354 πένητας
2697 2301 2711 2353 ;
2745 2282 2878 2339 Εἶτα
2904 2284 2951 2321 ⁸⁸
2980 2282 3128 2357 παρᾶ
3153 2287 3316 2340 τοῦτο
3365 2284 3455 2341 καὶ
3495 2286 3645 2342 οῦτοι
3687 2292 3793 2343 τῶν
3844 2310 3952 2344 σω-

2305 2372 2547 2444 ζομένων
2599 2370 2768 2442 εἶσίνς
2814 2372 2975 2429 Καὶὸ
3027 2371 3273 2447 Πέτροςο
3323 2372 3395 2428 Οὐ
3426 2373 3662 2439 πάντως.
3721 2375 3795 2432 Οὐ
3851 2377 3953 2455 γὰρ

2301 2457 2574 2529 ἀποδεκτή
2606 2462 2641 2529 ἡ
2693 2460 2851 2515 πενία
2906 2461 2979 2516 ὧν
3029 2462 3104 2535 μὴ
3136 2468 3406 2537 προσῆκεν
3440 2461 3759 2540 ὀρεγόμένη.
3790 2472 3953 2523 ’Ώστε

2297 2549 2439 2611 τινὲς
2468 2551 2538 2623 τῇ
2569 2549 2879 2626 ποραιρέσει
2911 2549 3208 2606 πλουτοῦσι
3234 2551 3523 2625 πενόμενοι
3553 2555 3597 2591 ⁸⁵
3635 2556 3946 2630 χρήμασιν,

2299 2638 2387 2693 καὶ
2433 2638 2508 2701 ὡς
2537 2637 2876 2694 πλεονεκτεῖν
2907 2637 3291 2713 ἐπιθυμοῦντες
3338 2646 3728 2718 τιμωροῦνται.
3789 2648 3941 2704 315

2297 2725 2456 2783 Ἀλλ’
2509 2727 2634 2783 οὐδὲ
2684 2727 2734 2783 ἐν
2781 2732 2862 2801 τῷ
2912 2726 3118 2799 πένητα
3163 2728 3294 2784 εἶναί
3332 2751 3453 2786 τινα
3490 2731 3706 2795 πάντως
3735 2731 3945 2799 δίκαιός

2297 2816 2459 2872 ἐστιν’
2519 2817 2744 2872 Δύναται
2785 2816 2885 2893 γὰρ
2915 2817 3140 2892 πτωχὸς
3173 2818 3266 2891 μὶν
3297 2824 3416 2881 τοῖς
3444 2821 3724 2895 χρήμασιν
3781 2822 3939 2898 εἶναι,

2296 2905 2575 2979 ἐπιθυμεῖν
2607 2903 2663 2961 δὲ
2691 2907 2725 2975 ἢ
2760 2907 2849 2961 καὶ
2879 2905 3129 2982 πράττειν
3188 2905 3218 2961 6'
3242 2910 3666 2983 προηγουμένως
3699 2910 3761 2965 οὐ
3791 2915 3943 2987 χρή-

2294 2995 2363 3051 Ἠ
2393 2996 2496 3071 γὰρ
2554 2992 2758 3051 εἴδωλα
2807 2989 2974 3066 σέϐει,
3029 2996 3065 3065 ἢ
3114 2993 3450 3075 βλασφημεῖ,
3511 2995 3547 3067 ἤ
3600 3000 3869 3075 πορνεόει,
3901 3003 3939 3072 ἢ

2293 3082 2605 3163 ἀδιαφόρως
2638 3088 2725 3158 ζῇ,
2757 3084 2791 3154 ἢ
2824 3083 3117 3157 ἐπιορκῶν,
3161 3086 3197 3154 ἢ
3248 3082 3601 3159 ψευδόμενος,
3632 3086 3668 3158 ἤ
3700 3088 3940 3153 ἀπίστως

2301 3173 2471 3250 βιούς.
2506 3172 2657 3243 Πλὴν
2690 3175 2718 3229 ὁ
2749 3170 3072 3236 διδάσκαλος
3101 3174 3262 3247 ἡμῶν
3293 3174 3517 3238 πιστοὺς
3546 3176 3780 3248 πένητας
3814 3178 3943 3253 ἐμα-

538 3280 672 3319 rum
700 3242 976 3337 Magister
1005 3242 1202 3320 n0ster
1228 3242 1431 3321 Iideles
1448 3242 1735 3339 pauperes
1763 3268 1966 3321 beatos
1983 3263 2185 3337 praedi-

2306 3265 2508 3340 κάρισεν
2540 3266 2605 3335 ⁸⁸,
2644 3262 2733 3318 καὶ
2782 3261 2974 3325 αὐτοὺς
3025 3262 3130 3339 οὐχ
3160 3263 3235 3326 ὡς
3265 3266 3679 3342 παρεσχηκότας
3709 3289 3783 3338 τι,
3817 3266 3943 3325 οὐδὲ

538 3353 688 3409 cavit
724 3353 824 3426 (a),
857 3369 1075 3425 eosque
1103 3371 1219 3410 non
1247 3354 1407 3411 velut
1437 3354 1657 3427 aliquid
1688 3354 2001 3427 largientes
2033 3369 2046 3409 :
2081 3369 2179 3409 ne-

536 3458 651 3514 que
681 3443 837 3498 enim
868 3442 1307 3513 habebant;sed
1339 3444 1637 3517 quia,cum
1669 3442 1815 3500 nihil
1847 3446 2173 3515 peccarent,

2289 3353 2393 3430 γάρ
2421 3352 2593 3429 εἶχον,
2627 3350 2754 3407 ἀλλ’
2811 3352 2888 3414 ὡς
2938 3348 3106 3425 μηδὲν
3157 3352 3561 3429 ἁμαρτάνοντας
3591 3358 3656 3426 ⁸⁷,
3697 3358 3785 3411 καὶ
3852 3357 3941 3413 ἐπὶ

2293 3441 2444 3517 μόνῳ
2470 3442 2551 3514 τῷ
2588 3441 2686 3510 τήν
2722 3439 3094 3514 ἐλεημοσύνην
3135 3442 3211 3514 μὴ
3242 3447 3440 3512 ποιεῖν,
3466 3440 3494 3497 δ
3524 3445 3556 3499 ἃ
3582 3444 3646 3499 τὸ
3680 3447 3755 3519 μή
3788 3442 3936 3523 ἔχειν

533 3531 606 3587 ob
632 3531 689 3586 id
737 3530 949 3600 solum,
983 3533 1139 3604 quod
1170 3533 1376 3606 inopiae
1406 3550 1541 3605 ergo
1595 3533 2025 3605 eleemosynam
2059 3549 2174 3588 non

2306 3528 2736 3600 ιαταδικασθῆναι
2767 3528 2866 3584 οὐκ
2895 3526 3121 3605 ἔχοντας
3152 3532 3217 3586 ⁸⁸.
3272 3531 3372 3584 Καὶ
3421 3532 3448 3585 ὁ
3499 3536 3704 3607 πατήρ·
3765 3534 3930 3606 Ἀλη-

534 3620 821 3689 sciebant,
855 3622 1231 3678 condemnari
1282 3640 1399 3679 non
1442 3627 1729 3695 poterant.
1764 3624 1915 3678 Tum
1963 3626 2171 3695 pater:

2284 3622 2392 3683 θως
2441 3619 2578 3674 πάνυ
2623 3619 2759 3674 κατᾶ
2802 3619 2901 3687 τὴν
2955 3618 3201 3673 ὑπόθεσιν
3258 3619 3435 3693 ὀρθῶς
3482 3618 3629 3697 ἔχειν
3673 3623 3740 3677 τὰ
3794 3624 3930 3700 πρά-

528 3708 676 3765 Vere
696 3726 936 3781 prorsus
952 3711 1276 3767 secundum
1296 3712 1655 3784 propositam
1674 3711 2057 3783 quaestionem
2080 3727 2173 3768 res

2306 3707 2463 3782 νμάτα
2491 3706 2751 3787 φαίνεται,
2798 3705 2883 3762 διὸ
2911 3706 3000 3762 καὶ
3045 3705 3412 3783 προαιρέσεως
3443 3707 3706 3789 ἐγενρμην
3728 3710 3798 3787 τῇ
3826 3710 3922 3769 τά-

524 3797 797 3854 videntur
820 3801 972 3854 recte
1001 3798 1215 3856 habere
1246 3816 1260 3855 :
1295 3817 1476 3874 quare
1524 3800 1702 3857 statui
1730 3803 1916 3857 totam
1968 3799 2172 3857 ordine

2311 3819 2357 3853 ει
2382 3797 2579 3861 παντὸς
2608 3796 2901 3853 ἐπακοῦσαι
2930 3800 3028 3852 τοῦ
3051 3794 3241 3873 λόγου.

525 3887 728 3944 audire
756 3886 1104 3943 doctrinam.

597 3975 691 4031 XI.
742 3977 808 4031 Et
864 3976 1115 4033 Petrus:
1150 3981 1353 4050 Itaque
1408 3977 1683 4051 deinceps
1742 3978 2003 4034 studenti
2060 3977 2169 4035 tibi

2349 3981 2438 4033 XI.
2482 3975 2584 4033 Καὶ
2633 3977 2661 4031 ὁ
2712 3975 2948 4052 Πέτροςο
3001 3973 3204 4030 Οὐκοῦν
3251 3978 3351 4031 τοῦ
3389 3974 3589 4033 λοιποῦ
3637 3979 3926 4036 σπεύδοντί

528 4066 751 4121 discere
781 4082 903 4137 quae
936 4067 1008 4122 ad
1040 4070 1302 4123 nostram
1320 4067 1660 4141 religionem
1683 4066 1972 4140 pertinent
1989 4068 2168 4124 debeo

2306 4086 2364 4121 ὀι
2392 4066 2459 4120 τὰ
2487 4064 2623 4119 κατᾶ
2649 4066 2747 4134 τήν
2779 4062 3045 4140 ἡμετέραν
3098 4065 3383 4140 θρησκείαν
3447 4068 3658 4140 μαθεῖν,
3716 4067 3926 4147 ὀφείλω

527 4153 730 4209 ordine
760 4170 1043 4226 exponere
1074 4156 1421 4220 doctrinam,
1455 4158 1528 4212 ab
1557 4156 1685 4229 ipso
1711 4155 1999 4228 incipiens
2030 4158 2166 4224 Deo,

2274 4157 2343 4229 τῇ
2374 4154 2517 4225 τάξει
2546 4154 2636 4209 τὸν
2670 4152 2831 4229 λόγον
2861 4151 3090 4208 ἐκθεῖναι
3124 4154 3213 4208 ἀπ’
3259 4153 3428 4209 αὐσοῦ
3467 4155 3778 4233 ἀρχόμενος
3829 4162 3926 4213 τοῦ

523 4246 582 4299 et
611 4244 926 4299 ostendens
955 4244 1151 4317 ipsum
1182 4244 1375 4302 solum
1408 4246 1522 4301 dici
1552 4246 1762 4303 debere
1793 4247 1998 4313 Deum,
2020 4244 2166 4302 alios

2306 4247 2432 4315 κοῦ,
2481 4241 2569 4298 καὶ
2620 4240 2829 4305 δεικνὺς
2877 4239 2961 4297 ὅτι
3012 4240 3171 4297 αὐτὸν
3220 4242 3382 4315 μόνον
3421 4240 3504 4302 δεῖ
3549 4242 3723 4325 λέγειν
3772 4247 3922 4318 Θεὸν,

587 4367 665 4439 (a)
695 4366 902 4424 Matth.
932 4384 989 4440 ν,
1017 4370 1073 4425 3.

1866 4492 2103 4551 VARle
2142 4493 2552 4552 LECTIONES.

586 4622 632 4657 ⁸⁸
650 4622 959 4709 παθήματα
987 4621 1051 4677 Ο.
1128 4620 1171 4709 δέ
1227 4616 1424 4709 ἐσθῆτα
1477 4623 1575 4709 Ο.Λ
1612 4620 1681 4709 ‘3]
1835 4618 1939 4694 γὰρ
1967 4618 2067 4709 (ἐν,
2105 4623 2235 4673 πᾶσι
2288 4620 2362 4709 τὲ
2396 4620 2653 4709 κτήματα
2671 4619 2978 4709 ΑΙπρκοξιξνεῖν
3012 4617 3267 4709 οἶδε’-,τοῖς
3297 4620 3516 4709 ἔχονσιν
3549 4626 3765 4709 ἁμαρτῇ
3778 4644 3919 4709 ματα

514 4710 573 4820 ﬁ.
606 4698 735 4747 πᾶσι
764 4688 832 4748 ri
860 4694 1113 4765 κτήματα
1142 4691 1509 4766 ἁμαρτήματα
1539 4695 1599 4746 Ο.
1625 4692 1783 4746 Idem
1814 4688 2247 4774 scrlﬁmbmors
2319 4693 2363 4727 ⁵⁸
2395 4688 2553 4748 ΙιειὉ
2586 4709 2635 4747 c.
2671 4692 2729 4761 S,
2751 4688 2969 4753 ’διείλας

563 4766 654 4820 ob.
690 4767 859 4820 Prun.
892 4784 947 4820 n.
985 4763 1126 4820 183).
1160 4780 1276 4818 non
1308 4769 1524 4820 autem.
1558 4768 1846 4820 quantum
1873 4780 2078 4819 sciaml
2120 4770 2361 4819 .orlstus
2391 4770 2504 4819 act.
2538 4760 2660 4816 εἷλα
2689 4764 2748 4819 S.
2782 4766 2928 4820 Tum
2964 4782 2969 4820 τ

3012 4694 3069 4749 G.
3122 4694 3388 4769 Occurrit
3432 4694 3622 4754 forma
3667 4694 3917 4769 ἐἰλᾶμην

599 4766 859 4841 h._Pryn.
892 4760 1126 4841 ⁷183),
1160 4760 1276 4841 non
1308 4760 1524 4841 autem,
1552 4768 1846 4841 quantum
1873 4763 2078 4841 sciaml
2107 4764 2504 4841 Lor‘istusact.
2538 4760 2660 4841 εἷλα
2689 4760 2748 4819 S.
2782 4766 2928 4841 Tum
2964 4782 3020 4836 ρο
3051 4766 3141 4841 *τά
3187 4785 3397 4841 sensus
3450 4769 3709 4841 postulat
3758 4760 3921 4837 εἶναί,

510 4851 625 4891 esse
654 4839 712 4891 z'u
738 4833 976 4906 cujusbis
1005 4833 1283 4906 potestate.
1318 4835 1362 4889 D
1393 4836 1430 4890 S
1456 4833 1727 4889 maluerit
1756 4852 1935 4895 οντος.
2011 4835 2057 4877 δθ
2087 4833 2246 4916 ~Dedi
2290 4834 2379 4887 καὶ
2430 4834 2497 4888 τὰ
2545 4834 2690 4903 πάθη
2740 4851 2793 4890 c.
2842 4835 2907 4927 Ο,
2938 4833 3075 4889 κατὰ
3103 4842 3261 4892 πᾶσιν
3294 4833 3485 4912 (lectio
3518 4833 3917 4913 monstruosa)

511 4906 572 4969 C,
632 4908 964 4960 παντάπασιν
1024 4907 1062 4961 S
1120 4922 1187 4960 ex
1242 4906 1595 4969 conjectura.
1673 4907 1717 4940 ⁸ο
1771 4902 1834 4959 τό
1892 4907 1960 4969 D,
2019 4923 2116 4958 του
2167 4911 2224 4969 0,
2277 4909 2340 4961 Ο.
2418 4907 2461 4943 ⁸⁸
2510 4907 2593 4962 Ita
2622 4913 2667 4964 Ο
2696 4923 2746 4962 0.
2788 4907 2845 4969 S,
2882 4906 3100 4969 υπάργη
3129 4915 3185 4965 0.
3220 4912 3363 4967 Tum
3396 4912 3567 4968 omisi
3597 4914 3657 4969 Ci
3687 4909 3753 4964 τά
3784 4917 3919 4968 ante

511 4906 572 4973 C,
632 4908 964 4960 παντάπασιν
1024 4907 1062 4961 S
1120 4922 1187 4960 ex
1242 4906 1595 4977 conjectura.
1673 4907 1717 4940 ⁸ο
1771 4906 1834 4959 τό
1892 4907 1960 4973 D,
2019 4906 2116 4958 τοῦ
2167 4911 2224 4975 ο,
2277 4909 2340 4961 Ο.
2418 4907 2461 4943 ⁸³
2510 4907 2593 4962 Ita
2622 4913 2667 4964 0
2696 4923 2746 4962 c.
2788 4907 2845 4973 S,
2882 4906 3100 4983 ὑπάρχῃ
3129 4915 3185 4965 0.
3220 4906 3363 4967 Tum
3396 4912 3567 4968 omisi
3597 4914 3657 4969 Ci
3687 4909 3753 4964 τά
3784 4906 3915 4968 ante

512 4976 699 5056 αλλΙως
731 4996 779 5033 c.
816 4980 880 5035 0.
958 4978 1003 5056 5?
1032 4979 1208 5036 τοσῶς
1240 4976 1301 5056 Ci
1327 4977 1476 5056 etis.
1520 5045 1533 5056 .
1555 4976 1598 5011 ⁸³
1631 4969 1689 5056 δέ’
1805 4981 1862 5031 et
1892 4984 1957 5056 (ξ,
1983 4972 2048 5045 δή
2092 4978 2149 5030 C.
2227 4979 2273 5056 ξε
2301 4975 2415 5056 εἷτα
2443 4979 2576 5056 add.
2611 4995 2661 5056 c_.
2694 4981 2759 5033 0.
2832 4980 2880 5056 βε
2910 4979 2944 5047 ἡ
2978 4983 3090 5056 τοῦ-
3104 4977 3336 5051 πὲνητος
3351 4982 3527 5050 πενία,
3552 4981 3638 5036 ἐὰν
3669 4979 3915 5056 ὀρέγεται

508 5045 1224 5135 (ῥρὲγηταιῆνΞι-κίοοῐὶηᾶἶρ.
1326 5047 1445 5135 )υῶν
1480 5045 1682 5135 οὐδχρή
1719 5045 1878 5135 (ὣστε
1908 5046 2275 5135 ὣσπερὴοοῐῃ.
2298 5050 2370 5135 ἓ)
2403 5049 2541 5132 τινες
2587 5052 2655 5122 τῇ
2679 5045 2987 5135 προαίρεσειι
3030 5045 3357 5135 πλουτοῦσιν
3405 5059 3463 5109 C.
3515 5045 3615 5135 '50.
3638 5045 3911 5135 Cred'ner,

508 5114 689 5198 sese;
711 5139 754 5198 ξ,
785 5124 912 5198 307.
947 5122 1005 5198 Su.
1039 5120 1123 5198 “‘7
1157 5114 1420 5198 Ita§0u
1456 5114 1625 5192 μηδξς
1658 5114 2125 5193 ἁμαρτάνοντεςῦ
2181 5114 2248 5176 δι’
2293 5114 2361 5176 Ο’
2390 5122 2489 5193 qui
2521 5114 2640 5178 om.
2702 5114 2856 5193 s'eq.'
2884 5122 2973 5176 καί
3033 5140 3068 5179 a
3123 5124 3161 5180 S
3218 5125 3507 5183 additum.
3556 5125 3655 5194 τὴν
3716 5121 3800 5183 ὲλ.
3853 5114 3910 5198 8,

947 5166 1005 5227 “at;
1036 5166 1240 5267 ἔχουσι’

1884 5288 2266 5346 VARIORUM
2303 5290 2538 5347 NOTAE.

571 5404 684 5476 (46)
706 5405 783 5481 _"A
825 5405 1145 5481 κεκτήμεθα.
1168 5402 1419 5481 πλείονα,
1488 5408 1594 5481 etc,
1628 5403 1977 5481 Duriuscule
2007 5409 2149 5461 sunt
2256 5406 2570 5481 verborum
2599 5407 2862 5479 ipsorum
2885 5406 3115 5481 inj’z'tap
3136 5408 3259 5465 Nili
3278 5409 3548 5480 junioris,
3581 5425 3759 5481 quam
3794 5408 3911 5465 Ro-

500 5474 936 5568 heec'adv‘ersus
978 5474 1215 5568 divitias
1247 5474 1445 5568 dictae;
1478 5477 1634 5568 unnde
1676 5494 1709 5532 a
1757 5476 2148 5568 Meta‘phraLste
2256 5494 2363 5568 mea
2390 5474 2687 5568 edendam.
2702 5474 3681 5568 elimavit“Mattheus'Carvophilus
3714 5481 3906 5552 p.142,

500 5546 849 5630 molliuntur
886 5549 1137 5630 .Epftome
1164 5549 1448 5630 (ξορρ-37.
1495 5552 1658 5630 Certe
1687 5550 1841 5630 apud
1894 5546 2144 5621 Epipha-

2256 5549 2364 5631 hoc
2396 5555 2598 5631 pacto:
2631 5547 2863 5631 Μάθετε,
2896 5545 3362 5631 ἀδελφοὶητοῦτο,
3395 5545 3545 5631 δτίή

3576 5554 3686 5626 si“.
3730 5570 3905 5626 πραγ-

499 5617 663 5673 nium
698 5618 902 5701 haeresi
929 5616 1169 5701 30,'cap.
1204 5616 1551 5701 1—7.,Ebi‘onazi
1581 5616 1910 5701 gloriantur
1935 5616 2146 5677 se'esse
2257 5616 2439 5691 μάτιιὶν
2460 5616 2832 5701 ῥπωσδήποτε
2850 5616 3368 5701 στέρησις,’ἀμαρτη
3378 5616 3561 5699 μάτων
3582 5620 3722 5678 ἐστὶν
3746 5616 3908 5699 ἁφαῖ-

496 5704 563 5745 ac
591 5690 781 5749 vocari
812 5687 1072 5765 πτωχούς
1088 5687 1289 5750 Inveni
1319 5694 1515 5752 autem
1536 5687 1889 5767 usurpatum
1911 5707 2145 5750 comma
2252 5687 2420 5768 ρεσις.
2452 5694 2584 5750 Cor.
