4148 6342
206 422 307 480 365

1304 418 1836 481 CLEMENTINA.
1868 448 1945 461 -—
1974 416 2305 479 HOMILIA
2348 420 2506 481 XVI.

3486 427 3603 486 366

206 549 405 625 ἐτέρους
460 546 517 604 δὲ
564 549 703 621 μήτε
760 546 937 623 λέγειν
970 549 1016 586 ’9
1071 550 1209 621 μήτε
1256 546 1522 622 νομίζειν,
1553 546 1643 605 καὶ
1674 545 1759 604 ὅτι
1815 546 1844 602 6

1961 564 2089 605 vero
2122 566 2225 605 nec
2257 550 2367 605 dici
2402 566 2506 606 nec
2535 550 2881 623 existimari,
2914 552 3214 610 hominem
3248 558 3471 625 autem,
3503 556 3606 628 qui

204 641 333 716 παρα
361 644 525 693 τοῦτο
552 642 725 693 ποιῶν
770 637 1007 699 αἰωνίως
1056 636 1171 714 ἔγει
1218 637 1574 709 κολασθῆναι,
1631 637 1707 701 ὡς
1766 636 1843 699 είς

203 729 350 785 αὑτὸν
403 729 496 783 τὸν
545 732 655 782 τῶν
683 725 830 782 δλῶν
861 723 1124 797 δεσπότην
1159 722 1426 798 ἀσεϐήσας
1473 726 1541 783 τὰ
1602 724 1844 803 μέγιστα.

202 816 292 871 Καί
333 821 501 871 ταῦτα
541 815 707 871 εἱπὼν
735 814 825 870 καὶ
856 820 977 884 τοῖζ
1011 816 1112 870 ὑπὸ
1141 817 1322 871 παθῶν
1360 813 1726 891 ὁχλουμένοις
1756 814 1845 870 καὶ

199 909 409 959 νοσοῦσι
436 902 526 957 καὶ
551 900 851 976 δαιμονῶσι
879 904 926 939 ⁷ο
980 903 1077 965 τὰς
1106 908 1297 979 χεῖρας
1329 902 1529 965 ἐπιθεὶς
1567 902 1657 958 καὶ
1689 902 1842 974 εὑξά-

207 1014 355 1067 μενος
387 992 478 1048 καὶ
516 991 804 1066 ῗασάμενος
854 990 1089 1047 ἀπέλυσε
1122 993 1251 1055 τοὺς
1299 991 1528 1068 δχλους.
1585 992 1682 1047 Καὶ
1744 992 1847 1048 εἶθ-

202 1082 365 1144 οὕτως
418 1082 599 1137 εἷσιὼν
642 1085 751 1138 τῶν
804 1081 1204 1157 συνηθεστέρων
1236 1084 1279 1120 ⁷¹
1333 1082 1479 1138 ἀλῶν
1517 1077 1842 1156 μεταλαϐὼν

201 1171 437 1227 ὕπνωσεν
448 1213 467 1230 .

729 1368 778 1425 3
794 1372 821 1425 I
836 1368 885 1424 θ
921 1367 1177 1423 ὈΜΙΛΙΔ
1218 1366 1309 1436 ιζ’.

261 1479 304 1530 Ι.
337 1474 577 1549 Ὀρθρου
607 1469 665 1528 δὲ
715 1471 869 1545 ἐξιὼν
929 1474 957 1529 6
1006 1472 1211 1549 Πέτρος
1262 1472 1351 1528 καὶ
1385 1470 1603 1535 ἰπιστὰς
1634 1470 1723 1528 ἐπὶ
1750 1472 1844 1529 τὸν

198 1565 395 1633 συνήθη
426 1567 527 1618 τοῦ
558 1559 900 1636 διαλέγεσθαι
931 1560 1097 1616 τόπον
1131 1561 1305 1637 ὅχΑον
1336 1561 1509 1617 πολὺν
1542 1566 1846 1619 συνεστῶτα

201 1650 327 1707 εἶδεν
359 1655 429 1709 ⁷³.
468 1652 564 1705 Καὶ
597 1651 730 1725 ἅμα·
763 1655 843 1722 τῷ
861 1649 1084 1724 μέλλειν
1106 1648 1449 1726 διαλέγεσθαι
1481 1650 1638 1706 αὑτὸν
1671 1650 1844 1725 εῗσῄει

198 1762 276 1803 τις
303 1744 413 1795 τῶν
443 1740 608 1795 αὑτοῦ
648 1736 911 1793 διακόνων
965 1738 1178 1814 λέγων’
1241 1739 1428 1812 Σίμων
1470 1737 1576 1793 ἀπὸ
1635 1739 1842 1794 Ἀντιο-

197 1829 347 1906 χείας
397 1826 687 1898 ἐληλυθὼς
736 1827 819 1882 ἐπ’
851 1829 894 1864 ⁷³
941 1826 1110 1896 αὐτῆς
1164 1825 1413 1902 ἑσπέρας,
1475 1828 1658 1900 μαθὼν
1712 1828 1842 1883 ὑπο-

1958 653 2127 693 secus
2187 638 2402 705 fecerit,
2453 643 2731 711 perpetuo
2781 640 3068 713 supplicio
3113 642 3508 716 multandum,
3544 650 3608 701 ut

1957 726 2057 798 qui
2090 725 2149 781 in
2181 726 2378 798 ipsum
2409 727 2814 784 universorum
2845 728 3161 785 Dominum
3212 731 3465 788 maxime
3493 732 3605 789 im-

1955 814 2089 886 pius
2137 815 2438 871 exstiterit.
2487 818 2674 889 Atque
2721 816 2816 873 his
2875 816 3071 890 dictis,
3097 836 3348 892 cumque
3406 820 3606 895 aliqua

1956 904 2329 976 perpessione
2358 904 3108 978 infestatis,aagrotantibus
3136 912 3193 965 et
3224 909 3602 967 daemoniacis

1956 993 2337 1065 imposuisset
2367 1010 2601 1062 manus,
2628 995 2766 1051 item
2800 1000 3069 1068 precatus
3099 1003 3255 1054 esset
3285 1016 3350 1056 ac
3375 1017 3473 1057 eos
3505 1016 3602 1056 cu-

1954 1087 2165 1154 rasset,
2199 1082 2426 1139 dimisit
2456 1082 2761 1156 populum.
2814 1086 2885 1140 Et
2932 1089 3134 1157 postea
3161 1087 3243 1142 ita
3273 1087 3597 1161 ingressus,

1957 1170 2149 1243 solito,
2181 1172 2501 1228 admodum
2532 1171 2659 1229 cibo
2690 1176 2984 1246 percepto,
3015 1191 3078 1231 se
3111 1192 3316 1233 somno
3347 1177 3530 1238 dedit.

2520 1367 2822 1426 HOMILIA
2859 1368 3014 1428 XVI.

2022 1478 2069 1531 Ι.
2099 1473 2269 1531 Mane
2296 1489 2431 1531 vero
2461 1490 2737 1547 egressus
2783 1480 3015 1544 Petrus,
3064 1493 3200 1534 cum
3231 1478 3489 1536 venisset
3517 1478 3593 1536 ad

1950 1561 2236 1630 locum,in
2265 1579 2381 1635 quo
2404 1563 2694 1620 disserere
2718 1564 3265 1639 solebat,ingentem
3294 1566 3603 1624 hominum

1951 1649 2390 1707 multitudinem
2442 1653 2781 1709 convenisse
2830 1653 2995 1710 vidit.
3038 1655 3109 1711 Et
3155 1654 3335 1711 simul
3384 1672 3449 1712 ac
3480 1657 3603 1726 ipse

1944 1740 2070 1811 jam
2101 1744 2257 1797 esset
2283 1740 2612 1807 locuturus,
2642 1741 2881 1798 introvit
2912 1743 3155 1815 quidam
3203 1760 3271 1800 ex
3324 1746 3451 1816 ejus
3481 1745 3604 1800 dia-

1953 1829 2135 1893 conis,
2169 1830 2368 1885 dicens
2419 1847 2433 1886 :
2482 1830 2705 1901 Simon,
2740 1832 2840 1902 qui
2888 1832 2960 1887 ab
2990 1832 3295 1888 Antiochia
3333 1833 3462 1904 ipsa
3499 1850 3599 1890 ve-

197 1916 467 1994 σχόμενόν
529 1937 586 1972 σε
641 1918 733 1971 τὸν
763 1915 887 1989 περὶ
923 1916 1227 1991 μοναρχίας
1285 1917 1551 1970 πειεῖσθαι
1580 1914 1745 1991 λόγον
1780 1918 1844 1987 ⁷⁸,

1961 1935 2121 1990 spera
2148 1917 2324 1984 venit,
2358 1918 2601 1974 audiens
2652 1924 2707 1974 te
2756 1919 3097 1991 promisisse
3142 1921 3214 1976 de
3260 1922 3601 1977 monarchia

196 2006 414 2079 ἕτοιμός
475 2007 586 2061 έστι
641 2006 777 2079 μετά
827 2006 953 2080 γε⁷⁸
1004 2001 1391 2081 Ἀθηνοδώρου
1444 2009 1541 2059 τοῦ
1591 2006 1843 2061 Ἐπικου-

194 2096 342 2172 ρείου
374 2092 755 2170 διαλεγομένῳ
786 2114 871 2148 σοι
903 2092 1171 2161 ἐπελθεῖν,
1238 2093 1377 2168 πρὸς
1427 2094 1491 2149 τὸ
1543 2092 1842 2169 ἀντιλέγειν

194 2184 439 2258 δημοσίᾳ
469 2189 597 2238 πᾶσι
628 2188 749 2245 τοῖς
780 2182 883 2238 ὑπὸ
926 2186 1021 2237 σοῦ
1052 2182 1341 2238 ὁπώσποτε
1372 2181 1502 2258 ὑπὲρ
1540 2181 1846 2259 μοναρχίας

192 2273 518 2351 λεγομένοις
576 2271 789 2347 λόγοις.
846 2275 1020 2327 Ταῦτα
1090 2275 1187 2325 τοῦ
1265 2268 1516 2326 διακόνου
1562 2268 1845 2347 λέγοντος,

198 2362 316 2418 ἰδοὺ
348 2361 510 2423 αὐτὸς
540 2360 709 2434 εἰσῄει
766 2360 951 2434 Σίμων
1005 2358 1138 2434 μετὰ
1180 2357 1566 2436 Ἀθηνοδώρου
1617 2359 1709 2415 καὶ
1750 2358 1846 2415 ἄλ-

194 2453 307 2509 λων
342 2454 505 2506 τινῶν
538 2454 643 2505 τῶν
676 2448 901 2525 ἑταίρων
932 2451 997 2522 ⁷⁸,
1028 2448 1117 2503 καὶ
1149 2449 1255 2525 πρὸ
1285 2452 1380 2503 τοῦ
1407 2469 1462 2503 τι
1488 2448 1581 2505 τὸν
1640 2447 1842 2525 Πέτρον

189 2541 515 2620 φθέγξασθαι
545 2538 706 2601 αὐτὸς
752 2532 1047 2615 προλαϐὼν
1081 2535 1208 2617 ἔφη’

262 2726 331 2775 ΙΙ.
363 2719 606 2791 Ἕμαθον
634 2717 709 2779 ὡς
744 2715 985 2792 ὑπέσχου
1035 2714 1193 2791 ἐχθὲς
1224 2718 1268 2752 ⁷⁷
1323 2719 1402 2787 τῷ
1450 2714 1704 2788 Φαύστῳ,
1768 2713 1845 2778 είς

184 2810 285 2878 τήν
342 2810 584 2883 σήμερον
635 2803 803 2878 δεῖξαι
849 2809 917 2878 τῇ
966 2804 1107 2877 τάξει
1154 2805 1244 2860 τὸν
1296 2802 1457 2879 λόγον
1489 2804 1842 2878 ποιούμενος,

185 2898 277 2952 καὶ
308 2896 401 2951 ἀπ’
433 2894 597 2950 αὑτοῦ
628 2893 937 2970 ἀρχόμενος
965 2897 1061 2947 τοῦ
1088 2897 1195 2947 τῶν
1224 2891 1371 2947 ὅλων
1418 2890 1702 2959 δεσπότου,
1758 2892 1844 2947 ὅτι

186 2986 349 3041 αὑτὸν
388 2984 554 3058 μόνον
590 2980 672 3038 δεῖ
704 2981 878 3059 λέγειν
912 2982 1039 3037 Θεὸν
1071 2984 1137 3052 ⁷⁸,
1169 2980 1376 3043 ἄλλους
1406 2979 1464 3036 δὲ
1497 2983 1638 3054 μήτε
1670 2979 1843 3057 λέγειν

191 3078 333 3149 μήτε
377 3072 649 3146 νομίζειν,
684 3073 767 3126 ’ὁτι
820 3072 848 3126 6
895 3071 1042 3147 παρὰ
1087 3074 1249 3125 τοῦτο
1279 3074 1452 3125 ποιῶν
1489 3069 1724 3131 αἰωνίως
1748 3090 1843 3125 κο-

179 3166 451 3232 κασθῆναι
484 3160 623 3237 ἔχει.
660 3160 775 3235 Πρὸ
822 3158 1037 3214 πάντων
1084 3156 1142 3214 δὲ
1178 3156 1402 3229 ἀληθῶς
1448 3156 1839 3233 καταπέπληγ-

185 3253 282 3316 μαί
337 3273 435 3306 σου
491 3252 592 3319 τὴν
642 3249 900 3304 ἀπόνοιαν
933 3252 997 3317 ⁷⁸,
1039 3247 1122 3303 ὅτι
1168 3246 1410 3317 ⁴ἤλπισας
1459 3247 1535 3310 εἷς
1580 3249 1680 3317 τήν
1740 3249 1840 3317 σὴν
1873 3283 1916 3349 C

187 3340 464 3418 βούλησιν
512 3343 825 3413 μεταπεῖσαι
886 3334 1052 3413 ἄνδρα
1102 3338 1288 3415 σοφὸν,
1338 3336 1428 3392 καὶ
1496 3341 1664 3393 ταῦτα
1711 3357 1841 3411 πρε-

182 3427 417 3501 σϐύτην.
471 3426 628 3483 Ἀλλ’
674 3426 774 3482 οὑκ
815 3426 1059 3500 ἐπιτεύξῃ
1106 3430 1213 3481 τῶν
1265 3430 1370 3481 σῶν
1429 3424 1839 3502 βουλευμάτων,

176 3520 355 3591 2:611.
417 3515 655 3591 μᾶλλον,
703 3514 967 3591 παρόντος
998 3514 1155 3587 ἐμοῦ,
1185 3514 1422 3569 καὶτοὺς
1454 3517 1603 3571 317
1631 3512 1845 3589 ψευδεῖς

181 3630 281 3665 σου
317 3605 704 3682 διελέγχοντος
734 3603 951 3680 λόγους.
984 3604 1143 3665 Ἴσως
1174 3603 1278 3679 γὰρ
1310 3601 1445 3677 ἐμοῦ
1478 3605 1554 3677 μή
1580 3603 1843 3679 παρόντος

180 3698 456 3769 ἠπατήθη
504 3694 565 3749 ἃν
615 3694 642 3748 ὁ
686 3693 851 3772 σοφὸς
900 3694 1095 3769 γέρων,
1147 3690 1372 3763 ἰδιώτης
1418 3690 1492 3747 ὣν
1533 3695 1641 3747 τῶν
1699 3691 1847 3766 παρὰ

184 3784 488 3847 Ἰουδαίοις
537 3782 777 3856 δημοσίᾳ
824 3779 1261 3854 πεπιστευμένων
1288 3783 1334 3818 ⁸ο
1386 3776 1619 3855 βίϐλων.
1652 3781 1751 3836 Καὶ
1780 3780 1844 3836 τὸ

182 3880 275 3931 νῦν
310 3876 449 3937 τοὺς
482 3870 728 3933 πολλοὺς
757 3866 1137 3947 ὑπερθήσομαι
1166 3867 1389 3945 λόγους,
1414 3867 1508 3925 ’ίνα
1561 3876 1663 3939 τῆς
1718 3870 1847 3925 ὑπο-

186 3960 438 4042 σχέσεώς
471 3982 567 4016 σου
594 3961 786 4036 τάχιον
816 3961 908 4015 τὸν
963 3958 1191 4036 ἔλεγχον
1243 3961 1591 4032 ποεήσωμαι.
1626 3958 1739 4013 Δίὸ⁷
1767 3959 1846 4035 ἐφ’

184 4057 356 4128 ἡμῶν
388 4051 567 4107 αὐτῶν
598 4051 695 4112 τὰς
724 4050 939 4126 Γραφᾶς
969 4046 1214 4116 εἲδότων,
1270 4046 1300 4102 6'
1343 4046 1584 4123 ὑπέσχου
1640 4044 1843 4123 λέγειν,

186 4144 370 4216 ἄρξαι.
396 4141 466 4197 Εἰ
499 4138 557 4195 δὲ
582 4140 674 4195 τὸν
703 4136 934 4214 ἔλεγχον
968 4134 1287 4210 αἰδούμενος
1335 4136 1415 4216 ἐφ’
1462 4138 1623 4209 ἡμῶν
1670 4134 1844 4192 αὑτῶν

183 4234 287 4301 τήν
343 4234 385 4268 ⁸¹
438 4229 732 4303 ὑπόσχεσιν
786 4224 1111 4301 παραλιπεῖν
1159 4223 1356 4297 θέλεις,
1418 4224 1688 4301 αὐτάρκης
1756 4225 1847 4280 καὶ

185 4322 374 4382 οὕτως
406 4322 444 4388 ἡ
476 4316 748 4388 ἀπόδειξις
780 4316 862 4371 ὅτι
894 4312 1062 4389 ψεύδῃ
1091 4317 1157 4377 ⁸².,
1188 4315 1307 4378 καθ’
1363 4313 1444 4369 ὅτι
1494 4313 1581 4368 ἐπὶ
1617 4319 1724 4368 τῶν
1752 4314 1848 4376 τὰς

186 4411 416 4489 Γραερᾶς
478 4405 701 4463 εἰδότων
754 4405 921 4461 εἰπεῖν
977 4403 1077 4459 οὐκ
1105 4401 1436 4477 ἐτόλμησας.
1471 4402 1568 4458 Καὶ
1598 4407 1685 4457 νῦν
1714 4400 1771 4458 δὲ
1798 4402 1851 4459 τί

188 4522 251 4556 σε
307 4498 565 4571 ἀναμένω
637 4493 837 4571 λέγειν,
889 4492 1141 4568 μέγιστον
1218 4490 1362 4568 ἔχων
1439 4491 1682 4567 μάρτυρα
1750 4495 1851 4562 τῆς

1955 2023 2056 2062 seu
2088 2006 2417 2079 principatu
2452 2006 2628 2063 unius
2657 2007 2831 2063 verba
2860 2024 2987 2064 esse
3018 2009 3331 2081 facturum,
3364 2015 3601 2082 paratus

1954 2102 2044 2150 est
2073 2112 2192 2150 una
2221 2112 2355 2150 cum
2385 2095 2753 2151 Athenodoro
2804 2097 3084 2167 Epicureo
3132 2098 3237 2152 tibi
3288 2098 3599 2154 disserenti

1955 2183 2324 2250 intervenire,
2358 2188 2423 2239 ut
2452 2184 2644 2255 palam
2677 2184 2988 2257 impugnet
3009 2186 3209 2241 omnia
3239 2203 3601 2258 quaecunque

1954 2288 2059 2345 pro
2089 2271 2429 2327 monarchia
2481 2289 2516 2328 a
2561 2276 2618 2328 te
2666 2274 3193 2345 quomodocunque
3238 2276 3603 2347 proferentur

1953 2361 2147 2417 verba.
2181 2360 2311 2416 Haec
2340 2360 2572 2417 dicente
2601 2361 2847 2418 diacono
2878 2378 3008 2418 ecce
3053 2363 3357 2435 ingressus
3390 2368 3481 2420 est
3510 2366 3601 2421 Si-

1954 2465 2093 2504 mon
2114 2465 2249 2505 cum
2272 2449 2636 2505 Athenodoro
2657 2450 2903 2522 aliisque
2928 2450 3229 2507 nonnullis
3250 2453 3557 2509 sodalibus
3584 2469 3599 2510 :

1953 2541 2031 2604 et,
2065 2541 2199 2593 ante
2228 2554 2405 2609 quam
2439 2541 2645 2594 Petrus
2688 2538 2909 2609 aliquid
2942 2539 3245 2612 proferret,
3294 2540 3420 2614 ipse
3449 2542 3603 2599 anti-

1953 2626 2156 2699 cipans
2187 2626 2271 2683 ait
2301 2642 2317 2682 :

2026 2717 2098 2770 II.
2129 2715 2417 2787 Comperi,
2440 2719 2497 2771 te
2529 2714 2654 2772 heri
2680 2716 2893 2773 Fausto
2915 2716 3240 2789 pollicitum
3265 2735 3413 2787 esse,
3445 2721 3599 2793 quod

1952 2803 2126 2859 hodie
2155 2804 2356 2860 habito
2398 2821 2667 2861 sermone
2698 2806 2902 2863 ordine
2931 2824 3092 2863 esses
3124 2813 3491 2875 ostensurus,
3540 2813 3601 2866 et

1952 2892 2283 2966 incipiendo
2308 2894 2380 2950 ab
2401 2892 2529 2966 ipso
2552 2894 2955 2951 universorum
2979 2897 3378 2964 domino,eum
3402 2898 3597 2955 solum

1952 2982 2265 3039 dicendum
2298 2999 2426 3039 esse
2461 2985 2661 3055 Deum,
2694 2984 2842 3040 alios
2868 3001 3004 3041 vero
3052 3002 3243 3059 neque
3299 2986 3600 3057 dicendos,

1952 3087 2141 3142 neque
2188 3071 2634 3139 existimandos,
2685 3072 2961 3143 quoniam
3013 3074 3113 3144 qui
3162 3090 3333 3129 secus
3382 3075 3601 3142 fecerit,

1956 3164 2230 3233 perpetuo
2263 3159 2549 3232 supplicio
2583 3160 2950 3217 multabitur.
2982 3162 3129 3216 Ante
3161 3163 3359 3217 omnia
3405 3167 3601 3218 autem

1953 3266 2083 3305 vere
2110 3248 2440 3305 vecordiam
2479 3252 2643 3303 tuam
2675 3249 2998 3304 demiratus
3029 3266 3187 3319 sum,
3219 3252 3373 3321 quod
3405 3267 3603 3322 spera-

1954 3339 2106 3395 veris
2134 3343 2191 3394 te
2222 3354 2393 3410 posse
2424 3337 2484 3392 in
2515 3342 2678 3392 tuam
2710 3337 3058 3393 sententiam
3092 3339 3382 3395 adducere
3415 3339 3606 3396 virum

1952 3427 2301 3499 sapientem,
2336 3427 2407 3481 ad
2439 3426 2560 3481 haec
2590 3442 2808 3481 senem.
2849 3431 2925 3481 At
2955 3443 3083 3498 quae
3114 3428 3201 3484 vis
3231 3445 3348 3484 non
3381 3429 3605 3486 obtine-

1954 3516 2065 3586 bis,
2094 3532 2187 3571 me
2217 3514 2592 3587 potissimum
2624 3520 2910 3586 prasente
2939 3519 3190 3586 tuosque
3221 3518 3605 3591 redarguente

1953 3604 2132 3660 falsos
2163 3620 2486 3660 sermones.
2521 3604 2689 3659 Forte
2727 3603 2883 3659 enim
2932 3603 3173 3660 absente
3205 3622 3297 3661 me
3326 3607 3602 3678 deceptus

1953 3693 2163 3750 fuisset
2204 3693 2438 3765 sapiens
2468 3708 2663 3758 senex,
2704 3708 2837 3748 cum
2868 3693 3178 3766 imperitus
3208 3694 3285 3750 sit
3312 3693 3599 3751 librorum

1954 3782 2055 3855 qui
2102 3782 2323 3839 Judaeis
2368 3779 2561 3852 palam
2610 3785 2749 3836 sunt
2793 3781 3014 3837 traditi.
3067 3784 3137 3838 Et
3182 3799 3338 3839 nunc
3394 3782 3599 3840 multis

1954 3871 2143 3927 verbis
2173 3870 2590 3943 supersedebo,
2625 3873 2689 3925 ut
2725 3870 2896 3925 citius
2956 3871 3400 3942 promissionem
3431 3876 3595 3927 tuam

1955 3960 2271 4016 confutem.
2301 3958 2581 4022 Quocirca
2610 3975 2806 4015 coram
2839 3960 3009 4015 nobis
3043 3960 3473 4031 Scripturarum
3506 3977 3602 4033 pe-

1955 4049 2088 4105 ritis
2119 4047 2273 4119 quod
2307 4046 2604 4119 pollicitus
2627 4063 2688 4104 es
2720 4047 2909 4119 incipe
2929 4048 3139 4105 dicere.
3165 4048 3265 4105 Sin
3298 4054 3492 4105 autem
3515 4066 3602 4106 re-

1956 4137 2401 4210 prehensionem
2432 4136 2651 4192 veritus
2682 4153 2875 4192 coram
2910 4137 3078 4193 nobis
3121 4138 3207 4193 vis
3239 4140 3597 4209 promissum

1957 4225 2224 4281 omittere
2252 4224 2427 4279 etiam
2490 4224 2573 4279 sic
2621 4225 2920 4281 sufficiens
2950 4225 3061 4281 erit
3107 4227 3391 4297 probatio,
3442 4229 3599 4300 quod

1958 4313 2641 4384 fallas,quandoquidem
2674 4330 2868 4369 coram
2902 4314 3241 4371 hominibus
3271 4318 3601 4389 Scripturas

1961 4401 2308 4459 callentibus
2337 4418 2451 4457 non
2486 4419 2665 4458 ausus
2706 4403 2787 4458 sis
2832 4402 3011 4476 loqui.
3065 4405 3136 4459 Et
3178 4422 3310 4462 vero
3341 4408 3466 4477 jam
3501 4423 3606 4461 cur

1961 4494 2231 4563 exspecto
2266 4494 2329 4545 ut
2358 4490 2646 4563 dicas,qui
2678 4491 2997 4547 maximum
3031 4492 3215 4549 habeo
3247 4498 3453 4550 testem
3487 4493 3609 4566 pol-

189 4586 558 4664 ὑποτχέσεώς
600 4604 696 4639 σου
742 4582 834 4639 τὸν
880 4584 1200 4658 παρεστῶτα
1242 4581 1500 4657 γέροντα;
1550 4580 1647 4635 Καὶ
1688 4584 1846 4636 ταῦτα

1962 4578 2301 4637 licitationis
2322 4583 2433 4634 tua:
2455 4583 2743 4635 astantem
2771 4596 2970 4636 senem
2985 4581 3013 4636 ?
3044 4583 3114 4637 Et
3136 4587 3267 4654 post
3292 4583 3412 4638 haec
3430 4582 3609 4639 verba

190 4646 388 4733 eiad):
428 4670 712 4749 ἐμϐλέψας
760 4676 838 4744 τῷ
877 4646 1041 4747 πατρὶ
1092 4646 1415 4749 ἔφη”ῐέίπέ
1475 4646 1591 4743 μοι,
1647 4666 1846 4746 ἀνδρῶν

1970 4673 2193 4743 patrem
2225 4668 2495 4739 intuitus,
2510 4668 2592 4724 ait
2621 4685 2634 4724 :
2668 4668 2770 4725 Dic
2792 4669 2959 4738 mihi,
2980 4671 3237 4727 virorum
3259 4670 3612 4743 praestantis-

188 4769 425 4822 πάντων
473 4762 794 4835 τιμιώτατε,
840 4759 969 4834 οὐχὶ
1015 4757 1171 4821 οὗτος
1203 4758 1232 4814 6
1283 4757 1415 4834 ἀνὴρ
1449 4758 1714 4835 ὑπέσχετό
1773 4779 1856 4813 σοι

190 4854 375 4925 δεῖξαι
426 4853 689 4927 σήμερον,
736 4848 818 4904 ὅτι
869 4847 946 4910 εἶς
990 4846 1101 4902 ἐστὶ
1149 4847 1277 4909 Θεὸς
1308 4867 1397 4902 και
1441 4845 1504 4902 οὐ
1533 4847 1645 4923 χρὴ
1674 4843 1857 4923 ἕτερόν

187 4965 324 5000 τινα
351 4943 535 5017 λέγειν
566 4940 600 5008 ἢ
632 4937 873 5011 νομίζειν
903 4936 1031 4993 Θεὸν
1064 4938 1130 5007 ⁸⁸,
1166 4936 1195 4991 6
1227 4933 1285 4991 δὲ
1303 4936 1449 5012 παρὰ
1468 4940 1634 4991 ταῦτα
1662 4941 1859 5007 ποιῶν,

191 5034 277 5095 ὡς
312 5032 385 5086 τὰ
419 5028 647 5105 μέγιστα
682 5026 1023 5102 ἁμαρτάνων,
1057 5023 1295 5088 αἷωνίως
1323 5023 1656 5095 κολασθῆναι
1705 5023 1861 5101 ἔχει;

192 5128 274 5177 ’Ἡ
310 5121 422 5197 γὰρ
458 5116 556 5173 οὐκ
583 5116 855 5193 ἆποκρίγῃ
888 5136 980 5189 μοι
1010 5117 1057 5152 ⁸⁴
1077 5136 1101 5169 ε

274 5216 383 5266 III.
419 5206 526 5266 Καὶ
582 5205 612 5260 6
660 5205 840 5282 πατὴρ
882 5202 984 5283 ἔφη
1011 5222 1025 5237 ο
1080 5201 1276 5266 Καλῶς
1315 5201 1375 5259 ἃν
1426 5203 1527 5272 τήν
1569 5201 1865 5279 μαρτυρίαν

1970 4758 2138 4826 sime,
2171 4773 2362 4813 nonne
2393 4757 2503 4813 iste
2531 4757 2707 4813 homo
2736 4756 2842 4813 tibi
2890 4756 3185 4829 pollicitus
3223 4764 3312 4815 est
3340 4765 3609 4816 ostensu-

1969 4863 2099 4903 rum
2120 4862 2181 4902 se
2196 4845 2369 4902 hodie
2390 4862 2576 4901 unum
2600 4851 2777 4902 Deum
2799 4861 2949 4917 esse,
2967 4864 3073 4903 nec
3095 4847 3274 4903 alium
3297 4848 3611 4905 dicendum

1972 4941 2073 4994 aut
2101 4935 2439 4992 habendum
2469 4934 2675 5003 Deum,
2708 4933 2878 4990 illum
2909 4935 3234 5008 autem,qui
3264 4952 3432 4993 secus
3465 4936 3614 4992 fece-

1971 5025 2048 5081 rit
2065 5030 2346 5096 tanquam
2370 5028 2731 5095 peccatorem
2750 5023 3070 5079 maximum
3095 5028 3373 5096 perpetuo
3395 5023 3620 5096 suppli-

1973 5114 2061 5170 cio
2084 5112 2454 5169 multandum
2477 5116 2643 5168 esse?
2663 5118 2752 5167 An
2779 5110 2935 5168 enim
2958 5129 3075 5168 non
3098 5113 3418 5185 respondes
3441 5110 3622 5169 mihi?

2045 5207 2144 5259 Ill.
2173 5201 2495 5275 Respondit
2524 5204 2692 5274 pater
2724 5226 2738 5259 :
2780 5201 2953 5258 Recte
2997 5218 3032 5258 a
3079 5218 3174 5258 me
3207 5202 3621 5259 testimonium

1558 5339 1802 5396 VARIIE
1839 5336 2256 5397 LECTIONES.

270 5465 338 5538 εξ
358 5456 608 5538 λέλ-έγειν
643 5458 779 5538 (εἰσὶ
802 5456 987 5538 O.__°°
1015 5451 1340 5538 Sacpovliibo:
1368 5457 1429 5510 C.
1473 5454 1826 5538 .7i‘cuv150.wv
1858 5454 1929 5538 Ο,
1957 5454 2125 5538 (μσς
2145 5456 2414 5538 prastat;
2476 5451 2524 5487 ⁷³
2556 5451 2641 5538 Ita
2672 5450 2716 5506 Ο
2746 5467 2796 5538 2.
2828 5446 3037 5538 θῦδωρ⁹
3059 5455 3143 5538 63.ε
3195 5454 3242 5538 ⁷⁷
3273 5449 3355 5509 ἐπ’
3404 5454 3473 5520 D,
3534 5449 3627 5538 ἀπ’

192 5538 264 5603 C,
302 5535 373 5591 Ο.
455 5520 711 5637 ⁷⁴’λέγίι›ν
743 5520 807 5585 0.
883 5529 929 5563 ⁷⁸
955 5546 1016 5603 γε
1044 5520 1162 5584 om.
1195 5526 1258 5582 Ο.
1291 5530 1437 5582 Tum
1470 5520 1845 5635 διαλεγομένῳ
1889 5520 1935 5583 0
1973 5520 2032 5581 ἶ).
2082 5520 2251 5597 Epit,
2302 5520 2695 5596 διαλεγομένου
2744 5521 2804 5577 C.
2874 5520 2925 5558 ’⁷⁸
2971 5526 3077 5577 τῶν
3128 5521 3355 5601 ἑταίρων
3406 5541 3503 5581 om
3558 5527 3626 5581 0.

192 5609 243 5637 ἠ
279 5605 423 5637 -.ιλιι
456 5603 500 5637 n
620 5603 643 5637 8
672 5599 802 5637 Gelu
836 5600 1031 5637 οΑι-ιίτὶί
1067 5614 1197 5637 nnm
1230 5597 1275 5637 Π
1307 5602 1362 5637 of,
1395 5598 1514 5637 Fuit
1608 5600 1627 5634 7
1679 5596 1937 5637 πηλυηιηυ
1965 5601 2005 5637 Π
2060 5593 2311 5637 fungunqu
2349 5596 2481 5637 Eni!“
2562 5594 2607 5630 ⁸ο
2632 5593 3056 5637 eruunt-induam
3084 5599 3129 5637 n
3191 5600 3290 5637 nni
3327 5597 3534 5637 Anindn
3562 5594 3626 5637 τὸ

190 5597 259 5642 π’
279 5605 428 5692 χθέέῖ
456 5603 532 5692 ον,
597 5597 654 5692 if.
672 5599 807 5692 936::
836 5597 1032 5692 εάάἱίὲί
1067 5614 1211 5692 ουὲ
1230 5597 1275 5654 ο
1307 5602 1364 5692 εξ
1390 5598 1534 5692 Ep“;

1679 5593 1937 5673 πρόνοιαν
1965 5601 2043 5673 C._
2060 5593 2311 5673 ὑπόνοιαν
2344 5593 2607 5673 βρξιᾷηέδο
2632 5593 3056 5673 πεπιστωμςνων
3076 5599 3151 5673 _()2
3191 5593 3295 5669 qui
3327 5594 3632 5673 deindqfd

192 5660 326 5732 νῦῗ
381 5660 433 5713 ελ
466 5674 564 5744 σήν
596 5674 659 5731 Cl
689 5677 748 5729 et
773 5676 811 5745 β
843 5670 1040 5745 invitis
1068 5670 1237 5745 codd.
1305 5668 1359 5745 f9
1392 5660 1474 5745 It'p
1506 5669 1551 5745 ο
1580 5687 1631 5726 ο.
1664 5660 1733 5745 D_,'
1763 5664 2193 5745 ψευδής-(ὶσαὶ
2226 5660 2628 5741 οοο].’ψεύδεις
2659 5668 2804 5739 Epit.
2831 5660 3002 5739 ψευδῆ
3032 5666 3101 5722 τὰ
3132 5660 3483 5745 ὑπεσχημένα
3513 5666 3633 5724 Cfr.

196 5711 563 5808 ἷιῖξηΕΪέῩ
597 5711 664 5783 ἷὲι
689 5711 825 5799 δ’εᾶ
843 5711 930 5799 ’ὅξ
942 5711 1040 5778 ’Ὑί
1061 5711 1237 5816 ἧ”ἷδὶ’έ
1264 5736 1363 5794 οὐκ
1379 5711 1996 5817 ξῐπῖκξίνᾶῗᾈῶῗᾶὅῖι]
2006 5711 2128 5800 Ti)?
