4148 6342
543 397 658 455 367

1370 395 1435 454 S.
1482 393 1920 454 CLEMENTIS
1967 392 1992 452 Ι
2040 392 2229 452 ROM.
2277 394 2506 455 PONT.
2553 398 2811 461 OPERA
2856 404 3121 466 DUBIA.

3826 411 3954 471 368

545 524 864 598 postulare,
897 525 1122 590 Simon,
1156 524 1205 580 si
1249 528 1418 580 antea
1447 529 1652 580 Petrus
1693 526 1984 597 negasset.
2017 522 2184 579 Nunc

2296 523 2425 614 παρ’
2456 522 2591 598 ἐμοῦ
2623 528 2865 603 ἀπῄτεις,
2916 530 3125 605 Σίμων,
3178 532 3225 589 εἲ
3275 532 3536 611 πρότερον
3580 538 3798 614 ἠρνεῖτο
3840 540 3869 594 6
3899 541 3951 577 ⁸⁸

549 619 743 671 autem
778 631 891 670 non
921 613 1159 669 verebor
1190 614 1378 669 dicere
1409 631 1536 686 quae
1565 613 1810 669 dicenda
1841 616 1998 669 sunt.
2029 610 2192 667 Arbi-

551 706 674 759 tror
693 709 749 758 te
770 702 856 758 ira
875 702 1254 759 constrictum
1273 718 1338 758 ac
1364 702 1797 758 inﬂammatum
1818 700 1963 757 velle
1989 699 2190 771 dispu-

546 793 827 848 tationem
858 792 1157 864 suscipere
1205 806 1219 848 :
1265 808 1435 863 porro
1481 807 1670 864 neque
1700 789 1968 847 convenit
1994 793 2051 845 te
2080 788 2190 844 hoc

548 881 757 955 facere,
790 896 978 955 neque
1010 898 1115 937 nos
1146 880 1247 936 tali
1279 880 1534 953 prabere
1564 897 1788 943 aurem,
1822 878 2101 952 quoniam
2131 876 2189 932 id

548 987 809 1044 pugnam
830 971 1025 1027 videre
1045 973 1219 1039 est,et
1239 987 1354 1026 non
1373 970 1444 1025 ad
1466 968 1769 1026 veritatem
1782 967 2192 1041 juvari.Atque

550 1077 726 1131 nunc,
750 1076 820 1117 ex
841 1060 1040 1117 Graeca
1060 1060 1385 1117 eruditione
1407 1058 1617 1128 sciens,
1642 1075 1757 1131 quo
1788 1057 1961 1115 modo
1992 1071 2191 1131 gerere

548 1166 612 1207 se
642 1150 858 1206 debant
886 1150 1303 1222 disceptantes,
1341 1148 1745 1207 commonebo.
1778 1147 2031 1219 Uterque
2059 1161 2191 1201 ves-

546 1242 707 1294 trum
733 1239 948 1312 dogma
968 1255 1143 1295 suum
1169 1242 1437 1311 exponat,
1463 1240 1521 1294 et
1549 1236 1789 1294 alternis
1817 1236 1995 1292 verba
2023 1234 2188 1291 ﬁant.

548 1328 710 1394 Quod
741 1327 792 1385 si
822 1327 984 1385 solus
1012 1332 1221 1384 Petrus
1250 1326 1495 1400 explicet
1524 1343 1693 1383 suam
1726 1324 2099 1391 sententiam,
2124 1326 2189 1378 tu

546 1432 682 1472 vero
712 1420 875 1472 tuam
929 1418 1191 1487 reticeas,
1247 1417 1372 1473 fieri
1418 1420 1631 1489 potest,
1680 1420 1746 1471 ut
1789 1413 2007 1486 aliquis
2056 1429 2091 1467 a
2132 1415 2190 1467 te

548 1503 811 1576 prolatus
842 1522 1032 1562 sermo
1056 1510 1112 1562 et
1137 1510 1301 1562 tuam
1325 1509 1382 1562 et
1402 1504 1559 1562 illius
1582 1505 1918 1577 opinionem
1941 1503 2188 1575 premat,

551 1596 725 1664 atque
754 1598 819 1650 ut
849 1598 1092 1666 uterque
1122 1599 1402 1663 vestrum,
1434 1593 1571 1649 licet
1601 1608 1797 1650 revera
1828 1592 1904 1648 sit
1932 1589 2032 1646 illo
2067 1605 2188 1646 ser-

552 1697 724 1737 mone
744 1682 951 1755 victus,
986 1700 1101 1740 non
1130 1683 1397 1740 videatur
1427 1686 1624 1738 tamen
1657 1685 1987 1753 superatus,
2014 1678 2114 1736 sed
2138 1678 2188 1734 is

549 1770 732 1840 solus,
761 1773 858 1844 qui
891 1789 1060 1829 suam
1092 1772 1428 1845 opinionem
1460 1771 1744 1844 exposuit,
1776 1769 1873 1825 ille
1901 1785 2054 1837 vero,
2089 1765 2191 1839 qui

2298 610 2520 703 Πέτρος.
2554 621 2660 671 Νῦν
2693 614 2750 673 δὲ
2779 619 2879 674 οὐκ
2906 618 3293 696 αἰδεσθήσομαι
3320 610 3498 700 λέγειν
3534 625 3567 679 ἃ
3596 610 3678 681 δεῖ
3725 626 3903 703 λέγειν
3921 672 3933 687 .

2299 702 2463 791 ρῖμαί
2505 725 2564 759 σε
2614 705 2749 783 ὀργῇ
2801 710 3182 787 πεπρησμένον
3222 714 3267 750 ⁸⁸
3315 710 3675 789 διαλεχθῆναι
3742 702 3940 791 θέλειν,

2299 788 2431 866 ὅπερ
2464 792 2728 851 ἀνοίκειόν
2760 817 2845 852 σοι
2873 803 3032 854 τοῦτο
3062 802 3107 837 ⁸⁷
3134 806 3333 874 ποιεῖν,
3369 788 3645 876 καὶνγὴμῖν
3694 788 3945 862 τοιοῦτον

2300 876 2603 954 ἐπακούειν,
2651 884 2732 939 ὅτι
2783 883 2969 961 μάχην
3019 886 3159 943 ἐστὶν
3187 891 3339 947 318
3395 890 3697 968 ἱστορῆσαι,
3729 894 3819 948 καὶ
3877 894 3946 951 οὐ

2298 967 2435 1055 πρὸς
2483 967 2739 1042 ἀλήθειαν
2787 973 3134 1053 ὠφελεῖσθαι.
3192 976 3290 1032 Καὶ
3342 983 3433 1034 νῦν
3485 967 3535 1054 ἐξ
3603 981 3952 1055 Ἑλληνικῆς

2295 1054 2563 1131 παιδείας,
2597 1060 2672 1123 ὡς
2703 1063 2815 1137 χρή
2847 1062 2976 1128 τοὺς
3036 1070 3329 1137 ζητοῦντας
3361 1074 3561 1138 ποιεῖν,
3593 1054 3774 1133 εἷδὼςγ
3810 1072 3952 1127 ὑπο-

2303 1147 2516 1218 μνήσω.
2546 1149 2848 1234 ίΕκάτερος
2895 1152 3046 1226 ὑμῶν
3102 1156 3164 1211 τὸ
3214 1156 3406 1212 ἑαυτοῦ
3455 1155 3638 1234 δόγμα
3685 1158 3947 1233 έκθέσθω,

2298 1236 2387 1327 καὶ
2420 1236 2495 1299 εἰς
2526 1232 2703 1327 ἕτερον
2738 1241 2790 1294 οἱ
2820 1240 2979 1317 λόγοι
3004 1243 3334 1318 γενέσθωσαν
3362 1248 3428 1284 ⁸⁸⁸
3634 1246 3693 1305 δὲ
3739 1232 3948 1327 Πέτρος

2303 1323 2467 1398 μόνος
2519 1326 2739 1397 ἐκθῆται
2782 1330 2867 1385 τὸη
2894 1331 3084 1387 ἑαυτοῦ
3131 1333 3406 1411 φρόνημα,
3465 1335 3528 1391 σὺ
3558 1334 3615 1393 δὲ
3641 1339 3704 1393 τὸ
3737 1340 3826 1395 σὸν
3851 1323 3948 1395 ⁷σι-

2299 1417 2471 1487 ωπᾷς,
2506 1412 2778 1492 ἐνδέχεταί
2806 1439 2927 1474 τινα
2957 1418 3122 1496 λόγον
3156 1422 3258 1478 ὑπὸ
3288 1429 3384 1479 σοῦ
3418 1424 3648 1501 ῥηθέντα
3676 1424 3880 1483 θλίϐειν
3902 1432 3953 1467 ⁸9

2296 1501 2360 1593 τὸ
2389 1501 2627 1593 αὐτοῦ-θεέ
2655 1505 2744 1560 καὶ
2781 1506 2843 1562 τὸ
2872 1508 2962 1562 σὸν
2995 1508 3268 1587 φρόνημα,
3298 1512 3387 1567 καὶ
3417 1512 3757 1593 ἀμφοτέρους
3802 1517 3950 1590 ὑμᾶς

2302 1589 2405 1679 θπό
2432 1596 2529 1647 τοῦ
2562 1590 2728 1671 λόγου
2760 1595 3090 1668 ἡττηθέντας
3125 1600 3201 1673 μή
3252 1589 3526 1679 φαίνεσθαι
3573 1589 3950 1679 ἡττημένους,

2299 1677 2445 1735 ἀλλὰ
2470 1681 2560 1737 τὸν
2595 1681 2877 1757 ἐκθέμενον
2908 1686 2972 1741 τὸ
3003 1677 3279 1766 φρόνημαμ
3310 1692 3400 1746 τὸν
3437 1688 3495 1747 δὲ
3527 1694 3602 1767 μή
3660 1677 3951 1767 ἐκθέμενον

2302 1768 2510 1842 ὁμοίως
2557 1773 2864 1846 ἡττημένον
2887 1777 2930 1811 ⁵⁵1
2981 1776 3058 1849 μή
3114 1775 3394 1854 πρόδηλον
3445 1780 3600 1849 εἶναι,
3649 1782 3799 1839 ἀλλὰ
3851 1783 3948 1839 καὶ

549 1878 665 1920 non
697 1862 986 1934 exposuit,
1018 1879 1133 1917 non
1163 1861 1432 1920 videatur
1452 1861 1667 1934 pariter
1696 1876 1825 1916 esse
1855 1860 2184 1931 superatus,

2298 1860 2627 1930 νενικηκέναι
2691 1862 3023 1959 νομίζεσθαι.
3084 1866 3182 1921 Καὶ
3239 1868 3268 1922 6
3323 1867 3510 1942 Σίμων
3570 1869 3897 1947 ἀπεκρίνατο
3930 1891 3945 1907 ⁸

548 1953 731 2009 immo
763 1966 1070 2023 superasse
1099 1951 1483 2008 existimetur.
1516 1951 1585 2005 Et
1613 1949 1817 2005 Simon
1847 1944 2186 2019 respondit:

547 2042 778 2099 Faciam
806 2040 1300 2111 quemadmodum
1342 2040 1489 2096 dicis
1520 2056 1533 2096 :
1565 2054 1767 2096 verum
1795 2035 1960 2094 valde
1985 2037 2185 2101 timeo,

545 2147 618 2187 ne
645 2130 775 2202 jam
803 2129 993 2202 ipsius
1020 2129 1212 2186 verbis
1242 2132 1560 2202 occupatus
1592 2144 1709 2183 non
1750 2127 1832 2183 sis
1857 2126 2041 2198 judex
2067 2124 2189 2181 veri

545 2220 867 2276 studiosus.

616 2308 708 2364 IV.
741 2310 811 2365 Et
840 2309 1010 2365 Pater
1037 2307 1340 2381 respondit
1368 2324 1381 2364 :
1414 2307 1497 2366 Ne
1527 2322 1621 2363 me
1651 2321 1825 2379 cogas
1855 2308 2073 2361 temere
2120 2318 2187 2359 ac

543 2396 763 2453 indicta
792 2414 971 2453 causa
998 2397 1105 2453 tibi
1129 2396 1496 2465 assentiri,ut
1508 2395 1691 2468 judex
1708 2394 1907 2451 videar
1924 2390 2185 2449 veritatis

545 2500 771 2543 amans.
807 2487 968 2553 Quod
1000 2485 1046 2542 si
1076 2503 1211 2542 vera
1238 2485 1438 2542 audire
1470 2485 1656 2557 cupis,
1695 2488 1797 2539 tua
1827 2482 2022 2555 potius
2051 2497 2181 2537 sen-

542 2576 727 2631 tentia
756 2580 1195 2648 preoccupatus
1226 2591 1377 2631 sum.
1403 2576 1483 2630 Ac
1507 2574 1708 2630 Simon
1743 2590 1756 2627 :
1790 2572 2091 2639 Quomodo
2121 2585 2184 2625 es

542 2668 1002 2737 praeoccupatus,
1026 2664 1125 2737 qui
1157 2663 1347 2719 nescis
1378 2663 1519 2735 quid
1552 2662 1802 2719 sentiam
1824 2660 1852 2717 ?
1885 2664 1957 2716 At
1985 2663 2180 2733 pater:

542 2752 730 2809 Facile
761 2758 849 2809 est
877 2752 1022 2809 illud
1056 2768 1433 2826 cognoscere:
1458 2755 1515 2807 et
1540 2767 1795 2823 quonam
1826 2746 2180 2819 pacto,audi.

541 2844 844 2900 Pollicitus
873 2861 956 2909 es,
990 2861 1023 2898 a
1052 2847 1110 2898 te
1140 2842 1270 2897 falsi
1302 2841 1630 2898 convictum
1680 2840 1748 2895 iri
1786 2844 2047 2905 Petrum,
2080 2834 2180 2909 qui

540 2950 725 2988 unum
757 2949 885 2989 esse
916 2933 1101 2988 Deum
1152 2935 1396 2988 asserat.
1449 2932 1731 2987 Czeterum
1764 2928 1863 3001 qui
1894 2926 2183 3001 promittit

538 3039 602 3078 se
633 3021 764 3078 falsi
795 3024 1247 3094 redarguturum
1281 3023 1629 3077 assertorem
1652 3018 1830 3074 unius
1860 3017 2032 3089 Dei,is
2065 3033 2180 3072 non

536 3110 692 3167 idem
721 3112 978 3167 afﬁrmat
998 3128 1065 3166 ac
1095 3109 1195 3166 ille
1221 3108 1659 3166 evidentissime
1681 3125 1815 3164 vera
1843 3104 2178 3180 loquens.Si

535 3200 690 3256 enim
720 3200 875 3255 idem
909 3200 1126 3256 diceret
1169 3216 1301 3255 cum
1336 3216 1422 3268 eo,
1458 3197 1558 3270 qui
1588 3196 1867 3253 ementita
1895 3196 2176 3268 loquitur,

2300 1949 2525 2036 Ποιήσω
2575 1949 2649 2013 ὡς
2699 1948 2900 2027 λέγεις,
2952 1954 3142 2027 ἀθυμῶ
3171 1952 3230 2010 δὲ
3262 1959 3459 2030 μήπως
3487 1956 3595 2031 ἤδη
3636 1960 3952 2036 προειλημ-

2301 2035 2461 2110 μένος
2492 2036 2659 2094 αὐτοῦ
2685 2045 2803 2103 τοῖς
2835 2038 3023 2119 λόγοις
3053 2043 3114 2098 οὐ
3147 2044 3461 2123 φιλαλήθης
3493 2044 3585 2124 ἔσῃ
3614 2052 3829 2126 κριτής.

2368 2305 2459 2362 IV.
2489 2304 2591 2362 Kal
2629 2307 2657 2363 6
2704 2308 2883 2386 πατὴρ
2927 2307 3268 2387 ἀπεκρίνατοο
3319 2315 3407 2386 Μή
3463 2335 3531 2389 με
3563 2316 3752 2393 βιάζου
3782 2315 3942 2395 ἀκρί-

2292 2395 2724 2484 τως-συνθέσθαι
2773 2417 2879 2467 σοι,
2926 2395 3019 2453 ἵνα
3050 2395 3188 2471 δόξω
3219 2399 3532 2479 φιλαλήθης
3563 2406 3695 2460 εἶναι
3723 2409 3943 2484 κριτὴς,

2296 2479 2458 2572 £1-66
2506 2482 2722 2555 τάληθῆ
2780 2484 3003 2542 ἀκοῦσαι
3059 2487 3218 2556 θέλης
3247 2492 3312 2564 ⁹²,
3369 2495 3447 2564 τῷ
3494 2497 3572 2565 σῷ
3628 2479 3946 2572 φρονήματι

2298 2568 2510 2660 μᾶλλον
2555 2573 2960 2660 προείλημμαι.
3012 2578 3109 2632 Καὶ
3158 2579 3187 2634 6
3241 2579 3469 2653 Σίμων’
3514 2568 3941 2660 Πῶς-προείλη-

2293 2662 2412 2749 daal,
2452 2659 2552 2749 οὐκ
2599 2659 2755 2724 εἰδὼς
2802 2663 2830 2719 ὃ
2882 2669 3101 2742 φρονῶ;
3152 2669 3250 2722 Καὶ
3301 2669 3329 2723 6
3358 2672 3559 2747 πατήρ·
3608 2659 3778 2727 Τοῦτο
3838 2672 3939 2749 ῥᾴ-

2294 2745 2408 2803 διόν
2456 2747 2594 2804 ἐστιν
2646 2748 2863 2821 εἰδέναι,
2911 2754 3000 2808 καὶ
3049 2759 3191 2825 πῶς,
3240 2745 3517 2817 ἄκουσον..
3559 2745 3846 2835 ἘΑέγξεικ
3892 2764 3939 2799 ⁸³

2295 2837 2533 2913 ὑπέσχου
2584 2840 2782 2914 Πέτρον
2842 2834 2933 2895 ἕνα
2979 2843 3106 2898 θεὸν
3166 2841 3393 2921 λέγοντα
3442 2849 3600 2918 εἶναι,
3662 2848 3743 2905 ὅτι
3805 2848 3939 2924 ψεῦ-

2292 2923 2496 2982 δεταιὸ
2564 2925 2620 2983 δὲ
2663 2929 2753 2983 τὸν
2804 2932 2849 2966 ⁹⁴
2923 2929 3017 2985 Eva
3066 2931 3297 3007 λέγοντα
3353 2935 3665 3010 ψεύσματος
3724 2936 3938 3014 ἐλέγξαι

2291 3014 2785 3091 έπαγτελλόμενος,
2841 3018 3054 3084 πάντως
3110 3020 3339 3093 εὔδηλον
3400 3025 3475 3088 ὡς
3535 3024 3736 3089 ἐκεῖνος
3790 3025 3936 3096 ἀλη-

2289 3104 2479 3172 θεύων,
2533 3105 2595 3161 οὗ
2621 3108 2682 3162 τὸ
2713 3106 2841 3163 αὐτὸ
2870 3111 2914 3145 9⁵
2939 3106 3102 3167 λένει.
3129 3111 3192 3166 Εἰ
3223 3112 3326 3190 γὰρ
3354 3118 3433 3186 τῷ
3477 3114 3939 3190 καταψευδομένῳ

2286 3194 2349 3249 τὸ
2397 3195 2526 3249 αυτὸ
2575 3198 2727 3253 319
2779 3195 2951 3273 λέγει,
2998 3198 3090 3254 καὶ
3137 3200 3297 3265 αὐτὸς
3342 3200 3615 3277 ψεύδεται,
3657 3205 3701 3260 εἷ
3756 3202 3813 3261 δὲ
3868 3207 3940 3261 τὰ

533 3288 660 3360 ipse
690 3305 923 3361 quoque
947 3292 1101 3345 esset
1125 3288 1415 3346 mendax:
1441 3287 1490 3343 si
1516 3303 1651 3343 vero
1671 3285 1966 3343 contraria
1986 3285 2178 3342 dicere

2296 3282 2501 3339 ἐναντία
2577 3281 2753 3360 λέγων
2834 3257 3228 3363 ἀποδείκνυσιν,

534 3394 597 3434 se
629 3378 903 3446 ostendit,
934 3383 1074 3434 tunc
1100 3394 1273 3434 verus
1302 3380 1411 3434 est.
1442 3377 1568 3433 Non
1614 3375 1729 3433 alia
1774 3392 1910 3449 ergo
1956 3374 2180 3432 ratione

535 3466 971 3539 praedicatorem
990 3468 1167 3524 unius
1180 3466 1278 3523 Dei
1298 3483 1425 3524 esse
1446 3467 1787 3523 mendacem
1810 3463 2178 3538 pronuntias,

537 3555 652 3611 nisi
705 3556 840 3627 quia
888 3556 1103 3612 multos
1150 3556 1291 3612 deos
1333 3572 1461 3612 esse
1500 3572 1722 3611 censes.
1757 3554 1931 3626 Atqui
1964 3553 2182 3610 multos

538 3645 678 3700 deos
726 3661 854 3701 esse
901 3661 1005 3717 ego
1056 3661 1293 3717 quoque
1323 3645 1435 3701 aio.
1481 3644 1638 3700 Idem
1671 3644 1871 3717 igitur,
1903 3643 2059 3714 quod
2092 3646 2179 3711 tu,

543 3737 676 3789 ante
705 3733 1187 3805 disceptationem
1219 3732 1366 3799 dico,
1398 3739 1454 3788 et
1482 3749 1585 3805 pro
1616 3736 1671 3787 te
1704 3732 1897 3804 potius
1927 3748 2061 3787 sum
2083 3747 2183 3787 oc-

541 3828 808 3894 cupatus.
844 3825 1030 3889 Quare
1061 3839 1178 3879 non
1207 3822 1383 3878 debes
1414 3822 1486 3877 de
1530 3836 1623 3876 me
1653 3837 1783 3877 esse
1821 3821 2047 3889 anxius,
2080 3823 2182 3879 sed

540 3910 768 3979 Petrus,
801 3912 939 3984 quia
968 3911 1158 3967 adhuc
1192 3914 1393 3967 contra
1435 3914 1609 3982 atque
1657 3908 1753 3966 ille
1801 3910 2009 3966 sentio.
2045 3911 2179 3968 Pro-

538 4005 734 4071 pterea
764 4006 897 4073 post
925 4000 1382 4072 disputationem
1402 4003 1655 4056 vestram
1678 4000 2028 4072 spero,quod
2063 4000 2178 4057 veri

537 4090 842 4146 studiosus
864 4090 1068 4161 judex,
1092 4089 1356 4161 deposita
1384 4088 1813 4161 anticipatione,
1846 4088 2180 4161 praevalenti

538 4194 931 4235 consensurus
961 4180 1074 4234 sim
1105 4178 1374 4235 orationi.
1400 4178 1529 4233 Haec
1560 4194 1696 4233 cum
1726 4180 1888 4249 pater
1916 4177 2178 4248 dixisset,

535 4266 754 4323 sensim
778 4267 997 4324 clamor
1011 4266 1248 4339 quidam
1268 4265 1624 4323 laudationis
1641 4283 1674 4322 a
1696 4265 1911 4338 populo
1945 4272 2181 4323 exortus

2289 3370 2477 3436 ἄλλως
2510 3370 2600 3428 οὖν
2632 3374 2724 3430 τὸν
2766 3373 2857 3430 ἕνα
2900 3377 3025 3433 Θεὸν
3056 3377 3191 3433 εἶναι
3222 3377 3448 3456 λέγοντα
3475 3382 3704 3456 ψεύστην
3735 3380 3936 3459 λέγεις,

2290 3460 2336 3516 εἰ
2373 3463 2446 3535 μή
2478 3483 2528 3517 τι
2563 3461 2622 3517 ἂν
2656 3460 2739 3519 ὅτι
2786 3462 3032 3528 πολλοὺς
3080 3463 3303 3542 δοξάζῃς
3334 3471 3378 3506 9⁸
3427 3469 3603 3534 θεούς.
3654 3470 3819 3535 Θεοὺς
3878 3470 3940 3529 δὲ

2289 3548 2535 3613 πολλοὺς
2566 3551 2696 3607 εἶναι
2727 3550 2875 3629 κάγὼ
2905 3556 2948 3591 ⁹⁷
2980 3552 3148 3630 λέγω.
3181 3556 3260 3614 Τὸ
3289 3556 3453 3613 αὐτοὺ
3483 3560 3575 3615 οὗν
3603 3581 3687 3615 σοι
3708 3561 3940 3637 πρὸτῆς

2294 3641 2571 3711 ζητήσεως
2602 3638 2799 3717 λέγων,
2832 3642 2915 3697 σοὶ
2952 3641 3162 3716 μᾶλλον
3195 3643 3603 3721 προείλημμαι.
3652 3648 3751 3703 Καὶ
3798 3651 3941 3706 κατὰ.

2288 3726 2450 3783 τοῦτο
2479 3728 2714 3804 ἀγωνιᾷν
2743 3730 2866 3807 περὶ
2899 3729 3033 3805 ἐμοῦ
3064 3731 3163 3787 οὐκ
3200 3732 3460 3813 ὀφείλεις,
3508 3734 3657 3793 ἀλλᾶ
3704 3737 3935 3814 Πέτρος,

2290 3814 2373 3871 δτι
2422 3817 2601 3892 ἀκμὴν
2653 3818 2798 3892 αὐτῴ
2844 3818 2911 3874 τὰ
2960 3819 3169 3877 ἐναντία
3214 3827 3415 3902 φρονῶ.
3465 3826 3667 3900 ’Ὠσπερ
3698 3828 3741 3863 ⁸⁸
3802 3828 3940 3900 μετὰ

2288 3908 2387 3977 τὴν
2418 3906 2675 3984 ὑμετέραν
2712 3910 2933 3981 ζήτησιν
2976 3908 3182 3980 ἐλπίζω
3230 3910 3544 3989 φιλαλήθης
3594 3912 3665 3970 ὥν
3716 3917 3935 3991 κριτὴς,

2288 3995 2567 4073 πρόληψιν
2617 3994 3045 4071 ἀποδυσάμενος,
3092 4004 3173 4073 τῷ
3221 3999 3598 4075 έπικρατοῦντι
3650 4002 3937 4069 συνθέσθαι

2289 4082 2460 4162 λόγῳ.
2491 4091 2665 4141 Ταῦτα
2692 4091 2788 4141 τοῦ
2819 4087 3019 4163 πατρὸς
3051 4087 3295 4153 εἰπόντος
3325 4090 3507 4167 ἡρέμα
3539 4092 3641 4168 βοή
3672 4113 3755 4154 τις
3781 4090 3940 4147 ἐπαί-

2286 4195 2383 4229 νου
2414 4174 2473 4230 ἐκ
2522 4180 2628 4230 τῶν
2662 4171 2848 4253 ὄχλων
2903 4174 3111 4253 ἐγένετο
3159 4177 3247 4233 ἐπὶ
3295 4179 3376 4253 τῷ
3406 4179 3580 4245 οὕτως
3608 4181 3701 4237 τὸν
3734 4180 3949 4259 πατέρα

2289 4260 2665 4341 διαλεχθῆναι.

534 4359 624 4412 est
653 4357 930 4427 quoniam
956 4356 1039 4412 ita
1059 4361 1224 4429 pater
1247 4359 1400 4412 esset
1427 4355 1679 4411 locutus.

602 4444 672 4500 V.
707 4450 876 4501 Porro
920 4445 1125 4502 Petrus
1173 4445 1363 4501 dixit:
1395 4446 1534 4518 Ego,
1576 4442 1730 4499 sicut
1777 4444 2177 4500 controversiae

2356 4444 2425 4501 V.
2460 4443 2557 4498 Kal
2592 4444 2743 4516 ὁμῶς
2774 4443 2801 4498 6
2831 4443 3035 4521 Πέτρος
3066 4442 3166 4524 ἔφη
3195 4466 3207 4479 ·
3244 4448 3404 4524 Ἐγὼ,
3438 4448 3513 4512 ὡς
3543 4448 3571 4504 ὁ
3594 4452 3701 4505 τῶν
3748 4447 3941 4526 λόγων

533 4534 750 4591 arbiter
780 4533 1200 4607 pronuntiavit,
1232 4550 1401 4605 agere
1431 4549 1563 4588 sum
1619 4537 1857 4605 paratus
1891 4551 1904 4590 :
1932 4533 2177 4606 jamque

2296 4532 2515 4604 μεσίτης
2564 4531 2794 4607 εἴρηκεν,
2838 4539 3010 4588 ποιεῖν
3057 4532 3281 4608 ἕτοιμός
3329 4535 3464 4611 εἶμι,
3513 4538 3604 4593 καῖ
3635 4537 3743 4609 ἤδη
3801 4542 3945 4597 ποτε

533 4625 756 4696 absque
806 4623 927 4680 ulla
975 4640 1138 4679 mora
1185 4639 1377 4678 meam
1419 4623 1490 4678 de
1534 4622 1651 4677 Deo
1695 4622 2047 4677 sententiam
2076 4640 2172 4678 ex-

2296 4621 2388 4697 rrp6
2436 4621 2615 4691 πάσης
2673 4616 2949 4691 ἀναϐολῆς
2989 4623 3052 4677 τὸ
3097 4622 3225 4695 ἐμὸν
3276 4624 3400 4700 περὶ
3451 4630 3585 4681 Θεοῦ
3626 4626 3938 4701 ἐκθήσομαι

531 4712 778 4785 plicabo.
813 4712 1004 4768 Unum
1037 4729 1141 4785 ego
1173 4727 1301 4768 esse
1333 4716 1512 4766 Deum
1546 4726 1764 4777 assero,
1816 4710 2172 4767 conditorem

2296 4708 2558 4787 φρόνημα.
2594 4709 2754 4785 Κάγὼ
2782 4709 2873 4765 ’ἐνα
2904 4711 3029 4765 Θεὸν
3063 4711 3196 4767 εἶναι
3237 4712 3405 4789 λέγω,
3453 4714 3545 4769 τὸν
3592 4718 3943 4783 πεποιηκότα

531 4801 658 4858 ccin
688 4806 746 4858 et
773 4806 937 4858 terrze
960 4802 1341 4872 omniumque
1364 4800 1436 4855 iis
1459 4802 1971 4855 contentorum.Ac
1993 4798 2171 4855 alium

2296 4799 2371 4853 τὸν
2436 4798 2657 4874 οὐρανὸν
2715 4798 2806 4852 καὶ
2860 4800 2960 4868 τὴν
3021 4807 3122 4876 γῆν
3179 4800 3271 4855 καὶ
3301 4800 3366 4857 τὲι
3406 4800 3456 4857 ἐν
3504 4802 3689 4867 αὐτοῖς
3743 4806 3941 4865 πάντα.

530 4907 718 4963 neque
756 4891 966 4959 dicere,
1017 4906 1206 4961 neque
1252 4890 1529 4944 extimare
1574 4887 1726 4943 licet.
1771 4888 1921 4943 Tum
1971 4888 2172 4944 Simon

2296 4884 2489 4941 Ἀικλον
2539 4908 2598 4941 τε
2645 4883 2768 4941 οὔτε
2812 4885 3010 4965 λέγειν,
3044 4887 3168 4944 οὕτε
3195 4889 3437 4962 νομίζειν
3471 4889 3689 4962 ἔξεστιν.
3749 4894 3849 4948 Kal
3910 4897 3940 4950 6

526 4980 645 5054 Ego
676 4984 868 5035 autem
897 4980 1008 5046 aio,
1034 4996 1068 5034 a
1095 4977 1414 5049 Scripturis
1437 4993 1566 5049 qua:
1597 4977 1751 5047 apud
1781 4975 2014 5032 Judaeos
2045 4993 2170 5034 cre-

2296 4976 2506 5049 Ξίμων’
2557 4976 2696 5051 Ἐγὼ
2747 4972 2803 5031 δέ
2849 4978 2893 5014 θθ
2949 4998 3092 5055 φημι
3136 4978 3232 5040 τὰς
3263 4979 3690 5054 πεπιστευμένας
3717 4982 3938 5060 Γραφᾶς

528 5069 768 5136 duntur,
814 5068 927 5123 dici
959 5066 1175 5123 multos
1226 5066 1384 5134 deos,
1436 5081 1542 5121 nec
1590 5066 1659 5120 de
1707 5081 1773 5120 eo
1825 5082 2171 5122 succensere

2296 5064 2424 5140 ταρὰ
2453 5061 2735 5126 Ἰουδαίοις
2767 5064 3010 5129 πολλοὺς
3040 5065 3218 5144 λέγειν
3252 5066 3430 5143 θεοὺς,
3477 5069 3568 5125 καὶ
3624 5072 3703 5146 μὴ
3753 5072 3937 5147 χαλο-

1876 5243 2119 5299 νΑΗΙιΕ
2154 5241 2564 5300 LECTIONES.

592 5362 637 5397 ⁸⁸
666 5361 842 5440 6_om_.
876 5359 974 5440 Ο.-
1016 5359 1061 5440 δξ
1080 5360 1176 5440 _Ita
1204 5360 1249 5415 Ο
1287 5362 1346 5415 et
1373 5374 1442 5440 e‘x
1472 5358 1810 5440 conjecta-0,
1843 5358 1943 5440 qui
1974 5357 2336 5440 πεπρωμένον
2363 5356 2421 5412 in
2446 5360 2626 5440 textu,
2650 5354 3235 5440 ρργῆςπεπλῃσμένον
3263 5363 3552 5440 ῌρ-ἰιῖ1β1.
3572 5365 3938 5440 approbante

519 5433 597 5513 D.‘
666 5434 709 5513 Β]
731 5430 824 5513 ,σοί
852 5431 1197 5513 τε“Ο.,Ῑάθξ[1
1227 5430 1438 5513 οέλορᾴ.
1644 5426 2129 5513 804βοιὸὸτωῖἱρ.
2160 5426 2429 5513 τοιοῑῖνιοχἶ
2461 5426 2931 5513 Ἰξὶυωὲποάκοόεέν
3076 5426 3144 5513 ’δέ
3193 5433 3285 5513 καὶ
3316 5426 3425 5513 ’ὑφ’
3474 5426 3937 5513 ἕτέρῷῖκρίνοντι

519 5455 589 5490 υ.
666 5455 705 5468 ν’
741 5455 824 5485 σοι
852 5455 910 5485 τε
938 5455 1002 5487 υ.
1040 5455 1197 5487 luem
1227 5455 1277 5486 υ.
1312 5455 1438 5485 υυυ.
1473 5455 1611 5512 pug.
1644 5455 1749 5485 ουει
1777 5455 2037 5483 Tum!)er
2075 5455 2129 5500 μ.
2160 5455 2427 5509 τυιυυῖυχ.
2470 5455 2610 5483 xum
2646 5455 2931 5483 υπακυυειν
2962 5455 3023 5487 υ.
3099 5455 3144 5469 νυ
3193 5455 3285 5487 και
3338 5455 3407 5548 οἵ
3475 5455 3642 5510 ετερῳ
3688 5455 3930 5513 κρινοντι

516 5501 645 5586 τοῦς
680 5498 1091 5586 λόγουςκδοτέον
1124 5502 1309 5586 9.-89
1337 5500 1544 5586 ἓιςςιρὶ
1593 5501 1867 5586 mendum
1918 5494 2164 5586 O’MGX‘sW
2210 5503 2438 5586 repetiit
2484 5498 2564 5581 8..
2620 5498 2664 5533 9°
2711 5497 2902 5586 ἑαυτοῦ
2951 5501 3012 5557 C.
3089 5504 3483 5586 “inﬁrmat,va
3666 5508 3791 5586 ".5!
3820 5511 3930 5586 γὰρ

516 5530 643 5563 τους
682 5530 873 5575 Λυγυυς
908 5530 1091 5556 υυτευν
1124 5530 1188 5557 υ.
1264 5530 1306 5537 *⁷
1337 5530 1544 5556 υιῦϊιυι
1593 5530 1867 5556 ωΰιιυυω
1918 5530 2163 5562 υΛιυΛιιν
2210 5530 2438 5580 [ξῖμῠιιιιο
2484 5530 2564 5581 υ..
2623 5530 2660 5533 τ’
2712 5530 2902 5553 ιαπίυυ
2951 5530 3012 5557 υ.
3092 5530 3133 5541 ’⁸
3190 5530 3483 5576 ηττομενον
3523 5530 3588 5563 υ.
3669 5530 3711 5544 ’⁸
3745 5530 3791 5562 ει
3820 5530 3930 5602 ’ξαρ

516 5570 732 5658 τάληθῆ
770 5571 957 5658 βούλει
990 5573 1173 5658 μαθεῖν
1314 5574 1384 5656 ~93
1416 5569 1663 5658 ἐλέγχειν
1691 5571 1750 5627 S.
1827 5572 1870 5658 ξι
1897 5568 1989 5658 τόν
2019 5571 2258 5658 adjuBXI
2371 5568 2567 5658 9nqu
2600 5585 2716 5658 om.
2748 5569 3075 5658 ψεῦσματος.
3095 5646 3131 5658 Α
3153 5576 3197 5611 9⁵
3214 5576 3301 5658 ’ὡς
3325 5575 3652 5658 ,ᾀληθεύωνι
3672 5577 3737 5633 τὸ
3796 5582 3935 5638 αυτό

518 5593 732 5641 ταΛηθη
770 5593 957 5661 pou/)5:
990 5593 1173 5699 μαυειν
1204 5593 1263 5628 υ.
1342 5593 1384 5608 ’ν
1416 5593 1657 5655 εΛςεγχειν
1692 5593 1750 5627 a.
1829 5593 1870 5611 -ο
1897 5593 1989 5623 τον
2019 5593 2258 5638 aUJuuxi
2289 5593 2337 5622 υ.
2371 5593 2436 5634 υ,
2471 5593 2567 5658 qui
2600 5593 2716 5624 υω.
2748 5593 3075 5643 ψευσματος.
3154 5593 3197 5611 ’⁸³
3227 5593 3301 5638 ως
3337 5593 3642 5649 αΛηυευων,
3672 5593 3737 5633 τὸ
3796 5593 3931 5638 αὑτό

518 5662 577 5729 ι).-
609 5645 822 5729 ποὲντως
857 5640 987 5729 ετὲδη
1031 5663 1085 5697 ον
1120 5641 1429 5729 desisse
1462 5639 1770 5729 αληθξύωγν
1802 5639 1865 5729 2":
1894 5640 1955 5693 τὸ
1986 5639 2115 5729 ei.“
2146 5644 2205 5729 (ὲ
2242 5633 2725 5729 ..⁹ῗ,δ,2ξαξξξςμ.οί
2756 5641 3043 5729 η⁹⁷ηφημί
3090 5646 3158 5703 ο·
3208 5649 3546 5710 Lectionem
3594 5648 3789 5729 λέγων,
3839 5655 3931 5711 σοι

516 5696 785 5791 Ejusdem
806 5696 937 5774 Sed.
964 5696 1089 5787 iam
1114 5696 1257 5772 vidit
1284 5713 1346 5783 C,
1378 5696 1440 5771 in
1469 5696 1775 5787 cuj'Itexui
1803 5709 1951 5786 λέγω
1981 5709 2088 5779 σοί.
2163 5710 2206 5748 σο
2236 5705 2369 5785 ὅπερ
2398 5696 2462 5767 c:
2514 5696 2673 5766 ἠδέ
2702 5726 2818 5771 σω,
2851 5696 2921 5771 ος
3099 5696 3158 5703 ⁷-
3208 5696 3546 5710 "ww"-
3594 5696 3789 5729 --τι-ννι
