  <div class='ocr_page' id='page_1' title='image "/cluster/home/n/w/nwhite01/storage/ocr_20150623/2/hvd.32044073501421/196.png"; bbox 0 0 4148 6342; ppageno 0'>
   <div class='ocr_carea' id='block_1_1' title="bbox 192 422 293 482">
    <p class='ocr_par' dir='ltr' id='par_1_1' title="bbox 192 422 293 482">
     <span class='ocr_line' id='line_1_1' title="bbox 192 422 293 482; baseline 0.01 -1"><span class='ocrx_word' id='word_1_1' title='bbox 192 422 293 482; x_wconf 81' lang='lat'>369</span> 
     </span>
    </p>
   </div>
   <div class='ocr_carea' id='block_1_2' title="bbox 1268 416 2477 482">
    <p class='ocr_par' dir='ltr' id='par_1_2' title="bbox 1268 416 2477 482">
     <span class='ocr_line' id='line_1_2' title="bbox 1268 416 2477 482; baseline 0.001 -4"><span class='ocrx_word' id='word_1_2' title='bbox 1268 416 1795 479; x_wconf 83' lang='lat' dir='ltr'>CLEMENTINA.</span> <span class='ocrx_word' id='word_1_3' title='bbox 1830 450 1909 462; x_wconf 97' lang='lat'><strong>—</strong></span> <span class='ocrx_word' id='word_1_4' title='bbox 1938 417 2271 479; x_wconf 85' lang='lat' dir='ltr'><strong>HOMILIA</strong></span> <span class='ocrx_word' id='word_1_5' title='bbox 2315 420 2477 482; x_wconf 81' lang='lat' dir='ltr'><strong>XVI.</strong></span> 
     </span>
    </p>
   </div>
   <div class='ocr_carea' id='block_1_3' title="bbox 3459 421 3580 481">
    <p class='ocr_par' dir='ltr' id='par_1_3' title="bbox 3459 421 3580 481">
     <span class='ocr_line' id='line_1_3' title="bbox 3459 421 3580 481; baseline 0 -1"><span class='ocrx_word' id='word_1_6' title='bbox 3459 421 3580 481; x_wconf 83' lang='lat'>370</span> 
     </span>
    </p>
   </div>
   <div class='ocr_carea' id='block_1_4' title="bbox 188 546 1811 627">
    <p class='ocr_par' dir='ltr' id='par_1_4' title="bbox 188 546 1811 627">
     <span class='ocr_line' id='line_1_4' title="bbox 188 546 1811 627; baseline -0.002 -20"><span class='ocrx_word' id='word_1_7' title='bbox 188 552 371 607; x_wconf 78' lang='grc' dir='ltr'>παίνειν</span> <span class='ocrx_word' id='word_1_8' title='bbox 398 548 484 606; x_wconf 78' lang='grc' dir='ltr'>ἐπὶ</span> <span class='ocrx_word' id='word_1_9' title='bbox 512 546 696 623; x_wconf 72' lang='grc' dir='ltr'>τούτῳ</span> <span class='ocrx_word' id='word_1_10' title='bbox 724 567 818 605; x_wconf 89' lang='grc' dir='ltr'>τον</span> <span class='ocrx_word' id='word_1_11' title='bbox 852 547 1003 623; x_wconf 90' lang='grc' dir='ltr'>Θεὸν,</span> <span class='ocrx_word' id='word_1_12' title='bbox 1030 551 1112 622; x_wconf 78' lang='grc' dir='ltr'>τῷ</span> <span class='ocrx_word' id='word_1_13' title='bbox 1142 547 1301 605; x_wconf 74' lang='grc' dir='ltr'>αὐτὸν</span> <span class='ocrx_word' id='word_1_14' title='bbox 1331 546 1421 606; x_wconf 76' lang='grc' dir='ltr'>διὰ</span> <span class='ocrx_word' id='word_1_15' title='bbox 1446 552 1554 605; x_wconf 83' lang='grc' dir='ltr'>τῶν</span> <span class='ocrx_word' id='word_1_16' title='bbox 1587 551 1811 627; x_wconf 82' lang='grc' dir='ltr'>Γραφῶν</span> 
     </span>
    </p>
   </div>
   <div class='ocr_carea' id='block_1_5' title="bbox 1924 546 3577 627">
    <p class='ocr_par' dir='ltr' id='par_1_5' title="bbox 1925 549 3577 626">
     <span class='ocr_line' id='line_1_5' title="bbox 1925 549 3577 626; baseline 0.002 -21"><span class='ocrx_word' id='word_1_17' title='bbox 1925 549 2132 619; x_wconf 91' lang='lat' dir='ltr'>Deum,</span> <span class='ocrx_word' id='word_1_18' title='bbox 2177 552 2455 623; x_wconf 88' lang='lat' dir='ltr'>quoniam</span> <span class='ocrx_word' id='word_1_19' title='bbox 2506 551 2632 626; x_wconf 85' lang='lat' dir='ltr'>ipse</span> <span class='ocrx_word' id='word_1_20' title='bbox 2677 569 2780 625; x_wconf 90' lang='lat' dir='ltr'>per</span> <span class='ocrx_word' id='word_1_21' title='bbox 2808 550 3142 626; x_wconf 88' lang='lat' dir='ltr'>Scripturas</span> <span class='ocrx_word' id='word_1_22' title='bbox 3191 568 3330 610; x_wconf 87' lang='lat' dir='ltr'>suas</span> <span class='ocrx_word' id='word_1_23' title='bbox 3377 550 3577 625; x_wconf 83' lang='lat' dir='ltr'>plures</span> 
     </span>
    </p>
   </div>
   <div class='ocr_carea' id='block_1_6' title="bbox 192 636 1228 715">
    <p class='ocr_par' dir='ltr' id='par_1_6' title="bbox 192 636 1228 715">
     <span class='ocr_line' id='line_1_6' title="bbox 192 636 1228 715; baseline -0.001 -19"><span class='ocrx_word' id='word_1_24' title='bbox 192 640 333 697; x_wconf 70' lang='grc' dir='ltr'>αὗτοῦ</span> <span class='ocrx_word' id='word_1_25' title='bbox 360 636 609 701; x_wconf 72' lang='grc' dir='ltr'>πολλοὺς</span> <span class='ocrx_word' id='word_1_26' title='bbox 645 637 799 703; x_wconf 75' lang='grc' dir='ltr'>θεοὺς</span> <span class='ocrx_word' id='word_1_27' title='bbox 837 641 903 678; x_wconf 87' lang='grc'>¹⁰⁰</span> <span class='ocrx_word' id='word_1_28' title='bbox 931 638 1228 715; x_wconf 72' lang='grc' dir='ltr'>εἰρηκέναι.</span> 
     </span>
    </p>
   </div>
   <div class='ocr_carea' id='block_1_7' title="bbox 250 724 1817 805">
    <p class='ocr_par' dir='ltr' id='par_1_7' title="bbox 250 724 1817 805">
     <span class='ocr_line' id='line_1_7' title="bbox 250 724 1817 805; baseline -0.003 -20"><span class='ocrx_word' id='word_1_29' title='bbox 250 732 335 786; x_wconf 85' lang='lat' dir='ltr'>VI.</span> <span class='ocrx_word' id='word_1_30' title='bbox 368 728 565 785; x_wconf 74' lang='grc' dir='ltr'>Αὐτίκα</span> <span class='ocrx_word' id='word_1_31' title='bbox 593 732 725 803; x_wconf 76' lang='grc' dir='ltr'>γοῦν</span> <span class='ocrx_word' id='word_1_32' title='bbox 758 728 810 782; x_wconf 70' lang='grc' dir='ltr'>ἂν</span> <span class='ocrx_word' id='word_1_33' title='bbox 840 731 908 801; x_wconf 77' lang='grc' dir='ltr'>τῇ</span> <span class='ocrx_word' id='word_1_34' title='bbox 940 728 1130 803; x_wconf 79' lang='grc' dir='ltr'>πρώτῃ</span> <span class='ocrx_word' id='word_1_35' title='bbox 1163 731 1317 805; x_wconf 79' lang='grc' dir='ltr'>φωνῇ</span> <span class='ocrx_word' id='word_1_36' title='bbox 1345 730 1442 781; x_wconf 73' lang='grc' dir='ltr'>τοῦ</span> <span class='ocrx_word' id='word_1_37' title='bbox 1470 724 1642 799; x_wconf 80' lang='grc' dir='ltr'>νόμου</span> <span class='ocrx_word' id='word_1_38' title='bbox 1691 724 1817 803; x_wconf 83' lang='grc' dir='ltr'>φαί-</span> 
     </span>
    </p>
   </div>
   <div class='ocr_carea' id='block_1_8' title="bbox 188 812 1817 891">
    <p class='ocr_par' dir='ltr' id='par_1_8' title="bbox 188 812 1817 891">
     <span class='ocr_line' id='line_1_8' title="bbox 188 812 1817 891; baseline -0.003 -18"><span class='ocrx_word' id='word_1_39' title='bbox 188 839 309 873; x_wconf 84' lang='grc' dir='ltr'>νεται</span> <span class='ocrx_word' id='word_1_40' title='bbox 332 818 419 871; x_wconf 80' lang='grc' dir='ltr'>καὶ</span> <span class='ocrx_word' id='word_1_41' title='bbox 451 816 627 891; x_wconf 71' lang='grc' dir='ltr'>ἑαυτῷ</span> <span class='ocrx_word' id='word_1_42' title='bbox 661 820 818 875; x_wconf 70' lang='lat'>820</span> <span class='ocrx_word' id='word_1_43' title='bbox 848 815 1045 879; x_wconf 79' lang='grc' dir='ltr'>αὐτοὺς</span> <span class='ocrx_word' id='word_1_44' title='bbox 1076 816 1305 890; x_wconf 84' lang='grc' dir='ltr'>ὁμοίους</span> <span class='ocrx_word' id='word_1_45' title='bbox 1339 820 1352 853; x_wconf 86' lang='grc'>¹</span> <span class='ocrx_word' id='word_1_46' title='bbox 1385 813 1584 890; x_wconf 91' lang='grc' dir='ltr'>λέγων.</span> <span class='ocrx_word' id='word_1_47' title='bbox 1632 812 1817 877; x_wconf 74' lang='grc' dir='ltr'>Οὕτως</span> 
     </span>
    </p>
   </div>
   <div class='ocr_carea' id='block_1_9' title="bbox 189 901 1819 983">
    <p class='ocr_par' dir='ltr' id='par_1_9' title="bbox 189 901 1819 983">
     <span class='ocr_line' id='line_1_9' title="bbox 189 901 1819 983; baseline -0.003 -21"><span class='ocrx_word' id='word_1_48' title='bbox 189 909 277 982; x_wconf 72' lang='grc' dir='ltr'>γὰρ</span> <span class='ocrx_word' id='word_1_49' title='bbox 303 909 613 983; x_wconf 76' lang='grc' dir='ltr'>γέγραπται,</span> <span class='ocrx_word' id='word_1_50' title='bbox 648 904 724 967; x_wconf 82' lang='grc' dir='ltr'>ὡς</span> <span class='ocrx_word' id='word_1_51' title='bbox 756 905 841 961; x_wconf 83' lang='grc' dir='ltr'>ὅτι</span> <span class='ocrx_word' id='word_1_52' title='bbox 866 910 945 977; x_wconf 83' lang='grc' dir='ltr'>τῷ</span> <span class='ocrx_word' id='word_1_53' title='bbox 995 906 1201 981; x_wconf 83' lang='grc' dir='ltr'>πρώτῳ</span> <span class='ocrx_word' id='word_1_54' title='bbox 1251 904 1543 978; x_wconf 82' lang='grc' dir='ltr'>ἀνθρώπῳ,</span> <span class='ocrx_word' id='word_1_55' title='bbox 1593 901 1819 973; x_wconf 76' lang='grc' dir='ltr'>ἐντολὴν</span> 
     </span>
    </p>
   </div>
   <div class='ocr_carea' id='block_1_10' title="bbox 188 991 1818 1072">
    <p class='ocr_par' dir='ltr' id='par_1_10' title="bbox 188 991 1818 1072">
     <span class='ocr_line' id='line_1_10' title="bbox 188 991 1818 1072; baseline -0.002 -21"><span class='ocrx_word' id='word_1_56' title='bbox 188 995 343 1072; x_wconf 74' lang='grc' dir='ltr'>ἔχοντι</span> <span class='ocrx_word' id='word_1_57' title='bbox 384 996 529 1070; x_wconf 69' lang='grc' dir='ltr'>παρὰ</span> <span class='ocrx_word' id='word_1_58' title='bbox 574 998 676 1050; x_wconf 74' lang='grc' dir='ltr'>τοῦ</span> <span class='ocrx_word' id='word_1_59' title='bbox 727 998 879 1062; x_wconf 80' lang='grc' dir='ltr'>Θεοῦ,</span> <span class='ocrx_word' id='word_1_60' title='bbox 927 993 1034 1048; x_wconf 86' lang='grc' dir='ltr'>ἀπὸ</span> <span class='ocrx_word' id='word_1_61' title='bbox 1080 994 1279 1055; x_wconf 88' lang='grc' dir='ltr'>παντὸς</span> <span class='ocrx_word' id='word_1_62' title='bbox 1313 991 1477 1063; x_wconf 62' lang='grc' dir='ltr'>ξύλου</span> <span class='ocrx_word' id='word_1_63' title='bbox 1505 996 1601 1048; x_wconf 76' lang='grc' dir='ltr'>τοῦ</span> <span class='ocrx_word' id='word_1_64' title='bbox 1657 991 1709 1047; x_wconf 86' lang='grc' dir='ltr'>έν</span> <span class='ocrx_word' id='word_1_65' title='bbox 1737 995 1818 1065; x_wconf 80' lang='grc' dir='ltr'>τῷ</span> 
     </span>
    </p>
   </div>
   <div class='ocr_carea' id='block_1_11' title="bbox 187 1080 1818 1162">
    <p class='ocr_par' dir='ltr' id='par_1_11' title="bbox 187 1080 1818 1162">
     <span class='ocr_line' id='line_1_11' title="bbox 187 1080 1818 1162; baseline -0.003 -22"><span class='ocrx_word' id='word_1_66' title='bbox 187 1082 465 1161; x_wconf 74' lang='grc' dir='ltr'>παραδείσῳ</span> <span class='ocrx_word' id='word_1_67' title='bbox 491 1088 703 1162; x_wconf 84' lang='grc' dir='ltr'>φαγεῖν,</span> <span class='ocrx_word' id='word_1_68' title='bbox 736 1082 842 1138; x_wconf 78' lang='grc' dir='ltr'>ἀπὸ</span> <span class='ocrx_word' id='word_1_69' title='bbox 872 1080 931 1138; x_wconf 74' lang='grc' dir='ltr'>δὲ</span> <span class='ocrx_word' id='word_1_70' title='bbox 956 1086 1054 1137; x_wconf 78' lang='grc' dir='ltr'>τοῦ</span> <span class='ocrx_word' id='word_1_71' title='bbox 1088 1081 1252 1154; x_wconf 76' lang='grc' dir='ltr'>ξύλου</span> <span class='ocrx_word' id='word_1_72' title='bbox 1283 1086 1380 1137; x_wconf 74' lang='grc' dir='ltr'>τοῦ</span> <span class='ocrx_word' id='word_1_73' title='bbox 1409 1083 1692 1158; x_wconf 82' lang='grc' dir='ltr'>γινώσκειν</span> <span class='ocrx_word' id='word_1_74' title='bbox 1724 1102 1818 1136; x_wconf 85' lang='grc' dir='ltr'>κα-</span> 
     </span>
    </p>
   </div>
   <div class='ocr_carea' id='block_1_12' title="bbox 190 1168 1816 1251">
    <p class='ocr_par' dir='ltr' id='par_1_12' title="bbox 190 1168 1816 1251">
     <span class='ocr_line' id='line_1_12' title="bbox 190 1168 1816 1251; baseline -0.002 -22"><span class='ocrx_word' id='word_1_75' title='bbox 190 1173 269 1229; x_wconf 80' lang='grc' dir='ltr'>λὸν</span> <span class='ocrx_word' id='word_1_76' title='bbox 310 1172 394 1228; x_wconf 76' lang='grc' dir='ltr'>ιιαῖ</span> <span class='ocrx_word' id='word_1_77' title='bbox 448 1173 693 1249; x_wconf 84' lang='grc' dir='ltr'>πονηρὸν</span> <span class='ocrx_word' id='word_1_78' title='bbox 732 1173 807 1246; x_wconf 77' lang='grc' dir='ltr'>μὴ</span> <span class='ocrx_word' id='word_1_79' title='bbox 856 1176 1062 1250; x_wconf 80' lang='grc' dir='ltr'>φαγεῖν,</span> <span class='ocrx_word' id='word_1_80' title='bbox 1097 1172 1125 1226; x_wconf 97' lang='lat'>6</span> <span class='ocrx_word' id='word_1_81' title='bbox 1155 1170 1277 1251; x_wconf 72' lang='grc' dir='ltr'>ὄφις</span> <span class='ocrx_word' id='word_1_82' title='bbox 1309 1168 1399 1226; x_wconf 75' lang='grc' dir='ltr'>διὰ</span> <span class='ocrx_word' id='word_1_83' title='bbox 1434 1178 1533 1241; x_wconf 86' lang='grc' dir='ltr'>τῆς</span> <span class='ocrx_word' id='word_1_84' title='bbox 1563 1170 1816 1245; x_wconf 82' lang='grc' dir='ltr'>γυναικὸς</span> 
     </span>
    </p>
   </div>
   <div class='ocr_carea' id='block_1_13' title="bbox 188 1260 1816 1339">
    <p class='ocr_par' dir='ltr' id='par_1_13' title="bbox 188 1260 1816 1339">
     <span class='ocr_line' id='line_1_13' title="bbox 188 1260 1816 1339; baseline -0.002 -21"><span class='ocrx_word' id='word_1_85' title='bbox 188 1261 261 1318; x_wconf 76' lang='grc' dir='ltr'>ἐπὶ</span> <span class='ocrx_word' id='word_1_86' title='bbox 288 1260 566 1337; x_wconf 76' lang='grc' dir='ltr'>ὑποσχέσει</span> <span class='ocrx_word' id='word_1_87' title='bbox 596 1266 700 1317; x_wconf 76' lang='grc' dir='ltr'>τοῦ</span> <span class='ocrx_word' id='word_1_88' title='bbox 729 1260 972 1337; x_wconf 88' lang='grc' dir='ltr'>γενέσθαι</span> <span class='ocrx_word' id='word_1_89' title='bbox 1005 1260 1200 1324; x_wconf 76' lang='grc' dir='ltr'>αὐτοὺς</span> <span class='ocrx_word' id='word_1_90' title='bbox 1254 1261 1408 1326; x_wconf 80' lang='grc' dir='ltr'>θεοὺς</span> <span class='ocrx_word' id='word_1_91' title='bbox 1458 1265 1646 1339; x_wconf 79' lang='grc' dir='ltr'>φαγεῖν</span> <span class='ocrx_word' id='word_1_92' title='bbox 1714 1260 1816 1316; x_wconf 82' lang='grc' dir='ltr'>αὐ-</span> 
     </span>
    </p>
   </div>
   <div class='ocr_carea' id='block_1_14' title="bbox 187 1346 1813 1425">
    <p class='ocr_par' dir='ltr' id='par_1_14' title="bbox 187 1346 1813 1425">
     <span class='ocr_line' id='line_1_14' title="bbox 187 1346 1813 1425; baseline 0 -19"><span class='ocrx_word' id='word_1_93' title='bbox 187 1352 293 1415; x_wconf 78' lang='grc' dir='ltr'>τοὺς</span> <span class='ocrx_word' id='word_1_94' title='bbox 337 1352 545 1424; x_wconf 79' lang='grc' dir='ltr'>πείσας,</span> <span class='ocrx_word' id='word_1_95' title='bbox 605 1346 907 1425; x_wconf 76' lang='grc' dir='ltr'>ἀναϐλέψαι</span> <span class='ocrx_word' id='word_1_96' title='bbox 969 1349 1221 1422; x_wconf 76' lang='grc' dir='ltr'>ἐποίησεν</span> <span class='ocrx_word' id='word_1_97' title='bbox 1248 1369 1261 1383; x_wconf 91' lang='grc'><strong>·</strong></span> <span class='ocrx_word' id='word_1_98' title='bbox 1296 1350 1385 1406; x_wconf 79' lang='grc' dir='ltr'>καὶ</span> <span class='ocrx_word' id='word_1_99' title='bbox 1439 1350 1537 1414; x_wconf 70' lang='grc' dir='ltr'>εἶθ’</span> <span class='ocrx_word' id='word_1_100' title='bbox 1580 1349 1752 1405; x_wconf 79' lang='grc' dir='ltr'>οὕτως</span> <span class='ocrx_word' id='word_1_101' title='bbox 1784 1350 1813 1406; x_wconf 97' lang='lat'>6</span> 
     </span>
    </p>
   </div>
   <div class='ocr_carea' id='block_1_15' title="bbox 190 1435 1810 1519">
    <p class='ocr_par' dir='ltr' id='par_1_15' title="bbox 190 1435 1810 1519">
     <span class='ocr_line' id='line_1_15' title="bbox 190 1435 1810 1519; baseline -0.002 -22"><span class='ocrx_word' id='word_1_102' title='bbox 190 1442 298 1504; x_wconf 84' lang='grc' dir='ltr'>Θεὸς</span> <span class='ocrx_word' id='word_1_103' title='bbox 341 1435 704 1516; x_wconf 71' lang='grc' dir='ltr'>ἆναὸλέψασιν</span> <span class='ocrx_word' id='word_1_104' title='bbox 756 1438 939 1502; x_wconf 77' lang='grc' dir='ltr'>αὐτοῖς</span> <span class='ocrx_word' id='word_1_105' title='bbox 984 1436 1087 1519; x_wconf 70' lang='grc' dir='ltr'>ἔφη</span> <span class='ocrx_word' id='word_1_106' title='bbox 1116 1458 1129 1472; x_wconf 75' lang='grc'><strong>⁸</strong></span> <span class='ocrx_word' id='word_1_107' title='bbox 1164 1437 1301 1494; x_wconf 81' lang='grc' dir='ltr'>Ἰδοὺ</span> <span class='ocrx_word' id='word_1_108' title='bbox 1333 1438 1553 1515; x_wconf 85' lang='grc' dir='ltr'>γέγονεν</span> <span class='ocrx_word' id='word_1_109' title='bbox 1612 1436 1810 1513; x_wconf 80' lang='grc' dir='ltr'>’Δδὰμ,</span> 
     </span>
    </p>
   </div>
   <div class='ocr_carea' id='block_1_16' title="bbox 190 1525 1813 1605">
    <p class='ocr_par' dir='ltr' id='par_1_16' title="bbox 190 1525 1813 1605">
     <span class='ocr_line' id='line_1_16' title="bbox 190 1525 1813 1605; baseline -0.001 -21"><span class='ocrx_word' id='word_1_110' title='bbox 190 1530 249 1592; x_wconf 81' lang='grc' dir='ltr'>ὡς</span> <span class='ocrx_word' id='word_1_111' title='bbox 288 1529 355 1591; x_wconf 75' lang='grc' dir='ltr'>εἷς</span> <span class='ocrx_word' id='word_1_112' title='bbox 412 1528 463 1603; x_wconf 76' lang='grc' dir='ltr'>ἐξ</span> <span class='ocrx_word' id='word_1_113' title='bbox 495 1532 517 1567; x_wconf 75' lang='grc'>³</span> <span class='ocrx_word' id='word_1_114' title='bbox 801 1529 858 1582; x_wconf 76' lang='lat'>&#39;0</span> <span class='ocrx_word' id='word_1_115' title='bbox 904 1528 996 1601; x_wconf 74' lang='grc' dir='ltr'>μὲν</span> <span class='ocrx_word' id='word_1_116' title='bbox 1047 1525 1138 1583; x_wconf 74' lang='grc' dir='ltr'>οὖν</span> <span class='ocrx_word' id='word_1_117' title='bbox 1189 1527 1311 1605; x_wconf 78' lang='grc' dir='ltr'>ὄφις</span> <span class='ocrx_word' id='word_1_118' title='bbox 1351 1528 1516 1583; x_wconf 79' lang='grc' dir='ltr'>εἰπών</span> <span class='ocrx_word' id='word_1_119' title='bbox 1546 1548 1558 1561; x_wconf 95' lang='grc'><strong>·</strong></span> <span class='ocrx_word' id='word_1_120' title='bbox 1595 1529 1813 1583; x_wconf 82' lang='grc' dir='ltr'>¹Ἐσεσθε</span> 
     </span>
    </p>
   </div>
   <div class='ocr_carea' id='block_1_17' title="bbox 188 1613 1813 1693">
    <p class='ocr_par' dir='ltr' id='par_1_17' title="bbox 188 1613 1813 1693">
     <span class='ocr_line' id='line_1_17' title="bbox 188 1613 1813 1693; baseline -0.002 -19"><span class='ocrx_word' id='word_1_121' title='bbox 188 1617 248 1681; x_wconf 81' lang='grc' dir='ltr'>ὡς</span> <span class='ocrx_word' id='word_1_122' title='bbox 286 1619 414 1689; x_wconf 86' lang='grc' dir='ltr'>θεοὶ,</span> <span class='ocrx_word' id='word_1_123' title='bbox 471 1618 548 1681; x_wconf 87' lang='grc' dir='ltr'>ὡς</span> <span class='ocrx_word' id='word_1_124' title='bbox 605 1613 777 1673; x_wconf 78' lang='grc' dir='ltr'>ὄντων</span> <span class='ocrx_word' id='word_1_125' title='bbox 824 1618 956 1672; x_wconf 83' lang='grc' dir='ltr'>θεῶν</span> <span class='ocrx_word' id='word_1_126' title='bbox 1009 1616 1246 1693; x_wconf 77' lang='grc' dir='ltr'>εἰρηκὼς</span> <span class='ocrx_word' id='word_1_127' title='bbox 1296 1616 1577 1673; x_wconf 75' lang='grc' dir='ltr'>φαίνεται’</span> <span class='ocrx_word' id='word_1_128' title='bbox 1644 1616 1813 1691; x_wconf 80' lang='grc' dir='ltr'>ταύτῃ</span> 
     </span>
    </p>
   </div>
   <div class='ocr_carea' id='block_1_18' title="bbox 189 1702 1812 1780">
    <p class='ocr_par' dir='ltr' id='par_1_18' title="bbox 189 1702 1812 1780">
     <span class='ocr_line' id='line_1_18' title="bbox 189 1702 1812 1780; baseline -0.001 -19"><span class='ocrx_word' id='word_1_129' title='bbox 189 1706 367 1778; x_wconf 71' lang='grc' dir='ltr'>μᾶλλον</span> <span class='ocrx_word' id='word_1_130' title='bbox 414 1709 504 1780; x_wconf 81' lang='grc' dir='ltr'>ᾗ³</span> <span class='ocrx_word' id='word_1_131' title='bbox 557 1707 652 1762; x_wconf 79' lang='grc' dir='ltr'>καὶ</span> <span class='ocrx_word' id='word_1_132' title='bbox 708 1706 838 1768; x_wconf 84' lang='grc' dir='ltr'>Θεὸς</span> <span class='ocrx_word' id='word_1_133' title='bbox 892 1704 1331 1780; x_wconf 80' lang='grc' dir='ltr'>έπεμαρτύρησεν</span> <span class='ocrx_word' id='word_1_134' title='bbox 1392 1706 1594 1762; x_wconf 72' lang='grc' dir='ltr'>εἷ’πώνο</span> <span class='ocrx_word' id='word_1_135' title='bbox 1671 1702 1812 1763; x_wconf 80' lang='grc' dir='ltr'>Ἰδοὺ</span> 
     </span>
    </p>
   </div>
   <div class='ocr_carea' id='block_1_19' title="bbox 184 1793 1812 1872">
    <p class='ocr_par' dir='ltr' id='par_1_19' title="bbox 184 1793 1812 1872">
     <span class='ocr_line' id='line_1_19' title="bbox 184 1793 1812 1872; baseline -0.001 -21"><span class='ocrx_word' id='word_1_136' title='bbox 184 1796 365 1872; x_wconf 76' lang='grc' dir='ltr'>γέγονεν</span> <span class='ocrx_word' id='word_1_137' title='bbox 416 1793 600 1870; x_wconf 73' lang='grc' dir='ltr'>Ἀδὰμ</span> <span class='ocrx_word' id='word_1_138' title='bbox 657 1795 735 1858; x_wconf 82' lang='grc' dir='ltr'>ὡς</span> <span class='ocrx_word' id='word_1_139' title='bbox 796 1794 871 1857; x_wconf 76' lang='grc' dir='ltr'>εἷς</span> <span class='ocrx_word' id='word_1_140' title='bbox 939 1795 991 1865; x_wconf 76' lang='grc' dir='ltr'>ἐξ</span> <span class='ocrx_word' id='word_1_141' title='bbox 1044 1798 1066 1832; x_wconf 76' lang='grc'><strong>⁴</strong></span> <span class='ocrx_word' id='word_1_142' title='bbox 1110 1798 1296 1868; x_wconf 78' lang='grc' dir='ltr'><strong>ἡμῶν.</strong></span> <span class='ocrx_word' id='word_1_143' title='bbox 1365 1795 1548 1858; x_wconf 76' lang='grc' dir='ltr'>Οὕτως</span> <span class='ocrx_word' id='word_1_144' title='bbox 1603 1796 1631 1850; x_wconf 91' lang='lat'>6</span> <span class='ocrx_word' id='word_1_145' title='bbox 1686 1794 1812 1858; x_wconf 78' lang='grc' dir='ltr'>τοὺς</span> 
     </span>
    </p>
   </div>
   <div class='ocr_carea' id='block_1_20' title="bbox 186 1878 1812 1961">
    <p class='ocr_par' dir='ltr' id='par_1_20' title="bbox 186 1878 1812 1961">
     <span class='ocr_line' id='line_1_20' title="bbox 186 1878 1812 1961; baseline -0.001 -23"><span class='ocrx_word' id='word_1_146' title='bbox 186 1882 398 1947; x_wconf 70' lang='grc' dir='ltr'>πολλοὺς</span> <span class='ocrx_word' id='word_1_147' title='bbox 437 1883 608 1939; x_wconf 76' lang='grc' dir='ltr'>εἰπὼν</span> <span class='ocrx_word' id='word_1_148' title='bbox 641 1878 769 1961; x_wconf 70' lang='grc' dir='ltr'>ὄφις</span> <span class='ocrx_word' id='word_1_149' title='bbox 822 1882 952 1937; x_wconf 73' lang='grc' dir='ltr'>εἶναι</span> <span class='ocrx_word' id='word_1_150' title='bbox 983 1881 1136 1945; x_wconf 73' lang='grc' dir='ltr'>θεοὺς</span> <span class='ocrx_word' id='word_1_151' title='bbox 1169 1882 1267 1938; x_wconf 78' lang='grc' dir='ltr'>οὐκ</span> <span class='ocrx_word' id='word_1_152' title='bbox 1306 1881 1585 1958; x_wconf 75' lang='grc' dir='ltr'>ἐψεύσατο.</span> <span class='ocrx_word' id='word_1_153' title='bbox 1641 1882 1812 1939; x_wconf 75' lang='grc' dir='ltr'>Πάλιν</span> 
     </span>
    </p>
   </div>
   <div class='ocr_carea' id='block_1_21' title="bbox 185 1968 1809 2051">
    <p class='ocr_par' dir='ltr' id='par_1_21' title="bbox 185 1968 1809 2051">
     <span class='ocr_line' id='line_1_21' title="bbox 185 1968 1809 2051; baseline 0 -25"><span class='ocrx_word' id='word_1_154' title='bbox 185 1968 229 2027; x_wconf 76' lang='grc' dir='ltr'>δὲ</span> <span class='ocrx_word' id='word_1_155' title='bbox 292 1974 350 2027; x_wconf 84' lang='grc' dir='ltr'>τὸ</span> <span class='ocrx_word' id='word_1_156' title='bbox 427 1974 734 2051; x_wconf 78' lang='grc' dir='ltr'>γεγράφθαι</span> <span class='ocrx_word' id='word_1_157' title='bbox 791 1973 833 2009; x_wconf 81' lang='grc'>⁸·</span> <span class='ocrx_word' id='word_1_158' title='bbox 910 1973 1075 2034; x_wconf 85' lang='grc' dir='ltr'>Θεοὺς</span> <span class='ocrx_word' id='word_1_159' title='bbox 1149 1971 1213 2026; x_wconf 77' lang='grc' dir='ltr'>οὐ</span> <span class='ocrx_word' id='word_1_160' title='bbox 1265 1969 1662 2047; x_wconf 78' lang='grc' dir='ltr'>κακολογήσεις</span> <span class='ocrx_word' id='word_1_161' title='bbox 1718 1972 1809 2027; x_wconf 79' lang='grc' dir='ltr'>καὶ</span> 
     </span>
    </p>
   </div>
   <div class='ocr_carea' id='block_1_22' title="bbox 185 2058 1809 2137">
    <p class='ocr_par' dir='ltr' id='par_1_22' title="bbox 185 2058 1809 2137">
     <span class='ocr_line' id='line_1_22' title="bbox 185 2058 1809 2137; baseline 0 -23"><span class='ocrx_word' id='word_1_162' title='bbox 185 2062 423 2137; x_wconf 73' lang='grc' dir='ltr'>ἄρχοντας</span> <span class='ocrx_word' id='word_1_163' title='bbox 479 2066 580 2117; x_wconf 76' lang='grc' dir='ltr'>τοῦ</span> <span class='ocrx_word' id='word_1_164' title='bbox 640 2059 780 2116; x_wconf 77' lang='grc' dir='ltr'>λαοῦ</span> <span class='ocrx_word' id='word_1_165' title='bbox 838 2081 932 2114; x_wconf 92' lang='grc' dir='ltr'>σου</span> <span class='ocrx_word' id='word_1_166' title='bbox 990 2059 1054 2115; x_wconf 78' lang='grc' dir='ltr'>οὐ</span> <span class='ocrx_word' id='word_1_167' title='bbox 1102 2064 1283 2122; x_wconf 80' lang='grc' dir='ltr'>κακῶς</span> <span class='ocrx_word' id='word_1_168' title='bbox 1343 2059 1503 2136; x_wconf 83' lang='grc' dir='ltr'>ἐρεῖς,</span> <span class='ocrx_word' id='word_1_169' title='bbox 1562 2058 1809 2123; x_wconf 82' lang='grc' dir='ltr'>πολλοὺς</span> 
     </span>
    </p>
   </div>
   <div class='ocr_carea' id='block_1_23' title="bbox 183 2146 1812 2225">
    <p class='ocr_par' dir='ltr' id='par_1_23' title="bbox 183 2146 1812 2225">
     <span class='ocr_line' id='line_1_23' title="bbox 183 2146 1812 2225; baseline 0.001 -22"><span class='ocrx_word' id='word_1_170' title='bbox 183 2150 403 2223; x_wconf 82' lang='grc' dir='ltr'>σημαίνει</span> <span class='ocrx_word' id='word_1_171' title='bbox 464 2149 647 2220; x_wconf 81' lang='grc' dir='ltr'>θεοὺς,</span> <span class='ocrx_word' id='word_1_172' title='bbox 680 2149 773 2212; x_wconf 78' lang='grc' dir='ltr'>οὕς</span> <span class='ocrx_word' id='word_1_173' title='bbox 806 2146 931 2205; x_wconf 77' lang='grc' dir='ltr'>οὗδὶ</span> <span class='ocrx_word' id='word_1_174' title='bbox 960 2147 1377 2225; x_wconf 84' lang='grc' dir='ltr'>κακολογεῖσθαι</span> <span class='ocrx_word' id='word_1_175' title='bbox 1416 2148 1583 2206; x_wconf 82' lang='grc' dir='ltr'>θέλει.</span> <span class='ocrx_word' id='word_1_176' title='bbox 1634 2147 1812 2205; x_wconf 81' lang='grc' dir='ltr'>Ἀλλὰ</span> 
     </span>
    </p>
   </div>
   <div class='ocr_carea' id='block_1_24' title="bbox 181 2235 1812 2314">
    <p class='ocr_par' dir='ltr' id='par_1_24' title="bbox 181 2235 1812 2314">
     <span class='ocr_line' id='line_1_24' title="bbox 181 2235 1812 2314; baseline 0.001 -21"><span class='ocrx_word' id='word_1_177' title='bbox 181 2239 254 2293; x_wconf 75' lang='grc' dir='ltr'>καὶ</span> <span class='ocrx_word' id='word_1_178' title='bbox 276 2238 463 2294; x_wconf 76' lang='grc' dir='ltr'>ἄλλοθί</span> <span class='ocrx_word' id='word_1_179' title='bbox 493 2260 605 2294; x_wconf 86' lang='grc' dir='ltr'>που</span> <span class='ocrx_word' id='word_1_180' title='bbox 662 2238 1004 2314; x_wconf 88' lang='grc' dir='ltr'>γέγραπται·</span> <span class='ocrx_word' id='word_1_181' title='bbox 1067 2237 1129 2293; x_wconf 77' lang='grc' dir='ltr'>Εἰ</span> <span class='ocrx_word' id='word_1_182' title='bbox 1186 2236 1461 2313; x_wconf 77' lang='grc' dir='ltr'>ἐτόλμησε</span> <span class='ocrx_word' id='word_1_183' title='bbox 1515 2238 1645 2301; x_wconf 88' lang='grc' dir='ltr'>Θεὸς</span> <span class='ocrx_word' id='word_1_184' title='bbox 1699 2235 1812 2294; x_wconf 77' lang='grc' dir='ltr'>ἓτε-</span> 
     </span>
    </p>
   </div>
   <div class='ocr_carea' id='block_1_25' title="bbox 182 2322 1810 2402">
    <p class='ocr_par' dir='ltr' id='par_1_25' title="bbox 182 2322 1810 2402">
     <span class='ocr_line' id='line_1_25' title="bbox 182 2322 1810 2402; baseline 0.001 -20"><span class='ocrx_word' id='word_1_185' title='bbox 182 2346 258 2402; x_wconf 86' lang='grc' dir='ltr'>ρος</span> <span class='ocrx_word' id='word_1_186' title='bbox 321 2326 605 2401; x_wconf 78' lang='grc' dir='ltr'>εἰσελθεῖν,</span> <span class='ocrx_word' id='word_1_187' title='bbox 682 2328 773 2384; x_wconf 78' lang='grc' dir='ltr'>καὶ</span> <span class='ocrx_word' id='word_1_188' title='bbox 843 2322 1029 2384; x_wconf 78' lang='grc' dir='ltr'>λαϐεῖν</span> <span class='ocrx_word' id='word_1_189' title='bbox 1087 2327 1259 2401; x_wconf 73' lang='grc' dir='ltr'>ἑαυτῷ</span> <span class='ocrx_word' id='word_1_190' title='bbox 1315 2324 1463 2390; x_wconf 82' lang='grc' dir='ltr'>ἔθνος</span> <span class='ocrx_word' id='word_1_191' title='bbox 1525 2326 1585 2383; x_wconf 80' lang='grc' dir='ltr'>ὲκ</span> <span class='ocrx_word' id='word_1_192' title='bbox 1644 2328 1810 2401; x_wconf 90' lang='grc' dir='ltr'>μέσου</span> 
     </span>
    </p>
   </div>
   <div class='ocr_carea' id='block_1_26' title="bbox 180 2413 1809 2493">
    <p class='ocr_par' dir='ltr' id='par_1_26' title="bbox 180 2413 1809 2493">
     <span class='ocr_line' id='line_1_26' title="bbox 180 2413 1809 2493; baseline -0.001 -22"><span class='ocrx_word' id='word_1_193' title='bbox 180 2413 361 2486; x_wconf 63' lang='grc' dir='ltr'>ἔθνους,</span> <span class='ocrx_word' id='word_1_194' title='bbox 419 2417 493 2481; x_wconf 87' lang='grc' dir='ltr'>ὡς</span> <span class='ocrx_word' id='word_1_195' title='bbox 555 2416 669 2492; x_wconf 80' lang='grc' dir='ltr'>ἐγὼ</span> <span class='ocrx_word' id='word_1_196' title='bbox 725 2415 924 2493; x_wconf 80' lang='grc' dir='ltr'>Κύριος</span> <span class='ocrx_word' id='word_1_197' title='bbox 979 2416 1008 2471; x_wconf 92' lang='lat'>6</span> <span class='ocrx_word' id='word_1_198' title='bbox 1066 2414 1219 2478; x_wconf 89' lang='grc' dir='ltr'>Θεός.</span> <span class='ocrx_word' id='word_1_199' title='bbox 1271 2420 1359 2488; x_wconf 82' lang='grc' dir='ltr'>Τῷ</span> <span class='ocrx_word' id='word_1_200' title='bbox 1405 2418 1427 2454; x_wconf 80' lang='grc'><strong>⁸</strong></span> <span class='ocrx_word' id='word_1_201' title='bbox 1501 2415 1693 2486; x_wconf 74' lang='grc' dir='ltr'>εἰπεῖν,</span> <span class='ocrx_word' id='word_1_202' title='bbox 1763 2416 1809 2471; x_wconf 77' lang='grc' dir='ltr'>εἰ</span> 
     </span>
    </p>
   </div>
   <div class='ocr_carea' id='block_1_27' title="bbox 180 2501 1807 2582">
    <p class='ocr_par' dir='ltr' id='par_1_27' title="bbox 180 2501 1807 2582">
     <span class='ocr_line' id='line_1_27' title="bbox 180 2501 1807 2582; baseline 0.002 -22"><span class='ocrx_word' id='word_1_203' title='bbox 180 2504 426 2580; x_wconf 82' lang='grc' dir='ltr'>ἐτόλμησε</span> <span class='ocrx_word' id='word_1_204' title='bbox 474 2507 612 2569; x_wconf 85' lang='grc' dir='ltr'>Θεὸς</span> <span class='ocrx_word' id='word_1_205' title='bbox 664 2502 869 2580; x_wconf 69' lang='grc' dir='ltr'>ἕτερος,</span> <span class='ocrx_word' id='word_1_206' title='bbox 931 2505 1006 2567; x_wconf 88' lang='grc' dir='ltr'>ὡς</span> <span class='ocrx_word' id='word_1_207' title='bbox 1080 2501 1250 2560; x_wconf 67' lang='grc' dir='ltr'>ὄντων</span> <span class='ocrx_word' id='word_1_208' title='bbox 1312 2503 1505 2582; x_wconf 80' lang='grc' dir='ltr'>ἐτέρων</span> <span class='ocrx_word' id='word_1_209' title='bbox 1570 2503 1807 2580; x_wconf 80' lang='grc' dir='ltr'>εἷ’ρηκεν.</span> 
     </span>
    </p>
   </div>
   <div class='ocr_carea' id='block_1_28' title="bbox 180 2593 1808 2671">
    <p class='ocr_par' dir='ltr' id='par_1_28' title="bbox 180 2593 1808 2671">
     <span class='ocr_line' id='line_1_28' title="bbox 180 2593 1808 2671; baseline -0.001 -21"><span class='ocrx_word' id='word_1_210' title='bbox 180 2594 259 2650; x_wconf 75' lang='grc' dir='ltr'>Καὶ</span> <span class='ocrx_word' id='word_1_211' title='bbox 307 2593 503 2651; x_wconf 75' lang='grc' dir='ltr'>ἄλλοτε</span> <span class='ocrx_word' id='word_1_212' title='bbox 551 2598 616 2633; x_wconf 82' lang='grc'>⁷·</span> <span class='ocrx_word' id='word_1_213' title='bbox 678 2594 801 2650; x_wconf 80' lang='grc' dir='ltr'>Θεοῖ</span> <span class='ocrx_word' id='word_1_214' title='bbox 862 2595 913 2650; x_wconf 73' lang='grc' dir='ltr'>οἳ</span> <span class='ocrx_word' id='word_1_215' title='bbox 966 2594 1055 2649; x_wconf 88' lang='grc' dir='ltr'>τὸν</span> <span class='ocrx_word' id='word_1_216' title='bbox 1117 2593 1340 2667; x_wconf 82' lang='grc' dir='ltr'>οὐρανὸν</span> <span class='ocrx_word' id='word_1_217' title='bbox 1403 2593 1493 2649; x_wconf 84' lang='grc' dir='ltr'>καὶ</span> <span class='ocrx_word' id='word_1_218' title='bbox 1549 2595 1646 2664; x_wconf 78' lang='grc' dir='ltr'>τήν</span> <span class='ocrx_word' id='word_1_219' title='bbox 1706 2601 1808 2671; x_wconf 84' lang='grc' dir='ltr'>γῆν</span> 
     </span>
    </p>
   </div>
   <div class='ocr_carea' id='block_1_29' title="bbox 182 2683 1810 2757">
    <p class='ocr_par' dir='ltr' id='par_1_29' title="bbox 182 2683 1810 2757">
     <span class='ocr_line' id='line_1_29' title="bbox 182 2683 1810 2757; baseline 0 -19"><span class='ocrx_word' id='word_1_220' title='bbox 182 2684 265 2739; x_wconf 70' lang='grc' dir='ltr'>οὐκ</span> <span class='ocrx_word' id='word_1_221' title='bbox 306 2684 585 2754; x_wconf 77' lang='grc' dir='ltr'>ἐποίησαν,</span> <span class='ocrx_word' id='word_1_222' title='bbox 646 2683 1032 2740; x_wconf 82' lang='grc' dir='ltr'>ἀπολέσθωσαν</span> <span class='ocrx_word' id='word_1_223' title='bbox 1069 2703 1083 2719; x_wconf 88' lang='grc'><strong>·</strong></span> <span class='ocrx_word' id='word_1_224' title='bbox 1143 2683 1220 2745; x_wconf 84' lang='grc' dir='ltr'>ὡς</span> <span class='ocrx_word' id='word_1_225' title='bbox 1274 2684 1350 2757; x_wconf 82' lang='grc' dir='ltr'>μὴ</span> <span class='ocrx_word' id='word_1_226' title='bbox 1408 2687 1515 2739; x_wconf 80' lang='grc' dir='ltr'>τῶν</span> <span class='ocrx_word' id='word_1_227' title='bbox 1572 2704 1810 2755; x_wconf 75' lang='grc' dir='ltr'>πεποιηο</span> 
     </span>
    </p>
   </div>
   <div class='ocr_carea' id='block_1_30' title="bbox 175 2770 1808 2848">
    <p class='ocr_par' dir='ltr' id='par_1_30' title="bbox 175 2770 1808 2848">
     <span class='ocr_line' id='line_1_30' title="bbox 175 2770 1808 2848; baseline 0 -19"><span class='ocrx_word' id='word_1_228' title='bbox 175 2773 328 2830; x_wconf 64' lang='grc' dir='ltr'>κάτων</span> <span class='ocrx_word' id='word_1_229' title='bbox 382 2772 729 2829; x_wconf 81' lang='grc' dir='ltr'>ἀπόλλυσθαι</span> <span class='ocrx_word' id='word_1_230' title='bbox 768 2771 1085 2846; x_wconf 82' lang='grc' dir='ltr'>μελλόντων</span> <span class='ocrx_word' id='word_1_231' title='bbox 1116 2774 1157 2809; x_wconf 79' lang='grc'>⁸·</span> <span class='ocrx_word' id='word_1_232' title='bbox 1192 2771 1290 2827; x_wconf 80' lang='grc' dir='ltr'>Καὶ</span> <span class='ocrx_word' id='word_1_233' title='bbox 1325 2770 1470 2847; x_wconf 72' lang='grc' dir='ltr'>ἄλλῃ</span> <span class='ocrx_word' id='word_1_234' title='bbox 1498 2794 1603 2827; x_wconf 91' lang='grc' dir='ltr'>που</span> <span class='ocrx_word' id='word_1_235' title='bbox 1636 2771 1808 2848; x_wconf 84' lang='grc' dir='ltr'>λέγει·</span> 
     </span>
    </p>
   </div>
   <div class='ocr_carea' id='block_1_31' title="bbox 178 2858 1807 2939">
    <p class='ocr_par' dir='ltr' id='par_1_31' title="bbox 178 2858 1807 2939">
     <span class='ocr_line' id='line_1_31' title="bbox 178 2858 1807 2939; baseline -0.001 -21"><span class='ocrx_word' id='word_1_236' title='bbox 178 2864 353 2939; x_wconf 73' lang='grc' dir='ltr'>Ἑπεχε</span> <span class='ocrx_word' id='word_1_237' title='bbox 401 2867 633 2934; x_wconf 79' lang='grc' dir='ltr'>σεαυτῷ,</span> <span class='ocrx_word' id='word_1_238' title='bbox 700 2862 777 2935; x_wconf 80' lang='grc' dir='ltr'>μὴ</span> <span class='ocrx_word' id='word_1_239' title='bbox 843 2859 1122 2938; x_wconf 83' lang='grc' dir='ltr'>πορευθεὶς</span> <span class='ocrx_word' id='word_1_240' title='bbox 1169 2858 1464 2938; x_wconf 79' lang='grc' dir='ltr'>λατρεύσῃς</span> <span class='ocrx_word' id='word_1_241' title='bbox 1504 2863 1646 2917; x_wconf 83' lang='grc' dir='ltr'>θεοῖς</span> <span class='ocrx_word' id='word_1_242' title='bbox 1692 2861 1807 2917; x_wconf 84' lang='grc' dir='ltr'>ἐτέ-</span> 
     </span>
    </p>
   </div>
   <div class='ocr_carea' id='block_1_32' title="bbox 181 2945 1806 3026">
    <p class='ocr_par' dir='ltr' id='par_1_32' title="bbox 181 2945 1806 3026">
     <span class='ocr_line' id='line_1_32' title="bbox 181 2945 1806 3026; baseline 0.001 -19"><span class='ocrx_word' id='word_1_243' title='bbox 181 2970 296 3026; x_wconf 86' lang='grc' dir='ltr'>ροις,</span> <span class='ocrx_word' id='word_1_244' title='bbox 346 2952 423 3016; x_wconf 77' lang='grc' dir='ltr'>οἶς</span> <span class='ocrx_word' id='word_1_245' title='bbox 454 2952 556 3008; x_wconf 72' lang='grc' dir='ltr'>οὐκ</span> <span class='ocrx_word' id='word_1_246' title='bbox 601 2946 822 3026; x_wconf 73' lang='grc' dir='ltr'>ᾔδεισαν</span> <span class='ocrx_word' id='word_1_247' title='bbox 855 2950 907 3006; x_wconf 85' lang='grc' dir='ltr'>οὶ</span> <span class='ocrx_word' id='word_1_248' title='bbox 935 2948 1160 3025; x_wconf 86' lang='grc' dir='ltr'>πατέρες</span> <span class='ocrx_word' id='word_1_249' title='bbox 1191 2970 1311 3022; x_wconf 84' lang='grc' dir='ltr'>σου,</span> <span class='ocrx_word' id='word_1_250' title='bbox 1346 2951 1424 3013; x_wconf 80' lang='grc' dir='ltr'>ὡς</span> <span class='ocrx_word' id='word_1_251' title='bbox 1455 2945 1623 3007; x_wconf 76' lang='grc' dir='ltr'>ὄντων</span> <span class='ocrx_word' id='word_1_252' title='bbox 1656 2954 1806 3011; x_wconf 67' lang='grc'>821</span> 
     </span>
    </p>
   </div>
   <div class='ocr_carea' id='block_1_33' title="bbox 178 3037 1809 3118">
    <p class='ocr_par' dir='ltr' id='par_1_33' title="bbox 178 3037 1809 3118">
     <span class='ocr_line' id='line_1_33' title="bbox 178 3037 1809 3118; baseline 0.002 -25"><span class='ocrx_word' id='word_1_253' title='bbox 178 3042 289 3095; x_wconf 78' lang='grc' dir='ltr'>θεῶν</span> <span class='ocrx_word' id='word_1_254' title='bbox 333 3042 542 3118; x_wconf 78' lang='grc' dir='ltr'>ἑτέρων,</span> <span class='ocrx_word' id='word_1_255' title='bbox 583 3039 667 3101; x_wconf 76' lang='grc' dir='ltr'>οἷς</span> <span class='ocrx_word' id='word_1_256' title='bbox 713 3038 803 3094; x_wconf 81' lang='grc' dir='ltr'>καὶ</span> <span class='ocrx_word' id='word_1_257' title='bbox 839 3039 914 3112; x_wconf 83' lang='grc' dir='ltr'>μὴ</span> <span class='ocrx_word' id='word_1_258' title='bbox 960 3037 1333 3109; x_wconf 80' lang='grc' dir='ltr'>έξακολουθεῖν</span> <span class='ocrx_word' id='word_1_259' title='bbox 1385 3039 1582 3103; x_wconf 77' lang='grc' dir='ltr'>αὐτοὺς</span> <span class='ocrx_word' id='word_1_260' title='bbox 1641 3038 1809 3116; x_wconf 89' lang='grc' dir='ltr'>λέγει.</span> 
     </span>
    </p>
   </div>
   <div class='ocr_carea' id='block_1_34' title="bbox 195 3123 1812 3204">
    <p class='ocr_par' dir='ltr' id='par_1_34' title="bbox 195 3123 1812 3204">
     <span class='ocr_line' id='line_1_34' title="bbox 195 3123 1812 3204; baseline -0.001 -18"><span class='ocrx_word' id='word_1_261' title='bbox 195 3130 282 3186; x_wconf 75' lang='grc' dir='ltr'>Καὶ</span> <span class='ocrx_word' id='word_1_262' title='bbox 324 3130 504 3188; x_wconf 72' lang='grc' dir='ltr'>πάλιν.</span> <span class='ocrx_word' id='word_1_263' title='bbox 564 3128 839 3202; x_wconf 82' lang='grc' dir='ltr'>Ὀνόματα</span> <span class='ocrx_word' id='word_1_264' title='bbox 891 3128 1025 3183; x_wconf 81' lang='grc' dir='ltr'>θεῶν</span> <span class='ocrx_word' id='word_1_265' title='bbox 1081 3125 1275 3204; x_wconf 74' lang='grc' dir='ltr'>ἑτέρων</span> <span class='ocrx_word' id='word_1_266' title='bbox 1335 3128 1435 3184; x_wconf 82' lang='grc' dir='ltr'>οὐκ</span> <span class='ocrx_word' id='word_1_267' title='bbox 1487 3123 1812 3201; x_wconf 75' lang='grc' dir='ltr'>ἀναϐήσεται</span> 
     </span>
    </p>
   </div>
   <div class='ocr_carea' id='block_1_35' title="bbox 198 3215 1813 3297">
    <p class='ocr_par' dir='ltr' id='par_1_35' title="bbox 198 3215 1813 3297">
     <span class='ocr_line' id='line_1_35' title="bbox 198 3215 1813 3297; baseline 0.001 -25"><span class='ocrx_word' id='word_1_268' title='bbox 198 3216 411 3275; x_wconf 73' lang='grc' dir='ltr'>ἐπὶτῶν</span> <span class='ocrx_word' id='word_1_269' title='bbox 454 3217 697 3297; x_wconf 84' lang='grc' dir='ltr'>χειλέων</span> <span class='ocrx_word' id='word_1_270' title='bbox 749 3238 864 3273; x_wconf 86' lang='grc' dir='ltr'>σου.</span> <span class='ocrx_word' id='word_1_271' title='bbox 923 3215 1022 3270; x_wconf 84' lang='grc' dir='ltr'>Καὶ</span> <span class='ocrx_word' id='word_1_272' title='bbox 1078 3216 1303 3281; x_wconf 79' lang='grc' dir='ltr'>ἐνταῦθα</span> <span class='ocrx_word' id='word_1_273' title='bbox 1364 3215 1612 3281; x_wconf 85' lang='grc' dir='ltr'>πολλοὺς</span> <span class='ocrx_word' id='word_1_274' title='bbox 1659 3218 1813 3281; x_wconf 86' lang='grc' dir='ltr'>θεοὺς</span> 
     </span>
    </p>
   </div>
   <div class='ocr_carea' id='block_1_36' title="bbox 191 3304 1811 3383">
    <p class='ocr_par' dir='ltr' id='par_1_36' title="bbox 191 3304 1811 3383">
     <span class='ocr_line' id='line_1_36' title="bbox 191 3304 1811 3383; baseline 0.001 -21"><span class='ocrx_word' id='word_1_275' title='bbox 191 3307 340 3383; x_wconf 84' lang='grc' dir='ltr'>λέγει,</span> <span class='ocrx_word' id='word_1_276' title='bbox 362 3310 435 3364; x_wconf 81' lang='grc' dir='ltr'>ὧν</span> <span class='ocrx_word' id='word_1_277' title='bbox 462 3310 532 3365; x_wconf 76' lang='grc' dir='ltr'>τὰ</span> <span class='ocrx_word' id='word_1_278' title='bbox 568 3306 814 3381; x_wconf 80' lang='grc' dir='ltr'>ὀνόματα</span> <span class='ocrx_word' id='word_1_279' title='bbox 844 3304 1198 3379; x_wconf 81' lang='grc' dir='ltr'>ὀνομάζεσθαι</span> <span class='ocrx_word' id='word_1_280' title='bbox 1231 3306 1292 3361; x_wconf 78' lang='grc' dir='ltr'>οὺ</span> <span class='ocrx_word' id='word_1_281' title='bbox 1324 3304 1491 3370; x_wconf 89' lang='grc' dir='ltr'>θέλει.</span> <span class='ocrx_word' id='word_1_282' title='bbox 1522 3306 1622 3362; x_wconf 83' lang='grc' dir='ltr'>Καὶ</span> <span class='ocrx_word' id='word_1_283' title='bbox 1646 3306 1811 3363; x_wconf 75' lang='grc' dir='ltr'>πάλιν</span> 
     </span>
    </p>
   </div>
   <div class='ocr_carea' id='block_1_37' title="bbox 186 3392 1810 3473">
    <p class='ocr_par' dir='ltr' id='par_1_37' title="bbox 186 3392 1810 3473">
     <span class='ocr_line' id='line_1_37' title="bbox 186 3392 1810 3473; baseline 0 -22"><span class='ocrx_word' id='word_1_284' title='bbox 186 3397 495 3473; x_wconf 79' lang='grc' dir='ltr'>γέγραπται·</span> <span class='ocrx_word' id='word_1_285' title='bbox 563 3396 773 3472; x_wconf 77' lang='grc' dir='ltr'>Κύριος</span> <span class='ocrx_word' id='word_1_286' title='bbox 829 3396 858 3450; x_wconf 92' lang='lat'>6</span> <span class='ocrx_word' id='word_1_287' title='bbox 917 3394 1045 3457; x_wconf 87' lang='grc' dir='ltr'>Θεός</span> <span class='ocrx_word' id='word_1_288' title='bbox 1121 3415 1236 3465; x_wconf 89' lang='grc' dir='ltr'>σου,</span> <span class='ocrx_word' id='word_1_289' title='bbox 1296 3392 1451 3458; x_wconf 80' lang='grc' dir='ltr'>οὗτος</span> <span class='ocrx_word' id='word_1_290' title='bbox 1517 3396 1648 3459; x_wconf 90' lang='grc' dir='ltr'>Θεὸς</span> <span class='ocrx_word' id='word_1_291' title='bbox 1704 3400 1810 3451; x_wconf 85' lang='grc' dir='ltr'>τῶν</span> 
     </span>
    </p>
   </div>
   <div class='ocr_carea' id='block_1_38' title="bbox 184 3482 1809 3559">
    <p class='ocr_par' dir='ltr' id='par_1_38' title="bbox 184 3482 1809 3559">
     <span class='ocr_line' id='line_1_38' title="bbox 184 3482 1809 3559; baseline 0.001 -20"><span class='ocrx_word' id='word_1_292' title='bbox 184 3487 317 3544; x_wconf 79' lang='grc' dir='ltr'>θεῶν.</span> <span class='ocrx_word' id='word_1_293' title='bbox 376 3487 470 3542; x_wconf 80' lang='grc' dir='ltr'>Καὶ</span> <span class='ocrx_word' id='word_1_294' title='bbox 515 3484 712 3543; x_wconf 77' lang='grc' dir='ltr'>πάλιν.</span> <span class='ocrx_word' id='word_1_295' title='bbox 766 3483 855 3547; x_wconf 88' lang='grc' dir='ltr'>Τίς</span> <span class='ocrx_word' id='word_1_296' title='bbox 910 3482 1106 3557; x_wconf 77' lang='grc' dir='ltr'>ὅμοιός</span> <span class='ocrx_word' id='word_1_297' title='bbox 1163 3505 1271 3552; x_wconf 90' lang='grc' dir='ltr'>σοι,</span> <span class='ocrx_word' id='word_1_298' title='bbox 1302 3486 1482 3559; x_wconf 81' lang='grc' dir='ltr'>Κύριε,</span> <span class='ocrx_word' id='word_1_299' title='bbox 1516 3485 1567 3540; x_wconf 84' lang='grc' dir='ltr'>έν</span> <span class='ocrx_word' id='word_1_300' title='bbox 1620 3487 1809 3557; x_wconf 85' lang='grc' dir='ltr'>θεοῖς;</span> 
     </span>
    </p>
   </div>
   <div class='ocr_carea' id='block_1_39' title="bbox 182 3572 1812 3648">
    <p class='ocr_par' dir='ltr' id='par_1_39' title="bbox 182 3572 1812 3648">
     <span class='ocr_line' id='line_1_39' title="bbox 182 3572 1812 3648; baseline 0.001 -18"><span class='ocrx_word' id='word_1_301' title='bbox 182 3575 265 3630; x_wconf 75' lang='grc' dir='ltr'>Καὶ</span> <span class='ocrx_word' id='word_1_302' title='bbox 310 3574 505 3631; x_wconf 71' lang='grc' dir='ltr'>πάλινο</span> <span class='ocrx_word' id='word_1_303' title='bbox 557 3574 686 3637; x_wconf 87' lang='grc' dir='ltr'>Θεὸς</span> <span class='ocrx_word' id='word_1_304' title='bbox 725 3578 859 3637; x_wconf 83' lang='grc' dir='ltr'>θεῶν</span> <span class='ocrx_word' id='word_1_305' title='bbox 906 3572 1122 3648; x_wconf 73' lang='grc' dir='ltr'>Κύριος.</span> <span class='ocrx_word' id='word_1_306' title='bbox 1183 3572 1282 3628; x_wconf 83' lang='grc' dir='ltr'>Καὶ</span> <span class='ocrx_word' id='word_1_307' title='bbox 1342 3573 1506 3630; x_wconf 75' lang='grc' dir='ltr'>πάλιν</span> <span class='ocrx_word' id='word_1_308' title='bbox 1533 3593 1547 3611; x_wconf 89' lang='grc'><strong>·</strong></span> <span class='ocrx_word' id='word_1_309' title='bbox 1596 3580 1650 3629; x_wconf 89' lang='grc' dir='ltr'>Ὁ</span> <span class='ocrx_word' id='word_1_310' title='bbox 1682 3576 1812 3639; x_wconf 87' lang='grc' dir='ltr'>Θεὸς</span> 
     </span>
    </p>
   </div>
   <div class='ocr_carea' id='block_1_40' title="bbox 182 3659 1812 3741">
    <p class='ocr_par' dir='ltr' id='par_1_40' title="bbox 182 3659 1812 3741">
     <span class='ocr_line' id='line_1_40' title="bbox 182 3659 1812 3741; baseline 0 -24"><span class='ocrx_word' id='word_1_311' title='bbox 182 3661 287 3734; x_wconf 75' lang='grc' dir='ltr'>ἔστη</span> <span class='ocrx_word' id='word_1_312' title='bbox 343 3664 392 3720; x_wconf 83' lang='grc' dir='ltr'>ἐν</span> <span class='ocrx_word' id='word_1_313' title='bbox 448 3661 740 3741; x_wconf 82' lang='grc' dir='ltr'>συναγωγῇ</span> <span class='ocrx_word' id='word_1_314' title='bbox 798 3664 954 3731; x_wconf 83' lang='grc' dir='ltr'>θεῶν,</span> <span class='ocrx_word' id='word_1_315' title='bbox 1011 3660 1063 3717; x_wconf 86' lang='grc' dir='ltr'>έν</span> <span class='ocrx_word' id='word_1_316' title='bbox 1126 3662 1273 3735; x_wconf 83' lang='grc' dir='ltr'>μέσῳ</span> <span class='ocrx_word' id='word_1_317' title='bbox 1303 3659 1360 3717; x_wconf 76' lang='grc' dir='ltr'>δὲ</span> <span class='ocrx_word' id='word_1_318' title='bbox 1390 3662 1543 3727; x_wconf 70' lang='grc' dir='ltr'>θεοὺς</span> <span class='ocrx_word' id='word_1_319' title='bbox 1602 3661 1812 3741; x_wconf 78' lang='grc' dir='ltr'>διακρί-</span> 
     </span>
    </p>
   </div>
   <div class='ocr_carea' id='block_1_41' title="bbox 183 3749 1811 3830">
    <p class='ocr_par' dir='ltr' id='par_1_41' title="bbox 183 3749 1811 3830">
     <span class='ocr_line' id='line_1_41' title="bbox 183 3749 1811 3830; baseline 0.001 -24"><span class='ocrx_word' id='word_1_320' title='bbox 183 3774 246 3808; x_wconf 81' lang='grc' dir='ltr'>νει</span> <span class='ocrx_word' id='word_1_321' title='bbox 272 3755 308 3810; x_wconf 70' lang='grc'><strong>⁸.</strong></span> <span class='ocrx_word' id='word_1_322' title='bbox 338 3757 487 3819; x_wconf 86' lang='grc' dir='ltr'>Ὅθεν</span> <span class='ocrx_word' id='word_1_323' title='bbox 522 3752 789 3826; x_wconf 79' lang='grc' dir='ltr'>θαυμάζω</span> <span class='ocrx_word' id='word_1_324' title='bbox 816 3754 935 3813; x_wconf 78' lang='grc' dir='ltr'>πῶς</span> <span class='ocrx_word' id='word_1_325' title='bbox 964 3749 1239 3806; x_wconf 77' lang='grc' dir='ltr'>τοσούτων</span> <span class='ocrx_word' id='word_1_326' title='bbox 1272 3756 1469 3830; x_wconf 80' lang='grc' dir='ltr'>φωνῶν</span> <span class='ocrx_word' id='word_1_327' title='bbox 1522 3752 1811 3829; x_wconf 79' lang='grc' dir='ltr'>ἐγγράφως</span> 
     </span>
    </p>
   </div>
   <div class='ocr_carea' id='block_1_42' title="bbox 190 3838 1813 3920">
    <p class='ocr_par' dir='ltr' id='par_1_42' title="bbox 190 3838 1813 3920">
     <span class='ocr_line' id='line_1_42' title="bbox 190 3838 1813 3920; baseline -0.001 -22"><span class='ocrx_word' id='word_1_328' title='bbox 190 3851 546 3920; x_wconf 60' lang='grc' dir='ltr'>μαρτυρουσιῖω</span> <span class='ocrx_word' id='word_1_329' title='bbox 581 3842 829 3906; x_wconf 78' lang='grc' dir='ltr'>πολλοὺς</span> <span class='ocrx_word' id='word_1_330' title='bbox 858 3845 994 3898; x_wconf 79' lang='grc' dir='ltr'>εἶναι</span> <span class='ocrx_word' id='word_1_331' title='bbox 1026 3842 1201 3917; x_wconf 82' lang='grc' dir='ltr'>θεοὺς,</span> <span class='ocrx_word' id='word_1_332' title='bbox 1233 3842 1296 3899; x_wconf 82' lang='grc' dir='ltr'>σὺ</span> <span class='ocrx_word' id='word_1_333' title='bbox 1354 3838 1737 3899; x_wconf 76' lang='grc' dir='ltr'>ὃιαϐεϐαίωσαι</span> <span class='ocrx_word' id='word_1_334' title='bbox 1766 3845 1813 3881; x_wconf 64' lang='grc' dir='ltr'>θ’</span> 
     </span>
    </p>
   </div>
   <div class='ocr_carea' id='block_1_43' title="bbox 192 3932 1811 4009">
    <p class='ocr_par' dir='ltr' id='par_1_43' title="bbox 192 3932 1811 4009">
     <span class='ocr_line' id='line_1_43' title="bbox 192 3932 1811 4009; baseline 0.001 -24"><span class='ocrx_word' id='word_1_335' title='bbox 192 3934 252 4004; x_wconf 78' lang='grc' dir='ltr'>μή</span> <span class='ocrx_word' id='word_1_336' title='bbox 283 3932 384 3990; x_wconf 73' lang='grc' dir='ltr'>δεῖν</span> <span class='ocrx_word' id='word_1_337' title='bbox 420 3937 565 4008; x_wconf 80' lang='grc' dir='ltr'>μήτε</span> <span class='ocrx_word' id='word_1_338' title='bbox 604 3932 779 4009; x_wconf 88' lang='grc' dir='ltr'>λέγειν</span> <span class='ocrx_word' id='word_1_339' title='bbox 816 3934 953 4006; x_wconf 79' lang='grc' dir='ltr'>μήτε</span> <span class='ocrx_word' id='word_1_340' title='bbox 984 3932 1113 3988; x_wconf 74' lang='grc' dir='ltr'>εἶναι</span> <span class='ocrx_word' id='word_1_341' title='bbox 1143 3932 1408 4007; x_wconf 86' lang='grc' dir='ltr'>νομίζειν.</span> <span class='ocrx_word' id='word_1_342' title='bbox 1442 3933 1644 3988; x_wconf 88' lang='grc' dir='ltr'>Λοιπὸν</span> <span class='ocrx_word' id='word_1_343' title='bbox 1675 3932 1811 4009; x_wconf 89' lang='grc' dir='ltr'>πρὸς</span> 
     </span>
    </p>
   </div>
   <div class='ocr_carea' id='block_1_44' title="bbox 189 4018 1807 4099">
    <p class='ocr_par' dir='ltr' id='par_1_44' title="bbox 189 4018 1807 4099">
     <span class='ocr_line' id='line_1_44' title="bbox 189 4018 1807 4099; baseline 0.003 -26"><span class='ocrx_word' id='word_1_344' title='bbox 189 4020 242 4074; x_wconf 73' lang='grc' dir='ltr'>τὰ</span> <span class='ocrx_word' id='word_1_345' title='bbox 263 4028 435 4099; x_wconf 82' lang='grc' dir='ltr'>σαφῶς</span> <span class='ocrx_word' id='word_1_346' title='bbox 458 4022 697 4099; x_wconf 80' lang='grc' dir='ltr'>ρηθέντα</span> <span class='ocrx_word' id='word_1_347' title='bbox 717 4018 771 4077; x_wconf 76' lang='grc' dir='ltr'>εἷ’</span> <span class='ocrx_word' id='word_1_348' title='bbox 776 4042 832 4076; x_wconf 87' lang='grc' dir='ltr'>τι</span> <span class='ocrx_word' id='word_1_349' title='bbox 852 4023 896 4059; x_wconf 89' lang='grc'>¹⁰</span> <span class='ocrx_word' id='word_1_350' title='bbox 918 4018 1063 4098; x_wconf 84' lang='grc' dir='ltr'>ἔχεις</span> <span class='ocrx_word' id='word_1_351' title='bbox 1087 4020 1278 4092; x_wconf 73' lang='grc' dir='ltr'>εἰπεῖν,</span> <span class='ocrx_word' id='word_1_352' title='bbox 1303 4021 1389 4077; x_wconf 80' lang='grc' dir='ltr'>ἐπὶ</span> <span class='ocrx_word' id='word_1_353' title='bbox 1422 4020 1632 4077; x_wconf 77' lang='grc' dir='ltr'>πάντων</span> <span class='ocrx_word' id='word_1_354' title='bbox 1658 4018 1807 4096; x_wconf 85' lang='grc' dir='ltr'>λέγε.</span> 
     </span>
    </p>
   </div>
   <div class='ocr_carea' id='block_1_45' title="bbox 242 4106 1811 4189">
    <p class='ocr_par' dir='ltr' id='par_1_45' title="bbox 242 4106 1811 4189">
     <span class='ocr_line' id='line_1_45' title="bbox 242 4106 1811 4189; baseline -0.003 -20"><span class='ocrx_word' id='word_1_355' title='bbox 242 4110 353 4169; x_wconf 88' lang='lat' dir='ltr'><strong>VII.</strong></span> <span class='ocrx_word' id='word_1_356' title='bbox 410 4112 513 4169; x_wconf 88' lang='grc' dir='ltr'>Καὶ</span> <span class='ocrx_word' id='word_1_357' title='bbox 574 4108 605 4165; x_wconf 77' lang='grc' dir='ltr'>ὅ</span> <span class='ocrx_word' id='word_1_358' title='bbox 668 4109 868 4185; x_wconf 74' lang='grc' dir='ltr'>Πέτρος</span> <span class='ocrx_word' id='word_1_359' title='bbox 928 4107 1030 4189; x_wconf 82' lang='grc' dir='ltr'>ἔφη</span> <span class='ocrx_word' id='word_1_360' title='bbox 1068 4129 1081 4145; x_wconf 90' lang='grc'><strong>·</strong></span> <span class='ocrx_word' id='word_1_361' title='bbox 1150 4110 1567 4184; x_wconf 85' lang='grc' dir='ltr'>Σοντομώτερον</span> <span class='ocrx_word' id='word_1_362' title='bbox 1650 4106 1811 4165; x_wconf 80' lang='grc' dir='ltr'>ἄκουε</span> 
     </span>
    </p>
   </div>
   <div class='ocr_carea' id='block_1_46' title="bbox 188 4197 1807 4274">
    <p class='ocr_par' dir='ltr' id='par_1_46' title="bbox 188 4197 1807 4274">
     <span class='ocr_line' id='line_1_46' title="bbox 188 4197 1807 4274; baseline 0.002 -24"><span class='ocrx_word' id='word_1_363' title='bbox 188 4199 301 4273; x_wconf 77' lang='grc' dir='ltr'>πρὸς</span> <span class='ocrx_word' id='word_1_364' title='bbox 348 4200 381 4255; x_wconf 75' lang='grc' dir='ltr'>ἃ</span> <span class='ocrx_word' id='word_1_365' title='bbox 435 4200 680 4274; x_wconf 57' lang='grc' dir='ltr'>εἴρηκας.</span> <span class='ocrx_word' id='word_1_366' title='bbox 739 4197 915 4260; x_wconf 76' lang='grc' dir='ltr'>Αὐτὸς</span> <span class='ocrx_word' id='word_1_367' title='bbox 971 4198 1000 4253; x_wconf 90' lang='lat'>6</span> <span class='ocrx_word' id='word_1_368' title='bbox 1043 4197 1213 4273; x_wconf 89' lang='grc' dir='ltr'>νόμος</span> <span class='ocrx_word' id='word_1_369' title='bbox 1249 4199 1277 4253; x_wconf 90' lang='lat'>6</span> <span class='ocrx_word' id='word_1_370' title='bbox 1335 4198 1608 4261; x_wconf 79' lang='grc' dir='ltr'>πολλάκις</span> <span class='ocrx_word' id='word_1_371' title='bbox 1642 4198 1807 4254; x_wconf 80' lang='grc' dir='ltr'>εἰπὼν</span> 
     </span>
    </p>
   </div>
   <div class='ocr_carea' id='block_1_47' title="bbox 190 4280 1808 4363">
    <p class='ocr_par' dir='ltr' id='par_1_47' title="bbox 190 4280 1808 4363">
     <span class='ocr_line' id='line_1_47' title="bbox 190 4280 1808 4363; baseline 0.001 -23"><span class='ocrx_word' id='word_1_372' title='bbox 190 4286 338 4361; x_wconf 72' lang='grc' dir='ltr'>θεοὺς,</span> <span class='ocrx_word' id='word_1_373' title='bbox 392 4288 560 4351; x_wconf 77' lang='grc' dir='ltr'>αὐτὸς</span> <span class='ocrx_word' id='word_1_374' title='bbox 587 4292 667 4362; x_wconf 78' lang='grc' dir='ltr'>τῷ</span> <span class='ocrx_word' id='word_1_375' title='bbox 697 4284 943 4360; x_wconf 83' lang='grc' dir='ltr'>Ἰουδαίῳ</span> <span class='ocrx_word' id='word_1_376' title='bbox 974 4280 1135 4362; x_wconf 71' lang='grc' dir='ltr'>ὄχλῳ</span> <span class='ocrx_word' id='word_1_377' title='bbox 1170 4286 1318 4362; x_wconf 83' lang='grc' dir='ltr'>λέγει</span> <span class='ocrx_word' id='word_1_378' title='bbox 1352 4306 1366 4321; x_wconf 82' lang='grc'><strong><em>⁸</em></strong></span> <span class='ocrx_word' id='word_1_379' title='bbox 1411 4286 1549 4344; x_wconf 78' lang='grc' dir='ltr'>Ἰδοὺ</span> <span class='ocrx_word' id='word_1_380' title='bbox 1608 4288 1808 4363; x_wconf 81' lang='grc' dir='ltr'>Κυρίου</span> 
     </span>
    </p>
   </div>
   <div class='ocr_carea' id='block_1_48' title="bbox 188 4373 1810 4453">
    <p class='ocr_par' dir='ltr' id='par_1_48' title="bbox 188 4373 1810 4453">
     <span class='ocr_line' id='line_1_48' title="bbox 188 4373 1810 4453; baseline 0.003 -26"><span class='ocrx_word' id='word_1_381' title='bbox 188 4380 267 4429; x_wconf 75' lang='grc' dir='ltr'>τοῦ</span> <span class='ocrx_word' id='word_1_382' title='bbox 316 4376 441 4433; x_wconf 75' lang='grc' dir='ltr'>Θεοῖι</span> <span class='ocrx_word' id='word_1_383' title='bbox 492 4399 595 4433; x_wconf 84' lang='grc' dir='ltr'>σου</span> <span class='ocrx_word' id='word_1_384' title='bbox 652 4378 679 4432; x_wconf 92' lang='lat'>6</span> <span class='ocrx_word' id='word_1_385' title='bbox 740 4374 969 4451; x_wconf 75' lang='grc' dir='ltr'>οὐρανὸς</span> <span class='ocrx_word' id='word_1_386' title='bbox 1020 4380 1118 4431; x_wconf 80' lang='grc' dir='ltr'>τοῦ</span> <span class='ocrx_word' id='word_1_387' title='bbox 1177 4373 1425 4453; x_wconf 74' lang='grc' dir='ltr'>οὐρανοῦ,</span> <span class='ocrx_word' id='word_1_388' title='bbox 1491 4376 1580 4431; x_wconf 81' lang='grc' dir='ltr'>καὶ</span> <span class='ocrx_word' id='word_1_389' title='bbox 1636 4376 1810 4432; x_wconf 79' lang='grc' dir='ltr'>πάντα</span> 
     </span>
    </p>
   </div>
   <div class='ocr_carea' id='block_1_49' title="bbox 190 4460 1806 4540">
    <p class='ocr_par' dir='ltr' id='par_1_49' title="bbox 190 4460 1806 4540">
     <span class='ocr_line' id='line_1_49' title="bbox 190 4463 1745 4485; baseline 0.004 -7"><span class='ocrx_word' id='word_1_390' title='bbox 190 4463 206 4478; x_wconf 48' lang='grc' dir='ltr'><strong>λ.</strong></span> <span class='ocrx_word' id='word_1_391' title='bbox 383 4468 395 4485; x_wconf 72' lang='grc'>,</span> <span class='ocrx_word' id='word_1_392' title='bbox 647 4465 661 4485; x_wconf 85' lang='grc'>,</span> <span class='ocrx_word' id='word_1_393' title='bbox 737 4471 761 4481; x_wconf 81' lang='lat'>-</span> <span class='ocrx_word' id='word_1_394' title='bbox 1206 4466 1220 4485; x_wconf 57' lang='grc' dir='ltr'><strong>κ</strong></span> <span class='ocrx_word' id='word_1_395' title='bbox 1370 4465 1379 4479; x_wconf 74' lang='lat'>.</span> <span class='ocrx_word' id='word_1_396' title='bbox 1520 4465 1533 4485; x_wconf 76' lang='lat'>.</span> <span class='ocrx_word' id='word_1_397' title='bbox 1656 4465 1670 4484; x_wconf 59' lang='grc' dir='ltr'><strong>κ</strong></span> <span class='ocrx_word' id='word_1_398' title='bbox 1733 4465 1745 4484; x_wconf 80' lang='grc'><em>,</em></span> 
     </span>
     <span class='ocr_line' id='line_1_50' title="bbox 191 4460 1806 4540; baseline 0.003 -23"><span class='ocrx_word' id='word_1_399' title='bbox 191 4483 271 4519; x_wconf 72' lang='lat'>0:1</span> <span class='ocrx_word' id='word_1_400' title='bbox 296 4466 425 4523; x_wconf 78' lang='grc' dir='ltr'>ἐστιν</span> <span class='ocrx_word' id='word_1_401' title='bbox 486 4467 543 4523; x_wconf 80' lang='grc' dir='ltr'>ἐν</span> <span class='ocrx_word' id='word_1_402' title='bbox 604 4460 1290 4540; x_wconf 81' lang='grc' dir='ltr'>αυτοις,συμπεριλα6ων,</span> <span class='ocrx_word' id='word_1_403' title='bbox 1349 4466 1431 4521; x_wconf 78' lang='grc' dir='ltr'>ὁτι</span> <span class='ocrx_word' id='word_1_404' title='bbox 1491 4486 1536 4521; x_wconf 89' lang='grc' dir='ltr'>ει</span> <span class='ocrx_word' id='word_1_405' title='bbox 1584 4486 1806 4522; x_wconf 38' lang='grc' dir='ltr'>καιενσι</span> 
     </span>
    </p>
   </div>
   <div class='ocr_carea' id='block_1_50' title="bbox 192 4553 1806 4625">
    <p class='ocr_par' dir='ltr' id='par_1_50' title="bbox 192 4553 1806 4625">
     <span class='ocr_line' id='line_1_51' title="bbox 192 4553 1806 4625; baseline 0.001 -18"><span class='ocrx_word' id='word_1_406' title='bbox 192 4553 303 4625; x_wconf 82' lang='grc' dir='ltr'>θεοὶ,</span> <span class='ocrx_word' id='word_1_407' title='bbox 356 4557 440 4611; x_wconf 73' lang='grc' dir='ltr'>ὑπ’</span> <span class='ocrx_word' id='word_1_408' title='bbox 472 4554 637 4612; x_wconf 77' lang='grc' dir='ltr'>αὐτόν</span> <span class='ocrx_word' id='word_1_409' title='bbox 669 4554 826 4611; x_wconf 78' lang='grc' dir='ltr'>εἷσιν⁶</span> <span class='ocrx_word' id='word_1_410' title='bbox 880 4558 1154 4609; x_wconf 82' lang='grc' dir='ltr'>τουτέστιν</span> <span class='ocrx_word' id='word_1_411' title='bbox 1185 4553 1288 4609; x_wconf 84' lang='grc' dir='ltr'>ὑπὸ</span> <span class='ocrx_word' id='word_1_412' title='bbox 1311 4555 1404 4610; x_wconf 84' lang='grc' dir='ltr'>τὸν</span> <span class='ocrx_word' id='word_1_413' title='bbox 1433 4558 1540 4609; x_wconf 80' lang='grc' dir='ltr'>τῶν</span> <span class='ocrx_word' id='word_1_414' title='bbox 1576 4556 1645 4593; x_wconf 74' lang='grc'>¹⁰⁶</span> <span class='ocrx_word' id='word_1_415' title='bbox 1672 4557 1806 4612; x_wconf 87' lang='grc' dir='ltr'>Ἰου-</span> 
     </span>
    </p>
   </div>
   <div class='ocr_carea' id='block_1_51' title="bbox 1929 639 2569 711">
    <p class='ocr_par' dir='ltr' id='par_1_51' title="bbox 1929 639 2569 711">
     <span class='ocr_line' id='line_1_52' title="bbox 1929 639 2569 711; baseline 0.005 -17"><span class='ocrx_word' id='word_1_416' title='bbox 1929 639 2067 694; x_wconf 91' lang='lat' dir='ltr'>deos</span> <span class='ocrx_word' id='word_1_417' title='bbox 2091 639 2435 711; x_wconf 82' lang='lat' dir='ltr'>prolocutus</span> <span class='ocrx_word' id='word_1_418' title='bbox 2460 646 2569 697; x_wconf 91' lang='lat' dir='ltr'>est.</span> 
     </span>
    </p>
   </div>
   <div class='ocr_carea' id='block_1_52' title="bbox 2000 728 3574 803">
    <p class='ocr_par' dir='ltr' id='par_1_52' title="bbox 2000 728 3574 803">
     <span class='ocr_line' id='line_1_53' title="bbox 2000 728 3574 803; baseline 0.002 -20"><span class='ocrx_word' id='word_1_419' title='bbox 2000 728 2088 783; x_wconf 88' lang='lat' dir='ltr'><strong>VI.</strong></span> <span class='ocrx_word' id='word_1_420' title='bbox 2131 728 2342 785; x_wconf 81' lang='lat' dir='ltr'>Statim</span> <span class='ocrx_word' id='word_1_421' title='bbox 2373 745 2509 803; x_wconf 82' lang='lat' dir='ltr'>ergo</span> <span class='ocrx_word' id='word_1_422' title='bbox 2540 730 2600 785; x_wconf 91' lang='lat' dir='ltr'>in</span> <span class='ocrx_word' id='word_1_423' title='bbox 2632 730 2822 803; x_wconf 89' lang='lat' dir='ltr'>prima</span> <span class='ocrx_word' id='word_1_424' title='bbox 2850 728 2998 803; x_wconf 83' lang='lat' dir='ltr'>legis</span> <span class='ocrx_word' id='word_1_425' title='bbox 3027 746 3167 786; x_wconf 91' lang='lat' dir='ltr'>voce</span> <span class='ocrx_word' id='word_1_426' title='bbox 3197 728 3329 786; x_wconf 90' lang='lat' dir='ltr'>illos</span> <span class='ocrx_word' id='word_1_427' title='bbox 3352 728 3574 786; x_wconf 84' lang='lat' dir='ltr'>similes</span> 
     </span>
    </p>
   </div>
   <div class='ocr_carea' id='block_1_53' title="bbox 1927 819 3571 892">
    <p class='ocr_par' dir='ltr' id='par_1_53' title="bbox 1927 819 3571 892">
     <span class='ocr_line' id='line_1_54' title="bbox 1927 819 3571 892; baseline 0.002 -20"><span class='ocrx_word' id='word_1_428' title='bbox 1927 833 1991 873; x_wconf 90' lang='lat' dir='ltr'>ac</span> <span class='ocrx_word' id='word_1_429' title='bbox 2021 833 2085 873; x_wconf 88' lang='lat' dir='ltr'>se</span> <span class='ocrx_word' id='word_1_430' title='bbox 2115 819 2429 891; x_wconf 82' lang='lat' dir='ltr'>praedicare</span> <span class='ocrx_word' id='word_1_431' title='bbox 2456 819 2840 892; x_wconf 81' lang='lat' dir='ltr'>dignoscitur.</span> <span class='ocrx_word' id='word_1_432' title='bbox 2865 820 2953 875; x_wconf 90' lang='lat' dir='ltr'>Ita</span> <span class='ocrx_word' id='word_1_433' title='bbox 2972 819 3131 875; x_wconf 90' lang='lat' dir='ltr'>enim</span> <span class='ocrx_word' id='word_1_434' title='bbox 3155 819 3441 890; x_wconf 88' lang='lat' dir='ltr'>scriptum</span> <span class='ocrx_word' id='word_1_435' title='bbox 3464 823 3571 889; x_wconf 88' lang='lat' dir='ltr'>est,</span> 
     </span>
    </p>
   </div>
   <div class='ocr_carea' id='block_1_54' title="bbox 1927 908 3575 981">
    <p class='ocr_par' dir='ltr' id='par_1_54' title="bbox 1927 908 3575 981">
     <span class='ocr_line' id='line_1_55' title="bbox 1927 908 3575 981; baseline 0 -18"><span class='ocrx_word' id='word_1_436' title='bbox 1927 908 2245 979; x_wconf 89' lang='lat' dir='ltr'>quod,cum</span> <span class='ocrx_word' id='word_1_437' title='bbox 2266 910 2453 980; x_wconf 89' lang='lat' dir='ltr'>primo</span> <span class='ocrx_word' id='word_1_438' title='bbox 2476 909 2701 964; x_wconf 88' lang='lat' dir='ltr'>homini</span> <span class='ocrx_word' id='word_1_439' title='bbox 2725 912 3081 981; x_wconf 70' lang='lat' dir='ltr'>praeceptum</span> <span class='ocrx_word' id='word_1_440' title='bbox 3104 908 3575 978; x_wconf 86' lang='lat' dir='ltr'>fuissetaDeo,ut</span> 
     </span>
    </p>
   </div>
   <div class='ocr_carea' id='block_1_55' title="bbox 1927 996 3574 1070">
    <p class='ocr_par' dir='ltr' id='par_1_55' title="bbox 1927 996 3574 1070">
     <span class='ocr_line' id='line_1_56' title="bbox 1927 996 3574 1070; baseline 0 -18"><span class='ocrx_word' id='word_1_441' title='bbox 1927 996 1998 1052; x_wconf 90' lang='lat' dir='ltr'>de</span> <span class='ocrx_word' id='word_1_442' title='bbox 2022 997 2246 1053; x_wconf 90' lang='lat' dir='ltr'>cunctis</span> <span class='ocrx_word' id='word_1_443' title='bbox 2268 997 2576 1054; x_wconf 80' lang='lat' dir='ltr'>arboribus</span> <span class='ocrx_word' id='word_1_444' title='bbox 2610 997 2865 1070; x_wconf 81' lang='lat' dir='ltr'>paradisi</span> <span class='ocrx_word' id='word_1_445' title='bbox 2896 997 3366 1064; x_wconf 88' lang='lat' dir='ltr'>comederet,non</span> <span class='ocrx_word' id='word_1_446' title='bbox 3388 1013 3574 1053; x_wconf 88' lang='lat' dir='ltr'>come-</span> 
     </span>
    </p>
   </div>
   <div class='ocr_carea' id='block_1_56' title="bbox 1926 1084 3568 1159">
    <p class='ocr_par' dir='ltr' id='par_1_56' title="bbox 1926 1084 3568 1159">
     <span class='ocr_line' id='line_1_57' title="bbox 1926 1084 3568 1159; baseline 0 -19"><span class='ocrx_word' id='word_1_447' title='bbox 1926 1085 2296 1141; x_wconf 81' lang='lat' dir='ltr'>derettamen</span> <span class='ocrx_word' id='word_1_448' title='bbox 2312 1087 2381 1143; x_wconf 91' lang='lat' dir='ltr'>de</span> <span class='ocrx_word' id='word_1_449' title='bbox 2396 1087 2601 1143; x_wconf 91' lang='lat' dir='ltr'>arbore</span> <span class='ocrx_word' id='word_1_450' title='bbox 2614 1087 2999 1159; x_wconf 83' lang='lat' dir='ltr'>cognoscendi</span> <span class='ocrx_word' id='word_1_451' title='bbox 3012 1087 3230 1141; x_wconf 88' lang='lat' dir='ltr'>bonum</span> <span class='ocrx_word' id='word_1_452' title='bbox 3250 1089 3306 1141; x_wconf 91' lang='lat' dir='ltr'>et</span> <span class='ocrx_word' id='word_1_453' title='bbox 3324 1084 3568 1154; x_wconf 89' lang='lat' dir='ltr'>malum,</span> 
     </span>
    </p>
   </div>
   <div class='ocr_carea' id='block_1_57' title="bbox 1923 1173 3570 1247">
    <p class='ocr_par' dir='ltr' id='par_1_57' title="bbox 1923 1173 3570 1247">
     <span class='ocr_line' id='line_1_58' title="bbox 1923 1173 3570 1247; baseline -0.001 -16"><span class='ocrx_word' id='word_1_454' title='bbox 1923 1190 2164 1246; x_wconf 82' lang='lat' dir='ltr'>serpens</span> <span class='ocrx_word' id='word_1_455' title='bbox 2179 1191 2280 1247; x_wconf 91' lang='lat' dir='ltr'>per</span> <span class='ocrx_word' id='word_1_456' title='bbox 2295 1175 2597 1231; x_wconf 86' lang='lat' dir='ltr'>mulierem</span> <span class='ocrx_word' id='word_1_457' title='bbox 2609 1175 3020 1247; x_wconf 88' lang='lat' dir='ltr'>,promittendo</span> <span class='ocrx_word' id='word_1_458' title='bbox 3042 1173 3159 1231; x_wconf 88' lang='lat' dir='ltr'>illis</span> <span class='ocrx_word' id='word_1_459' title='bbox 3180 1173 3570 1244; x_wconf 83' lang='lat' dir='ltr'>divinitatem,</span> 
     </span>
    </p>
   </div>
   <div class='ocr_carea' id='block_1_58' title="bbox 1922 1263 3569 1336">
    <p class='ocr_par' dir='ltr' id='par_1_58' title="bbox 1922 1263 3569 1336">
     <span class='ocr_line' id='line_1_59' title="bbox 1922 1263 3569 1336; baseline -0.001 -17"><span class='ocrx_word' id='word_1_460' title='bbox 1922 1263 2224 1319; x_wconf 86' lang='lat' dir='ltr'>comedere</span> <span class='ocrx_word' id='word_1_461' title='bbox 2247 1279 2557 1335; x_wconf 81' lang='lat' dir='ltr'>persuasus</span> <span class='ocrx_word' id='word_1_462' title='bbox 2581 1264 2718 1319; x_wconf 77' lang='lat' dir='ltr'>fecit</span> <span class='ocrx_word' id='word_1_463' title='bbox 2739 1263 3018 1336; x_wconf 88' lang='lat' dir='ltr'>aspicere,</span> <span class='ocrx_word' id='word_1_464' title='bbox 3034 1263 3234 1334; x_wconf 85' lang='lat' dir='ltr'>sicque</span> <span class='ocrx_word' id='word_1_465' title='bbox 3256 1267 3569 1335; x_wconf 84' lang='lat' dir='ltr'>postquam</span> 
     </span>
    </p>
   </div>
   <div class='ocr_carea' id='block_1_59' title="bbox 1922 1352 3572 1424">
    <p class='ocr_par' dir='ltr' id='par_1_59' title="bbox 1922 1352 3572 1424">
     <span class='ocr_line' id='line_1_60' title="bbox 1922 1352 3572 1424; baseline 0 -17"><span class='ocrx_word' id='word_1_466' title='bbox 1922 1356 2292 1424; x_wconf 83' lang='lat' dir='ltr'>aspexerunt,</span> <span class='ocrx_word' id='word_1_467' title='bbox 2326 1352 2480 1409; x_wconf 91' lang='lat' dir='ltr'>Deus</span> <span class='ocrx_word' id='word_1_468' title='bbox 2511 1352 2643 1409; x_wconf 88' lang='lat' dir='ltr'>istis</span> <span class='ocrx_word' id='word_1_469' title='bbox 2674 1352 2823 1409; x_wconf 85' lang='lat' dir='ltr'>dixit</span> <span class='ocrx_word' id='word_1_470' title='bbox 2855 1368 2869 1407; x_wconf 87' lang='lat'><strong>:</strong></span> <span class='ocrx_word' id='word_1_471' title='bbox 2916 1355 3060 1409; x_wconf 83' lang='lat' dir='ltr'>Ecce</span> <span class='ocrx_word' id='word_1_472' title='bbox 3088 1352 3259 1407; x_wconf 85' lang='lat' dir='ltr'>Adam</span> <span class='ocrx_word' id='word_1_473' title='bbox 3288 1354 3461 1423; x_wconf 80' lang='lat' dir='ltr'>factus</span> <span class='ocrx_word' id='word_1_474' title='bbox 3489 1356 3572 1407; x_wconf 86' lang='lat' dir='ltr'>est</span> 
     </span>
    </p>
   </div>
   <div class='ocr_carea' id='block_1_60' title="bbox 1921 1440 3569 1514">
    <p class='ocr_par' dir='ltr' id='par_1_60' title="bbox 1921 1440 3569 1514">
     <span class='ocr_line' id='line_1_61' title="bbox 1921 1440 3569 1514; baseline -0.001 -17"><span class='ocrx_word' id='word_1_475' title='bbox 1921 1443 2080 1513; x_wconf 86' lang='lat' dir='ltr'>quasi</span> <span class='ocrx_word' id='word_1_476' title='bbox 2122 1458 2265 1497; x_wconf 90' lang='lat' dir='ltr'>unus</span> <span class='ocrx_word' id='word_1_477' title='bbox 2312 1458 2382 1498; x_wconf 74' lang='lat' dir='ltr'>ex</span> <span class='ocrx_word' id='word_1_478' title='bbox 2424 1442 2586 1498; x_wconf 87' lang='lat' dir='ltr'>nobis</span> <span class='ocrx_word' id='word_1_479' title='bbox 2615 1442 2718 1514; x_wconf 90' lang='lat' dir='ltr'>(a).</span> <span class='ocrx_word' id='word_1_480' title='bbox 2780 1443 2979 1514; x_wconf 86' lang='lat' dir='ltr'>Itaque</span> <span class='ocrx_word' id='word_1_481' title='bbox 3031 1457 3289 1513; x_wconf 86' lang='lat' dir='ltr'>serpens,</span> <span class='ocrx_word' id='word_1_482' title='bbox 3333 1440 3569 1513; x_wconf 84' lang='lat' dir='ltr'>quando</span> 
     </span>
    </p>
   </div>
   <div class='ocr_carea' id='block_1_61' title="bbox 1922 1529 3566 1604">
    <p class='ocr_par' dir='ltr' id='par_1_61' title="bbox 1922 1529 3566 1604">
     <span class='ocr_line' id='line_1_62' title="bbox 1922 1529 3566 1604; baseline -0.001 -18"><span class='ocrx_word' id='word_1_483' title='bbox 1922 1530 2067 1586; x_wconf 81' lang='lat' dir='ltr'>dixit</span> <span class='ocrx_word' id='word_1_484' title='bbox 2096 1547 2111 1587; x_wconf 88' lang='lat'><strong>:</strong></span> <span class='ocrx_word' id='word_1_485' title='bbox 2144 1532 2314 1586; x_wconf 79' lang='lat' dir='ltr'>Erilis</span> <span class='ocrx_word' id='word_1_486' title='bbox 2342 1532 2484 1588; x_wconf 84' lang='lat' dir='ltr'>sicut</span> <span class='ocrx_word' id='word_1_487' title='bbox 2508 1531 2591 1587; x_wconf 85' lang='lat' dir='ltr'>dii</span> <span class='ocrx_word' id='word_1_488' title='bbox 2621 1531 2717 1604; x_wconf 71' lang='grc' dir='ltr'>(ὁ),</span> <span class='ocrx_word' id='word_1_489' title='bbox 2751 1530 2921 1604; x_wconf 88' lang='lat' dir='ltr'>quasi</span> <span class='ocrx_word' id='word_1_490' title='bbox 2951 1530 3034 1585; x_wconf 90' lang='lat' dir='ltr'>dii</span> <span class='ocrx_word' id='word_1_491' title='bbox 3068 1529 3371 1597; x_wconf 83' lang='lat' dir='ltr'>exsistant,</span> <span class='ocrx_word' id='word_1_492' title='bbox 3405 1530 3566 1585; x_wconf 87' lang='lat' dir='ltr'>locu-</span> 
     </span>
    </p>
   </div>
   <div class='ocr_carea' id='block_1_62' title="bbox 1920 1618 3568 1692">
    <p class='ocr_par' dir='ltr' id='par_1_62' title="bbox 1920 1618 3568 1692">
     <span class='ocr_line' id='line_1_63' title="bbox 1920 1618 3568 1692; baseline 0 -19"><span class='ocrx_word' id='word_1_493' title='bbox 1920 1622 2017 1674; x_wconf 90' lang='lat' dir='ltr'>tus</span> <span class='ocrx_word' id='word_1_494' title='bbox 2048 1623 2307 1691; x_wconf 89' lang='lat' dir='ltr'>apparet,</span> <span class='ocrx_word' id='word_1_495' title='bbox 2340 1636 2406 1675; x_wconf 90' lang='lat' dir='ltr'>eo</span> <span class='ocrx_word' id='word_1_496' title='bbox 2436 1621 2626 1692; x_wconf 85' lang='lat' dir='ltr'>magis</span> <span class='ocrx_word' id='word_1_497' title='bbox 2651 1620 2805 1692; x_wconf 91' lang='lat' dir='ltr'>quod</span> <span class='ocrx_word' id='word_1_498' title='bbox 2846 1620 3002 1675; x_wconf 87' lang='lat' dir='ltr'>Deus</span> <span class='ocrx_word' id='word_1_499' title='bbox 3050 1635 3225 1674; x_wconf 90' lang='lat' dir='ltr'>suum</span> <span class='ocrx_word' id='word_1_500' title='bbox 3277 1618 3568 1674; x_wconf 87' lang='lat' dir='ltr'>addiderit</span> 
     </span>
    </p>
   </div>
   <div class='ocr_carea' id='block_1_63' title="bbox 1921 1707 3569 1779">
    <p class='ocr_par' dir='ltr' id='par_1_63' title="bbox 1921 1707 3569 1779">
     <span class='ocr_line' id='line_1_64' title="bbox 1921 1707 3569 1779; baseline 0 -15"><span class='ocrx_word' id='word_1_501' title='bbox 1921 1707 2348 1775; x_wconf 88' lang='lat' dir='ltr'>testimonium,</span> <span class='ocrx_word' id='word_1_502' title='bbox 2403 1709 2477 1765; x_wconf 91' lang='lat' dir='ltr'>iis</span> <span class='ocrx_word' id='word_1_503' title='bbox 2536 1709 2728 1765; x_wconf 87' lang='lat' dir='ltr'>verbis</span> <span class='ocrx_word' id='word_1_504' title='bbox 2777 1726 2790 1765; x_wconf 90' lang='lat'><strong>:</strong></span> <span class='ocrx_word' id='word_1_505' title='bbox 2853 1710 2986 1764; x_wconf 84' lang='lat' dir='ltr'>Ecce</span> <span class='ocrx_word' id='word_1_506' title='bbox 3042 1707 3210 1763; x_wconf 87' lang='lat' dir='ltr'>Adam</span> <span class='ocrx_word' id='word_1_507' title='bbox 3255 1711 3432 1779; x_wconf 82' lang='lat' dir='ltr'>factus</span> <span class='ocrx_word' id='word_1_508' title='bbox 3490 1716 3569 1764; x_wconf 90' lang='lat' dir='ltr'>est</span> 
     </span>
    </p>
   </div>
   <div class='ocr_carea' id='block_1_64' title="bbox 1920 1796 3565 1869">
    <p class='ocr_par' dir='ltr' id='par_1_64' title="bbox 1920 1796 3565 1869">
     <span class='ocr_line' id='line_1_65' title="bbox 1920 1796 3565 1869; baseline 0.001 -17"><span class='ocrx_word' id='word_1_509' title='bbox 1920 1798 2079 1869; x_wconf 85' lang='lat' dir='ltr'>quasi</span> <span class='ocrx_word' id='word_1_510' title='bbox 2102 1814 2247 1853; x_wconf 87' lang='lat' dir='ltr'>unus</span> <span class='ocrx_word' id='word_1_511' title='bbox 2276 1815 2347 1854; x_wconf 72' lang='lat' dir='ltr'>ea:</span> <span class='ocrx_word' id='word_1_512' title='bbox 2373 1799 2527 1854; x_wconf 86' lang='lat' dir='ltr'>nobis</span> <span class='ocrx_word' id='word_1_513' title='bbox 2582 1802 2665 1853; x_wconf 88' lang='lat' dir='ltr'>Ita</span> <span class='ocrx_word' id='word_1_514' title='bbox 2695 1798 2795 1869; x_wconf 91' lang='lat' dir='ltr'>qui</span> <span class='ocrx_word' id='word_1_515' title='bbox 2830 1796 3046 1853; x_wconf 90' lang='lat' dir='ltr'>multos</span> <span class='ocrx_word' id='word_1_516' title='bbox 3078 1812 3206 1852; x_wconf 90' lang='lat' dir='ltr'>esse</span> <span class='ocrx_word' id='word_1_517' title='bbox 3237 1797 3376 1853; x_wconf 90' lang='lat' dir='ltr'>deos</span> <span class='ocrx_word' id='word_1_518' title='bbox 3408 1814 3565 1854; x_wconf 89' lang='lat' dir='ltr'>asse-</span> 
     </span>
    </p>
   </div>
   <div class='ocr_carea' id='block_1_65' title="bbox 1921 1886 3567 1960">
    <p class='ocr_par' dir='ltr' id='par_1_65' title="bbox 1921 1886 3567 1960">
     <span class='ocr_line' id='line_1_66' title="bbox 1921 1886 3567 1960; baseline 0.001 -19"><span class='ocrx_word' id='word_1_519' title='bbox 1921 1887 2038 1942; x_wconf 89' lang='lat' dir='ltr'>ruit</span> <span class='ocrx_word' id='word_1_520' title='bbox 2068 1904 2331 1960; x_wconf 87' lang='lat' dir='ltr'>serpens,</span> <span class='ocrx_word' id='word_1_521' title='bbox 2367 1887 2650 1943; x_wconf 91' lang='lat' dir='ltr'>mentitus</span> <span class='ocrx_word' id='word_1_522' title='bbox 2679 1905 2797 1943; x_wconf 85' lang='lat' dir='ltr'>non</span> <span class='ocrx_word' id='word_1_523' title='bbox 2829 1891 2939 1943; x_wconf 90' lang='lat' dir='ltr'>est.</span> <span class='ocrx_word' id='word_1_524' title='bbox 2973 1891 3258 1943; x_wconf 79' lang='lat' dir='ltr'>Przeterea</span> <span class='ocrx_word' id='word_1_525' title='bbox 3288 1904 3391 1958; x_wconf 91' lang='lat' dir='ltr'>per</span> <span class='ocrx_word' id='word_1_526' title='bbox 3421 1886 3567 1942; x_wconf 89' lang='lat' dir='ltr'>illud</span> 
     </span>
    </p>
   </div>
   <div class='ocr_carea' id='block_1_66' title="bbox 1921 1976 3569 2048">
    <p class='ocr_par' dir='ltr' id='par_1_66' title="bbox 1921 1976 3569 2048">
     <span class='ocr_line' id='line_1_67' title="bbox 1921 1976 3569 2048; baseline 0.001 -18"><span class='ocrx_word' id='word_1_527' title='bbox 1921 1977 2074 2047; x_wconf 92' lang='lat' dir='ltr'>quod</span> <span class='ocrx_word' id='word_1_528' title='bbox 2103 1976 2387 2047; x_wconf 89' lang='lat' dir='ltr'>scriptum</span> <span class='ocrx_word' id='word_1_529' title='bbox 2419 1980 2544 2031; x_wconf 91' lang='lat' dir='ltr'>est:</span> <span class='ocrx_word' id='word_1_530' title='bbox 2578 1977 2696 2031; x_wconf 89' lang='lat' dir='ltr'>Diis</span> <span class='ocrx_word' id='word_1_531' title='bbox 2725 1992 2835 2032; x_wconf 87' lang='lat' dir='ltr'>non</span> <span class='ocrx_word' id='word_1_532' title='bbox 2863 1976 3129 2043; x_wconf 86' lang='lat' dir='ltr'>detrahes,</span> <span class='ocrx_word' id='word_1_533' title='bbox 3152 1984 3207 2033; x_wconf 85' lang='lat' dir='ltr'>et</span> <span class='ocrx_word' id='word_1_534' title='bbox 3216 1976 3569 2048; x_wconf 84' lang='lat' dir='ltr'>principibus</span> 
     </span>
    </p>
   </div>
   <div class='ocr_carea' id='block_1_67' title="bbox 1916 2064 3560 2138">
    <p class='ocr_par' dir='ltr' id='par_1_67' title="bbox 1916 2064 3560 2138">
     <span class='ocr_line' id='line_1_68' title="bbox 1916 2064 3560 2138; baseline 0.001 -19"><span class='ocrx_word' id='word_1_535' title='bbox 1916 2066 2108 2136; x_wconf 83' lang='lat' dir='ltr'>populi</span> <span class='ocrx_word' id='word_1_536' title='bbox 2136 2066 2223 2120; x_wconf 87' lang='lat' dir='ltr'>tui</span> <span class='ocrx_word' id='word_1_537' title='bbox 2250 2081 2357 2119; x_wconf 89' lang='lat' dir='ltr'>non</span> <span class='ocrx_word' id='word_1_538' title='bbox 2384 2065 2676 2121; x_wconf 86' lang='lat' dir='ltr'>maledices</span> <span class='ocrx_word' id='word_1_539' title='bbox 2705 2065 2797 2138; x_wconf 89' lang='lat' dir='ltr'>(c),</span> <span class='ocrx_word' id='word_1_540' title='bbox 2830 2064 3027 2137; x_wconf 86' lang='lat' dir='ltr'>plures</span> <span class='ocrx_word' id='word_1_541' title='bbox 3058 2066 3197 2120; x_wconf 92' lang='lat' dir='ltr'>deos</span> <span class='ocrx_word' id='word_1_542' title='bbox 3246 2064 3560 2137; x_wconf 80' lang='lat' dir='ltr'>significat,</span> 
     </span>
    </p>
   </div>
   <div class='ocr_carea' id='block_1_68' title="bbox 1920 2149 3561 2225">
    <p class='ocr_par' dir='ltr' id='par_1_68' title="bbox 1920 2149 3561 2225">
     <span class='ocr_line' id='line_1_69' title="bbox 1920 2149 3561 2225; baseline 0.002 -18"><span class='ocrx_word' id='word_1_543' title='bbox 1920 2152 2135 2225; x_wconf 90' lang='lat' dir='ltr'>quibus</span> <span class='ocrx_word' id='word_1_544' title='bbox 2167 2169 2271 2209; x_wconf 92' lang='lat' dir='ltr'>nec</span> <span class='ocrx_word' id='word_1_545' title='bbox 2301 2152 2568 2209; x_wconf 86' lang='lat' dir='ltr'>maledici</span> <span class='ocrx_word' id='word_1_546' title='bbox 2599 2154 2742 2209; x_wconf 89' lang='lat' dir='ltr'>vult.</span> <span class='ocrx_word' id='word_1_547' title='bbox 2768 2154 2878 2209; x_wconf 92' lang='lat' dir='ltr'>Sed</span> <span class='ocrx_word' id='word_1_548' title='bbox 2903 2157 2959 2209; x_wconf 88' lang='lat' dir='ltr'>et</span> <span class='ocrx_word' id='word_1_549' title='bbox 2979 2149 3121 2209; x_wconf 72' lang='lat' dir='ltr'>llibi</span> <span class='ocrx_word' id='word_1_550' title='bbox 3144 2153 3426 2225; x_wconf 85' lang='lat' dir='ltr'>scriptum</span> <span class='ocrx_word' id='word_1_551' title='bbox 3452 2160 3561 2211; x_wconf 89' lang='lat' dir='ltr'>est:</span> 
     </span>
    </p>
   </div>
   <div class='ocr_carea' id='block_1_69' title="bbox 1916 2241 3571 2314">
    <p class='ocr_par' dir='ltr' id='par_1_69' title="bbox 1916 2241 3571 2314">
     <span class='ocr_line' id='line_1_70' title="bbox 1916 2241 3571 2314; baseline 0.001 -16"><span class='ocrx_word' id='word_1_552' title='bbox 1916 2243 1987 2298; x_wconf 86' lang='lat' dir='ltr'>Si</span> <span class='ocrx_word' id='word_1_553' title='bbox 2040 2258 2211 2297; x_wconf 87' lang='lat' dir='ltr'>ausus</span> <span class='ocrx_word' id='word_1_554' title='bbox 2264 2249 2343 2298; x_wconf 83' lang='lat' dir='ltr'>est</span> <span class='ocrx_word' id='word_1_555' title='bbox 2402 2243 2539 2297; x_wconf 89' lang='lat' dir='ltr'>Deus</span> <span class='ocrx_word' id='word_1_556' title='bbox 2593 2242 2741 2298; x_wconf 86' lang='lat' dir='ltr'>alius</span> <span class='ocrx_word' id='word_1_557' title='bbox 2786 2241 3023 2313; x_wconf 75' lang='lat' dir='ltr'>ingredi,</span> <span class='ocrx_word' id='word_1_558' title='bbox 3054 2246 3107 2297; x_wconf 86' lang='lat' dir='ltr'>et</span> <span class='ocrx_word' id='word_1_559' title='bbox 3154 2244 3405 2314; x_wconf 80' lang='lat' dir='ltr'>accipere</span> <span class='ocrx_word' id='word_1_560' title='bbox 3459 2244 3571 2299; x_wconf 76' lang='lat' dir='ltr'>siti</span> 
     </span>
    </p>
   </div>
   <div class='ocr_carea' id='block_1_70' title="bbox 1916 2331 3565 2404">
    <p class='ocr_par' dir='ltr' id='par_1_70' title="bbox 1916 2331 3565 2404">
     <span class='ocr_line' id='line_1_71' title="bbox 1916 2331 3565 2404; baseline 0.001 -18"><span class='ocrx_word' id='word_1_561' title='bbox 1916 2334 2131 2403; x_wconf 78' lang='lat' dir='ltr'>gentem</span> <span class='ocrx_word' id='word_1_562' title='bbox 2176 2331 2241 2387; x_wconf 84' lang='lat' dir='ltr'>de</span> <span class='ocrx_word' id='word_1_563' title='bbox 2288 2331 2480 2387; x_wconf 89' lang='lat' dir='ltr'>media</span> <span class='ocrx_word' id='word_1_564' title='bbox 2509 2336 2690 2400; x_wconf 87' lang='lat' dir='ltr'>gente,</span> <span class='ocrx_word' id='word_1_565' title='bbox 2718 2332 2859 2386; x_wconf 81' lang='lat' dir='ltr'>sicut</span> <span class='ocrx_word' id='word_1_566' title='bbox 2886 2347 2980 2401; x_wconf 84' lang='lat' dir='ltr'>ego</span> <span class='ocrx_word' id='word_1_567' title='bbox 3009 2331 3271 2387; x_wconf 79' lang='lat' dir='ltr'>Dominus</span> <span class='ocrx_word' id='word_1_568' title='bbox 3300 2331 3440 2387; x_wconf 89' lang='lat' dir='ltr'>Deus</span> <span class='ocrx_word' id='word_1_569' title='bbox 3462 2332 3565 2404; x_wconf 80' lang='grc' dir='ltr'>(ά).</span> 
     </span>
    </p>
   </div>
   <div class='ocr_carea' id='block_1_71' title="bbox 1918 2420 3562 2491">
    <p class='ocr_par' dir='ltr' id='par_1_71' title="bbox 1918 2420 3562 2491">
     <span class='ocr_line' id='line_1_72' title="bbox 1918 2420 3562 2491; baseline 0 -16"><span class='ocrx_word' id='word_1_570' title='bbox 1918 2420 2067 2475; x_wconf 90' lang='lat' dir='ltr'>lllud</span> <span class='ocrx_word' id='word_1_571' title='bbox 2104 2436 2117 2475; x_wconf 86' lang='lat'><strong>:</strong></span> <span class='ocrx_word' id='word_1_572' title='bbox 2150 2420 2213 2476; x_wconf 88' lang='lat' dir='ltr'>Si</span> <span class='ocrx_word' id='word_1_573' title='bbox 2240 2436 2411 2477; x_wconf 87' lang='lat' dir='ltr'>ausus</span> <span class='ocrx_word' id='word_1_574' title='bbox 2440 2425 2522 2476; x_wconf 84' lang='lat' dir='ltr'>est</span> <span class='ocrx_word' id='word_1_575' title='bbox 2564 2421 2707 2476; x_wconf 85' lang='lat' dir='ltr'>Deus</span> <span class='ocrx_word' id='word_1_576' title='bbox 2751 2420 2915 2488; x_wconf 86' lang='lat' dir='ltr'>alius,</span> <span class='ocrx_word' id='word_1_577' title='bbox 2946 2426 3226 2491; x_wconf 84' lang='lat' dir='ltr'>tanquam</span> <span class='ocrx_word' id='word_1_578' title='bbox 3275 2420 3395 2476; x_wconf 91' lang='lat' dir='ltr'>sint</span> <span class='ocrx_word' id='word_1_579' title='bbox 3441 2420 3562 2490; x_wconf 88' lang='lat' dir='ltr'>alii,</span> 
     </span>
    </p>
   </div>
   <div class='ocr_carea' id='block_1_72' title="bbox 1921 2507 3573 2581">
    <p class='ocr_par' dir='ltr' id='par_1_72' title="bbox 1921 2507 3573 2581">
     <span class='ocr_line' id='line_1_73' title="bbox 1921 2507 3573 2581; baseline 0.001 -17"><span class='ocrx_word' id='word_1_580' title='bbox 1921 2509 2086 2566; x_wconf 84' lang='lat' dir='ltr'>dixit.</span> <span class='ocrx_word' id='word_1_581' title='bbox 2118 2510 2189 2565; x_wconf 87' lang='lat' dir='ltr'>Et</span> <span class='ocrx_word' id='word_1_582' title='bbox 2217 2508 2365 2565; x_wconf 85' lang='lat' dir='ltr'>alias</span> <span class='ocrx_word' id='word_1_583' title='bbox 2398 2525 2412 2565; x_wconf 90' lang='lat'>:</span> <span class='ocrx_word' id='word_1_584' title='bbox 2454 2510 2567 2576; x_wconf 91' lang='lat' dir='ltr'>Dii,</span> <span class='ocrx_word' id='word_1_585' title='bbox 2597 2510 2696 2581; x_wconf 87' lang='lat' dir='ltr'>qui</span> <span class='ocrx_word' id='word_1_586' title='bbox 2723 2507 2930 2564; x_wconf 76' lang='lat' dir='ltr'>caelum</span> <span class='ocrx_word' id='word_1_587' title='bbox 2959 2510 3009 2563; x_wconf 85' lang='lat' dir='ltr'>et</span> <span class='ocrx_word' id='word_1_588' title='bbox 3035 2511 3242 2564; x_wconf 86' lang='lat' dir='ltr'>terram</span> <span class='ocrx_word' id='word_1_589' title='bbox 3288 2526 3399 2565; x_wconf 89' lang='lat' dir='ltr'>non</span> <span class='ocrx_word' id='word_1_590' title='bbox 3429 2510 3573 2581; x_wconf 80' lang='lat' dir='ltr'>fece-</span> 
     </span>
    </p>
   </div>
   <div class='ocr_carea' id='block_1_73' title="bbox 1918 2596 3571 2671">
    <p class='ocr_par' dir='ltr' id='par_1_73' title="bbox 1918 2596 3571 2671">
     <span class='ocr_line' id='line_1_74' title="bbox 1918 2596 3571 2671; baseline 0 -17"><span class='ocrx_word' id='word_1_591' title='bbox 1918 2607 2073 2666; x_wconf 86' lang='lat' dir='ltr'>runt,</span> <span class='ocrx_word' id='word_1_592' title='bbox 2092 2606 2319 2671; x_wconf 80' lang='lat' dir='ltr'>pereant</span> <span class='ocrx_word' id='word_1_593' title='bbox 2342 2598 2409 2671; x_wconf 90' lang='lat' dir='ltr'>(e)</span> <span class='ocrx_word' id='word_1_594' title='bbox 2425 2614 2444 2656; x_wconf 89' lang='lat'><strong><em>:</em></strong></span> <span class='ocrx_word' id='word_1_595' title='bbox 2465 2597 2625 2653; x_wconf 90' lang='lat' dir='ltr'>velut</span> <span class='ocrx_word' id='word_1_596' title='bbox 2644 2613 2760 2653; x_wconf 93' lang='lat' dir='ltr'>non</span> <span class='ocrx_word' id='word_1_597' title='bbox 2782 2596 3025 2668; x_wconf 91' lang='lat' dir='ltr'>perituri</span> <span class='ocrx_word' id='word_1_598' title='bbox 3048 2597 3167 2653; x_wconf 86' lang='lat' dir='ltr'>sint</span> <span class='ocrx_word' id='word_1_599' title='bbox 3196 2596 3281 2652; x_wconf 88' lang='lat' dir='ltr'>illi</span> <span class='ocrx_word' id='word_1_600' title='bbox 3304 2597 3405 2669; x_wconf 89' lang='lat' dir='ltr'>qui</span> <span class='ocrx_word' id='word_1_601' title='bbox 3426 2598 3571 2654; x_wconf 81' lang='lat' dir='ltr'>fece-</span> 
     </span>
    </p>
   </div>
   <div class='ocr_carea' id='block_1_74' title="bbox 1921 2685 3570 2757">
    <p class='ocr_par' dir='ltr' id='par_1_74' title="bbox 1921 2685 3570 2757">
     <span class='ocr_line' id='line_1_75' title="bbox 1921 2685 3570 2757; baseline 0.001 -15"><span class='ocrx_word' id='word_1_602' title='bbox 1921 2691 2079 2743; x_wconf 89' lang='lat' dir='ltr'>runt.</span> <span class='ocrx_word' id='word_1_603' title='bbox 2122 2688 2193 2743; x_wconf 87' lang='lat' dir='ltr'>Et</span> <span class='ocrx_word' id='word_1_604' title='bbox 2224 2686 2335 2743; x_wconf 90' lang='lat' dir='ltr'>alio</span> <span class='ocrx_word' id='word_1_605' title='bbox 2370 2686 2496 2743; x_wconf 85' lang='lat' dir='ltr'>loco</span> <span class='ocrx_word' id='word_1_606' title='bbox 2526 2686 2610 2742; x_wconf 90' lang='lat' dir='ltr'>ait</span> <span class='ocrx_word' id='word_1_607' title='bbox 2642 2702 2655 2741; x_wconf 89' lang='lat'>:</span> <span class='ocrx_word' id='word_1_608' title='bbox 2688 2685 2919 2742; x_wconf 76' lang='lat' dir='ltr'>Attende</span> <span class='ocrx_word' id='word_1_609' title='bbox 2948 2686 3069 2757; x_wconf 84' lang='lat' dir='ltr'>tibi,</span> <span class='ocrx_word' id='word_1_610' title='bbox 3100 2701 3170 2742; x_wconf 88' lang='lat' dir='ltr'>ne</span> <span class='ocrx_word' id='word_1_611' title='bbox 3217 2685 3417 2743; x_wconf 84' lang='lat' dir='ltr'>vadens</span> <span class='ocrx_word' id='word_1_612' title='bbox 3459 2704 3570 2743; x_wconf 85' lang='lat' dir='ltr'>ser-</span> 
     </span>
    </p>
   </div>
   <div class='ocr_carea' id='block_1_75' title="bbox 1919 2776 3566 2848">
    <p class='ocr_par' dir='ltr' id='par_1_75' title="bbox 1919 2776 3566 2848">
     <span class='ocr_line' id='line_1_76' title="bbox 1919 2776 3566 2848; baseline -0.001 -15"><span class='ocrx_word' id='word_1_613' title='bbox 1919 2778 2036 2833; x_wconf 83' lang='lat' dir='ltr'>vias</span> <span class='ocrx_word' id='word_1_614' title='bbox 2064 2777 2175 2832; x_wconf 82' lang='lat' dir='ltr'>diis</span> <span class='ocrx_word' id='word_1_615' title='bbox 2205 2778 2355 2847; x_wconf 86' lang='lat' dir='ltr'>aliis,</span> <span class='ocrx_word' id='word_1_616' title='bbox 2385 2792 2516 2848; x_wconf 88' lang='lat' dir='ltr'>quos</span> <span class='ocrx_word' id='word_1_617' title='bbox 2542 2777 2936 2847; x_wconf 73' lang='lat' dir='ltr'>z’gnoraverunt</span> <span class='ocrx_word' id='word_1_618' title='bbox 2962 2778 3144 2847; x_wconf 84' lang='lat' dir='ltr'>patres</span> <span class='ocrx_word' id='word_1_619' title='bbox 3176 2777 3260 2830; x_wconf 84' lang='lat' dir='ltr'>tui</span> <span class='ocrx_word' id='word_1_620' title='bbox 3279 2776 3355 2847; x_wconf 71' lang='grc' dir='ltr'>(Γ)</span> <span class='ocrx_word' id='word_1_621' title='bbox 3386 2793 3406 2831; x_wconf 90' lang='lat'><strong><em>:</em></strong></span> <span class='ocrx_word' id='word_1_622' title='bbox 3436 2780 3566 2831; x_wconf 91' lang='lat' dir='ltr'>tan-</span> 
     </span>
    </p>
   </div>
   <div class='ocr_carea' id='block_1_76' title="bbox 1922 2863 3564 2938">
    <p class='ocr_par' dir='ltr' id='par_1_76' title="bbox 1922 2863 3564 2938">
     <span class='ocr_line' id='line_1_77' title="bbox 1922 2863 3564 2938; baseline -0.001 -17"><span class='ocrx_word' id='word_1_623' title='bbox 1922 2882 2099 2938; x_wconf 87' lang='lat' dir='ltr'>quam</span> <span class='ocrx_word' id='word_1_624' title='bbox 2122 2864 2217 2921; x_wconf 91' lang='lat' dir='ltr'>alii</span> <span class='ocrx_word' id='word_1_625' title='bbox 2241 2866 2321 2920; x_wconf 88' lang='lat' dir='ltr'>dii</span> <span class='ocrx_word' id='word_1_626' title='bbox 2343 2865 2482 2931; x_wconf 90' lang='lat' dir='ltr'>sint,</span> <span class='ocrx_word' id='word_1_627' title='bbox 2510 2881 2658 2938; x_wconf 90' lang='lat' dir='ltr'>quos</span> <span class='ocrx_word' id='word_1_628' title='bbox 2688 2864 2853 2937; x_wconf 88' lang='lat' dir='ltr'>sequi</span> <span class='ocrx_word' id='word_1_629' title='bbox 2871 2880 2986 2920; x_wconf 90' lang='lat' dir='ltr'>non</span> <span class='ocrx_word' id='word_1_630' title='bbox 3010 2863 3564 2937; x_wconf 90' lang='lat' dir='ltr'>debeant,loquitur.</span> 
     </span>
    </p>
   </div>
   <div class='ocr_carea' id='block_1_77' title="bbox 1921 2954 3567 3011">
    <p class='ocr_par' dir='ltr' id='par_1_77' title="bbox 1921 2954 3567 3011">
     <span class='ocr_line' id='line_1_78' title="bbox 1921 2954 3567 3011; baseline 0.001 -1"><span class='ocrx_word' id='word_1_631' title='bbox 1921 2959 1989 3010; x_wconf 89' lang='lat' dir='ltr'>Et</span> <span class='ocrx_word' id='word_1_632' title='bbox 2016 2954 2229 3009; x_wconf 91' lang='lat' dir='ltr'>iterum</span> <span class='ocrx_word' id='word_1_633' title='bbox 2264 2972 2276 3009; x_wconf 93' lang='lat'>:</span> <span class='ocrx_word' id='word_1_634' title='bbox 2308 2954 2542 3010; x_wconf 86' lang='lat' dir='ltr'>Nomina</span> <span class='ocrx_word' id='word_1_635' title='bbox 2569 2955 2799 3011; x_wconf 80' lang='lat' dir='ltr'>deorum</span> <span class='ocrx_word' id='word_1_636' title='bbox 2843 2954 3083 3009; x_wconf 84' lang='lat' dir='ltr'>aliorum</span> <span class='ocrx_word' id='word_1_637' title='bbox 3120 2970 3233 3010; x_wconf 85' lang='lat' dir='ltr'>non</span> <span class='ocrx_word' id='word_1_638' title='bbox 3276 2954 3567 3011; x_wconf 85' lang='lat' dir='ltr'>ascendent</span> 
     </span>
    </p>
   </div>
   <div class='ocr_carea' id='block_1_78' title="bbox 1922 3042 3564 3116">
    <p class='ocr_par' dir='ltr' id='par_1_78' title="bbox 1922 3042 3564 3116">
     <span class='ocr_line' id='line_1_79' title="bbox 1922 3042 3564 3116; baseline -0.001 -17"><span class='ocrx_word' id='word_1_639' title='bbox 1922 3045 1982 3099; x_wconf 86' lang='lat' dir='ltr'>in</span> <span class='ocrx_word' id='word_1_640' title='bbox 2030 3042 2181 3099; x_wconf 83' lang='lat' dir='ltr'>labia</span> <span class='ocrx_word' id='word_1_641' title='bbox 2226 3050 2320 3099; x_wconf 90' lang='lat' dir='ltr'>tua</span> <span class='ocrx_word' id='word_1_642' title='bbox 2374 3044 2471 3115; x_wconf 89' lang='lat' dir='ltr'>(g).</span> <span class='ocrx_word' id='word_1_643' title='bbox 2515 3043 2616 3099; x_wconf 87' lang='lat' dir='ltr'>Hic</span> <span class='ocrx_word' id='word_1_644' title='bbox 2666 3059 2899 3116; x_wconf 86' lang='lat' dir='ltr'>quoque</span> <span class='ocrx_word' id='word_1_645' title='bbox 2948 3042 3166 3098; x_wconf 86' lang='lat' dir='ltr'>multos</span> <span class='ocrx_word' id='word_1_646' title='bbox 3215 3043 3354 3099; x_wconf 90' lang='lat' dir='ltr'>deos</span> <span class='ocrx_word' id='word_1_647' title='bbox 3402 3042 3564 3113; x_wconf 90' lang='lat' dir='ltr'>dicit,</span> 
     </span>
    </p>
   </div>
   <div class='ocr_carea' id='block_1_79' title="bbox 1923 3131 3571 3205">
    <p class='ocr_par' dir='ltr' id='par_1_79' title="bbox 1923 3131 3571 3205">
     <span class='ocr_line' id='line_1_80' title="bbox 1923 3131 3571 3205; baseline 0.001 -18"><span class='ocrx_word' id='word_1_648' title='bbox 1923 3148 2173 3203; x_wconf 88' lang='lat' dir='ltr'>quorum</span> <span class='ocrx_word' id='word_1_649' title='bbox 2204 3148 2319 3187; x_wconf 92' lang='lat' dir='ltr'>non</span> <span class='ocrx_word' id='word_1_650' title='bbox 2344 3131 2467 3187; x_wconf 89' lang='lat' dir='ltr'>vult</span> <span class='ocrx_word' id='word_1_651' title='bbox 2488 3131 2731 3205; x_wconf 85' lang='lat' dir='ltr'>proferri</span> <span class='ocrx_word' id='word_1_652' title='bbox 2754 3132 3012 3187; x_wconf 86' lang='lat' dir='ltr'>nomina.</span> <span class='ocrx_word' id='word_1_653' title='bbox 3039 3131 3411 3204; x_wconf 85' lang='lat' dir='ltr'>Rursumque</span> <span class='ocrx_word' id='word_1_654' title='bbox 3432 3133 3571 3189; x_wconf 87' lang='lat' dir='ltr'>scri-</span> 
     </span>
    </p>
   </div>
   <div class='ocr_carea' id='block_1_80' title="bbox 1924 3221 3568 3294">
    <p class='ocr_par' dir='ltr' id='par_1_80' title="bbox 1924 3221 3568 3294">
     <span class='ocr_line' id='line_1_81' title="bbox 1924 3221 3568 3294; baseline 0.001 -18"><span class='ocrx_word' id='word_1_655' title='bbox 1924 3226 2088 3294; x_wconf 90' lang='lat' dir='ltr'>ptum</span> <span class='ocrx_word' id='word_1_656' title='bbox 2120 3226 2253 3277; x_wconf 91' lang='lat' dir='ltr'>est:</span> <span class='ocrx_word' id='word_1_657' title='bbox 2303 3222 2565 3276; x_wconf 84' lang='lat' dir='ltr'>Dominus</span> <span class='ocrx_word' id='word_1_658' title='bbox 2610 3222 2752 3276; x_wconf 84' lang='lat' dir='ltr'>Deus</span> <span class='ocrx_word' id='word_1_659' title='bbox 2799 3228 2924 3276; x_wconf 84' lang='lat' dir='ltr'>tuus</span> <span class='ocrx_word' id='word_1_660' title='bbox 2969 3221 3083 3292; x_wconf 82' lang='lat' dir='ltr'>ipse</span> <span class='ocrx_word' id='word_1_661' title='bbox 3127 3227 3206 3275; x_wconf 86' lang='lat' dir='ltr'>est</span> <span class='ocrx_word' id='word_1_662' title='bbox 3252 3221 3392 3276; x_wconf 84' lang='lat' dir='ltr'>Deus</span> <span class='ocrx_word' id='word_1_663' title='bbox 3435 3222 3568 3278; x_wconf 83' lang='lat' dir='ltr'>deo-</span> 
     </span>
    </p>
   </div>
   <div class='ocr_carea' id='block_1_81' title="bbox 1924 3308 3570 3383">
    <p class='ocr_par' dir='ltr' id='par_1_81' title="bbox 1924 3308 3570 3383">
     <span class='ocr_line' id='line_1_82' title="bbox 1924 3308 3570 3383; baseline 0.001 -17"><span class='ocrx_word' id='word_1_664' title='bbox 1924 3328 2050 3367; x_wconf 86' lang='lat' dir='ltr'>rum</span> <span class='ocrx_word' id='word_1_665' title='bbox 2078 3311 2177 3383; x_wconf 85' lang='lat' dir='ltr'>(h).</span> <span class='ocrx_word' id='word_1_666' title='bbox 2228 3310 2299 3366; x_wconf 86' lang='lat' dir='ltr'>Et</span> <span class='ocrx_word' id='word_1_667' title='bbox 2345 3310 2535 3366; x_wconf 87' lang='lat' dir='ltr'>adhuc</span> <span class='ocrx_word' id='word_1_668' title='bbox 2567 3328 2584 3363; x_wconf 93' lang='lat'><strong><em>:</em></strong></span> <span class='ocrx_word' id='word_1_669' title='bbox 2637 3311 2769 3377; x_wconf 84' lang='lat' dir='ltr'>Quis</span> <span class='ocrx_word' id='word_1_670' title='bbox 2812 3310 3017 3365; x_wconf 77' lang='lat' dir='ltr'>similis</span> <span class='ocrx_word' id='word_1_671' title='bbox 3061 3308 3185 3376; x_wconf 83' lang='lat' dir='ltr'>tibi,</span> <span class='ocrx_word' id='word_1_672' title='bbox 3234 3310 3475 3377; x_wconf 84' lang='lat' dir='ltr'>Domine,</span> <span class='ocrx_word' id='word_1_673' title='bbox 3504 3313 3570 3367; x_wconf 85' lang='lat' dir='ltr'>in</span> 
     </span>
    </p>
   </div>
   <div class='ocr_carea' id='block_1_82' title="bbox 1920 3397 3567 3471">
    <p class='ocr_par' dir='ltr' id='par_1_82' title="bbox 1920 3397 3567 3471">
     <span class='ocr_line' id='line_1_83' title="bbox 1920 3397 3567 3471; baseline -0.001 -15"><span class='ocrx_word' id='word_1_674' title='bbox 1920 3399 2030 3456; x_wconf 86' lang='lat' dir='ltr'>diis</span> <span class='ocrx_word' id='word_1_675' title='bbox 2059 3401 2145 3471; x_wconf 89' lang='lat' dir='ltr'>(i).</span> <span class='ocrx_word' id='word_1_676' title='bbox 2178 3400 2257 3454; x_wconf 92' lang='lat' dir='ltr'>Ac</span> <span class='ocrx_word' id='word_1_677' title='bbox 2288 3415 2495 3453; x_wconf 91' lang='lat' dir='ltr'>rursus</span> <span class='ocrx_word' id='word_1_678' title='bbox 2529 3414 2542 3453; x_wconf 93' lang='lat'>:</span> <span class='ocrx_word' id='word_1_679' title='bbox 2597 3399 2736 3453; x_wconf 88' lang='lat' dir='ltr'>Deus</span> <span class='ocrx_word' id='word_1_680' title='bbox 2765 3398 2987 3453; x_wconf 84' lang='lat' dir='ltr'>deorum</span> <span class='ocrx_word' id='word_1_681' title='bbox 3022 3398 3285 3453; x_wconf 89' lang='lat' dir='ltr'>Dominus</span> <span class='ocrx_word' id='word_1_682' title='bbox 3327 3397 3422 3471; x_wconf 84' lang='lat' dir='ltr'>(k).</span> <span class='ocrx_word' id='word_1_683' title='bbox 3456 3403 3567 3455; x_wconf 86' lang='lat' dir='ltr'>Ite-</span> 
     </span>
    </p>
   </div>
   <div class='ocr_carea' id='block_1_83' title="bbox 1922 3485 3568 3560">
    <p class='ocr_par' dir='ltr' id='par_1_83' title="bbox 1922 3485 3568 3560">
     <span class='ocr_line' id='line_1_84' title="bbox 1922 3485 3568 3560; baseline 0.001 -17"><span class='ocrx_word' id='word_1_684' title='bbox 1922 3504 2172 3560; x_wconf 91' lang='lat' dir='ltr'>rumque</span> <span class='ocrx_word' id='word_1_685' title='bbox 2204 3503 2218 3543; x_wconf 90' lang='lat'><strong>:</strong></span> <span class='ocrx_word' id='word_1_686' title='bbox 2250 3488 2390 3543; x_wconf 87' lang='lat' dir='ltr'>Deus</span> <span class='ocrx_word' id='word_1_687' title='bbox 2417 3489 2564 3543; x_wconf 87' lang='lat' dir='ltr'>stetit</span> <span class='ocrx_word' id='word_1_688' title='bbox 2594 3488 2659 3542; x_wconf 87' lang='lat' dir='ltr'>in</span> <span class='ocrx_word' id='word_1_689' title='bbox 2695 3502 2979 3558; x_wconf 76' lang='lat' dir='ltr'>synagoga</span> <span class='ocrx_word' id='word_1_690' title='bbox 3019 3485 3264 3552; x_wconf 85' lang='lat' dir='ltr'>deorum,</span> <span class='ocrx_word' id='word_1_691' title='bbox 3286 3489 3346 3544; x_wconf 85' lang='lat' dir='ltr'>in</span> <span class='ocrx_word' id='word_1_692' title='bbox 3393 3489 3568 3545; x_wconf 88' lang='lat' dir='ltr'>medio</span> 
     </span>
    </p>
   </div>
   <div class='ocr_carea' id='block_1_84' title="bbox 1920 3574 3564 3648">
    <p class='ocr_par' dir='ltr' id='par_1_84' title="bbox 1920 3574 3564 3648">
     <span class='ocr_line' id='line_1_85' title="bbox 1920 3574 3564 3648; baseline 0.001 -15"><span class='ocrx_word' id='word_1_693' title='bbox 1920 3581 2101 3633; x_wconf 86' lang='lat' dir='ltr'>autem</span> <span class='ocrx_word' id='word_1_694' title='bbox 2134 3576 2255 3632; x_wconf 85' lang='lat' dir='ltr'>deos</span> <span class='ocrx_word' id='word_1_695' title='bbox 2297 3575 2565 3648; x_wconf 84' lang='lat' dir='ltr'>dijudicat</span> <span class='ocrx_word' id='word_1_696' title='bbox 2593 3575 2676 3646; x_wconf 84' lang='grc' dir='ltr'>(ι).</span> <span class='ocrx_word' id='word_1_697' title='bbox 2712 3574 2874 3632; x_wconf 88' lang='lat' dir='ltr'>Unde</span> <span class='ocrx_word' id='word_1_698' title='bbox 2924 3574 3125 3643; x_wconf 89' lang='lat' dir='ltr'>miror,</span> <span class='ocrx_word' id='word_1_699' title='bbox 3155 3592 3273 3648; x_wconf 89' lang='lat' dir='ltr'>qua</span> <span class='ocrx_word' id='word_1_700' title='bbox 3320 3578 3564 3648; x_wconf 81' lang='lat' dir='ltr'>ratione,</span> 
     </span>
    </p>
   </div>
   <div class='ocr_carea' id='block_1_85' title="bbox 1920 3663 3569 3738">
    <p class='ocr_par' dir='ltr' id='par_1_85' title="bbox 1920 3663 3569 3738">
     <span class='ocr_line' id='line_1_86' title="bbox 1920 3663 3569 3738; baseline -0.001 -16"><span class='ocrx_word' id='word_1_701' title='bbox 1920 3670 2007 3722; x_wconf 89' lang='lat' dir='ltr'>tot</span> <span class='ocrx_word' id='word_1_702' title='bbox 2035 3665 2438 3738; x_wconf 88' lang='lat' dir='ltr'>Scriptuarum</span> <span class='ocrx_word' id='word_1_703' title='bbox 2473 3664 2715 3721; x_wconf 90' lang='lat' dir='ltr'>vocibus</span> <span class='ocrx_word' id='word_1_704' title='bbox 2745 3663 2964 3721; x_wconf 89' lang='lat' dir='ltr'>multos</span> <span class='ocrx_word' id='word_1_705' title='bbox 2993 3679 3122 3721; x_wconf 89' lang='lat' dir='ltr'>esse</span> <span class='ocrx_word' id='word_1_706' title='bbox 3144 3665 3283 3721; x_wconf 90' lang='lat' dir='ltr'>deos</span> <span class='ocrx_word' id='word_1_707' title='bbox 3304 3666 3569 3723; x_wconf 88' lang='lat' dir='ltr'>testanti-</span> 
     </span>
    </p>
   </div>
   <div class='ocr_carea' id='block_1_86' title="bbox 1922 3753 3566 3827">
    <p class='ocr_par' dir='ltr' id='par_1_86' title="bbox 1922 3753 3566 3827">
     <span class='ocr_line' id='line_1_87' title="bbox 1922 3753 3566 3827; baseline -0.001 -16"><span class='ocrx_word' id='word_1_708' title='bbox 1922 3755 2054 3827; x_wconf 90' lang='lat' dir='ltr'>bus,</span> <span class='ocrx_word' id='word_1_709' title='bbox 2084 3759 2147 3811; x_wconf 94' lang='lat' dir='ltr'>tu</span> <span class='ocrx_word' id='word_1_710' title='bbox 2182 3754 2564 3811; x_wconf 82' lang='lat' dir='ltr'>afﬁrmaveris</span> <span class='ocrx_word' id='word_1_711' title='bbox 2591 3770 2705 3810; x_wconf 91' lang='lat' dir='ltr'>non</span> <span class='ocrx_word' id='word_1_712' title='bbox 2751 3757 3016 3826; x_wconf 89' lang='lat' dir='ltr'>oportere</span> <span class='ocrx_word' id='word_1_713' title='bbox 3063 3769 3169 3809; x_wconf 92' lang='lat' dir='ltr'>nec</span> <span class='ocrx_word' id='word_1_714' title='bbox 3216 3753 3428 3823; x_wconf 91' lang='lat' dir='ltr'>dicere,</span> <span class='ocrx_word' id='word_1_715' title='bbox 3460 3770 3566 3810; x_wconf 93' lang='lat' dir='ltr'>nec</span> 
     </span>
    </p>
   </div>
   <div class='ocr_carea' id='block_1_87' title="bbox 1920 3842 3566 3916">
    <p class='ocr_par' dir='ltr' id='par_1_87' title="bbox 1920 3842 3566 3916">
     <span class='ocr_line' id='line_1_88' title="bbox 1920 3842 3566 3916; baseline 0.001 -17"><span class='ocrx_word' id='word_1_716' title='bbox 1920 3858 2049 3899; x_wconf 88' lang='lat' dir='ltr'>esse</span> <span class='ocrx_word' id='word_1_717' title='bbox 2077 3843 2431 3900; x_wconf 83' lang='lat' dir='ltr'>existimare.</span> <span class='ocrx_word' id='word_1_718' title='bbox 2465 3842 2545 3900; x_wconf 93' lang='lat' dir='ltr'>De</span> <span class='ocrx_word' id='word_1_719' title='bbox 2575 3842 2822 3915; x_wconf 89' lang='lat' dir='ltr'>reliquo,</span> <span class='ocrx_word' id='word_1_720' title='bbox 2853 3842 2903 3899; x_wconf 89' lang='lat' dir='ltr'>si</span> <span class='ocrx_word' id='word_1_721' title='bbox 2928 3843 3069 3916; x_wconf 90' lang='lat' dir='ltr'>quid</span> <span class='ocrx_word' id='word_1_722' title='bbox 3104 3843 3383 3900; x_wconf 89' lang='lat' dir='ltr'>adversus</span> <span class='ocrx_word' id='word_1_723' title='bbox 3412 3842 3566 3900; x_wconf 81' lang='lat' dir='ltr'>clare</span> 
     </span>
    </p>
   </div>
   <div class='ocr_carea' id='block_1_88' title="bbox 1919 3931 3358 4005">
    <p class='ocr_par' dir='ltr' id='par_1_88' title="bbox 1919 3931 3358 4005">
     <span class='ocr_line' id='line_1_89' title="bbox 1919 3931 3358 4005; baseline 0 -17"><span class='ocrx_word' id='word_1_724' title='bbox 1919 3932 2076 3989; x_wconf 88' lang='lat' dir='ltr'>dicta</span> <span class='ocrx_word' id='word_1_725' title='bbox 2106 3932 2286 3990; x_wconf 87' lang='lat' dir='ltr'>habes</span> <span class='ocrx_word' id='word_1_726' title='bbox 2317 3932 2502 4001; x_wconf 76' lang='lat' dir='ltr'>effari,</span> <span class='ocrx_word' id='word_1_727' title='bbox 2533 3948 2730 3990; x_wconf 90' lang='lat' dir='ltr'>coram</span> <span class='ocrx_word' id='word_1_728' title='bbox 2760 3932 3037 3989; x_wconf 89' lang='lat' dir='ltr'>omnibus</span> <span class='ocrx_word' id='word_1_729' title='bbox 3066 3931 3358 4005; x_wconf 91' lang='lat' dir='ltr'>eloquere.</span> 
     </span>
    </p>
   </div>
   <div class='ocr_carea' id='block_1_89' title="bbox 1987 4110 3564 4185">
    <p class='ocr_par' dir='ltr' id='par_1_89' title="bbox 1987 4110 3564 4185">
     <span class='ocr_line' id='line_1_90' title="bbox 1987 4110 3564 4185; baseline 0.002 -20"><span class='ocrx_word' id='word_1_730' title='bbox 1987 4110 2111 4168; x_wconf 90' lang='lat' dir='ltr'><strong>VII.</strong></span> <span class='ocrx_word' id='word_1_731' title='bbox 2149 4110 2471 4183; x_wconf 86' lang='lat' dir='ltr'>Respondit</span> <span class='ocrx_word' id='word_1_732' title='bbox 2500 4111 2708 4168; x_wconf 88' lang='lat' dir='ltr'>Petrus</span> <span class='ocrx_word' id='word_1_733' title='bbox 2740 4127 2755 4168; x_wconf 94' lang='lat'><strong>:</strong></span> <span class='ocrx_word' id='word_1_734' title='bbox 2787 4110 3043 4167; x_wconf 90' lang='lat' dir='ltr'>Breviter</span> <span class='ocrx_word' id='word_1_735' title='bbox 3071 4110 3207 4168; x_wconf 91' lang='lat' dir='ltr'>audi</span> <span class='ocrx_word' id='word_1_736' title='bbox 3238 4112 3310 4168; x_wconf 90' lang='lat' dir='ltr'>ad</span> <span class='ocrx_word' id='word_1_737' title='bbox 3341 4128 3408 4168; x_wconf 83' lang='lat' dir='ltr'>ea</span> <span class='ocrx_word' id='word_1_738' title='bbox 3437 4128 3564 4185; x_wconf 70' lang='lat' dir='ltr'>quae</span> 
     </span>
    </p>
   </div>
   <div class='ocr_carea' id='block_1_90' title="bbox 1919 4199 3564 4272">
    <p class='ocr_par' dir='ltr' id='par_1_90' title="bbox 1919 4199 3564 4272">
     <span class='ocr_line' id='line_1_91' title="bbox 1919 4199 3564 4272; baseline 0.001 -16"><span class='ocrx_word' id='word_1_739' title='bbox 1919 4200 2233 4271; x_wconf 87' lang='lat' dir='ltr'>objecisti:</span> <span class='ocrx_word' id='word_1_740' title='bbox 2283 4200 2501 4256; x_wconf 87' lang='lat' dir='ltr'>Eadem</span> <span class='ocrx_word' id='word_1_741' title='bbox 2548 4199 2661 4269; x_wconf 85' lang='lat' dir='ltr'>lex,</span> <span class='ocrx_word' id='word_1_742' title='bbox 2696 4216 2825 4272; x_wconf 74' lang='lat' dir='ltr'>quas</span> <span class='ocrx_word' id='word_1_743' title='bbox 2875 4216 3027 4272; x_wconf 84' lang='lat' dir='ltr'>saepe</span> <span class='ocrx_word' id='word_1_744' title='bbox 3083 4201 3224 4257; x_wconf 89' lang='lat' dir='ltr'>deos</span> <span class='ocrx_word' id='word_1_745' title='bbox 3278 4200 3564 4270; x_wconf 87' lang='lat' dir='ltr'>nominat,</span> 
     </span>
    </p>
   </div>
   <div class='ocr_carea' id='block_1_91' title="bbox 1918 4288 3570 4362">
    <p class='ocr_par' dir='ltr' id='par_1_91' title="bbox 1918 4288 3570 4362">
     <span class='ocr_line' id='line_1_92' title="bbox 1918 4288 3570 4362; baseline 0.001 -18"><span class='ocrx_word' id='word_1_746' title='bbox 1918 4289 2047 4361; x_wconf 86' lang='lat' dir='ltr'>ipsa</span> <span class='ocrx_word' id='word_1_747' title='bbox 2074 4288 2319 4345; x_wconf 87' lang='lat' dir='ltr'>Judaico</span> <span class='ocrx_word' id='word_1_748' title='bbox 2365 4289 2579 4362; x_wconf 91' lang='lat' dir='ltr'>populo</span> <span class='ocrx_word' id='word_1_749' title='bbox 2629 4289 2753 4345; x_wconf 83' lang='lat' dir='ltr'>ait:</span> <span class='ocrx_word' id='word_1_750' title='bbox 2806 4290 2910 4356; x_wconf 84' lang='lat' dir='ltr'>En,</span> <span class='ocrx_word' id='word_1_751' title='bbox 2946 4291 3174 4346; x_wconf 87' lang='lat' dir='ltr'>Domini</span> <span class='ocrx_word' id='word_1_752' title='bbox 3219 4291 3316 4346; x_wconf 85' lang='lat' dir='ltr'>Dei</span> <span class='ocrx_word' id='word_1_753' title='bbox 3359 4292 3443 4346; x_wconf 85' lang='lat' dir='ltr'>tui</span> <span class='ocrx_word' id='word_1_754' title='bbox 3491 4296 3570 4346; x_wconf 85' lang='lat' dir='ltr'>est</span> 
     </span>
    </p>
   </div>
   <div class='ocr_carea' id='block_1_92' title="bbox 1916 4378 3570 4451">
    <p class='ocr_par' dir='ltr' id='par_1_92' title="bbox 1916 4378 3570 4451">
     <span class='ocr_line' id='line_1_93' title="bbox 1916 4378 3570 4451; baseline 0.002 -19"><span class='ocrx_word' id='word_1_755' title='bbox 1916 4378 2110 4433; x_wconf 64' lang='lat' dir='ltr'>caelum</span> <span class='ocrx_word' id='word_1_756' title='bbox 2138 4378 2282 4445; x_wconf 67' lang='lat' dir='ltr'>casti,</span> <span class='ocrx_word' id='word_1_757' title='bbox 2308 4385 2363 4433; x_wconf 83' lang='lat' dir='ltr'>et</span> <span class='ocrx_word' id='word_1_758' title='bbox 2388 4378 2573 4433; x_wconf 87' lang='lat' dir='ltr'>omnia</span> <span class='ocrx_word' id='word_1_759' title='bbox 2588 4392 2713 4450; x_wconf 54' lang='lat' dir='ltr'>qua</span> <span class='ocrx_word' id='word_1_760' title='bbox 2741 4378 2803 4433; x_wconf 88' lang='lat' dir='ltr'>in</span> <span class='ocrx_word' id='word_1_761' title='bbox 2830 4379 2910 4433; x_wconf 86' lang='lat' dir='ltr'>eis</span> <span class='ocrx_word' id='word_1_762' title='bbox 2937 4387 3065 4435; x_wconf 86' lang='lat' dir='ltr'>sunt</span> <span class='ocrx_word' id='word_1_763' title='bbox 3096 4379 3215 4451; x_wconf 77' lang='grc' dir='ltr'>(ιη),</span> <span class='ocrx_word' id='word_1_764' title='bbox 3239 4381 3385 4435; x_wconf 89' lang='lat' dir='ltr'>dans</span> <span class='ocrx_word' id='word_1_765' title='bbox 3416 4396 3570 4435; x_wconf 90' lang='lat' dir='ltr'>com-</span> 
     </span>
    </p>
   </div>
   <div class='ocr_carea' id='block_1_93' title="bbox 1918 4466 3567 4539">
    <p class='ocr_par' dir='ltr' id='par_1_93' title="bbox 1918 4466 3567 4539">
     <span class='ocr_line' id='line_1_94' title="bbox 1918 4466 3567 4539; baseline 0.001 -18"><span class='ocrx_word' id='word_1_766' title='bbox 1918 4466 2297 4538; x_wconf 90' lang='lat' dir='ltr'>prehendere,</span> <span class='ocrx_word' id='word_1_767' title='bbox 2328 4467 2483 4539; x_wconf 91' lang='lat' dir='ltr'>quod</span> <span class='ocrx_word' id='word_1_768' title='bbox 2517 4467 2650 4523; x_wconf 91' lang='lat' dir='ltr'>licet</span> <span class='ocrx_word' id='word_1_769' title='bbox 2681 4466 2757 4522; x_wconf 88' lang='lat' dir='ltr'>dii</span> <span class='ocrx_word' id='word_1_770' title='bbox 2793 4467 3065 4535; x_wconf 83' lang='lat' dir='ltr'>existant,</span> <span class='ocrx_word' id='word_1_771' title='bbox 3099 4468 3209 4524; x_wconf 90' lang='lat' dir='ltr'>sub</span> <span class='ocrx_word' id='word_1_772' title='bbox 3240 4485 3306 4525; x_wconf 92' lang='lat' dir='ltr'>eo</span> <span class='ocrx_word' id='word_1_773' title='bbox 3338 4468 3567 4539; x_wconf 90' lang='lat' dir='ltr'>sunt,id</span> 
     </span>
    </p>
   </div>
   <div class='ocr_carea' id='block_1_94' title="bbox 1915 4554 3567 4626">
    <p class='ocr_par' dir='ltr' id='par_1_94' title="bbox 1915 4554 3567 4626">
     <span class='ocr_line' id='line_1_95' title="bbox 1915 4554 3567 4626; baseline 0.001 -17"><span class='ocrx_word' id='word_1_774' title='bbox 1915 4558 2024 4622; x_wconf 90' lang='lat' dir='ltr'>est,</span> <span class='ocrx_word' id='word_1_775' title='bbox 2059 4554 2171 4610; x_wconf 90' lang='lat' dir='ltr'>sub</span> <span class='ocrx_word' id='word_1_776' title='bbox 2202 4554 2318 4611; x_wconf 92' lang='lat' dir='ltr'>Deo</span> <span class='ocrx_word' id='word_1_777' title='bbox 2347 4555 2709 4611; x_wconf 74' lang='lat' dir='ltr'>Judaeorum.</span> <span class='ocrx_word' id='word_1_778' title='bbox 2742 4557 2811 4611; x_wconf 84' lang='lat' dir='ltr'>Et</span> <span class='ocrx_word' id='word_1_779' title='bbox 2840 4556 3052 4612; x_wconf 87' lang='lat' dir='ltr'>iterum</span> <span class='ocrx_word' id='word_1_780' title='bbox 3086 4573 3100 4613; x_wconf 91' lang='lat'><strong>:</strong></span> <span class='ocrx_word' id='word_1_781' title='bbox 3136 4556 3277 4626; x_wconf 84' lang='lat' dir='ltr'>Quia</span> <span class='ocrx_word' id='word_1_782' title='bbox 3305 4557 3567 4614; x_wconf 86' lang='lat' dir='ltr'>Dominus</span> 
     </span>
    </p>
   </div>
   <div class='ocr_carea' id='block_1_95' title="bbox 193 4636 1811 4731">
    <p class='ocr_par' dir='ltr' id='par_1_95' title="bbox 193 4636 1804 4719">
     <span class='ocr_line' id='line_1_96' title="bbox 193 4636 1804 4719; baseline 0.003 -24"><span class='ocrx_word' id='word_1_783' title='bbox 193 4636 333 4698; x_wconf 71' lang='grc' dir='ltr'>δαίων</span> <span class='ocrx_word' id='word_1_784' title='bbox 377 4644 524 4701; x_wconf 79' lang='grc' dir='ltr'>Θεόνο</span> <span class='ocrx_word' id='word_1_785' title='bbox 588 4643 690 4703; x_wconf 82' lang='grc' dir='ltr'>Καὶ</span> <span class='ocrx_word' id='word_1_786' title='bbox 738 4641 945 4699; x_wconf 83' lang='grc' dir='ltr'>πάλιν·</span> <span class='ocrx_word' id='word_1_787' title='bbox 1002 4644 1119 4698; x_wconf 82' lang='grc' dir='ltr'>’Ότι</span> <span class='ocrx_word' id='word_1_788' title='bbox 1155 4642 1352 4719; x_wconf 88' lang='grc' dir='ltr'>Κόριος</span> <span class='ocrx_word' id='word_1_789' title='bbox 1408 4644 1436 4699; x_wconf 91' lang='grc' dir='ltr'>ὁ</span> <span class='ocrx_word' id='word_1_790' title='bbox 1492 4642 1619 4706; x_wconf 88' lang='grc' dir='ltr'>Θεός</span> <span class='ocrx_word' id='word_1_791' title='bbox 1686 4664 1804 4714; x_wconf 87' lang='grc' dir='ltr'>σου,</span> 
     </span>
    </p>
   </div>
   <div class='ocr_carea' id='block_1_96' title="bbox 1924 4636 3567 4731">
    <p class='ocr_par' dir='ltr' id='par_1_96' title="bbox 1924 4643 3567 4716">
     <span class='ocr_line' id='line_1_97' title="bbox 1924 4643 3567 4716; baseline 0.001 -17"><span class='ocrx_word' id='word_1_792' title='bbox 1924 4644 2054 4700; x_wconf 89' lang='lat' dir='ltr'>Deus</span> <span class='ocrx_word' id='word_1_793' title='bbox 2084 4648 2211 4699; x_wconf 89' lang='lat' dir='ltr'>tuus</span> <span class='ocrx_word' id='word_1_794' title='bbox 2250 4643 2365 4716; x_wconf 85' lang='lat' dir='ltr'>ipse</span> <span class='ocrx_word' id='word_1_795' title='bbox 2391 4648 2469 4700; x_wconf 88' lang='lat' dir='ltr'>est</span> <span class='ocrx_word' id='word_1_796' title='bbox 2494 4646 2635 4700; x_wconf 87' lang='lat' dir='ltr'>Deus</span> <span class='ocrx_word' id='word_1_797' title='bbox 2687 4646 2747 4701; x_wconf 86' lang='lat' dir='ltr'>in</span> <span class='ocrx_word' id='word_1_798' title='bbox 2792 4645 2921 4702; x_wconf 61' lang='lat' dir='ltr'>creto</span> <span class='ocrx_word' id='word_1_799' title='bbox 2965 4662 3191 4702; x_wconf 86' lang='lat' dir='ltr'>sursum</span> <span class='ocrx_word' id='word_1_800' title='bbox 3218 4651 3277 4701; x_wconf 82' lang='lat' dir='ltr'>et</span> <span class='ocrx_word' id='word_1_801' title='bbox 3318 4648 3381 4701; x_wconf 86' lang='lat' dir='ltr'>in</span> <span class='ocrx_word' id='word_1_802' title='bbox 3418 4652 3567 4702; x_wconf 85' lang='lat' dir='ltr'>terra</span> 
     </span>
    </p>
   </div>
   <div class='ocr_carea' id='block_1_97' title="bbox 348 4858 694 4927">
    <p class='ocr_par' dir='ltr' id='par_1_97' title="bbox 348 4858 694 4927">
     <span class='ocr_line' id='line_1_98' title="bbox 348 4858 694 4927; baseline -0.009 -11"><span class='ocrx_word' id='word_1_803' title='bbox 348 4860 483 4916; x_wconf 89' lang='lat' dir='ltr'>Gen.</span> <span class='ocrx_word' id='word_1_804' title='bbox 517 4874 608 4927; x_wconf 85' lang='grc' dir='ltr'>ιιι,</span> <span class='ocrx_word' id='word_1_805' title='bbox 638 4858 694 4914; x_wconf 88' lang='lat'>5.</span> 
     </span>
    </p>
   </div>
   <div class='ocr_carea' id='block_1_98' title="bbox 273 4928 815 4987">
    <p class='ocr_par' dir='ltr' id='par_1_98' title="bbox 273 4928 815 4987">
     <span class='ocr_line' id='line_1_99' title="bbox 273 4928 815 4987; baseline 0 -2"><span class='ocrx_word' id='word_1_806' title='bbox 273 4928 317 4987; x_wconf 81' lang='lat' dir='ltr'>cl</span> <span class='ocrx_word' id='word_1_807' title='bbox 344 4931 519 4987; x_wconf 83' lang='lat' dir='ltr'>Exod.</span> <span class='ocrx_word' id='word_1_808' title='bbox 552 4946 691 4987; x_wconf 67' lang='grc' dir='ltr'>χχιι.</span> <span class='ocrx_word' id='word_1_809' title='bbox 722 4928 815 4985; x_wconf 84' lang='grc'>28.</span> 
     </span>
    </p>
   </div>
   <div class='ocr_carea' id='block_1_99' title="bbox 253 4973 745 5071">
    <p class='ocr_par' dir='ltr' id='par_1_99' title="bbox 253 4973 745 5071">
     <span class='ocr_line' id='line_1_100' title="bbox 253 4973 745 5071; baseline -0.004 -13"><span class='ocrx_word' id='word_1_810' title='bbox 253 4973 324 5071; x_wconf 64' lang='grc' dir='ltr'>ὲᾶὂ</span> <span class='ocrx_word' id='word_1_811' title='bbox 344 4973 519 5058; x_wconf 68' lang='grc' dir='ltr'><strong>’15ὶῖιῖ</strong></span> <span class='ocrx_word' id='word_1_812' title='bbox 550 4973 745 5071; x_wconf 61' lang='grc' dir='ltr'>ιῖέιῖ</span> 
     </span>
    </p>
   </div>
   <div class='ocr_carea' id='block_1_100' title="bbox 254 5074 671 5140">
    <p class='ocr_par' dir='ltr' id='par_1_100' title="bbox 254 5074 671 5140">
     <span class='ocr_line' id='line_1_101' title="bbox 254 5074 671 5140; baseline 0.002 -13"><span class='ocrx_word' id='word_1_813' title='bbox 254 5074 316 5140; x_wconf 86' lang='lat' dir='ltr'>(e)</span> <span class='ocrx_word' id='word_1_814' title='bbox 344 5074 457 5130; x_wconf 86' lang='lat' dir='ltr'>Jer.</span> <span class='ocrx_word' id='word_1_815' title='bbox 489 5090 551 5138; x_wconf 84' lang='lat' dir='ltr'>x,</span> <span class='ocrx_word' id='word_1_816' title='bbox 583 5074 671 5129; x_wconf 93' lang='grc'>11.</span> 
     </span>
    </p>
   </div>
   <div class='ocr_carea' id='block_1_101' title="bbox 342 5144 750 5216">
    <p class='ocr_par' dir='ltr' id='par_1_101' title="bbox 342 5144 750 5216">
     <span class='ocr_line' id='line_1_102' title="bbox 342 5144 750 5216; baseline -0.002 -15"><span class='ocrx_word' id='word_1_817' title='bbox 342 5148 503 5203; x_wconf 83' lang='lat' dir='ltr'>Deut.</span> <span class='ocrx_word' id='word_1_818' title='bbox 537 5160 663 5216; x_wconf 83' lang='lat' dir='ltr'>xm,</span> <span class='ocrx_word' id='word_1_819' title='bbox 692 5144 750 5201; x_wconf 88' lang='grc'><strong>6.</strong></span> 
     </span>
    </p>
   </div>
   <div class='ocr_carea' id='block_1_102' title="bbox 250 4786 729 5056">
    <p class='ocr_par' dir='ltr' id='par_1_102' title="bbox 250 4786 729 5001">
     <span class='ocr_line' id='line_1_103' title="bbox 250 4786 729 4859; baseline 0.002 -16"><span class='ocrx_word' id='word_1_820' title='bbox 250 4787 298 4855; x_wconf 82' lang='grc' dir='ltr'>(α</span> <span class='ocrx_word' id='word_1_821' title='bbox 344 4788 479 4845; x_wconf 87' lang='lat' dir='ltr'>Gen.</span> <span class='ocrx_word' id='word_1_822' title='bbox 513 4802 603 4859; x_wconf 88' lang='grc' dir='ltr'>ιιι,</span> <span class='ocrx_word' id='word_1_823' title='bbox 635 4786 729 4844; x_wconf 86' lang='grc'>22.</span> 
     </span>
     <span class='ocr_line' id='line_1_104' title="bbox 252 4858 694 5001; baseline -0.002 -87"><span class='ocrx_word' id='word_1_824' title='bbox 252 4859 299 5001; x_wconf 47' lang='grc' dir='ltr'>γὸ</span> <span class='ocrx_word' id='word_1_825' title='bbox 348 4860 483 4916; x_wconf 89' lang='lat' dir='ltr'>Gen.</span> <span class='ocrx_word' id='word_1_826' title='bbox 517 4874 608 4927; x_wconf 85' lang='grc' dir='ltr'>ιιι,</span> <span class='ocrx_word' id='word_1_827' title='bbox 638 4858 694 4914; x_wconf 88' lang='lat'>5.</span> 
     </span>
    </p>

    <p class='ocr_par' dir='ltr' id='par_1_103' title="bbox 253 4931 729 5056">
     <span class='ocr_line' id='line_1_105' title="bbox 273 4931 729 4987; baseline -0.002 -3"><span class='ocrx_word' id='word_1_828' title='bbox 273 4947 298 4984; x_wconf 90' lang='lat' dir='ltr'>c</span> <span class='ocrx_word' id='word_1_829' title='bbox 344 4931 519 4987; x_wconf 83' lang='lat' dir='ltr'>Exod.</span> <span class='ocrx_word' id='word_1_830' title='bbox 552 4946 670 4985; x_wconf 77' lang='lat' dir='ltr'><strong>XXII</strong></span> <span class='ocrx_word' id='word_1_831' title='bbox 722 4931 729 4983; x_wconf 76' lang='lat'><strong>1</strong></span> 
     </span>
     <span class='ocr_line' id='line_1_106' title="bbox 253 4973 725 5056; baseline 0 0"><span class='ocrx_word' id='word_1_832' title='bbox 253 5004 270 5056; x_wconf 84' lang='lat'><strong><em>(</em></strong></span> <span class='ocrx_word' id='word_1_833' title='bbox 310 5002 324 5056; x_wconf 76' lang='lat' dir='ltr'>l</span> <span class='ocrx_word' id='word_1_834' title='bbox 350 5002 514 5056; x_wconf 87' lang='lat' dir='ltr'>Deut.</span> <span class='ocrx_word' id='word_1_835' title='bbox 550 5017 628 5056; x_wconf 85' lang='lat' dir='ltr'>Iv.</span> <span class='ocrx_word' id='word_1_836' title='bbox 654 4973 725 5056; x_wconf 64' lang='grc' dir='ltr'>έιι</span> 
     </span>
    </p>
   </div>
   <div class='ocr_carea' id='block_1_103' title="bbox 1991 4786 2887 4860">
    <p class='ocr_par' dir='ltr' id='par_1_104' title="bbox 1991 4786 2887 4860">
     <span class='ocr_line' id='line_1_107' title="bbox 1991 4786 2887 4860; baseline -0.016 -15"><span class='ocrx_word' id='word_1_837' title='bbox 1991 4787 2068 4859; x_wconf 89' lang='lat' dir='ltr'>(g)</span> <span class='ocrx_word' id='word_1_838' title='bbox 2097 4786 2220 4860; x_wconf 53' lang='grc' dir='ltr'>ξοδ.</span> <span class='ocrx_word' id='word_1_839' title='bbox 2253 4802 2416 4860; x_wconf 80' lang='lat' dir='ltr'>mu,</span> <span class='ocrx_word' id='word_1_840' title='bbox 2446 4786 2502 4858; x_wconf 88' lang='lat'>7,</span> <span class='ocrx_word' id='word_1_841' title='bbox 2534 4787 2690 4860; x_wconf 81' lang='lat' dir='ltr'>apud</span> <span class='ocrx_word' id='word_1_842' title='bbox 2724 4786 2887 4845; x_wconf 69' lang='lat' dir='ltr'>Lxx,</span> 
     </span>
    </p>
   </div>
   <div class='ocr_carea' id='block_1_104' title="bbox 1994 4858 2480 4927">
    <p class='ocr_par' dir='ltr' id='par_1_105' title="bbox 1994 4858 2480 4927">
     <span class='ocr_line' id='line_1_108' title="bbox 1994 4858 2480 4927; baseline 0.002 -15"><span class='ocrx_word' id='word_1_843' title='bbox 1994 4858 2072 4927; x_wconf 67' lang='grc' dir='ltr'>(ἢ)</span> <span class='ocrx_word' id='word_1_844' title='bbox 2103 4858 2270 4914; x_wconf 91' lang='lat' dir='ltr'>Deut.</span> <span class='ocrx_word' id='word_1_845' title='bbox 2301 4874 2359 4925; x_wconf 88' lang='lat' dir='ltr'>x,</span> <span class='ocrx_word' id='word_1_846' title='bbox 2393 4859 2480 4913; x_wconf 91' lang='grc'>17.</span> 
     </span>
    </p>
   </div>
   <div class='ocr_carea' id='block_1_105' title="bbox 2016 4928 2569 5001">
    <p class='ocr_par' dir='ltr' id='par_1_106' title="bbox 2016 4928 2569 5001">
     <span class='ocr_line' id='line_1_109' title="bbox 2016 4928 2569 5001; baseline 0 -16"><span class='ocrx_word' id='word_1_847' title='bbox 2016 4930 2058 5001; x_wconf 83' lang='lat' dir='ltr'>i)</span> <span class='ocrx_word' id='word_1_848' title='bbox 2088 4928 2243 5001; x_wconf 65' lang='lat' dir='ltr'>Psal.</span> <span class='ocrx_word' id='word_1_849' title='bbox 2279 4945 2483 4999; x_wconf 79' lang='lat' dir='ltr'>Lxxxv,</span> <span class='ocrx_word' id='word_1_850' title='bbox 2515 4930 2569 4985; x_wconf 92' lang='lat'>8.</span> 
     </span>
    </p>
   </div>
   <div class='ocr_carea' id='block_1_106' title="bbox 2012 4999 2549 5142">
    <p class='ocr_par' dir='ltr' id='par_1_107' title="bbox 2012 4999 2549 5142">
     <span class='ocr_line' id='line_1_110' title="bbox 2012 4999 2518 5072; baseline 0 -17"><span class='ocrx_word' id='word_1_851' title='bbox 2012 4999 2066 5071; x_wconf 74' lang='lat' dir='ltr'>lt)</span> <span class='ocrx_word' id='word_1_852' title='bbox 2094 4999 2250 5056; x_wconf 88' lang='lat' dir='ltr'>Psal.</span> <span class='ocrx_word' id='word_1_853' title='bbox 2280 5016 2431 5072; x_wconf 77' lang='lat' dir='ltr'><strong>XLIX,</strong></span> <span class='ocrx_word' id='word_1_854' title='bbox 2467 5002 2518 5056; x_wconf 96' lang='grc'>1.</span> 
     </span>
     <span class='ocr_line' id='line_1_111' title="bbox 2014 5070 2549 5142; baseline -0.002 -15"><span class='ocrx_word' id='word_1_855' title='bbox 2014 5072 2057 5142; x_wconf 83' lang='grc' dir='ltr'>ι)</span> <span class='ocrx_word' id='word_1_856' title='bbox 2087 5070 2240 5128; x_wconf 86' lang='lat' dir='ltr'>Psal.</span> <span class='ocrx_word' id='word_1_857' title='bbox 2277 5088 2465 5139; x_wconf 58' lang='grc' dir='ltr'>ωλι,</span> <span class='ocrx_word' id='word_1_858' title='bbox 2499 5073 2549 5128; x_wconf 94' lang='grc'>1.</span> 
     </span>
    </p>
   </div>
   <div class='ocr_carea' id='block_1_107' title="bbox 2010 5142 2496 5216">
    <p class='ocr_par' dir='ltr' id='par_1_108' title="bbox 2010 5142 2496 5216">
     <span class='ocr_line' id='line_1_112' title="bbox 2010 5142 2496 5216; baseline 0.002 -18"><span class='ocrx_word' id='word_1_859' title='bbox 2010 5146 2092 5214; x_wconf 90' lang='lat' dir='ltr'>m)</span> <span class='ocrx_word' id='word_1_860' title='bbox 2119 5142 2284 5201; x_wconf 85' lang='lat' dir='ltr'>Deut.</span> <span class='ocrx_word' id='word_1_861' title='bbox 2318 5160 2377 5216; x_wconf 72' lang='grc' dir='ltr'>χ,</span> <span class='ocrx_word' id='word_1_862' title='bbox 2409 5143 2496 5199; x_wconf 80' lang='grc'><strong>14.</strong></span> 
     </span>
    </p>
   </div>
   <div class='ocr_carea' id='block_1_108' title="bbox 1510 5274 2205 5335">
    <p class='ocr_par' dir='ltr' id='par_1_109' title="bbox 1510 5274 2205 5335">
     <span class='ocr_line' id='line_1_113' title="bbox 1510 5274 2205 5335; baseline 0.003 -2"><span class='ocrx_word' id='word_1_863' title='bbox 1510 5275 1753 5333; x_wconf 72' lang='lat' dir='ltr'>VARUE</span> <span class='ocrx_word' id='word_1_864' title='bbox 1791 5274 2205 5335; x_wconf 87' lang='lat' dir='ltr'>LECTIONES.</span> 
     </span>
    </p>
   </div>
   <div class='ocr_carea' id='block_1_109' title="bbox 255 5388 838 5463">
    <p class='ocr_par' dir='ltr' id='par_1_110' title="bbox 255 5388 838 5463">
     <span class='ocr_line' id='line_1_114' title="bbox 255 5388 838 5463; baseline -0.014 -11"><span class='ocrx_word' id='word_1_865' title='bbox 255 5393 316 5430; x_wconf 82' lang='grc'>¹⁰⁰</span> <span class='ocrx_word' id='word_1_866' title='bbox 337 5398 440 5451; x_wconf 85' lang='lat' dir='ltr'>Pro</span> <span class='ocrx_word' id='word_1_867' title='bbox 466 5393 603 5452; x_wconf 87' lang='lat' dir='ltr'>vbb.</span> <span class='ocrx_word' id='word_1_868' title='bbox 636 5388 727 5446; x_wconf 81' lang='grc' dir='ltr'>καὶ</span> <span class='ocrx_word' id='word_1_869' title='bbox 762 5390 838 5463; x_wconf 84' lang='grc' dir='ltr'>μὴ</span> 
     </span>
    </p>
   </div>
   <div class='ocr_carea' id='block_1_110' title="bbox 202 5532 1641 5608">
    <p class='ocr_par' dir='ltr' id='par_1_111' title="bbox 202 5532 1641 5608">
     <span class='ocr_line' id='line_1_115' title="bbox 202 5532 1641 5608; baseline 0 -17"><span class='ocrx_word' id='word_1_870' title='bbox 202 5536 372 5595; x_wconf 83' lang='lat' dir='ltr'>addidi</span> <span class='ocrx_word' id='word_1_871' title='bbox 402 5539 546 5608; x_wconf 76' lang='lat' dir='ltr'>c._0.</span> <span class='ocrx_word' id='word_1_872' title='bbox 626 5539 648 5573; x_wconf 80' lang='grc'>³</span> <span class='ocrx_word' id='word_1_873' title='bbox 677 5532 717 5608; x_wconf 70' lang='grc' dir='ltr'>ᾖ</span> <span class='ocrx_word' id='word_1_874' title='bbox 747 5538 909 5608; x_wconf 86' lang='lat' dir='ltr'>0,_D.</span> <span class='ocrx_word' id='word_1_875' title='bbox 943 5534 979 5603; x_wconf 74' lang='grc' dir='ltr'><strong>ἢ</strong></span> <span class='ocrx_word' id='word_1_876' title='bbox 1009 5539 1067 5591; x_wconf 84' lang='lat' dir='ltr'>G.</span> <span class='ocrx_word' id='word_1_877' title='bbox 1144 5536 1168 5571; x_wconf 80' lang='lat'><strong>‘</strong></span> <span class='ocrx_word' id='word_1_878' title='bbox 1194 5533 1245 5604; x_wconf 77' lang='grc' dir='ltr'>ἐξ</span> <span class='ocrx_word' id='word_1_879' title='bbox 1277 5532 1542 5608; x_wconf 75' lang='lat' dir='ltr'>adjecic.</span> <span class='ocrx_word' id='word_1_880' title='bbox 1575 5538 1641 5605; x_wconf 95' lang='lat'>0,</span> 
     </span>
    </p>
   </div>
   <div class='ocr_carea' id='block_1_111' title="bbox 865 5385 3570 5500">
    <p class='ocr_par' dir='ltr' id='par_1_112' title="bbox 865 5385 3570 5500">
     <span class='ocr_line' id='line_1_116' title="bbox 865 5385 3570 5500; baseline 0 -55"><span class='ocrx_word' id='word_1_881' title='bbox 865 5385 1220 5500; x_wconf 54' lang='grc' dir='ltr'>χαλεπαίνειν</span> <span class='ocrx_word' id='word_1_882' title='bbox 1247 5421 1317 5434; x_wconf 89' lang='lat'>-—</span> <span class='ocrx_word' id='word_1_883' title='bbox 1346 5386 1598 5453; x_wconf 82' lang='grc' dir='ltr'>πολλοὺς</span> <span class='ocrx_word' id='word_1_884' title='bbox 1627 5389 1782 5453; x_wconf 78' lang='grc' dir='ltr'>θεούς</span> <span class='ocrx_word' id='word_1_885' title='bbox 1838 5390 2050 5448; x_wconf 87' lang='lat' dir='ltr'>lacuna</span> <span class='ocrx_word' id='word_1_886' title='bbox 2113 5395 2203 5449; x_wconf 88' lang='lat' dir='ltr'>est</span> <span class='ocrx_word' id='word_1_887' title='bbox 2246 5391 2307 5448; x_wconf 91' lang='lat' dir='ltr'>in</span> <span class='ocrx_word' id='word_1_888' title='bbox 2357 5390 2423 5448; x_wconf 93' lang='lat'>0.</span> <span class='ocrx_word' id='word_1_889' title='bbox 2482 5393 2561 5447; x_wconf 84' lang='lat' dir='ltr'>Ex</span> <span class='ocrx_word' id='word_1_890' title='bbox 2606 5389 2668 5446; x_wconf 76' lang='grc' dir='ltr'><strong>Ο·</strong></span> <span class='ocrx_word' id='word_1_891' title='bbox 2730 5389 2963 5463; x_wconf 87' lang='lat' dir='ltr'>reposui</span> <span class='ocrx_word' id='word_1_892' title='bbox 3006 5391 3115 5444; x_wconf 82' lang='grc' dir='ltr'>τῶν</span> <span class='ocrx_word' id='word_1_893' title='bbox 3166 5392 3303 5447; x_wconf 90' lang='lat' dir='ltr'>ante</span> <span class='ocrx_word' id='word_1_894' title='bbox 3350 5392 3570 5499; x_wconf 72' lang='grc' dir='ltr'>γραφῶν</span> 
     </span>
     <span class='ocr_line' id='line_1_117' title="bbox 917 5461 3570 5500; baseline 0 0"><span class='ocrx_word' id='word_1_895' title='bbox 917 5465 996 5500; x_wconf 61' lang='lat' dir='ltr'><strong>Ihm</strong></span> <span class='ocrx_word' id='word_1_896' title='bbox 1029 5466 1075 5500; x_wconf 90' lang='lat' dir='ltr'>n</span> <span class='ocrx_word' id='word_1_897' title='bbox 1105 5468 1163 5500; x_wconf 59' lang='grc' dir='ltr'>αὖ</span> <span class='ocrx_word' id='word_1_898' title='bbox 1193 5479 1259 5500; x_wconf 73' lang='grc' dir='ltr'>ον</span> <span class='ocrx_word' id='word_1_899' title='bbox 1290 5464 1512 5500; x_wconf 65' lang='grc' dir='ltr'>ιιηηῖοηῦ</span> <span class='ocrx_word' id='word_1_900' title='bbox 1568 5464 1606 5500; x_wconf 69' lang='grc' dir='ltr'><strong>Ω</strong></span> <span class='ocrx_word' id='word_1_901' title='bbox 1688 5462 1743 5500; x_wconf 70' lang='lat' dir='ltr'>in</span> <span class='ocrx_word' id='word_1_902' title='bbox 1777 5463 1945 5500; x_wconf 67' lang='lat' dir='ltr'>nnina</span> <span class='ocrx_word' id='word_1_903' title='bbox 1975 5467 2131 5500; x_wconf 59' lang='lat' dir='ltr'>invi“</span> <span class='ocrx_word' id='word_1_904' title='bbox 2190 5464 2247 5500; x_wconf 70' lang='grc' dir='ltr'>(ἶῖ</span> <span class='ocrx_word' id='word_1_905' title='bbox 2282 5461 2491 5500; x_wconf 58' lang='lat' dir='ltr'>Annio.“-</span> <span class='ocrx_word' id='word_1_906' title='bbox 2555 5463 2702 5500; x_wconf 75' lang='lat' dir='ltr'>&#39;I‘nm</span> <span class='ocrx_word' id='word_1_907' title='bbox 2766 5461 3008 5500; x_wconf 75' lang='lat' dir='ltr'>nnnnnni</span> <span class='ocrx_word' id='word_1_908' title='bbox 3059 5461 3162 5500; x_wconf 65' lang='grc' dir='ltr'>νᾶη</span> <span class='ocrx_word' id='word_1_909' title='bbox 3211 5480 3277 5500; x_wconf 74' lang='grc' dir='ltr'>ον</span> <span class='ocrx_word' id='word_1_910' title='bbox 3328 5463 3373 5500; x_wconf 78' lang='grc' dir='ltr'><em>Π</em></span> <span class='ocrx_word' id='word_1_911' title='bbox 3520 5462 3570 5500; x_wconf 66' lang='grc' dir='ltr'>ἐζ</span> 
     </span>
    </p>
   </div>
   <div class='ocr_carea' id='block_1_112' title="bbox 198 5461 3545 5607">
    <p class='ocr_par' dir='ltr' id='par_1_113' title="bbox 198 5461 3545 5607">
     <span class='ocr_line' id='line_1_118' title="bbox 198 5461 3545 5536; baseline -0 -18"><span class='ocrx_word' id='word_1_912' title='bbox 198 5478 227 5518; x_wconf 84' lang='lat' dir='ltr'>a</span> <span class='ocrx_word' id='word_1_913' title='bbox 249 5464 305 5521; x_wconf 83' lang='lat' dir='ltr'>Cl</span> <span class='ocrx_word' id='word_1_914' title='bbox 330 5470 383 5522; x_wconf 89' lang='lat' dir='ltr'>et</span> <span class='ocrx_word' id='word_1_915' title='bbox 408 5467 445 5523; x_wconf 78' lang='grc' dir='ltr'>Β</span> <span class='ocrx_word' id='word_1_916' title='bbox 473 5461 785 5523; x_wconf 81' lang='lat' dir='ltr'>omissum.</span> <span class='ocrx_word' id='word_1_917' title='bbox 865 5461 1003 5519; x_wconf 67' lang='lat' dir='ltr'>&quot;Ita</span> <span class='ocrx_word' id='word_1_918' title='bbox 1029 5466 1075 5521; x_wconf 94' lang='lat'>0</span> <span class='ocrx_word' id='word_1_919' title='bbox 1105 5468 1166 5520; x_wconf 90' lang='lat' dir='ltr'>et</span> <span class='ocrx_word' id='word_1_920' title='bbox 1193 5479 1262 5519; x_wconf 85' lang='lat' dir='ltr'>ex</span> <span class='ocrx_word' id='word_1_921' title='bbox 1290 5464 1536 5535; x_wconf 87' lang='lat' dir='ltr'>conject.</span> <span class='ocrx_word' id='word_1_922' title='bbox 1568 5464 1629 5532; x_wconf 90' lang='lat' dir='ltr'>S,</span> <span class='ocrx_word' id='word_1_923' title='bbox 1688 5462 1746 5518; x_wconf 92' lang='lat' dir='ltr'>in</span> <span class='ocrx_word' id='word_1_924' title='bbox 1777 5463 1946 5520; x_wconf 85' lang='lat' dir='ltr'>cu&#39;us</span> <span class='ocrx_word' id='word_1_925' title='bbox 1975 5467 2135 5519; x_wconf 85' lang='lat' dir='ltr'>textu</span> <span class='ocrx_word' id='word_1_926' title='bbox 2190 5464 2248 5519; x_wconf 89' lang='lat' dir='ltr'>Ci</span> <span class='ocrx_word' id='word_1_927' title='bbox 2282 5461 2511 5535; x_wconf 89' lang='grc' dir='ltr'>ὁμοίως.</span> <span class='ocrx_word' id='word_1_928' title='bbox 2555 5463 2706 5519; x_wconf 88' lang='lat' dir='ltr'>Tum</span> <span class='ocrx_word' id='word_1_929' title='bbox 2765 5461 2811 5518; x_wconf 57' lang='lat' dir='ltr'>a&#39;</span> <span class='ocrx_word' id='word_1_930' title='bbox 2842 5461 3011 5535; x_wconf 89' lang='lat' dir='ltr'>posui</span> <span class='ocrx_word' id='word_1_931' title='bbox 3059 5461 3130 5536; x_wconf 79' lang='grc' dir='ltr'>γά</span> <span class='ocrx_word' id='word_1_932' title='bbox 3211 5480 3280 5519; x_wconf 89' lang='lat' dir='ltr'>ex</span> <span class='ocrx_word' id='word_1_933' title='bbox 3328 5461 3397 5520; x_wconf 68' lang='grc' dir='ltr'><strong>Ο.</strong></span> <span class='ocrx_word' id='word_1_934' title='bbox 3469 5461 3493 5499; x_wconf 56' lang='grc' dir='ltr'>ἱ</span> <span class='ocrx_word' id='word_1_935' title='bbox 3520 5462 3545 5517; x_wconf 78' lang='grc' dir='ltr'>ἐ</span> 
     </span>
     <span class='ocr_line' id='line_1_119' title="bbox 202 5479 3545 5607; baseline -0.001 -16"><span class='ocrx_word' id='word_1_936' title='bbox 202 5536 372 5595; x_wconf 84' lang='lat' dir='ltr'>addidi</span> <span class='ocrx_word' id='word_1_937' title='bbox 402 5554 449 5595; x_wconf 90' lang='lat' dir='ltr'>c.</span> <span class='ocrx_word' id='word_1_938' title='bbox 471 5539 546 5607; x_wconf 18' lang='lat'>,0.</span> <span class='ocrx_word' id='word_1_939' title='bbox 626 5539 648 5573; x_wconf 80' lang='grc'>³</span> <span class='ocrx_word' id='word_1_940' title='bbox 677 5532 717 5607; x_wconf 70' lang='grc' dir='ltr'>ᾖ</span> <span class='ocrx_word' id='word_1_941' title='bbox 747 5538 909 5607; x_wconf 85' lang='lat' dir='ltr'>O,_D.</span> <span class='ocrx_word' id='word_1_942' title='bbox 943 5534 979 5603; x_wconf 73' lang='grc' dir='ltr'><strong>ἢ</strong></span> <span class='ocrx_word' id='word_1_943' title='bbox 1009 5539 1067 5591; x_wconf 80' lang='grc' dir='ltr'><strong>ο.</strong></span> <span class='ocrx_word' id='word_1_944' title='bbox 1144 5536 1168 5571; x_wconf 76' lang='grc'><strong>⁸</strong></span> <span class='ocrx_word' id='word_1_945' title='bbox 1194 5533 1245 5604; x_wconf 75' lang='grc' dir='ltr'>ἐξ</span> <span class='ocrx_word' id='word_1_946' title='bbox 1277 5536 1542 5607; x_wconf 14' lang='grc' dir='ltr'>διῇθοὶγο.</span> <span class='ocrx_word' id='word_1_947' title='bbox 1575 5538 1641 5605; x_wconf 93' lang='grc' dir='ltr'>Ο,</span> <span class='ocrx_word' id='word_1_948' title='bbox 1717 5535 1739 5570; x_wconf 79' lang='grc'>⁸</span> <span class='ocrx_word' id='word_1_949' title='bbox 1766 5479 1932 5590; x_wconf 64' lang='grc' dir='ltr'>πάλιν</span> <span class='ocrx_word' id='word_1_950' title='bbox 1962 5538 2058 5588; x_wconf 79' lang='grc' dir='ltr'>τοῦ</span> <span class='ocrx_word' id='word_1_951' title='bbox 2089 5533 2170 5602; x_wconf 89' lang='grc' dir='ltr'>(τὸ</span> <span class='ocrx_word' id='word_1_952' title='bbox 2201 5534 2305 5607; x_wconf 82' lang='lat' dir='ltr'>Cl.)</span> <span class='ocrx_word' id='word_1_953' title='bbox 2337 5530 2637 5607; x_wconf 81' lang='grc' dir='ltr'>γεγράφθαι</span> <span class='ocrx_word' id='word_1_954' title='bbox 2668 5537 2726 5588; x_wconf 88' lang='lat' dir='ltr'>C.</span> <span class='ocrx_word' id='word_1_955' title='bbox 2800 5479 2914 5587; x_wconf 57' lang='lat' dir='ltr'>5)mS</span> <span class='ocrx_word' id='word_1_956' title='bbox 2942 5539 3000 5607; x_wconf 83' lang='lat'>0.</span> <span class='ocrx_word' id='word_1_957' title='bbox 3076 5543 3096 5577; x_wconf 74' lang='grc' dir='ltr'>’τ</span> <span class='ocrx_word' id='word_1_958' title='bbox 3126 5480 3275 5607; x_wconf 44' lang='grc' dir='ltr'>θυι),</span> <span class='ocrx_word' id='word_1_959' title='bbox 3309 5532 3409 5589; x_wconf 81' lang='grc' dir='ltr'>οὐκ</span> <span class='ocrx_word' id='word_1_960' title='bbox 3428 5532 3545 5589; x_wconf 89' lang='grc' dir='ltr'>έποί</span> 
     </span>
    </p>
   </div>
   <div class='ocr_carea' id='block_1_113' title="bbox 202 5540 3000 5680">
    <p class='ocr_par' dir='ltr' id='par_1_114' title="bbox 202 5540 3000 5680">
     <span class='ocr_line' id='line_1_120' title="bbox 202 5540 3000 5610; baseline 0 -19"><span class='ocrx_word' id='word_1_961' title='bbox 202 5540 372 5595; x_wconf 84' lang='lat' dir='ltr'>addidi</span> <span class='ocrx_word' id='word_1_962' title='bbox 402 5554 449 5595; x_wconf 90' lang='lat' dir='ltr'>c.</span> <span class='ocrx_word' id='word_1_963' title='bbox 482 5540 546 5595; x_wconf 92' lang='grc' dir='ltr'>Ο.</span> <span class='ocrx_word' id='word_1_964' title='bbox 626 5540 648 5573; x_wconf 77' lang='grc'><strong>³</strong></span> <span class='ocrx_word' id='word_1_965' title='bbox 677 5540 715 5608; x_wconf 75' lang='grc' dir='ltr'>ᾔ</span> <span class='ocrx_word' id='word_1_966' title='bbox 747 5540 812 5605; x_wconf 86' lang='grc' dir='ltr'>Ο,</span> <span class='ocrx_word' id='word_1_967' title='bbox 849 5540 909 5590; x_wconf 87' lang='lat' dir='ltr'>D.</span> <span class='ocrx_word' id='word_1_968' title='bbox 943 5540 979 5603; x_wconf 72' lang='grc' dir='ltr'><strong>ἢ</strong></span> <span class='ocrx_word' id='word_1_969' title='bbox 1009 5540 1067 5591; x_wconf 82' lang='grc' dir='ltr'><strong>ο.</strong></span> <span class='ocrx_word' id='word_1_970' title='bbox 1144 5540 1168 5571; x_wconf 80' lang='grc'><strong><em>⁵</em></strong></span> <span class='ocrx_word' id='word_1_971' title='bbox 1194 5540 1245 5604; x_wconf 77' lang='grc' dir='ltr'>ἐξ</span> <span class='ocrx_word' id='word_1_972' title='bbox 1277 5540 1459 5606; x_wconf 84' lang='lat' dir='ltr'>adjeci</span> <span class='ocrx_word' id='word_1_973' title='bbox 1493 5552 1542 5591; x_wconf 84' lang='lat'>0.</span> <span class='ocrx_word' id='word_1_974' title='bbox 1575 5540 1641 5605; x_wconf 93' lang='grc' dir='ltr'>Ο,</span> <span class='ocrx_word' id='word_1_975' title='bbox 1717 5540 1739 5570; x_wconf 80' lang='grc'><strong><em>⁵</em></strong></span> <span class='ocrx_word' id='word_1_976' title='bbox 1766 5540 1932 5590; x_wconf 79' lang='grc' dir='ltr'>πάλιν</span> <span class='ocrx_word' id='word_1_977' title='bbox 1962 5540 2058 5588; x_wconf 78' lang='grc' dir='ltr'>τοῦ</span> <span class='ocrx_word' id='word_1_978' title='bbox 2089 5540 2170 5602; x_wconf 88' lang='grc' dir='ltr'>(τὸ</span> <span class='ocrx_word' id='word_1_979' title='bbox 2201 5540 2305 5607; x_wconf 90' lang='lat' dir='ltr'>Cl.)</span> <span class='ocrx_word' id='word_1_980' title='bbox 2376 5553 2435 5608; x_wconf 88' lang='grc' dir='ltr'>εγ</span> <span class='ocrx_word' id='word_1_981' title='bbox 2475 5540 2637 5610; x_wconf 81' lang='grc' dir='ltr'>ἀφθαι</span> <span class='ocrx_word' id='word_1_982' title='bbox 2668 5540 2726 5588; x_wconf 88' lang='lat' dir='ltr'>C.</span> <span class='ocrx_word' id='word_1_983' title='bbox 2803 5540 2825 5568; x_wconf 76' lang='grc'><strong>⁵</strong></span> <span class='ocrx_word' id='word_1_984' title='bbox 2852 5540 2914 5587; x_wconf 88' lang='grc' dir='ltr'>τό</span> <span class='ocrx_word' id='word_1_985' title='bbox 2942 5540 3000 5590; x_wconf 85' lang='lat'>0.</span> 
     </span>
     <span class='ocr_line' id='line_1_121' title="bbox 202 5553 2996 5680; baseline -0.001 -18"><span class='ocrx_word' id='word_1_986' title='bbox 202 5626 336 5680; x_wconf 68' lang='grc' dir='ltr'>ῃσαν,</span> <span class='ocrx_word' id='word_1_987' title='bbox 364 5606 770 5680; x_wconf 71' lang='grc' dir='ltr'>ἀπολέσθωσανο</span> <span class='ocrx_word' id='word_1_988' title='bbox 802 5604 876 5668; x_wconf 84' lang='grc' dir='ltr'>ὡς</span> <span class='ocrx_word' id='word_1_989' title='bbox 903 5609 1038 5680; x_wconf 46' lang='lat' dir='ltr'>risv,</span> <span class='ocrx_word' id='word_1_990' title='bbox 1068 5623 1196 5677; x_wconf 65' lang='lat' dir='ltr'>qua</span> <span class='ocrx_word' id='word_1_991' title='bbox 1216 5608 1439 5680; x_wconf 76' lang='lat' dir='ltr'>desunt</span> <span class='ocrx_word' id='word_1_992' title='bbox 1467 5606 1527 5663; x_wconf 91' lang='lat' dir='ltr'>in</span> <span class='ocrx_word' id='word_1_993' title='bbox 1556 5610 1806 5677; x_wconf 88' lang='lat' dir='ltr'>utroque</span> <span class='ocrx_word' id='word_1_994' title='bbox 1834 5607 2021 5680; x_wconf 42' lang='lat' dir='ltr'>Hom.‘</span> <span class='ocrx_word' id='word_1_995' title='bbox 2035 5607 2226 5680; x_wconf 76' lang='lat' dir='ltr'>c9dd.,</span> <span class='ocrx_word' id='word_1_996' title='bbox 2254 5554 2389 5663; x_wconf 71' lang='lat' dir='ltr'>add.</span> <span class='ocrx_word' id='word_1_997' title='bbox 2420 5553 2471 5661; x_wconf 56' lang='grc' dir='ltr'>(ξ</span> <span class='ocrx_word' id='word_1_998' title='bbox 2489 5622 2557 5680; x_wconf 83' lang='lat' dir='ltr'>ex</span> <span class='ocrx_word' id='word_1_999' title='bbox 2572 5621 2709 5680; x_wconf 88' lang='lat' dir='ltr'>_seq.</span> <span class='ocrx_word' id='word_1_1000' title='bbox 2741 5606 2878 5680; x_wconf 90' lang='lat' dir='ltr'>c._8.</span> <span class='ocrx_word' id='word_1_1001' title='bbox 2944 5606 2996 5680; x_wconf 15' lang='grc' dir='ltr'>-εί</span> 
     </span>
    </p>
   </div>
   <div class='ocr_carea' id='block_1_114' title="bbox 3211 5463 3395 5520">
    <p class='ocr_par' dir='ltr' id='par_1_115' title="bbox 3211 5463 3395 5520">
     <span class='ocr_line' id='line_1_122' title="bbox 3211 5463 3395 5520; baseline -0.011 -1"><span class='ocrx_word' id='word_1_1002' title='bbox 3211 5480 3280 5519; x_wconf 88' lang='lat' dir='ltr'>ex</span> <span class='ocrx_word' id='word_1_1003' title='bbox 3328 5463 3395 5520; x_wconf 87' lang='lat'>0.</span> 
     </span>
    </p>
   </div>
   <div class='ocr_carea' id='block_1_115' title="bbox 3178 5532 3573 5590">
    <p class='ocr_par' dir='ltr' id='par_1_116' title="bbox 3178 5532 3573 5590">
     <span class='ocr_line' id='line_1_123' title="bbox 3178 5532 3573 5590; baseline 0 -1"><span class='ocrx_word' id='word_1_1004' title='bbox 3178 5535 3275 5590; x_wconf 91' lang='lat' dir='ltr'>bb.</span> <span class='ocrx_word' id='word_1_1005' title='bbox 3309 5532 3409 5589; x_wconf 81' lang='grc' dir='ltr'>οὐκ</span> <span class='ocrx_word' id='word_1_1006' title='bbox 3428 5532 3573 5589; x_wconf 62' lang='grc' dir='ltr'>έποίὲ</span> 
     </span>
    </p>
   </div>
   <div class='ocr_carea' id='block_1_116' title="bbox 2489 5605 3572 5677">
    <p class='ocr_par' dir='ltr' id='par_1_117' title="bbox 2489 5605 3572 5677">
     <span class='ocr_line' id='line_1_124' title="bbox 2489 5605 3572 5677; baseline -0.001 -15"><span class='ocrx_word' id='word_1_1007' title='bbox 2489 5605 2709 5677; x_wconf 80' lang='lat' dir='ltr'>exseq.</span> <span class='ocrx_word' id='word_1_1008' title='bbox 2743 5606 2878 5677; x_wconf 13' lang='lat'>0.78.</span> <span class='ocrx_word' id='word_1_1009' title='bbox 2954 5606 2974 5641; x_wconf 80' lang='grc'>⁸</span> <span class='ocrx_word' id='word_1_1010' title='bbox 3004 5605 3383 5676; x_wconf 80' lang='grc' dir='ltr'>πεποιηκότες,</span> <span class='ocrx_word' id='word_1_1011' title='bbox 3432 5607 3572 5661; x_wconf 85' lang='grc' dir='ltr'>ἀπο-</span> 
     </span>
    </p>
   </div>
   <div class='ocr_carea' id='block_1_117' title="bbox 2842 5461 3130 5536">
    <p class='ocr_par' dir='ltr' id='par_1_118' title="bbox 2842 5461 3130 5536">
     <span class='ocr_line' id='line_1_125' title="bbox 2842 5461 3130 5536; baseline -0.01 -18"><span class='ocrx_word' id='word_1_1012' title='bbox 2842 5461 3011 5536; x_wconf 84' lang='lat' dir='ltr'>posui</span> <span class='ocrx_word' id='word_1_1013' title='bbox 3059 5461 3130 5536; x_wconf 79' lang='grc' dir='ltr'>γά</span> 
     </span>
    </p>
   </div>
   <div class='ocr_carea' id='block_1_118' title="bbox 203 5670 3569 5756">
    <p class='ocr_par' dir='ltr' id='par_1_119' title="bbox 203 5670 3569 5756">
     <span class='ocr_line' id='line_1_126' title="bbox 203 5670 3569 5756; baseline 0.001 -26"><span class='ocrx_word' id='word_1_1014' title='bbox 203 5670 441 5756; x_wconf 70' lang='grc' dir='ltr'>λέσθωσαν</span> <span class='ocrx_word' id='word_1_1015' title='bbox 471 5700 533 5756; x_wconf 88' lang='lat' dir='ltr'>p.</span> <span class='ocrx_word' id='word_1_1016' title='bbox 558 5677 815 5756; x_wconf 37' lang='lat' dir='ltr'>naida,</span> <span class='ocrx_word' id='word_1_1017' title='bbox 855 5670 1171 5756; x_wconf 67' lang='grc' dir='ltr'>μελλᾷντων</span> <span class='ocrx_word' id='word_1_1018' title='bbox 1202 5678 1282 5756; x_wconf 44' lang='grc'>0.-</span> <span class='ocrx_word' id='word_1_1019' title='bbox 1307 5750 1323 5756; x_wconf 80' lang='lat'>_</span> <span class='ocrx_word' id='word_1_1020' title='bbox 1345 5681 1367 5715; x_wconf 72' lang='lat'><strong>9</strong></span> <span class='ocrx_word' id='word_1_1021' title='bbox 1390 5674 1653 5756; x_wconf 50' lang='grc' dir='ltr'>διαδρινεῖ</span> <span class='ocrx_word' id='word_1_1022' title='bbox 1681 5670 1748 5735; x_wconf 85' lang='lat'>0.</span> <span class='ocrx_word' id='word_1_1023' title='bbox 1823 5680 1869 5716; x_wconf 67' lang='grc' dir='ltr'>θ’</span> <span class='ocrx_word' id='word_1_1024' title='bbox 1898 5670 2298 5733; x_wconf 77' lang='grc' dir='ltr'>διαϐεϐαιοῦσαι</span> <span class='ocrx_word' id='word_1_1025' title='bbox 2328 5682 2393 5736; x_wconf 94' lang='lat'>0.</span> <span class='ocrx_word' id='word_1_1026' title='bbox 2474 5679 2517 5714; x_wconf 85' lang='grc'>¹⁰</span> <span class='ocrx_word' id='word_1_1027' title='bbox 2544 5676 2591 5731; x_wconf 70' lang='grc' dir='ltr'>εἴ</span> <span class='ocrx_word' id='word_1_1028' title='bbox 2636 5670 2819 5734; x_wconf 74' lang='lat' dir='ltr'>téxtui</span> <span class='ocrx_word' id='word_1_1029' title='bbox 2862 5678 3088 5735; x_wconf 85' lang='lat' dir='ltr'>reddidi</span> <span class='ocrx_word' id='word_1_1030' title='bbox 3119 5696 3170 5736; x_wconf 83' lang='grc' dir='ltr'><strong>ο.</strong></span> <span class='ocrx_word' id='word_1_1031' title='bbox 3193 5670 3246 5736; x_wconf 59' lang='grc' dir='ltr'><em>Ὀ</em></span> <span class='ocrx_word' id='word_1_1032' title='bbox 3271 5697 3285 5749; x_wconf 90' lang='lat'><strong>;</strong></span> <span class='ocrx_word' id='word_1_1033' title='bbox 3335 5670 3569 5752; x_wconf 58' lang='lat' dir='ltr'>praeter-</span> 
     </span>
    </p>
   </div>
   <div class='ocr_carea' id='block_1_119' title="bbox 204 5748 1530 5815">
    <p class='ocr_par' dir='ltr' id='par_1_120' title="bbox 204 5748 1530 5815">
     <span class='ocr_line' id='line_1_127' title="bbox 204 5748 1530 5815; baseline 0 -8"><span class='ocrx_word' id='word_1_1034' title='bbox 204 5754 426 5815; x_wconf 71' lang='lat' dir='ltr'>missum</span> <span class='ocrx_word' id='word_1_1035' title='bbox 454 5748 577 5814; x_wconf 70' lang='lat' dir='ltr'>erat</span> <span class='ocrx_word' id='word_1_1036' title='bbox 607 5769 643 5811; x_wconf 91' lang='lat' dir='ltr'>a</span> <span class='ocrx_word' id='word_1_1037' title='bbox 670 5748 733 5807; x_wconf 84' lang='lat' dir='ltr'>Cl</span> <span class='ocrx_word' id='word_1_1038' title='bbox 767 5752 825 5809; x_wconf 85' lang='lat' dir='ltr'>et</span> <span class='ocrx_word' id='word_1_1039' title='bbox 851 5748 910 5807; x_wconf 78' lang='lat' dir='ltr'>S°</span> <span class='ocrx_word' id='word_1_1040' title='bbox 983 5751 1050 5789; x_wconf 70' lang='grc' dir='ltr'>ω*</span> <span class='ocrx_word' id='word_1_1041' title='bbox 1076 5753 1185 5807; x_wconf 83' lang='grc' dir='ltr'>τῶν</span> <span class='ocrx_word' id='word_1_1042' title='bbox 1213 5750 1351 5809; x_wconf 86' lang='lat' dir='ltr'>add.</span> <span class='ocrx_word' id='word_1_1043' title='bbox 1382 5765 1433 5807; x_wconf 88' lang='grc' dir='ltr'><strong>ο.</strong></span> <span class='ocrx_word' id='word_1_1044' title='bbox 1464 5748 1530 5808; x_wconf 68' lang='grc' dir='ltr'>Ο.</span> 
     </span>
    </p>
   </div>
  </div>
