4140 6344
515 389 628 449 371

1342 389 1408 452 S.
1454 390 1896 453 CLEMENTIS
1942 392 1966 452 Ι
2012 391 2203 453 ROM.
2248 392 2479 455 PONT.
2524 392 2786 454 OPERA
2826 391 3094 455 DUBIA.

3809 390 3934 451 372

520 517 794 588 deorsum,
823 523 878 577 et
926 536 1039 577 non
1085 522 1164 577 est
1209 521 1353 577 alius
1398 529 1603 594 praeter
1639 538 1762 578 eum
1796 523 1893 595 (a).
1926 523 1997 578 Et
2028 522 2168 579 alibi

2299 520 2440 585 ιῦτος
2487 521 2613 585 Θεὸς
2665 522 2717 577 ἐν
2761 526 2840 595 τῷ
2896 518 3109 599 οὐρανῷ
3156 516 3286 593 ἅνω,
3328 521 3419 576 καὶ
3478 519 3532 576 ἐν
3580 522 3650 595 τῇ
3706 523 3777 596 γῇ
3838 520 3937 577 κά·-

520 610 822 682 Scriptura
848 610 989 665 dicit
1016 611 1352 667 Judaaorum
1404 611 1620 684 populo
1652 626 1665 668 :
1716 613 1980 669 Dominus
2030 613 2169 669 Deus

525 702 655 755 tuus
688 701 800 770 ipse
827 708 907 755 est
941 702 1077 755 Deus
1106 700 1335 755 deorum
1381 700 1476 773 (b),
1528 700 1611 757 ita
1658 705 1724 757 ut
1772 701 2040 774 quamvis
2087 701 2170 756 dii

526 788 798 855 existant,
834 789 945 844 sub
973 789 1313 845 Judaeorum
1345 790 1461 846 Deo
1492 789 1629 846 sint.
1648 792 1715 846 Et
1740 791 1868 847 aliis
1893 791 2083 847 verbis
2101 792 2171 848 de

527 893 593 933 eo
648 877 728 931 ait
755 878 1087 950 Scriptura:
1120 880 1264 934 Deus
1284 896 1515 950 magnus
1544 887 1595 935 et
1623 897 1803 947 verus,
1827 882 1923 952 qui
1949 896 2057 936 non
2078 896 2171 936 ac-

526 968 663 1038 cipit
691 983 1003 1037 personam,
1033 984 1206 1039 neque
1234 977 1410 1023 sumet
1435 985 1691 1037 munera,
1722 972 1860 1041 facit
1892 969 2175 1041 judicium

523 1053 751 1127 pupillo
793 1063 845 1110 et
888 1053 1069 1110 viduae
1116 1056 1205 1127 (ρ).
1240 1056 1541 1128 Scriptura
1596 1057 1780 1112 Deum
1836 1058 2172 1114 Judeeorum

531 1143 927 1215 nuncupanda
957 1160 1238 1215 magnum
1269 1148 1327 1200 et
1352 1160 1553 1201 verum
1580 1150 1638 1201 et
1682 1146 1987 1202 facientem
2010 1146 2174 1218 judi-

532 1233 710 1300 cium,
761 1231 908 1288 alios
959 1231 1203 1305 pusillos
1250 1249 1354 1289 nec
1398 1250 1565 1290 veros
1614 1235 1925 1290 denotavit.
1960 1235 2071 1291 Sed
2121 1238 2177 1290 et

533 1322 713 1379 altero
746 1322 1000 1395 quodam
1032 1322 1090 1378 in
1130 1321 1254 1379 loco
1295 1323 1597 1395 Scriptura
1644 1324 1786 1379 dicit
1820 1340 1832 1380 :
1887 1326 2031 1380 Vivo
2058 1340 2174 1396 ego,

532 1411 665 1469 dicit
703 1412 992 1479 Dominus,
1025 1427 1137 1467 non
1182 1415 1261 1467 est
1307 1413 1457 1467 alius
1503 1413 1645 1468 Deus
1686 1420 1894 1485 pra'ler
1936 1430 2042 1468 me.
2067 1414 2180 1484 Ego

527 1502 769 1573 primus,
800 1516 895 1572 ego
930 1502 1280 1569 novissimus,
1312 1504 1518 1574 praeter
1544 1518 1629 1558 me
1654 1518 1765 1558 non
1795 1510 1874 1558 est
1904 1504 2047 1558 Deus
2077 1501 2176 1573 (ά).

532 1592 612 1645 Ac
642 1605 925 1645 rursum:
977 1591 1268 1645 Dominum
1314 1592 1488 1646 Deum
1533 1593 1691 1646 tuum
1736 1591 1972 1659 timebis,
2005 1594 2056 1647 et
2083 1589 2180 1646 illi

535 1679 641 1735 soli
680 1680 883 1735 servies
912 1680 1005 1748 (e).
1060 1679 1127 1734 Et
1172 1678 1365 1734 adhuc
1410 1694 1425 1733 :
1482 1678 1626 1735 Audi
1674 1680 1865 1746 Israel,
1918 1681 2181 1736 Dominus

537 1769 677 1823 Deus
721 1770 896 1824 vester
940 1769 1203 1824 Dominus
1246 1785 1390 1824 unus
1439 1772 1522 1824 est
1576 1768 1665 1840 (Γ).
1728 1769 1939 1840 Sicque
1995 1768 2185 1824 multa

537 1856 879 1912 testimonia
900 1874 1030 1912 cum
1042 1858 1380 1927 juramento
1403 1857 1970 1930 consignant,Deum
1996 1875 2181 1914 unum

540 1960 689 2014 esse,
723 1950 781 2001 et
809 1949 1016 2017 praeter
1045 1944 1212 2000 illum
1245 1963 1359 2002 non
1391 1962 1521 2002 esse
1551 1946 1756 2001 Deum.
1790 1945 1954 2002 Unde
1983 1947 2183 2019 miror,

541 2051 657 2106 qua
669 2034 1052 2099 ratione,cum
1072 2038 1161 2090 tot
1182 2033 1308 2090 loca
1327 2037 1616 2091 testentur
1629 2050 1811 2090 unum
1826 2050 1956 2092 esse
1976 2035 2182 2105 Deum,

539 2127 602 2179 tu
639 2122 855 2178 multos
885 2139 1014 2179 esse
1043 2123 1320 2179 affirmes.

2287 632 2365 666 τω
2430 611 2519 667 xui
2590 611 2689 666 οὐκ
2754 607 2895 666 ἔστιν
2956 609 3126 673 ἄλλος
3181 608 3329 680 πλὴν
3392 610 3578 668 αὐτοῦ.
3635 610 3735 664 Καὶ
3786 608 3933 685 ἄλλῃ

2286 721 2393 755 που
2425 698 2567 777 λέγει
2626 703 2660 771 ἠ
2721 702 2905 779 Γραφή
2962 704 3042 773 τῷ
3102 697 3378 758 Ἰουδαίων
3436 696 3930 776 ὄχλῳσΚύριοςὸ

2281 790 2408 852 Θεός
2460 811 2576 863 σου,
2635 787 2794 852 οὗτος
2849 790 2976 852 Θεὸς
3033 793 3140 844 τῶν
3203 791 3357 861 θεῶν,
3419 787 3599 861 ὥσπερ
3634 793 3676 827 ¹¹
3740 787 3824 843 ὅτι
3884 787 3932 844 εἰ

2280 878 2369 934 καί
2401 878 2500 934 εἶσι
2532 878 2666 951 θεοὶ,
2701 879 2803 934 ὑπὸ
2832 880 2923 933 τὸν
2958 876 3231 933 Ἰουδαίων
3293 878 3419 933 Θεόν
3451 878 3603 935 εἰσιν.
3655 879 3752 932 Καὶ
3785 875 3935 952 ἄλλῃ

2280 988 2385 1023 που
2444 965 2567 1042 περῖ
2626 967 2793 1022 αὐτοῦ
2851 965 2999 1042 λέγει
3058 969 3093 1036 ἡ
3156 968 3377 1044 Γραφή·
3439 967 3495 1019 Ὀ
3546 967 3735 1027 Θεὸςὸ
3766 966 3939 1041 μέγας

2282 1054 2371 1109 καὶ
2444 1053 2727 1127 ἀληθινὸς,
2807 1052 2865 1116 ὅς
2940 1053 3003 1108 οὐ
3066 1049 3335 1126 λαμϐάνει
3388 1052 3466 1116 εἷς
3510 1056 3556 1092 ¹²
3613 1053 3933 1130 πρόσωπον,

2285 1139 2411 1198 οὐδὲ
2463 1144 2536 1217 μὴ
2584 1138 2727 1217 λάϐῃ
2774 1140 2973 1219 δῶρον,
3032 1148 3204 1198 ποιῶν
3264 1141 3438 1219 κρίσιν
3499 1145 3653 1201 322
3713 1143 3938 1223 ὀρφανῷ

2283 1232 2374 1288 καὶ
2402 1234 2573 1309 χήρᾳ·
2607 1232 2787 1287 Μέλαν
2847 1229 2905 1287 δὲ
2952 1233 3043 1287 xui
3100 1231 3358 1304 ἀληθινὸν
3386 1230 3474 1287 καὶ
3503 1232 3674 1308 κρίσιν
3712 1237 3940 1288 ποιοῦν-

2282 1343 2351 1378 τα
2376 1323 2468 1377 τὸν
2499 1326 2606 1376 τῶν
2642 1324 2687 1360 ¹³
2743 1318 3017 1377 Ἰουδαίων
3048 1323 3083 1391 ἡ
3118 1322 3301 1400 Γραφή
3362 1321 3588 1376 εἰποῦσα
3626 1321 3777 1394 Θεὸν,
3806 1320 3941 1385 τοὺς

2287 1409 2493 1473 ἄλλους
2549 1409 2778 1487 μικροὺς
2828 1411 2918 1465 xui
2958 1408 3058 1465 οὐκ
3086 1409 3381 1481 ἀληθινοὺς
3412 1410 3697 1484 ἐσήμανεν.
3759 1410 3944 1467 Ἀλλὰ

2287 1500 2376 1555 καὶ
2408 1497 2552 1574 ἄλλῃ
2579 1520 2685 1555 που
2716 1497 2861 1575 λέγει
2893 1501 2929 1569 ἡ
2982 1501 3167 1577 Γραφή
3198 1519 3211 1533 ’
3247 1505 3330 1554 Ζω
3364 1498 3495 1575 ἐγὼ,
3528 1498 3677 1575 λέγει
3712 1498 3938 1577 Κύριος,

2290 1588 2390 1644 οὐκ
2458 1587 2570 1644 ἔστι
2640 1588 2767 1650 Θεὸς
2824 1584 3006 1665 ἕτερος
3065 1588 3212 1657 πλὴν
3274 1587 3430 1661 ἐμοῦ.
3496 1590 3640 1665 Ἐγὼ
3693 1594 3938 1666 πρῶτος,

2292 1677 2401 1752 ἐγὼ
2471 1676 2604 1751 μετά
2655 1681 2843 1749 ταῦτα,
2902 1674 3050 1746 πλὴν
3109 1675 3245 1750 ἐμοῦ
3293 1676 3423 1739 Θεὸς
3482 1677 3581 1732 οὐκ
3618 1675 3776 1735 ἔστιν.
3837 1677 3940 1733 Καὶ

2292 1766 2475 1823 πάλιν.
2538 1764 2731 1841 Κύριον
2790 1765 2879 1820 τὸν
2935 1764 3064 1821 Θεόν
3123 1786 3218 1819 σου
3275 1760 3587 1843 φοϐηθήσῃ,
3644 1765 3735 1821 καὶ
3791 1765 3943 1837 αὐτῷ

2298 1854 2449 1930 μόνῳ
2507 1853 2841 1931 λατρεύσεις.
2900 1853 2998 1910 Καὶ
3052 1853 3254 1910 πάλιν·
3324 1856 3523 1911 Ἄκουε
3554 1852 3800 1932 Ἰσραὴλ,
3831 1855 3941 1910 Κύ-

2297 1965 2412 2022 ριος
2460 1944 2489 1998 6
2518 1944 2646 2005 Θεὸς
2681 1943 2831 2017 ὑμῶν
2866 1947 2912 1983 ιδ
2942 1942 3141 2018 Κύριος
3173 1943 3248 2005 είς
3282 1941 3442 2002 ἐστίν.
3494 1943 3594 1999 Καὶ
3626 1946 3781 2018 ὁμῶς
3808 1945 3948 2001 πολ-

2296 2030 2389 2088 λαὶ
2467 2031 2639 2112 φωναὶ
2710 2033 2826 2106 μεθ’
2896 2031 3062 2109 ὅρκου
3118 2030 3590 2111 ἐπισφρανίζουσιν
3624 2079 3639 2105 ,
3699 2032 3781 2089 ὅτι
3868 2035 3946 2097 εἷς

2296 2121 2435 2179 ἐστὶν
2491 2122 2520 2177 6
2577 2122 2725 2191 Θεὸς,
2756 2121 2846 2177 καὶ
2876 2122 3023 2192 πλὴν
3082 2121 3246 2176 αὐτοῦ
3304 2121 3403 2177 οὐκ
3457 2120 3568 2177 ἔστι
3606 2121 3760 2185 Θεός.
3792 2123 3947 2178 Ὀθεν

541 2212 823 2282 θαυμάζω,
855 2215 974 2273 πῶς
1005 2210 1276 2266 τοσούτων
1311 2214 1699 2287 μαρτυρουσῶν
1732 2214 1927 2288 φωνῶν
1954 2205 2046 2266 ἕνα
2075 2210 2207 2267 εἶναι
2238 2212 2391 2279 Θεὸν,
2423 2209 2486 2265 σὺ
2515 2209 2760 2272 πολλοὺς
2790 2211 2921 2266 εἶναι
2954 2208 3154 2287 λέγεις.

608 2301 752 2357 VlII.
784 2302 854 2357 Et
883 2302 1082 2358 Simon
1118 2319 1132 2359 :
1183 2301 1474 2374 Principio
1528 2317 1595 2357 ea
1645 2301 1791 2357 mihi
1839 2304 2035 2358 tecum
2078 2301 2189 2359 fuit

540 2390 817 2456 conditio,
850 2396 917 2446 ut
940 2407 1008 2447 ex
1038 2390 1360 2464 Scripturis
1399 2390 1801 2446 convincerem
1848 2394 1904 2446 te
1947 2392 2189 2447 menda-

540 2479 636 2546 cii,
651 2479 938 2535 dicentem
954 2496 1327 2553 nequaquam
1353 2479 1569 2535 multos
1591 2479 2004 2536 vocaridebere
2027 2481 2186 2537 deos.

540 2567 823 2636 Quocirca
854 2568 1067 2625 multis
1097 2568 1532 2641 Scripturarum
1560 2568 1803 2625 vocibus
1833 2569 2083 2641 ostendi,
2117 2570 2190 2626 ab

539 2657 690 2730 ipsis
738 2657 1058 2730 Scripturis
1106 2657 1324 2713 divinis
1370 2657 1569 2730 plures
1613 2658 1980 2729 pronuntiari
2027 2659 2189 2715 deos.

540 2747 693 2802 Tum
723 2747 927 2802 Petrus
961 2763 974 2802 :
1009 2746 1172 2819 Ῑρεεθ,
1205 2762 1331 2818 quas
1364 2745 1583 2802 multos
1613 2746 1753 2802 deos
1783 2747 2188 2819 pronuntiant,

542 2835 857 2906 Scripturaa
888 2836 1103 2891 eaedem
1135 2835 1452 2891 adhortatus
1482 2852 1589 2892 nos
1620 2840 1761 2892 sunt
1807 2835 1901 2891 bis
1949 2837 2141 2893 verbis
2175 2853 2188 2893 :

542 2926 787 2981 Nomina
840 2923 1065 2980 deorum
1120 2923 1361 2980 aliorum
1412 2940 1525 2980 non
1579 2925 1869 2980 aseendent
1931 2925 1990 2979 in
2042 2924 2194 2981 labia

543 3018 638 3070 tua
666 3012 883 3084 (g).Sic
913 3018 1122 3086 praeter
1142 3013 1221 3079 id,
1254 3014 1408 3085 quod
1441 3014 1727 3085 scriptum
1758 3017 1867 3086 est,
1896 3031 2010 3070 non
2031 3014 2191 3071 locu-

542 3108 641 3159 tus
672 3118 829 3174 sum,
860 3101 1083 3158 Simon.
1117 3102 1185 3158 Et
1214 3102 1416 3159 Simon
1450 3120 1465 3159 :
1496 3103 1649 3158 Audi
1676 3103 1748 3158 ad
1782 3103 1889 3159 hoc
1920 3107 1979 3159 et
2008 3108 2072 3158 tu
2098 3103 2197 3159 Pe-

549 3197 659 3248 tre.
689 3191 935 3248 Peccare
974 3190 1118 3247 mihi
1163 3191 1402 3261 videris,
1432 3192 1533 3265 qui
1581 3192 1696 3248 diis
1744 3192 2026 3261 detrahis,
2057 3209 2193 3249 cum

544 3279 848 3352 Scriptura
886 3280 1088 3337 dicat:
1148 3280 1308 3353 (Diis)
1356 3298 1469 3338 non
1517 3281 1794 3348 detrahes,
1847 3283 2195 3354 principibus

2367 2302 2519 2358 VIII.
2560 2300 2659 2355 Kui
2682 2301 2711 2355 6
2744 2299 2950 2373 Σίμων’
2975 2302 3032 2354 '0
3054 2294 3223 2376 λόγος
3250 2300 3350 2369 τὴν
3384 2300 3562 2376 ἀρχὴν
3590 2299 3657 2370 ἧν
3689 2321 3785 2375 μοι
3808 2301 3952 2377 πρὸς

2298 2390 2376 2458 σε,
2408 2388 2515 2444 ἀπὸ
2555 2394 2777 2467 Γραφῶν
2812 2388 3029 2464 ἐλέγξαι
3058 2410 3137 2456 σε,
3169 2387 3253 2444 ὅτι
3281 2386 3451 2464 ψεύδῃ
3490 2387 3667 2465 λέγων
3700 2390 3776 2463 μὴ
3807 2387 3953 2445 πολ·-

2298 2477 2431 2541 λοὺς
2462 2480 2506 2517 ³⁸
2537 2475 2646 2533 δεῖν
2671 2479 2993 2557 φθέγγεσθαι
3024 2477 3200 2541 θεούς.
3218 2480 3374 2543 Ὅθεν
3406 2477 3621 2542 πολλὰς
3654 2478 3952 2557 ἐγγράφους

2299 2564 2470 2638 ἔδειξα
2499 2568 2698 2645 φωνάς,
2732 2566 2815 2623 ὅτι
2848 2566 3002 2623 αὐταὶ
3035 2567 3091 2622 ui
3121 2569 3257 2623 θεῖαι
3289 2568 3492 2647 Γραφαὶ
3513 2565 3760 2630 πολλοὺς
3794 2567 3954 2646 φθέγ-

2299 2676 2486 2733 γονται
2519 2655 2696 2719 Θεούς.
2730 2657 2833 2713 Καὶ
2866 2656 2894 2711 6
2926 2657 3128 2731 Πέτρος
3154 2676 3167 2690 ο
3192 2655 3360 2714 Αύταὶ
3379 2656 3432 2711 αἱ
3458 2655 3709 2720 πολλοὺς
3731 2656 3958 2735 φθεγγό-

2305 2765 2455 2820 μεναι
2495 2746 2652 2807 θεοὺς
2691 2745 2918 2823 Γραφαὶ,
2968 2744 3123 2801 αὐταὶ
3154 2744 3464 2820 παρῄνεσαν
3496 2747 3631 2819 ἡμῖν
3666 2743 3914 2801 εἰποῦσαι
3936 2762 3954 2779 ⁶

2303 2833 2571 2908 Ὀνόματα
2617 2836 2751 2888 θεῶν
2798 2834 2993 2911 ἐτέρων
3044 2834 3144 2890 οὐκ
3189 2829 3513 2905 ἀναϐήσεναι
3565 2834 3653 2890 ἐπὶ
3691 2839 3799 2890 τῶν
3830 2854 3956 2910 χει-

2303 2920 2441 2979 λέων
2490 2943 2606 2978 σου.
2658 2922 2842 2985 Οὕτως
2889 2922 2952 2978 ού
3008 2924 3155 2997 παρὰ
3200 2923 3263 2979 τὸ
3291 2922 3666 3000 γεγραμμένον
3700 2921 3855 3001 ἔφην,
3911 2924 3959 2978 ὧ

2304 3012 2515 3085 Σίμων.
2544 3011 2642 3067 Καὶ
2666 3012 2694 3067 6
2713 3011 2901 3085 Σίμων
2928 3031 2940 3045 °
2974 3012 3239 3069 Ἄκουσον
3264 3013 3400 3090 πρὸς
3415 3011 3545 3067 αὐτὸ
3561 3012 3650 3068 xui
3680 3012 3765 3085 σὺ,
3790 3010 3834 3067 ὦ
3851 3012 3960 3068 Πέ-

2306 3121 2418 3177 τρε.
2447 3102 2800 3178 Ἀμαρτάνειν
2837 3123 2930 3177 μοι
2952 3099 3152 3175 δοκεῖς,
3177 3100 3262 3157 ὅτι
3283 3101 3458 3157 αὐτῶν
3483 3100 3822 3179 καταλέγεις,
3852 3107 3961 3171 τῆς

2307 3195 2526 3268 Γραφῆς
2557 3189 2824 3267 λεγούσης
2847 3209 2860 3221 ·
2923 3190 2985 3245 ού
3034 3190 3458 3266 κακολογήσεις,
3488 3191 3578 3246 καὶ
3609 3186 3874 3268 ἄρχοντας
3909 3193 3955 3229 1⁸

2304 3283 2404 3334 τοῦ
2456 3276 2592 3333 λαοῦ
2640 3299 2735 3333 σου
2784 3278 2846 3333 οὐ
2901 3283 3081 3342 κακῶς
3130 3278 3291 3356 ἐρεῖς.
3336 3279 3438 3337 Καὶ
3473 3281 3501 3335 6
3533 3278 3773 3357 Πέτρος·
3834 3278 3959 3356 Οὐχ

541 3369 737 3443 populi
765 3370 850 3425 tui
876 3385 988 3426 non
1016 3369 1303 3426 maledicos
1332 3369 1433 3443 (Ιι).
1462 3372 1541 3426 Αο
1567 3374 1773 3427 Petrus
1798 3387 1812 3427 :
1837 3371 1962 3427 Non
1995 3387 2185 3444 pecco,

2305 3367 2615 3442 ἁμαρτάνω,
2651 3366 2862 3441 Σίμων,
2896 3365 3210 3430 ἀκολούθως
3256 3373 3373 3430 ταῖς
3405 3373 3643 3446 Γραφαῖς
3668 3369 3768 3438 τήν
3802 3369 3954 3424 απώ-

542 3458 1197 3533 Simon,consequenter
1224 3459 1540 3533 Scripturis
1570 3460 1957 3533 perditionem
1988 3476 2193 3517 eorum

544 3550 880 3621 praenatans
914 3564 928 3604 :
959 3548 1045 3605 ita
1072 3548 1231 3604 enim
1262 3549 1549 3621 scriptum
1582 3554 1672 3606 est
1703 3568 1716 3606 :
1749 3551 1843 3605 Dii
1869 3552 1966 3622 qui
1992 3550 2192 3606 acetum

544 3641 598 3693 et
648 3646 867 3693 terram
916 3652 1027 3693 non
1070 3638 1339 3709 fecernnt,
1368 3640 1596 3710 pereant
1626 3638 1713 3711 (ἢ,
1762 3643 1933 3712 atque
1964 3639 2048 3695 sic
2095 3637 2195 3695 ille

543 3724 778 3781 locutus
806 3730 915 3796 est,
948 3742 1063 3782 non
1107 3726 1277 3797 quasi
1325 3727 1567 3799 quidam
1616 3726 1696 3782 dii
1744 3728 1989 3783 fecerint
2016 3743 2104 3795 ea,
2135 3731 2194 3785 et

545 3830 660 3871 non
692 3819 951 3888 pereant,
973 3816 1470 3888 quemadmodum
1493 3816 1911 3889 interpretatus
1941 3817 2193 3873 es.Unus

545 3903 703 3960 enim
753 3904 1085 3961 declaratur
1130 3904 1368 3961 Creator
1415 3921 1481 3962 eo
1513 3905 1669 3978 quod
1700 3904 1866 3961 initio
1906 3905 2193 3979 scriptum

545 3996 637 4048 est
666 4008 681 4050 :
714 3997 783 4050 In
808 3994 1086 4065 principio
1114 3994 1319 4049 creavit
1346 3994 1487 4049 Deus
1515 3992 1715 4049 oculum
1755 3994 1806 4048 et
1853 4000 2059 4048 terram
2088 3992 2186 4065 (Ic).

542 4080 659 4136 Nec
688 4081 831 4137 dixit
862 4100 876 4138 :
910 4083 1025 4138 Dii.
1058 4082 1127 4137 Et
1159 4080 1326 4138 alibit
1355 4082 1438 4139 ait
1473 4099 1487 4139 :
1516 4083 1580 4137 Et
1598 4097 1762 4154 opera
1785 4098 2052 4137 manuum
2072 4083 2190 4154 ejus

540 4172 845 4226 annuntiat
876 4173 1293 4243 ﬁrmamentum
1321 4172 1406 4244 (l).
1436 4172 1625 4243 Atque
1654 4170 1714 4226 in
1747 4170 1860 4227 alio
1891 4170 2018 4228 loco
2049 4170 2191 4227 scri-

542 4262 713 4332 ptum
757 4263 848 4316 est
877 4277 892 4317 :
928 4259 1064 4316 Caeli
1092 4262 1201 4333 ipsi
1224 4261 1505 4334 peribunt,
1538 4268 1597 4317 tu
1637 4268 1819 4316 autem
1845 4260 2195 4333 permanebis

542 4347 604 4401 in
630 4350 901 4402 zternum
931 4347 1049 4419 (m).

616 4435 708 4489 IX.
744 4434 895 4491 Dixit
925 4435 1128 4491 Simon
1162 4451 1175 4491 :
1208 4436 1293 4491 Ad
1326 4436 1433 4494 hoc
1463 4437 1617 4509 quod
1649 4452 1758 4511 ego
1804 4437 2023 4494 multos
2065 4453 2194 4494 esse

544 4523 683 4580 deos
712 4525 939 4581 ostendi
967 4541 1035 4580 ex
1050 4525 1659 4599 Scripturis,quarum
1685 4527 1860 4583 verba
1885 4527 2197 4583 manifesta

545 4612 804 4685 exhibui,
836 4618 901 4671 tu
932 4614 1132 4671 itidem
1164 4614 1251 4672 vel
1280 4614 1449 4689 plura
1479 4616 1822 4673 testimonia
1869 4632 1939 4673 ex
1985 4616 2194 4673 iisdem

2304 3454 2452 3513 λειαν
2502 3455 2674 3513 αὐτῶν
2716 3455 3143 3532 προσημαίνων·
3206 3460 3359 3516 323
3417 3456 3561 3513 οὕτω
3590 3457 3693 3534 γὰρ
3751 3456 3958 3534 γέγρα-

2300 3566 2432 3601 πται
2455 3562 2468 3575 ⁶
2502 3544 2646 3614 Θεοὶ,
2709 3544 2763 3600 οἵ
2816 3546 2907 3601 τὸν
2959 3545 3181 3622 οὐρανὸν
3221 3545 3311 3601 καὶ
3367 3546 3466 3615 τὴν
3498 3548 3598 3623 γῆν
3632 3545 3731 3602 οὐκ
3760 3546 3954 3617 ἐποίη-

2303 3655 2419 3707 σαν,
2478 3632 2891 3690 ἀπολέσθωσαν³
2948 3634 3037 3689 καὶ
3088 3632 3249 3690 τοῦτο
3299 3634 3464 3690 εἰπὼν
3517 3635 3626 3711 οὖχ
3674 3634 3751 3698 ὡς
3802 3635 3957 3691 ἐνίων

2302 3723 2709 3794 πεποιηκότων,
2736 3722 2825 3778 xui
2861 3723 2937 3797 μὴ
2965 3720 3385 3797 ἀπολλυμένων,
3413 3722 3489 3786 ὡς
3512 3724 3863 3800 ἦρμήνευσας
3883 3726 3955 3779 ⁷¹.

2303 3813 2575 3884 Δηλοῦται
2632 3812 2733 3889 γὰρ
2774 3814 2852 3875 εἷς
2901 3812 2930 3867 6
2969 3812 3289 3883 πεποιηκὼς
3326 3812 3405 3885 τῷ
3448 3811 3706 3888 ἀπαρχῆς
3755 3832 3962 3889 γεγρα-

2302 3903 2450 3975 φθαι·
2505 3907 2590 3957 Ἐν
2644 3901 2792 3977 ἀρχῇ
2851 3900 3102 3972 ἐποίησεν
3157 3901 3185 3955 6
3242 3899 3372 3963 Θεὸς
3426 3900 3519 3956 τὸν
3577 3900 3805 3978 οὐρανὸν
3858 3902 3959 3957 xui

2303 3991 2402 4060 τὴν
2438 3993 2563 4067 γῆν.
2616 3990 2713 4045 Καὶ
2772 3987 2871 4045 οὐκ
2927 3990 3114 4045 εἷπεν⁶
3169 3989 3232 4044 Οἱ
3290 3987 3423 4046 θεοί.
3486 3988 3588 4047 Καὶ
3646 3988 3791 4064 ἄλλῃ
3846 4010 3957 4045 που

2305 4074 2492 4155 λέγει·
2568 4078 2792 4149 Ποίησιν
2872 4075 2929 4135 δὲ
3003 4082 3208 4155 χειρῶν
3284 4074 3447 4133 αὐτοῦ
3506 4076 3831 4154 ἀναγγέλλει
3885 4077 3952 4133 τὸ

2301 4169 2602 4245 στερέωμα.
2650 4168 2748 4223 Καὶ
2797 4167 2849 4223 ἐν
2901 4166 3068 4244 ἑτέρῳ
3119 4161 3276 4241 τόπῳ
3305 4168 3348 4204 ¹⁶
3372 4165 3706 4244 γέγραπται⁶
3739 4168 3803 4223 Οἱ
3860 4166 3954 4223 ού-

2303 4257 2453 4335 ρανοὶ
2532 4256 2684 4313 αὐτοὶ
2734 4256 3088 4328 ἀπολοῦνται,
3147 4254 3211 4312 σὺ
3269 4253 3327 4312 δὲ
3388 4253 3659 4331 διαμενεῖς
3719 4256 3797 4319 εἷς
3852 4256 3946 4313 τὸν

2303 4346 2497 4404 αἰῶνα.

2372 4442 2460 4493 ΙΧ.
2496 4435 2597 4493 Καὶ
2627 4436 2656 4491 6
2691 4434 2878 4509 Σίμων
2912 4432 3036 4514 ἔφη·
3073 4436 3222 4511 Πρὸς
3251 4435 3321 4490 τὸ
3349 4434 3446 4509 ἐμὲ
3485 4431 3650 4509 δεῖξαι
3707 4432 3960 4499 πολλοὺς

2302 4526 2440 4581 εἴναν
2469 4524 2624 4588 θεοὺς
2667 4524 2773 4580 ἀπὸ
2815 4529 2922 4580 τῶν
2975 4528 3226 4603 Γραφῶν,
3254 4524 3433 4587 φωνάς
3463 4529 3650 4603 σαφεῖς
3681 4525 3956 4601 παρέστη-

2301 4633 2387 4685 σα,
2420 4613 2483 4668 σὺ
2516 4610 2573 4668 δὲ
2621 4611 2884 4675 τοσαύτας
2916 4615 2961 4652 ¹⁰
3011 4612 3048 4683 ἢ
3089 4611 3177 4668 καὶ
3210 4612 3465 4675 πλείονας
3497 4613 3677 4691 φωνὰς
3708 4612 3816 4670 ἀπὸ
3843 4614 3955 4669 τῶν

546 4702 865 4776 Scripturis
889 4703 1161 4777 attulisti,
1185 4706 1441 4778 probans
1465 4722 1650 4762 unum
1674 4722 1803 4763 esse
1825 4711 2185 4773 Deum,eum-

550 4806 657 4813 --η
697 4791 1017 4813 τ,.,μ,...-Δ
1079 4793 1143 4813 π..
1197 4793 1263 4813 ,λ
1316 4793 1372 4813 ε,
1632 4793 1784 4813 ..ίεμ
1847 4793 1911 4813 ..Α

2302 4701 2477 4757 αὐτῶν
2512 4706 2734 4780 Γραφῶν
2769 4700 3056 4778 ένήνοχας,
3100 4697 3357 4756 δεικνύων
3409 4699 3492 4756 ὅτι
3526 4701 3601 4765 εἷς
3661 4700 3771 4758 ἐστὶ
3801 4700 3955 4774 Θεὸς,

2324 4791 2389 4813 ,,,\
2446 4790 2557 4813 ,r,-
2583 4810 2596 4813 _
2646 4786 2919 4813 ’l-,,§4.'__,.
2996 4789 3095 4813 tr“!
3131 4789 3264 4813 _-1-
3295 4790 3347 4813 _S
3388 4789 3551 4813 _’__‘!,_
3591 4809 3672 4813 UA-
3739 4789 3810 4813 Α)
3878 4786 3955 4813 β-”5

546 4806 662 4864 quo
687 4791 1046 4850 Judaaorum.
1079 4793 1148 4850 Et
1194 4793 1267 4851 ad
1316 4793 1376 4851 id
1418 4795 1569 4867 quod
1621 4793 1787 4852 dixi:
1837 4793 1957 4852 Non
1984 4802 2185 4866 oportet

2300 4791 2391 4848 xui
2439 4790 2597 4853 οὗτος
2646 4786 2944 4847 Ἰουδαίων.
2996 4789 3095 4844 Καὶ
3128 4789 3265 4866 πρὸς
3292 4790 3354 4845 τὸ
3385 4789 3552 4845 εἰπεῖν
3589 4809 3674 4865 με’
3737 4789 3817 4849 Οὐ
3873 4786 3960 4846 δεῖ

634 5222 685 5292 e)
716 5220 887 5278 Deut.
918 5220 998 5292 v1,
1031 5222 1119 5279 13.

638 4938 692 5004 α)
720 4934 887 4992 Deut.
922 4950 1000 5004 ιν,
1030 4935 1119 4994 39.

641 5006 671 5062 b
723 5007 893 5063 Deut.
924 5024 981 5072 x,
1018 5008 1106 5065 18.

638 5008 691 5204 ἐ
718 5078 891 5149 Ibid.,
928 5079 1017 5135 17.

680 5153 698 5204 i
727 5149 893 5204 Deut.
926 5165 1004 5204 ιν-
1036 5150 1106 5204 39

637 5079 688 5149 c)
718 5079 891 5149 Ibid.,
928 5079 1017 5135 17.

676 5149 893 5222 )Deut.
926 5165 1005 5222 ιν,
1036 5150 1127 5207 39.

638 4938 692 5004 a)
720 4938 887 4992 Deut.
922 4950 973 4992 ιν

641 5006 671 5062 b
723 5007 893 5063 Deut.
924 5024 973 5072 x,

637 5094 667 5133 ο
718 5078 891 5149 Ibid.,
928 5079 973 5135 1τ

676 5153 698 5218 )
727 5149 893 5206 Deut.
926 5165 973 5205 ιι

634 5236 665 5276 e
716 5220 887 5278 Deut.
918 5238 973 5278 vx

712 5293 888 5364 Ibid.,
919 5292 973 5351 4.

2395 4937 2454 5064 zz
2483 4936 2889 5064 ,ἐοιὰηὲῃέ
2921 4935 3078 5009 apud
3110 4934 3277 4992 LXX.

2529 5025 2597 5064 x0
2646 5050 2659 5063 .
2768 5049 2785 5064 .
2890 5048 2905 5063 .

2484 5008 2659 5064 Exod.
2690 5008 2785 5078 22,
2812 5008 2905 5063 28.

2396 5080 2442 5152 ἱ)
2468 5081 2587 5152 Jer.
2613 5096 2672 5147 x,
2706 5080 2794 5152 11.

2396 5149 2450 5224 Ιέ)
2482 5151 2625 5224 Gen.
2652 5167 2707 5218 x,
2742 5149 2795 5206 1.

2397 5221 2440 5294 ι)
2468 5221 2623 5294 Psal.
2654 5236 2818 5287 xvm,
2835 5222 2904 5294 A2.

2394 5291 2471 5366 νὴ)
2502 5293 2649 5351 Psal.
2682 5309 2758 5363 cx,
2787 5291 2879 5348 26.

1896 5453 2143 5513 VARIE
2180 5453 2598 5513 LECTIONES.

614 5585 657 5621 ιι
691 5581 767 5658 ᾣς
796 5585 861 5642 ο,
939 5587 987 5622 η
1016 5584 1092 5648 εἷς
1120 5603 1237 5644 om.
1269 5590 1334 5645 Ο.
1412 5588 1455 5623 ⁸³
1481 5586 1589 5642 τῶν
1622 5587 1871 5646 accessit
1898 5604 1968 5645 ex
1995 5588 2060 5645 Ο.
2140 5588 2186 5626 ¹⁴
2211 5588 2247 5658 ἡ

2258 5590 2372 5661 μῶν
2405 5591 2501 5661 C.A
2544 5587 2588 5623 ¹⁸
2616 5581 2863 5661 πολλούς
2894 5584 2939 5661 ρ
2968 5601 3040 5661 e_x_
3065 5585 3308 5661 conject.
3323 5584 3407 5661 _D.
3434 5582 3591 5661 _a6‘ti
3621 5587 3685 5661 C_1
3714 5582 3782 5661 εξ
3805 5576 3949 5661 ἄρχτ

541 5656 769 5736 οντα-ς),
790 5674 862 5736 ex
887 5674 1003 5730 quo
1032 5660 1276 5736 accessit
1303 5674 1427 5736 seq.
1460 5678 1576 5717 σου.
1654 5660 2060 5736 ¹ἶέρμήιξυσιξς
2088 5662 2150 5719 C.
2183 5654 2334 5736 Tum
2358 5657 2513 5736 τῷ.Ο
2543 5675 2593 5715 ο.
2626 5657 2687 5714 S.
2714 5654 2869 5736 369.
2902 5654 3281 5736 subinde'd’m’
3312 5655 3460 5734 ἀρχῇ
3492 5661 3560 5715 Ο.
3642 5656 3687 5694 ¹⁸
3735 5654 3946 5714 Τθκιῡί

544 5728 770 5786 reddidi
802 5724 957 5803 τόπὶρ
986 5747 1021 5787 a
1048 5730 1109 5786 Cl
1139 5735 1196 5787 et
1222 5732 1261 5789 Β
1300 5724 1606 5790 omissum.
1684 5733 1729 5769 ¹⁹
1755 5724 1978 5809 γραφῶν
2011 5730 2072 5794 ἃς
2103 5734 2290 5809 σαφεῖς
2318 5724 2648 5808 nupta-mou,
2680 5724 2870 5786 σὸδὲὰς
2902 5726 3063 5792 αὐτάς
3101 5731 3163 5786 C.
