4148 6342
195 409 299 472 373

1288 406 1814 468 CLEMENTINA.
1848 438 1928 455 —
1957 408 2287 472 HOMILIA
2330 410 2492 474 XVI.

3473 418 3593 479 374

194 538 494 616 κακολογεῖν
576 537 750 612 θεοὺς,
828 536 1098 616 ἐπήγαγες
1173 538 1308 615 πρὸς
1363 535 1428 594 τὸ
1504 533 1694 609 δεῖξαι,
1744 535 1818 593 ὅτι

1939 540 2052 597 diis
2094 542 2437 616 maledicere,
2490 546 2868 618 subjunxisti,
2916 552 2982 605 ut
3027 548 3355 606 declarares
3405 566 3593 606 unum

194 628 260 691 εἷς
321 628 460 684 ἰστὶν
519 631 549 684 6
619 628 962 701 πεποιηκὼς,
1039 627 1121 683 ὅτι
1200 628 1252 683 οἱ
1320 627 1395 701 μὴ
1472 625 1830 697 πεποιηκότες

193 718 467 774 ἀπολέσθαι
530 717 777 794 ἔχουσιν.
836 718 979 791 Πρὸς
1040 715 1097 771 δὲ
1142 717 1206 771 τὸ
1255 716 1422 771 εἰπεῖν
1472 737 1558 788 με,
1618 714 1701 771 ὅτι
1753 713 1836 771 δεῖ

194 807 333 869 θεοὺς
398 808 577 883 λέγειν
633 808 765 862 καθὸ
819 809 866 844 ³ο
894 806 984 861 καὶ
1016 806 1071 860 αἱ
1102 805 1305 882 Γραφαὶ
1338 804 1529 867 αὐτοὺς
1561 803 1831 880 λέγουσιν,

190 896 267 952 καὶ
297 897 425 973 πρὸς
452 896 675 958 τούτοις
707 900 753 934 ²¹
788 893 1013 968 ἔδειξας,
1050 895 1133 949 ’ὁτι
1169 896 1243 968 μὴ
1270 892 1352 949 δεῖ
1380 893 1553 949 αὐτῶν
1590 893 1833 967 ὀνόματα

193 981 521 1063 φθέγγεσθαι,
552 990 638 1058 τῷ
665 987 765 1054 τὴν
796 984 964 1053 αὐτὴν
999 985 1215 1063 Γραφὴν
1270 982 1436 1038 εἰπεῖν
1473 986 1537 1053 ²¹,
1588 982 1833 1055 ἀνόματα

194 1078 310 1138 θεῶν
360 1068 555 1148 ἐτέρων
607 1074 685 1147 μὴ
736 1072 1081 1151 φθέγγεσθαι.
1134 1070 1281 1127 Ἐπεὶ
1342 1069 1431 1125 οὖν
1494 1070 1717 1125 autat”
1773 1069 1829 1124 αἱ

194 1161 375 1237 Γραφαί
422 1160 679 1223 πολλοὺς
718 1160 971 1237 λέγουσιν
1016 1159 1148 1215 εἶναι
1184 1158 1357 1230 θεοὺς,
1388 1158 1477 1213 καὶ
1510 1155 1711 1213 ἄλλοτε
1738 1154 1830 1212 ἕνα

198 1249 339 1321 μόνον
386 1249 542 1319 εἶναι,
597 1250 690 1304 καὶ
740 1248 828 1304 ὁτὲ
881 1249 974 1323 μὲν
1039 1249 1115 1322 μή
1164 1246 1604 1321 κακολογεῖσθαι,
1656 1246 1741 1302 δτὶ
1771 1243 1829 1301 δὲ

192 1336 613 1414 κακολογεῖσθαι,
666 1341 823 1397 824
861 1339 998 1414 πρὸς
1025 1341 1186 1393 τοῦτο
1215 1336 1268 1392 τί
1301 1334 1381 1392 δεῖ
1412 1334 1758 1411 λογίσασθαι,
1789 1336 1825 1405 ἢ

195 1425 263 1482 ὅτι
291 1426 439 1483 αὐταὶ
469 1430 631 1501 ἡμᾶς
656 1429 712 1483 αἱ
741 1426 947 1507 Γραφαὶ
976 1425 1292 1496 πλανῶσιν;

249 1608 306 1662 X.
337 1603 439 1663 Καὶ
471 1604 500 1659 ὁ
532 1602 741 1679 Πέτρος
761 1602 887 1683 ἔφη’
913 1602 986 1660 Οὐ
1007 1602 1308 1676 πλανῶσιν,
1331 1601 1457 1659 ἀλλ’
1476 1599 1822 1678 ἐλέγχουσιν,

193 1694 267 1747 καὶ
298 1693 368 1755 εἷς
388 1695 626 1772 φανερὸν
659 1690 847 1770 ἄγουσι
873 1694 972 1763 τὴν
1008 1693 1060 1748 ἐν
1093 1694 1301 1765 ἑκάστῳ
1320 1693 1456 1748 κατᾶ
1473 1695 1569 1746 τοῦ
1592 1695 1725 1747 Θεοῦ
1748 1690 1826 1745 ἐν-

194 1779 518 1858 δομυχοῦσαν
540 1786 592 1820 ²⁴
610 1780 789 1860 ὥσπερ
812 1777 988 1861 ὄφεως
1017 1783 1187 1851 κακὴν
1215 1780 1547 1857 προαίρεσιν.
1582 1779 1823 1843 Πολλοῖς

1944 645 2071 686 esse
2101 636 2605 706 creatorem,quod
2636 638 2735 707 qui
2761 641 3357 711 noncrearunt,perire
3370 640 3591 695 habent.

1942 719 2207 791 Cumque
2236 721 2503 793 dixerim,
2538 725 2929 783 nominandos
2960 744 3089 783 esse
3122 729 3281 798 deos,
3315 729 3592 801 quoniam

1942 811 2001 862 et
2030 808 2335 881 Scripturas
2366 828 2464 867 eos
2496 814 2823 881 nominant,
2857 817 3033 872 etiam
3066 818 3137 872 ad
3168 817 3288 871 haec
3342 821 3589 873 demon-

1942 897 2161 966 strasti,
2211 915 2324 953 non
2370 905 2634 972 oportere
2683 919 2885 959 eorum
2932 905 3172 961 nomina
3220 906 3476 977 proferre
3523 922 3589 962 eo

1942 985 2097 1056 quod
2127 988 2328 1042 eadem
2361 989 2662 1061 Scriptura
2692 992 2867 1061 dicat,
2900 993 3140 1049 nomina
3169 996 3410 1050 deorum
3446 996 3588 1051 alio-

1940 1090 2071 1128 rum
2104 1091 2219 1130 non
2268 1093 2395 1132 esse
2426 1080 2881 1149 pronuntianda.
2932 1083 3417 1155 Quandoquidem
3449 1101 3585 1157 ergo

1938 1162 2152 1217 eaedem
2184 1164 2493 1236 Scriptura:
2530 1168 2745 1223 multos
2772 1170 2975 1225 dicunt
3003 1188 3130 1226 esse
3162 1172 3395 1239 deos,et
3424 1172 3583 1243 alibi,

1938 1267 2121 1306 unum
2156 1252 2345 1308 solum
2380 1271 2529 1321 esse,
2549 1260 2605 1311 et
2634 1256 3055 1329 aliquando,iis
3090 1277 3205 1317 non
3239 1261 3586 1317 maledicen-

1938 1339 2102 1406 dum,
2135 1341 2449 1413 aliquando
2481 1344 2975 1414 maledicendum,
3010 1364 3079 1403 ex
3107 1348 3215 1405 hoc
3247 1351 3387 1421 quid
3440 1367 3584 1407 con-

1937 1428 2169 1485 cludere
2187 1430 2610 1502 debemus,nisi
2632 1437 2788 1508 quod
2818 1436 2958 1509 ipsaa
2979 1453 3087 1494 nos
3116 1439 3415 1511 decipiunt
3434 1440 3584 1496 Scri-

1937 1522 2121 1574 nturae
2141 1518 2170 1574 ?

1937 1522 2121 1590 pturae

2006 1606 2072 1662 X.
2106 1608 2311 1664 Petrus
2339 1610 2641 1681 respondit
2675 1629 2688 1667 :
2719 1612 2844 1669 Non
2876 1615 3196 1688 decipiunt,
3229 1618 3329 1673 sed
3379 1618 3577 1674 redar-

1933 1699 2218 1767 guunt,ac
2250 1698 2306 1752 in
2338 1698 2641 1769 publicum
2673 1702 2975 1773 proferunt
2996 1704 3209 1761 malam
3242 1722 3379 1778 erga
3397 1711 3577 1764 Deum

1931 1784 2310 1858 voluntatem,
2360 1787 2421 1842 in
2473 1805 2827 1861 unoquoque
2876 1792 3064 1848 instar
3110 1795 3395 1867 serpentis
3444 1796 3577 1851 lati-

189 1872 273 1947 γὰρ
322 1872 410 1927 καὶ
460 1870 753 1951 διαφόροις
787 1871 980 1928 τύποις
1013 1872 1240 1927 ἐοικυῖαι
1270 1870 1604 1948 πρόκεινται.
1657 1872 1818 1924 Ἕκα-

353 1958 382 1975 ιν
578 1967 610 1975 ι..
665 1962 679 1975 ι
814 1966 839 1975 ω
987 1962 1001 1975 ε
1135 1959 1148 1975 Ω
1226 1963 1253 1974 ν
1455 1959 1467 1975 1
1649 1954 1674 1975 Ἰ

1933 1877 2174 1930 tantem.
2227 1876 2423 1933 Multis
2471 1878 2625 1933 enim
2676 1896 2743 1934 ac
2789 1880 2966 1937 variis
3014 1882 3171 1955 typis
3216 1884 3438 1940 similes
3480 1887 3573 1955 ja-

190 1980 295 2022 στος
325 1958 412 2016 οὖν
458 1967 624 2037 κηρῷ
665 1962 900 2017 ἓοικυῖαν
944 1962 1043 2030 τὴν
1090 1959 1257 2016 αὐτοῦ
1303 1959 1613 2035 προαίρεσιν
1648 1954 1818 2035 ἔχων,

1933 1968 2081 2018 cent.
2114 1964 2532 2039 Unusquisque
2573 1984 2710 2040 ergo
2743 1986 2884 2025 cerae
2934 1954 3301 2028 consimilem
3352 1974 3574 2030 habens

189 2045 643 2125 περιϐλεψάμενος
690 2050 851 2113 αὐτὰς
897 2049 987 2105 καὶ
1032 2048 1207 2105 πάντα
1255 2048 1423 2124 εὑρὼν
1492 2048 1543 2103 ἐν
1607 2048 1818 2118 αὐταῖς,

188 2138 352 2193 ὁποῖον
385 2139 515 2195 Θεὸν
566 2140 703 2195 εἶναι
754 2139 899 2204 θέλει
928 2142 993 2212 ³⁵,
1052 2140 1172 2209 τήν,
1224 2138 1298 2200 ὡς
1332 2136 1488 2217 ἔφην,
1519 2142 1675 2214 κηρῷ
1707 2136 1817 2192 ἐοι-

185 2232 315 2282 κυῖαν
361 2228 683 2306 προαίρεσιν
734 2224 1009 2285 ἐπιϐαλὼν
1063 2226 1453 2301 ἀπομάσσεται.
1518 2226 1662 2282 Ἐπεὶ
1722 2224 1812 2281 οὖν

185 2314 271 2370 ὅτι
301 2319 343 2354 ²⁶
371 2317 429 2371 ἃν
485 2317 764 2394 βούληταί
805 2338 890 2381 τις
921 2316 1044 2393 περί
1084 2322 1218 2373 Θεοῦ
1249 2322 1484 2395 φρονεῖν,
1543 2315 1593 2371 ἐν
1626 2314 1812 2379 αὐταῖς

188 2405 415 2480 εὗρὶσκει,
446 2406 649 2462 τούτου
688 2408 850 2484 χάριν
884 2409 911 2463 6
972 2407 1066 2482 μὲν
1126 2404 1351 2462 πολλῶν
1404 2408 1536 2469 θεῶν
1592 2402 1734 2467 ίδὲας
1768 2406 1811 2442 ³⁷

186 2494 528 2568 ἂπομάσσεται
580 2495 674 2551 ἀπ’
730 2495 929 2566 αὐτῶν,
975 2497 1064 2551 καὶ
1112 2494 1273 2567 ἡλεῖς
1309 2497 1408 2566 τὴν
1440 2498 1537 2550 τοῦ
1568 2490 1733 2556 ὅντως
1764 2496 1809 2531 ³⁸

184 2581 543 2657 ἆπεμαξάμεθα
607 2583 747 2641 ἰδέαν
778 2588 845 2655 2°,
897 2585 956 2641 ἐκ
998 2592 1098 2655 τῆς
1122 2584 1390 2661 ἡμετερας
1443 2591 1659 2663 μορφῆς
1715 2584 1809 2639 τὸν

186 2672 339 2743 ἀληθῆ
388 2674 701 2750 ἐπιγνόντες
746 2674 938 2732 τύπον.
970 2672 1148 2731 Ἀλλὰ
1184 2674 1275 2729 καὶ
1332 2676 1367 2743 ἡ
1401 2670 1611 2737 ἔνδοθεν
1649 2676 1812 2747 ἡμῶν

186 2761 316 2837 ψυχὴ
354 2764 450 2831 τήν
499 2763 671 2818 αὐτοῦ
720 2762 902 2819 εἰκόνα
947 2764 1083 2840 πρὸς
1144 2762 1431 2818 ἀθανασίαν
1491 2762 1807 2842 ἠμφίεσται.

186 2851 366 2919 Ταύτης
420 2852 512 2907 τὸν
572 2854 870 2927 γεννήτορα
918 2851 1006 2907 ἐὰν
1049 2850 1357 2923 καταλίπω,
1411 2848 1590 2906 δικαία
1635 2851 1809 2927 κρίσει

187 2938 261 2992 καὶ
287 2939 413 3012 αὕτη
467 2963 533 3015 με
585 2940 902 2997 καταλιπεῖν
937 2940 1075 3019 ἔχει,
1105 2940 1252 3013 αὐτῷ
1273 2945 1353 3013 τῷ
1386 2943 1433 2978 3°
1489 2939 1810 3014 τολμήματι

189 3029 465 3103 γνωρίσασα
506 3028 721 3102 ἄδικον,
746 3032 836 3085 καὶ
890 3031 964 3093 ὡς
995 3032 1100 3085 ἀπὸ
1150 3027 1362 3086 δικαίου
1394 3026 1617 3091 δικαίως
1647 3048 1809 3084 κατα-

190 3114 339 3190 λείψει
368 3138 463 3193 με⁴
514 3119 610 3175 καὶ
660 3119 835 3183 οὕτως
880 3120 980 3190 τήν
1032 3120 1215 3196 ψυχήν
1253 3120 1385 3192 μετᾶ
1412 3117 1653 3189 κόλασιν,
1709 3124 1811 3187 τῆς

190 3204 265 3258 ἀπ’
289 3207 449 3279 αὐτῆς
477 3206 830 3287 ἀπολειφθεὶς
862 3211 906 3247 ³¹
943 3208 1212 3285 βοηθείας,
1260 3209 1627 3287 φθαρήσομαι.
1658 3206 1722 3261 Εἰ
1754 3204 1813 3261 δὲ

1927 2052 2280 2109 voluntatem
2316 2072 2505 2124 suam,
2540 2058 2679 2112 dum
2712 2060 3038 2131 Scripturas
3072 2060 3405 2133 perlustrat,
3432 2079 3573 2119 cun-

1926 2145 2134 2213 ctaque
2164 2143 2222 2197 in
2257 2143 2873 2218 illisinvenit,qualem
2897 2150 3075 2204 Deum
3106 2166 3234 2205 esse
3248 2151 3571 2218 vult,talem

1925 2230 2197 2302 exprimit
2225 2230 2497 2289 immissa
2524 2234 2840 2304 voluntate,
2876 2253 3026 2308 quae,
3061 2243 3126 2293 ut
3156 2238 3294 2307 dixi,
3330 2240 3571 2296 assimi-

1923 2315 2077 2372 latur
2110 2320 2425 2383 cerae.Quia
2452 2337 2590 2393 ergo
2623 2324 2911 2395 quidquid
2945 2324 3067 2381 vult
3095 2325 3308 2393 aliquis
3338 2327 3409 2383 de
3457 2333 3568 2384 Deo

1922 2406 2159 2475 sentire,
2208 2408 2265 2462 in
2297 2409 2609 2481 Scripturis
2657 2413 2918 2480 offendit,
2951 2430 3019 2469 ea
3070 2415 3259 2486 gratia
3284 2414 3380 2471 ille
3430 2417 3569 2489 qui-

1921 2494 2053 2549 dem
2087 2494 2411 2553 muItorum
2443 2500 2683 2555 deorum
2716 2501 3004 2574 imagines
3031 2519 3101 2558 ex
3130 2503 3203 2558 iis
3229 2504 3476 2576 efﬁngit,
3507 2510 3567 2561 at

1921 2599 2029 2638 nos
2061 2584 2157 2639 Dei
2186 2586 2305 2640 veri
2331 2588 2583 2658 speciem
2616 2590 3032 2661 expressimus,
3048 2607 3116 2646 ex
3147 2596 3347 2648 nostra
3377 2593 3566 2650 forma

1919 2687 2121 2728 verum
2174 2681 2557 2746 agnoscentes
2598 2678 2912 2750 exemplar.
2944 2680 3053 2735 Sed
3102 2684 3160 2735 et
3190 2680 3358 2737 nobis
3388 2681 3569 2738 insita

1921 2760 2120 2815 anima
2149 2760 2307 2816 illius
2338 2763 2592 2837 imagine
2623 2767 2691 2821 ad
2728 2766 3167 2823 immortalitem
3198 2769 3405 2826 induta
3455 2774 3567 2827 est.

1921 2850 2058 2920 Ejus
2089 2856 2389 2921 parentem
2424 2856 2474 2909 si
2506 2854 2958 2928 relinquo,justo
2980 2857 3207 2928 judicio
3236 2875 3305 2913 ea
3336 2876 3569 2931 quoque

1919 2953 2013 2993 me
2044 2939 2359 3012 relinquet,
2390 2941 2518 3013 ipso
2550 2944 2805 3000 facinore
2833 2944 3102 3002 indicans
3146 2947 3456 3017 injustum,
3491 2951 3571 3015 et,

1921 3031 1986 3082 ut
2014 3044 2140 3099 quae
2170 3030 2364 3086 veniat
2393 3048 2427 3085 a
2449 3033 2796 3104 justojuste
2828 3050 2921 3091 me
2945 3035 3192 3104 deseret,
3213 3036 3419 3108 sicque
3450 3036 3574 3092 ani-

1921 3131 2077 3172 mam
2112 3122 2243 3189 post
2273 3120 2640 3191 punitionem
2658 3122 3234 3193 perdam,deﬁciente
3264 3125 3478 3179 auxilio
3496 3124 3568 3181 ab

1920 3221 1985 3260 ea
2018 3210 2164 3261 orto.
2198 3207 2256 3264 Si
2288 3212 2485 3264 autem
2535 3214 2625 3266 est
2670 3210 2823 3266 alius
2877 3211 3051 3280 Deus,
3084 3212 3341 3283 primum
3392 3213 3570 3270 aliam

189 3290 307 3348 ἔστιν
345 3275 546 3374 ἕτερος,
582 3275 798 3374 πριῖλτον
832 3275 1099 3353 ἐνδυσάτω
1130 3275 1311 3372 ἑτέραν
1356 3275 1595 3366 {Stant-3’,
1628 3294 1806 3371 ἑτέραν

1933 3295 2177 3366 speciem
2208 3296 2434 3365 induat,
2467 3297 2641 3354 aliam
2672 3299 3016 3366 formam,ut
3044 3316 3148 3372 per
3175 3301 3435 3374 corporis
3466 3318 3571 3358 no-

193 3386 402 3461 μορφὴν,
446 3383 540 3441 ’ἶνα
594 3383 685 3441 διὰ
718 3393 819 3457 τῆς
846 3390 943 3441 τοῦ
973 3386 1228 3459 σώματος
1254 3391 1445 3455 καινῆς
1478 3391 1694 3462 μορφῆς
1722 3385 1814 3440 τὸν

190 3475 345 3528 καινὸν
374 3473 580 3550 ἐπιγνῶ
610 3475 763 3533 Θεόν.
795 3475 859 3529 El.
891 3472 949 3530 δὲ
977 3475 1067 3530 καὶ
1123 3476 1223 3545 τὴν
1261 3474 1475 3552 μορφὴν
1507 3472 1715 3547 ἀλλάξῃ
1746 3475 1812 3542 ³³,

196 3563 255 3630 μή
293 3584 340 3617 τι
387 3565 540 3623 825
590 3562 680 3619 καὶ
729 3570 829 3632 τῆς
878 3566 1065 3639 ψυχῆς
1119 3564 1218 3632 τὴν
1252 3561 1436 3632 ὐσίανς
1478 3561 1540 3617 Εἰ
1571 3559 1628 3617 δὲ
1654 3561 1743 3617 καὶ
1768 3563 1816 3598 ³⁸

194 3646 393 3725 ἀλλάξῃ,
425 3653 523 3708 οὐκ
553 3648 634 3707 ἔτι
669 3652 778 3728 ἐγώ
807 3650 945 3726 εἰμι,
990 3650 1162 3715 ἄλλος
1190 3652 1477 3728 γενόμενος
1506 3651 1595 3706 καὶ
1628 3654 1812 3729 μορφῇ

194 3737 267 3791 καὶ
294 3739 459 3812 οὐσίᾳ.
490 3739 741 3803 ’Ἄλλους
768 3740 859 3795 οὖν
898 3737 1204 3807 πλαττέτω,
1238 3739 1282 3794 εἶ
1312 3738 1482 3801 ἄλλος
1512 3738 1672 3795 ἐστίν.
1705 3738 1816 3794 Οὐκ

197 3823 287 3881 ἔστι
316 3826 387 3885 δὲ.
419 3830 483 3885 El
534 3827 595 3885 δὲ
640 3829 730 3900 ἧν,
765 3826 993 3884 ἔπλασεν
1024 3826 1101 3884 ἂν.
1136 3828 1282 3883 Ἐπεὶ
1314 3825 1403 3882 οὖν
1434 3827 1533 3883 οὐκ
1562 3825 1812 3897 ἔπλασεν,

199 3913 258 3977 ὡς
285 3917 375 3973 οὒκ
420 3917 492 3973 ὥν
539 3919 636 3974 τὸν
678 3914 807 3973 ὄντα
850 3923 931 3991 τῷ
963 3912 1077 3972 ὄντι
1105 3915 1471 3972 καταλιπέτω.
1505 3915 1683 3978 Οὐ-εὶς
1712 3917 1813 3992 γὰρ

199 4002 398 4077 tangi}
456 4007 598 4081 μόνῃ
644 4007 834 4083 γνώμῃ
882 4006 1154 4079 Σίμωνος.
1206 4006 1344 4083 Ἐγὼ
1392 4003 1561 4061 ἄλλον
1594 4005 1719 4061 Θεὸν
1752 4003 1814 4059 οὐ

202 4093 584 4172 παραδέχομαι,
609 4094 757 4165 πλὴν
786 4096 878 4150 τὸν
895 4095 1147 4150 κτίσαντα
1176 4115 1243 4169 με
1276 4094 1458 4169 μόνον.

254 4188 332 4239 XI.
364 4186 458 4241 Καὶ
499 4188 527 4241 6
566 4184 755 4259 Σίμων
777 4202 790 4217 ’
824 4182 972 4240 Ἐπεὶ
1002 4184 1328 4261 πυκνότερόν
1378 4205 1436 4239 σε
1466 4185 1577 4258 ὁρῶ
1605 4184 1696 4239 τὸν
1725 4180 1818 4237 λό-

198 4291 275 4345 γον
321 4275 645 4349 ποιούμενον
691 4274 823 4351 ὑπὲρ
872 4277 972 4328 τοῦ
1020 4272 1324 4335 πλάσαντός
1381 4294 1437 4328 σε
1484 4277 1641 4340 Θεοῦ,
1682 4271 1818 4345 μάθε

200 4363 304 4436 παρ’
332 4362 481 4435 ἐμοῦ,
514 4368 638 4426 πῶς
685 4362 775 4418 καὶ
828 4362 904 4425 είς
953 4360 1111 4416 αὐτὸν
1161 4356 1392 4423 ἀσεϐεῖς.
1426 4362 1488 4415 Οἱ
1516 4359 1816 4423 πλάσαντες

204 4444 281 4503 δύο
326 4452 628 4530 φαίνονται,
668 4452 743 4514 ὡς
785 4453 821 4522 ἡ
854 4451 1041 4528 Γραφὴ
1076 4450 1241 4526 λέγει*
1277 4449 1373 4505 Καὶ
1404 4450 1546 4506 εἴπεν
1582 4451 1609 4505 ὁ
1663 4449 1815 4511 Θεός⁸

205 4541 495 4616 Ποιήσωμεν
552 4540 833 4614 ἄνθρωπον
880 4541 996 4594 κατ’
1047 4538 1227 4593 είκόνα
1255 4539 1523 4615 ἡμετέραν
1581 4538 1669 4594 καὶ
1700 4540 1819 4593 καθ’

1922 3400 2054 3438 vam
2078 3384 2325 3456 ﬁguram
2340 3403 2555 3442 novum
2570 3404 2880 3459 agnoscam
2900 3388 3217 3445 Deum.Sed
3234 3390 3348 3445 etsi
3366 3391 3572 3463 ﬁguris

1925 3471 2174 3544 ﬁguram
2190 3476 2671 3546 mutet,nunquid
2685 3480 2740 3530 et
2753 3476 2962 3531 animae
2978 3478 3565 3546 substantiam?Quod

1925 3559 1975 3615 si
2004 3577 2131 3615 eam
2164 3578 2394 3634 quoque
2428 3564 2879 3635 mutaverit,non
2901 3565 3155 3637 amplius
3176 3583 3282 3639 ego
3305 3568 3569 3640 sum,qui

1924 3648 2078 3705 alius
2101 3650 2288 3706 factus
2312 3652 2389 3706 fui
2404 3656 2528 3707 tum
2546 3652 2887 3724 ﬁgura,tum
2909 3655 3420 3713 substantia.Alios
3433 3673 3569 3729 ergo

1924 3739 2153 3805 creet,si
2176 3738 2327 3795 alius
2348 3741 2636 3797 est.Porro
2651 3759 2762 3799 non
2778 3743 3113 3800 est.Sienim
3128 3750 3303 3814 esset,
3318 3750 3571 3802 creasset

1925 3827 2149 3900 utique.
2184 3833 2326 3884 Cum
2359 3846 2495 3903 ergo
2527 3847 2641 3886 non
2675 3834 2974 3899 creaverit,
3007 3837 3292 3905 tanquam
3324 3834 3423 3906 qui
3454 3852 3569 3890 non

1924 3916 2348 3978 existit.revera
2376 3918 2720 3976 existentem
2744 3921 3011 3978 existenti
3043 3921 3570 3994 relinquat.Nullus

1926 4006 2140 4078 quippe
2170 4012 2279 4073 est,
2317 4007 2427 4063 nisi
2474 4007 2599 4065 sola
2627 4009 2884 4066 Simonis
2913 4011 3205 4083 opinione.
3239 4012 3358 4084 Ego
3390 4012 3571 4068 alium

1925 4092 2045 4149 Deu
2056 4111 2112 4149 m
2126 4112 2240 4149 non
2264 4095 2710 4169 recipio,praater
2722 4115 2855 4154 eum
2870 4098 3058 4154 solum
3074 4101 3173 4171 qui
3188 4116 3279 4155 me
3292 4100 3570 4155 condidit.

1995 4183 2247 4239 XLTum
2275 4185 2509 4241 Simon:
2534 4186 2679 4250 Quia
2703 4187 2866 4243 video
2887 4191 2942 4243 te
2969 4187 3330 4259 frequentius
3357 4205 3575 4245 sermo-

1928 4288 2062 4327 nem
2095 4272 2282 4329 facere
2314 4274 2384 4329 de
2417 4275 2528 4329 Deo
2560 4275 2662 4346 qui
2691 4279 2747 4331 te
2774 4275 3173 4345 creavit,disce
3200 4293 3343 4333 ame
3373 4294 3574 4349 quem-

1929 4361 2249 4416 admodum
2279 4361 2340 4417 in
2372 4361 2569 4435 ipsum
2601 4363 2776 4419 etiam
2801 4364 3020 4437 impius
3043 4365 3407 4438 sis.Apparet
3428 4368 3578 4423 duos

1927 4466 2058 4507 esse
2088 4454 2397 4523 creatores,
2432 4452 2587 4508 sicut
2616 4452 2699 4509 ait
2725 4453 3027 4525 Scriptura
3060 4470 3074 4509 :
3109 4455 3176 4510 Et
3210 4454 3355 4511 dixit
3383 4460 3529 4511 Deus
3559 4474 3579 4510 :

1928 4542 2214 4596 Faciamus
2246 4540 2518 4596 hominem
2564 4541 2634 4596 ad
2662 4547 2907 4597 nostram
2954 4543 3251 4615 imaginem
3288 4548 3340 4599 et
3369 4544 3577 4599 simili-

204 4625 436 4699 ὁμοίωσιν
467 4634 535 4689 ³⁸.
566 4631 636 4686 Τὸ
665 4631 986 4702 ποιήσωμεν
1019 4625 1115 4683 δύο
1146 4628 1416 4702 σημαίνει,
1464 4629 1499 4698 ἢ
1538 4626 1817 4700 πλείονας,

1933 4629 2176 4685 tudinem
2204 4628 2304 4700 (a).
2337 4631 2625 4685 Faciamus
2657 4630 2805 4686 duos
2858 4631 3170 4703 signiﬁcat,
3204 4636 3308 4687 aut
3352 4631 3573 4704 plures,

205 4714 429 4783 πλείονας
455 4717 607 4789 πλήν
640 4718 749 4794 οὐχ
777 4715 886 4773 ἕνα.

262 4810 362 4861 XII.
394 4809 490 4863 Καὶ
545 4809 574 4863 6
624 4808 827 4882 Πέτρος
872 4806 1194 4879 ἆπεκρινατο
1223 4821 1236 4836 ⁶
1278 4810 1373 4868 Εις
1400 4802 1539 4861 ἐστὶν
1574 4805 1602 4859 6
1632 4809 1701 4879 τῇ
1732 4804 1823 4860 αὗ-

206 4895 287 4947 τοῦ
323 4896 474 4975 σοφίᾳ
522 4896 691 4952 εἰπών
718 4915 733 4931 ’
788 4896 1112 4969 Ποιήσωμεν
1160 4892 1459 4970 ἄνθρωπον,
1489 4895 1504 4914 ⁸
1551 4899 1596 4949 Π
1645 4892 1703 4950 δὲ
1730 4916 1820 4952 σο-

265 5046 335 5121 (α)
361 5048 497 5108 Gen.
529 5066 576 5122 ι,
604 5050 703 5112 26.

1931 4722 2085 4776 certe
2115 4735 2230 4773 non
2264 4734 2468 4773 unum.

2000 4807 2195 4863 Xll.Et
2225 4806 2431 4861 Petrus
2462 4807 2765 4878 respondit
2790 4825 2802 4863 :
2837 4807 2999 4864 Unus
3027 4808 3243 4881 est,qui
3274 4808 3572 4882 sapientia

1932 4913 2051 4954 sua:
2084 4896 2258 4952 dixit:
2289 4896 2586 4953 Faciamus
2612 4897 3062 4955 hominemﬂuic
3090 4913 3221 4954 vero
3254 4897 3575 4970 sapientiae,

1535 5226 1766 5285 VARIA‘J
1804 5226 2214 5287 LECTIONES.

269 5376 309 5413 ²⁰
331 5378 467 5443 καθ⁸δ
522 5384 582 5436 C.
660 5378 705 5415 ²¹
735 5378 895 5432 τοῦτο
927 5376 992 5435 Ο.
1027 5377 1176 5434 Tum
1206 5375 1290 5433 ὁεῖ
1320 5377 1473 5503 οοοέ.
1506 5380 1564 5433 C.
1598 5377 1700 5452 qui
1720 5378 1792 5463 in
1822 5380 1981 5434 textu
2014 5374 2123 5464 δεῖν
2155 5382 2221 5435 ut
2250 5379 2315 5436 0.
2394 5380 2441 5416 ³³
2473 5376 2641 5434 εἰπεῖν
2661 5396 2776 5437 om.
2810 5380 2875 5437 0.
2952 5380 3000 5462 ?3
3029 5379 3259 5437 Cvertit
3280 5381 3445 5453 quasi
3467 5381 3582 5456 legi

269 5446 427 5503 luerit
472 5452 527 5503 ai
570 5446 728 5503 αὗταί
785 5450 843 5503 S.
919 5450 967 5485 9‘
1007 5454 1095 5503 Ita
1130 5450 1175 5503 Ο
1216 5467 1266 5503 c.
1303 5449 1386 5503 Cl.
1445 5444 1848 5503 νδοαοιγουσαν
1881 5451 1941 5503 C.
1970 5451 2099 5503 Vld.
2137 5452 2299 5503 Hom.
2331 5468 2409 5503 x1.
2443 5452 2478 5503 6
2508 5455 2565 5503 et
2587 5452 2672 5503 H.
2750 5452 2796 5486 ³⁸
2824 5447 2968 5503 λέγει
3000 5452 3058 5503 Cl
3117 5458 3174 5503 et
3213 5454 3272 5503 S.
3306 5454 3582 5503 mendose

210 5446 427 5508 voluerit
472 5452 527 5506 αἱ
570 5446 728 5505 αὗταί
785 5450 843 5505 S.
919 5450 967 5485 ²⁴
1007 5454 1095 5506 Ita
1130 5450 1175 5507 Ο
1216 5467 1266 5506 c.
1303 5449 1386 5506 Cl.
1418 5444 1848 5557 ἔνδομοῖξθοῦσαν
1881 5451 1941 5507 C.
1970 5451 2099 5505 Vid.
2137 5452 2299 5506 Hom.
2331 5468 2409 5519 x1,
2443 5452 2478 5505 6
2508 5455 2565 5507 et
2587 5452 2672 5507 H.
2750 5452 2796 5486 ³⁸
2824 5447 2968 5533 λιέγεὶ
3000 5452 3059 5509 Cl
3117 5458 3174 5508 et
3213 5454 3272 5509 S.
3296 5444 3585 5512 mendose

214 5517 252 5553 π
276 5518 301 5557 κ
323 5542 373 5557 π
401 5527 442 5557 n
490 5523 773 5557 Πιιῖηηαηα
808 5517 1057 5557 amne...“
1090 5525 1129 5557 ρ
1229 5522 1274 5557 ετ
1306 5517 1477 5557 sint."
1511 5522 1550 5557 ρ
1723 5514 1874 5557 ἕνη-ηρ
1902 5526 1941 5557 n
2037 5523 2084 5557 se
2115 5518 2286 5557 ρικέη..
2319 5526 2358 5557 n
2453 5522 2499 5556 ao
2520 5525 2599 5557 ηπ.
2649 5524 2867 5557 {manuni
2931 5539 2961 5557 η
3016 5524 3061 5557 n
3158 5525 3201 5557 81
3234 5523 3338 5557 2.-..
3385 5525 3584 5557 ....n-z-

214 5517 252 5553 “
276 5518 376 5596 ὅτε
401 5527 460 5580 0.
490 5523 774 5596 Deinceps
808 5517 1061 5596 βούλεται
1229 5517 1477 5596 ³⁷-ςείδὲας
1511 5517 1570 5577 Ο.

1723 5514 1874 5611 ὄντος
1900 5526 1974 5611 ,C,.'
2037 5518 2286 5611 "neiiéay
2438 5522 2499 5611 ‘3"
2649 5523 2870 5611 inserpi
2901 5514 2981 5580 'c.
3016 5524 3082 5581 Ο.
3157 5525 3203 5611 1‘
3233 5523 3584 5611 ᾀποικειφθείς

218 5593 523 5671 conjectavit
546 5590 1061 5671 C,_an'o}éiq>9§tgp_c
1082 5592 1246 5671 idem
1276 5594 1334 5648 in
1349 5597 1553 5671 φθαίη,
1589 5596 1653 5648 ut
1683 5596 1747 5671 ρ..
1789 5594 1841 5671 ,³³
1871 5590 2045 5671 είόἐαν
2077 5594 2135 5649 C.
2170 5590 2673 5671 Deinde‘dedj'iza
2702 5625 2771 5671 -ε-
2796 5591 3002 5671 ἐπιγνῳ
3052 5613 3103 5671 ς.
3154 5596 3223 5671 0”
3246 5590 3473 5671 ἐπιγνῷν
3505 5601 3580 5671 _C;

220 5661 729 5740 rectumjamvmit
749 5666 801 5740 _S.
852 5661 924 5740 ’ἥδ
952 5661 1174 5740 emes:
1206 5664 1272 5721 0.
1346 5665 1393 5699 ³⁴
1414 5670 1623 5722 Deesse
1653 5663 1876 5722 videtur
1902 5663 2102 5733 ταύτην
2136 5668 2268 5737 post
2297 5663 2342 5718 εί
2374 5661 2432 5718 δὲ
2459 5664 2567 5721 καὶ,
2602 5666 2660 5723 S.
2689 5663 2864 5720 οὐκέτι
2897 5661 3009 5724 scr.
3041 5668 3107 5724 0.
3186 5670 3229 5703 ³⁸
3266 5661 3384 5723 κατ’
3404 5661 3582 5723 εἰκόνά

221 5731 293 5787 καὶ
315 5731 709 5815 καθ”ὁμοίωσιν
741 5735 1006 5812 ἡμετέραν
1036 5737 1099 5796 C.
