4140 6344
508 448 626 510 375

1334 446 1400 508 S.
1445 443 1889 506 CLEMENTIS
1934 442 1958 503 Ι
2002 441 2192 503 ROM.
2237 440 2469 504 PONT.
2515 442 2778 508 OPERA
2820 445 3083 510 DUBIA.

3799 447 3931 508 3'16

508 583 789 652 tanquam
821 577 1054 652 proprio
1101 576 1358 650 spiritui,
1390 576 1515 649 ipse
1547 592 1779 649 semper
1825 574 2154 647 congaude-

2283 572 2363 650 ρία
2383 574 2517 647 (47),
2602 578 2648 614 ³⁸
2673 574 2852 653 ὥσπερ
2882 574 3003 651 ἰδίῳ
3017 574 3283 649 πνεύματι
3306 576 3465 640 αὐτὸς
3482 575 3562 632 ἀεὶ
3580 578 3929 656 συνέχαιρεν¹

512 670 635 725 bat.
669 669 844 724 Unita
873 668 1106 741 quidem
1139 670 1228 723 est
1256 666 1393 732 Deo,
1426 670 1493 721 ut
1523 666 1740 735 anima,
1761 665 1832 720 ab
1863 681 1928 720 eo
1959 668 2156 719 autem

513 758 867 823 extenditur,
898 757 1053 813 velut
1089 754 1773 821 manus,universitatem
1808 754 2155 826 producens.

513 852 762 920 Propter
790 848 899 903 hoc
928 863 1059 902 vero
1091 850 1148 901 et
1177 863 1331 902 unus
1362 845 1537 901 homo
1568 845 1839 900 conditus
1867 846 1974 913 est,
1990 842 2061 898 ab
2092 857 2158 896 eo

515 942 711 994 autem
760 936 939 993 etiam
989 952 1163 991 sexus
1206 934 1494 991 femineus
1544 932 1843 1006 processit.
1895 932 2160 1003 Cumque

516 1025 714 1083 unitas
746 1025 823 1081 sit
853 1023 1429 1097 genere,dualitatem
1463 1021 1621 1079 facit.
1653 1021 1799 1077 Nam
1831 1036 1934 1093 per
1963 1023 2159 1075 exten-

512 1115 739 1172 sionem
773 1118 831 1169 et
859 1112 1319 1169 contractionem
1360 1110 1560 1166 unitas
1589 1109 1842 1166 dualitas
1873 1124 2002 1165 esse
2031 1123 2164 1164 cen-

518 1206 908 1274 setur.1taque
936 1206 1090 1258 recte
1121 1200 1268 1257 facio
1286 1199 1598 1256 deferendo
1615 1214 1850 1255 omnem
1880 1197 2163 1254 honorem

519 1293 623 1350 uni
655 1293 793 1363 Deo,
822 1298 1105 1364 tanquam
1137 1289 1501 1362 parentibus.
1534 1288 1688 1344 Dixit
1729 1287 1929 1344 Simon
1967 1304 1981 1343 :
2014 1285 2165 1353 Quid

518 1385 739 1449 vero,et
768 1381 817 1437 si
848 1380 1158 1452 Scriptura
1189 1379 1335 1435 alios
1365 1378 1505 1433 deos
1534 1376 1842 1443 aiunt,non
1864 1373 2167 1432 admittes?

593 1469 957 1526 XIII.Petrus
988 1468 1325 1540 respondit:
1350 1466 1411 1523 Si
1441 1463 1841 1537 Scripturtnmi
1873 1463 2165 1537 propheta:

523 1559 664 1615 deos
695 1558 915 1627 dicunt,
948 1557 1005 1613 in
1038 1556 1417 1613 tentationem
1448 1554 1811 1611 audientium
1846 1553 2069 1619 dicunt,
2089 1551 2171 1607 ita

526 1646 743 1719 quippe
763 1646 1050 1716 scriptum
1075 1648 1164 1701 est
1185 1661 1196 1699 :
1214 1644 1275 1699 Si
1301 1644 1613 1699 surrexerit
1632 1641 1778 1713 apud
1809 1646 1859 1697 te
1887 1640 2167 1713 prOpheta,

527 1735 665 1792 dans
693 1753 854 1807 signa
895 1739 947 1791 et
970 1734 1248 1807 prodigia,
1283 1742 1335 1789 et
1383 1733 1621 1788 evenerit
1664 1733 1885 1803 signum
1940 1729 2084 1784 illud
2109 1745 2172 1784 ac

524 1826 869 1898 prodigium,
902 1824 1111 1881 dixerit
1139 1839 1260 1878 vero
1289 1824 1395 1878 tibi
1415 1839 1434 1877 :
1464 1824 1675 1877 Eamus
1705 1823 1756 1876 et
1784 1821 2020 1875 colamus
2048 1817 2174 1874 deos

532 1914 760 1981 alienos,
790 1930 928 1985 quos
954 1914 1263 1969 nescierunt
1283 1919 1468 1983 patres
1498 1911 1603 1978 tui,
1628 1925 1743 1965 non
1772 1909 2009 1964 audietis
2041 1923 2172 1979 pro-

528 2003 751 2076 phetam
780 2004 943 2059 illum
959 2016 985 2058 r
1010 2004 1071 2057 in
1097 2003 1298 2071 primis
1324 2001 1438 2055 sint
1467 2014 1666 2055 manus
1692 2003 1802 2055 tua
1818 1998 1895 2052 ad
1925 1996 2175 2069 (apidan-

534 2094 665 2149 dum
694 2108 840 2149 eum.
891 2093 1131 2148 Tentavit
1160 2092 1308 2146 enim
1353 2092 1405 2145 te
1432 2096 1677 2144 avertere
1704 2105 1739 2142 a
1784 2088 2012 2143 Domzno
2060 2090 2177 2142 Deo

527 2188 644 2238 tuo.
681 2180 830 2250 Quod
856 2182 906 2237 si
945 2179 1154 2235 dixeris
1202 2181 1264 2234 in
1310 2176 1469 2235 corde
1516 2184 1605 2233 tuo
1636 2192 1655 2231 :
1685 2176 1800 2245 Quo
1845 2173 2003 2230 modo
2046 2176 2178 2245 fecit

526 2273 750 2343 signum
768 2272 867 2326 hoc
902 2269 983 2326 vel
999 2268 1657 2341 prodigium,cognoseens
1694 2278 2013 2335 cognoscas,
2042 2262 2175 2335 quia

525 2363 764 2418 tentator
790 2360 1042 2427 tentavit,
1073 2359 1135 2413 ut
1155 2358 1297 2414 sciat
1340 2373 1414 2411 an
1444 2356 1638 2410 timeas
1670 2353 1969 2409 Dominum
1999 2357 2174 2408 Deum

524 2453 683 2506 tuum
713 2448 809 2522 (a).
840 2449 913 2504 Et
939 2463 1072 2504 vero
1101 2446 1231 2519 quia
1260 2446 1503 2501 tentator
1531 2443 1785 2510 tentavit,
1807 2441 2033 2497 dictum
2060 2444 2170 2509 est,

526 2537 696 2596 aliter
714 2535 979 2593 autemid
1003 2532 1723 2610 posttransmigrationem
1741 2530 1801 2586 in
1815 2529 2171 2602 Babylonem

524 2631 789 2701 apparet.
819 2625 1019 2699 Neque
1048 2623 1203 2682 enim
1235 2623 1336 2696 qui
1385 2625 1594 2679 cuncta
1625 2619 1782 2676 novit
1810 2619 1983 2690 Deus,
2017 2618 2171 2674 sicut

525 2734 596 2775 ex
622 2714 824 2772 multis
854 2714 1084 2771 ostendi
1118 2712 1271 2783 licet,
1305 2711 1567 2782 tentavit,
1599 2714 1665 2765 ut
1693 2709 1820 2782 ipse
1848 2707 2044 2779 sciret,
2069 2706 2169 2778 qui

525 2806 759 2880 praesoit
805 2804 1024 2861 omnia.
1056 2801 1114 2858 Si
1144 2818 1276 2858 vero
1308 2800 1494 2873 cupis,
1526 2800 1598 2856 de
1645 2814 1713 2855 ea
1742 2814 1803 2854 re
1843 2811 2172 2854 sermonem

525 2894 835 2963 faciamus,
866 2897 923 2949 et
968 2890 1381 2948 demonstrabo
1428 2889 1616 2946 Deum
1666 2885 1973 2960 praescium
2020 2900 2170 2940 esse.

525 2983 698 3042 Illum
729 2986 927 3039 autem
970 2981 1260 3055 ignorare,
1291 2995 1427 3035 cum
1457 2977 1671 3034 falsum
1703 2976 1800 3047 sit,
1832 2975 1893 3030 id
1940 2990 2173 3046 quoque

528 3073 600 3130 ad
632 3071 1014 3128 tentationem
1045 3069 1330 3141 scriptum
1361 3066 1708 3124 ostenditur.
1742 3069 1831 3120 ita
1861 3080 1987 3131 nos,
2021 3079 2054 3118 ο
2084 3062 2158 3118 Si-

526 3177 880 3233 mon,neque
912 3160 985 3215 ab
1015 3158 1134 3214 ullo
1162 3157 1274 3215 alio
1302 3154 1645 3213 scandalum
1677 3153 1800 3226 pati
1832 3167 2170 3225 possumus,

525 3268 633 3308 nec
663 3251 735 3307 ad
767 3248 985 3306 multos
1014 3248 1154 3304 deos
1170 3245 1563 3304 admittendos
1592 3240 2167 3309 fraudeinducimur,

528 3356 632 3397 nec
662 3338 764 3396 ulli
795 3337 1050 3395 sermoni
1081 3334 1438 3393 assentimur
1466 3337 1670 3390 contra
1698 3332 1883 3388 Deum
1911 3329 2085 3385 dicto.

2206 1956 2253 2020 B

2265 660 2471 731 ἥνωται
2524 665 2619 738 μὶν
2666 665 2741 729 ὡς
2785 667 2939 742 ψυχὴ
2988 671 3067 739 τῷ
3113 671 3248 738 Θεῷ,
3298 666 3585 722 ἐκτείνεται
3619 665 3677 722 δὲ
3707 668 3798 722 ἀπ’
3833 667 3935 723 αὐ-

2263 756 2387 822 τοῦ,
2414 751 2490 815 ὡς
2521 753 2666 830 χεὶρ,
2700 752 2764 826 δη
2778 760 3110 833 μιουργοῦσα
3137 757 3199 811 τὸ
3229 761 3352 811 πᾶν.
3388 756 3484 810 Διὰ
3510 761 3673 812 τοῦτο
3726 755 3783 812 δὲ
3831 757 3931 813 καὶ

2267 839 2341 903 εἶς
2392 838 2675 916 ἅνθρωπος
2720 842 2953 918 ἐγένετο,
3007 845 3099 899 ἀπ’
3144 844 3308 899 αὐτοῦ
3356 841 3415 899 δὲ
3454 846 3706 919 προῆλθε
3730 844 3823 900 καὶ
3861 846 3932 901 τὸ

2268 930 2429 1000 θῆλυ.
2481 930 2578 985 Καὶ
2631 932 2799 1006 μονὰς
2827 935 2870 970 ³⁷
2912 931 3045 988 οὖσα
3085 938 3164 1006 τῷ
3205 932 3342 1009 γένει
3397 931 3526 996 δυάς
3574 934 3737 994 ἐστιν.
3773 936 3934 990 Κατὰ

2267 1018 2369 1096 γὰρ
2401 1015 2608 1075 ἔκτασιν
2648 1020 2738 1075 καὶ
2772 1020 3041 1092 συστολὴν
3074 1023 3109 1092 ἡ
3147 1022 3314 1096 μονὰς
3346 1020 3473 1085 δυὰς
3518 1023 3654 1078 εἶναι
3698 1022 3930 1097 νομίζε-

2270 1127 2379 1164 ται.
2410 1109 2570 1163 ’Ὠστε
2600 1107 2677 1163 ἐνὶ
2708 1108 2845 1183 Θεῷ,
2878 1109 2953 1173 ὡς
2982 1115 3246 1187 γονεῦσιν,
3282 1110 3456 1187 ὀρθῶς
3487 1114 3631 1167 ποιῶ
3658 1118 3758 1182 τῆν
3808 1117 3929 1167 πᾶ-

2272 1215 2366 1251 σαν
2394 1197 2813 1276 προσαναφέρων
2843 1200 3034 1273 τιμήν.
3066 1199 3173 1256 Καὶ
3205 1201 3266 1255 ὁὸ
3310 1199 3493 1274 Σίμων
3546 1195 3647 1279 ἔφη
3671 1218 3684 1232 ·
3733 1199 3794 1256 Τί
3844 1198 3929 1274 δὲ,

2274 1284 2393 1429 εδξῖ
2429 1285 2520 1341 καὶ
2550 1286 2604 1342 αἱ
2637 1288 2842 1368 Γραφαὶ
2872 1286 3090 1365 ἐτέρους
3119 1287 3274 1352 θεοὺς
3304 1286 3585 1365 λέγουσιν,
3634 1288 3698 1345 οὗ
3746 1310 3931 1366 παρα-

2363 1390 2427 1429 n:

2336 1373 2427 1448 En;

2347 1465 2501 1522 82B
2530 1470 2672 1522 XIII.
2706 1465 2811 1522 Καὶ
2834 1467 2862 1522 6
2884 1465 3088 1542 Πέτρος
3110 1464 3454 1543 ἀπεκρίνατο·
3488 1462 3613 1522 Εἴτε
3642 1466 3697 1521 αἱ
3719 1466 3933 1545 Γραφαὶ

2277 1547 2383 1606 εἷ’τε
2398 1560 2672 1632 προφῆται
2695 1556 2848 1619 θεοὺς
2880 1553 3153 1631 λέγουσιν,
3187 1556 3264 1620 εἰς
3293 1556 3591 1632 πειρασμὸν
3620 1561 3727 1611 τῶν
3761 1555 3933 1612 ἀκου-

2278 1638 2444 1697 όντων
2477 1645 2522 1680 ³⁹
2571 1641 2841 1721 λέγουσιν.
2888 1645 3042 1701 Οὕτω
3096 1645 3197 1722 γὰρ
3250 1646 3589 1722 γέγραπται·
3647 1647 3766 1701 Ἐὰν
3798 1645 3934 1701 ἀνα-

2278 1733 2377 1804 στῇ
2440 1729 2490 1786 ἐν
2550 1733 2634 1787 σοὶ
2686 1735 2998 1812 προφήτης,
3049 1731 3230 1796 διδοὺς
3260 1737 3304 1773 ἰο
3352 1740 3555 1807 σημεῖα
3593 1739 3687 1789 καῖ
3713 1733 3938 1812 τέρατα,

2279 1816 2369 1874 καί
2437 1816 2566 1896 ἔλθῃ
2620 1820 2744 1877 τότε
2799 1828 3027 1896 σημεῖον
3088 1822 3260 1879 ἐκεῖνο
3317 1822 3408 1878 καί
3461 1825 3523 1879 τὸ
3577 1824 3759 1899 τέρας,
3818 1823 3938 1899 ἐρεῖ

2284 1903 2342 1962 δέ
2412 1929 2534 1964 σοι·
2603 1911 2958 1987 Πορευθέντες
3033 1910 3412 1986 λατρεῦσωμεν
3491 1916 3635 1976 θεοῖς
3706 1911 3940 1987 ἑτέροις,

2286 1995 2366 2060 οἷς
2426 1996 2526 2053 οὐκ
2599 1994 2819 2073 ᾔδεισαν
2896 2001 2947 2055 οἱ
3037 2001 3261 2075 πατέρες
3316 2022 3432 2073 σου,
3493 2001 3593 2056 οὐκ
3652 2000 3947 2065 ἀκούσεσθε

2281 2089 2380 2140 τοῦ
2453 2089 2740 2165 προφήτου
2815 2088 3058 2145 ἐκείνου·
3136 2089 3188 2144 ἐν
3261 2091 3500 2166 πρώτοις
3577 2088 3812 2146 ἔστωσαν
3880 2090 3941 2144 αἱ

2282 2172 2465 2250 χεῖρές
2520 2195 2616 2231 σου
2676 2172 3040 2248 λίθοϐολῆσαι
3106 2177 3283 2237 αὐτόν.
3344 2176 3627 2253 Ἐπείρασε
3698 2177 3800 2255 γάρ
3879 2198 3942 2232 σε

2282 2264 2584 2335 ἀποστῆναι
2676 2266 2782 2321 ἀπὸ
2857 2267 3055 2344 Κυρίου
3129 2272 3225 2323 τοῦ
3298 2272 3432 2324 Θεοῦ
3501 2288 3619 2325 σου.
3694 2267 3817 2323 Ἐὰν
3874 2263 3938 2322 δὲ

2282 2349 2437 2426 εἴπῃς
2464 2351 2518 2408 ἐν
2562 2357 2634 2428 τῇ
2692 2352 2891 2432 καρδίᾳ
2945 2374 3079 2412 σου*
3144 2361 3271 2419 Πῶς
3328 2356 3553 2427 ἐποίησε
3605 2357 3669 2412 τὸ
3706 2360 3940 2429 σημεῖον

2281 2437 2455 2495 ἐκεῖνο
2512 2442 2548 2511 ἢ
2606 2443 2669 2497 τὸ
2724 2444 2909 2520 τέρας,
2966 2445 3246 2522 γινώσκων
3278 2446 3482 2521 γνώσῃ,
3540 2444 3623 2501 ’ὁτι
3685 2445 3713 2499 6
3749 2444 3941 2519 πειρά-

2284 2533 2388 2600 ζων
2444 2528 2741 2609 ἐπείραζεν,
2777 2531 2909 2589 ῒδεῖν
2960 2536 3029 2607 ⁴¹,
3092 2534 3137 2590 εί
3196 2530 3341 2614 φοϐῆ
3400 2534 3597 2611 Κύριον
3653 2535 3745 2590 τὸν
3804 2533 3935 2590 Θεόν

2282 2639 2397 2674 σου.
2455 2622 2575 2675 ’Ότι
2631 2618 2688 2677 δὲ
2740 2622 3068 2698 ὂπειράζων
3113 2622 3411 2700 ἐπείραζεν,
3469 2623 3675 2701 εἴρητο,
3736 2622 3935 2697 ἑτέρως

2282 2704 2341 2762 δὲ
2374 2707 2509 2781 μετὰ
2560 2710 2659 2780 τήν
2709 2710 2787 2774 είς
2818 2707 3117 2768 Βαϐυλῶνα
3151 2712 3485 2785 μετοικεσίαν
3516 2715 3632 2784 (48)
3662 2712 3929 2791 φαίνεται.

2281 2795 2355 2851 Οὐ
2385 2798 2491 2875 γὰρ
2524 2798 2581 2854 ἂν
2640 2801 2668 2855 6
2695 2801 2763 2855 τὰ
2790 2800 2963 2857 πάντα
2988 2803 3270 2878 γινώσκων
3328 2801 3481 2871 Θεὸς,
3512 2801 3586 2864 ώς
3619 2801 3679 2857 ἐκ
3702 2800 3931 2858 πολλῶν

2280 2881 2393 2940 ἔστι
2431 2883 2616 2961 δεῖξαι,
2650 2887 2925 2965 ἐπείραζεν
2958 2892 3026 2959 ⁸³,
3074 2888 3161 2945 ἵνα
3188 2894 3300 2967 γνῷ
3324 2890 3507 2963 αὐτὸς,
3571 2891 3599 2947 ὁ
3646 2891 3714 2945 τὰ
3757 2892 3935 2947 πάντα

2280 2974 2694 3051 προγινώσκων.
2728 2978 2785 3033 Εἰ
2814 2976 2871 3035 δὲ
2905 2976 3092 3055 βούλει
3123 2982 3187 3049 ⁴³,
3219 2978 3344 3055 περὶ
3400 2978 3598 3034 τούτου
3636 2979 3727 3034 τὸν
3762 2978 3931 3056 λόγον

2280 3064 2659 3139 ποιησώμεθα,
2717 3066 2807 3122 καὶ
2859 3065 3017 3139 δείξω
3063 3068 3505 3145 προγινώσκοντα
3532 3069 3621 3125 τὸν
3655 3068 3807 3127 Θεόν.
3861 3069 3935 3124 Τὸ

2282 3147 2341 3207 δὲ
2368 3150 2573 3229 ἀγνοεῖν
2608 3155 2765 3212 αὐτὸν
2795 3159 3010 3231 ψεῦσμα
3039 3156 3118 3231 δν,
3172 3157 3265 3213 καὶ
3329 3161 3490 3212 τοῦτο
3545 3158 3681 3234 πρὸς
3735 3178 3933 3235 πειρα-

2282 3241 2420 3313 σμὸν
2453 3243 2654 3321 γραφὲν
2700 3241 3095 3303 ἀποδέδεικται.
3153 3244 3337 3309 Οὕτως
3368 3248 3556 3319 ἡμεῖς,
3614 3246 3659 3300 ὦ
3718 3245 3931 3318 Σίμων,

2204 3309 2248 3379 C
2288 3323 2410 3384 οὔτε
2439 3330 2544 3387 ἀπὸ
2576 3338 2799 3411 Γραφῶν
2831 3330 2960 3389 οῧτο
2991 3335 3074 3414 ὑφ’
3120 3332 3304 3411 ἐτέροο
3352 3334 3501 3397 τινὸς
3542 3330 3936 3404 σκανδαλισθῆ-

526 3448 613 3482 ναι
644 3424 916 3501 δυνάμεθα
943 3428 991 3465 ⁴⁴
1021 3420 1144 3481 οὔτε
1171 3420 1417 3486 πολλοὺς
1445 3420 1599 3487 θεοὺς
1632 3416 1985 3489 ἀποδέξασθαι
2016 3414 2369 3490 ἀπατώμεθα,
2403 3417 2527 3476 οὐδὲ
2566 3418 2717 3499 λόγῳ
2744 3424 2851 3478 τινί
2898 3423 3035 3479 κατὰ
3085 3426 3184 3479 τοῦ
3230 3426 3365 3479 Θεοῦ
3413 3418 3701 3499 λεγομένῳ
3757 3444 3937 3480 συντι-

532 3514 749 3590 θέμεθα.

597 3607 741 3664 XIV.
775 3605 1007 3664 Scimus
1052 3604 1210 3661 enim
1241 3602 1355 3676 ipsi
1405 3616 1660 3675 quoque,
1692 3596 1932 3671 angelos
1964 3613 1999 3652 a
2023 3594 2175 3652 Scri-

528 3695 719 3768 pturis
748 3699 981 3752 vocatos
1011 3710 1138 3751 esse
1169 3693 1330 3749 deos.
1363 3691 1502 3748 Dico
1534 3694 1729 3747 autem
1760 3686 2007 3760 exempli
2039 3702 2176 3759 gra-

528 3785 614 3841 tia
642 3784 907 3857 eum,qui
936 3784 995 3840 in
1030 3782 1172 3839 rubo
1201 3780 1436 3838 locutus
1469 3782 1643 3847 est,et
1664 3777 1765 3850 qui
1796 3792 1929 3833 cum
1958 3775 2176 3832 Jacobo

529 3873 785 3930 luctatus
816 3878 924 3941 est,
958 3872 1097 3929 item
1146 3887 1302 3939 eum,
1335 3872 1434 3942 qui
1465 3872 1641 3925 natus
1670 3871 1761 3924 est
1807 3866 2174 3932 Emmanuel,

530 3962 751 4035 quique
780 3962 972 4019 dictus
1002 3960 1111 4017 fuit
1140 3966 1288 4016 Deus
1317 3958 1505 4016 fortis.
1539 3958 1651 4016 Sed
1680 3962 1739 4014 et
1776 3957 2004 4030 Moyses
2031 3957 2177 4012 deus

528 4051 855 4108 Pharaonis
885 4050 1335 4119 exstitit,revera
1362 4052 1559 4104 tamen
1590 4047 1762 4104 homo
1791 4046 2011 4103 erat.Et
2039 4062 2180 4119 prae-

528 4143 688 4196 terea
717 4140 872 4197 idola
916 4138 1198 4212 gentium.
1230 4137 1413 4194 Nobis
1454 4140 1651 4193 autem
1683 4152 1837 4192 unus
1866 4138 1957 4192 est
2003 4139 2178 4208 Deus,

530 4246 687 4286 unus
736 4233 1137 4285 creaturarum
1186 4228 1392 4283 auctor
1439 4224 1821 4297 omniumque
1851 4228 2178 4292 exornator,

530 4319 702 4389 cujus
731 4317 1001 4374 Christus
1018 4316 1176 4372 ﬁlius
1205 4314 1415 4387 est,cui
1432 4315 1734 4371 credentes
1763 4329 1834 4371 ex
1862 4313 2181 4386 Scripturis

530 4406 680 4464 falsa
699 4407 1286 4480 agnoscimus.Atque
1313 4404 1505 4461 adhuc
1529 4419 1598 4461 ex
1618 4402 1883 4477 patribus
1908 4402 2183 4459 instructi

529 4497 602 4554 de
630 4496 705 4554 iis
752 4513 879 4569 quae
913 4495 971 4550 in
1020 4494 1335 4567 Scripturis
1380 4510 1517 4551 vera
1563 4496 1722 4565 sunt,
1758 4508 1938 4548 unum
1990 4490 2182 4549 solum

530 4586 802 4644 novimus
825 4588 1139 4642 creatorem
1169 4582 1447 4640 ccnlorum
1471 4586 1530 4640 et
1547 4584 1734 4653 terrae,
1761 4586 1940 4639 Deum
1961 4583 2188 4640 Judan-

603 4711 682 4786 (a)
711 4711 882 4770 Deut.
910 4725 1040 4780 xm,
1073 4708 1125 4765 1.

2354 3599 2493 3659 XIV.
2528 3606 2709 3675 Ἴσμεν
2733 3600 2838 3679 γὰρ
2859 3598 2950 3656 καὶ
2975 3599 3128 3656 αὐτοὶ
3159 3600 3265 3657 ἀπὸ
3293 3604 3401 3656 τῶν
3418 3603 3642 3680 Γραφῶν
3666 3598 3932 3676 ἀγγέλους

2284 3689 2437 3753 θεοὺς
2471 3687 2761 3766 λεχθέντας
2788 3693 2938 3749 327
2964 3688 3123 3766 Λέγω
3148 3686 3208 3745 δὲ
3228 3689 3303 3753 ὡς
3327 3690 3355 3745 6
3388 3688 3476 3744 ἐπὶ
3504 3696 3605 3760 τῆς
3637 3690 3802 3766 βάτου
3833 3688 3931 3746 λα-

2285 3777 2479 3851 λήσας,
2511 3779 2600 3834 καὶ
2630 3783 2710 3853 τῷ
2740 3774 2932 3835 Ἰακὼϐ
2962 3778 3230 3841 παλαίσας
3254 3798 3267 3811 ·
3310 3776 3459 3835 ἀλλὰ
3493 3777 3583 3834 καὶ
3614 3779 3703 3833 τὸν
3733 3778 3927 3855 γεννώ-

2289 3888 2448 3942 μενον
2473 3865 2828 3942 Ἐμμανουήλ
2853 3866 2944 3923 καὶ
2963 3865 3056 3923 τὸν
3077 3864 3367 3945 λεγόμενον
3392 3868 3521 3923 Θεὸν
3548 3864 3770 3943 ίσχυρὸν
3796 3869 3928 3941 (49).

2286 3956 2461 4014 Ἀλλὰ
2496 3958 2603 4031 μὴν
2635 3956 2725 4013 καὶ
2755 3963 2993 4027 Μωϋσῆς
3032 3956 3151 4021 θεὸς
3184 3957 3384 4033 Φοραὼ
3442 3955 3698 4030 ἐγενήθη,
3745 3960 3825 4029 τῷ
3873 3952 3932 4012 δὶ

2287 4042 2403 4103 ὄντι
2432 4046 2715 4123 ἄνθρωπος
2744 4046 2831 4116 ἦν.
2864 4047 2984 4104 Ἔτι
3016 4041 3074 4101 δὲ
3100 4042 3189 4101 καί
3224 4045 3293 4101 τὰ
3343 4042 3548 4101 εἴδωλα
3584 4050 3693 4101 τῶν
3740 4042 3927 4110 ἐθνῶν.

2284 4140 2442 4211 Ἡμῖν
2485 4132 2543 4191 δὲ
2588 4134 2663 4199 εἶς
2710 4136 2860 4205 Θεὸς,
2912 4133 2987 4198 εἷς
3027 4134 3056 4190 6
3082 4131 3179 4197 τὰς
3207 4132 3411 4197 κτίσεις
3465 4134 3789 4204 πεποιηκὼς
3844 4132 3933 4189 καὶ

2290 4224 2662 4299 διακοσμήσας
2688 4225 2758 4280 τὰ
2801 4223 2975 4279 πάντα
2997 4242 3010 4255 ·
3044 4223 3107 4278 οὗ
3135 4222 3226 4279 καὶ
3257 4224 3286 4278 6
3314 4222 3544 4300 Χριστὸς
3576 4222 3717 4295 υίὸς,
3749 4224 3796 4297 ᾧ
3825 4242 3939 4278 πει-

2290 4314 2514 4388 θόμενοι
2561 4314 2666 4370 ἀπὸ
2710 4316 2817 4369 τῶν
2864 4315 3088 4392 Γραφῶν
3130 4310 3211 4367 -τᾶ
3249 4309 3422 4386 ψευδῆ
3481 4310 3930 4388 ἐπιγινώσκομεν.

2290 4410 2409 4460 ’Έτι
2441 4401 2499 4458 δὲ
2527 4402 2616 4458 καὶ
2650 4401 2708 4458 ἐκ
2735 4402 2980 4476 πατέρων
3014 4397 3428 4479 ἐφοδιαζόμενοι
3455 4403 3564 4455 τῶν
3616 4404 3840 4478 Γραφῶν
3871 4400 3940 4455 τὰ

2290 4493 2472 4564 ἀληθῆ
2498 4489 2594 4548 ἕνα
2625 4490 2788 4566 μόνον
2823 4488 3042 4564 οἴδαμεν
3072 4489 3165 4545 τὸν
3184 4487 3527 4560 πεποιηκότα
3543 4487 3673 4551 τούς
3693 4510 3753 4545 τε
3774 4488 3929 4566 οὐρα-

2290 4583 2416 4647 νοὺς
2445 4583 2536 4639 καὶ
2564 4583 2663 4652 τήν
2702 4587 2827 4659 γῆν,
2876 4580 3002 4635 Θεὸν
3046 4576 3317 4638 Ἰουδαίων
3365 4578 3455 4634 καὶ
3510 4577 3724 4634 πάντων
3753 4581 3860 4635 τῶν
3891 4580 3935 4616 ⁴⁸

1876 4796 2121 4858 VARIIE
2157 4798 2567 4860 LECTIONES.

602 4919 649 4957 ⁸⁵
673 4917 714 4990 ᾖ
741 4913 800 4973 δὲ
823 4913 985 4992 σοφίᾳ
1057 4914 1138 4985 ,ἰή
1168 4909 1225 4968 δὶ
1252 4932 1314 4969 σο
1363 4910 1415 4968 ία
1464 4912 1505 4985 ᾖ
1530 4917 1589 4971 C.
1663 4913 1709 4951 ⁸⁷
1791 4913 1844 4970 ία
1872 4916 1932 4973 C.
1963 4915 2115 4972 Tum
2145 4912 2354 4971 ἔκτασιν
2387 4914 2431 4971 0
2461 4918 2517 4970 et
2554 4930 2628 4969 ex
2656 4912 2902 4985 conject.
2929 4913 2989 4979 Ο,
3022 4909 3082 4966 in
3112 4910 3283 4980 cujus
3306 4912 3463 4965 textu
3496 4903 3763 4964 ἔκστασιν.
3796 4907 3859 4964 In
3887 4911 3931 4965 Ο

602 4988 731 5043 ολήν
763 5007 821 5043 n.
855 4930 1147 5043 συστολήν·
1223 4986 1268 5021 ⁸⁸
1296 4931 1355 5042 εἴ
1400 4957 1563 5042 deest
1617 4986 1676 5042 in
1878 4988 1923 5025 '9
1964 4985 2225 5042 αίνόντων
2274 4986 2340 5043 0.
2418 4987 2465 5023 ‘0
2512 4980 2694 5043 διδούς
2753 5002 2837 5037 σοι
2885 4982 2943 5038 C.
3022 4982 3063 5017 “
3111 4978 3305 5035 εἰδέναι
3336 4985 3396 5037 C.
3427 4985 3559 5043 Seq.
3592 4999 3688 5033 σου
3719 4997 3835 5036 om°
3866 4980 3928 5036 0.

529 4957 1154 5062 moi%§'5.'§§é¥oi§j3:
1171 4957 1278 5062 Ἣ
1289 4957 1322 5042 ἓ

1788 5030 1800 5042 .
1878 4988 1923 5025 ⁸9
1964 4985 2225 5042 αίνόντων
2274 4986 2340 5044 0.
2418 4987 2465 5023 ⁶⁰
2512 4980 2694 5047 διδούς
2753 4978 2837 5037 σοι
2885 4982 2943 5038 C.
2996 4982 3063 5053 7“
3111 4978 3396 5053 εἰδέναι
3427 4985 3559 5053 Seq.
3588 4999 3688 5053 aeu
3719 4980 3928 5053 om°_0.

531 5066 579 5111 ι²
612 5048 886 5144 ἐπείρέισεν
916 5065 973 5116 8.
1048 5048 1341 5144 {Scripsi
1377 5055 1727 5144 βούλειηορ
1752 5058 1938 5144 invito
1961 5058 2359 5144 Schw'eglero',
2386 5057 2483 5128 qui
2516 5055 2888 5144 commendat
2906 5052 3213 5144 yqlgatam
3248 5048 3422 5144 (Ξούλη
3450 5048 3674 5123 ex'ejus
3711 5051 3928 5144 opinio-

530 5153 603 5193 ne
634 5120 1192 5207 con'jectivumg‘cfr:
1224 5120 1387 5186 h‘om:
1417 5146 1533 5197 xxx,
1558 5130 1797 5207 _6.jl‘um
1828 5131 1961 5186 add.
1995 5126 2086 5207 τόν
2115 5120 2252 5207 ante
2280 5120 2448 5207 λᾷγρν
2482 5145 2547 5207 c;
2571 5132 2644 5207 Oh.
2792 5126 2929 5207 Post
2961 5120 3710 5197 δυῖράμεθαεεῂιίρωειὶυυε
3749 5120 3927 5179 ’διεπιο

529 5224 587 5281 p.
622 5195 759 5277 419,-
778 5206 905 5273 569,
940 5204 1106 5260 addit
1134 5200 1334 5281 φέρειν,
1368 5195 1778 5259 emendatione
1808 5203 2125 5275 superﬂua.
2155 5205 2215 5258 8.
2291 5202 2338 5238 “
2364 5195 2472 5254 τῶν
2513 5200 2575 5269 S,
2606 5198 2670 5270 Ο,
2701 5195 2793 5253 τόν
2824 5202 2888 5253 D.

1904 5314 2291 5376 VARIORUM
2326 5314 2562 5373 NOTAE.

840 5414 898 5473 δὲ
936 5416 1117 5494 σοφία,
1157 5420 1270 5501 etc.
1302 5413 1579 5504 Redolere
1608 5414 1731 5504 haec
1779 5414 2183 5504 Ehioni‘smum

531 5487 812 5551 fatebitur
841 5487 1070 5547 mecum
1105 5490 1204 5562 qui
1238 5506 1307 5545 ea
1335 5487 1813 5562 contuleritcum
1834 5487 2185 5562 Epiphania-

534 5566 651 5633 nis,
683 5563 849 5621 dictat
896 5559 1181 5618 haereseos
1228 5577 1351 5633 cap.
1382 5559 1439 5633 3,
1489 5560 1579 5633 16,
1616 5560 1702 5633 17“
1728 5564 1786 5615 et
1812 5559 1903 5615 29.
1945 5559 2082 5633 Ὀφ.
2112 5589 2183 5601 -—

534 5630 746 5696 Confer
790 5650 917 5706 quae
948 5635 1020 5690 de
1071 5633 1269 5689 divina
1296 5630 1603 5705 'sapientia
1650 5630 1804 5687 dicta
1828 5635 1969 5687 sunt
2013 5632 2177 5688 Prov.

534 5726 658 5775 vm,
688 5708 761 5761 22
790 5721 954 5779 seqq.
984 5706 1202 5779 Danaa.

608 5767 723 5855 (1'18)
755 5767 1054 5845 Μετᾶ’τὴν
1115 5774 1191 5837 εἷς
1249 5767 1551 5833 Βαϐυλῶνα
1611 5770 1968 5847 μετοίκεσίαν.
2017 5773 2182 5829 Tunc

2292 5413 2448 5471 enim
2485 5414 2719 5469 fuerunt
2751 5406 3271 5483 pseudoprophetis
3317 5407 3375 5463 in
3406 5407 3625 5481 populo
3669 5409 3925 5468 Judaico.

2290 5487 2476 5629 0054.9)
2522 5554 2638 5629 T6v_
2682 5548 3058 5629 γεννώμενον.-
3084 5548 3467 5629 ’ῌμμ-ανουήλ,
3531 5551 3649 5629 nni,
3685 5548 3778 5607 τὸν
3831 5549 3926 5629 Αλε-

2286 5619 2519 5702 mentm
2553 5626 2680 5681 Θεὸν
2697 5619 2968 5702 ’.ἰσχυρόψ
3010 5619 3772 5702 Natus‘EmmanuelLDeus
3820 5624 3925 5702 _f_or-

2288 5694 2372 5757 tis
2398 5700 2527 5772 (lea.
2557 5716 2637 5756 v11
2667 5700 2724 5754 et
2752 5694 2851 5772 1i),
2882 5709 3055 5772 yerus
3086 5694 3238 5772 Deus
3261 5698 3369 5750 est.
3402 5694 3728 5772 Ebionitica
3742 5694 3925 5772 igitur

2289 5764 2430 5829 sunt
2457 5770 2579 5829 hac
2604 5773 2780 5842 atque
2806 5764 3043 5836 Ariana,
3073 5767 3141 5825 ut
3170 5768 3229 5823 et
3254 5764 3564 5838 sequentia
3610 5764 3814 5824 multa?
3840 5770 3918 5826 In.
