4148 6342
392 365 512 425 379

1212 370 1279 430 8.
1322 366 1765 431 CLEMENTIS
1807 366 1833 429 Ι
1880 367 2073 428 ROM.
2118 368 2348 429 PONT.
2394 368 2659 430 OPERA
2703 366 2973 431 DUBIA.

3674 368 3799 431 380

392 498 651 570 tuorum,
681 498 969 568 vivorum,
1002 499 1456 573 gignendorum,
1496 499 1579 556 dii
1636 502 1827 556 erunt.
1873 499 2030 566 Quod

2146 496 2325 571 τούτῳ
2370 502 2448 571 τῷ
2496 496 2646 574 λόγῳ
2688 495 2903 553 πάντων
2950 498 3265 572 ἀνθρώπων,
3312 503 3419 554 τῶν
3462 518 3523 555 τε
3587 498 3793 554 ἀποθα-

390 587 438 643 si
471 604 669 643 amore
698 589 1085 646 contentionis
1114 606 1252 663 erga
1283 607 1376 646 me
1405 590 1641 655 dixeris,
1664 607 1764 646 eas
1794 606 2028 663 quoque

387 692 517 733 esse
545 678 706 747 deos,
739 678 877 750 quid
911 679 1019 734 hoc
1041 680 1168 749 jam
1199 679 1428 752 magnis
1468 679 1578 735 erit
1635 679 1884 745 Christo,
1918 678 2032 734 dici

384 765 569 821 Deum
600 765 628 820 ‘I
654 766 713 821 Id
744 767 899 821 enim
932 767 1190 838 habebit,
1223 769 1377 840 quod
1410 785 1615 824 omnes
1647 768 1884 824 habent.

2141 587 2343 642 νόντων
2410 588 2498 643 καὶ
2564 589 2776 658 ζώντων
2842 585 2929 643 καί
2988 588 3363 663 γενησομένων
3392 590 3435 625 ⁸⁸
3494 589 3547 643 αἱ
3617 589 3793 665 ψυχαὶ

2138 676 2249 731 θεοὶ
2281 678 2327 714 ⁸ο
2353 676 2733 753 τυγχάνουσιν.
2786 676 2849 733 Εἰ
2900 674 2958 731 δέ
2987 675 3457 755 προσφιλονεικῶν
3496 699 3587 749 μοι
3623 676 3786 754 ἐρεῖς,

2138 764 2229 820 καὶ
2277 765 2439 828 αὐτὰς
2496 765 2648 829 θεοὺς
2709 767 2866 835 εἶναι,
2922 766 3011 821 καὶ
3056 765 3110 821 τί
3162 771 3323 822 τοῦτο
3355 765 3431 821 ἔτι
3458 770 3502 804 ⁶⁰
3534 766 3674 841 μέγα
3701 768 3795 822 καὶ

382 856 616 926 Χριστῷ,
648 856 728 924 τῷ
768 853 903 925 Θεῷ,
938 851 1183 929 λέγεσθαι
1208 873 1222 924 ;
1252 859 1412 909 τοῦτο
1441 855 1542 931 γὰρ
1583 852 1721 931 ἔχει,
1754 856 1782 909 ὃ
1810 854 1899 910 καὶ
1929 854 2121 916 πάντες
2153 851 2393 930 ἔχουσιν.

458 941 625 996 XVII.
659 942 775 997 Nos
807 942 989 998 Deum
1011 942 1283 1010 diclmus,
1314 947 1485 1015 cujus
1517 944 1814 1016 proprium
1836 944 1895 999 in
1919 944 2030 1000 alio

388 1045 521 1087 esse
543 1031 763 1101 nequit.
792 1031 965 1087 Velut
994 1032 1151 1088 enim
1184 1033 1283 1105 qui
1316 1033 1585 1089 infinitus
1618 1041 1707 1089 est
1748 1034 2030 1105 undique,

389 1135 599 1191 proper
630 1117 738 1176 hoc
761 1120 976 1176 dicitur
1003 1121 1354 1192 immensus,
1394 1125 1451 1177 et
1502 1122 1744 1178 omnino
1792 1126 1881 1178 est
1929 1138 2029 1178 ne-

391 1224 714 1272 cesse,eum
742 1208 1103 1266 immensum
1134 1210 1262 1267 ideo
1292 1210 1507 1278 vocari,
1532 1210 1671 1281 quia
1694 1227 1812 1267 non
1844 1214 2033 1283 potest

388 1296 539 1353 alius
566 1302 631 1353 ut
654 1298 778 1369 ipse
810 1314 938 1355 esse
967 1298 1259 1367 infinitus,
1291 1298 1401 1371 (sin
1433 1304 1631 1355 autem
1678 1298 1892 1371 aliquis
1922 1299 2032 1355 hoc

386 1386 598 1441 dixerit
626 1386 924 1457 possibile,
955 1391 1112 1443 errat
1146 1413 1162 1455 ;
1193 1403 1298 1443 nec
1328 1387 1485 1443 enim
1530 1388 1645 1443 duo
1676 1386 1935 1459 undique
1966 1387 2025 1442 in

385 1475 551 1530 finita
576 1474 755 1530 simul
785 1475 1062 1531 exsistere
1092 1480 1359 1548 possunt,
1418 1476 1836 1532 terminaretur
1871 1475 2027 1531 enim

386 1563 634 1620 alterum
666 1564 738 1620 ab
770 1564 992 1635 altero),
1013 1564 1209 1636 itaque
1240 1569 1451 1621 natura
1483 1567 1886 1637 comparatum
1919 1567 2027 1635 est,

386 1669 570 1708 unum
604 1668 731 1709 esse
760 1654 1115 1725 Ingenitum.
1150 1654 1313 1720 Quod
1344 1655 1391 1709 si
1426 1654 1485 1708 in
1532 1654 1722 1725 ﬁgura
1777 1656 1886 1718 est,
1946 1651 2029 1708 sic

388 1757 621 1814 quoque
649 1759 834 1798 unum
866 1747 953 1799 est
986 1742 1463 1815 incomparabile.
1500 1742 1687 1806 Quare
1716 1747 1774 1798 et
1801 1740 2029 1797 Altissi-

2210 945 2362 1000 829
2396 944 2565 1000 XVII.
2626 943 2814 1015 Ἡμεῖς
2843 942 2969 998 Θεὸν
3026 941 3278 1018 λέγομεν,
3339 943 3400 997 οῦ
3460 942 3598 998 ἐστιν
3649 940 3787 997 ἴδιον

2137 1030 2200 1086 τὸ
2237 1034 2281 1069 ⁸³
2342 1030 2501 1104 ἄλλῳ
2557 1037 2837 1107 προσεῖναι
2901 1033 2975 1106 μὴ
3040 1028 3359 1104 δυνάμενον.
3418 1034 3621 1108 Ὥσπερ
3686 1032 3787 1108 γὰρ

2139 1116 2357 1182 ἄπειτος
2384 1118 2457 1175 ὥν
2488 1120 2825 1195 πανταχόθεν
2886 1117 2973 1175 διὰ
2999 1125 3161 1175 τοῦτο
3223 1118 3435 1197 λέγεται
3468 1120 3790 1197 ἀπέραντος,

2139 1208 2228 1263 καὶ
2285 1208 2493 1284 ἀνάγκη
2551 1214 2714 1279 πᾶσα,
2775 1208 2958 1284 ἐτέρου
3020 1210 3094 1282 μή
3158 1205 3453 1281 δυναμένου
3529 1208 3791 1272 ὡσαύτως

2138 1296 2363 1372 ἀπείρου
2414 1296 2571 1364 εἶναι,
2628 1298 2704 1371 μὴ
2755 1298 2888 1353 εἶναι
2937 1293 3073 1352 ἴδιον
3123 1297 3186 1352 τὸ
3235 1296 3515 1362 καλεῖσθαι
3562 1296 3793 1373 ἀπέραν-

2136 1407 2230 1441 τον
2276 1388 2344 1458 ⁸³,
2396 1385 2467 1459 (εἷ’
2515 1383 2572 1442 δέ
2615 1407 2700 1449 τις
2749 1384 2899 1461 λέγει
2926 1382 3143 1440 δυνατὸν
3200 1386 3336 1440 εἷναί
3368 1382 3661 1460 ψεύδεται·
3698 1384 3796 1441 δύο

2136 1476 2238 1552 γὰρ
2285 1475 2619 1551 πανταχόθεν
2677 1472 2871 1549 ἄπειρα
2931 1475 3294 1550 συνυπάρχειν
3365 1473 3428 1530 ού
3496 1472 3744 1530 δύνανται
3778 1493 3793 1508 ο

2136 1568 2455 1639 περαιοῦται
2503 1563 2605 1640 γὰρ
2649 1565 2712 1619 τὸ
2760 1563 2942 1640 ἓτερον
3009 1562 3111 1619 ὑπὸ
3154 1568 3251 1618 τοῦ
3282 1562 3510 1638 ξτέρου),
3542 1562 3716 1626 οὕτως
3744 1566 3792 1601 ⁸³

2138 1652 2294 1731 φύσις
2320 1652 2482 1723 ἐστὶν,
2527 1649 2580 1708 ἓν
2635 1652 2769 1708 εἶναι
2816 1653 2877 1708 τὸ
2910 1651 3249 1728 Ἀγέννητον.
3273 1652 3335 1706 Ei
3367 1650 3424 1707 δὲ
3456 1652 3507 1707 έν
3541 1650 3789 1727 σχήματί

2138 1740 2297 1808 ἐστιν,
2330 1742 2420 1797 καὶ
2452 1740 2625 1804 οὕτως
2657 1738 2713 1796 ἓν
2744 1740 2853 1797 ἐστι
2900 1742 2964 1797 τὸ
2994 1744 3041 1779 ⁸⁸
3086 1740 3433 1816 ἀσύγκριτον.
3484 1740 3581 1796 Διὰ
3625 1744 3788 1796 τοῦτο

387 1846 521 1887 mus
550 1836 809 1899 vocatur,
842 1831 1274 1903 quia,omnium
1306 1847 1646 1904 supremus,
1677 1835 1888 1887 cuncta
1914 1829 2027 1886 sibi

2145 1831 2226 1886 mi
2272 1833 2527 1905 Ὕψιστος
2576 1828 2823 1904 λέμεται,
2874 1829 2957 1885 ὅτι
3007 1829 3221 1886 πάντων
3277 1831 3543 1906 ἀνώτερος
3591 1828 3664 1885 ὣν
3721 1829 3789 1885 τὰ

387 1920 653 1992 subjecta
682 1920 880 1976 habet.

458 2009 656 2066 XVIII.
689 2011 758 2065 Et
786 2009 987 2066 Simon
1022 2027 1035 2066 :
1069 2010 1222 2066 Num
1255 2026 1467 2066 nomen
1517 2008 1678 2065 illius
1735 2008 2028 2065 ineffabile

386 2104 497 2167 est,
530 2100 689 2155 Deus.
722 2100 876 2170 quod
905 2115 1109 2155 omnes
1142 2099 1456 2172 appellant:
1490 2098 1771 2171 quoniam
1799 2099 1941 2154 adeo
1972 2102 2029 2154 et

386 2189 455 2245 de
486 2189 722 2244 nomine
751 2188 1054 2245 contendis
1084 2205 1158 2245 ne
1186 2188 1284 2244 alii
1324 2189 1495 2245 detur
1518 2191 1544 2243 .9
1575 2187 1896 2260 Respondit
1924 2187 2028 2243 Pe-

383 2280 512 2334 trus
544 2295 558 2334 :
595 2276 875 2343 Soio,hoc
905 2293 1020 2332 non
1052 2293 1182 2333 esse
1213 2276 1298 2331 illi
1330 2293 1543 2333 nomen
1578 2275 1891 2344 ineffabile,
1924 2274 2022 2331 sed

386 2381 597 2421 nomen
628 2366 783 2437 quod
814 2382 883 2421 ex
912 2370 1191 2422 convento
1235 2365 1541 2421 hominum
1600 2363 1838 2431 dicitur,
1872 2365 2029 2436 quod

386 2453 437 2510 si
467 2452 631 2510 alteri
661 2454 912 2521 dederis,
968 2454 1145 2510 etiam
1203 2453 1347 2509 illud
1406 2453 1561 2526 quod
1622 2469 1738 2509 non
1792 2452 2031 2508 effertur

386 2542 580 2616 possis
609 2543 776 2600 alteri
808 2543 1085 2610 tribuere,
1117 2547 1175 2599 et
1205 2543 1262 2598 id
1294 2543 1533 2615 quidem
1565 2541 1789 2599 ratione
1820 2542 2025 2598 volun-

385 2632 545 2689 tatis.
582 2633 824 2699 Nomen,
865 2633 1021 2705 quod
1070 2632 1303 2701 dicitur,
1357 2632 1577 2687 indicto
1626 2631 2026 2704 praegreditur.

386 2720 505 2777 Hoc
535 2721 707 2776 modo
738 2721 1092 2778 contumelia
1106 2726 1164 2777 et
1185 2721 1244 2776 in
1266 2720 1413 2776 illud
1435 2720 1591 2792 quod
1614 2720 1878 2776 nondum
1902 2738 2031 2793 pro-

387 2808 574 2866 latum
608 2814 697 2866 est
726 2811 1038 2878 redundat,
1070 2810 1567 2882 quemadmodum
1598 2809 1785 2867 honor
1814 2809 2031 2882 cogniti

387 2898 448 2955 in
482 2899 674 2955 adhuc
704 2899 1072 2972 incognitum
1104 2900 1372 2955 refertur.

457 2990 607 3045 XIX.
641 2990 710 3043 Et
739 2987 942 3043 Simon
974 2988 1121 3044 dixit
1151 3007 1164 3045 :
1200 2988 1359 3045 Scire
1388 2987 1583 3059 velim,
1604 2988 1867 3055 Petre,an
1898 3004 2030 3044 vere

388 3079 591 3134 credas
621 3077 877 3133 hominis
908 3078 1156 3134 formam
1186 3078 1258 3133 ad
1291 3078 1540 3134 formam
1588 3077 1689 3133 Dei
1741 3093 1868 3134 esse
1898 3077 2028 3133 efﬁ-

2138 1919 2308 1975 πάντα
2337 1919 2484 1991 αύτῷ
2516 1918 2844 1993 ὑποκείμενα
2864 1916 3000 1996 ἔχει.

2206 2010 2398 2067 XVIII.
2453 2007 2551 2064 Καὶ
2603 2009 2631 2063 6
2679 2008 2867 2081 Σίμων
2896 2027 2909 2041 ο
2958 2010 3046 2079 Μὴ
3097 2008 3200 2085 γὰρ
3252 2006 3414 2063 τοῦτό
3458 2007 3597 2063 ἐστιν
3631 2007 3793 2063 αύτνῦ

2140 2096 2451 2175 ἀπόρῥητον
2520 2093 2715 2171 ὄνομα,
2781 2098 2845 2153 τὸ
2892 2098 3042 2170 Θεὸς,
3093 2096 3227 2173 ὅπερ
3277 2098 3470 2159 πάντες
3521 2095 3789 2172 λέγουσιν,

2138 2186 2220 2243 ὅτι
2269 2191 2530 2243 τοσοῦτον
2579 2186 2669 2242 καὶ
2727 2186 2850 2262 περί
2903 2186 3171 2259 ὀνόματος
3219 2183 3553 2261 διισχυρίζῃ,
3583 2182 3677 2239 ’ίνα
3711 2186 3788 2259 μή

2138 2274 2297 2349 ἄλλῳ
2350 2273 2480 2350 δοθῇ
2507 2294 2521 2346 ;
2570 2275 2669 2330 Καὶ
2701 2276 2728 2329 ὁ
2760 2274 2960 2350 Πέτρος
2994 2273 3095 2354 ἔφη
3121 2295 3134 2308 ·
3168 2274 3493 2348 Ἐπίσταμαι
3516 2272 3600 2329 ὅτι
3627 2278 3790 2329 τοῦτο

2138 2364 2239 2420 ούκ
2267 2362 2408 2420 ἔστιν
2442 2364 2589 2437 αὐτῷ
2617 2366 2680 2419 τὸ
2710 2367 2755 2402 ⁸⁸
2779 2363 3091 2441 ἀπόρρητον
3121 2359 3296 2437 ὄνομα
3326 2366 3479 2437 (50’),
3537 2361 3685 2418 ἀλλὰ
3729 2362 3792 2417 τὸ

2135 2453 2272 2509 κατᾶ
2318 2455 2590 2525 συνθήκην
2637 2453 2937 2529 ἀνθρώπων
2990 2451 3310 2530 λεγόμενον,
3360 2448 3492 2528 ὅπερ
3542 2452 3589 2507 εί
3629 2452 3797 2525 ἑτέρῳ

2139 2540 2353 2613 δώσεις,
2401 2543 2491 2598 καὶ
2535 2543 2598 2597 τὸ
2652 2544 2728 2616 μή
2781 2540 3078 2619 λεγόμενον
3106 2541 3274 2618 έτέρῳ
3331 2542 3648 2617 προσάψεις,
3706 2539 3798 2595 καὶ

2136 2634 2182 2670 ⁸⁵
2208 2637 2288 2705 τῷ
2316 2638 2414 2702 τῆς
2443 2633 2809 2708 προαιρέσεως
2842 2631 3019 2707 λόγῳ.
3053 2632 3131 2690 Τὸ
3164 2630 3459 2707 λεγόμενον
3492 2625 3667 2703 ὄνομα
3693 2632 3791 2684 τοῦ

2143 2722 2219 2795 μή
2253 2718 2550 2797 λεγομένου
2580 2717 2815 2796 πρόοδός
2849 2719 3012 2775 ἐστιν.
3047 2720 3235 2793 Τούτῳ
3264 2724 3344 2792 τῷ
3383 2717 3533 2796 λόγῳ
3563 2720 3598 2788 ἡ
3630 2712 3786 2794 ῧϐρις

2137 2809 2227 2865 καὶ
2260 2808 2337 2872 εἷς
2362 2809 2426 2865 τὸ
2459 2811 2629 2883 μήπω
2662 2808 2822 2885 ῥηθὲν
2856 2806 3155 2884 λογίζεται,
3216 2809 3261 2880 ᾦ
3293 2806 3448 2882 λόγῳ
3474 2809 3509 2877 ἡ
3557 2805 3692 2881 πρὸς
3720 2805 3785 2861 τὸ

2139 2897 2480 2976 ἐγνωσμένον
2513 2898 2651 2973 τιμή
2686 2897 2760 2960 εἷς
2786 2898 2849 2953 τὸ
2884 2900 3055 2971 μήπω
3086 2896 3422 2973 ἐγνωσμένον
3445 2896 3788 2974 ἀναφέρεται.

2211 2993 2352 3045 ΧΙΧ.
2385 2987 2487 3045 Καὶ
2537 2987 2567 3042 6
2618 2985 2805 3061 Σίμων
2857 2982 2998 3064 ἔφη’
3055 2985 3285 3042 Ἤθελον
3326 2983 3544 3056 εἰδέναι,
3602 2986 3794 3059 Πέτρε,

2139 3076 2186 3133 εἴ
2229 3076 2451 3148 ἀΛηθῶς
2509 3074 2802 3146 πιστεύεις,
2833 3078 2989 3133 380
3047 3073 3131 3131 ὅτι
3180 3076 3215 3145 ἡ
3263 3073 3558 3151 ἀνθρώπου
3609 3073 3791 3151 μορφὴ

391 3173 562 3224 ctam.
591 3168 660 3223 Et
690 3167 892 3223 Petrus
924 3183 938 3223 :
970 3166 1133 3235 Vere,
1159 3184 1190 3223 ο
1216 3167 1438 3233 Simon,
1467 3166 1551 3223 ita
1588 3166 1803 3223 habere
1862 3166 2030 3238 plane

2145 3166 2277 3242 πρὸς
2319 3167 2417 3236 τὴν
2467 3164 2670 3222 ἐκείνου
2727 3165 2940 3243 μορφὴν
3000 3160 3416 3219 διατετύπωται.
3470 3162 3568 3217 Καὶ
3620 3162 3648 3216 6
3698 3159 3795 3216 Πέ-

389 3255 535 3314 mihi
564 3260 672 3313 est.
705 3261 787 3312 Ac
812 3256 1008 3312 Simon
1043 3273 1055 3311 :
1082 3257 1382 3321 Quomodo
1403 3260 1597 3329 potest
1627 3273 1786 3313 mors
1816 3272 2028 3328 corpus

387 3345 629 3413 solvere,
662 3347 915 3402 maximo
946 3346 1138 3419 sigillo
1191 3345 1625 3402 conformatum
1662 3346 1860 3402 PTum
1921 3346 2029 3402 Pe-

390 3438 520 3491 trus
550 3449 565 3488 :
600 3435 695 3490 Dei
718 3435 867 3505 justi
898 3440 989 3491 est
1020 3435 1377 3491 forma.Cum
1405 3451 1540 3507 ergo
1563 3435 1801 3508 coeperit
1830 3434 2030 3507 inique

392 3538 580 3595 agere,
614 3523 790 3579 insita
819 3523 1041 3596 species
1074 3524 1244 3596 tugit,
1279 3524 1478 3595 sicque
1520 3540 1731 3596 corpus
1761 3523 2030 3580 dissolvi-

390 3615 508 3681 tur,
541 3616 609 3667 ut
637 3611 824 3667 forma
856 3628 967 3667 non
997 3611 1255 3684 amplius
1287 3618 1581 3684 appareat,
1636 3628 1708 3667 ne
1750 3612 1901 3683 justi
1930 3611 2032 3668 Dei

391 3699 581 3756 forma
610 3700 682 3756 ab
711 3701 931 3771 injusto
961 3716 1200 3771 corpore
1230 3699 1535 3756 habeatur.
1584 3700 1761 3772 Atqui
1818 3699 2032 3757 solutio

394 3806 509 3845 non
540 3790 605 3844 ﬁt
633 3789 787 3845 circa
816 3788 1099 3861 sigillum,
1133 3789 1235 3844 sed
1268 3787 1419 3844 circa
1448 3788 1765 3859 sigillatum
1796 3806 2029 3862 corpus.

392 3879 568 3934 Porro
599 3878 816 3949 absque
844 3894 932 3945 eo,
964 3877 1065 3949 qui
1096 3876 1368 3951 signavit,
1417 3877 1711 3949 signatum
1764 3895 1880 3933 non
1910 3878 2031 3934 sol-

393 3967 567 4022 vitur.
600 3968 691 4023 Sic
719 3969 863 4022 citra
881 3966 1177 4039 judicium
1210 3982 1400 4039 neque
1444 3965 1591 4022 mori
1638 3965 1791 4023 licet.
1825 3968 1896 4023 Et
1943 3968 2027 4022 Si-

397 4072 533 4112 mon
566 4073 580 4113 :
613 4058 745 4121 Qua:
769 4072 904 4128 ergo
934 4055 1047 4112 fuit
1076 4055 1381 4126 necssitas,
1398 4054 1495 4111 Dei
1527 4055 1777 4110 formam
1806 4054 2029 4134 homini

396 4150 454 4202 et
478 4150 633 4201 terra
661 4144 906 4200 excitato
937 4145 1165 4201 tradere
1193 4144 1220 4199 ‘I
1248 4147 1327 4200 Ac
1368 4148 1573 4200 Petrus
1608 4161 1622 4201 :
1657 4144 1899 4200 Factum
1950 4150 2039 4202 est

398 4238 634 4307 propter
652 4233 1078 4290 humanitatem
1103 4233 1204 4290 Dei
1236 4233 1533 4290 creatoris.
1552 4232 2037 4306 Quandoquidem

399 4323 625 4379 ratione
654 4321 1000 4379 substantias
1030 4326 1241 4379 cuncta
1270 4321 1677 4395 praestantiora
1734 4327 1873 4379 sunt
1926 4323 2037 4379 hu-

401 4428 577 4468 mana
606 4427 801 4482 carne,
831 4411 1012 4468 aether
1039 4410 1304 4483 inquam,
1333 4410 1442 4479 sol,
1475 4411 1634 4481 luna,
1669 4411 1883 4481 sidera,
1918 4428 2036 4479 aer,

2134 3276 2264 3332 τρος
2290 3273 2304 3288 ο
2338 3253 2617 3326 Ἀληθῶς,
2649 3255 2695 3309 ὦ
2720 3253 2934 3327 Τίμων,
2970 3251 3144 3315 οὕτως
3174 3248 3322 3328 ἔχειν
3361 3249 3796 3329 πεπληροφόρη-

2141 3366 2259 3416 μαι.
2311 3343 2409 3402 Καὶ
2470 3343 2499 3398 6
2567 3342 2776 3417 Σίμων·
2839 3346 2964 3404 Πῶς
3016 3342 3240 3406 θάνατος
3298 3341 3362 3396 τὸ
3420 3344 3580 3414 σῶμα
3647 3338 3794 3396 λύειν

2139 3430 2379 3508 δύναται,
2447 3430 2700 3511 σφραγῖδι
2771 3430 2994 3508 μεγίστῃ
3050 3429 3555 3503 διατετυπωμένον;
3618 3428 3716 3483 Καὶ
3765 3429 3794 3484 6

2138 3524 2381 3599 Πέτρος’
2434 3526 2569 3578 Θεοῦ
2619 3519 2832 3577 δικαίου
2882 3519 2992 3576 ἐστὶ
3048 3521 3254 3600 μορφή.
3302 3519 3463 3575 Ἐπὰν
3511 3519 3605 3574 οῦν
3669 3514 3794 3573 ἀδι-

2138 3616 2249 3667 κεῖν
2300 3610 2547 3687 ἄρξηται,
2599 3612 2635 3680 ἡ
2669 3608 2721 3666 έν
2773 3607 2920 3683 αύτῷ
2969 3606 3085 3664 ἰδέα
3110 3611 3155 3646 ⁶⁷
3202 3607 3407 3686 φεύγει,
3434 3608 3526 3663 καὶ
3557 3606 3699 3662 οὕτω
3728 3607 3792 3661 τὸ

2143 3705 2305 3774 σῶμα
2334 3699 2542 3772 λύεται,
2571 3698 2659 3754 ἳνα
2687 3701 2721 3769 ὴ
2758 3701 2940 3777 μορφὴ
2976 3699 3182 3775 ἀφανὴς
3210 3697 3453 3774 γένηται,
3507 3697 3657 3759 ὃπως
3712 3696 3787 3769 μὴ

2144 3786 2354 3845 δικαίου
2406 3788 2622 3865 μορφὴν
2675 3790 2808 3843 Θεοῦ
2838 3788 2883 3825 ⁸⁸
2929 3783 3113 3841 ἄδικον
3166 3784 3269 3860 ἔχῃ
3297 3789 3475 3858 σῶμα.
3506 3786 3573 3841 Ἡ
3607 3785 3790 3859 μέντοι

2148 3875 2301 3939 λύσις
2344 3876 2409 3931 ού
2456 3875 2580 3952 περὶ
2624 3876 2724 3946 τὴν
2772 3872 3038 3953 σφραγῖδα
3098 3872 3321 3949 γίνεται,
3378 3872 3527 3930 ἀλλὰ
3567 3874 3691 3949 περὶ
3729 3873 3793 3928 τὸ

2152 3965 2474 4044 σφαργισθὶν
2544 3968 2722 4038 σῶμα.
2798 3966 2956 4021 Ἀνευ
3013 3960 3071 4019 δὲ
3132 3966 3230 4019 τοῦ
3286 3961 3675 4040 σφραγίσαντος
3731 3962 3794 4015 τὸ

2150 4054 2466 4132 σφραγισθὲν
2514 4052 2577 4110 ού
2630 4052 2834 4110 λύεται.
2884 4051 3067 4115 Οὕτως
3119 4049 3238 4107 ἄνευ
3284 4050 3509 4127 κρίσεως
3556 4048 3682 4106 οὐδὲ
3730 4051 3793 4104 τὸ

2148 4143 2432 4207 ἀποθανεῖν
2478 4136 2698 4213 ἔξεστιν.
2748 4140 2846 4197 Καὶ
2897 4141 2925 4196 6
2980 4140 3200 4214 Σίμων·
3260 4138 3349 4202 Τίς
3425 4139 3516 4194 οὗν
3583 4137 3789 4213 ἀνάγκη

2145 4232 2235 4302 ἦν,
2292 4233 2392 4303 τὴν
2451 4228 2702 4286 τοιούτου
2766 4231 2981 4309 μορφὴν
3035 4233 3114 4301 τῷ
3172 4227 3278 4284 ἀπὸ
3350 4231 3450 4305 γῆς
3527 4226 3793 4304 ἐγερθέντι

2146 4319 2327 4376 δοῦναι
2383 4319 2693 4397 ἀνθρώπῳ;
2759 4319 2856 4375 Καὶ
2916 4319 2944 4374 6
2997 4316 3242 4392 Πέτρος⁸
3303 4318 3401 4372 Διά
3454 4317 3554 4386 τὴν
3611 4321 3709 4371 τοῦ
3750 4318 3796 4355 ⁶⁰

2144 4408 2512 4480 πεποιηκότος
2569 4412 2703 4465 Θεοῦ
2759 4404 3161 4486 φιλανθρωπίαν
3219 4407 3475 4483 γέγονεν·
3530 4404 3647 4462 ἐπεὶ
3690 4406 3793 4483 γὰρ

400 4517 573 4574 aqua,
604 4499 778 4573 ignis,
814 4516 930 4557 uno
959 4501 1133 4556 verbo
1165 4504 1370 4557 caetera
1400 4500 1618 4568 omnia,
1651 4518 1778 4573 qua:
1823 4503 1894 4557 ad
1928 4501 2030 4557 mi-

2146 4503 2225 4571 τῷ
2252 4499 2369 4554 κατ’
2414 4498 2597 4555 οὐσίαν
2630 4496 2782 4574 λόγῳ
2815 4495 2989 4553 πάντα
3043 4494 3326 4570 κρείττονα
3379 4493 3641 4570 τυγχάνει
3693 4501 3793 4565 τῆς

400 4589 709 4646 nisterium
742 4588 1001 4646 hominis
1032 4589 1202 4657 facta,
1234 4588 1369 4645 licet
1409 4590 1745 4646 substantia
1793 4590 2040 4662 potiora,

2150 4588 2434 4665 ἀνθρώπου
2487 4588 2703 4665 σαρκὸς,
2756 4585 2903 4660 λέγω
2951 4582 3019 4655 δὴ
3044 4586 3088 4622 ⁷ο
3131 4584 3222 4640 τὸν
3255 4583 3459 4660 αἰθέρα,
3488 4584 3580 4639 τὸν
3612 4583 3793 4656 ἥλιον,

398 4682 597 4735 tamen
620 4679 890 4736 lubenter
917 4678 1212 4735 sustinent
1233 4678 1285 4735 ei
1303 4677 1403 4751 qui
1432 4678 1767 4735 substantia
1790 4678 2030 4735 deterior

2146 4678 2248 4748 τὴν
2290 4675 2547 4752 σελήνην,
2592 4675 2723 4739 τοὺς
2782 4675 3031 4751 ἀστέρας,
3080 4672 3170 4728 τὸν
3222 4674 3372 4750 ἀέρα,
3419 4673 3484 4729 τὸ
3532 4670 3703 4748 ὕδωρ,
3732 4671 3796 4727 τὸ

1743 4786 1986 4843 ἾΑΒΙΛΕ
2034 4786 2445 4845 LECTIONES.

468 4874 1016 4952 ⁵ἢγελονηθησομένων
1060 4874 1122 4952 C_.
1172 4870 1408 4952 fﬂeeot
1456 4874 1592 4952 ad_d.
1640 4891 1688 4931 ο.
1711 4874 1796 4952 _0.
1836 4876 2001 4952 _Tum
2045 4875 2247 4952 unus,
2298 4874 2365 4946 Ο,
2416 4894 2530 4952 μου
2702 4874 2749 4912 ⁸ο
2799 4870 2882 4952 ἔτι
2907 4870 3125 4952 om._0,
3153 4867 3215 4924 τό
3245 4886 3305 4943 p.
3331 4872 3411 4952 τῷ
3439 4867 3554 4952 legi
3579 4866 3707 4952 vult
3734 4868 3796 4926 S.

396 4946 441 4984 οι
471 4938 701 5001 τδιῖιδιού
731 4938 790 5005 ὁ.
841 4938 915 4983 ἐς
942 4952 1029 5008 Ὡς
1059 4942 1219 5009 αύτὸς
1249 4942 1458 5021 ἀπείρῳ
1489 4944 1644 5018 εἶναι,
1672 4945 1736 5000 τὸ
1765 4938 2057 5001 καλεῖσθαί
2077 4938 2373 5021 ἀπέραντος
2403 4938 2460 5003 C.
2484 4944 2885 5034 Schliemanni
2907 4938 3305 5015 conjecturam
3328 4938 3555 5067 ἀπείὲὄυ
3570 4940 3796 5009 (Clem.,

396 5034 454 5067 n.
490 5019 613 5067 144-
644 5019 770 5067 569i
800 5037 835 5067 ιι
864 5019 1240 5067 Schweclem
1270 5016 1615 5067 vilinensam
1646 5018 1953 5067 conﬁrmat
1981 5019 2111 5067 cod.
2143 5019 2209 5067 0.
2284 5018 2331 5054 ⁸³
2363 5015 2536 5067 οὕτως
2553 5025 2610 5067 8-
2651 5019 2714 5067 Ο-
2746 5034 2913 5067 οντως
2936 5019 2996 5067 C.
3069 5014 3119 5049 “
3145 5010 3235 5067 καί
3263 5014 3415 5067 coni.
3496 5054 3511 5067 .
3584 5012 3631 5049 ⁸⁸
3657 5009 3720 5066 τό
3751 5011 3796 5067 Ο

396 5034 454 5091 p.
490 5019 614 5088 144,
644 5019 770 5091 569)
800 5037 835 5076 a
864 5008 1240 5092 Schweglero
1270 5008 1953 5092 vilipensam'confirmat
1981 5008 2209 5092 cod.0'.
2284 5018 2331 5054 ⁸³
2363 5015 2610 5092 9310058,
2651 5019 2714 5087 0,
2741 5008 3034 5092 {ivrwgcf
3069 5014 3119 5049 “
3145 5010 3235 5092 καί
3263 5014 3415 5092 conj.

3496 5054 3511 5069 .
3584 5009 3797 5068 ⁶⁸τόΟ

398 5078 457 5147 δι
485 5078 831 5168 ρΧ-όροεῇεὸιε
856 5094 917 5158 C,
949 5091 1009 5146 in
1188 5094 1346 5168 textu
1372 5078 1435 5143 τε
1455 5091 1502 5168 .S
1530 5109 1607 5168 τι.
1666 5092 1726 5168 _‘f
1739 5088 1907 5168 _Dedi
1935 5087 2380 5168 προσάψειςλκαί
2404 5105 2454 5143 c.
2486 5088 2552 5157 Ο,
2584 5078 2863 5168 προσάψας
2892 5088 2953 5158 C,
2985 5084 3281 5168 προσρίψας
3305 5078 3390 5140 ΒΪ
3448 5084 3493 5120 ⁵⁸
3541 5078 3713 5168 είδέα¹
3736 5087 3796 5155 C,

399 5161 499 5231 qui
533 5156 741 5218 deinde
770 5156 965 5223 οὕτως.
1042 5163 1087 5200 ⁸⁸
1110 5156 1250 5216 Θεοῦ
1284 5160 1499 5236 μορφήν
1531 5165 1590 5216 C.
1665 5161 1711 5197 δ’
1739 5161 1847 5217 Pro
1878 5156 2092 5228 διὰ’τὴν
2124 5156 2220 5216 τοῦ
2241 5156 2310 5217 ’ἰιι
2342 5161 2387 5218 Ο
2416 5156 2735 5215 occurrunt
2763 5156 2886 5214 haec
2915 5156 3091 5214 verba
3119 5156 3233 5213 alia
3260 5172 3440 5213 manu
3470 5158 3796 5263 expuncta:

399 5227 555 5263 ...:‘:....
588 5229 675 5263 λλ
703 5232 801 5263 ..ιη
831 5231 1081 5263 --.Νι-λ..
1118 5232 1434 5263 ....-...1..-.-.-.
1466 5230 1569 5263 2...}.
1600 5236 1706 5263 ηε-
1737 5228 1997 5263 μυρίη...
2033 5228 2212 5263 λαμ...
2248 5231 2517 5263 z..n-.!......
2570 5230 2718 5263 In...“
2753 5228 3035 5263 nmmum.
3062 5226 3151 5263 νηὶ
3184 5227 3211 5263 Α
3242 5225 3446 5263 τῖε-..Αω-
3566 5228 3589 5263 o
3638 5221 3704 5263 κςι
3738 5225 3776 5263 Ω

395 5225 556 5311 τοῦτο
585 5229 677 5311 διὰ
703 5232 801 5302 τὴν
831 5231 1083 5288 τοιούτου
1117 5225 1330 5311 μορφῆν
1356 5225 1436 5306 τῷ
1456 5225 1571 5288 ⁷ιῖιπὸ
1600 5236 1706 5307 γῆς
1736 5228 2000 5308 ἐγερθέντι
2033 5225 2216 5287 δοῦναι
2247 5231 2537 5307 ἀνθρώπῳ.
2570 5230 2722 5287 Tum
2753 5228 3035 5301 repetitur
3062 5226 3153 5283 καὶ
3184 5227 3211 5283 6
3242 5225 3467 5304 Πέτρος.

400 5298 458 5357 δε
487 5305 548 5375 c,
578 5303 647 5361 o-

3566 5228 3589 5264 ο
3638 5221 3704 5296 δή
3738 5225 3797 5282 S.

1780 5384 2154 5443 VARIORUM
2184 5384 2415 5441 NOTAE.

474 5478 981 5556 (ω’)’Δπόρῥητον
1026 5475 1224 5556 ὄνομαἶ
1276 5481 1392 5556 ῌοο
1448 5485 1538 5556 est
1556 5497 1804 5556 _nomen
1844 5483 2044 5556 Tetra-

2155 5478 2875 5554 hujusmsdiSS.nomine
2902 5475 3526 5554 diﬁ'usedisseruimus
3547 5474 3606 5531 in
3629 5489 3802 5547 opere

406 5547 795 5682 grammatan
819 5547 1041 5641 'Iehoqa,
1074 5547 1230 5625 quod
1288 5553 1504 5609 Graecis
1556 5553 1831 5610 Patrtbus
1874 5555 2052 5610 etiam
2163 5547 2362 5611 nostro
2390 5555 2466 5609 De
2497 5551 2827 5607 l'harmom'e
2858 5553 3012 5605 entre
3041 5548 3263 5619 l’Eglise
3291 5556 3343 5604 et
3376 5547 3432 5603 la
3461 5547 3813 5620 Synagogne,

446 5628 621 5680 icitur
649 5621 907 5682 αὸρητον.
965 5625 1671 5682 αφραστον.8.(ἓιιεε.Νθ.κ.
1702 5641 1835 5681 vero
1865 5625 2052 5682 multo
2161 5631 2203 5681 t.
2237 5626 2308 5682 II.
2343 5641 2475 5682 nan.
2510 5624 2617 5681 318
2645 5626 2703 5682 et
2731 5638 2891 5682 seua.
2925 5621 3145 5677 Duce.

446 5623 621 5705 icitur
649 5621 914 5705 ἅρεξητον,
965 5621 1671 5705 ἄφραστονβλῗτεεεκηακ.
1702 5625 2052 5705 vero_mul_to
2161 5631 2203 5681 t.
2237 5626 2308 5694 II,
2342 5641 2475 5697 pag.
2510 5624 2617 5681 318
2645 5626 2703 5682 et
2731 5638 2891 5694 seqq.
2925 5621 3145 5677 Duas.

406 5694 659 5769 felicius,
685 5689 819 5754 ὀὔτε
842 5692 922 5769 νῷ
949 5689 1324 5766 καταληπτὸν,
1354 5689 1494 5750 σ’ύτῖ
1516 5692 1667 5769 λόγῳ
1726 5694 1916 5771 ῥητόν.
1973 5702 2053 5753 De
