4148 6342
251 420 360 483 381
1356 422 1890 486 CLEMENTINA.
1921 453 2002 469 -—
2032 421 2370 488 HOMILIA
2411 425 2574 488 XVI.
3550 422 3669 482 382

252 556 377 627 πῦρ,
410 550 486 607 ἐνὶ
519 550 681 629 λόγῳ
728 551 816 608 καὶ
862 551 933 610 τὰ
962 550 1132 610 λοιπά
1171 551 1367 625 πάντα,
1402 552 1434 609 ἃ
1462 573 1581 609 τινα
1612 551 1685 616 εἷς
1718 553 1914 627 ὑπηρεο

2038 559 2119 612 est
2148 555 2381 625 servire,
2431 560 2668 630 propter
2691 555 2962 614 Numinis
3012 556 3281 612 formam.
3320 554 3469 611 Nam
3517 552 3673 610 sicut

255 638 365 695 σίαν
424 640 726 717 ἀνθρώπου
773 642 1041 717 γενόμενα
1087 643 1175 697 καὶ
1223 643 1339 697 κατ’
1400 640 1579 696 οὐσίαν
1637 640 1913 717 κρείττονα

2038 645 2125 718 ιιιί
2154 645 2371 702 luteam
2390 646 2757 718 imperatoris
2788 650 3044 702 statuam
3075 644 3670 712 honorant,honorem

256 726 378 784 ὄντα
406 727 592 798 ἡδέως
630 730 885 804 ὑπομένει
919 728 1194 787 δουλεύειν
1247 734 1327 803 τῷ
1390 732 1506 785 κατ’
1555 728 1739 785 οὐσίαν
1797 728 1913 806 χεί-

2038 733 2274 789 relatum
2305 734 2521 791 habent
2550 736 2609 791 in
2642 736 3074 807 imperatorem,
3102 735 3271 805 cujus
3301 734 3492 788 lutum
3523 732 3673 804 ﬁgu-

258 838 389 895 ρονι,
446 816 538 873 διὰ
585 821 691 888 τήν
740 824 836 874 τοῦ
880 820 1191 893 Κρείττονος
1256 821 1492 897 μορφήν.
1551 820 1640 881 Ὠς
1688 820 1793 895 γὰρ
1859 819 1912 873 οἱ

2038 840 2147 879 ram
2180 829 2578 896 repraesentat,
2611 826 2695 880 sic
2727 824 3001 880 universa
3045 829 3314 879 creatura
3346 821 3568 878 homini
3600 822 3673 877 de

254 906 484 976 πήλινον
520 911 565 945 ⁷¹
635 905 923 983 ἀνδριάντα
979 906 1246 983 βασιλέως
1293 914 1559 982 τιμῶντες
1604 910 1704 977 τήν
1744 909 1911 981 τιμὴν

2038 928 2180 967 ιοιτε.
2204 915 2328 967 orto
2359 912 2491 968 laeta
2521 914 2861 980 inservit,ad
2893 912 2994 968 Dei
3010 912 3291 968 honorem
3323 911 3668 983 respiciens.

257 995 669 1073 ἀναφερομένην
712 995 930 1073 ἔχουσιν
964 998 1041 1060 εἷς
1070 998 1290 1070 ἐκεῖνον,
1319 997 1484 1073 οὗπερ
1533 998 1561 1053 6
1590 995 1771 1068 πηλὸς
1818 998 1917 1066 τὴν
1973 1000 2187 1076 μορφὴν
2235 999 2494 1075 τυγχάνει
2546 997 2713 1076 ἔχων,
2745 999 2887 1055 οὕτω
2918 1003 2963 1037 ⁷³
3008 998 3099 1055 καὶ
3128 1001 3163 1069 ἡ
3205 1003 3347 1055 πᾶσα
3388 997 3560 1059 κτίσις
3588 1001 3668 1069 τῷ

257 1086 357 1140 ἀπὸ
379 1093 485 1160 γῆς
512 1087 798 1161 γενομένῳ
826 1087 1099 1163 ἀνθρώπῳ
1129 1087 1395 1164 χαίρουσα
1427 1085 1695 1159 δουλεύει,
1726 1086 1801 1148 εἷς
1828 1088 1927 1156 τήν
1960 1086 2161 1142 ἐκείνου
2191 1088 2448 1167 ἀφορῶσα
2476 1091 2667 1163 τιμήν.

324 1177 472 1231 331
512 1181 634 1231 XX.
695 1174 796 1231 Ἰδὶ
851 1179 915 1245 ⁷³,
977 1174 1077 1249 ο⁹ίῳ
1134 1181 1270 1249 Θεῷ,
1346 1176 1533 1250 Σίμων
1610 1175 1923 1253 ἀχαριστεῖν

257 1265 400 1335 ἡμᾶς
444 1270 642 1319 πεῖσαι
689 1264 866 1328 θέλεις
895 1286 906 1299 ·
956 1266 1044 1320 καὶ
1099 1266 1348 1341 βαστάζει
1401 1287 1458 1320 σε
1488 1268 1523 1335 ἡ
1554 1272 1648 1341 γῆ,
1699 1263 1829 1327 ἴσως
1865 1262 1923 1319 δὲ

259 1349 385 1407 ἴδεῖν
418 1356 465 1389 ⁷⁴
511 1353 856 1427 βουλομένη,
906 1354 988 1416 τίς
1041 1376 1125 1409 σοι
1168 1356 1236 1409 τὰ
1266 1353 1433 1428 ὅμοια
1463 1358 1679 1431 φρονεῖν
1710 1351 1924 1427 τολμή-

259 1462 339 1497 σοι
369 1444 433 1478 ⁷⁵·
469 1446 710 1517 Πρῶτος
739 1444 843 1518 γὰρ
894 1442 1055 1504 αὐτὸς
1104 1440 1438 1516 ἐτόλμησας,
1480 1441 1509 1497 ὅ
1543 1440 1734 1516 μηδεὶς
1766 1441 1920 1498 ἐτόλ-

264 1547 469 1603 μησεν⁶
542 1535 767 1607 πρῶτος
842 1529 1105 1609 ἐφθέγξω,
1176 1530 1208 1586 ἃ
1283 1532 1515 1608 πρώτως
1588 1530 1919 1605 ἠκούσαμεν.

262 1624 475 1696 Πρῶτοι
530 1620 628 1675 καὶ
661 1620 820 1693 μόνοι
862 1623 1024 1694 ἡμεῖς
1058 1620 1145 1675 ἐπὶ
1202 1624 1271 1695 τῇ
1298 1623 1343 1658 ⁷⁸
1396 1619 1619 1695 τοιαύτῃ
1661 1642 1756 1675 σου
1800 1622 1922 1676 ἀσε-

261 1704 376 1780 ϐείᾳ
422 1711 531 1779 τὴν
599 1709 821 1785 ἄπειρον
880 1714 977 1764 τοῦ
1036 1713 1170 1765 Θεοῦ
1222 1709 1597 1786 μακροθυμίαν
1632 1710 1921 1786 ἱστορήσα-

265 1819 378 1871 μεν,
406 1798 500 1853 καὶ
538 1798 644 1854 οὐκ
675 1796 850 1854 ἄλλου
878 1799 1049 1868 τινὸς,
1080 1798 1115 1868 ἢ
1150 1803 1245 1853 τοῦ
1274 1798 1555 1861 κτίσαντος
1584 1799 1677 1854 τὸν
1697 1798 1920 1873 κόσμον,

263 1887 335 1949 είς
375 1888 434 1942 ὃν
500 1888 723 1943 ἅσελεῖν
781 1886 1112 1961 έτολμησας.
1182 1887 1280 1942 Καὶ
1340 1888 1595 1963 χάσματα
1650 1895 1757 1963 γῆς
1826 1887 1927 1943 οὐκ

262 1974 516 2052 έγεντςθη,
594 1977 685 2031 καὶ
764 1981 869 2051 πῦρ
949 1976 1038 2030 ἀπ’
1113 1976 1343 2050 οὐρανοῦ
1419 1976 1481 2030 ού
1546 1977 1921 2055 κατεπέμφθη,

2103 1178 2216 1235 ΧΧ.
2252 1180 2415 1248 Vide,
2464 1181 2691 1249 Simon,
2742 1179 2903 1252 quali
2952 1184 3064 1236 Deo
3109 1182 3175 1235 ut
3222 1178 3411 1235 simus
3457 1176 3675 1249 ingrati

2033 1269 2382 1339 persuadere
2415 1270 2583 1342 cupis
2612 1287 2627 1324 :
2661 1273 2718 1325 et
2746 1274 2899 1325 terra
2928 1272 3123 1342 portat
3151 1266 3499 1334 te,fortassis
3528 1266 3678 1322 scire

2029 1356 2251 1428 volens,
2285 1358 2420 1430 quis
2469 1358 2688 1415 similia
2717 1376 2783 1415 ac
2811 1362 2876 1414 tu
2925 1358 3141 1415 sentire
3171 1357 3401 1413 audeat.
3447 1355 3680 1411 Primus

2031 1446 2186 1501 enim
2219 1464 2400 1504 ausus
2453 1466 2536 1519 es,
2570 1448 2725 1521 quod
2774 1446 2971 1504 nullus
3002 1448 3059 1501 in
3095 1446 3358 1502 animum
3398 1443 3628 1500 induxit
3660 1460 3674 1500 :

2032 1535 2261 1607 primus
2309 1536 2539 1593 locutus
2588 1554 2650 1593 es
2700 1552 2788 1605 ea,
2839 1552 2966 1607 quae
3014 1534 3269 1607 primum
3319 1532 3675 1589 audivimus.

2033 1624 2213 1679 Primi
2247 1641 2313 1680 ac
2365 1626 2474 1680 soli
2506 1643 2612 1681 nos
2665 1641 2844 1697 super
2872 1629 3036 1681 tanta
3086 1628 3189 1679 tua
3235 1622 3534 1695 impietate
3567 1621 3679 1677 im-

2034 1729 2299 1769 mensam
2332 1714 2434 1770 Dei
2465 1714 2805 1786 patientiam
2851 1713 3253 1786 cognovimus,
3286 1728 3392 1767 nec
3438 1708 3679 1765 alterius

2034 1802 2389 1873 cujuspiam,
2445 1819 2623 1874 quam
2657 1802 2819 1859 illius
2865 1802 2961 1873 qui
3012 1801 3299 1857 mundum
3350 1798 3586 1868 creavit,
3620 1797 3682 1852 in

2033 1907 2205 1961 quem
2223 1891 2558 1947 sustinuisti
2590 1908 2721 1947 esse
2751 1891 3066 1963 impius.Et
3084 1894 3250 1945 terraa
3275 1888 3473 1943 hiatus
3497 1887 3684 1942 factus

2035 1996 2151 2035 non
2181 1983 2289 2046 est,
2314 1983 2483 2050 atque
2512 1980 2665 2052 ignis
2694 1996 2723 2035 e
2755 1978 2899 2035 coelo
2932 1996 3049 2035 non
3080 1983 3170 2034 cst
3198 1977 3456 2033 emissus
3486 1992 3591 2031 nec
3621 1975 3682 2029 in

264 2037 349 2119 καὶ
382 2066 461 2127 εἰς
506 2037 850 2142 ἐμπρησμὸν.
883 2063 1093 2141 ἀνδρῶν
1144 2037 1245 2120 οῦκ
1300 2063 1609 2135 ἐπεξῆλθεν,
1653 2037 1926 2127 καὶιὺετὸς

2040 2067 2346 2123 hominum
2394 2067 2907 2140 conﬂagrationem
2939 2067 3095 2139 exiit,
3129 2070 3186 2122 et
3212 2066 3402 2121 imber
3450 2081 3563 2120 non
3594 2067 3684 2120 est

266 2153 363 2209 οὐκ
422 2153 701 2230 ἐπεσχέθη
735 2157 799 2226 ⁷⁷,
862 2154 949 2208 καὶ
1010 2158 1189 2229 θηρῶν
1251 2151 1467 2223 πλῆθος
1524 2152 1630 2208 ἀπὸ
1706 2151 1927 2229 δρυμῶν

2040 2173 2458 2229 suspensus,ac
2487 2156 2803 2213 multitudo
2837 2157 3092 2213 ferarum
3124 2172 3239 2211 non
3269 2159 3408 2211 este
3433 2153 3682 2210 saltibus

269 2242 364 2298 οὐκ
412 2242 817 2321 ἐπέμφθη,καὶ
868 2242 951 2297 ἐπ’
998 2242 1194 2304 αὐτοὺς
1248 2244 1396 2314 ἡμᾶς
1449 2239 1537 2297 διὰ
1595 2238 1689 2297 ἕνα
1753 2244 1927 2318 ἁμαρ-

2041 2245 2329 2317 immissa,
2362 2250 2533 2318 atque
2562 2246 2621 2301 in
2660 2262 2767 2301 nos
2797 2246 2955 2318 ipsos
2986 2249 3221 2318 propter
3258 2260 3443 2299 unum
3476 2258 3685 2315 pecca-

266 2331 493 2385 τένοντα
564 2331 643 2393 ὡς
717 2329 804 2385 ἐπὶ
870 2329 1125 2406 μοιχείας
1191 2336 1585 2404 πνευματικῆς,
1640 2337 1741 2400 τῆς
1789 2330 1927 2385 κατὰ

2042 2339 2247 2402 torem,
2280 2335 2352 2391 ob
2383 2334 2689 2408 spirituale
2718 2334 3098 2403 adulterium,
3129 2334 3281 2406 quod
3334 2333 3552 2388 carnali
3583 2348 3682 2404 pe-

272 2421 437 2491 σάρκα
470 2420 733 2495 χείρονος
761 2422 805 2456 ⁷⁸
859 2417 1236 2495 ὑπαρχούσης,
1269 2420 1303 2489 ἡ
1338 2423 1472 2474 Θεοῦ
1511 2418 1650 2494 ὀργή
1680 2417 1927 2495 ὀλέθριος

2038 2425 2138 2497 jus
2171 2428 2279 2494 est,
2324 2441 2438 2480 non
2472 2441 2747 2481 conversa
2795 2428 2884 2480 est
2922 2423 3247 2496 perniciosa
3296 2421 3395 2478 Dei
3442 2422 3549 2477 ira.
3595 2423 3684 2477 An

272 2508 366 2562 οὐκ
418 2507 652 2583 ἤρξατο.
704 2507 777 2563 Οὐ
827 2506 926 2584 γάρ
978 2506 1117 2562 ἐστιν
1173 2508 1200 2561 6
1230 2511 1277 2544 ⁷ο
1321 2506 1445 2563 τότε
1511 2506 1813 2578 ἐπεξελθὼν
1865 2508 1935 2563 τὰ

274 2598 645 2674 ἁμαρτήματα
697 2596 929 2673 ούρανοῦ
974 2596 1065 2651 καὶ
1113 2603 1217 2672 γῆς
1276 2597 1495 2667 κτίστης
1558 2596 1724 2667 Θεός;
1782 2597 1933 2652 Ἐπεὶ

273 2687 358 2741 καὶ
414 2687 508 2741 νῦν
570 2687 639 2741 τὰ
708 2686 936 2761 μέγιστα
1006 2683 1509 2765 βλασφημούμενος
1565 2686 1634 2741 τὰ
1707 2686 1935 2762 μέγιστα

277 2773 631 2852 ἐπεξήρχετο.
703 2773 874 2833 Ἀλλᾶ
935 2774 1242 2830 τούναντίον
1288 2781 1650 2851 μακροθυμεῖ,
1709 2774 1786 2838 εἷς
1840 2796 1934 2849 με·

276 2866 489 2920 τάνοιαν
546 2863 730 2932 καλεῖ,
790 2863 1149 2921 συντελοῦντα
1210 2863 1347 2940 βέλη
1404 2862 1543 2941 πρὸς
1625 2863 1931 2921 συντέλειαν

278 2958 379 3008 τῶν
433 2949 650 3010 ἀσεϐῶν
695 2952 745 3009 ἐν
792 2958 910 3017 τοῖς
957 2960 1255 3026 θησαυροῖς
1305 2953 1631 3027 ἀποκείμενα
1678 2952 1846 3030 ἔχων,
1902 2952 1936 3009 a

281 3063 397 3097 τινα
478 3043 750 3121 ἐπαφήσει
807 3043 882 3106 ὡς
945 3048 1059 3113 ζῶα
1114 3041 1355 3120 ἔμψυχα.
1434 3044 1557 3099 ὅταν
1590 3047 1635 3081 ⁸ο
1709 3044 1937 3101 ἀνταπο-

285 3128 462 3188 δοῦναι
495 3132 674 3209 κρίσιν
704 3138 821 3195 τοῖς
850 3134 927 3207 (υ)
960 3131 1124 3188 αὐτοῦ
1148 3135 1513 3210 προκαθεσθῇ.
1546 3134 1640 3189 Διὸ
1681 3128 1937 3212 φοϐηθῶ-

280 3242 369 3292 μεν
419 3224 555 3277 Θεὸν
604 3219 835 3294 δίκαιον,
889 3219 955 3276 οὗ
1011 3223 1111 3291 τὴν
1168 3223 1384 3300 μορφὴν
1434 3225 1569 3299 πρὸς
1599 3225 1769 3297 τιμὴν
1798 3225 1861 3280 τὸ
1890 3226 1933 3263 ⁸⁸

277 3310 571 3387 ἀνθρώπου
607 3312 854 3387 βαστάζει
889 3314 1068 3385 σῶμα.

2042 2514 2200 2570 enim
2231 2530 2346 2569 non
2385 2517 2493 2581 est,
2544 2514 2645 2586 qui
2688 2518 2830 2569 tunc
2877 2512 3210 2569 vindicabat
3256 2514 3509 2584 peccata,
3560 2510 3689 2566 ccin

2044 2619 2110 2659 ac
2139 2607 2303 2658 terra;
2330 2602 2600 2658 conditor
2629 2602 2785 2659 Deus
2803 2602 2831 2657 ‘I
2854 2602 3113 2675 alioquin
3146 2607 3203 2658 et
3233 2617 3390 2657 nunc
3416 2598 3688 2656 maximis

2043 2691 2334 2763 appetitus
2363 2690 2638 2746 conviciis
2671 2691 2925 2747 maxime
2957 2690 3352 2747 ulcisceretur.
3386 2689 3497 2745 Sed
3547 2705 3688 2744 con-

2042 2779 2386 2851 tra,patiens
2415 2781 2605 2848 est,ad
2638 2780 3038 2853 paenitentiam
3069 2783 3256 2849 vocat,
3288 2778 3389 2850 qui
3420 2794 3689 2835 consum-

2044 2869 2266 2924 mantia
2294 2867 2409 2925 tela
2438 2868 2843 2942 adimpiorum
2861 2868 3400 2925 exterminationem
3428 2866 3605 2923 habet
3627 2866 3686 2922 in

2042 2956 2337 3014 thesauris
2367 2958 3088 3031 reposita,quaa,tanquam
3119 2955 3681 3023 viventiaanimalia,

2042 3049 2184 3103 tunc
2234 3048 2523 3117 demittet,
2565 3065 2699 3104 cum
2750 3047 3085 3121 praesederit
3126 3046 3199 3102 ad
3244 3044 3685 3101 retribuendum

2044 3135 2312 3192 hostibus
2342 3138 2468 3193 suis
2480 3136 3083 3209 judicium.Quocirca
3114 3134 3429 3191 timeamus
3451 3134 3687 3205 justum

2042 3224 2249 3298 Deum,
2284 3227 2455 3297 cujus
2489 3225 2738 3282 formam
2772 3225 2828 3281 in
2864 3224 3143 3281 honorem
3170 3222 3428 3279 hominis
3476 3237 3687 3294 corpus

2042 3314 2211 3388 gerit.

343 3403 497 3459 ³³2
533 3402 677 3459 XXI.
729 3404 905 3455 Γαῦτα
951 3404 1050 3455 τοῦ
1104 3400 1311 3477 Πέτρου
1372 3398 1616 3463 εἰπόντος
1654 3402 1683 3456 6
1737 3401 1926 3475 Σίμων

2110 3403 2250 3459 ΧΧΙ.
2311 3404 2448 3468 Quae
2506 3407 2819 3475 postquam
2868 3402 3072 3458 Petrus
3140 3400 3303 3471 dixit,
3383 3400 3685 3473 respondit

274 3488 637 3566 ἀπεκρίνατοο
709 3487 929 3560 Ἐπειδὴ
992 3490 1106 3566 ὁρῶ
1165 3510 1223 3544 σε
1297 3494 1479 3567 σοφῶς
1554 3489 1926 3564 αἰνισσόμενον

274 3576 350 3633 ὅτι
380 3579 449 3634 τὰ
500 3578 862 3656 γεγραμμένα
907 3578 1044 3635 κατά
1104 3582 1199 3633 τοῦ
1246 3583 1601 3655 Δημιουργοῦ
1650 3578 1703 3635 έν
1733 3584 1854 3643 ταῖς
1882 3582 1929 3618 ⁸³

277 3662 489 3742 βίϐλοις
545 3668 645 3724 οὐκ
692 3666 871 3738 ἀληθῆ
922 3669 1204 3745 τυγχάνει,
1263 3664 1450 3740 αὔριον
1513 3668 1617 3723 ἀπὸ
1669 3673 1777 3725 τῶν
1827 3673 1927 3725 τοῦ

276 3752 605 3814 διδασκάλου
660 3778 757 3813 σου
822 3757 1004 3833 λόγων
1039 3755 1197 3828 δείξω
1256 3757 1345 3812 τὸν
1377 3758 1423 3794 ⁸³
1472 3754 1811 3835 δημιουργὸν
1848 3760 1925 3833 μὴ

275 3843 544 3903 ἀνώτατον
576 3844 815 3923 λέγοντα
869 3866 1001 3902 ειναι
1033 3848 1079 3883 ⁸⁸
1107 3845 1260 3905 Θεόν.
1299 3844 1398 3901 Καί
1447 3847 1475 3901 6
1524 3846 1711 3921 Σίμων
1761 3852 1930 3905 ταῦτα

280 3933 436 3991 εἰπὼν
469 3934 717 4007 ἐξῆλθεν.
748 3935 805 3992 Ὀ
838 3932 893 3990 δὲ
946 3934 1151 4011 Πέτρος
1190 3939 1313 3998 τοῖς
1345 3941 1681 4012 παρεστῶσιν
1729 3931 1927 4013 ὄχλοις

277 4018 370 4101 ἔφη
399 4044 412 4056 ·
463 4026 525 4080 Ὁ
575 4023 763 4097 Σίμων
805 4021 909 4078 πᾶν
947 4020 1115 4097 μηδὲν
1159 4020 1343 4101 ἕτερον
1388 4024 1511 4100 περὶ
1544 4028 1679 4081 Θεοῦ
1716 4023 1926 4102 βλάψαι

276 4114 415 4185 ἡμᾶς
447 4110 681 4186 δυνηθῇ,
715 4110 843 4168 ἀλλ’
870 4112 962 4168 οὗν
1004 4133 1065 4189 γε
1094 4115 1139 4149 ⁸⁸
1190 4110 1473 4186 ἐμποδίζει
1528 4114 1654 4187 ὑμῖν
1702 4113 1923 4170 ἀκούειν

275 4202 393 4265 τοῦς
441 4204 547 4273 τήν
599 4202 785 4277 ψυχὴν
828 4198 1155 4276 δυναμένους
1183 4202 1456 4278 καθαίρειν
1489 4199 1710 4279 λόγους.
1743 4207 1927 4262 Ταῦτα

275 4295 361 4345 τοῦ
408 4292 622 4369 Πέτρου
669 4290 914 4353 εἰπόντος
954 4294 1000 4329 ⁸⁸
1054 4289 1231 4355 πολὺς
1312 4291 1645 4367 ψιθυρισμὸς
1713 4291 1926 4369 ἐγένετο

276 4384 372 4435 τῶν
429 4378 624 4457 ὄχλων
682 4379 953 4455 λεγόντων
983 4398 996 4412 '
1052 4380 1143 4443 Τίς
1197 4378 1254 4435 δὲ
1322 4380 1523 4457 ἀνάγκη
1603 4380 1689 4452 ἐᾷν
1764 4381 1924 4438 αὐτὸν

278 4466 493 4525 ἐνταῦθα
546 4469 776 4524 εἰσιόντα
830 4470 931 4531 τὰς
972 4470 1107 4525 κατά
1154 4474 1250 4524 τοῦ
1275 4474 1414 4524 Θεοῦ
1449 4468 1803 4548 βλασφημίας
1836 4471 1928 4527 λέ-

278 4577 399 4630 γειν.
464 4559 570 4613 Καὶ
629 4560 657 4613 6
718 4558 921 4633 Πέτρος
978 4558 1211 4619 ἀκούσας
1267 4555 1408 4636 ἔφη·
1468 4559 1686 4615 Γένοιτο
1757 4561 1927 4637 μέχρι

289 4646 538 4719 Σίμωνος
588 4647 811 4721 ἀρκετὸν
854 4646 1089 4722 γενέσθαι
1138 4646 1229 4701 τὸν
1275 4646 1411 4702 κατὰ
1460 4651 1558 4702 τοῦ
1608 4652 1742 4705 Θεοῦ
1788 4650 1925 4727 πρὸς

281 4735 573 4811 πειρασμὸν
624 4734 908 4809 ἁνθρώπον
963 4732 1149 4810 λόγον.
1201 4736 1457 4793 Ἔσονται
1489 4738 1532 4773 ⁸⁷
1597 4737 1722 4814 γὰρ,
1773 4736 1848 4801 ὡς
1896 4738 1926 4795 6

282 4822 467 4898 Κύριος
532 4826 700 4897 εἶπεν,
784 4820 1251 4899 ψευδαπόστολοι,
1329 4820 1544 4898 ψευδεῖς
1621 4832 1922 4905 προφῆται,

282 4911 527 4990 αἱρέσεις,
574 4912 906 4992 φιλαρχίαι.
963 4910 1020 4968 αἵ
1072 4933 1236 4986 τινες,
1285 4913 1361 4977 ὡς
1401 4914 1767 4989 σνοχάζομαι,
1820 4915 1928 4971 ἀπὸ

2039 3492 2267 3548 Simon:
2302 3492 2782 3565 Quandoquidem
2812 3491 2977 3547 video
3008 3495 3065 3547 te
3094 3490 3303 3546 callide
3333 3489 3683 3563 significare,

2037 3597 2106 3638 ea
2134 3598 2260 3654 quas
2290 3580 2351 3637 in
2383 3580 2551 3638 libris
2579 3582 2863 3637 adversus
2900 3580 3227 3637 Creatorem
3257 3580 3471 3652 scripta
3522 3583 3681 3647 sunt,

2038 3688 2152 3727 non
2184 3687 2313 3727 esse
2344 3688 2496 3739 vera,
2542 3669 2799 3727 crastino
2830 3670 2925 3726 die
2975 3686 3044 3726 ex
3070 3670 3331 3742 Magistri
3362 3670 3445 3724 tui
3492 3668 3684 3726 verbis

2037 3759 2441 3825 ostendam,ab
2470 3776 2535 3815 eo
2558 3758 2697 3826 dici,
2734 3764 3049 3815 creatorem
3070 3776 3182 3815 non
3201 3775 3328 3815 esse
3345 3773 3687 3829 supremum

2040 3851 2240 3906 Deum.
2272 3849 2343 3903 Et
2372 3848 2568 3904 Simon
2605 3847 2698 3904 his
2728 3847 2905 3904 dictis
2937 3848 3096 3903 abiit.
3130 3850 3201 3903 At
3233 3848 3434 3904 Petrus
3474 3848 3672 3902 astant

2036 3938 2189 4011 plebi
2222 3938 2337 3993 ait:
2364 3937 2861 4008 Simon,quamvis
2892 3937 2949 3992 in
2982 3935 3143 3992 nullo
3175 3934 3287 3991 alio
3317 3935 3473 3991 circa
3500 3934 3687 3992 Deum

2037 4044 2145 4083 nos
2202 4025 2387 4100 possit
2444 4025 2670 4096 laedere,
2725 4030 2786 4080 at
2839 4030 2991 4082 certe
3047 4025 3211 4081 vobis
3267 4023 3682 4097 impedimento

2034 4120 2144 4189 est,
2179 4132 2251 4172 ne
2281 4114 2534 4171 audiatis
2563 4130 2866 4170 sermones
2901 4114 3001 4187 qui
3033 4114 3226 4170 valent
3255 4128 3506 4186 purgare
3554 4111 3680 4168 ani-

2035 4222 2211 4262 mam.
2247 4204 2377 4261 Haec
2406 4203 2575 4259 Petro
2606 4203 2932 4274 proferente
2960 4203 3169 4275 ingens
3200 4208 3433 4259 exortus
3463 4206 3552 4258 est
3582 4218 3681 4257 su-

2035 4310 2243 4350 surrus
2273 4290 2989 4357 multitudinis,dicentis:
3020 4294 3146 4357 Quae
3177 4309 3309 4348 vero
3340 4290 3680 4359 necessitas,

2036 4381 2266 4438 sinendi
2298 4397 2433 4437 eum
2464 4379 3020 4453 hucingredientem
3052 4380 3450 4453 blasphemias
3481 4385 3684 4435 contra

2033 4470 2217 4527 Deum
2249 4470 2409 4543 loqui
2433 4475 2456 4527 Ρ
2477 4472 2547 4528 Et
2575 4473 2780 4527 Petrus
2810 4471 3053 4527 audiens
3083 4472 3227 4527 dixit
3258 4487 3272 4525 :
3305 4470 3535 4526 Utinam
3567 4486 3683 4524 non

2034 4559 2493 4616 ultraSimonem
2523 4560 2965 4632 protenderetur
2977 4560 3245 4615 doctrina
3266 4564 3468 4614 contra
3483 4564 3684 4623 Deum,

2034 4650 2108 4705 ad
2141 4649 2443 4705 hominum
2482 4648 2860 4705 tentationem
2898 4646 3078 4703 illata.
3111 4649 3298 4703 Erunt
3324 4646 3500 4717 enim,
3532 4646 3685 4701 sicut

2035 4737 2372 4812 prolocutus
2403 4741 2494 4794 est
2524 4737 2826 4799 Dominus.
2861 4734 3353 4809 pseudoapostoli,
3386 4734 3515 4791 falsi
3548 4750 3681 4806 pro-

2035 4828 2241 4901 pheta,
2274 4827 2544 4893 haereses,
2576 4825 2970 4883 affectationes
2999 4823 3360 4896 dominandi,
3375 4822 3683 4896 quas,sicut

2036 4916 2307 4988 conjicio,
2354 4931 2389 4971 a
2444 4914 2679 4972 Simone
2724 4914 2906 4971 Deum
2952 4912 3398 4987 blasphemante
3443 4927 3679 4968 sumen-

1620 5048 1865 5106 VARUE
1905 5049 2321 5109 LECTIONES.

345 5164 384 5201 '"
420 5159 589 5218 πάλιν
638 5157 995 5234 Οητίμοὸτως
1022 5162 1085 5220 C.
1162 5161 1207 5198 ⁷³
1235 5161 1323 5219 Ita
1351 5162 1395 5219 Ο
1422 5179 1472 5219 c.
1505 5162 1565 5220 S.
1608 5158 1718 5218 εἶδε
1746 5164 1807 5222 G.
1883 5165 1932 5234 7‘
1981 5159 2112 5219 ἰδεῖν
2157 5168 2213 5233 S,
2267 5164 2312 5222 Ο
2355 5158 2515 5218 είδεῖν
2542 5165 2617 5234 C'_
2676 5163 2723 5200 ⁷³
2750 5157 3021 5234 τολμήσει
3049 5159 3114 5220 Ο.
3148 5159 3348 5219 Malim
3376 5157 3677 5234 τολμήσαι.

282 5233 418 5292 Tum
450 5235 635 5307 adjeci
666 5230 827 5295 αὐτός
856 5250 903 5290 c.
929 5234 1005 5319 .0.
1081 5234 1127 5271 ⁷⁸
1152 5235 1223 5307 τῇ
1255 5234 1542 5317 adscripsi
1574 5250 1643 5291 ex
1670 5238 1735 5292 Ο.
1811 5237 1855 5271 ⁷⁷
1886 5232 2118 5311 ἒπεχέθη
2292 5236 2337 5272 ’⁷⁸
2365 5241 2466 5304 τῆς
2495 5232 2633 5289 κατὰ
2662 5230 3085 5309 σάρκαχείρονος
3118 5234 3184 5291 D.
3218 5230 3578 5361 a8probahte
3608 5237 3673 5303 Ο,

282 5305 402 5361 κατᾶ
430 5306 602 5361 σάρκα
627 5304 833 5361 γείσων
859 5305 901 5361 C
928 5321 985 5360 1n
1016 5309 1173 5361 textu
1205 5304 1456 5361 γείοονος
1489 5324 1547 5361 in
1580 5323 1765 5361 mare.
1842 5308 1888 5343 7’
1916 5307 1945 5361 ὁ
1975 5326 2093 5361 om.
2127 5309 2171 5361 Ο
2203 5311 2627 5361 interpungens
2658 5311 2787 5361 nost
2816 5304 2979 5361 ἐστιν.
3055 5306 3101 5341 ⁸ο
3133 5310 3215 5361 Ita
3320 5310 3377 5361 et
3429 5322 3499 5361 ex
3545 5322 3673 5361 con-

282 5305 402 5390 κατὰ
430 5304 602 5390 {ipsa
627 5304 833 5390 χείρων
928 5305 996 5390 iq
1016 5309 1173 5362 textu
1195 5304 1785 5390 χείρονοςἰπὶ-ιιιειιιε.⁸
1842 5308 1888 5343 ⁷³
1916 5304 2171 5390 6.6111,;0
2183 5308 2627 5390 interpungens
2656 5304 2983 5390 ροξξίέξιὶτινἶ
3055 5306 3101 5341 ⁸ο
3133 5310 3215 5390 Ita

3320 5310 3377 5361 et
3429 5322 3499 5362 ex
3545 5322 3680 5362 con-

276 5370 593 5464 lect._.c‘,"in
626 5370 947 5464 sufﬂant].
968 5370 1117 5432 ὄντα.
1194 5370 1247 5464 1ίῖ
1262 5370 1367 5464 ξρῦ
1398 5379 1458 5434 C.
1499 5450 1515 5464 Δ
1608 5370 1743 5463 ποτε
1766 5374 1919 5464 ένΙΡ,
2028 5382 2235 5464 ταῖς-Ο,
2267 5370 2714 5464 ᾼίϊοιιθξῄιρρᾶ,¹
2746 5378 2862 5464 Ott.
2891 5375 3190 5464 ideznzmta
3236 5375 3430 5464 νόμῗξν
3498 5378 3553 5464 :3
3610 5374 3672 5464 ,Ξό

282 5446 343 5525 C._
402 5452 447 5487 ιι
472 5446 1047 5525 λέγοντα-εἶναιᾳὶςίθῑρ
1077 5450 1233 5525 quod
1262 5446 1457 5525 λέγειν.
1485 5448 1760 5525 Alioquin
1775 5446 2011 5525 aliquid
2044 5450 2397 5508 mutandum
2428 5453 2584 5508 esset
2608 5449 2666 5505 in
2699 5452 2861 5507 textu
2891 5450 2951 5507 S.
3028 5449 3073 5485 ⁸⁵
3102 5468 3165 5523 γε
3212 5446 3316 5506 οω’
3357 5449 3423 5507 Ο.
3498 5450 3542 5486 ⁸⁸
3600 5446 3676 5505 εἷ-

284 5518 463 5585 πόντος
498 5518 614 5579 οὼ.
644 5520 709 5577 o.
785 5520 830 5557 ετ
858 5520 972 5577 Cfr.
1006 5518 1260 5578 Credner
1286 5518 1465 5578 Béitr.
1499 5537 1540 5593 ι,
1568 5518 1696 5593 291,
1727 5521 1832 5579 348
1859 5518 1918 5578 ει

1648 5644 2033 5704 VARIORUM
2073 5644 2305 5705 NOTJE.

349 5753 421 5827 (a)
449 5751 791 5828 Legendum
819 5754 938 5813 τοῖς
967 5748 1189 5829 ἐχθροῖς
1219 5749 1408 5826 αὐτοῦ,
1440 5754 1491 5810 si
1518 5752 1773 5811 νει-οἰοιιὶ
1804 5753 2021 5812 Latine
2048 5752 2215 5813 fides.
2250 5753 2408 5812 Enrr.
2440 5755 2681 5815 Ριτιιοι.
