4140 6344
410 364 528 425 383

1213 369 1280 428 S.
1325 368 1769 432 CLEMENTIS
1815 369 1840 431 Ι
1884 369 2077 431 ROM.
2123 369 2357 432 PONT.
2403 369 2665 433 OPERA
2706 369 2972 433 DUBIA.

3696 367 3815 429 384

408 499 496 553 tes
526 496 939 566 exordium,ad
970 499 1172 556 eadem
1205 517 1338 556 cum
1371 501 1608 558 Simone
1639 506 1844 559 contra
1878 504 2056 559 Deum

2173 505 2274 556 τοῦ
2328 502 2419 557 τὸν
2475 502 2602 558 Θεὸν
2675 501 3132 580 βλασφημοῦντος
3192 499 3443 574 Σίμωνος
3500 500 3600 569 τὴν
3636 501 3818 575 ἀρχὴν

412 586 759 659 proferenda
789 588 1276 659 cooperabuntur.
1309 592 1492 660 Atque
1523 591 1642 646 haec
1675 593 2058 662 pronuntians

415 691 549 731 cum
582 675 875 747 lacrymis,
909 693 1086 732 manu
1119 679 1419 735 advocavit
1450 680 2060 752 multitudinem,quae

411 781 546 820 cum
580 765 945 837 accessisset,
981 783 1195 823 manus
1226 768 1532 839 imposuit,
1561 775 1617 825 et
1647 775 1918 840 precatus
1947 775 2056 838 est,

414 853 614 926 sicque
663 853 909 920 dimisit,
944 872 1188 912 monens
1237 858 1541 913 convenire
1595 859 1904 915 maturius.
1940 861 2058 915 Ista

414 942 689 1014 inquiens
719 960 786 998 ac
819 944 1126 1016 suspirans
1156 945 1456 1018 ingressus
1487 951 1706 1018 est,nec
1736 948 1863 1004 cibo
1894 966 2055 1005 sum-

415 1035 512 1104 pto
543 1030 645 1086 ivit
675 1032 961 1088 cubitum.
1074 1098 1079 1101 _

977 1211 1281 1268 HOMILIA
1319 1212 1491 1269 XVII.

479 1300 524 1354 Ι.
556 1299 831 1369 Sequenti
862 1316 998 1372 ergo
1031 1301 1121 1356 die
1159 1301 1384 1372 Petrus,
1418 1320 1552 1359 cum
1604 1303 1839 1362 Simone
1871 1305 2054 1362 disce-

411 1391 706 1460 ptaturus,
758 1389 1047 1445 maturius
1092 1396 1460 1462 experrectus
1512 1393 1715 1449 oravit.
1751 1394 2058 1466 Simulque

414 1493 480 1532 ac
513 1492 741 1548 precem
772 1477 1291 1547 finivit,Zacchzeus
1322 1479 1625 1553 ingressus
1654 1486 1743 1538 est
1773 1499 1839 1538 ac
1869 1483 2053 1538 dixit:

411 1566 610 1620 Simon
661 1571 822 1621 extra
853 1568 1037 1636 sedet,
1071 1584 1203 1623 cum
1250 1569 1605 1640 quibusdam
1653 1571 1796 1638 suis,
1831 1572 2060 1628 circiter

412 1654 676 1726 triginta,
709 1655 1023 1712 disserens.
1057 1657 1124 1712 Et
1170 1661 1376 1714 Petrus
1426 1659 1506 1714 ait
1539 1677 1552 1716 :
1588 1660 1826 1716 Sinatur
1873 1661 2056 1734 loqui,

408 1744 589 1799 donec
639 1744 953 1801 multitudo
1016 1747 1340 1818 conveniat,
1392 1752 1652 1822 tuncque
1703 1751 2058 1823 incipiamus

409 1834 813 1905 quaestionem,
847 1839 911 1889 ut
956 1835 1058 1901 sic,
1091 1836 1309 1891 auditis
1359 1854 1483 1909 quas
1516 1839 1587 1894 ab
1620 1855 1685 1894 eo
1737 1840 1893 1896 dicta
1925 1841 2052 1895 tue-
2091 1874 2135 1938 Β

409 1922 552 1990 rint,
583 1923 652 1977 ad
687 1939 753 1978 ea
784 1927 1051 1994 aptantes
1083 1927 1434 1998 nos,egressi
1467 1927 2057 2000 disputemus.Atque

411 2028 476 2068 eo
508 2012 680 2067 modo
713 2013 932 2067 factum
956 2016 1554 2088 est.Egressusigitur
1584 2034 1687 2073 nec
1719 2017 1903 2074 multo
1926 2024 2060 2091 post

414 2117 679 2157 reversus
706 2102 1014 2158 Zacchaeus
1047 2104 1212 2162 Petro
1244 2105 1442 2162 retulit
1475 2123 1774 2163 sermones
1803 2106 2058 2165 Simonis

415 2194 616 2247 contra
645 2191 863 2264 ipsum.

486 2370 559 2425 II.
591 2367 748 2426 Dixit
776 2375 971 2428 autem
1004 2388 1018 2429 :
1057 2372 1300 2430 Accusat
1324 2375 1594 2447 te,Petre,
1617 2377 1787 2445 quasi
1818 2379 2057 2436 malitia;

413 2458 773 2532 ministrum,
807 2465 863 2516 et
894 2462 1088 2534 magia
1120 2462 1374 2519 multum
1424 2464 1737 2537 valentem,
1771 2485 1834 2524 ac
1866 2469 2057 2524 homi-

411 2566 554 2605 num
603 2549 832 2606 animas
881 2551 1136 2606 deterius
1176 2552 1503 2610 idololatria
1552 2555 1961 2614 fascinantem.
1990 2559 2060 2614 Et

411 2637 647 2710 quidem
681 2640 836 2710 quod
867 2656 1073 2713 magus
1104 2642 1210 2709 sis,
1252 2641 1361 2698 hoc
1404 2644 1566 2700 visus
1597 2650 1684 2702 est
1732 2648 1935 2703 afferre
1965 2665 2057 2704 ar-

415 2731 785 2800 gumentum,
818 2728 1060 2785 dicendo
1095 2746 1108 2784 :
1142 2733 1422 2788 Conscius
1457 2733 1603 2789 mihi
1654 2752 1809 2804 sum,
1842 2753 1934 2791 me
1987 2754 2058 2794 ne

416 2817 591 2873 unius
622 2818 859 2889 quidem
907 2819 1066 2874 verbi
1111 2821 1401 2877 recordari
1431 2839 1498 2878 ex
1547 2823 1618 2880 iis
1650 2841 1776 2897 qua
1824 2842 1960 2881 cum
1991 2843 2056 2882 eo

417 2906 827 2979 disputaturus
876 2909 1029 2980 apud
1081 2926 1173 2965 me
1222 2912 1522 2982 perpendi.
1556 2913 1776 2986 Nempe
1821 2919 2057 2986 quando

413 2996 538 3068 ipse
570 2996 826 3066 disserit,
851 3001 908 3052 et
937 3013 1043 3069 ego
1075 3003 1327 3056 mentem
1354 3000 1673 3073 applico,ut
1702 3020 1963 3061 revocem
1995 3007 2056 3063 in

416 3085 782 3153 memoriam,
815 3103 1083 3158 quamam
1113 3088 1232 3144 sint
1262 3106 1388 3161 quae
1420 3090 1665 3163 cogitavi
1697 3093 2057 3152 descendens

410 3174 482 3230 ad
515 3173 874 3246 colloquium
906 3192 1036 3231 cum
1071 3193 1156 3244 eo,
1191 3193 1296 3234 nec
1327 3181 1648 3252 quidquam
1681 3184 2057 3256 eorum,{quaa

413 3262 555 3318 dicit
585 3263 778 3320 audio.
812 3266 1052 3330 Quando
1083 3282 1218 3338 ergo
1270 3268 1418 3323 nihil
1449 3271 1739 3341 ejusmodi
1769 3289 1902 3327 cum
1937 3273 2055 3330 ullo

417 3351 529 3408 alio
579 3352 787 3423 patior,
820 3369 998 3425 quam
1047 3371 1180 3411 cum
1206 3355 1306 3412 illo
1355 3357 1498 3430 solo,
1532 3376 1648 3431 qua
1678 3361 1902 3419 ratione
1940 3379 2056 3418 non

419 3458 553 3498 sum
581 3442 654 3497 ab
697 3457 763 3496 eo
791 3442 1174 3500 incantatus?
1206 3445 1355 3502 Illud
1403 3464 1557 3516 vero,
1590 3452 1764 3522 quod,
1799 3468 1928 3523 quae
1957 3453 2057 3508 do-

419 3535 508 3586 cet
557 3532 752 3602 pejora
809 3531 927 3588 sint
972 3532 1320 3604 idololatria,
1372 3537 1596 3594 clarum
1645 3539 1754 3596 erit
1803 3545 2058 3598 mentem

421 3619 681 3687 habenti,
715 3624 1027 3693 postquam
1060 3622 1588 3682 indicavero.Nulla
1612 3628 1769 3684 enim
1800 3629 1914 3686 alia
1945 3629 2058 3686 uti-

415 3708 552 3766 litas
583 3713 693 3777 est,
728 3726 904 3782 quam
953 3715 1016 3766 ut
1046 3712 1245 3768 anima
1274 3715 1604 3787 omnigenis
1649 3715 1824 3773 idolis
1877 3717 2061 3774 libera

415 3799 715 3855 reddatur.
748 3799 896 3855 Nam
927 3802 1180 3872 speciem
1213 3802 1536 3876 imaginata
1564 3804 1774 3862 timore
1822 3805 2057 3879 ligatur,

414 3893 474 3946 et
501 3888 743 3944 credens
790 3904 853 3944 se
882 3889 1103 3962 aliquid
1137 3890 1276 3962 pati,
1327 3891 1616 3966 elanguet,
1650 3898 1706 3950 et
1752 3894 2058 3965 alienatur,

419 3993 523 4034 seu
552 3995 587 4034 a
616 3978 880 4033 daemone
927 3978 1164 4048 insanit,
1198 3996 1264 4036 ac
1307 3981 1664 4039 daemoniaco
1695 3984 1890 4042 furore
1935 4001 2062 4042 cor-

419 4071 584 4140 repta
611 4068 815 4123 multis
846 4068 1039 4124 sobria
1066 4069 1314 4126 videtur.

494 4157 590 4213 III.
624 4157 686 4211 Id
719 4157 881 4213 vobis
913 4159 1113 4215 Petrus
1145 4159 1739 4232 prastat,pollioendo
1769 4163 2064 4236 sapientes

424 4246 628 4302 facere.
656 4250 942 4303 Praetextu
975 4248 1270 4320 siquidem
1315 4251 1491 4306 unius
1523 4252 1622 4306 Dei
1652 4252 1881 4309 videtur
1928 4254 2063 4325 qui-

421 4336 552 4392 dem
584 4335 831 4392 liberare
877 4353 979 4393 vos
1012 4337 1217 4393 multis
1263 4339 1461 4395 anima
1491 4341 1824 4398 carentibus
1868 4342 2060 4411 idolis,

419 4443 544 4498 quae
597 4442 732 4497 non
764 4425 1016 4483 multum
1064 4432 1277 4484 nocent
1324 4429 1668 4502 cultoribus,
1720 4433 1875 4504 quod
1920 4432 2064 4504 ipsis

418 4515 602 4571 oculis
627 4520 948 4572 cernuntur
978 4533 1105 4574 esse
1135 4518 1383 4590 lapidea,
1416 4519 1505 4575 vel
1536 4537 1712 4593 sanes,
1745 4520 1833 4577 vel
1866 4538 2062 4591 aurea,

2173 586 2434 646 λαϐοῦσαι
2466 594 2580 666 (51)
2630 592 2705 653 εἷς
2753 592 2814 644 τὸ
2845 594 2887 626 ⁸⁸
2935 593 3002 644 τὰ
3042 590 3174 644 αὐτά
3211 595 3290 662 τῷ
3323 589 3530 662 Σίμωνι
3559 590 3695 643 κατά
3722 593 3818 644 τοῦ

2168 685 2301 735 Θεοῦ
2333 678 2504 756 λέγειν
2541 682 2982 755 συνεργήσουσιν.
3022 681 3123 734 Καὶ
3161 683 3327 732 ταῦτα
3362 679 3525 734 εἰπὼν
3557 680 3689 752 μετά
3729 676 3819 732 δα-

2169 768 2374 844 κρύων,
2401 769 2470 843 τῇ
2493 770 2638 844 χειρὶ
2661 766 3052 845 προσεκαλεῖτο
3072 767 3199 830 τοὺς
3221 764 3450 843 ὄχλους,
3477 770 3559 829 οἷς
3591 766 3819 843 πρεσελ-

2167 858 2316 912 θοῦσι
2341 859 2434 920 τὰς
2459 865 2647 934 χεῖρας
2673 858 2930 920 ἐπιτιθεὶς
2952 859 2996 894 ⁸9
3017 856 3105 911 καὶ
3131 856 3432 931 εὐχόμονος
3457 855 3708 925 ἀπέλυεν,
3726 856 3817 911 λέ-

2166 968 2277 1022 γων
2312 951 2464 1005 333
2501 947 2871 1024 ὀρθριαίτερον
2899 946 3270 1022 συνέρχεσθαι.
3304 950 3476 1000 Ταῦτα
3530 946 3692 1000 εἷπὼν
3728 945 3817 1000 καὶ

2167 1035 2428 1107 στενάζων
2479 1035 2732 1092 εἰσελθὼν
2784 1032 2905 1090 οὔτε
2949 1043 3160 1114 τροφῆς
3196 1031 3515 1110 μεταλαϐὼν
3547 1033 3812 1094 ὕπνωσεν.

2800 1217 3056 1271 ὉΜΙΛΙΔ
3098 1220 3170 1268 IZ'

2236 1311 2278 1361 Ι.
2307 1307 2411 1375 Τῆς
2462 1305 2555 1377 μὲν
2604 1301 2694 1359 οὖν
2744 1302 2923 1375 ἄλλης
2965 1304 3175 1380 ἡμέρας
3227 1303 3254 1357 6
3306 1303 3509 1378 Πέτρος
3549 1303 3682 1379 πρὸς
3715 1301 3813 1357 Σί-

2170 1415 2323 1468 μωνα
2390 1399 2567 1465 ζητεῖν
2641 1392 2860 1466 μέλλων
2927 1392 3296 1468 ὀρθριαίτερον
3366 1395 3409 1429 ⁹⁰
3489 1391 3817 1462 ἐξυπνισθεὶς

2164 1479 2384 1554 ηὔξατο,
2434 1483 2525 1538 καὶ
2575 1482 2688 1555 ἅμα
2733 1486 2813 1554 τῷ
2863 1481 3163 1545 παύσασθαι
3221 1482 3249 1536 6
3309 1485 3578 1555 Ζακχαῖος
3647 1481 3820 1554 εἰσῄει

2167 1571 2338 1649 λέγων
2365 1592 2377 1604 ⁸
2416 1572 2602 1646 Σίμων
2655 1570 2757 1642 ἔξω
2804 1572 3104 1643 καθέζεται,
3159 1570 3293 1643 μετά
3332 1567 3482 1624 ἰδίων
3537 1569 3701 1625 αὐτοῦ
3729 1591 3812 1625 τι-

2165 1683 2271 1716 νων
2314 1661 2389 1724 ὡς
2432 1661 2723 1739 τριάκοντα
2772 1658 3180 1736 διαλεγόμενος.
3232 1659 3331 1714 Καὶ
3373 1660 3400 1713 6
3436 1659 3641 1733 Πέτρος
3674 1654 3772 1738 ἔφη
3801 1678 3814 1692 ·

2169 1749 2375 1804 Ἐάσθω
2407 1753 2447 1787 ⁹ί
2497 1749 2708 1820 λαλεῖν,
2764 1747 2959 1823 μέχρις
3009 1747 3098 1802 ὅτε
3129 1751 3172 1784 9³
3209 1747 3421 1817 πλῆθος
3452 1749 3696 1823 γένηται,
3725 1749 3816 1802 καὶ

2165 1839 2288 1895 τότε
2322 1844 2498 1910 ζητεῖν
2552 1839 2859 1914 ἀρξώμεθα,
2895 1836 2990 1891 ’ίνα
3037 1836 3210 1900 οὕτως
3240 1839 3404 1910 ἡμεῖς
3434 1837 3500 1891 τὰ
3531 1837 3618 1891 ὑπ’
3651 1837 3814 1891 αὐτοῦ

2168 1928 2440 2005 λεγόμενα
2485 1927 2826 1998 ἀκούσαντες,
2875 1927 3011 2002 πρὸς
3064 1925 3198 1981 αὐτᾶ
3239 1927 3631 2001 ἁρμοσάμενοι,
3667 1925 3814 1996 ἐξελ-

2167 2018 2344 2080 θόντες
2395 2015 2798 2093 διαλεχθῶμεν.
2848 2016 2947 2070 Καὶ
3001 2014 3066 2085 δὴ
3120 2015 3294 2077 οὕτως
3344 2015 3572 2092 ἐγένετο.
3615 2011 3811 2078 Ἐκϐἁς

2168 2107 2258 2164 οὖν
2287 2108 2377 2163 καὶ
2413 2109 2526 2182 μετ’
2557 2106 2618 2161 οὐ
2648 2105 2792 2161 πολὺ
2822 2104 2986 2161 πάλιν
3020 2104 3273 2161 εἰσελθὼν
3309 2107 3336 2159 6
3369 2110 3640 2180 Ζακχαῖος
3689 2106 3811 2159 ἀντ-

2168 2192 2368 2254 έϐαλλε
2412 2201 2492 2269 τῷ
2539 2195 2729 2271 Πέτρῳ
2775 2194 2902 2258 τοὺς
2953 2195 3053 2250 ὕπὸ
3087 2194 3339 2268 Σίμωνος
3369 2194 3504 2250 κατὰ
3537 2193 3742 2271 Πέτρου
3767 2197 3812 2232 9³

2169 2285 2429 2363 ῥηθέντας
2459 2283 2683 2361 λόγους·

2239 2377 2306 2432 ΙΙ.
2339 2373 2535 2450 Ἔλεγε
2565 2371 2660 2429 δέ⁹
2704 2372 2952 2430 Δῖτιᾶταί
3001 2393 3059 2429 σε
3104 2372 3292 2447 Πέτρε,
3343 2371 3418 2434 ὡς
3464 2370 3651 2434 κακίας
3683 2366 3812 2427 ὄντα

2168 2463 2463 2539 ὑπηρέτην,
2512 2463 2602 2519 καὶ
2651 2462 2847 2539 μαγείᾳ
2891 2460 3036 2518 πολὺ
3085 2459 3403 2534 δυνάμενον,
3441 2461 3531 2516 καὶ
3575 2460 3808 2516 εἰδωλο-

2166 2551 2416 2630 λατρείας
2445 2555 2489 2591 9⁸
2535 2558 2721 2629 χεῖρον
2771 2553 2865 2615 τὰς
2924 2557 3031 2608 τῶν
3084 2552 3375 2626 ἀνθρώπων
3422 2555 3812 2630 φαντασιοῦντα

2165 2642 2365 2718 ψυχάς.
2413 2644 2507 2704 Εἷς
2551 2643 2613 2697 τὸ
2669 2643 2761 2716 μὲν
2811 2640 2901 2697 οὖν
2942 2641 3110 2716 μάγον
3146 2639 3279 2695 εἶναί
3320 2661 3379 2695 σε
3406 2640 3604 2710 ταύτην
3639 2638 3810 2696 ἐδόκει

2167 2733 2345 2811 φέρειν
2391 2729 2679 2804 ἀπόδειξιν,
2736 2730 2952 2807 λέγων·
3007 2728 3238 2786 Σόνοιδα
3285 2730 3524 2802 ἐμαυτῷ,
3592 2728 3673 2784 ὅτι
3736 2731 3808 2785 ὧν

2165 2823 2282 2878 κατ’
2331 2820 2563 2895 ἐμαυτὸν
2610 2821 2932 2894 σκέπτομαι,
2983 2818 3153 2875 ἐλθὼν
3195 2824 3442 2890 συζητεῖν
3488 2818 3655 2891 αὐτῷ,
3687 2817 3812 2874 οὐδὲ

2162 2907 2257 2968 ἕνα
2291 2909 2618 2985 μνημονεύω
2666 2905 2849 2986 λόγον.
2899 2909 3078 2966 Αὐτοῦ
3128 2908 3231 2985 γὰρ
3274 2906 3688 2984 διαλεγομένου,
3719 2908 3813 2963 κά-

2169 3003 2274 3074 μοῦ
2319 3001 2411 3055 τὸν
2460 3003 2584 3054 νοῦν
2635 2997 3006 3075 ἀσχολοῦντος
3057 2997 3133 3060 εἷς
3183 2998 3246 3053 τὸ
3275 2996 3636 3067 ἀναπολῆσαι.
3691 2998 3812 3054 τίνα

2165 3088 2304 3145 ἐστὶν
2365 3087 2397 3144 ἃ
2453 3087 2786 3165 ἐλογισάμην
2819 3091 2976 3145 334
3005 3085 3177 3143 ἐλθὼν
3216 3085 3394 3162 λέγειν
3442 3088 3579 3163 πρὸς
3627 3086 3806 3158 αὐτὸν,

2167 3176 2281 3234 οὐδ’
2313 3179 2490 3233 ὁτιοῦν
2523 3179 2597 3233 ὧν
2630 3175 2775 3254 λέγει
2829 3175 3078 3232 ἐπακούω
3109 3179 3171 3231 ⁸⁸.
3223 3175 3368 3231 Ἐπεὶ
3400 3174 3493 3231 οὖν
3527 3175 3606 3231 ἐπ’
3636 3175 3811 3233 ἄλλου

2164 3268 2310 3330 τινὸς
2339 3265 2557 3323 τοιοῦτό
2584 3288 2636 3320 τι
2668 3266 2730 3322 οὐ
2761 3265 2980 3342 πάσχω,
3039 3266 3074 3335 ἢ
3109 3265 3192 3320 ἐπ’
3245 3265 3410 3321 ιούτοῦ
3464 3265 3648 3339 μόνου,
3695 3270 3813 3329 πῶς

2168 3356 2296 3432 οὐχὶ
2351 3355 2718 3431 μαγευόμενος
2769 3357 2854 3410 ὑπ’
2900 3355 3062 3410 αὐτοῦ
3109 3355 3403 3430 τυγχάνω;
3455 3356 3524 3410 Τὸ
3591 3354 3649 3411 δὲ
3707 3355 3812 3420 ὅτι,

2168 3445 2202 3502 ἃ
2247 3449 2290 3484 9⁸
2334 3443 2393 3501 ἂν
2446 3442 2689 3519 διδάσκῃ,
2741 3441 3194 3520 εἶδωλολατρείας
3249 3443 3473 3519 χείρονά
3520 3443 3676 3516 ἐστιν,
3733 3450 3813 3518 τῷ

2166 3557 2227 3613 γε
2253 3539 2376 3591 νοῦν
2428 3530 2632 3610 ἔχοντι,
2692 3531 2829 3607 ἐμοῦ
2880 3533 3219 3607 μηνύσαντος
3257 3534 3416 3611 σαφὲς
3450 3531 3615 3591 ἔσται.
3648 3532 3809 3590 Οῦθὲν

2167 3626 2273 3701 γὰρ
2321 3623 2504 3699 ἕτερον
2547 3620 2894 3701 ὠφεληθῆναι
2925 3621 3065 3677 ἐστιν
3094 3625 3159 3691 9⁷,
3215 3621 3252 3691 ἢ
3305 3622 3366 3677 τὸ
3394 3622 3492 3690 τὴν
3524 3623 3706 3698 ψυχὴν
3737 3622 3811 3678 εἰ·

2170 3712 2364 3770 δώλων
2412 3710 2770 3768 παντοδαπῶν
2820 3709 3100 3788 ἐλευθέραν
3127 3712 3387 3788 γενέσθαι.
3421 3713 3810 3784 Φανταζομένη

2166 3804 2268 3882 γᾶρ
2300 3801 2443 3866 εἶδος
2476 3801 2749 3876 δεσμεῖται
2781 3797 2956 3878 φόϐῳ,
2997 3802 3086 3857 καὶ
3145 3799 3391 3880 φροντίδι
3419 3805 3516 3856 τοῦ
3549 3808 3734 3868 παθεῖν
3760 3825 3814 3858 τι

2173 3893 2512 3970 μαραίνεται,
2535 3891 2625 3947 καὶ
2655 3889 3028 3965 ἀλλοιουμένη
3065 3888 3297 3964 δαιμονᾷ
3324 3893 3388 3963 ⁸³⁸,
3419 3890 3508 3947 καὶ
3540 3888 3814 3966 δαιμονῶ-

2170 4004 2236 4040 σα
2264 3988 2379 4047 τοῖς
2410 3979 2645 4046 πολλοῖς
2675 3985 2972 4060 σωφρονεῖν
3003 3979 3172 4039 δοκεῖ.

2245 4164 2337 4220 ΙΙΙ.
2368 4165 2538 4217 Τοῦτο
2587 4160 2714 4234 ὑμῖν
2762 4158 2965 4236 Πέτρος
3019 4158 3305 4236 ὑποσχέσει
3338 4164 3434 4216 τοῦ
3466 4160 3813 4238 σωφρονίζειν

2171 4252 2420 4326 παρέχει.
2484 4251 2756 4328 Προφάσει
2810 4249 2912 4326 γὰρ
2970 4248 3086 4313 ἐνὸς
3139 4253 3273 4305 Θεοῦ
3331 4246 3479 4304 δοκεῖ
3538 4243 3631 4322 μὲν
3675 4250 3816 4323 ὑμᾶς

2172 4340 2397 4397 πολλῶν
2467 4338 2694 4415 ἀψύχων
2743 4335 3108 4393 ἀπαλλάσσειν
3161 4335 3430 4407 εἰδώλων,
3473 4336 3504 4392 ἃ
3561 4337 3621 4393 οὐ
3679 4341 3817 4394 πάνυ

2170 4430 2298 4492 τοὺς
2331 4424 2584 4491 σέϐοντας
2615 4425 2809 4499 ἀδικεῖ,
2853 4432 2934 4499 τῷ
2963 4426 3148 4489 αὐτοῖς
3181 4425 3489 4503 ὀφθαλμοῖς
3521 4430 3566 4464 9°
3595 4426 3812 4501 ὁρᾶσθαι

2174 4518 2356 4584 λίθινα
2401 4513 2526 4574 ὄντα
2577 4517 2612 4587 ἢ
2663 4514 2938 4593 χάλκεαῆ
2971 4516 3175 4592 χρύσεα
3206 4518 3273 4554 ¹⁰⁰
3321 4516 3355 4586 ἢ
3416 4516 3504 4570 καὶ
3539 4515 3588 4587 ἐξ
3638 4514 3814 4586 ἄλλης

417 4604 606 4676 vel_'ex
637 4605 751 4662 alia
798 4607 1053 4678 quadam
1085 4607 1349 4664 inanima
1395 4609 1660 4666 materia.
1693 4612 1880 4677 Quare
1928 4626 2058 4667 cum

2173 4609 2314 4670 τινὸς
2344 4606 2553 4683 ἐψύχου
2585 4603 2742 4676 ὕλης.
2776 4606 2871 4660 Διὸ
2926 4609 3006 4678 τῷ
3035 4611 3052 4643 ¹
3113 4602 3331 4677 εἰδέναι,
3364 4603 3447 4660 ὅτι
3501 4605 3564 4660 τὸ
3618 4603 3819 4681 βλεπό-

425 4694 823 4764 anima'_sciat,
855 4696 913 4751 id
945 4697 1098 4768 quod
1150 4698 1430 4767 cernitur,
1465 4697 1609 4754 nihil
1640 4715 1788 4770 esse,
1823 4717 1934 4755 non
1986 4700 2065 4757 si-

425 4783 554 4841 mili
583 4785 756 4842 modo
789 4802 890 4858 per
909 4785 1262 4859 aspectabile
1282 4787 1541 4844 atimore
1571 4791 1762 4860 potest
1789 4788 2068 4861 imagina-

2178 4717 2338 4770 μενον
2384 4693 2536 4751 οὐδέν
2581 4694 2741 4765 ἐστιν,
2793 4693 2900 4772 οὐχ
2955 4693 3164 4768 ὁμοίως
3194 4699 3272 4766 τῷ
3302 4694 3480 4769 ὁρατῷ
3511 4693 3612 4748 ὑπὸ
3643 4689 3816 4772 φόϐου

2177 4789 2592 4864 φαντασιοῦσθαι
2625 4781 2843 4840 δύναται
2897 4792 2932 4854 η
2977 4783 3153 4859 ψυχὴ.
3181 4781 3378 4856 Πλάνῳ
3411 4780 3469 4838 δὲ
3499 4780 3821 4857 διδασκαλίᾳ

1784 4885 2018 4944 νΑιιιίΕ
2061 4884 2467 4943 LECTIONES.

492 4973 537 5010 ⁸⁸
566 4971 633 5048 τό
669 4973 802 5029 add.
832 4974 890 5048 δ.
925 4974 1207 5048 probante
1235 4973 1300 5031 Ο.
1376 4974 1434 5048 '°_
1453 4975 1539 5031 Ita
1566 4978 1624 5044 S,
1662 4972 1929 5048 ﬁntmeo’w
1981 4979 2040 5033 C.
2090 4975 2340 5048 Ambigo
2388 4975 2469 5048 de_
2507 4971 2882 5048 Ottobioniani
2935 4972 3223 5048 scriptura
3263 4975 3551 5048 truncata.
3603 4971 3822 5048 Deinde

419 5043 790 5129 ρρθριαίτερον
828 5046 888 5114 S,
1031 5043 1351 5129 ξρθρίξερρν
1402 5045 1464 5102 C.
1513 5040 1881 5129 προσέρχεῖθε
1926 5064 1982 5129 p.
2033 5040 2394 5129 σηυνερχεέθαι,
2436 5045 2501 5102 Ο.
2537 5046 2622 5129 ,⁸ο
2670 5044 2872 5128 Ita'O.
2924 5060 2974 5129 οε
3023 5040 3080 5113 8,
3137 5040 3545 5129 ὀρρρίτεροχιο.
3621 5043 3685 5129 9:
3715 5045 3821 5129 Pr?

415 5113 588 5190 ἐάσθω
646 5113 880 5190 lacunar
916 5117 999 5190 in_
1143 5113 1217 5190 ί⁹²
1260 5113 1304 5171 ’ὅ
1358 5135 1456 5171 του
1507 5113 1636 5190 (sic)
1795 5116 1884 5172 ὅτε
1927 5113 2000 5190 _Q._
2334 5115 2508 5190 οὕτως
2537 5115 2749 5190 lacuna
2775 5115 2836 5171 in
2869 5116 3094 5172 eodem.
3164 5113 3217 5190 A99
3240 5113 3384 5168 ’κατὰ
3415 5113 3621 5190 Πέτρου
3643 5114 3712 5183 D,
3743 5117 3820 5186 τῷ

414 5194 459 5263 Π
467 5187 614 5263 έτρῳΔ
662 5190 724 5258 C,

913 5188 1091 5245 Deleri
1131 5188 1272 5262 Ahaec
1327 5189 1461 5262 vbb.
1513 5185 1644 5262 ’γυΙῇ
1686 5185 1760 5246 Ὁ.
1837 5190 1883 5226 ⁰⁴
1922 5185 2355 5262 ,εἰδωλολατρίας
2406 5188 2469 5262 ρ.
2535 5189 2601 5262 Απ-
2639 5192 2731 5262 Ita
2770 5191 2900 5262 0_et
2925 5203 3017 5262 ‘ex
3048 5186 3292 5262 conject.
3323 5185 3623 5262 C.Ai_n_Cuj.
3657 5185 3820 5242 textu

416 5253 720 5333 ἐπακούωνζ
797 5261 847 5333 ⁹⁶μ
875 5257 907 5313 ἃ
935 5262 1086 5332 conj.
1118 5260 1182 5333 Ο,
1213 5261 1572 5333 approbante
1601 5261 1646 5317 Ο
1675 5277 1689 5329 ;
1721 5261 1887 5333 deest
1917 5261 1977 5317 in
2020 5263 2172 5333 cod._
2211 5253 2368 5317 born.
2424 5259 2757 5333 Parisiensi,
2791 5253 3219 5333 είδωλολατρίας
3253 5257 3317 5316 Ο.
3359 5258 3437 5333 _°"
3467 5253 3818 5333 ᾠφεληθῇνᾳι

415 5331 528 5416 ξστι
559 5334 649 5416 8.,
694 5326 1178 5416 θξὶκαὶιφρονοζῦσακί
1207 5326 1452 5416 εὗπαθεῖν
1479 5353 1536 5386 τι
1587 5326 1898 5407 μαραίνεται
1942 5332 2033 5386 καὶ
2086 5329 2407 5388 ἀλλοιοῦται
2450 5330 2486 5400 ἢ
2529 5328 2762 5404 δαιμονᾷ
2801 5329 2864 5386 C.
2941 5331 2985 5366 99
3031 5326 3302 5406 ὁφθαλμῶ
3351 5329 3416 5386 Ο.
3494 5326 3561 5368 ¹σ⁰
3609 5326 3823 5405 χαλκέα

1797 5484 2170 5542 VARIORUM
2208 5483 2440 5540 NOTjE.

417 5406 455 5474 ἢ
486 5402 690 5480 χρυσέα
720 5403 786 5460 Ο.
866 5402 1001 5475 ¹’τῷ
1031 5405 1088 5474 S,
1124 5404 1188 5475 Ο,
1221 5402 1280 5458 τό
1311 5406 1372 5462 G.

491 5577 602 5650 (51)
671 5573 806 5659 Ἀπὸ
863 5572 1146 5659 Σίμωνος.
1189 5574 1571 5659 τῂνηάρχήν.
1606 5567 1896 5659 λαϐοῦσαιι
1953 5575 2068 5659 Hoc
2177 5574 2358 5659 derat,
2395 5572 2562 5659 quasi
2613 5571 3242 5659 futuromcolnject‘uram
3281 5570 3508 5659 iecerit.
3543 5570 3686 5659 Yid'e
3737 5569 3819 5659 sis

417 5641 537 5706 una
567 5641 703 5705 voce
744 5641 986 5704 laudant
1033 5641 1409 5702 ecclesiastici
1431 5641 1797 5714 "soriptores,
1829 5646 1970 5703 adeo
2003 5651 2068 5701 ut
2176 5641 2456 5701 Irenaeum
2489 5645 2590 5699 lib.
2635 5661 2673 5712 ι,
2707 5660 2757 5699 c.
2787 5644 2878 5711 23,
2906 5644 2981 5714 2;
3015 5641 3118 5698 lib.
3154 5660 3240 5710 III,
3270 5644 3505 5714 Prw/at.
3539 5646 3596 5698 et
3642 5646 3819 5697 Euse-

413 5724 765 5800 personatus
789 5719 901 5778 iste
931 5719 1137 5777 Petrus
1166 5720 1237 5776 de
1265 5736 1351 5786 eo,
1386 5719 1540 5791 quod
1564 5716 1689 5792 jam
1730 5720 1950 5777 factum
1979 5716 2063 5773 vi-

2173 5717 2338 5775 bium
2365 5718 2428 5773 H.
2461 5717 2522 5772 E.
2554 5715 2658 5772 lib.
2690 5731 2753 5785 ιι,
2780 5715 2867 5771 13.
2899 5713 3096 5773 ΠΑνιε.
