4148 6342
281 404 398 465 385

1373 402 1899 465 CLEMENTINA.
1934 437 2011 449 —
2041 406 2372 470 HOMILIA
2416 411 2602 472 XVII.

3570 423 3691 485 386

287 534 361 595 εἷς
399 529 636 612 φοϐερὸν
668 537 796 591 Θεὸν
846 529 1233 591 ἀποϐλέπουσα
1278 538 1386 589 τῶν
1425 534 1559 589 κατὰ
1588 530 1931 627 φύσιν-ἑκϐα-

2048 536 2303 596 tionibus
2334 541 2552 598 deludi.
2586 546 2657 600 At
2706 545 2897 603 fallaci
2946 548 3209 607 doctrina
3257 553 3498 627 decepta
3543 557 3687 614 dum

287 624 549 699 θρεύεται.
585 625 684 678 Καὶ
712 628 879 678 ταῦτα
926 622 1032 699 ἐγὼ
1084 622 1252 698 λέγω,
1294 621 1402 698 οὐχ
1431 621 1512 677 ὅτι
1554 623 1693 696 ὑμᾶς
1727 620 1930 679 εἴδωλα

285 707 452 767 σέϐειν
508 717 794 789 παραινῶ,
850 711 977 768 ἀλλ’
1032 710 1115 767 ὅτι
1172 712 1373 787 Πέτρος
1426 706 1671 789 φοϐερῶν
1725 709 1929 767 ίδεῶν²

285 798 454 856 δοκῶν
516 800 889 857 ἀπαλλάσσειν
957 800 1108 875 ὑμῶν
1170 802 1267 863 τὰς
1318 800 1534 876 ψυχὰς,
1584 796 1933 879 φοϐερωτέρα

286 888 441 961 tates
469 891 565 945 τὸν
608 886 830 945 ἕκαστον
889 890 1041 962 ὑμῶν
1086 889 1361 960 ένθουσιᾷν
1406 895 1554 944 ποιεῖ
1598 894 1746 962 νοῦν,
1798 890 1929 946 Θεὸν

285 977 335 1034 ἐν
396 983 587 1056 μορφῇ
645 977 1060 1055 εἰσηγούμενος,
1117 977 1206 1033 καὶ
1258 982 1424 1033 ταῦτα
1470 978 1649 1052 ἄκρως
1703 975 1930 1051 δίκαιον,

284 1071 428 1128 ³35
465 1070 513 1142 ᾧ
543 1066 732 1124 ἕπεται
760 1068 825 1123 τὸ
850 1062 1080 1145 φοϐερὸν
1124 1066 1215 1122 καὶ
1244 1070 1312 1141 τῇ
1358 1066 1648 1141 συννοούσῃ
1685 1070 1840 1143 ψυχῇ
1869 1066 1933 1122 τὸ

284 1155 580 1235 φρικῶδες,
613 1155 909 1231 δυνάμενοο
939 1160 1029 1211 καί
1069 1160 1177 1211 τῶν
1232 1155 1407 1232 ὀρθῶν
1450 1153 1733 1233 λογισμῶν
1774 1154 1935 1211 ἐκλῦ-

284 1268 364 1302 σαι
405 1246 535 1309 τοὺς
573 1246 791 1309 τόνους.
834 1246 917 1301 Ἐν
948 1244 1049 1322 γὰρ
1095 1242 1332 1317 τοιούτῳ
1376 1245 1646 1308 καθεστὼς
1697 1250 1933 1321 χειμῶνι

282 1337 310 1391 6
346 1340 474 1398 νοῦς
526 1335 607 1398 ὡς
665 1335 825 1411 βυθὸς
872 1334 962 1390 ὑπ’
991 1336 1013 1371 ⁴
1044 1334 1247 1407 ἀνέμου
1291 1331 1530 1412 σφοδροῦ
1576 1330 1834 1391 Θολοῦται
1871 1334 1935 1390 τὸ

284 1422 561 1501 λαμπρὸν.
593 1425 687 1479 Διὸ
719 1424 765 1478 εἰ
796 1423 878 1479 ἐπ’
926 1420 1165 1501 ὠφελείᾳ
1216 1423 1368 1497 ὑμῶν
1416 1422 1800 1500 προσέρχεται,
1857 1425 1933 1498 μὴ

284 1514 429 1585 ὑμῶν
478 1513 615 1576 τοὺς
662 1512 715 1584 ἐξ
774 1512 1000 1589 ἀψύχων
1055 1516 1276 1591 μορφῶν
1334 1511 1516 1582 ἠπίως
1549 1515 1570 1549 ³
1615 1510 1937 1589 γινομένους

286 1597 491 1680 φόϐους
560 1600 775 1657 ἐκλύειν
843 1599 1017 1656 δοκῶν
1076 1595 1308 1679 φοϐερὰν
1357 1598 1489 1656 Θεοῦ
1550 1601 1936 1680 ἆντεισφερέτω

291 1694 529 1767 μορφήν.
566 1692 798 1769 Μορφὴν
833 1688 891 1745 δὲ
938 1687 1053 1766 ἔχει
1086 1689 1215 1752 Θεός
1246 1690 1391 1760 ⁶;Εἰ
1431 1687 1488 1745 δὲ
1530 1688 1653 1766 ἔχῃ,
1704 1690 1756 1745 ἐν
1801 1692 1940 1766 σχή-

289 1780 411 1853 ματί
462 1780 636 1836 ἐστιν.
674 1781 759 1836 Ἐν
794 1784 1039 1855 σχζιματι
1090 1777 1149 1834 δὲ
1200 1776 1272 1833 ὣν
1319 1784 1438 1842 πῶς
1487 1778 1550 1834 ού
1596 1776 1937 1857 περιόριστός

286 1868 464 1939 ἐστιν;
523 1868 876 1945 Περιόριστος
924 1865 981 1922 δὲ
1030 1866 1102 1922 ὢν
1154 1867 1205 1922 ἐν
1252 1867 1407 1941 τόπῳ
1454 1866 1612 1925 ἐστίν.
1648 1870 1734 1925 Ἐν
1783 1869 1937 1943 τόπῳ

2036 628 2356 686 terribilem
2389 631 2567 687 Deum
2602 635 2858 706 respicit,
2892 652 2961 692 ex
3005 638 3078 694 iis
3109 656 3235 712 quae
3270 648 3482 701 natura
3512 644 3690 703 habet

2038 717 2256 774 excidit
2287 720 2569 778 funditus.
2603 725 2789 796 Atque
2819 724 2939 782 haec
2980 728 3131 802 dico,
3165 747 3280 787 non
3330 734 3485 804 quod
3535 734 3690 793 idola

2040 804 2227 862 colere
2255 809 2560 877 suadeam,
2594 812 2694 867 sed
2722 812 2861 884 quia
2892 818 3114 884 Petrus,
3139 818 3279 875 dum
3303 820 3532 878 videtur
3560 824 3687 880 ani-

2042 910 2170 951 mas
2202 899 2426 954 vestras
2456 899 2677 971 eripere
2703 901 3169 963 formidabilibus
3190 909 3515 980 speciebus,
3532 929 3695 970 men-

2040 985 2159 1038 tem
2183 985 2656 1059 uniuscujusque
2674 994 2932 1047 vestrum
2964 994 3317 1052 formidabili
3342 998 3473 1056 idea
3500 1002 3690 1059 reddit

2043 1071 2381 1145 fanaticam,
2424 1075 2607 1133 Deum
2657 1078 2715 1134 in
2769 1080 2955 1138 forma
3003 1082 3402 1160 introducens,
3438 1106 3693 1163 eumque

2044 1176 2276 1218 summe
2314 1164 2568 1235 justum,
2609 1183 2788 1238 quam
2842 1169 3034 1227 ideam
3082 1174 3351 1245 sequitur
3396 1181 3602 1249 terror,
3635 1184 3694 1238 et

2044 1250 2250 1306 animae
2281 1253 2592 1323 cogitantis
2634 1255 2860 1324 horror,
2891 1258 3092 1318 valens
3119 1263 3296 1319 etiam
3328 1270 3494 1322 rectas
3526 1268 3696 1325 ratio-

2044 1337 2138 1394 nis
2168 1338 2426 1412 vigorem
2459 1342 2698 1401 solvere.
2731 1350 2796 1401 In
2829 1346 2937 1404 hac
2955 1349 3171 1423 quippe
3192 1352 3443 1424 procella
3463 1356 3700 1414 animus

2047 1427 2401 1486 constitutus
2432 1431 2591 1487 velut
2620 1450 2780 1491 mare
2809 1453 2843 1491 a
2866 1437 3193 1495 vehementi
3222 1447 3396 1498 vento
3443 1443 3701 1502 infusca-

2045 1518 2143 1571 tur
2180 1519 2239 1571 et
2269 1518 2638 1588 splendorem
2671 1523 2880 1594 perdit.
2906 1527 3185 1591 Quocirca
3207 1529 3254 1583 si
3279 1531 3350 1585 ad
3386 1530 3699 1589 utilitatem

2045 1607 2296 1659 vestram
2330 1607 2583 1677 advenit,
2612 1626 2702 1679 ne,
2736 1612 2879 1668 dum
2908 1614 3138 1671 videtur
3181 1616 3423 1676 timores
3472 1625 3695 1678 vestros

2046 1707 2116 1748 ex
2144 1692 2486 1753 inanimatis
2508 1697 2711 1755 formis
2740 1699 2949 1758 leniter
2976 1709 3134 1762 ortos
3166 1707 3472 1782 resolvere,
3498 1710 3556 1766 in
3600 1710 3690 1767 lo-

2048 1797 2179 1836 cum
2211 1799 2413 1840 eorum
2442 1786 2758 1844 terribilem
2790 1790 2891 1846 Dei
2924 1792 3173 1850 formam
3203 1796 3463 1855 inducat.
3485 1801 3570 1855 An
3600 1816 3694 1857 ve-

2048 1887 2112 1925 ro
2144 1876 2292 1962 Deus
2325 1872 2498 1929 habet
2528 1876 2777 1933 formam
2801 1879 2830 1934 ‘I
2877 1881 3038 1945 Quod
3091 1884 3141 1939 si
3189 1885 3384 1955 habet,
3416 1887 3476 1944 in
3508 1890 3697 1962 ﬁgura

287 1956 342 2013 δὲ
371 1958 444 2013 ὣν
478 1958 666 2027 ἥττων
699 1957 809 2012 ἐστὶ
837 1954 934 2012 τοῦ
984 1956 1339 2033 περιέχοντος
1377 1957 1536 2013 αὐτὸν
1580 1956 1772 2014 τόπου.
1812 1962 1935 2014 Ἤτ-

2885 1935 2914 1945 τ
2975 1935 3038 1937 --
3091 1935 3141 1939 --
3189 1935 3384 1955 -τ-νη
3416 1935 3476 1944 --
3508 1935 3697 1962 ηομε-

2048 1961 2333 2017 consistit.
2358 1966 2424 2017 In
2450 1964 2639 2037 figura
2660 1972 2855 2024 autem
2869 1972 3353 2047 consistens,quo
3385 1979 3556 2035 modo
3583 1996 3697 2036 non

282 2069 387 2103 των
442 2046 503 2103 δέ
555 2068 707 2109 τινος
764 2045 837 2100 ὢν
883 2050 1002 2109 πῶς
1045 2046 1261 2101 πάντων
1315 2046 1456 2102 ἐστὶν
1508 2048 1537 2101 6
1574 2049 1596 2083 ’⁷
1658 2048 1856 2120 μείζων
1901 2048 1937 2118 ἢ

284 2136 545 2210 κρείττων
579 2137 614 2205 ἢ
646 2135 960 2205 ἆνώτατος;
995 2135 1093 2190 Καὶ
1121 2140 1289 2190 ταῦτα
1323 2136 1419 2209 μὲν
1448 2134 1641 2197 οὕτως.

2050 2054 2140 2104 est
2168 2050 2647 2125 circumscriptus
2669 2056 2696 2110 ?
2727 2058 2795 2112 Et
2821 2058 3325 2135 circumscriptus,
3348 2064 3409 2122 in
3432 2066 3556 2124 loco
3580 2086 3699 2125 ver-

2050 2142 2234 2194 satur.
2269 2140 2555 2197 Caaterum
2591 2144 2651 2199 in
2682 2144 2808 2203 loco
2841 2149 3149 2219 exsistens,
3182 2152 3376 2209 minor
3398 2160 3487 2212 est
3516 2158 3700 2214 conti-

288 2232 460 2283 nente
488 2226 662 2282 illum
693 2226 841 2283 loco.
873 2226 1138 2298 Denique
1169 2227 1268 2298 qui
1300 2230 1391 2282 est
1422 2225 1616 2299 aliquo
1649 2225 1859 2294 minor,
1894 2242 2009 2299 quo
2037 2232 2205 2299 pacto
2234 2230 2425 2300 major
2449 2235 2537 2287 est
2565 2234 2865 2304 omnibus,
2896 2245 2995 2293 aut
3024 2241 3411 2311 prestantior,
3444 2251 3545 2301 aut
3592 2264 3694 2304 su-

288 2332 528 2389 premus
548 2315 579 2370 ?
606 2318 795 2387 Atque
827 2315 947 2371 hac
969 2316 1203 2387 quidem
1235 2316 1335 2371 ita.

357 2408 450 2463 ιν.
484 2408 611 2460 ’Ότι
641 2402 697 2459 δὲ
740 2403 961 2474 ἀληθῶς
1013 2404 1138 2460 οὐδὲ
1194 2405 1264 2461 τὰ
1302 2405 1406 2460 ὑπὸ
1452 2409 1551 2461 τοῦ
1600 2402 1937 2461 Διδασκάλου

288 2493 451 2550 αὐτοῦ
513 2494 749 2571 ῥηθέντα
796 2492 1085 2567 πιστεύει,
1135 2493 1360 2573 φανερόν
1420 2493 1598 2551 ἐστιν.
1647 2495 1721 2549 Τὰ
1782 2495 1884 2571 γὰρ
1913 2496 1935 2531 ⁸

292 2582 497 2639 ἐναντία
550 2582 697 2655 αύτῷ
742 2582 1020 2656 κηρύσσει.
1073 2583 1311 2639 Ἐκείνου
1365 2583 1466 2661 γὰρ
1516 2582 1758 2646 εἰπόντος
1804 2581 1935 2656 τινὶ,

291 2672 361 2735 ὡς
414 2671 708 2745 μανθάνω’
766 2673 855 2742 Μή
924 2692 991 2745 με
1041 2672 1165 2747 Λέγε
1222 2673 1452 2750 ἀγαθὸν,
1504 2673 1532 2727 6
1581 2673 1685 2749 γὰρ
1742 2672 1937 2747 ἀγαθὸς

291 2763 363 2823 εἷς
410 2762 552 2817 ἐστιν
582 2805 595 2818 .
647 2762 873 2837 Ἀγαθὸν
921 2758 979 2816 δὲ
1026 2761 1191 2816 εἰπὼν
1237 2760 1337 2817 οὐκ
1396 2757 1473 2817 ἔτι
1531 2762 1730 2817 ἐκεῖνον
1791 2759 1936 2838 λέγει

290 2851 377 2905 τὸν
436 2849 679 2919 δίκαιον,
739 2850 798 2905 ὃν
857 2850 912 2904 αἱ
970 2850 1175 2927 Γραφαὶ
1232 2850 1632 2927 κηρύσσουσιν,
1690 2850 1749 2912 ὃς
1808 2850 1939 2905 ἀπο-

291 2940 482 2995 κτείνει
523 2944 547 2977 ⁹
596 2938 686 2995 καί
748 2944 1030 3010 ζωοποιεῖ,
1076 2939 1381 2995 ἀποκτείνει
1444 2939 1536 3013 μὲν
1587 2939 1714 3001 τοὺς
1768 2938 1941 3017 ἆμαρ-

292 3029 546 3091 τάνοντας
576 3075 591 3101 ,
653 3034 911 3097 ζωοποιεῖ
982 3025 1040 3082 δὲ
1094 3027 1219 3091 τοὺς
1292 3028 1427 3084 κατὰ
1494 3029 1718 3106 γνώμην
1771 3028 1936 3084 αὐτοῦ

297 3117 564 3191 βιοῦντας.
610 3118 736 3175 ’Ότι
789 3115 846 3171 δὲ
894 3115 1063 3180 ὅντως
1115 3116 1177 3171 οὖ
1226 3117 1317 3173 τὸν
1359 3118 1704 3195 Δημιουργὸν
1750 3115 1934 3194 ἔλεγεν

294 3206 508 3281 ἀγαθὸν.
558 3204 639 3279 τῷ
678 3203 1029 3276 διανοηθῆναι
1078 3203 1362 3280 δυναμένῳ
1407 3205 1567 3285 σαφές
1618 3206 1781 3265 ἐστιν.
1831 3209 1938 3262 Τοῦ

293 3295 390 3370 γὰρ
422 3305 497 3366 Δη
510 3299 777 3372 μιουργοῦ
816 3293 1160 3371 ἐγνωσμένου
1188 3294 1279 3350 καὶ
1312 3300 1392 3368 τῷ
1420 3294 1710 3352 πλασθέντι
1736 3293 1935 3370 Ἀδὰμ,

292 3383 374 3437 καὶ
425 3390 507 3456 τῷ
558 3384 971 3458 εὐαρεστήσαντι
1018 3383 1165 3457 αὐτῷ
1215 3386 1261 3423 ¹⁰
1309 3384 1523 3461 Ἑνὼχ,
1572 3384 1662 3440 καὶ
1717 3390 1797 3458 τῷ
1850 3386 1937 3441 ὑπ’

292 3471 450 3527 αὐτοῦ
501 3470 697 3546 δικαίῳ
749 3472 989 3547 ὁραθέντι
1036 3478 1175 3545 Νῶε,
1210 3472 1420 3548 ὁμοίως
1462 3474 1551 3530 καὶ
1579 3478 1660 3548 τῷ
1688 3470 1938 3549 Ἀϐραὰμ

294 3564 442 3620 336
490 3562 584 3617 καὶ
633 3563 809 3617 Ἰσαὰκ
858 3563 948 3617 καὶ
997 3558 1211 3636 Ἰακὼϐ,
1264 3562 1408 3619 ἀλλᾶ
1452 3563 1542 3619 καὶ
1592 3568 1797 3637 Μωυσῇ
1844 3566 1935 3619 καὶ

2117 2406 2211 2464 IV.
2238 2410 2400 2473 Quod
2431 2416 2626 2469 autem
2656 2430 2785 2470 vere
2819 2431 3007 2489 neque
3038 2436 3163 2492 quas
3196 2438 3228 2477 a
3258 2422 3536 2497 Magistro
3581 2443 3690 2485 suo

2046 2495 2201 2552 dicta
2229 2502 2370 2554 sunt
2399 2502 2615 2574 credat,
2648 2504 3027 2563 manifestum
3067 2515 3175 2565 est.
3209 2495 3378 2568 Nam-
3400 2518 3693 2576 contraria

2045 2585 2096 2639 ei
2129 2587 2421 2657 praedicat.
2473 2590 2705 2648 Scilicet
2748 2593 2864 2664 ille,
2898 2595 3053 2652 sicut
3100 2600 3297 2671 audio,
3329 2603 3564 2660 cuidam
3596 2606 3693 2661 di-

2044 2673 2129 2728 xit
2161 2692 2174 2730 :
2207 2676 2283 2731 Ne
2310 2694 2397 2734 me
2435 2679 2586 2735 dicas
2636 2682 2856 2755 bonum,
2886 2684 3054 2741 bonus
3087 2689 3239 2744 enim
3288 2707 3433 2746 unus
3484 2698 3563 2749 est
3592 2695 3690 2767 (α).

2046 2762 2273 2819 Bonum
2304 2782 2437 2823 vero
2469 2767 2651 2841 aiens,
2686 2787 2800 2827 non
2833 2774 3089 2847 amplius
3120 2776 3287 2834 illum
3337 2779 3551 2854 inquit,

2038 2851 2241 2922 justus
2273 2858 2381 2925 est,
2415 2873 2706 2931 quemque
2734 2861 3047 2935 Scripturae
3098 2851 3436 2939 praedicant;
3466 2851 3566 2944 qui
3598 2851 3688 2929 oc-

2044 2940 2199 3031 cidit,
2232 2945 2282 2998 et
2308 2946 2490 3001 vivere
2516 2947 2657 3019 facit
2685 2949 2781 3021 (b),
2813 2953 3023 3008 occidit
3051 2955 3286 3026 quidem
3332 2940 3690 3031 peccatores,

2044 3029 2235 3086 vivere
2265 3038 2461 3089 autem
2484 3036 2620 3091 facit
2649 3054 2767 3105 eos,
2803 3040 2901 3111 qui
2933 3045 3258 3100 secundum
3277 3029 3407 3117 ejus
3428 3049 3692 3108 volunta-

2044 3122 2164 3174 tem
2196 3128 2395 3193 agunt.
2430 3124 2603 3182 Porro
2636 3128 2792 3199 quod
2824 3146 3019 3187 revera
3038 3135 3364 3191 Creatorem
3397 3154 3513 3193 non
3547 3139 3694 3198 dixit

2046 3207 2289 3277 bonum,
2322 3210 2373 3266 ei
2405 3212 2505 3283 qui
2535 3216 2745 3285 poterit
2772 3218 3139 3276 considerare
3161 3222 3383 3279 clarum
3407 3227 3690 3287 erit.Cum

2045 3297 2202 3353 enim
2234 3298 2473 3355 Creator
2497 3306 2671 3359 notus
2701 3304 2877 3361 fuerit
2904 3311 2962 3362 et
2986 3308 3209 3366 Adamo
3242 3310 3342 3383 qui
3366 3313 3440 3369 ab
3471 3330 3538 3371 eo
3576 3316 3692 3373 for-

2046 3390 2243 3443 matus
2270 3393 2379 3456 est,
2410 3393 2467 3445 et
2496 3392 2728 3450 Enocho
2760 3396 2862 3465 qui
2889 3395 2941 3451 ei
2971 3396 3214 3471 placuit,
3246 3403 3304 3456 et
3330 3405 3462 3459 Noae
3503 3405 3601 3477 qui
3637 3405 3692 3462 ei

2038 3475 2242 3547 justus
2262 3494 2389 3535 esse
2413 3481 2703 3553 apparuit,
2723 3482 2996 3542 similiter
3016 3491 3073 3542 et
3092 3487 3445 3560 Abrahamo,
3465 3475 3686 3565 Isaaco,

2042 3564 2282 3634 Jacobo,
2315 3569 2418 3624 sed
2448 3574 2505 3625 et
2550 3570 2754 3643 Moysi,
2788 3589 2854 3628 ac
2902 3576 3138 3648 populo,
3170 3579 3395 3652 totique
3442 3564 3684 3657 mundo,

295 3650 407 3723 λαῷ
435 3652 531 3707 καὶ
564 3651 681 3723 ὅλῳ
720 3656 799 3723 τῷ
842 3651 1056 3725 κόσμῳ,
1092 3653 1119 3707 6
1150 3649 1473 3716 διδάσκαλος
1525 3653 1688 3709 αὐτοῦ
1730 3655 1933 3763 lli-5190:)

295 3739 347 3763 η,
384 3745 501 3763 _,~,
558 3739 727 3763 μιν
776 3744 815 3763 η
872 3738 953 3763 an,
990 3761 1017 3763 γε
1103 3743 1165 3763 ι.-
1202 3739 1361 3763 τινες
1444 3738 1469 3763 ,ι
1527 3762 1530 3763 ,
1670 3743 1685 3763 ς
1770 3748 1813 3763 π

2048 3655 2324 3727 magister
2350 3656 2539 3730 ipsius
2571 3659 2740 3727 Petri,
2774 3661 2969 3736 Jesus,
3000 3665 3239 3723 veniens
3278 3649 3425 3726 dixit
3456 3687 3470 3726 :
3521 3671 3687 3730 Nemo

294 3739 502 3811 Ἰησοῦς
554 3739 729 3803 έλθὼν
776 3744 818 3778 ¹¹
871 3738 1053 3816 ἔλεγεν
1103 3743 1167 3779 1³·
1202 3739 1393 3803 Οὐδεὶς
1443 3738 1581 3817 ἔγνω
1630 3743 1722 3797 τὸν
1770 3740 1934 3798 Πατέ-

298 3849 378 3903 ρα,
428 3829 476 3885 εἰ
536 3830 611 3901 μὴ
645 3828 673 3883 ό
706 3829 851 3896 Υἱὸς,
900 3829 974 3891 ὡς
1022 3827 1147 3885 οὐδὲ
1188 3831 1279 3884 τὸν
1329 3830 1453 3886 Υἱόν
1500 3851 1581 3893 τις
1625 3828 1764 3886 οἶδεν
1818 3835 1863 3869 ¹³
1891 3830 1937 3887 εί

300 3918 372 3989 μὴ
422 3920 452 3973 6
494 3918 723 3993 Πατὴρ,
767 3917 856 3973 καὶ
900 3920 982 3980 οἷς
1033 3917 1093 3973 ἃν
1156 3917 1422 3995 βούληται
1471 3920 1499 3975 6
1549 3921 1672 3983 Υἱὸς
1722 3920 1941 3976 ἀποκα-

302 4004 499 4081 λύψαι.
534 4006 597 4061 Et
632 4004 721 4061 οὖν
755 4006 912 4069 αὐτὸς
943 4007 1068 4070 Υἱὸς
1100 4010 1164 4076 ἧν
1219 4009 1247 4063 6
1276 4009 1462 4085 παρὼν
1488 4056 1503 4082 ,
1534 4009 1640 4064 ἀπὸ
1690 4017 1788 4080 τῆς
1842 4009 1937 4066 αὐ·-

297 4099 388 4149 τοῦ
447 4094 751 4171 παρουσίας
827 4095 909 4158 οἶς
980 4091 1238 4152 ἐϐούλετο
1294 4098 1385 4153 τὸν
1451 4102 1609 4153 πᾶσιν
1665 4100 1935 4176 ἄγνωστον

297 4183 669 4241 ἆπεκάλυπτεν
707 4226 719 4239 .
780 4188 879 4239 Καὶ
953 4184 1126 4248 οὕτως
1197 4191 1315 4249 τοῖς
1366 4186 1473 4264 πρὸ
1550 4186 1716 4243 αὐτοῦ
1779 4194 1939 4244 πᾶσιν

298 4270 563 4348 ἄγνωστος
622 4273 690 4342 ἦν
746 4273 776 4327 6
833 4274 1042 4351 Πατὴρ,
1104 4273 1212 4351 οὐχ
1267 4274 1439 4340 οὕτως
1498 4277 1542 4314 ¹⁴
1579 4274 1653 4333 ὢν
1704 4278 1733 4332 ὸ
1780 4283 1940 4334 πᾶσιν

298 4358 654 4437 ἐγνωσμένος.

361 4457 407 4507 V
442 4496 455 4508 .
490 4450 590 4506 Καὶ
638 4455 799 4506 τοῦτο
866 4450 1032 4507 εἰπὼν
1088 4454 1301 4523 Ἰησοῦς
1378 4451 1502 4509 οὐδὲ
1548 4453 1707 4518 αὐτὸς
1766 4453 1939 4528 ἑαυτῷ

298 4546 591 4617 συμφωνεῖ.
628 4540 829 4597 Ἐνίοτε
870 4540 973 4618 γὰρ
1021 4540 1217 4604 ἄλλαις
1266 4548 1471 4622 φωναῖς
1518 4548 1625 4600 τῶν
1676 4544 1782 4599 ἀπὸ
1826 4548 1935 4601 τῶν

299 4632 339 4666 ¹¹
378 4635 607 4707 Γραφῶν
657 4625 888 4709 φοϐερὸν
934 4630 1027 4685 καὶ
1077 4628 1283 4687 δίκαιον
1336 4630 1610 4703 συνίστησι
1672 4633 1801 4688 Θεὸν
1853 4633 1940 4691 λέ-

296 4738 417 4791 γων’
481 4720 569 4786 Μὴ
630 4713 907 4796 φοϐηθῆτε
981 4719 1087 4774 ἀπὸ
1153 4718 1249 4775 τοῦ
1304 4719 1714 4786 ἆποκτείνοντος
1778 4726 1822 4761 ¹⁶
1876 4723 1939 4780 τὸ

300 4810 474 4879 σῶμα,
522 4811 592 4879 τῇ
650 4804 708 4861 δὲ
764 4810 917 4884 ψυχῇ
976 4811 1017 4846 1⁷
1074 4808 1148 4881 μή
1206 4804 1503 4883 δυναμένου
1561 4831 1613 4865 τι
1666 4814 1937 4882 ποιῆσαι·

2045 3746 2203 3800 novit
2228 3747 2470 3819 Patrem,
2502 3750 2616 3804 nisi
2642 3750 2845 3819 Filius,
2874 3754 3015 3809 sicut
3043 3769 3144 3810 nec
3185 3757 3397 3813 Filium
3439 3760 3560 3830 quis
3588 3778 3688 3818 no-

2045 3835 2147 3904 vit,
2179 3837 2291 3891 nisi
2316 3841 2510 3906 Pater,
2542 3842 2594 3895 et
2619 3842 2815 3910 quibus
2856 3842 2974 3898 vult
3016 3844 3195 3899 Filius
3230 3848 3473 3904 revelare
3500 3849 3593 3921 (c).
3628 3849 3691 3907 Si

2046 3938 2205 3995 ergo,
2234 3924 2335 3997 qui
2366 3927 2619 3994 advenit,
2650 3929 2776 4002 ipse
2807 3930 2986 3988 Filius
3016 3938 3159 4003 erat,
3193 3939 3324 4007 post
3369 3953 3545 3993 suum
3590 3940 3694 3995 ad-

2046 4016 2282 4069 ventum
2307 4015 2521 4086 quibus
2550 4016 2732 4074 voluit
2762 4036 2917 4087 eum,
2950 4022 3051 4094 qui
3091 4024 3318 4080 cunctis
3360 4026 3693 4100 incognitus

2048 4105 2189 4169 erat,
2223 4102 2517 4162 revelavit.
2549 4106 2759 4179 Sicque
2789 4109 3062 4166 omnibus
3101 4116 3236 4167 ante
3276 4129 3411 4170 eum
3456 4115 3692 4188 ignotus

2049 4194 2173 4244 erat
2202 4190 2388 4262 Pater,
2419 4193 2781 4269 proindeque
2829 4214 2944 4254 non
2993 4204 3084 4257 est
3128 4200 3227 4258 ille
3274 4203 3553 4262 omnibus
3596 4222 3691 4263 co-

2047 4277 2269 4351 gnitus.

2118 4458 2181 4515 V.
2212 4459 2400 4532 Atque
2446 4458 2556 4517 hoc
2604 4461 2804 4519 dicens
2845 4464 3021 4522 Jesus
3071 4483 3263 4539 neque
3309 4469 3435 4541 ipse
3490 4487 3692 4529 secum

2049 4548 2355 4604 consentit.
2391 4550 2690 4606 Interdum
2722 4552 2876 4608 enim
2909 4553 3041 4611 aliis
3072 4556 3508 4629 Scripturarum
3536 4561 3695 4619 voci-

2049 4636 2161 4692 bus
2186 4637 2514 4694 timendum
2541 4655 2606 4694 ac
2628 4640 2861 4711 justum
2884 4646 3259 4702 commendat
3277 4647 3485 4717 Deum,
3507 4648 3693 4707 aiens:

2047 4725 2227 4783 Nolite
2255 4728 2452 4783 timere
2478 4745 2623 4798 eum,
2655 4731 2753 4801 qui
2779 4731 2975 4788 occidit
3011 4749 3227 4806 corpus,
3259 4737 3460 4792 animae
3507 4741 3693 4794 autem

2047 4815 2198 4871 nihil
2222 4822 2408 4888 potest
2433 4819 2637 4889 facere,
2669 4819 2765 4874 sed
2791 4822 2977 4877 timete
3002 4838 3126 4879 eum
3154 4826 3252 4895 qui
3273 4828 3451 4896 potest
3486 4830 3539 4880 et
3565 4840 3691 4883 cor-

300 4890 575 4970 φοϐήθητε
642 4892 701 4950 δὲ
747 4895 839 4951 τὸν
895 4893 1184 4971 δυνάμενον
1250 4896 1340 4952 καὶ
1388 4902 1553 4977 φῶμα
1608 4900 1698 4955 καὶ
1751 4902 1935 4977 ψυχὴν

2048 4922 2148 4977 pus
2177 4908 2228 4960 et
2246 4906 2494 4961 animam
2516 4908 2573 4961 in
2596 4906 2901 4976 gehennam
2929 4912 3083 4984 ignis
3101 4890 3337 4969 mittens.
3366 4914 3555 4985 Utique
3573 4913 3693 4970 dico

304 4982 373 5045 εἷς
445 4985 545 5053 τήν
619 4985 834 5061 γέενναν
904 4990 1001 5041 τοῦ
1075 4986 1245 5062 πυρὸς
1322 4985 1506 5062 βαλεῖν
1537 5029 1550 5045 .
1612 4991 1711 5045 Ναὶ
1790 4990 1935 5068 λέγω

2048 4994 2216 5066 vobis,
2250 4994 2393 5050 hunc
2435 4997 2622 5051 timete
2651 4996 2749 5069 (ἀ).
2783 4982 3175 5064 Ουοάἐυῐθω
3214 5018 3346 5059 vere
3392 4982 3549 5059 hunc
3606 5003 3689 5060 ti-

383 5110 436 5181 a)
468 5109 675 5167 Matth.
704 5128 821 5181 χιχ,
857 5114 944 5168 17.

383 5127 414 5164 a
468 5110 675 5167 Matth.
704 5128 821 5181 χιχ,
857 5114 944 5168 17.

360 5110 436 5252 Eb}
462 5187 627 5238 Deut.
658 5200 837 5252 xxxn,
868 5185 958 5240 39.

1969 5069 2016 5135 D

2117 5120 2190 5186 (c)
2219 5117 2425 5174 Matth.
2455 5137 2535 5188 x1,
2566 5121 2658 5177 27.

2119 5188 2195 5261 (ά)
2227 5190 2435 5246 Matth.
2467 5208 2523 5260 κ,
2548 5192 2642 5251 28.

1649 5292 1889 5353 νΑΡιΙλΕ
1929 5295 2342 5353 LECTIONES.

361 5373 595 5468 ἷεῖξεῶν
628 5384 686 5435 C.
710 5452 730 5468 ρ
816 5375 1073 5468 εἷδέέᾳ
1109 5378 1325 5468 ὑπᾴοκ
1389 5381 1410 5417 ⁸
1438 5379 1638 5468 ἠπίους
1696 5388 1761 5442 0.
1796 5384 2218 5468 _'l‘um‘rece_pi_‘
2256 5378 2458 5468 φέϐους
2480 5389 2732 5468 ho._eod_.
2768 5394 2841 5468 _et
2886 5408 2953 5468 ex_
3001 5392 3247 5468 conject.
3294 5393 3377 5463 Ci,
3430 5394 3491 5468 in
3523 5396 3694 5468 cujus

298 5450 417 5523 βοάἶ
450 5451 632 5507 deest.
710 5450 1062 5523 δὸΘεόςξΟ,
1124 5452 1374 5523 articulo
1424 5455 1663 5523 quidem
1723 5458 2058 5514 subnotato.
2133 5450 2155 5492 ’ί

1680 5525 1910 5603 ΠέτρουΔ
1946 5529 2167 5603 Ἰησοῦς-
2201 5524 2485 5603 ἐλθώνῨΟ;
2526 5548 2665 5603 qua:

298 5520 335 5555 ¹⁰
362 5518 507 5593 αύτῷ
540 5539 657 5578 om.
689 5526 754 5579 Ο.
834 5527 877 5561 ¹¹
911 5518 1112 5600 Πέτρος
1147 5522 1274 5577 ἷσῶν
1335 5518 1505 5578 έλθῶν

298 5598 443 5648 sunt.
522 5594 570 5629 ¹²
600 5595 713 5649 Cfr.
749 5596 1016 5654 Credner.
1049 5597 1218 5653 Reitr.
1252 5613 1292 5654 ι.
1324 5595 1453 5654 248.
1482 5598 1547 5653 31
1598 5640 1610 5653 .

295 5598 443 5664 sunt.
522 5594 570 5629 ¹²
600 5595 713 5649 Cfr.
749 5594 1028 5664 Credner,
1049 5597 1218 5653 Reitr.
1252 5595 1453 5664 1,7248,
1482 5594 1610 5654 314.

2409 5453 2536 5541 ξδέ
2564 5463 2629 5516 Ο.
2707 5462 2729 5498 ⁰
2758 5460 3068 5541 διποκτέννει
3100 5453 3167 5541 ᾧ,
3223 5453 3484 5541 etpalqu
3537 5453 3691 5541 past:

2697 5535 2930 5605 quidem
2965 5536 3099 5593 vhb.
3133 5535 3345 5594 lineola
3374 5535 3693 5599 subnotata

1644 5599 2001 5676 Schv'vegler,
2030 5601 2333 5676 Nachqpost
2358 5599 2845 5676 Zeitalt‘eri,'254,
2893 5608 2983 5664 20.
3014 5608 3073 5665 S.
3151 5611 3196 5647 ¹³
3254 5605 3389 5665 εἶδεν
3441 5614 3506 5669 Ο.
3540 5612 3686 5670 Dein

295 5660 555 5791 ἓούληςιαι
586 5670 643 5721 S.
673 5671 745 5749 ρ,
780 5660 1032 5739 βούλεται
1062 5671 1123 5723 C.
1202 5667 1248 5705 ιδ
1277 5660 1530 5729 οὗτοςὈ.
1609 5670 1654 5708 ¹⁸
1679 5670 1771 5726 τόν
1798 5660 1892 5730 0.w
1944 5660 1999 5710 η’
2019 5660 2434 5735 ἀποκτέννοντος
2464 5678 2530 5730 Ο.
2610 5675 2653 5713 ιτ
2674 5660 2688 5675 ’
2707 5660 2845 5747 τήνγ’
3102 5698 3161 5753 Ρ.

339 5751 433 5791 um
461 5753 689 5791 inserui
720 5732 779 5791 δέ
810 5754 863 5791 o.
899 5739 1125 5791 eodem.

339 5752 375 5793 u

378 5751 433 5794 m
454 5732 689 5797 inserui
720 5732 790 5793 δὲ’
810 5754 863 5797 ο.
899 5739 1125 5797 eodem.
