4140 6344
441 398 560 457 387

1260 397 1325 456 8.
1373 394 1817 456 CLEMENTIS
1862 395 1887 454 Ι
1933 392 2122 455 ROM.
2169 393 2401 455 PONT.
2447 394 2712 457 OPERA
2756 398 3026 458 DUBIA.

3735 403 3853 464 388

440 527 721 584 mendum
753 543 881 584 esse
905 526 1114 583 dixerit
1168 530 1233 583 ut
1269 527 1502 599 justum
1552 532 1756 597 Deum,
1787 526 1857 581 ad
1908 541 2071 598 quem

2200 523 2367 596 ὑμῖν,
2412 529 2601 581 τοῦτον
2652 521 2961 604 φοϐήθητε.
3012 530 3135 587 ’Ότι
3183 526 3242 585 δέ
3290 524 3460 593 ὅντως
3508 534 3699 587 τοῦτον
3752 554 3853 611 φο-

438 620 496 673 et
524 617 742 689 injuria
774 616 1008 673 affectos
1039 615 1121 671 ait
1151 616 1427 687 clamare,
1461 615 1803 690 parabolam
1840 615 1912 670 ad
1963 631 2092 671 eam

443 723 568 763 rem
600 706 900 779 proferens
930 706 1469 778 interpretationem
1496 704 1829 778 subjungit,
1852 704 2087 761 dicens:

445 796 509 853 Si
536 812 660 868 ergo
692 795 869 868 judea:
915 796 1231 867 iniquitatis
1278 797 1355 850 ita
1401 796 1553 866 fecit,
1604 794 1744 866 quod
1790 794 2093 866 smpissime

442 893 754 955 rogaretur,
788 888 994 958 quanto
1017 886 1195 954 magis
1221 886 1391 940 Pater
1417 885 1584 957 faciet
1630 883 1927 939 vindictam
1971 883 2090 939 cla-

443 975 718 1030 mantium
747 974 817 1029 ad
863 989 921 1029 se
948 973 1038 1029 die
1079 988 1146 1030 ac
1182 977 1382 1029 nocte?
1430 973 1535 1041 An,
1568 975 1701 1045 quia
1748 974 1966 1045 patiens
2013 974 2093 1027 est

437 1078 570 1133 erga
610 1064 755 1129 illos,
800 1064 1011 1135 putatis
1055 1062 1198 1135 quod
1244 1078 1356 1118 non
1409 1064 1624 1134 faciet?
1654 1064 1918 1134 Profecto,
1970 1061 2089 1117 dico

434 1153 604 1223 vobis,
634 1153 828 1223 faciet,
858 1159 910 1209 et
937 1153 1043 1207 cito
1073 1154 1168 1223 (a).
1209 1151 1491 1208 Caeterum
1547 1150 1648 1223 qui
1694 1150 2087 1207 vindicantem

434 1243 493 1297 et
519 1245 992 1298 remunerantem
1018 1240 1161 1297 dicit
1191 1245 1393 1311 Deum,
1421 1241 1648 1311 justum
1692 1255 1827 1295 eum
1877 1243 2089 1296 natura

433 1331 745 1386 conﬁrmat
772 1334 830 1386 et
858 1347 972 1386 non
1005 1330 1245 1386 bonum.
1279 1329 1562 1386 Prwterea
1609 1329 1926 1386 conﬁtetur
1968 1334 2084 1384 Do-

432 1419 592 1475 mino
624 1418 751 1475 coeli
784 1422 842 1475 et
872 1422 1034 1474 terras
1068 1419 1164 1492 (b).
1198 1418 1362 1483 Quod
1401 1418 1451 1475 si
1483 1418 1769 1474 Dominus
1814 1421 1905 1474 est
1951 1417 2082 1474 οωΙὶ

429 1512 488 1563 et
517 1511 702 1578 terras,
735 1506 1039 1565 admittiur
1067 1523 1195 1564 esse
1226 1506 1541 1577 Conditor;
1573 1507 1673 1580 qui
1707 1509 1910 1563 autem
1941 1510 2083 1562 Con-

431 1596 584 1653 ditor
631 1600 739 1664 est,
765 1597 968 1668 justus
1018 1602 1125 1653 est.
1158 1596 1488 1669 Aliquando
1537 1597 1761 1653 bonum
1810 1595 2078 1665 dicendo,

430 1685 746 1757 aliquando
785 1687 1040 1758 justum,
1091 1702 1279 1759 neque
1333 1685 1417 1742 sic
1474 1689 1781 1742 consonat.
1821 1685 2079 1741 Tertium

429 1790 561 1829 vero
593 1774 732 1846 quid
765 1774 999 1847 sapiens
1030 1773 1189 1831 illius
1221 1773 1547 1847 discipulus
1571 1774 1695 1831 beri
1722 1774 2075 1847 afﬁrmabat,

432 1862 825 1934 operationem
856 1863 1079 1919 visione
1118 1863 1402 1935 potiorem
1444 1878 1594 1932 esse,
1647 1862 1908 1936 ignarus,
1958 1863 2076 1920 evi-
2108 1898 2155 1965 Β

429 1952 683 2007 dentiam
716 1968 888 2024 posse
936 1969 1063 2008 esse
1110 1952 1455 2022 humanam,
1488 1956 1713 2009 certum
1762 1968 1895 2008 vero
1946 1968 2074 2009 esse

426 2041 584 2112 apud
614 2058 840 2114 omnes,
856 2041 1142 2099 visionem
1172 2042 1244 2098 ad
1275 2041 1652 2099 Divinitatem
1684 2041 1999 2115 pertinere.

501 2309 596 2365 VI.
631 2312 759 2365 Haec
818 2312 993 2382 atque
1046 2307 1141 2366 his
1195 2309 1378 2383 paris,
1420 2312 1606 2381 Petra,
1650 2309 1853 2367 Simon
1910 2315 2075 2368 extra

430 2402 597 2454 stans
626 2399 768 2454 dum
800 2398 1167 2455 multitudini
1197 2399 1486 2469 edisserit,
1520 2398 1717 2471 plures
1746 2399 1891 2457 mihi
1921 2401 2075 2459 vide-

428 2490 529 2543 tur
557 2488 921 2544 conturbare.
959 2488 1240 2555 Quocirca
1269 2488 1357 2544 exi
1390 2488 1614 2556 statim,
1644 2493 1702 2545 et
1730 2489 1783 2544 vi
1813 2489 2073 2547 veritatis

426 2577 609 2633 falsos
637 2578 765 2650 ejus
813 2577 1067 2634 dissolve
1113 2594 1434 2634 sermones.
1471 2578 1694 2644 Quibus
1743 2595 1777 2634 a
1804 2579 2073 2636 Zacchaao

424 2665 614 2735 dictis,
648 2666 852 2723 Petrus
911 2682 1013 2739 pro
1073 2682 1236 2722 more
1293 2670 1570 2739 precatus
1630 2683 1905 2739 egressus
1962 2674 2070 2740 est,

423 2770 675 2826 cumque
704 2754 765 2811 in
797 2756 1001 2811 eodem
1031 2755 1176 2824 loco,
1207 2754 1268 2811 in
1308 2772 1421 2827 quo
1461 2754 1753 2828 superiori
1783 2757 1897 2825 die,
1929 2773 2073 2813 con-

420 2844 693 2910 stitisset,
733 2861 800 2900 ac
847 2860 916 2900 ex
964 2844 1264 2916 religionis
1312 2845 1736 2901 consuetudine
1786 2844 2071 2918 populum

422 2932 755 3002 salutasset,
789 2932 872 2988 ita
899 2932 1075 3005 ctepit
1105 2932 1264 3005 loqui
1297 2951 1311 2989 :
1357 2932 1644 2989 Dominus
1669 2938 1869 2990 noster
1896 2934 2071 2991 Jesus

423 3020 711 3092 Christus,
767 3025 967 3093 utpote
1014 3037 1186 3077 verus
1234 3021 1521 3094 Propheta
1546 3022 2071 3094 (quemadmodum

426 3108 486 3165 in
516 3114 777 3183 tempore
807 3126 876 3166 ea
900 3126 1132 3182 quoque
1163 3111 1234 3166 de
1282 3127 1342 3167 re
1372 3110 1902 3168 demonstrationes
1933 3112 2070 3168 alle-

422 3198 594 3270 ram),
626 3198 780 3254 circa
827 3216 896 3255 ea
938 3215 1065 3271 quas
1114 3199 1184 3255 ad
1215 3200 1515 3255 veritatem
1547 3204 1836 3272 spectant,
1870 3200 2070 3256 breves

419 3269 561 3343 fecit
585 3287 924 3355 sententias,
955 3269 1195 3360 propter
1225 3288 1344 3344 haec
1368 3288 1503 3357 duo,
1536 3269 1816 3361 primum,
1840 3288 1979 3361 quia
1998 3290 2071 3346 ad
2103 3269 2145 3337 (ἶ

420 3376 547 3448 pios
576 3374 945 3449 loquebatur,
966 3376 1216 3433 scientes
1240 3378 1312 3434 ab
1334 3394 1399 3434 eo
1422 3394 1527 3450 per
1556 3379 1910 3434 sententiam
1933 3395 2065 3452 pro-

419 3465 538 3522 lata
583 3467 836 3522 credere.
887 3466 1087 3539 Neque
1136 3467 1294 3522 enim
1340 3484 1490 3523 nova
1536 3471 1704 3523 erant
1750 3469 1821 3523 ad
1865 3485 2066 3524 eorum

421 3554 927 3625 consuetudinem,
979 3572 1105 3628 quaa
1139 3556 1500 3612 dicebantur.
1535 3558 1801 3612 Secundo
1845 3561 2064 3625 autem,

424 3642 564 3715 quia
588 3643 812 3700 habens
844 3644 1198 3717 preﬁnitum
1229 3645 1661 3716 praedicationis
1681 3650 1916 3719 tempus
1940 3663 2069 3719 pro-

424 3732 763 3788 bationibus
788 3749 902 3788 non
925 3732 1218 3801 utebatur,
1234 3749 1306 3789 ne
1325 3732 1385 3789 in
1404 3750 1704 3791 sermones
1724 3750 1896 3790 omne
1916 3733 2064 3791 illud

420 3824 657 3895 tempus
687 3821 1029 3892 insumeret,
1062 3821 1262 3894 sicque
1308 3822 1360 3878 ei
1410 3823 1792 3895 contingeret,
1826 3827 1891 3879 ut
1920 3824 2064 3880 dum

421 3914 805 3984 occuparetur
831 3911 892 3967 in
923 3910 1502 3983 interpretationibus
1522 3929 1843 3984 paucorum
1864 3912 2066 3970 verbo-

413 4014 568 4071 rum,
602 4016 732 4072 quae
761 4016 896 4056 cum
926 3999 1125 4056 labore
1157 3999 1337 4056 animi
1370 4005 1611 4073 possent
1640 4000 2063 4073 intelligi,doc-

408 4088 625 4144 trinam
650 4088 913 4145 veritatis
936 4106 1051 4145 non
1074 4088 1327 4145 multum
1350 4094 1731 4163 promoveret.
1763 4092 1964 4162 Itaque
1990 4090 2063 4146 de

412 4177 628 4249 quibus
655 4176 885 4233 volebat
920 4178 1355 4250 pronuntiabat,
1388 4183 1452 4234 ut
1484 4177 1697 4251 p0pulo
1720 4178 1932 4235 valenti
1965 4178 2061 4234 in-

413 4264 693 4333 telligere,
726 4282 795 4321 ex
823 4266 1039 4338 quibus
1078 4283 1184 4323 nos
1209 4267 1384 4324 etiam
1416 4284 1645 4339 sumus,
1679 4267 1779 4339 qui
1826 4268 2059 4339 quando

412 4352 493 4426 (id
527 4354 681 4424 quod
713 4371 844 4411 raro
871 4356 1115 4427 accedit)
1145 4356 1217 4412 ah
1247 4373 1314 4413 eo
1344 4356 1500 4412 dicta
1532 4373 1648 4412 non
1697 4356 2058 4430 percipieba-

412 4458 547 4499 mus
577 4458 842 4498 seorsum
872 4442 1339 4515 sciscitahamur,
1369 4462 1442 4502 ne
1485 4446 1628 4519 quid
1672 4460 1876 4503 eorum
1930 4462 2059 4518 quae

411 4530 643 4588 dicebat
671 4532 841 4589 nobis
871 4536 1028 4589 esset
1059 4534 1396 4591 obscurum.

2204 607 2439 684 ϐηθῆναι
2470 611 2648 691 ἔλεγεν
2701 615 2777 679 ὡς
2825 613 3031 672 δίκαιον
3079 619 3229 691 Θεὸν,
3259 620 3393 695 πρὸς
3425 620 3483 674 δν
3512 621 3601 675 καὶ
3631 607 3850 676 ἀδικου-

2204 703 2399 776 μένους
2452 704 2582 779 βοᾷν
2634 704 2805 780 λέγει,
2856 701 3176 783 παραϐολὴν
3225 708 3302 770 είς
3332 713 3491 764 τοῦτο
3525 709 3692 765 εἰπὼν
3723 709 3851 765 ἐπα-

2198 811 2278 867 γιι
2306 793 2405 862 τὴν
2439 792 2725 869 ἑρμηνείαν
2758 791 2954 870 λέγων·
3015 794 3079 850 Εἰ
3112 793 3203 851 οὖν
3252 798 3280 852 6
3338 800 3530 874 κριτὴς
3570 805 3674 869 τῆς
3732 796 3848 855 ἀδι-

2197 878 2318 942 κίας
2400 879 2653 952 ἐποίησεν
2720 882 2915 952 οὕτως,
2979 881 3068 939 διὰ
3129 884 3193 940 τὸ
3272 885 3525 942 ἑκάστοτε
3620 888 3851 960 ἀξιωθῆ-

2197 989 2303 1041 ναι,
2361 968 2516 1043 πόσῳ
2577 968 2788 1043 μᾶλλον
2850 971 2878 1027 6
2936 973 3123 1048 Πατὴρ
3190 976 3409 1046 ποιήσει
3467 977 3567 1043 τήν
3626 974 3846 1047 ἐκδίκη-

2198 1078 2278 1113 σιν
2332 1062 2441 1113 τῶν
2505 1060 2760 1135 βοώντων
2813 1060 2949 1138 πρὸς
2994 1061 3152 1117 αὐτὸν
3210 1062 3422 1139 ἡμέρας
3479 1065 3570 1120 καὶ
3609 1065 3845 1137 νυκτόςς

2194 1145 2230 1215 ἢ
2264 1148 2308 1183 ¹⁸
2358 1144 2448 1202 διὰ
2494 1148 2557 1203 τὸ
2617 1155 2985 1226 μακροθυμεῖν
3042 1150 3200 1207 αὐτὸν
3262 1150 3346 1208 ἐπ’
3402 1152 3585 1218 αὐτοῖς
3639 1152 3849 1213 δοκεῖτε

2194 1232 2279 1290 ὅτι
2338 1234 2401 1291 ού
2456 1237 2716 1309 ποιήσεη
2768 1238 2867 1294 Ναὶ
2912 1241 2977 1312 η,
3032 1238 3179 1315 λέγω
3226 1242 3382 1314 ἡμῖν,
3446 1244 3687 1316 ποιήσει,
3754 1242 3847 1299 καὶ

2194 1322 2247 1380 ἐν
2290 1323 2469 1402 τάχει.
2526 1326 2584 1381 Ὀ
2634 1322 2691 1382 δὶ
2741 1324 3055 1384 ἐκδικοῦντα
3102 1331 3254 1387 337
3324 1329 3415 1385 καὶ
3474 1328 3844 1405 ἀμειϐόμενον

2192 1410 2367 1490 λέγων
2419 1414 2548 1470 Θεὸν
2609 1413 2818 1471 δίκαιον
2868 1416 3027 1473 «ora»
3076 1421 3146 1493 τῇ
3198 1416 3352 1497 φύσει
3390 1418 3716 1493 συνίστησιν,
3752 1420 3845 1477 καὶ

2191 1500 2292 1557 οὐκ
2319 1501 2539 1579 ἀγαθόν.
2572 1508 2692 1560 Ἔτι
2751 1501 2809 1560 δὲ
2859 1504 2949 1561 καί
2978 1508 3023 1543 ²⁰
3069 1505 3480 1583 ἐξομολογεῖται
3530 1513 3607 1581 τῷ
3656 1510 3845 1585 Κυρίῳ

2190 1589 2421 1667 ούρανοῦ
2466 1591 2557 1647 καὶ
2604 1599 2733 1668 γῆς.
2784 1592 2844 1648 El
2894 1592 2952 1650 δὲ
3001 1586 3200 1672 Κύριός
3253 1596 3394 1653 ἐστιν
3461 1596 3692 1674 ούρανοῦ
3750 1598 3842 1654 καὶ

2188 1681 2313 1755 γῆς,
2347 1679 2701 1757 ὁμολογεῖται
2752 1678 3107 1760 δημιουργὸς,
3160 1683 3499 1761 δημιουργὸς
3536 1683 3595 1741 δὲ
3634 1686 3707 1742 ὢν
3766 1684 3820 1743 δί

2186 1768 2340 1832 καιός
2393 1769 2554 1827 ἐστιν.
2606 1771 2745 1826 Hert
2771 1772 2866 1845 μὲν
2902 1774 3098 1847 ἀγαθὸν
3132 1772 3326 1850 λέγων,
3360 1775 3493 1829 ποτε
3517 1772 3573 1830 δὲ
3604 1772 3837 1848 δίκαιον,

2187 1854 2303 1912 οὐδ’
2330 1857 2501 1921 οὕτως
2534 1865 2833 1938 συμφωνεῖ.
2863 1860 3054 1936 Τρίτον
3094 1859 3151 1917 δὲ
3211 1863 3239 1915 6
3290 1861 3455 1940 σοφὺς
3512 1862 3678 1918 αὐτοῦ
3733 1886 3837 1938 μα-

2182 1948 2347 2017 θητὴς
2389 1946 2546 2023 ἐχθὲς
2576 1951 2619 1985 ²¹
2674 1945 3067 2025 διισχυρίζετο,
3108 1948 3389 2026 ἐνάργειαν
3424 1951 3682 2015 ὀπτασίας
3714 1954 3835 2008 ἱκα-

2180 2036 2417 2113 νωτέραν
2468 2038 2624 2110 εἶναι,
2675 2036 2774 2093 οὐκ
2821 2035 2981 2100 εἰδὼς
3031 2038 3113 2094 ὅτι
3170 2041 3205 2109 ἡ
3256 2039 3505 2117 ἐνάργεια
3535 2044 3581 2078 ²²
3627 2042 3837 2119 ἀνθρω-

2180 2124 2309 2181 πεία
2346 2128 2477 2183 εἶναι
2510 2124 2750 2201 δύναται,
2811 2129 2846 2197 ἠ
2883 2124 2941 2182 δὲ
2974 2127 3205 2184 ὀπτασία
3236 2128 3493 2200 θεότητος
3534 2129 3669 2187 εἶναι
3700 2132 3838 2206 ὁμο-

2182 2211 2451 2290 λογεῖται.

2252 2308 2348 2361 VI.
2378 2307 2554 2359 Ταῦτα
2580 2303 2674 2359 καῒ
2714 2302 2783 2360 τὰ
2822 2303 3039 2367 τούτοις
3084 2303 3271 2379 ὅμοια,
3321 2307 3508 2380 Πέτρε.
3561 2307 3590 2361 6
3646 2306 3835 2381 Σίμων

2177 2396 2296 2455 τοῖς
2343 2387 2540 2469 ὄχλοις
2592 2389 2692 2467 ἔξω
2731 2393 2899 2458 ἑστὼς
2933 2393 3043 2466 ικαὶ
3077 2396 3124 2432 ’3
3181 2392 3592 2469 διαλεγόμενος,
3642 2396 3838 2469 ταράσ-

2180 2503 2290 2537 σειν
2350 2504 2444 2556 μοι
2503 2479 2655 2537 δοκεῖ
2710 2481 2835 2544 τοὺς
2891 2481 3171 2545 πλείονας.
3231 2482 3324 2538 Διὸ
3383 2483 3607 2555 ἐξαυτῆς
3672 2484 3832 2560 ἓξιθι,

2182 2570 2439 2642 ἀληθείας
2472 2568 2697 2645 δυνάμει
2724 2570 2854 2634 τοὺς
2881 2571 3045 2627 αὐτοῦ
3085 2569 3300 2647 ψευδεῖς
3352 2572 3561 2629 ἐκλύων
3612 2572 3834 2651 λόγους.

2180 2664 2355 2715 Ταῦτα
2381 2665 2478 2715 τοῦ
2509 2659 2778 2736 Ζακχαίου
2810 2660 3055 2723 εἰπόντος
3089 2661 3117 2715 ὁ
3150 2661 3351 2738 Πέτρος
3383 2663 3624 2733 συνήθως
3690 2663 3813 2734 εύξά

2186 2770 2342 2824 μενος
2401 2748 2563 2823 ἐξῄει,
2607 2748 2696 2803 καὶ
2749 2748 2825 2811 εἷς
2872 2750 2963 2805 τὸν
3017 2750 3123 2827 πρὸ
3177 2756 3305 2823 μιᾶς
3334 2749 3501 2806 τόπον
3535 2752 3681 2821 στάς,
3740 2753 3832 2807 καὶ

2178 2843 2257 2911 τῷ
2302 2846 2401 2908 τῆς
2447 2835 2748 2901 θεοσεϐείας
2800 2834 2905 2894 ἔθει
2955 2838 3398 2916 προσαγορεύσας
3439 2840 3565 2903 τοὺς
3598 2839 3830 2917 ὄχλους,

2178 2931 2276 2982 τοῦ
2328 2925 2501 3004 λέγειν
2551 2926 2752 3004 ⁴ἶςρξοιτο
2807 2926 3019 2989 οὕτως·
3076 2927 3320 2998 Ἀληθής
3375 2928 3448 2983 ὢν
3480 2932 3771 3009 προφήτης
3802 2931 3831 2985 6

2180 3015 2376 3092 Κύριος
2424 3018 2584 3089 ἡμῶν
2636 3016 2847 3086 Ἰησοῦς
2897 3016 3127 3093 Χριστὸς
3160 3019 3224 3084 ³⁸,
3258 3017 3451 3080 ὡςέπῖ
3487 3023 3678 3095 καιροῦ
3735 3019 3827 3074 καὶ

2178 3104 2302 3182 περὶ
2331 3103 2527 3161 τούτου
2556 3103 2993 3183 πληροφορήσω,
3030 3105 3152 3181 περὶ
3182 3110 3289 3161 τῶν
3347 3111 3416 3181 τῇ
3457 3106 3691 3181 ἀληθείᾳ
3721 3105 3835 3164 δια-

2180 3193 2451 3273 φερόντων
2482 3192 2761 3267 συντύμως
2815 3193 2911 3257 τὰς
2944 3194 3239 3273 ἀποφάσεις
3278 3194 3535 3269 ἐποιεῖτο,
3596 3194 3685 3252 διὰ
3734 3195 3830 3253 δύο

2181 3287 2350 3339 ταῦτα
2378 3286 2444 3357 ⁵³⁸,
2477 3282 2559 3339 ὅτι
2590 3284 2727 3359 πρὸς
2756 3278 3025 3345 θεοσεϐεῖς
3058 3282 3287 3339 ἐοοιεῖτο
3318 3284 3408 3339 τὸν
3445 3282 3633 3362 λόγον,
3684 3283 3829 3341 είδό-

2175 3394 2271 3437 τας
2325 3373 2392 3429 τὰ
2454 3372 2718 3451 ἀποφάσει
2780 3372 2867 3427 ὑπ’
2935 3372 3099 3428 αύτοῦ
3141 3372 3474 3452 ἐκφερόμενα
3528 3374 3823 3430 πιστεύειν·

2178 3460 2304 3518 οὐδὲ
2331 3464 2434 3538 γὰρ
2486 3463 2553 3531 ἦν
2604 3463 2725 3534 ξένα
2771 3468 2870 3532 τῆς
2918 3462 3092 3517 αὐτῶν
3128 3462 3409 3534 συνηθείας
3438 3465 3507 3519 τὰ
3536 3464 3822 3539 λεγόμενα.

2176 3552 2431 3628 Δεύτερον
2477 3548 2534 3607 δὲ
2590 3550 2671 3607 ὅτι
2716 3550 3047 3627 προθεσμίαν
3110 3548 3256 3627 ἔχων
3305 3552 3532 3628 κηρύξαι
3587 3558 3667 3625 τῷ
3720 3561 3821 3624 τῆς

2176 3638 2501 3712 ἀποδείξεως
2524 3639 2623 3695 οὐκ
2642 3638 2846 3716 ἐχρῆτο
2864 3640 3040 3715 Λόγῳ,
3065 3642 3216 3698 338
3241 3638 3327 3696 i'vcz
3354 3643 3429 3714 μὴ
3451 3641 3526 3703 εἰς
3550 3639 3753 3717 λόγους
3777 3645 3823 3681 2⁸

2172 3730 2263 3786 τὸν
2322 3729 2495 3785 πάντα
2546 3730 2648 3799 τῆς
2706 3728 3042 3802 προθεσμίας
3101 3726 3322 3802 δαπανῷ
3359 3733 3403 3766 ²⁷
3451 3725 3671 3807 χρόνον,
3728 3732 3819 3786 καὶ

2171 3818 2345 3882 οὕτως
2375 3816 2521 3891 αὐτῷ
2548 3813 2905 3892 συμϐήσεταῖ,
2940 3817 3014 3880 εἷς
3054 3816 3253 3895 ὀλίγων
3310 3817 3487 3895 λόγων
3539 3819 3816 3882 ἐπιλύσεις

2169 3906 2590 3985 ἀσχολουμένῳ.
2623 3910 2729 3961 τῶν
2766 3906 2868 3961 ὑπὸ
2896 3904 3065 3961 πόνου
3095 3909 3281 3983 ψυχῆς
3313 3909 3548 3962 νοεῖσθαι
3582 3905 3819 3981 δυναμέ-

2167 4017 2298 4068 νων,
2326 3995 2451 4058 τοὺς
2477 3994 2708 4067 ἀληθείᾳ
2734 3994 3082 4073 νιαφέροντας
3132 3996 3206 4069 μὴ
3258 3994 3344 4050 ἐπὶ
3396 3996 3583 4051 πλεῖον
3638 3996 3819 4075 εἰσφέ-

2170 4106 2279 4163 ρειν
2310 4088 2354 4123 ’⁸
2404 4084 2628 4160 λόγους.
2678 4081 2899 4153 Ἐπειδὴ
2946 4083 3068 4161 περὶ
3120 4084 3194 4139 ὧν
3250 4083 3439 4153 ἤθελεν
3481 4084 3815 4155 ἀπεθαίνετο,

2169 4176 2243 4238 ὡς
2278 4173 2396 4247 λαῷ
2422 4179 2563 4229 νοεῖν
2603 4171 2905 4247 δυναμένῳ,
2956 4172 3045 4251 ἀφ’
3095 4173 3168 4228 ὧν
3217 4172 3374 4247 ἐσμεν
3418 4174 3508 4228 καὶ
3548 4176 3731 4247 ἡμεῖς,
3767 4172 3819 4229 ο⁹ί

2169 4266 2331 4321 ὁπότε
2361 4265 2495 4320 κατὰ
2521 4264 2584 4319 τὸ
2615 4263 2836 4319 σπάνιον
2867 4261 2967 4317 οὐκ
3011 4262 3312 4335 ἐτοήσαμέν
3358 4284 3411 4317 τι
3445 4265 3491 4299 ³⁸
3573 4268 3681 4317 τῶν
3730 4264 3817 4318 ὑπ’

2165 4353 2333 4409 αὐτοῦ
2387 4352 2680 4428 ῥηθέντων,
2734 4348 2845 4422 ἰδίᾳ
2894 4348 3316 4424 ἐπυνθανόμεθα,
3362 4352 3438 4425 μή
3466 4354 3599 4426 ἡμῖν
3629 4373 3682 4407 τι
3712 4356 3818 4407 τῶν

2166 4443 2255 4499 ὑπ’
2287 4441 2451 4498 αὐτοῦ
2483 4440 2751 4518 ῥηθέντων
2785 4439 3019 4511 ἀνόητον
3048 4443 3093 4478 ³ο

478 4619 602 4676 VII.
634 4620 834 4678 Sciens
861 4637 1019 4695 ergo,
1052 4639 1159 4678 nos
1184 4626 1393 4679 cuncta
1420 4623 1494 4679 ab
1521 4639 1588 4680 eo
1637 4621 1865 4695 prolata
1916 4638 2054 4696 cog-

2235 4619 2359 4676 VII.
2392 4613 2569 4679 Εἰδὼς
2602 4616 2693 4671 οὗν
2730 4617 2881 4704 ἡμᾶς
2909 4617 3083 4704 πάντα
3112 4612 3321 4680 εἰδότας
3353 4618 3397 4656 ³1
3441 4618 3509 4704 tot
3540 4617 3626 4673 ὑπ’
3656 4616 3822 4673 αὐτοῦ

412 4725 671 4781 noscere,
694 4726 761 4765 ac
792 4726 961 4781 posse
975 4710 1505 4768 demonstrationes
1519 4713 1795 4785 praebere,
1814 4712 2050 4783 quando

414 4798 574 4853 misit
604 4815 711 4855 nos
740 4799 813 4855 ad
844 4799 1147 4871 imperitas
1175 4804 1400 4873 gentes,
1422 4804 1487 4856 ut
1506 4817 1605 4857 eos
1622 4800 2058 4874 baptizaremus

412 4884 473 4941 in
505 4884 912 4943 remissionem
943 4891 1311 4959 peccatorum
1341 4888 1437 4961 (ο),
1464 4889 1759 4961 praecepit,
1800 4891 1866 4944 ut
1894 4886 2059 4960 prius

2173 4706 2401 4785 ῥηθέντα
2445 4706 2537 4761 καὶ
2577 4705 2673 4767 τὰς
2727 4702 3029 4778 ἀποδείξεις
3092 4710 3398 4780 παηασχεῖν
3467 4702 3820 4779 δυναμένους,

2169 4796 2244 4857 εἲς
2272 4795 2340 4850 τὰ
2368 4795 2547 4867 ἀμαθῆ
2582 4789 2701 4863 ἔθνη
2737 4789 3090 4849 ἀποστέλλων
3122 4795 3293 4866 ἡμᾶς,
3322 4792 3596 4868 βαπτίζειν
3628 4793 3824 4856 αὐτοὺς

2170 4884 2246 4949 εἷς
2294 4884 2477 4963 ἄφεσιν
2529 4884 2832 4959 ἁμαρτιῶν,
2882 4881 3184 4939 ἐνετείλατο
3232 4883 3367 4955 ἡμῖν
3418 4882 3679 4959 πσότερον
3736 4880 3825 4938 δι-

485 5066 564 5141 (ιι)
597 5068 733 5124 Luc.
763 5082 928 5134 xvm,
959 5064 1015 5123 6.
1090 5065 1167 5138 (b)
1198 5065 1403 5122 Matth.
1434 5082 1514 5137 x1,
1544 5066 1635 5121 25.
1712 5064 1781 5137 (ε)
1813 5064 2021 5123 Matth.
2052 5083 2071 5122 ι

2183 5080 2252 5134 .u,
2282 5064 2373 5120 19.

1779 5288 2023 5344 VARUE
2062 5286 2485 5345 LECTIONES.

492 5442 535 5519 ξε
566 5440 611 5495 εἷ
641 5444 706 5498 0.
786 5442 1103 5519 ‘°_Ita_0_et_
1130 5459 1198 5500 ex
1228 5443 1472 5514 conject.
1505 5445 1565 5519 ς,
1590 5440 1798 5519 incuj.
1829 5443 1987 5497 textu
2017 5436 2380 5519 mixExcidit
2411 5452 2504 5519 ap.
2536 5435 2617 5491 Cl.
2651 5439 2708 5492 et
2732 5434 2796 5519 S_.
2865 5435 2915 5519 ’ξ
2941 5435 3276 5519 καίῃοωκο.
3433 5433 3565 5519 χθὲς
3581 5437 3643 5493 0.
3670 5434 3821 5519 Tum

420 5512 668 5584 ἐνάργεια
711 5515 861 5583 conj.
895 5514 1000 5583 (τι,
1033 5514 1291 5624 ἐνέργειαν
1324 5506 1383 5585 C,
1416 5518 1481 5568 0.
1515 5506 1561 5548 9‘
1591 5506 1842 5640 ἐνάρέἐια
1896 5528 1965 5568 ex
2021 5512 2268 5597 conject.
2324 5509 2404 5572 Cl,
2448 5506 2702 5583 ’ἒνεργεια
2758 5511 2817 5576 C,
2875 5509 2940 5563 0.
3016 5510 3062 5545 ³³
3118 5506 3208 5561 καὶ
3254 5506 3474 5593 melius
3499 5509 3731 5563 abesset
3760 5507 3823 5562 S.

420 5585 469 5621 ²⁴
496 5581 726 5640 Χριστός
757 5586 890 5640 add.
924 5603 975 5640 ο.
1008 5590 1072 5640 0.
1175 5589 1196 5623 ⁵
1224 5588 1361 5640 Post
1388 5589 1556 5639 ταῦτα
1583 5601 1706 5640 οισι
1752 5590 1797 5639 lt
1826 5583 2067 5639 fortasse
2097 5601 2312 5640 πρωτον
2349 5579 2466 5640 μέν.
2498 5580 2557 5640 S.
2639 5579 2680 5621 ιθ
2710 5574 2877 5640 λόγον
2908 5582 2974 5635 Ο.
3052 5581 3097 5616 ²⁷
3129 5576 3338 5640 δαπανᾳ
3365 5583 3426 5635 0.
3508 5580 3552 5613 ²⁸
3584 5574 3822 5640 ἐκφέρειν

420 5585 469 5621 ²⁴
496 5581 726 5659 Χριστός
757 5581 893 5659 add.
924 5581 1072 5644 c.‘0.
1114 5581 1123 5588 ’
1150 5581 1196 5624 π
1224 5581 1556 5659 Post'ra‘ota
1583 5581 1706 5641 exci

462 5652 694 5728 ropopit
720 5659 800 5728 8.,
854 5658 901 5693 ²⁹
926 5676 980 5711 τι
1011 5659 1214 5714 deesse
1240 5657 1385 5728 vidit
1411 5658 1486 5728 S:
1514 5657 1634 5726 jam
1668 5655 1915 5728 accessit
1944 5670 2013 5709 ex
2039 5657 2105 5711 0.
2130 5652 2447 5728 Ροειβαμή

1752 5586 1797 5639 it
1826 5583 2067 5658 fortasse
2097 5579 2312 5658 πρῶτον
2349 5579 2466 5658 μέν.
2498 5579 2557 5647 S,

2639 5574 2877 5651 ιθίλόγον
2908 5582 2974 5635 0.
3052 5581 3097 5616 ²⁷
3129 5576 3338 5651 δαπανᾷ
3365 5583 3426 5635 0.
3508 5580 3552 5613 ²⁸
3584 5574 3822 5651 ἐκφέρειν

2480 5668 2530 5707 ο.
2564 5647 2816 5707 Credner
2842 5651 3012 5708 Bcitr.
3044 5668 3081 5707 ι.
3114 5653 3221 5709 297
3245 5647 3372 5721 five:
3395 5655 3639 5723 uterque
3656 5647 3821 5705 hom.

456 5720 579 5798 odi,
604 5723 693 5780 ἳνα
727 5726 803 5800 μή
837 5732 988 5802 conj.
1021 5732 1080 5784 C.
1155 5730 1201 5765 ⁸ο
1233 5728 1310 5801 μή
1341 5720 1569 5798 ἀνόητον
1602 5745 1661 5800 p.
1694 5724 1922 5797 ἀνόητον
1950 5729 2016 5782 Ο.
2095 5727 2140 5763 ³⁸
2172 5720 2383 5786 εἰδότας
2410 5720 2583 5778 πάντα
2614 5724 2673 5778 C.
