4148 6342
538 322 654 379 395

1364 319 1429 379 8.
1476 318 1915 379 CLEMENTIS
1962 316 1985 377 Ι
2034 317 2223 379 ltOM.
2273 318 2500 379 PONT.
2548 319 2809 380 OPERA
2854 318 3117 380 DUBlA.

3828 319 3949 383 396

540 455 660 505 tere
691 450 875 505 Deum
904 448 1226 516 vereri,nisi
1258 466 1365 505 nos
1397 448 1664 504 homines
1695 448 1885 504 multa
1914 450 2026 505 alia
2059 466 2173 505 me-

2295 446 2507 522 ἐλέγετο
2544 450 2618 519 μή
2655 445 2763 501 δεῖν
2797 447 2924 502 Θεὸν
2958 444 3261 525 φοϐεῖσθαι,
3294 448 3339 503 εί
3375 450 3449 521 μὴ
3480 449 3667 506 πολλᾶ
3701 448 3865 526 ἕτερα
3895 451 3949 505 οἱ

539 544 842 595 tueremus
876 557 887 594 :
922 539 1047 594 dico
1096 544 1288 593 autem
1324 538 1606 593 similium
1640 538 1904 603 insidias,
1940 540 2009 594 ad
2060 538 2181 594 haec

541 628 713 695 feras,
765 632 1083 699 serpentes,
1136 628 1391 697 morbos,
1456 626 1837 698 calamitates,
1887 628 2179 683 daemones

541 718 772 787 aliaque
816 716 1177 781 inﬁnita.Qui
1207 732 1341 787 ergo
1374 733 1407 770 a
1440 716 1605 771 nobis
1640 715 1917 787 postulat,
1953 721 2016 771 ut
2063 732 2177 771 non

538 806 853 861 timeamus
885 812 1085 871 Deum,
1118 822 1222 860 nos
1257 806 1329 860 iis
1354 804 1579 874 liberet,
1604 822 1719 876 quo
1748 822 1934 876 neque
1965 821 2033 860 ea
2065 822 2180 859 me-

535 898 796 951 tuamus.
831 896 992 960 Quod
1025 895 1073 949 si
1106 910 1221 949 non
1254 898 1461 965 potest,
1491 893 1629 965 quid
1664 894 2046 966 impedit,quo
2078 894 2180 948 mi-

536 1001 651 1040 nus
682 1001 783 1056 per
810 1000 992 1039 unum
1011 1000 1148 1056 erga
1171 983 1466 1054 justitiam
1503 983 1768 1038 timorem
1788 982 1946 1039 mille
1977 983 2181 1055 eripia-

534 1089 670 1128 mur
696 1072 1040 1139 terroribus,
1073 1076 1129 1128 et
1179 1089 1283 1144 per
1311 1072 1541 1127 brevem
1593 1087 1731 1144 erga
1774 1077 1952 1128 Deum
2004 1073 2177 1127 ﬁdem

535 1161 676 1217 innu
688 1178 878 1218 meras
894 1167 950 1217 et
967 1165 1199 1217 nostras
1215 1165 1271 1217 et
1287 1159 1535 1215 aliorum
1563 1160 1968 1231 perpessiones
1992 1164 2180 1216 trans-

536 1251 814 1318 feramus,
846 1250 1205 1323 insuperque
1236 1249 1593 1321 accipiamus
1637 1249 1926 1305 bonorum
1960 1266 2177 1306 merce-

536 1340 691 1407 dem,
726 1345 899 1411 atque
929 1344 1163 1412 propter
1203 1338 1473 1395 timorem
1506 1341 1715 1393 cuncta
1770 1337 2180 1409 conspicientis

534 1429 659 1497 Dei,
694 1428 838 1483 nihil
870 1428 1009 1484 mali
1040 1434 1295 1500 agentes,
1318 1428 1490 1484 etiam
1523 1427 1583 1483 in
1618 1427 1723 1483 hac
1752 1426 1865 1483 vita
1897 1428 2181 1500 degamus

539 1534 672 1572 cum
709 1534 848 1590 pace
870 1518 896 1572 Τ

608 1608 731 1662 XII.
764 1606 857 1662 Sic
889 1610 1055 1679 grata
1084 1606 1142 1661 in
1172 1621 1374 1661 verum
1405 1605 1719 1662 Dominum
1769 1605 2018 1661 servitus
2049 1604 2181 1661 reli-

539 1713 685 1769 quos
716 1712 918 1752 omnes
966 1695 1025 1750 in
1056 1695 1326 1751 libertate
1373 1695 1696 1751 constituit.
1732 1695 1793 1751 Si
1823 1711 1959 1768 ergo
1993 1699 2183 1767 potest

539 1785 672 1856 quis
703 1786 922 1856 absque
972 1784 1178 1839 timore
1213 1784 1308 1839 Dei
1354 1801 1469 1840 non
1518 1801 1776 1856 peccare,
1832 1801 1904 1839 ne
1956 1784 2178 1839 timeat.

535 1874 690 1929 Licet
720 1874 877 1928 enim
910 1873 1194 1930 cbaritate
1210 1889 1348 1946 erga
1376 1873 1820 1945 eum,quodipsi
1852 1872 2176 1945 displiceat,

537 1979 651 2018 non
686 1965 890 2019 facere.
924 1962 1172 2033 Etenim,
1206 1967 1270 2017 ut
1300 1962 1594 2030 timeatur,
1641 1962 1926 2033 scriptum
1960 1966 2067 2029 est,
2101 1966 2176 2030 et,

538 2056 602 2106 ut
633 2051 928 2123 diligatur,
965 2057 1316 2124 praeceptum
1346 2056 1454 2118 est,
1489 2069 1603 2123 quo
1638 2052 2048 2125 unusquisque
2073 2067 2178 2123 pro

533 2141 813 2212 temperie
844 2158 952 2197 sua
991 2141 1355 2197 convenienti
1400 2146 1599 2196 utatur
1646 2142 1923 2197 remedio.
1959 2140 2179 2196 Timete

537 2246 672 2301 ergo
708 2229 895 2296 illum,
928 2230 1071 2302 quia
1101 2234 1192 2285 est
1220 2231 1433 2299 justus.
1468 2229 1598 2285 Sive
1628 2230 1808 2302 igitur
1838 2229 2025 2298 veriti,
2059 2230 2181 2285 sive

538 2318 867 2391 diligentes,
899 2336 971 2375 ne
1002 2320 1272 2391 peccetis.
1305 2318 1539 2375 Utinam
1572 2325 1769 2374 autem
1820 2320 2038 2374 timens
2076 2317 2179 2373 ali-

538 2407 668 2477 quis
718 2408 934 2463 illicitis
987 2408 1408 2480 cupiditatibus
1456 2407 1810 2475 dominetur,
1844 2408 2035 2462 aliena
2064 2424 2179 2462 non

537 2496 843 2564 desideret,
899 2496 1323 2552 humanitatem
1372 2500 1652 2563 exerceat,
1702 2500 2038 2568 temperans
2080 2496 2178 2563 sit,

532 2586 695 2657 juste
743 2590 892 2657 agat.
930 2585 1109 2642 Video
1158 2585 1313 2641 enim
1346 2584 1661 2642 nonnullos
1691 2586 1750 2640 in
1793 2586 2001 2641 timore
2049 2586 2178 2657 ejus

538 2674 906 2743 imperfectos
963 2673 1217 2745 plurima
1272 2690 1529 2746 peccare.
1587 2675 1787 2744 Itaque
1845 2679 2177 2729 metuamus

542 2762 748 2829 Deum,
784 2779 887 2817 nec
915 2766 1145 2818 tantum
1174 2764 1311 2835 quia
1334 2764 1535 2833 justus
1564 2762 1826 2820 est.Nam
1858 2762 2075 2833 injuria
2105 2763 2183 2818 af-

539 2852 822 2906 fectorum
856 2851 1130 2907 misertus
1161 2851 1438 2922 injuriam
1472 2853 1784 2907 inferentes
1813 2852 2002 2923 punit.
2020 2853 2183 2910 Sicut

538 2940 718 3012 igitur
742 2957 893 3011 aqua
922 2941 1209 3013 extinguit
1232 2942 1445 3013 ignem,
1473 2940 1553 2995 ita
1569 2926 1640 2996 ἐι
1670 2939 1845 2995 timor
1894 2940 2181 3012 cupidita-

534 3032 651 3084 tem
686 3028 971 3084 malorum
1003 3030 1336 3093 evertit.Qui
1357 3029 1585 3085 timoris
1616 3029 1963 3085 vacuitatem
1989 3031 2177 3099 docet,

535 3134 723 3188 neque
770 3119 894 3190 ipse
926 3119 1124 3186 timet;
1158 3120 1255 3190 qui
1306 3135 1439 3174 vero
1474 3136 1587 3174 non
1620 3118 1805 3189 timet,
1870 3120 2176 3190 nequeju-

2290 532 2562 611 ἄνθρωποι
2589 531 2954 613 ἐφοϐούμεθα,
2989 535 3135 611 λέγω
3167 536 3224 592 δὲ
3255 541 3299 574 7⁵
3330 540 3423 599 τὰς
3473 539 3531 594 ἐκ
3576 544 3685 594 τῶν
3733 541 3944 612 ὁμοίων

2290 620 2607 692 ἐπιϐουλὰς,
2641 624 2716 680 ἔτι
2759 647 2817 680 τε
2866 626 3048 701 θηρία,
3083 626 3297 699 ἑρπετὰ,
3340 628 3548 699 νόσους,
3604 630 3771 699 πάθη,
3826 627 3947 683 δαί-

2292 735 2456 785 μονας
2485 715 2573 769 καὶ
2607 713 2750 770 ἄλλα
2784 715 2968 790 μυρία.
3003 716 3063 772 Ὁ
3094 714 3184 768 οὖν
3214 719 3359 788 ἡμᾶς
3407 717 3568 789 ἀξιῶν
3625 719 3701 791 μή
3755 713 3945 795 φοϐεῖ-

2289 806 2407 857 σθαι
2439 804 2589 873 Θεὸν,
2620 804 2826 858 τούτων
2860 806 3005 876 ἡμᾶς
3040 803 3306 879 ῥυσάσθω,
3335 804 3429 860 ’ἱνα
3462 805 3601 879 μηδὲ
3629 811 3796 861 ταῦτα
3842 829 3944 885 φο-

2288 887 2531 965 ϐώμεθα.
2566 892 2628 947 Εἰ
2660 890 2717 947 δὲ
2750 892 2811 948 οὐ
2843 890 3147 965 δόναται,τί
3180 897 3312 967 ἡμῖν
3347 896 3529 972 φθονεῖ
3557 899 3619 965 ⁷⁸,
3656 896 3730 950 ἑνὶ
3763 892 3946 974 φόϐῳ,

2284 985 2363 1052 τῷ
2392 982 2527 1057 πρὸς
2554 982 2616 1036 τὸ
2650 979 2876 1054 δίκαιον,
2914 982 3118 1055 μυρίων
3151 981 3531 1061 ἀπαλλαγῆναι
3561 980 3877 1063 φόϐων,καὶ
3904 988 3950 1022 ⁷⁷

2291 1069 2521 1145 βραχείᾳ
2566 1074 2635 1144 τῇ
2689 1072 2825 1147 πρὸς
2874 1070 3031 1126 αὐτὸν
3083 1071 3255 1127 πίστει
3311 1073 3475 1149 μυρία
3503 1073 3644 1145 πάθη
3674 1075 3765 1129 καὶ
3820 1076 3948 1130 εαυ-

2286 1163 2391 1213 τῶν
2446 1159 2535 1213 καὶ
2592 1157 2776 1215 ἄλλων
2837 1161 3172 1233 μετατιθέναι
3232 1158 3454 1217 δυνατὸν
3504 1163 3769 1238 γενέσθαι,
3809 1164 3951 1237 μετὰ

2284 1251 2381 1301 τοῦ
2438 1248 2527 1303 καὶ
2584 1242 2821 1321 ἀμοιϐὴν
2880 1248 3091 1325 ἀγαθῶν
3158 1248 3578 1326 προσδέχεσθαι,
3639 1252 3729 1306 καὶ
3800 1252 3953 1323 αἰτίᾳ

2288 1331 2459 1414 φόϐου
2486 1341 2583 1392 τοῦ
2614 1335 2785 1393 πάντα
2816 1338 3054 1413 ὁρῶντος
3109 1343 3242 1394 Θεοῦ
3285 1337 3454 1411 μηδὲν
3487 1344 3667 1403 κακῶς
3697 1344 3742 1378 ⁷⁸
3774 1343 3951 1416 πράσ-

2290 1446 2477 1488 σοντας
2507 1425 2595 1481 καὶ
2628 1426 2680 1481 ἐν
2711 1430 2789 1499 τῷ
2827 1427 3051 1504 παρόντι
3078 1428 3129 1482 ἐν
3167 1428 3354 1504 εἰρήνῃ
3382 1426 3669 1484 διατελεῖν.

2362 1610 2475 1660 XII.
2510 1602 2693 1667 Οὕτως
2722 1607 2756 1673 ἡ
2789 1604 2923 1680 πρὸς
2950 1606 3040 1660 τὸν
3088 1600 3260 1669 ὅντως
3311 1606 3585 1678 Δεσπότην
3637 1607 3945 1684 εὐγνώμων

2291 1690 2511 1749 δουλεία
2539 1694 2664 1756 τοὺς
2718 1692 2947 1757 λοιποὺς
2998 1697 3042 1731 ⁷⁸
3086 1694 3289 1757 πάντας
3337 1693 3654 1769 ἐλευθερους
3701 1697 3946 1766 τίθησιν.

2291 1782 2353 1836 Εἰ
2390 1783 2481 1855 μὲν
2515 1781 2604 1836 οῦν
2635 1804 2740 1837 τινι
2783 1781 3001 1839 δυνατόν
3048 1782 3176 1857 ἐστι,
3213 1783 3329 1839 ἄνευ
3377 1789 3473 1839 τοῦ
3524 1782 3804 1863 φοϐεῖσθαι
3848 1788 3947 1842 τὸν

2288 1871 2414 1926 Θεὸν
2466 1872 2542 1943 μὴ
2594 1871 2936 1947 ἁμαρτάνειν,
2986 1874 3059 1945 μή
3129 1867 3397 1950 φοϐείσθω
3446 1876 3509 1931 ⁸ο.
3564 1877 3771 1945 Ἔξεστι
3840 1877 3947 1951 γὰρ

2289 1958 2467 2034 ἀγάπῃ
2491 1964 2558 2033 τῇ
2592 1961 2724 2035 πρὸς
2748 1960 2904 2015 αὐτὸν
2938 1962 2967 2016 ὃ
2998 1960 3141 2033 αὐτῷ
3177 1962 3252 2035 μὴ
3286 1960 3420 2036 δοκῇ
3452 1964 3491 1999 ⁸¹
3532 1964 3606 2035 μή
3661 1966 3948 2039 πράττειν.

2288 2048 2385 2103 Καί
2436 2050 2539 2124 γάρ
2593 2045 2899 2127 φοϐηθῆναι
2949 2052 3271 2127 γέγραπται,
3324 2051 3413 2105 καὶ
3465 2052 3674 2126 ἀγαπᾷν
3726 2055 3945 2129 παρήγ-

2287 2136 2610 2212 γελται·⁹ίνα
2665 2138 2800 2212 πρὸς
2856 2139 2955 2207 τήν
3015 2138 3180 2193 αὐτοῦ
3232 2136 3452 2201 ἕκαστος
3506 2146 3695 2216 κρᾶσιν
3757 2140 3952 2213 ἐπιτη-

2289 2222 2417 2298 δείῳ
2472 2228 2749 2303 χρήσηται
2807 2226 3097 2301 φαρμάκῳ.
3131 2222 3393 2283 Φοϐεῖσθε
3432 2226 3522 2282 οῦν
3570 2226 3728 2283 αὑτὸν
3760 2232 3824 2297 ⁸³,
3860 2229 3948 2284 ὅτι

2288 2311 2495 2377 δίκαιός
2544 2314 2704 2371 ἐστιν.
2739 2314 2861 2371 Εἴτε
2910 2320 3059 2375 345
3112 2315 3202 2371 οῦν
3256 2311 3615 2395 φοϐούμενοι,
3649 2314 3754 2373 εἷ’τε
3804 2320 3945 2393 ἀγα-

2289 2408 2512 2473 πῶντες,
2552 2406 2625 2478 μή
2671 2406 3022 2480 ἁμαρτάνετε.
3057 2406 3272 2461 Γένοιτο
3322 2403 3379 2461 δὲ
3430 2402 3774 2483 φοϐούμενόν
3816 2429 3945 2463 τινα

2292 2489 2502 2563 ἡδονῶν
2535 2492 2753 2566 ἀνόμων
2785 2498 2995 2569 κρατεῖν
3030 2492 3305 2563 δύνασθαι,
3338 2493 3603 2572 ἀλλότρια
3640 2497 3715 2568 μή
3750 2496 3940 2552 ἐπιθυ-

2298 2588 2436 2656 μεῖν,
2500 2581 2910 2660 φιλανθρωπίαν
2977 2584 3178 2655 ἀσκεῖν,
3238 2589 3549 2661 σωφρονεῖν,
3620 2582 3947 2661 δικαιοπρα-

2295 2676 2430 2745 γεῖν.
2462 2672 2601 2745 Ὀρῶ
2631 2670 2730 2747 γάρ
2760 2692 2908 2732 τινας
2934 2670 3141 2733 ἀτελεῖς
3190 2676 3271 2743 τῷ
3316 2673 3452 2748 πρὸς
3501 2672 3657 2727 αὐτὸν
3710 2669 3865 2753 φόϐῳ
3898 2678 3947 2712 ⁸⁸

2291 2758 2517 2814 πλεῖστα
2550 2759 2969 2835 ἁμαρτάνοντας.
3007 2755 3345 2832 Φοϐηθῶμεν
3395 2760 3484 2816 οῦν
3534 2763 3625 2815 τὸν
3674 2765 3823 2830 Θεὸν,
3860 2766 3942 2836 μή

2290 2848 2451 2922 μόνον
2499 2844 2582 2902 ὅτι
2639 2846 2844 2910 δίκαιός
2894 2848 3053 2905 ἐστιν.
3090 2849 3287 2904 Ἑλεῶν
3334 2851 3435 2924 γὰρ
3486 2850 3612 2912 τοὺς
3658 2849 3942 2925 ἠδικημέ-

2286 2959 2411 2999 νους
2468 2943 2704 3011 τιμωρεῖ
2757 2937 2883 2999 τοῦς
2938 2936 3292 3009 ἠδικηκότας.
3341 2941 3430 3001 Ὡς
3480 2939 3569 2994 οῦν
3634 2937 3779 3015 ὕδωρ
3827 2945 3943 3018 πῦρ

2287 3022 2583 3096 σϐέννυσιν,
2638 3025 2809 3088 οὕτως
2859 3026 2949 3081 καῖ
2998 3022 3166 3105 φόϐος
3208 3029 3307 3097 τὴν
3357 3034 3462 3083 τῶν
3517 3033 3695 3083 κακῶν
3748 3028 3941 3093 ἐπιθυ-

2291 3116 2411 3189 μίαν
2444 3115 2669 3190 ἀναιρεῖ.
2701 3118 2758 3172 Ὀ
2789 3111 3016 3194 ἀφοϐίαν
3066 3114 3329 3171 διδάσκων
3382 3115 3494 3171 οὐδ’
3541 3117 3700 3179 αὐτὸς
3750 3114 3941 3195 φοϐεῖς

532 3206 749 3262 dicium
784 3210 903 3263 fore
951 3208 1152 3279 credit,
1186 3207 1533 3279 cupiditates
1582 3212 1775 3280 auget,
1808 3224 2017 3280 magus
2062 3214 2169 3278 est,

2288 3226 2390 3277 ται,
2424 3206 2451 3259 6
2483 3202 2539 3259 δὲ
2573 3205 2648 3277 μὴ
2682 3193 3018 3282 φοϐοόμενος
3050 3202 3173 3259 οὐδὲ
3202 3204 3373 3278 κρίσιν
3418 3200 3622 3259 ἔσεσθαι
3672 3193 3941 3279 πιστεῦει,

535 3295 680 3352 alios
712 3296 770 3351 in
801 3296 893 3365 iis,
927 3313 1054 3369 quas
1082 3297 1207 3369 ipse
1239 3296 1395 3367 facit,
1430 3297 1798 3352 criminatur.

602 3474 750 3529 XIII.
785 3474 884 3529 llis
914 3472 1151 3540 auditis,
1187 3473 1387 3528 Simon
1420 3473 1857 3546 interrumpens
1890 3474 1971 3530 ait
2002 3492 2013 3531 :
2040 3474 2171 3531 Scio

532 3564 601 3619 ad
636 3579 808 3635 quem
843 3563 955 3618 ista
982 3563 1287 3618 dicaszsed
1321 3578 1392 3618 ne
1423 3579 1527 3635 ego
1558 3564 1759 3618 eadem
1792 3564 1864 3619 ad
1896 3568 1951 3619 te
1981 3564 2173 3620 redar-

530 3654 824 3724 guendum
856 3651 1697 3723 loquenstempusimpendam
1730 3653 1932 3724 inquae
1964 3653 2167 3725 nolim,

528 3742 597 3796 ad
635 3741 801 3797 nobis
831 3741 1072 3796 definita
1103 3740 1409 3811 responde.
1441 3740 1732 3797 Gloriatus
1763 3757 1918 3807 es,ac
1947 3742 2167 3813 dixisti,

525 3835 581 3886 te
613 3828 1181 3901 abundeintelligere
1206 3829 1464 3900 Magistri
1485 3828 1570 3883 tui
1598 3830 1996 3902 res,quoniam
2031 3849 2168 3904 pra:-

2279 3294 2373 3355 τὰς
2425 3292 2711 3365 ἐπιθυμίας
2760 3289 2927 3365 αὔξει,
2978 3293 3215 3369 μαγεύει,
3252 3291 3454 3356 ἄλλους
3505 3292 3583 3371 ἐφ’
3631 3296 3711 3355 οἷς
3773 3295 3939 3358 αὐτὸς

2280 3382 2503 3458 πράσσει
2538 3377 2845 3437 διαϐάλλει.

2350 3478 2489 3527 XIII.
2521 3469 2695 3525 Ταῦτα
2741 3472 2769 3525 6
2823 3470 3008 3543 Σίμων
3050 3470 3260 3526 ἀκούων
3316 3470 3579 3546 ἐπικόψας
3639 3470 3760 3550 ἔφη·
3798 3471 3934 3529 Οἶδα

2278 3560 2412 3636 πρὸς
2458 3560 2577 3614 τίνα
2623 3562 2790 3613 ταῦτα
2839 3556 3037 3634 λὲγεις,
3070 3557 3195 3614 ἀλλ’
3221 3557 3313 3613 ἵνα
3365 3560 3440 3632 μὴ
3488 3558 3650 3622 αὐτὸς
3695 3562 3761 3615 τὰ
3794 3561 3933 3616 αὐτὰ

2280 3648 2450 3725 λέγων
2483 3649 2616 3721 πρὸς
2643 3648 2706 3703 τὸ
2760 3646 3002 3723 ἐλέγχειν
3037 3669 3093 3702 σε
3140 3645 3359 3703 δαπανῶ
3408 3649 3497 3703 τὸν
3538 3648 3738 3725 χρόνον
3787 3648 3861 3713 εἲς
3898 3650 3933 3704 ἃ

2280 3740 2355 3812 μὴ
2386 3737 2550 3811 θέλω,
2583 3738 2720 3813 πρὸς
2748 3736 2815 3791 τά
2844 3736 3123 3812 ὁρισθέντα
3153 3740 3286 3809 ἡμῖν
3321 3736 3605 3814 ἀπόκριναι
3636 3741 3699 3793 ⁸⁸.
3719 3739 3931 3813 Ἐπηγ-

2273 3825 2465 3902 γείλω,
2496 3827 2692 3887 ἱκανῶς
2738 3828 3044 3895 νενοηκέναι
3094 3847 3150 3881 σε
3196 3826 3263 3880 τὰ
3307 3830 3403 3880 τοῦ
3453 3823 3791 3881 Διδασκάλου
3829 3848 3929 3882 σου

526 3937 662 3975 sens
692 3919 887 3975 vidisti
938 3936 1003 3974 ac
1050 3918 1286 3974 audiisti
1318 3934 1451 3972 eum
1502 3917 1812 3986 evidenter,
1848 3936 1950 3975 nec
1996 3938 2166 3992 posse

2288 3916 2476 3989 λέγων,
2511 3912 2599 3970 διὰ
2626 3915 2688 3969 τὸ
2729 3914 2968 3990 παρόντα
3017 3913 3260 3989 ἐναργείᾳ
3288 3916 3332 3951 ⁸⁸
3390 3915 3516 3990 ὁρᾷν
3574 3912 3665 3970 καί
3711 3915 3925 3971 ἀκούειν

524 4009 859 4080 quempiam
891 4007 1070 4062 alium
1104 4005 1295 4061 simile
1324 4006 1462 4077 quid
1496 4023 1597 4076 per
1626 4012 1915 4078 spectrum
1949 4016 2050 4063 aut
2081 4010 2163 4065 vi-

519 4098 742 4153 sionem
772 4095 1174 4160 babere.Quod
1204 4111 1336 4149 vero
1368 4094 1475 4149 hoc
1493 4094 1705 4149 falsum
1739 4096 2158 4154 sitostendam.

519 4185 624 4249 Qui
657 4185 807 4241 clare
853 4185 1018 4240 audit
1047 4183 1324 4254 aliquem,
1356 4201 1470 4238 non
1518 4184 1675 4238 omni
1707 4200 1774 4239 ex
1815 4190 1978 4256 parte
2026 4203 2160 4258 per-

518 4275 797 4330 suadetur
822 4274 891 4329 de
920 4272 1306 4329 dictis.Habet
1334 4273 1489 4327 enim
1524 4288 1689 4329 mens
1720 4274 1847 4343 ejus
1879 4276 2155 4347 cogitare,

516 4380 657 4417 num
689 4362 784 4417 ille
816 4362 1153 4429 mentiatur,
1183 4363 1383 4431 utpote
1414 4360 1609 4431 homo,
1643 4362 1967 4417 secundum
2000 4364 2155 4435 quod

514 4457 772 4524 apparet.
810 4455 875 4507 At
901 4450 1067 4518 visio,
1091 4448 1266 4505 simul
1292 4466 1357 4504 ac
1388 4449 1838 4521 contigitﬁdem
1870 4451 2011 4507 facit
2039 4469 2158 4508 cer-

2272 4004 2455 4075 αὖτοῦ,
2488 4004 2576 4059 καὶ
2627 4006 2793 4079 ὲτὲρῳ
2840 4005 2948 4058 τινὶ
3001 4004 3075 4075 μὴ
3127 4000 3347 4058 δυνατὸν
3415 4004 3547 4058 εἶναι
3602 4005 3835 4078 ὁράματι
3887 4007 3923 4076 ἢ

2275 4093 2503 4164 ὀπτασίᾳ
2534 4091 2676 4169 ἔχειν
2707 4093 2769 4147 τὸ
2802 4091 3014 4164 ὅμοιον.
3051 4094 3173 4149 ’Ότι
3205 4089 3262 4146 δὲ
3298 4097 3458 4147 τοῦτο
3509 4090 3705 4167 ψεῦδός
3757 4093 3922 4162 ἐστιν,

2270 4180 2446 4253 δείξω.
2479 4184 2534 4236 Ὀ
2569 4182 2800 4257 ἐναργῶς
2834 4181 3043 4236 ἀκούων
3072 4181 3219 4243 τινὸς
3252 4180 3312 4235 οὐ
3358 4181 3495 4237 πάνυ
3543 4179 3921 4261 πληροφορεῖ-

2265 4293 2351 4327 ται
2382 4270 2467 4326 ἐπὶ
2500 4276 2617 4333 τοῖς
2648 4270 2996 4345 λεγομένοις.
3026 4271 3184 4344 Ἔχει
3212 4270 3315 4346 γὰρ
3347 4271 3375 4325 6
3405 4274 3527 4333 νοῦς
3559 4271 3724 4325 αὐτοῦ
3758 4270 3921 4347 λογί-

2267 4362 2473 4428 σασθαι,
2506 4361 2580 4432 μὴ
2632 4360 2734 4432 ἄρα
2780 4355 3051 4432 ψεύδεται,
3084 4358 3369 4431 ἄνθρωπος
3419 4356 3491 4414 ὣν
3544 4360 3603 4415 τὸ
3654 4361 3921 4437 φαινόμεσ

2263 4472 2373 4505 νον.
2408 4453 2465 4507 Ἠ
2502 4448 2559 4505 δὲ
2591 4446 2822 4503 ὀπτασία
2852 4449 2963 4521 ἅμα
3009 4452 3088 4519 τῷ
3139 4447 3347 4524 ὀφθέντι
3378 4450 3423 4486 ⁸⁸
3451 4447 3629 4504 πίστιν
3687 4452 3921 4526 παρέχει

512 4541 694 4606 nenti,
728 4541 878 4613 quod
912 4538 1194 4596 Divinitas
1224 4538 1319 4594 sit.
1340 4538 1427 4593 Ad
1458 4538 1566 4594 hoc
1599 4538 1742 4593 mihi
1774 4540 2031 4611 primum
2062 4557 2149 4596 re-

2372 4541 2585 4615 ὁρῶντι,
2618 4537 2702 4593 ὅτι
2736 4534 2950 4606 θέιότης
2978 4535 3140 4594 ἐστίν.
3167 4537 3311 4611 Πρὸς
3341 4537 3503 4593 τοῦτό
3539 4559 3635 4612 μοι
3694 4543 3919 4617 πρῶτον

512 4631 820 4777 ΒρὶίίῗῗτῗοΕῐ
850 4720 1053 4775 Petrus
1084 4717 1167 4772 ait
1197 4733 1211 4772 :
1246 4715 1418 4772 Aliud
1452 4718 1810 4789 proposuisti
1853 4718 2063 4787 dicere,
2098 4725 2156 4776 et

511 4810 669 4867 aliud
701 4810 931 4865 locutus
959 4805 1410 4879 es.Proposuisti
1441 4806 1618 4873 enim,
1644 4808 1795 4879 quod
1831 4810 2017 4879 possit
2044 4808 2152 4865 ali-

509 4901 643 4974 quis
672 4900 916 4956 audiens
948 4896 1080 4970 plus
1110 4894 1433 4967 intelligere
1464 4902 1521 4951 et
1549 4895 1609 4950 in
1629 4912 1823 4951 rerum
1856 4898 2030 4953 fidem
2063 4915 2151 4954 ve-

2267 4628 2573 4704 ἀπόκριναι.

2335 4721 2489 4775 346
2522 4717 2661 4773 XIV.
2699 4714 2795 4769 Καὶ
2830 4716 2856 4770 6
2890 4716 3091 4788 Πέτρος
3121 4711 3220 4792 ἔφη
3265 4716 3329 4751 ⁸⁷·
3364 4713 3457 4777 Εἷς
3507 4713 3646 4771 ἄλλο
3694 4716 3920 4793 προτεί-

2261 4827 2354 4869 νας
2401 4806 2588 4876 εἷπεῖν,
2620 4804 2695 4867 εἷς
2746 4801 2927 4879 ἕτερον
2988 4802 3279 4878 ἀπεκρίνου
3327 4805 3391 4860 ⁸⁸.
3444 4803 3761 4880 Προὲτεινας
3806 4805 3914 4882 γὰρ

2262 4897 2335 4958 ὡς
2371 4894 2582 4967 μᾶλλον
2636 4890 2885 4949 δύνασθαί
2925 4913 3045 4948 τινα
3072 4895 3117 4930 ⁸9
3156 4894 3344 4948 πλεῖον
3393 4897 3532 4948 νοεῖν
3569 4894 3680 4968 [καὶ
3729 4894 3913 4952 πίστιν

1854 4995 2093 5053 νΑΡιΙίΕ
2140 4997 2316 5053 LECT
2324 4995 2434 5050 1οΝ
2445 4994 2548 5048 ES.

575 5087 619 5165 ’ξε
651 5082 727 5165 δή.
749 5090 802 5141 S.
831 5080 1067 5165 Tum'o‘é
1096 5101 1152 5165 ρ,
1186 5101 1242 5165 τε
1273 5082 1332 5138 C.
1410 5082 1461 5165 τε.
1483 5081 1562 5136 De
1603 5081 1710 5165 hoc
1740 5082 2173 5165 loquendimod

2288 5082 2763 5165 [confertnhomz
2817 5083 3121 5165 $1113.12;
3178 5082 3325 5165 Ἰξυπι
3361 5078 3406 5165 e_l
3440 5077 3486 5135 δ’
3517 5081 3653 5165 Ο..8
3684 5082 3908 5165 mavult

502 5157 639 5231 πρὸς
670 5151 757 5210 τόν
832 5161 1067 5228 propter
1097 5151 1275 5220 αὐτόν,
1311 5154 1463 5223 quod
1511 5170 1572 5208 se
1619 5151 1833 5208 uitur.‘
1871 5156 1915 5190 ⁷⁷
1944 5155 2034 5209 καί
2064 5156 2302 5228 adjunxi
2334 5172 2382 5210 c.
2418 5154 2481 5209 Ο.
2558 5154 2601 5187 ⁷⁸
2632 5151 2793 5206 κακόν
2826 5154 2885 5209 C.
2964 5154 3009 5188 ’⁷ο
3032 5156 3148 5213 τοῖς
3207 5151 3425 5214 λοιποῖς
3480 5153 3631 5225 conj.
3686 5154 3746 5220 C,
3802 5159 3907 5222 τῆς

502 5224 703 5295 λοιπῆς
760 5201 1171 5299 (sc.§ounsta¢)
1203 5169 1793 5299 commendatql),to-3
1851 5222 2052 5280 λοιποῦ
2110 5227 2381 5299 proponit
2432 5226 2490 5299 S.
2562 5224 2617 5299 f‘f
2649 5223 2806 5299 Ita_0
2839 5241 3106 5299 c.qmarg.
3141 5225 3225 5299 gi,
3271 5225 3343 5299 _in
3404 5226 3520 5299 c_uj.
3580 5225 3900 5299 textqud.

503 5241 703 5295 Αοιπῆς
760 5241 863 5299 (sc.
899 5241 1171 5289 (δουλείας)
1203 5241 1574 5281 commendat
1605 5241 1671 5293 υ,
1697 5244 1793 5278 του
1851 5241 2052 5280 Λοιπου
2110 5245 2173 5300 pr

498 5299 781 5401 167223111},
803 5292 1108 5381 φοϐεῖσθαι,
1151 5300 1223 5401 Ἱ⁸¹
1262 5296 1399 5380 In~0
1432 5293 1703 5383 au’rco'rec.
1741 5306 2173 5401 mané‘corr/ectt

2288 5241 2381 5281 ηηιι
2432 5241 2490 5281 δ.
2572 5241 2617 5259 ον
2649 5241 2733 5279 ita
2763 5241 2806 5279 U
2839 5241 2887 5279 c.
2922 5241 3106 5296 marg.
3141 5241 3225 5288 U1,
3285 5242 3343 5280 in
3404 5242 3520 5296 enj.
3580 5241 3738 5279 textu
3774 5241 3900 5293 una.

2288 5300 2341 5353 in
2374 5296 2717 5401 vulgkldgm
2753 5290 2949 5401 δοκεῖἋ
2996 5297 3040 5331 ⁸²
3070 5289 3375 5401 φοϐεῖσθαὶ]
3394 5293 3485 5349 οῦν
3540 5294 3699 5401 αὐξὸν
3739 5292 3899 5401 δέἑοηξιν

2306 5368 2432 5401 11Ληῖ
2542 5397 2549 5401 .
2658 5385 2919 5401 ηΛνΑικιηη
2956 5386 3002 5401 η.
3057 5373 3302 5401 ΊΙ⁴ΔἎΠΙΙΠ
3386 5385 3475 5401 nm
3536 5384 3599 5401 (In
3842 5373 3896 5401 ι-

497 5370 557 5445 C:
614 5364 703 5445 ,ω’
740 5364 890 5445 Ug'us
950 5370 1342 5445 requirunt);
1398 5398 1467 5407 ο-
1496 5365 1695 5445 ῌφόοου
1744 5375 1799 5423 S.
1877 5372 1923 5405 3‘
1972 5369 2167 5445 ἀπόκρι

2306 5364 2569 5438 οοῐῄδϐ,
2609 5364 3006 5445 ’ἀποκρίνασθαι
3057 5364 3303 5439 uterque
3339 5370 3512 5445 I_IomA._
3535 5368 3662 5423 cod.
3739 5367 3785 5402 ⁸⁸
3814 5369 3902 5445 Ita

496 5414 1439 5513 al,_évsp‘{va?;-JC;lim-8;fictiﬁcti
1922 5414 1977 5513 p.‘

2039 5437 2260 5516 θειότης
2319 5437 2688 5516 commendat
2744 5437 2798 5491 S.
2834 5437 2945 5516 Οἷς.
2980 5438 3135 5493 hom.
3170 5437 3308 5516 xvii,
3338 5442 3393 5496 5.
3469 5439 3512 5475 ⁸⁷
3543 5458 3642 5516 εφη
3677 5440 3894 5516 om._0.

492 5511 549 5585 ⁸³,
575 5506 844 5584 ἀπεκρίνω
874 5506 947 5566 0.
1013 5514 1057 5546 “9
1088 5512 1227 5585 InG
1256 5506 1373 5563 τινα
1409 5506 1515 5579 διά,
1550 5527 1697 5585 quas
1727 5506 1893 5585 voces
1922 5506 2139 5585 excipit
2165 5531 2173 5565 ι

2288 5527 2584 5585 is_ver_sus_
2630 5510 2840 5585 lacuna
2865 5534 2878 5573 ;
2905 5510 3058 5585 jam_
3082 5506 3349 5582 sequitur
3383 5528 3396 5568 :
3428 5510 3553 5585 παρ’
3583 5506 3894 5585 ’ὀπτασίαα

491 5583 650 5661 Idem
685 5574 812 5639 οοιί.
845 5584 1023 5639 unius
1051 5582 1206 5638 vocis
1236 5598 1483 5637 vacuum
1502 5574 1729 5654 praebet
1756 5583 1906 5640 inter
1934 5574 2173 5661 ἐναργεία

2288 5587 2307 5639 t
2350 5574 2646 5637 ἐπιϐαλών.
2684 5574 3001 5653 Utramque
3046 5574 3314 5639 lacunam
3372 5574 3752 5655 conjectando
3802 5598 3899 5641 ex-

491 5654 661 5731 plevi.
