4140 6344
178 392 278 451 397

1244 391 1776 451 CLEMEN'I‘INA.
1814 423 1885 433 —-
1920 390 2249 451 HUMILIA
2297 390 2482 450 Χνιι.

3446 386 3567 447 398

177 515 555 594 λαμϐάνεσθαι]
588 522 713 597 παρ’
772 520 1030 583 ὀπτασίας
1081 521 1366 586 ἀκούοντα,
1412 520 1449 589 ἢ
1503 520 1607 596 γὰρ
1665 521 1809 595 παρά

1925 523 2047 576 nire
2078 539 2180 594 per
2209 522 2510 588 visionem,
2545 538 2722 593 quam
2749 536 2852 593 per
2871 521 3564 592 evidentiam,aggressus

173 617 256 677 τῆς
284 609 556 685 ἐναργείας
586 609 919 684 [ἀκούοντα],
952 606 1230 666 ἐπιϐαλὼν
1288 607 1345 665 δὲ
1395 608 1601 673 ἕπειθες
1632 612 1806 681 ἡμᾶς,

173 699 244 753 ὅτι
294 697 690 775 ἀσφαλέστερός
740 699 880 754 ἐστιν
932 700 960 754 6
1015 700 1100 754 ὑπ’
1145 699 1404 760 ὀπτασίας
1449 697 1660 753 ἀκούων
1708 701 1807 752 τοῦ

175 790 283 862 παρ’
322 788 487 857 αὐτῆς
518 791 562 825 ⁹⁰
594 787 874 863 ἐναργείας
933 788 1246 851 ἀκούοντος.
1310 788 1483 863 Πέρας
1537 790 1663 862 γοῦν
1719 783 1808 841 διὰ

169 880 313 931 τοῦτο
342 876 481 949 ἐμοῦ
510 876 839 954 ἱκανώτερον
874 873 1095 951 ἔφασκες
1130 875 1324 932 εἰδέναι
1351 877 1420 931 τά
1454 880 1552 931 τοῦ
1602 877 1803 945 Ἰησοῦ,

176 967 237 1025 ὡς
265 966 364 1020 ὑπὸ
394 965 658 1029 ὀπτασίας
685 966 848 1021 αὐτοῦ
879 966 1129 1037 ἀκηκοὼς
1156 968 1247 1022 τὸν
1299 964 1484 1041 λόγον.
1512 963 1665 1033 Πλὴν
1701 961 1806 1038 ἐγὼ

176 1054 239 1116 εἰς
265 1055 325 1109 τὸ
353 1054 611 1130 ἀπαρχῆς
641 1056 906 1131 προταθὲν
950 1054 1353 1131 ἀποκριναίμην
1384 1058 1452 1111 θι.
1482 1056 1540 1108 '0
1588 1054 1805 1130 προφή-

173 1164 277 1213 της,
309 1144 389 1198 δ’τι
420 1146 714 1221 προφήτης
746 1143 910 1215 ἔστὶν,
942 1143 1377 1223 πληροφορήσας
1405 1148 1623 1220 πρῶτον
1681 1141 1805 1213 περὶ

172 1237 264 1285 τῶν
295 1232 532 1308 ἐναργῶς
565 1232 654 1287 ὑπ’
685 1231 848 1287 αὐτοῦ
888 1231 1220 1309 λεγομένων,
1255 1232 1512 1311 ἀσφαλῶς
1558 1229 1804 1287 πιστεύεο

173 1342 265 1390 ται,
292 1319 381 1374 καί
412 1324 458 1357 ³³
500 1319 717 1391 ἀληθής
762 1319 835 1376 ὢν
867 1322 1348 1398 προεπιγνωσθεὶς,
1370 1322 1483 1393 καὶ,
1515 1320 1589 1383 ὡς
1614 1322 1643 1376 6
1679 1340 1807 1393 μαν-

173 1410 325 1462 θάνων
382 1408 550 1481 θέλει,
582 1408 874 1480 ἐξετασθεὶς
931 1411 1020 1466 καὶ
1081 1410 1381 1485 ἀνακριθεὴ
1437 1408 1802 1486 ἀποκρίνεται.

170 1503 216 1551 ‘0
244 1495 299 1552 εὶ
334 1498 567 1570 ὀπτασίᾳ
595 1499 863 1554 πιστεύων
895 1500 930 1569 ἢ
982 1501 1213 1573 ὁράματι
1258 1499 1349 1554 καὶ
1397 1498 1653 1571 ἐνυπνίῳ,
1684 1498 1805 1554 ἐπι-

176 1586 372 1663 σφαλής
423 1587 587 1643 ἐστιν.
623 1589 840 1664 Ἀγνοεῖ
887 1589 989 1664 γὰρ
1040 1588 1149 1643 τίνι
1202 1588 1461 1648 πιστεύει,
1499 1586 1805 1663 Ἐνδέχεται

170 1678 258 1752 γαρ
291 1676 449 1732 αὐτὸν
482 1678 519 1745 ἢ
548 1674 780 1750 δαίμονα
823 1678 984 1733 κακὸν
1028 1680 1185 1752 εἶναι,
1234 1680 1269 1747 ἢ
1320 1683 1533 1751 πνεῦμα
1578 1676 1801 1750 πλάνον,

169 1766 212 1823 ἐν
252 1771 329 1837 τῶ
380 1764 558 1842 λέγειν
608 1766 1033 1843 ὑποκρινόμενον
1087 1767 1218 1822 εἶναι
1252 1768 1281 1822 ὃ
1328 1770 1401 1841 μή
1456 1766 1613 1822 ἐστιν.
1647 1767 1710 1822 Εἰ
1757 1764 1804 1822 δ’

169 1856 257 1930 ἄρα
285 1858 333 1892 ³⁸
359 1876 448 1918 τις
493 1854 795 1931 βουληθείη
830 1858 1177 1912 πυνθάνεσθαι
1206 1855 1268 1912 τὸ
1296 1856 1382 1919 τίς
1405 1857 1463 1911 ἂν
1547 1858 1574 1911 6
1597 1856 1801 1935 φανεὶς,
1836 1897 1883 1961 Β

172 1941 218 1961 ‘I
426 1943 444 1961 Ἴ
471 1945 480 1961 Ι
638 1945 649 1961 ι
774 1950 800 1960 ~
843 1946 863 1959 η
908 1947 934 1961 n
988 1944 1029 1961 I‘
1219 1953 1254 1961 --
1300 1946 1313 1961 \
1402 1946 1427 1961 ΩΙ
1606 1946 1617 1961 ι

170 1941 373 1999 δύναται
425 1943 602 2019 λέγειν
637 1945 812 2018 ἑαυτῷ
843 1946 871 2000 ’ὀ
902 1944 1182 2022 βούλεται.
1219 1946 1317 2001 Καὶ
1368 1946 1539 2008 οὕτως
1590 1946 1665 2008 ὡς
1714 1966 1808 2000 πο-

166 2034 319 2107 νηρὸς
394 2033 689 2109 ἀστράψας,
754 2034 935 2107 μείνας
974 2035 1097 2090 ὅσον
1170 2033 1338 2107 θέλει,
1395 2030 1805 2107 ἀποσϐέννυται,

170 2124 235 2192 μὴ
283 2123 619 2195 παραμείνας
671 2128 749 2195 τῷ
801 2125 1187 2197 πυνθανομένῳ
1238 2124 1313 2187 εἷς
1360 2122 1631 2200 ἀνάκρισιν
1683 2123 1807 2179 ὅσον

164 2210 441 2280 ἠθέλησεν.
477 2212 575 2265 Διά
604 2208 663 2266 δὲ
692 2210 952 2266 ἐνυπνίων
986 2214 1127 2289 ὁρῶν
1166 2234 1248 2275 τις
1289 2216 1335 2250 9‘
1378 2210 1502 2269 οὐδέ
1548 2213 1806 2268 πυνθάνε-

167 2302 268 2353 σθαι
316 2298 536 2355 δύναται
586 2301 710 2376 περὶ
759 2303 830 2355 ὧν
882 2300 1158 2377 βούλεται.
1191 2302 1268 2361 Οὐ
1316 2304 1419 2379 γὰρ
1471 2300 1610 2365 ἰδίας
1656 2302 1809 2373 ἐξου-

158 2388 267 2450 σίας
313 2388 457 2444 ἐστὶν
494 2390 522 2443 6
554 2390 821 2465 λογισμὸς
870 2396 967 2446 τοῦ
1010 2392 1383 2464 κοιμωμένου.
1431 2398 1615 2457 ’Ένθεν
1676 2396 1806 2467 γοῦν

164 2478 339 2533 πολλά
371 2482 523 2536 347
560 2481 729 2552 ἡμεῖς
779 2480 918 2555 ὕπαρ
967 2479 1353 2554 ἐπιθυμοῦντες
1384 2484 1427 2518 ³³
1462 2483 1644 2555 μαθεῖν
1690 2482 1809 2536 κατ’

164 2565 278 2641 ὄναρ
311 2568 437 2639 περὶ
473 2568 668 2644 ἑτέρων
696 2568 1089 2643 πυνθανόμεθα,
1125 2571 1159 2639 ἢ
1204 2570 1293 2625 καὶ
1345 2572 1421 2643 μή
1470 2570 1805 2645 πυνθανόμε-

163 2677 239 2709 νοι
267 2657 527 2731 περὶτῶν
563 2658 638 2729 μὴ
674 2654 1035 2734 διαφερόντων
1067 2661 1202 2731 ἡμῖν
1264 2658 1554 2732 ἀκούομεν,
1586 2660 1674 2714 καὶ
1726 2657 1807 2715 δι-

165 2747 498 2808 υπνισθέντες
558 2746 894 2820 ἀθυμοῦμεν,
922 2747 1004 2802 ὅτι
1063 2749 1185 2823 περὶ
1244 2747 1317 2803 ὦν
1366 2748 1809 2823 ἐπεθυμοῦμενθθ

169 2842 369 2908 μαθεῖν,
403 2833 529 2889 οὔτε
558 2835 888 2908 ἠκούσαμεν,
916 2834 1037 2892 οὔτε
1068 2836 1394 2911 ἐξητάσαμεν
1424 2841 1487 2897 ⁸³⁷.

228 2926 340 2979 XV.
375 2925 484 2981 Καὶ
518 2925 545 2977 6
580 2924 766 2997 Σίμων
826 2922 949 3002 ἔφη·
985 2925 1049 2980 Ei‘
1101 2924 1206 3003 φῂς
1263 2928 1360 2989 τὰς
1421 2927 1679 2992 ὀπτασίας
1730 2929 1805 3003 μὴ

166 3014 370 3075 παντως
401 3012 713 3085 ἀληθεύειν,
746 3012 873 3069 ἀλλ’
908 3013 1000 3069 οὖν
1030 3036 1093 3090 γε
1122 3016 1187 3071 τὰ
1216 3016 1464 3091 ὁράματα
1492 3019 1581 3073 καὶ
1630 3018 1698 3074 τά
1735 3017 1811 3074 ἐν·

167 3100 311 3156 ύπνια
342 3102 664 3174 θεόπεμπτα
695 3100 822 3158 ὄντα
854 3102 915 3158 ού
946 3102 1217 3177 ψεύδεται,
1240 3106 1364 3181 περὶ
1407 3107 1480 3161 ὧν
1528 3107 1587 3162 ἃν
1638 3107 1805 3163 εἰπεῖν

164 3188 301 3265 θέλῃ.
338 3192 437 3245 Καὶ
472 3192 501 3245 6
532 3191 731 3264 Πέτρος
789 3190 912 3269 ἔφη.
943 3198 1145 3269 Ὀρθῶς
1194 3193 1350 3273 ἔφης,
1384 3194 1465 3250 ὅτι
1495 3196 1809 3270 θεόπεμπτα

1919 614 2116 665 autem
2149 611 2440 667 suadebas
2471 610 2746 666 tutiorem
2776 627 2904 667 esse
2933 627 3090 678 eum,
3116 610 3215 681 qui
3248 609 3307 664 in
3339 608 3563 664 visione

1918 699 2103 767 audit,
2137 700 2255 769 illo,
2289 700 2388 772 qui
2421 699 2584 755 audit
2616 717 2717 773 per
2746 698 3114 755 evidentiam.
3139 698 3399 770 Denique
3428 697 3559 752 ideo

1916 792 1975 844 te
2005 788 2389 860 potentiorem
2422 790 2657 845 dicebas
2689 804 2782 844 res
2810 789 2952 845 Jesu
2984 803 3353 860 cognoscere,
3378 802 3557 859 quam

1917 893 2043 951 ego,
2080 882 2144 933 ut
2172 878 2271 949 qui
2311 878 2501 951 ipsius
2546 880 2723 934 verba
2768 895 2872 949 per
2911 877 3195 933 visionem
3245 876 3553 933 audiisses.

1916 966 2130 1022 Verum
2162 983 2267 1040 ego
2297 968 2369 1023 ad
2402 968 2482 1034 id,
2515 968 2671 1039 quod
2714 966 2992 1039 primitus
3051 966 3412 1039 prapositum
3445 969 3554 1037 est,

1917 1057 2300 1128 respondebo.
2332 1056 2637 1129 Propheta,
2689 1056 2827 1128 quia
2871 1056 3156 1129 propheta
3211 1061 3319 1125 est,
3365 1055 3556 1128 primo

1916 1145 2327 1202 certitudinem
2358 1147 2506 1202 dans
2537 1146 2608 1202 de
2636 1146 2732 1211 iis,
2765 1163 2892 1217 quas
2923 1145 3075 1201 clare
3099 1144 3401 1209 dicit,tuto
3433 1160 3555 1200 cre-

1918 1235 2095 1304 ditur,
2130 1235 2520 1307 praacognitus
2549 1251 2718 1291 verus
2748 1251 2897 1305 esse,
2925 1250 3013 1300 ac,
3058 1233 3556 1305 quemadmodum

1916 1323 2017 1396 qui
2047 1324 2288 1380 docetur
2308 1324 2817 1396 cupit,inquisitus
2831 1322 3295 1396 etinterrogatus
3317 1338 3557 1395 respon-

1916 1413 2147 1478 det.Qui
2177 1430 2310 1469 vero
2341 1412 2549 1469 visioni
2581 1412 2765 1469 credit
2790 1416 2893 1467 aut
2920 1415 3150 1484 spectro
3180 1415 3238 1467 et
3267 1411 3557 1467 insomnio

1913 1502 2175 1559 incertus
2203 1508 2309 1559 est.
2345 1502 2581 1575 Ignorat
2611 1501 2768 1557 enim
2817 1501 2910 1556 cui
2937 1502 3154 1557 credat.
3188 1500 3332 1556 Nam
3366 1502 3561 1572 potest

1915 1610 2043 1649 esse
2074 1596 2175 1648 aut
2206 1592 2399 1648 malus
2428 1592 2679 1659 daemon,
2713 1593 2815 1645 aut
2844 1588 3088 1662 spiritus
3137 1587 3333 1657 fallax,
3368 1588 3468 1661 qui
3498 1588 3559 1644 in

1914 1682 2105 1738 verbis
2133 1680 2373 1737 simulat
2403 1696 2531 1737 esse
2562 1680 2717 1752 quod
2748 1696 2861 1735 non
2893 1683 3000 1735 est.
3046 1678 3146 1734 Sin
3198 1683 3393 1735 autem
3424 1677 3557 1750 quis

1912 1770 2050 1828 velit
2079 1770 2457 1843 perconctari,
2491 1771 2764 1841 quisnam
2796 1768 2874 1823 sit
2899 1768 2998 1840 qui
3045 1767 3335 1840 apparuit,
3368 1770 3560 1838 potest

1914 1861 2047 1928 sibi,
2081 1860 2369 1932 quidquid
2399 1858 2526 1915 vult
2554 1858 2762 1914 dicere.
2784 1857 2996 1929 Sicque
3027 1860 3308 1928 tanquam
3341 1855 3555 1923 malus,

1918 1951 2016 2005 ubi
2048 1950 2393 2017 coruscavit,
2427 1947 2758 2018 mansitque
2788 1950 3076 2017 quantum
3102 1944 3303 2012 voluit,
3336 1944 3557 2000 exstin-

1917 2038 2248 2111 guitur,nec
2279 2040 2583 2110 permanet
2612 2052 2743 2090 cum
2773 2035 3110 2090 sciscitante
3140 2034 3209 2088 ad
3242 2032 3559 2105 interroga-

1918 2128 2157 2198 tionem,
2190 2131 2475 2198 quantum
2509 2124 2605 2179 hic
2634 2123 2777 2179 vult.
2826 2123 2930 2179 Per
2959 2121 3253 2179 insomnia
3295 2138 3425 2178 vero
3456 2122 3559 2193 qui

1917 2216 2091 2283 videt,
2124 2231 2317 2287 neque
2348 2213 2713 2287 percunctari
2747 2214 2954 2284 potest,
2987 2212 3058 2266 de
3106 2210 3322 2283 quibus
3375 2210 3557 2266 lubet.

1916 2305 2113 2377 Neque
2144 2304 2299 2360 enim
2332 2305 2388 2358 in
2422 2303 2658 2376 propria
2688 2305 2973 2373 potestate
3005 2300 3117 2355 sita
3147 2305 3237 2355 est
3284 2299 3561 2372 cogitatio

1921 2393 2431 2450 dermientis.lnde
2461 2393 2641 2463 igitur
2661 2390 2955 2463 vigilando
2974 2406 3081 2445 nos
3110 2388 3372 2444 discendi
3408 2388 3561 2443 avidi

1922 2482 2111 2540 multa
2141 2484 2199 2538 in
2232 2482 2456 2538 somnis
2487 2483 2557 2536 de
2588 2479 2717 2536 aliis
2744 2478 3081 2551 quaerimus,
3101 2476 3190 2534 vel
3226 2494 3342 2532 non
3371 2476 3563 2549 requi-

1921 2579 2114 2629 rentes
2143 2573 2419 2629 audimus
2446 2588 2536 2626 res
2568 2571 2638 2626 ad
2664 2586 2769 2625 nos
2788 2584 3159 2639 nequaquam
3179 2567 3559 2638 pertinentes,

1918 2669 1975 2718 et
1998 2679 2028 2718 e
2061 2678 2289 2718 sommo
2320 2660 2550 2717 excitati
2581 2658 2869 2725 dolemus,
2905 2674 3010 2713 nos
3042 2657 3113 2711 de
3154 2656 3227 2711 iis
3258 2672 3385 2727 qum
3412 2655 3561 2712 scire

1921 2752 2240 2809 avebamus
2265 2766 2455 2823 neque
2494 2748 2751 2806 audiisse
2782 2763 2970 2819 neque
3001 2744 3353 2819 explorasse.

1990 2930 2108 2987 XV.
2140 2933 2219 2986 Ac
2262 2930 2511 2986 Simon:
2548 2928 2609 2984 Si
2653 2927 2814 2984 dicas
2859 2925 3115 2983 visiones
3156 2941 3272 2981 non
3324 2924 3562 2980 omnino

1917 3035 2053 3075 vera
2102 3018 2435 3092 praedicare,
2468 3023 2725 3074 attamen
2753 3016 2881 3071 visa
2909 3019 2966 3071 et
2997 3013 3315 3082 insomnia,
3347 3030 3473 3084 qum
3529 3030 3565 3068 a

1919 3114 2033 3165 Deo
2065 3111 2401 3176 mittuntur,
2434 3108 2582 3164 falsa
2612 3124 2726 3163 non
2758 3109 2894 3161 sunt
2924 3104 2984 3159 in
3017 3104 3194 3159 rebus
3242 3118 3391 3173 quas
3440 3100 3565 3157 vult

1922 3197 2208 3270 proloqui.
2241 3203 2446 3253 Petrus
2470 3197 2552 3252 ait
2584 3237 2596 3250 .
2632 3199 2802 3250 Recte
2828 3192 3045 3263 dixisti,
3078 3191 3232 3263 quod
3270 3207 3384 3245 non
3418 3190 3566 3245 falsa

162 3274 279 3333 ὄντα
309 3281 373 3335 οῦ
433 3279 709 3354 ψεύδεται.
744 3280 980 3348 ιἌδηλον
1015 3280 1073 3338 δὲ
1101 3283 1145 3336 εἷ
1177 3284 1205 3337 6
1234 3266 1365 3338 l8c‘uv
1400 3288 1442 3322 ³⁸
1472 3266 1810 3360 θεόπεμπτον

1923 3266 2220 3359 proferant
2250 3304 2377 3359 quas
2409 3303 2443 3340 a
2472 3286 2585 3340 Deo
2626 3284 2956 3338 mittuntur.
3010 3281 3221 3337 Verum
3272 3280 3562 3335 incertum

161 3369 387 3445 ἑώρακεν
454 3364 688 3445 ὄνειρον.
724 3370 826 3426 Καὶ
883 3371 911 3425 6
969 3372 1180 3445 Σίμων·
1213 3374 1333 3428 Ἐἀν
1466 3375 1494 3430 6
1551 3375 1808 3445 ἑωρακὼς

161 3454 385 3527 δίκαιος,
418 3458 624 3528 ἀληθὲς
653 3460 902 3533 ἑώρακεν.
941 3461 1043 3516 Καὶ
1074 3461 1103 3515 6
1134 3460 1361 3534 Πέτρος·
1392 3464 1601 3539 Ὀρθῶς
1652 3463 1807 3542 ἔφης.

157 3550 239 3610 TE;
270 3552 316 3585 ’θ
369 3546 431 3603 δὲ
479 3546 705 3615 δίκαιος,
740 3550 785 3603 εἱ
834 3551 1109 3624 ὁράματος
1160 3551 1343 3627 χρῄζῃ
1374 3555 1459 3621 ¹⁰⁰,
1485 3551 1576 3607 ’ίνα
1609 3554 1749 3628 μάθῃ
1777 3552 1811 3608 ἃ

160 3634 232 3691 Bai
265 3640 494 3709 μαθεῖν,
553 3638 605 3692 αἱ
637 3642 770 3711 ποιῇ
803 3638 836 3692 a
867 3636 949 3693 δεῖ
972 3646 1184 3710 ποιεῖν;
1216 3642 1313 3695 Καὶ
1344 3642 1372 3696 6
1408 3640 1810 3715 Σίμων’Τοῦτό

162 3748 245 3797 μοι
279 3724 400 3799 δὸς,
435 3724 521 3781 ὅτι
560 3726 721 3799 μόνος
753 3729 779 3781 ὁ
812 3724 1017 3790 δίκαιος
1060 3728 1241 3802 ὅραμα
1289 3728 1487 3801 ἀληθὲς
1536 3730 1665 3787 ἰδεῖν
1718 3729 1809 3787 δύ-

162 3836 327 3883 ναται,
374 3815 473 3870 καὶ
523 3816 888 3889 ἀποκρίνομαί
931 3838 1015 3872 σοι
1066 3818 1142 3880 εἷς
1185 3818 1335 3875 αὐτό.
1370 3821 1527 3892 Ἐμοὶ
1572 3822 1675 3897 γὰρ
1723 3821 1811 3876 κέ-

160 3926 353 3977 κριται,
392 3905 485 3959 ὅτι
515 3900 713 3973 ἀσεϐὴς
755 3906 936 3975 ἁληθῆ
988 3903 1195 3983 ὄνειρον
1228 3908 1334 3984 οὐχ
1364 3911 1481 3983 ὁρᾷ.
1517 3912 1615 3965 Καὶ
1649 3912 1676 3965 6
1711 3911 1809 3965 Πέ-

161 4014 299 4067 τρος.
334 3999 516 4048 τοῦτο
566 3992 761 4067 ψεῦδός
811 3994 972 4067 ἐστιν,
1004 3996 1092 4051 καὶ
1145 3998 1268 4070 περὶ
1316 3998 1511 4053 τούτου
1556 4000 1812 4077 ἀγράφως

161 4084 240 4135 καὶ
270 4080 576 4158 ἐγγράφως
607 4079 880 4155 ἀποδεῖξαι
913 4081 1164 4156 δύναμαι,
1198 4091 1377 4139 πεῖσαι
1410 4083 1467 4141 δὲ
1515 4086 1614 4142 οὐκ
1656 4088 1817 4164 ἐπαγ-

163 4170 464 4244 γέλλομαι.
498 4172 553 4223 Ὀ
582 4172 680 4247 γὰρ
713 4172 850 4246 πρὸς
880 4168 1054 4247 ἔρωτα
1088 4176 1376 4249 μοχθηρᾶς
1404 4174 1592 4238 νεύσας
1636 4198 1816 4253 γυναι-

165 4260 249 4321 ιιὸς
300 4260 384 4323 εἰς
448 4259 634 4333 ἑτέρας
685 4262 820 4315 κατά
867 4262 1039 4317 πάντα
1085 4261 1261 4333 καλῆς
1302 4264 1437 4339 πρὸς
1465 4270 1482 4303 ί
1516 4261 1815 4338 συμϐίωσιν

166 4348 397 4421 νόμιμον
453 4348 547 4403 τὸν
600 4349 791 4404 ἑαυτοῦ
836 4349 898 4404 οὐ
950 4350 1267 4423 μετατίθησι
1315 4357 1462 4411 νοῦν.
1495 4355 1701 4410 Ἐνίοτε
1729 4354 1818 4410 καὶ

166 4435 371 4499 ἑαυτοῖς
469 4434 768 4500 συνειδότες
846 4438 945 4507 τήν
1020 4439 1319 4516 κρείττονα,
1377 4440 1819 4517 προειλημμένοι

169 4528 310 4584 348
344 4527 607 4601 ἀγαπῶσι
657 4528 758 4597 την
802 4528 1048 4603 χείρονα.
1100 4529 1355 4585 Τοιοῦτόν
1405 4552 1456 4585 τι
1508 4532 1597 4586 καὶ
1625 4531 1687 4587 σὺ
1718 4533 1820 4587 πά-

1918 3379 2107 3445 est,an
2141 3376 2241 3447 qui
2272 3374 2418 3431 vidit
2446 3373 2743 3431 somnium
2774 3389 2808 3427 a
2832 3371 2946 3427 Deo
2971 3369 3220 3425 missum
3254 3383 3567 3439 conspexe-

1919 3465 2016 3520 rit.
2048 3466 2197 3520 Tum
2225 3465 2424 3520 Simon
2452 3481 2464 3520 :
2505 3463 2562 3517 Si
2587 3463 2789 3533 justus
2819 3460 2896 3516 sit
2916 3458 3014 3515 ille
3039 3457 3139 3529 qui
3168 3457 3332 3522 vidit,
3365 3473 3565 3512 verum

1920 3554 2170 3610 intuitus
2202 3558 2310 3609 est.
2342 3554 2411 3608 Et
2440 3553 2645 3608 Petrus
2677 3569 2690 3607 :
2726 3550 2906 3606 Probe
2929 3548 3158 3604 locutus
3180 3563 3261 3603 es.
3296 3546 3403 3610 Qui
3434 3562 3564 3602 vero

1913 3644 2135 3715 justus,
2169 3643 2219 3698 si
2248 3642 2373 3697 viso
2401 3641 2659 3713 indigeat
2714 3640 2786 3695 ad
2844 3637 3125 3694 discenda
3171 3652 3297 3707 quae
3342 3634 3564 3690 discere

1920 3736 2229 3805 Oportet,et
2257 3731 2521 3787 facienda
2550 3748 2676 3802 quae
2710 3729 2832 3784 ﬁeri
2855 3727 3069 3783 debent
3096 3725 3125 3779 ‘l
3154 3727 3334 3795 Atque
3364 3724 3562 3778 Simon

1925 3822 2043 3877 Hoc
2075 3820 2221 3876 mihi
2252 3821 2519 3887 concede,
2549 3820 2703 3891 quod
2736 3817 3117 3887 solusjustus
3138 3830 3340 3869 verum
3369 3813 3561 3867 visum

1922 3911 2109 3983 possit
2156 3927 2412 3976 cernere,
2461 3914 2518 3965 et
2562 3910 2632 3964 ad
2685 3907 2831 3963 illud
2891 3906 2995 3961 tibi
3044 3903 3388 3976 respondeo.
3423 3898 3565 3955 Mihi

1924 4001 2078 4056 enim
2112 4000 2475 4071 exploratum
2500 4002 2813 4067 est,verum
2846 3993 3138 4051 somnium
3163 3990 3429 4062 abimpio
3451 4006 3566 4045 non

1924 4089 2127 4145 videri.
2161 4090 2311 4144 Tum
2342 4087 2548 4143 Petrus
2581 4104 2594 4145 :
2629 4086 2744 4141 Hoc
2772 4084 2985 4140 falsum
3029 4086 3138 4138 est.
3184 4083 3371 4152 Atque
3400 4096 3468 4134 ea
3499 4078 3570 4134 de

1926 4194 1988 4233 re
2020 4179 2145 4233 sine
2175 4177 2490 4249 Scripturis
2520 4180 2573 4231 et
2598 4191 2701 4247 per
2731 4174 3063 4245 Scripturas
3094 4186 3335 4244 possum
3368 4169 3573 4225 afferre

1927 4266 2509 4333 demonstrationem,
2543 4264 2894 4338 persuadere
2924 4265 3120 4317 autem
3152 4276 3266 4316 non
3300 4257 3576 4330 polliceor

1927 4356 2075 4413 Nam
2107 4356 2208 4428 qui
2241 4356 2300 4410 in
2324 4371 2581 4411 amorem
2616 4370 2803 4426 pravas
2843 4350 3108 4406 mulieris
3140 4348 3479 4422 propendet,
3512 4346 3574 4401 in

1930 4444 2173 4501 alterius
2188 4444 2448 4515 undique
2462 4442 2746 4514 pra-claras
2760 4438 3131 4495 dilectionem
3145 4438 3217 4493 ad
3240 4435 3571 4507 legitimum

1931 4532 2261 4591 convictum
2286 4549 2401 4587 non
2422 4532 2701 4587 transfert
2727 4527 3096 4586 auimum.Et
3125 4520 3573 4597 aliquando,qui

168 4634 307 4689 qui»
340 4616 584 4691 ἀγνοεῖς.
617 4615 715 4670 Καὶ
747 4616 775 4670 6
804 4616 991 4689 Σίμων
1052 4615 1177 4696 ἔφη·
1210 4617 1595 4694 Παρελόμενος
1634 4626 1810 4691 ταῦτα,

1932 4626 2071 4679 sunt
2098 4621 2210 4677 sibi
2241 4619 2457 4676 conscii
2484 4617 2905 4691 praestantioris
2937 4610 3458 4683 feminae,occupati
3482 4611 3577 4666 de—

168 4704 233 4763 εἶς
264 4704 296 4757 ἃ
330 4702 657 4779 ἐπηγγείλω
690 4703 838 4779 λέγε.
873 4706 1029 4778 Ἐμοὶ
1061 4707 1161 4781 γὰρ
1192 4704 1455 4763 ἀδύνατοο
1496 4710 1624 4764 εἶναι
1676 4708 1810 4766 δοκε

1935 4710 2207 4766 teriorem
2239 4707 2517 4780 diligunt.
2551 4705 2689 4762 Tale
2722 4706 2861 4777 quid
2894 4708 2955 4759 tu
2996 4717 3230 4774 quoque
3259 4700 3479 4772 pateris
3511 4714 3577 4754 ao

168 4787 372 4855 ατεεεῖς
406 4794 727 4869 ἀνθρώπους
761 4794 863 4849 ὑπὸ
896 4799 1030 4850 Θεοῦ
1057 4795 1103 4868 ᾧ
1135 4793 1340 4867 δήποτε
1361 4796 1805 4874 ὅνειροπολεῖσθα

1935 4799 2192 4870 ignoras.
2226 4797 2380 4853 Dixit
2408 4797 2606 4851 Simon
2641 4811 2654 4851 :
2690 4794 2790 4849 His
2838 4791 3109 4862 sublatis,
3167 4789 3406 4860 loquere
3450 4803 3577 4859 quis

166 4882 377 4956 τρόπῳ.
1938 4885 2283 4959 promisisti.
2314 4884 2452 4939 Mihi
2510 4900 2763 4954 namque
2812 4881 3040 4937 videtur
3095 4875 3483 4950 impossibile,
3516 4879 3582 4932 ut

1938 4975 2101 5047 impii
2133 4975 2398 5031 homines
2431 4992 2464 5028 a
2493 4973 2610 5028 Deo
2641 4972 2872 5028 somnia
2902 4968 3019 5027 ullo
3052 4968 3223 5024 modo
3256 4970 3515 5022 cernant.

2007 5064 2152 5120 XVI.
2186 5066 2256 5119 Et
2285 5064 2487 5120 Petrus
2519 5077 2533 5118 :
2568 5062 2701 5132 Mei,
2734 5060 2945 5132 inquit,
2980 5075 3113 5115 sum
3145 5072 3392 5123 memor,
3426 5052 3582 5125 quod

1939 5152 2311 5227 promiserim
2342 5151 2665 5219 ostendere,
2698 5154 2754 5206 et
2783 5166 2852 5206 ea
2878 5149 2950 5204 de
2975 5162 3036 5204 re
3069 5146 3292 5218 absque
3324 5141 3583 5214 Scriptu-

232 5061 380 5118 XVI.
419 5058 519 5115 Καὶ
579 5060 606 5115 6
665 5060 867 5139 Πέτρος
924 5059 1049 5140 ἔφη·
1093 5064 1392 5138 Μέμνημαι
1454 5062 1710 5139 ἐμαυτοῦ,
1752 5066 1828 5130 ὡς

169 5146 595 5225 ἐπηγγειλάμην
661 5148 849 5226 δεῖξαι,
903 5151 991 5207 καὶ
1048 5150 1309 5231 ἀγράφως
1383 5153 1473 5208 καὶ
1550 5153 1829 5235 ἐγγράφως

1531 5325 1772 5384 VARle
1811 5323 2230 5384 LECTIONES.

238 5445 282 5519 ’ξ’
340 5443 694 5519 παρ’,αὖτοῦ
748 5450 848 5514 τῆς
904 5449 968 5502 0.
1046 5447 1090 5483 ⁹¹
1145 5443 1515 5519 ἀποκρίνομαι
1566 5449 1630 5504 Ο.
1706 5450 1752 5485 ⁹²
1809 5448 1899 5503 καί
1957 5444 2178 5504 inserui
2235 5461 2286 5501 0.
2348 5444 2451 5519 O.__
2490 5446 2536 5480 ⁹³
2687 5443 2789 5518 ἄρα
2834 5446 2901 5519 β,
2948 5438 2998 5496 εἷ’
3019 5436 3269 5519 ’ἄρα-ΛΠ.
3396 5431 3587 5519 an_te6

172 5516 302 5605 add.
345 5508 435 5605 lc:
482 5516 560 5601 Ο..
627 5519 676 5605 9:
729 5508 961 5605 ὁρῶντες
997 5535 1075 5602 “p.
1134 5518 1277 5605 ὁρῶν
1478 5519 1539 5605 Ο,
1621 5522 1664 5556 9⁸
1694 5521 1745 5573 οἱ
1802 5520 2303 5605 παρεπιθυμοῦντες
2334 5534 2390 5588 p.
2424 5513 2563 5605 ὕπαρ
2593 5508 3099 5605 ἐπιθυμοῦντεςείξέ
3143 5512 3193 5605 :5
3218 5508 3589 5605 ἐπαεθυμέοῦμεγ

174 5536 302 5571 300.
366 5536 422 5571 ο.
482 5536 560 5601 υ..
627 5536 671 5553 σν
729 5536 961 5644 ορωντες
997 5536 1075 5602 ηρ.
1134 5536 1277 5591 ορων
1335 5537 1419 5579 τις
1478 5536 1539 5575 υ.
1621 5536 1664 5556 ⁸ο
1694 5536 1745 5573 οἱ
1802 5536 2303 5605 παρεπιθυμουντες
2334 5536 2390 5588 p.
2424 5536 2563 5589 υπαρ
2593 5536 2980 5585 επιθυμουντες
3012 5536 3073 5568 υ.
3150 5536 3193 5547 "'
3218 5536 3589 5599 επευυμυμμεν

174 5586 272 5664 9,~
297 5593 365 5642 ut
427 5604 581 5664 900}
642 5589 715 5664 ελ
789 5590 1130 5664 πηιθυμουμεν
1164 5591 1263 5664 C_.__
1303 5591 1345 5624 9"
1372 5587 1708 5664 ἐζητήσαμεν
1764 5610 1914 5664 οοιῃ.
1977 5590 2448 5664 Scbliemannus,
2494 5590 2686 5664 Clem,
2738 5605 2794 5661 p.
2829 5586 2951 5651 191,
2984 5584 3111 5664 _569.
3142 5584 3199 5638 S.
3275 5582 3318 5664 οξ
3352 5577 3509 5664 citing
3545 5578 3589 5635 Ο

174 5652 354 5743 ξθἸξςο
385 5658 471 5719 τίς
582 5652 801 5743 praibet
827 5652 1131 5743 lacunam.
1177 5662 1269 5743 “0°
1298 5652 1495 5743 χρῄζει
1524 5652 1940 5743 '0.:Tu_m__1:o"gﬁ
1973 5680 2041 5719 ex
2069 5661 2313 5743 conject.
2347 5660 2409 5716 Ci
2435 5652 2641 5743 ’ποιεῖν
2669 5652 2969 5743 uterque”
2991 5657 3151 5739 hom.
3195 5654 3353 5743 2961
3413 5656 3431 5689 ⁸
3463 5652 3588 5708 Non

172 5727 392 5805 legitur
418 5730 560 5807 πρός
582 5725 650 5790 in
680 5733 951 5791 Turriani
986 5730 1234 5806 epistola
1264 5725 1629 5805 p'rol'iminari
1661 5736 1730 5793 ad
1762 5725 2029 5805 Hosium,
2062 5725 2385 5791 ubi'locum
2412 5731 2572 5789 citat.
2603 5736 2662 5789 ϐ.
2696 5725 2868 5789 Deest
2896 5729 3073 5788 etiam
3102 5728 3163 5783 in
3194 5725 3386 5782 Ottob.
