4140 6344
514 387 629 449 399

1337 389 1402 448 S.
1450 382 1894 448 CLEMENTIS
1942 386 1965 445 Ι
2014 381 2201 443 ROM.
2248 375 2477 444 PONT.
2526 384 2790 448 OPERA
2833 386 3094 451 DUBIA.

3808 385 3929 447 400

517 519 598 575 ris
621 536 687 575 ac
718 536 819 591 per
845 518 1179 591 Scrlpturas
1204 518 1768 575 demonstratienem
1801 515 2170 574 exhibere.Et

2304 512 2406 586 τιρὶ
2453 514 2648 572 τούτου
2694 520 2793 588 τήν
2844 516 3114 589 ἀπόδειξιν
3161 516 3439 593 παρέχειν.
3473 516 3573 572 Καὶ
3622 515 3713 573 νῦν
3746 514 3933 594 λέγον-

515 625 672 665 nunc
703 607 1034 680 loquentem
1070 608 1226 664 audi.
1261 608 1543 663 Novimus
1575 607 1791 663 multos
1821 607 1892 679 (si
1922 605 2159 678 quidem

2304 623 2360 665 ος
2393 600 2573 660 ἄκουε·
2607 612 2790 681 ’Ίσμεν
2824 606 3089 680 πολλοὺς,
3123 605 3200 680 (εἷ’
3224 628 3287 682 γε
3321 605 3688 682 εὐγνωμονεῖς
3720 605 3834 661 ἐπεί
3874 628 3936 683 γε

516 715 680 772 aequo
711 698 906 752 animo
938 696 1173 769 accipis,
1207 697 1466 767 alioquin
1499 701 1757 753 astantes
1791 696 2024 767 judices
2056 694 2162 749 ha-

513 785 942 858 beo)idolorum
975 784 1227 841 cultores
1258 789 1314 841 et
1343 786 1643 842 adulteros
1676 802 1741 841 ac
1765 784 2005 840 omnino
2038 799 2163 855 pec-

516 879 739 931 catores
778 874 1149 945 conspexisse
1174 875 1299 929 visa
1332 881 1506 946 atque
1545 892 1680 930 vera
1739 873 1986 944 somnia,
2019 889 2165 927 non-

518 963 715 1021 nullos
744 980 880 1019 vero
912 964 1247 1019 daemonum
1279 964 1554 1020 visiones.
1602 964 1727 1018 Non
1760 963 1916 1019 enim
1976 962 2105 1017 dico
2136 963 2169 1016 ὸ.

522 1051 859 1109 mortalium
894 1052 1077 1109 oculis
1107 1053 1288 1108 videri
1314 1069 1487 1124 posse
1546 1052 1949 1125 incorpoream
1980 1049 2170 1106 Patris

527 1147 629 1199 aut
660 1141 785 1199 Filii
819 1141 1244 1214 speciem,quia
1275 1142 1530 1198 maximo
1564 1141 1786 1197 lumine
1817 1140 2167 1212 resplendet.

527 1232 689 1288 Unde
722 1232 793 1286 ab
825 1230 1063 1287 homine
1086 1231 1145 1285 in
1168 1247 1403 1287 carnem
1430 1247 1706 1287 converso
1734 1246 1850 1286 non
1870 1228 2173 1298 cerni,non

528 1325 617 1377 est
646 1320 961 1376 invidentis
992 1320 1224 1390 Dei,sed
1257 1319 1780 1376 miserantis.Nam
1814 1318 1911 1391 qui
1944 1317 2174 1384 viderit,

527 1409 717 1463 vivere
748 1426 860 1464 non
892 1412 1101 1480 potest.
1162 1409 1427 1464 Luminis
1484 1408 1701 1481 quippe
1763 1406 2178 1479 exsuperantia

531 1497 822 1553 cernentis
855 1497 1118 1553 dissolvit
1149 1501 1803 1569 carnem,pra2terquam
1837 1497 1882 1551 si
1910 1497 2005 1552 Dei
2039 1496 2181 1551 inef-

530 1586 690 1642 fabili
723 1586 936 1641 virtute
966 1603 1099 1641 caro
1132 1590 1394 1642 vertatur
1414 1586 1474 1641 in
1496 1586 1738 1642 luminis
1759 1590 2180 1656 naturam,quo

2272 690 2398 755 τοὺς
2441 701 2787 770 παρεστῶτας
2834 697 3021 773 κριτὰς
3074 694 3236 771 ἔχω),
3289 693 3494 751 εἴδωλα
3542 690 3798 753 σέϐοντας
3845 695 3938 751 καὶ

2279 781 2639 857 μοιχεύοντας
2687 785 2776 840 καὶ
2826 786 2961 840 κατὰ
3009 786 3179 840 πάντα
3226 786 3630 860 ἁμαρτάνοντας
3690 784 3940 861 ὁράματα

2275 869 2364 924 καὶ
2421 870 2649 943 ἀληθεῖς
2678 872 2921 951 ὀνείρους
2955 875 3190 949 ὁρῶντας

2281 958 2563 1024 ὀπτασίας.
2594 964 2702 1031 Τὴν
2752 962 2853 1039 γὰρ
2888 967 2908 999 ²
2939 962 3165 1040 ἅσαρκον
3199 966 3312 1037 (54)
3346 960 3486 1017 ἰδέαν
3540 962 3602 1017 οὐ
3653 960 3802 1038 λέγω
3842 960 3938 1017 δύ-

2281 1050 2469 1103 νασθαι
2502 1051 2713 1127 Πατρὸς
2744 1052 2779 1121 ἢ
2815 1053 2943 1107 Υἱοῦ
2976 1050 3131 1123 ἰδεῖν,
3153 1049 3242 1106 διὰ
3279 1051 3342 1107 τὸ
3376 1050 3634 1127 μεγίστῳ,
3658 1050 3796 1130 φωτὶ
3818 1071 3943 1107 κατ-

2281 1139 2600 1212 αυγάζεσθαι
2664 1139 2792 1202 τοὺς
2852 1142 3057 1211 θνητῶν
3126 1139 3468 1217 ὀφθαλμούς.
3514 1143 3667 1195 Ὅθεν
3735 1142 3796 1196 τὸ
3859 1141 3938 1214 μή

2285 1226 2545 1302 ὁραθῆναι
2592 1233 2670 1301 τῷ
2728 1229 2803 1291 εἷς
2859 1220 3029 1305 σάρκα
3101 1227 3460 1305 τετραμμένῳ
3536 1228 3809 1305 ἀνθρώπῳ
3876 1227 3941 1284 οὐ

2286 1315 2611 1392 φθονοῦντός
2662 1316 2771 1373 ἔστι
2807 1303 2964 1387 Θεοῦ,
2995 1316 3122 1373 ἀλλ’
3168 1303 3446 1380 ἐλεοῦντος
3479 1320 3521 1375 ³.
3553 1318 3617 1374 Ὁ
3640 1303 3763 1394 -γάρ
3811 1313 3945 1372 ῗδὼν

2290 1406 2385 1477 ζῇν
2420 1403 2480 1459 οὐ
2514 1402 2753 1462 δύναται.
2785 1411 2848 1462 Ἡ
2878 1406 2981 1482 γὰρ
3018 1402 3298 1482 ὑπερϐολὴ
3328 1411 3426 1461 τοῦ
3468 1406 3647 1484 φωτὸς
3693 1408 3793 1476 τὴν
3845 1409 3946 1461 τοῦ

2290 1493 2533 1569 ὁρῶντος
2584 1493 2761 1550 ἐκλύει
2815 1495 3004 1571 σάρκα,
3036 1495 3188 1559 ἐκτὸς
3230 1495 3276 1549 εἰ
3333 1497 3408 1569 μὴ
3461 1500 3595 1551 Θεοῦ
3646 1494 3948 1572 ἀπορρήτῳ

2292 1579 2512 1657 δυνάμει
2544 1585 2579 1653 ἡ
2611 1585 2737 1659 σὰρξ
2770 1582 2847 1647 εἷς
2878 1582 3032 1661 φύσιν
3063 1589 3243 1660 τραπῇ
3274 1586 3473 1663 φωτὸς,
3504 1581 3596 1639 ’ἶνα
3647 1588 3763 1661 φῶς
3814 1581 3949 1639 ἰδεῖν

3197 919 3210 946 ,
3244 872 3416 935 ἐνίους
3451 870 3507 928 δὲ
3536 873 3626 928 καὶ
3660 869 3936 946 δαιμόνων

534 1676 721 1749 possit
751 1676 944 1730 lumen
976 1676 1193 1742 videre,
1227 1680 1327 1731 aut
1354 1674 1600 1731 luminis
1632 1674 1964 1730 substantia
1993 1674 2053 1728 in
2087 1690 2185 1728 car

2304 1668 2522 1746 δυνηθῇ,
2554 1673 2588 1742 ἢ
2622 1675 2656 1742 ἡ
2697 1676 2795 1727 τοῦ
2845 1673 3023 1750 φωτὸς
3076 1672 3232 1727 οὐσία
3279 1672 3356 1736 εἷς
3408 1673 3579 1749 σάρκα
3624 1677 3826 1749 τραπῇ,
3855 1670 3950 1727 ’ἱνα

533 1781 668 1820 nem
701 1768 981 1831 mutetur,
1007 1769 1071 1819 ut
1095 1765 1281 1835 possit
1302 1764 1481 1820 videri
1514 1781 1547 1820 a
1575 1765 1919 1820 carne.Nam
1952 1766 2182 1818 Patrem

2296 1760 2399 1815 ὑπὸ
2439 1760 2633 1836 σαρκὸς
2676 1762 2937 1837 ὁραθῆναι
2978 1758 3201 1835 δυνηθῇ.
3232 1761 3300 1816 Τὸ
3350 1762 3451 1838 γάρ
3503 1760 3783 1838 ἀτρέπτως
3837 1766 3947 1815 Πα-

532 1854 754 1909 intueri
788 1853 1010 1925 absque
1039 1853 1436 1921 conversione,
1469 1854 1542 1908 ad
1574 1853 1766 1910 solum
1811 1852 2022 1907 Filium
2056 1869 2184 1924 per-

2304 1850 2421 1925 τέρα
2452 1847 2582 1905 ἰδεῖν
2618 1850 2746 1904 Υἳοῦ
2776 1851 2941 1924 μόνου
2974 1850 3135 1908 ἐστίν.
3177 1850 3407 1906 Δικαίων
3440 1853 3462 1887 ⁸
3492 1848 3549 1906 δὲ
3580 1849 3685 1926 οὐχ
3716 1849 3946 1922 ὁμοίως.

538 1943 703 1998 tinet.
737 1943 821 1996 Ad
846 1944 1045 2011 justus
1076 1948 1271 1998 autem
1298 1960 1412 1999 non
1436 1943 1618 2017 simili
1656 1944 1855 1999 modo.
1898 1944 1960 1997 In
1994 1958 2190 1997 resur-

544 2030 795 2087 rectione
825 2030 979 2085 enim
1014 2036 1401 2102 mortuorum,
1435 2032 1669 2103 quando
1694 2031 2035 2103 corporibus
2068 2046 2193 2085 mu-

545 2119 652 2174 tati
681 2120 735 2173 in
771 2119 968 2174 lumen
1001 2125 1173 2174 erunt
1206 2120 1431 2192 angelis
1461 2120 1890 2192 aequales,tunc
1921 2122 2195 2193 poterunt

546 2224 798 2263 cernere.
834 2208 1095 2278 Denique
1120 2213 1177 2263 et
1208 2209 1257 2263 si
1290 2208 1634 2281 angelorum
1661 2209 1970 2281 aliquis,ut
1997 2208 2192 2265 videa-

545 2301 642 2353 tur
667 2299 736 2352 ab
770 2296 1027 2367 homine,
1063 2297 1283 2353 missus
1314 2297 1509 2366 fuerit,
1545 2302 1806 2353 mutatur
1846 2299 1905 2352 in
1936 2314 2193 2368 carnem,

551 2390 619 2440 ut
650 2403 752 2457 per
782 2402 1015 2440 carnem
1048 2386 1205 2440 cerni
1237 2386 1442 2458 possit.
1468 2387 1873 2459 Incorpoream
1906 2388 2196 2459 siquidem

548 2475 822 2530 virtutem
855 2491 968 2528 non
1002 2473 1191 2529 solum
1226 2474 1379 2544 Filii,
1413 2475 1513 2531 sed
1544 2490 1649 2529 nec
1680 2475 1872 2547 angeli
1902 2492 2074 2531 nemo
2105 2492 2201 2548 po-

554 2566 669 2617 test
698 2578 949 2617 cernere.
981 2562 1080 2617 Sin
1112 2579 1244 2618 vero
1279 2562 1597 2619 nonnullus
1639 2563 1921 2620 visionem
1954 2581 2199 2638 conspe-

555 2650 721 2719 xerit,
756 2650 894 2705 mali
927 2651 1210 2706 daemonis
1242 2668 1368 2707 eam
1401 2668 1528 2708 esse
1554 2652 1860 2724 intelligat.

632 2739 800 2809 XVII,
835 2740 1117 2795 Caeterum
1159 2743 1214 2794 et
1261 2740 1333 2795 ab
1387 2739 1585 2812 impiis
1638 2739 1763 2796 visa
1810 2745 1867 2796 et
1909 2740 2206 2798 insomnia

562 2845 699 2885 vera
728 2828 1005 2899 conspici,
1039 2829 1417 2884 manifestum
1449 2832 1557 2898 est,
1592 2833 1767 2901 atque
1802 2846 1871 2885 ex
1887 2831 2206 2903 Scripturis

566 2935 808 2991 possum
863 2919 1283 2975 demonstrare.
1338 2918 1598 2992 Denique
1643 2921 1701 2975 in
1746 2920 1872 2993 lege
1922 2922 2207 2994 scriptum

567 3012 680 3076 est,
711 3007 1206 3079 quemadmodum
1232 3007 1445 3079 impius
1475 3007 2043 3078 Abimelechus,cum
2060 3011 2208 3081 justi

570 3097 888 3153 Abrahami
923 3113 1160 3151 uxorem
1192 3095 1396 3152 vitiare
1435 3102 1690 3169 cuperet,
1724 3115 1758 3153 a
1806 3099 1920 3155 Deo
1960 3101 2211 3156 audierit

569 3185 628 3241 in
662 3203 868 3241 somno
900 3186 1052 3241 sicut
1100 3186 1181 3241 ait
1227 3185 1544 3258 Scriptura,
1594 3201 1665 3242 ne
1712 3187 1875 3242 illam
1924 3192 2206 3261 tangeret,

2300 1939 2386 1994 'Ev
2435 1939 2536 2015 γὰρ
2581 1942 2651 2012 τῇ
2701 1939 2979 1993 ἀναστάσει
3017 1944 3125 1994 τῶν
3175 1943 3397 2014 νεκρῶν,
3431 1936 3555 1994 ὅταν
3605 1942 3626 1975 ⁶
3661 1938 3951 2014 τραπέντες

2302 2025 2379 2089 εἷς
2406 2032 2520 2105 φῶς
2550 2027 2619 2082 τὰ
2648 2029 2875 2101 σώματα
2916 2027 3196 2105 ἰσάγγελοι
3228 2026 3509 2103 γένωνται,
3539 2026 3663 2083 τότε
3694 2025 3823 2082 ἰδεῖν
3859 2024 3950 2083 δυ-

2300 2118 2577 2187 νήσονται.
2637 2114 2809 2191 Πέρας
2865 2120 2991 2193 γοῦν
3050 2117 3145 2173 κᾶν
3204 2115 3451 2193 ἀγγέλων
3528 2138 3609 2179 τις
3684 2116 3954 2192 ἀνθρώπῳ

2306 2203 2536 2283 ὀφθῆναι
2568 2203 2816 2282 πεμφθῇ,
2846 2204 3095 2275 τρέπεται
3130 2205 3206 2268 εἷς
3256 2207 3447 2281 σάρκα,
3463 2203 3553 2260 ⁴ἵνα
3608 2205 3710 2260 ὑπὸ
3759 2204 3956 2280 σαρκὸς

2308 2293 2536 2373 ὀφθῆναι
2565 2296 2717 2351 349
2753 2292 3258 2370 δυνηθῇ.”Ασαρκον
3291 2296 3394 2371 γάρ
3428 2292 3754 2368 δύναμιν,οὐ
3791 2293 3956 2367 μόνον

2306 2384 2459 2452 Υἱοῦ,
2490 2382 2615 2439 ἀλλ’
2646 2386 2667 2419 ⁸
2697 2380 2811 2438 οὐδ’
2842 2382 3076 2459 ἀγγέλου
3108 2380 3239 2439 ἴδεῖν
3271 2405 3354 2446 τις
3389 2381 3628 2439 δύναται.
3662 2382 3725 2438 Εἰ
3766 2379 3823 2437 δὲ
3874 2379 3964 2455 ἴδῃ

2305 2494 2391 2535 τις
2448 2471 2727 2543 ὀπτασίαν,
2768 2478 2937 2528 κακοῦ
2999 2470 3254 2546 δαίμονος
3300 2472 3501 2543 ταύτην
3558 2473 3689 2527 εἶναι
3747 2471 3960 2529 νοείτω.

2384 2741 2551 2797 XVII.
2588 2738 2739 2810 Πλὴν
2778 2738 2860 2795 ὅτι
2912 2739 3000 2794 καὶ
3051 2735 3259 2802 ἀσεϐεῖς
3311 2737 3557 2816 ὁράματα
3605 2740 3695 2794 καὶ
3748 2739 3967 2794 ἐνύπνια

2315 2828 2496 2899 ἀληθῆ
2535 2829 2846 2905 βλέπουσιν,
2871 2826 3040 2898 δῆλόν
3077 2829 3239 2900 ἐστιν,
3271 2830 3360 2883 καὶ
3414 2828 3697 2907 ἐγγράφως
3742 2825 3965 2883 ἀποδεῖ-

2316 2918 2397 2988 ξαι
2431 2916 2681 2991 δύναμαι.
2716 2920 2888 2994 Πέρας
2931 2922 3058 2994 γοῦν
3114 2917 3165 2972 ἐν
3211 2923 3288 2990 τῷ
3335 2918 3489 2991 νόμῳ
3534 2918 3851 2993 γέγραπται,
3888 2918 3968 2981 ὡς

2317 3007 2345 3063 6
2389 3001 2714 3083 Ἀϐιμέλεχ,
2767 3001 2967 3075 ἀσεϐὴς
3009 3003 3105 3078 ὣν,
3152 3007 3252 3075 τὴν
3296 3010 3392 3060 τοῦ
3459 3003 3669 3061 δικαίου
3715 3001 3972 3082 Ἀϐραὰμ

2316 3100 2543 3170 γυναῖκα
2596 3094 2682 3150 ἐπὶ
2731 3094 2989 3166 κοινωνίᾳ
3039 3100 3219 3167 μιᾶναι
3262 3094 3519 3166 θελήσας,
3569 3092 3767 3164 ἤκουσε
3821 3095 3973 3166 παρά

2317 3189 2413 3239 τοῦ
2459 3188 2593 3240 Θεοῦ
2641 3185 2757 3239 καθ’
2787 3182 2972 3253 ὕπνον,
3006 3183 3080 3245 ὡς
3112 3185 3145 3253 ἡ
3175 3189 3359 3262 Γραφὴ
3405 3181 3572 3259 λέγει,
3626 3185 3700 3257 μὴ
3750 3185 3915 3260 θιγεῖν
3949 3187 3972 3221 ⁷

563 3276 717 3346 quod
751 3274 1108 3330 cohabitaret
1138 3291 1271 3329 cum
1302 3253 1444 3330 vi—ro.
1483 3253 1591 3330 Sed
1642 3280 1700 3331 et
1746 3276 1992 3342 Pharao,
2027 3253 2191 3334 homc

2318 3273 2507 3342 αὐτῆς,
2536 3272 2617 3328 ὅτι
2668 3272 2819 3348 ἀνδρὶ
2870 3253 3224 3345 συνῳκηκυῖά
3264 3253 3422 3328 ἐστιν.
3456 3253 3636 3328 ’Ἀλλᾶ
3663 3272 3751 3327 καῖ
3794 3253 3828 3328 ὁ.
3854 3278 3970 3328 Φα-

558 3363 797 3435 impius,
849 3364 1142 3419 somnium
1189 3363 1335 3418 vidit
1378 3364 1448 3418 de
1505 3364 1780 3419 frumenti
1840 3364 2204 3423 abundantia

558 3455 616 3508 et
643 3452 968 3520 sterilitate,
1001 3452 1091 3507 cui
1139 3469 1274 3508 cum
1330 3452 1546 3525 Joseph
1604 3453 1938 3526 explicaret,
1996 3473 2031 3511 a
2092 3457 2204 3514 Deo

560 3542 811 3596 asseruit
841 3540 1070 3596 venisse
1101 3540 1963 3599 somnium.Nahuchodonosor
1986 3548 2200 3600 autem.

556 3628 846 3684 idolorum
880 3628 1089 3699 cultor,
1116 3629 1336 3700 quique
1361 3630 1535 3698 jussit
1569 3634 1632 3685 ut
1662 3631 1761 3686 Dei
1794 3632 2046 3688 cultores
2080 3634 2205 3689 mit-

556 3722 822 3773 terentur
851 3718 909 3771 in
944 3718 1162 3789 ignem,
1198 3717 1501 3774 somnium
1534 3718 1695 3774 vidit.
1748 3721 1903 3791 quod
1938 3722 2202 3779 omnium

558 3807 902 3863 saeculorum
926 3804 1350 3878 longitudinem
1376 3806 1896 3879 complectebatur.
1913 3809 2029 3865 Nec
2050 3810 2205 3867 dicat

558 3894 770 3966 aliquis
805 3913 817 3950 :
851 3898 925 3948 At
954 3893 1153 3949 nullus
1186 3894 1406 3965 impius
1434 3896 1626 3950 visum
1660 3912 1763 3968 per
1790 3896 2048 3969 vigiliam
2079 3916 2201 3956 cer-

560 3984 663 4039 nit.
721 3983 956 4039 Falsum
1006 3990 1113 4037 est.
1175 3987 1304 4054 Ipse
1356 3988 1509 4040 certe
1560 3984 2048 4056 Nabucbonosor,
2101 3988 2199 4060 qui

551 4073 812 4144 jusserat
842 4076 961 4127 tres
994 4072 1148 4127 viros
1178 4072 1237 4125 in
1269 4071 1466 4143 ignem
1501 4073 1674 4141 mitti,
1715 4091 1846 4129 cum
1877 4076 1935 4129 in
1970 4077 2202 4133 fornace

559 4165 835 4233 quartum
903 4160 1249 4228 intueretur,
1284 4161 1408 4216 ait:
1472 4163 1754 4227 Quartum
1801 4164 1985 4235 video,
2045 4165 2201 4222 velut

556 4249 768 4305 Filium
802 4248 919 4304 Dei.
954 4250 1022 4303 Et
1048 4253 1241 4305 tamen
1274 4249 1373 4321 qui
1412 4250 1665 4306 visiones
1714 4255 1771 4306 et
1813 4254 2113 4324 spetacula
2144 4261 2201 4311 et

553 4338 848 4394 insomnia
874 4343 1303 4410 conspexerunt
1329 4355 1482 4407 vera,
1527 4339 1693 4413 impii
1745 4346 1928 4397 erant.
1961 4342 2050 4398 Sic
2082 4361 2194 4400 non

552 4427 752 4484 statim
785 4444 852 4483 ex
883 4445 968 4496 eo,
1005 4444 1119 4499 quo
1173 4428 1307 4498 quis
1365 4433 1563 4484 cernat
1591 4429 1715 4484 visa
1770 4434 1827 4485 et
1881 4430 2193 4503 insomnia,

551 4517 791 4573 omnino
824 4516 959 4589 pius
990 4516 1256 4573 est.Nam
1289 4517 1384 4589 pio
1416 4517 1475 4572 in
1504 4523 1696 4574 mente
1728 4518 1928 4575 innata
1963 4526 2018 4576 et
2047 4538 2195 4592 pura

2314 3364 2448 3440 ραὼ,
2508 3357 2707 3432 ἀσεϐὴς
2757 3361 2915 3438 ἀνὴρ,
2968 3362 3199 3435 ἑώρακεν
3252 3356 3454 3438 ὄνειρόν
3502 3362 3627 3437 περί
3672 3384 3731 3417 τε
3777 3367 3966 3438 πυρῶν

2313 3450 2565 3530 εὐφορίας
2607 3452 2695 3506 καὶ
2746 3450 2995 3529 ἀφορίας,
3026 3450 3072 3523 ᾦ
3121 3451 3149 3505 6
3196 3452 3217 3487 ⁸
3268 3450 3468 3528 Ἰωσὴφ
3527 3449 3767 3506 ἐπιλύων
3816 3452 3972 3526 παρά

2313 3545 2446 3596 Θεοῦ
2487 3535 2587 3617 ἔφη
2618 3540 2709 3594 τὸν
2740 3534 2945 3613 ὄνειρον
2986 3540 3324 3615 γεγενῆσθαι.
3358 3534 3846 3615 Ναϐουχοδονόσορ
3880 3537 3961 3608 δὲ,

2314 3630 2341 3684 ὁ
2392 3626 2595 3685 εἶ’δωλα
2653 3623 2844 3701 σέϐων,
2890 3628 2980 3683 καὶ
3035 3627 3162 3691 τοὺς
3222 3629 3349 3684 Θεὸν
3407 3623 3662 3690 σέϐοντας
3721 3628 3796 3691 εἷς
3852 3633 3963 3704 πῦρ

2310 3716 2568 3779 κελεύσας
2603 3715 2897 3793 βληθῆναι,
2931 3712 3138 3792 ὄνειρον
3169 3716 3302 3774 ὅλου
3354 3719 3563 3791 μήκους
3610 3716 3804 3779 αἰῶνος
3838 3718 3961 3792 ὁρᾷ.

2313 3807 2410 3862 Καὶ
2446 3809 2520 3881 μὴ
2555 3804 2762 3882 λεγέτω
2785 3824 2892 3869 τις’
2927 3804 3084 3862 Ἀλλ’
3123 3806 3303 3883 ὅραμα
3352 3806 3672 3883 ἐγρηγορὼς
3721 3809 3742 3843 ⁹
3784 3803 3963 3870 οὐδεὶς

2312 3892 2517 3951 ἀσεϐῶν
2567 3896 2779 3973 θεωρεῖ.
2833 3890 3042 3956 Ψεῦδός
3094 3894 3254 3951 ἐστιν.
3300 3894 3471 3957 Αὐτὸς
3518 3900 3649 3971 γοῦν
3684 3897 3712 3951 6
3756 3890 3969 3950 Ναϐου-

2311 3983 2615 4061 χοδονόσορ
2653 3989 2798 4059 τρεῖς
2848 3981 3039 4057 ἄνδρας
3086 3982 3343 4047 κελεύσας
3393 3982 3661 4061 βληθῆναι
3708 3985 3782 4046 εἷς
3833 3988 3967 4060 πῦρ,

2311 4072 2497 4130 ἐνιδὼν
2527 4078 2596 4148 τῇ
2627 4072 2843 4147 καμίνῳ
2872 4073 3121 4149 τέταρτον
3159 4077 3203 4110 ¹⁰
3233 4070 3357 4149 ἔφη·
3398 4074 3498 4129 Τὸν
3544 4075 3798 4147 τέταρτον
3852 4075 3970 4147 ὁρῶ

2310 4164 2383 4225 ὡς
2414 4164 2536 4217 Υἱὸν
2570 4166 2725 4219 Θεοῦ.
2758 4163 2857 4216 Καὶ
2888 4161 3042 4235 ὅμως
3078 4162 3335 4225 ὀπτασίας
3363 4183 3422 4217 τε
3452 4161 3541 4217 καὶ
3595 4163 3844 4239 ὁράματα
3872 4162 3971 4217 καὶ

2308 4251 2529 4307 ἐνύπνια
2587 4252 2818 4327 ὁρῶντες
2889 4251 3094 4321 ἀληθῆ,
3153 4245 3361 4313 ἀσεϐεῖς
3430 4252 3586 4321 ἦσαν.
3647 4251 3830 4313 Οὕτως
3900 4250 3969 4305 οὐ

2306 4340 2522 4403 πάντως
2571 4340 2629 4396 ἐκ
2674 4343 2771 4395 τοῦ
2821 4340 2948 4415 ὁρᾷν
2998 4361 3117 4395 τινα
3168 4340 3416 4415 ὁράματα
3457 4340 3548 4395 καὶ
3609 4339 3825 4394 ἐνύπνια
3870 4339 3966 4394 καὶ

2308 4429 2568 4492 ὀπτασίας
2612 4427 2825 4491 πάντως
2873 4422 3097 4499 εὐσεϐής
3126 4427 3287 4485 ἐστιν.
3327 4432 3412 4500 Τῷ
3449 4430 3554 4505 γὰρ
3604 4423 3812 4485 εὐσεϐεῖ
3861 4427 3965 4501 ἐμ-

2305 4518 2457 4598 φύτῳ
2512 4518 2602 4573 καὶ
2663 4518 2880 4592 καθαρῷ
2937 4513 3222 4586 ἀναϐλύζει
3280 4515 3364 4591 τῷ
3407 4522 3481 4590 νῷ
3508 4519 3571 4573 τὸ
3603 4515 3827 4589 άληθὶς,
3863 4516 3970 4572 οὐκ

548 4611 733 4663 scatet
756 4606 986 4677 veritas,
1021 4623 1136 4662 non
1170 4622 1298 4678 qum
1328 4622 1433 4677 per
1463 4623 1735 4663 somnum
1767 4607 2191 4682 aﬂ‘ectatur,sed

2312 4608 2506 4684 ὀνείρῳ
2540 4604 2975 4681 σπουδαζόμενον
3010 4609 3074 4681 ¹¹,
3108 4605 3255 4663 ἀλλὰ
3295 4605 3499 4663 συνέσει
3539 4606 3761 4683 ἀγαθοῖς
3810 4602 3965 4662 διδό-

550 4712 676 4769 quae
708 4712 809 4769 per
837 4694 1286 4769 intelligentiam
1318 4694 1488 4751 bonis
1519 4696 1878 4753 conceditur.

2314 4720 2407 4774 μεν
2414 4719 2474 4753 ον
2486 4742 2499 4755 .

1894 4875 2140 4935 VARIIE
2178 4877 2481 4937 LECTION
2489 4876 2594 4934 ES.

621 5018 642 5053 ²
670 5014 1183 5093 yaiputranscripsi
1220 4979 1323 5093 es:
1354 5016 1419 5072 Ο.
1476 5016 1639 5093 Tum
1684 5012 1854 5093 εἷδὲαν
1914 5020 1972 5074 C.
2048 5019 2072 5055 ⁸
2129 5018 2328 5093 ἐῶντος
2359 5021 2427 5093 ΔΟ.
2456 5091 2471 5093 Α
2505 5020 2528 5055 ⁸
2581 5018 2682 5093 iter
2706 5017 2773 5093 β,
2825 5012 3024 5093 δίκαιοι
3052 5020 3116 5093 9,
3140 5019 3211 5093 9.
3247 5021 3313 5073 In
3338 5018 3390 5093 _0
3421 5020 3558 5074 nota
3588 5016 3961 5093 marginalia,

548 5084 714 5196 $5570
742 5084 871 5143 νόθα
897 5084 1103 5158 ταῦταξ
1117 5088 1186 5143 ad
1220 5088 1367 5142 Vbb.
1403 5088 1802 5143 antecedentia
1831 5098 2120 5160 spectans.
2198 5092 2219 5126 ³
2247 5089 2326 5145 ὅτ’
2352 5090 2412 5144 ἄν
2444 5091 2505 5146 G.
2582 5091 2602 5124 ³
2632 5084 2763 5143 ἀλλ*
2788 5089 2925 5145 add.
2959 5105 3009 5144 c.
3042 5084 3108 5145 Ο.
3140 5089 3220 5144 Ex
3250 5088 3453 5145 eodem
3502 5084 3746 5145 accessit
3798 5084 3959 5146 ἰδεῖν.

604 5163 681 5196 Nn
716 5162 752 5196 Ω
810 5160 906 5196 nni
941 5161 1155 5196 nnnfénf
1187 5158 1439 5196 thmlbr
1466 5160 1671 5196 {lacunar
1724 5159 1944 5196 Parim”.
1998 5163 2105 5196 oon
2158 5160 2323 5196 οιυρ...
2378 5164 2418 5196 Π
2473 5163 2516 5196 ll
2613 5161 2635 5195 8
2666 5158 2937 5196 ι-ιίηνηηῖηρ
2966 5159 3054 5196 νη)
3086 5160 3115 5196 Ἀ
3147 5160 3174 5196 Α
3208 5177 3242 5196 n
3300 5158 3551 5196 EI’nMﬂh!NP
3601 5159 3687 5196 vn:
3724 5158 3959 5196 Zmnnln'

548 5158 575 5196 τ
602 5158 687 5217 Ita
716 5162 774 5230 S,
810 5160 906 5232 qui
941 5161 1159 5215 confért
1187 5158 1439 5214 Schaefer
1466 5160 1688 5227 Gregor.
1724 5158 1967 5216 Corinth.
1998 5163 2125 5227 990,
2158 5160 2346 5236 θίγειν,
2378 5164 2440 5231 0,
2473 5163 2534 5218 0.
2613 5161 2635 5195 ⁸
2666 5158 2937 5236 εὐφημίας
2966 5159 3056 5213 καὶ
3086 5160 3115 5214 ’ὀ
3147 5160 3175 5213 ὁ
3208 5177 3264 5233 p.
3300 5158 3551 5235 εὐφορίας
3601 5159 3690 5213 καὶ
3724 5158 3959 5289 imposta:

548 5231 594 5306 ᾧ
625 5231 652 5285 ὁ
685 5233 748 5288 Ο.
790 5234 846 5306 λθ
876 5228 1171 5306 ἐγρηγορόν
1205 5229 1268 5286 0.
1349 5230 1394 5266 1°
1450 5234 1537 5285 Ita
1589 5230 1632 5286 0
1688 5236 1745 5287 et
1800 5249 1987 5305 marg.
2046 5234 2130 5304 Ci,
2163 5234 2264 5305 qui
2297 5234 2354 5290 in
2406 5238 2565 5289 textu
2614 5231 2744 5288 exh.
2777 5231 3193 5306 τεταρτώτατον.
3272 5234 3313 5267 ¹¹
3350 5228 3784 5304 σπουδαζόμενον
3900 5248 3957 5291 ο.

546 5299 613 5371 Ι),
645 5299 1055 5376 σπουδαζόμενα
1082 5299 1143 5357 C.

1927 5428 2312 5487 VARIORUM
2344 5429 2573 5486 ΝΟΤιΕ.

615 5564 730 5634 (54)
783 5562 1071 5636 Ἀσαρκον.
1134 5563 1290 5636 Nota
1347 5558 1599 5636 ἅσαρκον,
1651 5579 1799 5636 Anon
1878 5560 2190 5635 ἀσώματον,

2304 5580 2516 5636 corpus
2546 5567 2741 5637 tenue,
2774 5560 2930 5618 velut
2959 5561 3177 5630 lumen,
3210 5578 3325 5618 non
3362 5566 3558 5620 autem
3591 5579 3805 5637 corpus
3829 5580 3964 5620 car-

543 5633 780 5708 propter
809 5634 865 5708 id
897 5633 1050 5708 quod
1084 5633 1489 5708 scribebamus
1531 5633 1704 5708 paulo
1735 5638 1889 5703 ante,
1914 5633 2196 5708 ad'caput
2304 5633 2502 5692 neum.
2534 5635 2664 5691 Co'r.

540 5705 573 5765 7
624 5706 803 5779 hujus
852 5705 1103 5763 bomillze
1146 5723 1160 5775 ;
1202 5710 1317 5761 Deo
1365 5705 1899 5764 enimtrihuerunt
1921 5705 2191 5765 nonnulli
