4140 6344
230 452 341 513 401

1325 452 1853 517 CLEMENTINA.
1889 483 1968 497 -
1998 452 2326 515 HOMILIA
2369 454 2557 517 XVII.

3527 456 3646 518 402

300 585 459 643 350
509 586 701 641 XVIII.
754 583 939 667 Οὕτως
985 586 1086 662 γὰρ
1134 585 1304 659 κάμοὶ
1360 585 1467 641 ἀπὸ
1523 582 1619 640 τοῦ
1676 583 1865 656 Πατρὸι

2071 584 2265 641 XVIII.
2301 586 2393 642 Sic
2441 587 2597 655 enim
2634 590 2690 644 et
2737 585 2882 643 mihi
2931 604 2965 643 a
3010 586 3172 643 Patre
3225 586 3512 645 revelatus
3559 592 3649 645 est

228 671 587 752 ἀπεκαλύφθη
641 674 668 727 6
718 673 861 737 Υἱός.
897 676 988 729 Διὸ
1040 673 1161 730 οἶδα
1207 676 1286 738 τίς
1332 673 1558 747 δύναμις
1606 670 1865 728 ἀποκαλῦ·

1997 673 2197 729 Filius.
2230 678 2419 740 Quare
2452 677 2606 745 novi,
2642 695 2767 750 quae
2819 678 2897 732 sit
2929 675 3294 734 revelationis
3341 676 3451 747 vis,
3480 696 3513 734 a
3552 695 3646 734 me

228 762 395 834 ψεως,
429 761 519 839 ἀφ’
568 762 762 817 ἑαυτοῦ
816 764 1022 836 μαθών.
1056 767 1209 837 ’Ἀμα
1257 765 1361 839 γὰρ
1407 768 1487 835 τῷ
1534 765 1625 818 τὸν
1691 761 1885 836 Κύριον

228 849 397 904 εἰπεῖν
432 853 499 923 η,
538 850 665 906 Τίνα
691 852 852 907 αὐτὸν
883 851 1133 927 λέγουσιν
1155 873 1168 923 ;
1191 853 1279 907 καὶ
1314 851 1519 915 ἄλλους
1548 850 1686 907 ἄλλο
1716 873 1768 906 τι
1801 849 1888 905 λέ-

224 960 418 1015 γοντας
448 939 608 995 αὐτὸν
642 940 945 1011 ἀκηκοότος
979 941 1138 1014 ἐμοῦ,
1172 942 1258 997 ἐπὶ
1286 948 1389 1011 τῆς
1437 938 1661 1018 καρδίας
1695 934 1882 1009 ἀνέϐη·

226 1027 323 1082 οὒκ
380 1025 506 1083 οἴδα
561 1027 653 1084 οῦν
713 1035 831 1093 πῶς
892 1030 1060 1085 εἶπον·
1097 1030 1172 1085 Σὺ
1205 1031 1309 1085 εἶὸ
1350 1031 1471 1093 Υἱὸς
1526 1034 1620 1085 τοῦ
1682 1034 1881 1100 ζῶντος

224 1121 377 1174 Θεοῦ.
436 1117 537 1172 Τὸν
617 1116 676 1172 δὲ
746 1118 1117 1196 μακαρίσαντά
1179 1140 1244 1192 με
1320 1117 1554 1193 μηνῦσαί
1616 1139 1730 1191 μοι,
1787 1117 1879 1171 τὸν

1624 1228 1740 1279 μοι,
1789 1206 1881 1260 τὸν

222 1209 378 1261 Θεοῦ.
439 1206 538 1261 Τὸν
598 1204 657 1261 δὲ
714 1207 1078 1281 μακαρίσαντά
1165 1230 1231 1281 με
1300 1206 1536 1281 μηνῦσαί

219 1292 649 1369 ἀποκαλύψαντα
709 1296 915 1372 Πατέρα
965 1299 1120 1367 εἴναι,
1184 1296 1279 1369 ἐμὲ
1329 1295 1385 1351 δὲ
1434 1293 1615 1351 ἔκτοτε
1672 1296 1876 1368 μαθεῖν,

216 1382 297 1439 ὅτι
330 1385 399 1439 τὸ
450 1382 778 1456 ἀδιδάκτως,
810 1384 928 1441 ἄνευ
974 1386 1233 1448 ὀπτασίας
1279 1386 1367 1440 καὶ
1414 1385 1632 1454 ὀνείρων
1690 1386 1874 1457 μαθεῖν

216 1472 566 1547 ἀποκάλυψίς
618 1473 780 1532 ἐστιν.
815 1474 916 1531 Καὶ
966 1474 1188 1546 ἀληθῶς
1241 1475 1413 1537 οὕτως
1473 1472 1609 1550 ἔχει.
1644 1476 1727 1529 Ἐν
1774 1472 1875 1549 γὰρ

209 1566 276 1635 τῇ
311 1562 368 1617 ἐν
413 1566 551 1635 ἡμῖν
607 1562 667 1618 ἐκ
713 1568 847 1619 Θεοῦ
892 1565 1103 1638 τεθείσῃ
1152 1568 1532 1640 σπερματικῶς
1564 1559 1800 1638 [καρδίᾳ]
1832 1564 1874 1598 ¹⁸

206 1657 352 1705 πᾶσα
410 1649 607 1706 ἔνεστιν
638 1654 674 1721 ἡ
715 1652 966 1723 ἀλήθεια,
998 1658 1129 1708 Θεοῦ
1179 1651 1237 1708 δὲ
1286 1653 1433 1728 χειρὶ
1486 1653 1732 1707 σκέπεται
1783 1650 1872 1706 καὶ

208 1738 677 1806 ἀποκαλύπτεται,
708 1746 804 1796 τοῦ
837 1740 1183 1816 ἐνεργοῦντος
1220 1745 1264 1779 ¹⁴
1293 1740 1356 1796 τι)
1404 1743 1519 1797 κατ’
1567 1741 1711 1812 ἀξίαν
1748 1740 1868 1795 ἐκά-

208 1833 337 1883 στου
372 1827 603 1891 εἰδότος.
635 1830 706 1884 Τὸ
729 1827 788 1884 δὲ
818 1827 1006 1903 ἔξωθεν
1041 1827 1110 1884 δι’
1144 1830 1412 1886 ὀπτασιῶν
1463 1830 1552 1884 καὶ
1606 1829 1866 1884 ἐνυπνίων

1997 763 2123 835 ipso
2156 764 2411 821 edoctus.
2439 766 2586 821 Nam
2618 765 2792 822 simul
2825 782 2891 821 ac
2928 766 3209 821 Dominus
3242 766 3641 838 interrogavit,

1996 868 2171 924 quem
2223 870 2356 908 eum
2407 855 2685 923 dicerent,
2718 859 2773 910 et
2823 872 2926 926 ego
2971 854 3114 909 alios
3146 854 3301 909 aliud
3342 855 3483 926 quid
3514 870 3642 911 esse

1993 956 2127 996 eum
2183 943 2599 1013 respondentes
2650 943 2867 1010 audivi,
2902 944 2956 997 in
2989 961 3088 998 cor
3118 961 3310 998 meum
3357 944 3638 1013 ascendit,

1994 1046 2098 1084 nec
2130 1048 2260 1087 vero
2311 1031 2452 1100 scio,
2485 1049 2601 1104 qua
2645 1032 2870 1087 ratione
2916 1032 3159 1087 dixerim
3197 1049 3209 1085 :
3244 1034 3311 1087 Tu
3359 1049 3413 1089 es
3463 1034 3641 1088 Filius

1990 1119 2091 1174 Dei
2118 1121 2230 1175 vivi
2256 1120 2461 1191 (a).Ille
2493 1127 2687 1177 autem
2725 1122 2961 1177 beatum
3005 1138 3095 1176 me
3126 1122 3449 1192 praedicans
3482 1122 3636 1177 indi-

1990 1209 2142 1264 cavit
2187 1209 2352 1278 mihi,
2409 1226 2564 1277 eum,
2616 1210 2713 1281 qui
2783 1210 3153 1276 revelaverat,
3206 1210 3433 1266 Patrem
3484 1227 3633 1279 esse,

1990 1301 2162 1369 atque
2206 1314 2273 1352 ex
2329 1315 2394 1353 eo
2454 1303 2712 1371 tempore
2767 1299 2963 1368 didici,
3016 1299 3420 1355 revelationem
3482 1317 3634 1369 esse,

1988 1387 2223 1457 quando
2274 1386 2493 1458 absque
2543 1394 2889 1459 praeceptore
2937 1392 2994 1442 et
3041 1388 3259 1444 visione
3289 1405 3354 1443 ac
3384 1389 3631 1444 somniis

1987 1476 2311 1532 erudimur.
2345 1481 2425 1531 A3
2476 1493 2605 1532 vere
2647 1477 2725 1531 ita
2774 1476 2967 1532 habet.
3002 1477 3298 1547 Siquidem
3344 1478 3401 1532 in
3434 1479 3627 1549 corde,

1986 1565 2140 1636 quod
2173 1564 2231 1619 in
2266 1565 2430 1621 nobis
2464 1566 2657 1637 posuit
2686 1566 3137 1633 Deus,uni\'ersa
3169 1567 3353 1621 instar
3382 1566 3629 1623 seminis

1983 1654 2135 1709 inest
2181 1655 2415 1723 veritas,
2450 1655 2669 1728 tegitur
2717 1672 2849 1711 vero
2883 1672 2949 1709 ac
2979 1655 3266 1711 revelatur
3315 1672 3492 1710 manu
3525 1655 3625 1711 Dei

1980 1743 2274 1815 operantis
2318 1761 2384 1799 ac
2437 1743 2805 1815 singulorum
2859 1743 3135 1798 meritum
3197 1744 3623 1815 cognoscentis.

1979 1832 2351 1887 Extrinsecus
2370 1838 2563 1887 autem
2598 1849 2699 1904 per
2728 1833 2981 1888 visiones
3007 1837 3063 1888 et
3092 1832 3385 1888 insomnia
3399 1832 3621 1904 aliquid

206 1916 534 1989 δηλωθῆναί
561 1917 737 1991 τι,δτι
762 1919 860 1974 οὐκ
890 1918 1029 1975 ἔστιν
1061 1917 1641 1993 ἀποκαλύψειυςρλλά
1674 1919 1863 1995 ὀργῆς,

1979 1920 2278 1989 declarari,
2310 1927 2551 1994 apparet
2599 1940 2711 1977 non
2744 1938 2871 1976 esse
2925 1922 3315 1991 revelationis,
3350 1923 3450 1977 sed
3498 1923 3635 1978 ἦρξε..

204 2007 477 2085 φαίνεται.
513 2010 688 2084 Πέρας
719 2014 849 2084 γοῦν
875 2008 1167 2086 γέγραπται
1202 2008 1253 2063 ἐν
1284 2013 1363 2080 τῷ
1390 2008 1546 2081 νόμῳ
1578 2007 1659 2062 δτι
1713 2008 1863 2083 ὀργι-

204 2098 350 2159 σθεὶς
386 2099 416 2152 6
445 2098 571 2159 Θεὸς
633 2098 842 2171 ’Δαρὼν
900 2097 988 2152 καὶ
1032 2098 1275 2175 ¹Μαριὸιμ
1326 2094 1448 2176 ἔφη’
1485 2097 1604 2151 Ἐὰν
1663 2098 1861 2171 ἀναστῇ

202 2188 503 2262 προφήτης
575 2186 627 2257 ἐξ
699 2187 873 2259 ὑμῶν,
942 2184 1009 2241 δι’
1083 2186 1371 2263 ὁραμάτων
1441 2186 1531 2241 καὶ
1606 2184 1863 2241 ἐνυπνίων

201 2273 353 2347 αὖτῷ
431 2277 901 2351 γνωρισθήσομαι,
979 2275 1087 2351 οὐχ
1162 2275 1340 2338 οὕτως
1407 2272 1465 2329 δὲ
1520 2274 1594 2337 ὡς
1652 2276 1861 2346 Μωυσῇ

199 2362 282 2435 τῷ
355 2363 643 2438 θεράποντί
720 2386 846 2437 μου,
906 2363 988 2420 ὅτι
1063 2364 1115 2419 ἐν
1194 2361 1325 2419 εἷ’δει
1398 2364 1487 2418 καὶ
1565 2362 1626 2417 οὐ
1691 2362 1760 2417 δι’
1819 2366 1863 2399 1³

201 2451 465 2508 ἐνυπνίων
530 2450 761 2523 λαλήσω
835 2453 970 2529 πρὸς
1043 2453 1225 2520 αὐτὸν,
1284 2454 1358 2515 ὡς
1432 2450 1561 2515 εἷ’τις
1630 2450 1863 2523 λαλήσει

202 2543 344 2616 πρὸς
402 2544 494 2596 τὸν
552 2542 748 2598 ἑαυτοῦ
806 2542 988 2622 φίλον.
1038 2543 1199 2618 Ὀρᾷς
1248 2548 1367 2605 πῶς
1422 2543 1489 2598 τά
1544 2549 1643 2611 τῆς
1693 2542 1862 2618 ὀργῆς

204 2627 274 2685 δι’
323 2630 619 2704 ὁραμάτων
668 2633 760 2685 καὶ
812 2630 1097 2699 ἐνυπνίων,
1127 2631 1194 2685 τά
1224 2628 1281 2685 δὲ
1320 2634 1469 2689 351
1507 2630 1641 2707 πρὸς
1701 2628 1860 2707 φίλον

202 2719 383 2792 στόμα
418 2722 558 2775 κατά
606 2720 802 2793 στόμα,
836 2719 887 2775 ἐν
941 2718 1093 2791 εἴδει,
1150 2721 1241 2775 καὶ
1292 2720 1353 2775 οὐ
1405 2718 1475 2775 δι’
1522 2718 1859 2793 αἰνιγμάτων

205 2811 295 2864 καὶ
328 2808 624 2885 ὁραμάτων
658 2809 747 2865 καὶ
782 2809 1038 2864 ἐνυπνίων
1075 2812 1136 2882 ¹⁶,
1169 2810 1245 2871 ὡς
1275 2810 1411 2885 πρὸς
1444 2808 1664 2885 ἐχθρόν.

270 2904 411 2955 XIX.
445 2899 511 2954 Εἰ
546 2902 588 2938 ¹⁷
621 2900 716 2972 μὲν
750 2897 840 2953 οῦν
872 2899 961 2954 καὶ
994 2898 1077 2954 σοὶ
1111 2901 1137 2954 6
1168 2900 1375 2965 Ἰησοῦς
1407 2901 1567 2970 ἡμῶν
1621 2895 1690 2953 δι’
1738 2897 1861 2973 ὁρά-

208 3008 375 3059 ματος
408 2988 595 3066 ὀφθεὶς
628 2987 870 3063 ἐγνώσθη
916 2988 1004 3043 καὶ
1056 2986 1358 3061 ὡμίλησεν,
1387 2988 1460 3049 ὡς
1504 2986 1861 3059 ἀντικειμένῳ

206 3074 585 3150 ὀργιζόμενος,
623 3074 707 3131 διὸ
766 3074 837 3130 δι’
892 3075 1180 3152 ὁραμάτων
1230 3076 1320 3130 καὶ
1373 3076 1631 3130 ἐνυπνίων
1684 3076 1719 3145 ἢ
1770 3074 1859 3129 καὶ

204 3161 270 3218 δι’
300 3163 703 3239 ἀποκαλύψεων
731 3163 920 3236 ἔξωθεν
953 3164 1125 3219 οὐσῶν
1158 3164 1444 3236 ἐλάλησεν.
1474 3162 1545 3219 Εἷ¹
1590 3167 1631 3202 ³⁸
1678 3185 1762 3226 τις
1804 3160 1862 3218 δὲ

202 3250 268 3307 δι’
317 3254 583 3309 ὀπτασίαν
639 3256 775 3331 πρὸς
830 3251 1176 3309 διδασκαλίαν
1218 3255 1536 3332 σοφισθῆναι
1598 3251 1857 3322 δόναται;

202 3341 295 3397 Καὶ
342 3343 389 3397 εἰ
445 3343 541 3413 μὲν
595 3321 751 3418 ἐρείςο
795 3343 1023 3397 Δυνατόν
1077 3342 1241 3412 ἐστιν,
1294 3321 1383 3397 διὰ
1427 3321 1479 3396 τί
1527 3342 1645 3415 ὅλῳ
1688 3341 1857 3396 ἐνιαυ-
1892 3321 1935 3387 C

197 3436 276 3503 τῷ
311 3434 359 3468 ¹⁹
387 3434 506 3503 (55)
545 3431 869 3508 ἐγρηγορόσι
914 3431 1239 3507 παραμένων
1291 3430 1571 3503 ὡμίλησεν
1623 3433 1651 3487 6
1700 3428 1859 3486 Διδά-

199 3520 447 3590 σκαλος;
487 3524 604 3583 πῶς
668 3518 725 3575 δέ
778 3541 862 3575 σοι
908 3520 996 3575 καὶ
1049 3519 1406 3593 πιστεύσομεν
1458 3519 1609 3591 αὐτὸ,
1640 3519 1734 3575 κᾶν
1779 3519 1860 3576 ὅτι

199 3606 358 3689 ὤφθη
394 3629 524 3679 σοι;
560 3614 685 3672 Πῶς
716 3609 773 3665 δέ
802 3631 886 3665 σοι
938 3610 1027 3665 καὶ
1078 3606 1259 3688 ὤφθη,
1292 3610 1456 3665 ὁπότε
1487 3613 1532 3647 ²⁰
1587 3609 1751 3665 αὐτοῦ
1797 3609 1863 3664 τὰ

194 3699 411 3755 ἐναντία
468 3702 537 3772 τῇ
597 3696 920 3770 διδασκαλίᾳ
976 3698 1335 3777 φρονεῖς;Εἰ
1394 3698 1451 3754 δὲ
1508 3699 1594 3753 ὑπ’
1654 3698 1862 3754 ἐκείνου

200 3794 333 3861 μιᾶς
368 3788 516 3864 ὥρας
548 3787 731 3867 ὀφθεὶς
760 3788 848 3843 καὶ
887 3787 1240 3860 μαθητευθεὶς
1298 3786 1603 3851 ἀπόστολος
1654 3786 1860 3862 ἐγένου,

198 3879 291 3939 τὰς
338 3876 547 3931 ἐκείνου
602 3877 779 3954 φωνὰς
834 3877 1086 3950 κήρυσσε,
1146 3876 1214 3929 τὰ
1291 3874 1493 3930 ἐκείνου
1576 3875 1861 3951 ἐρμήνευε,

198 3966 327 4029 τοὺς
362 3964 572 4020 ἐκείνου
603 3963 941 4028 ἀποστόλους
986 3963 1157 4043 φίλει,
1188 3964 1312 4037 ἐμοὶ
1359 3965 1440 4037 τῷ
1491 3963 1862 4040 συγγενομένῳ

204 4054 349 4125 αὐτῷ
396 4055 475 4126 μή
513 4053 716 4129 μάχου.
750 4054 893 4131 Πρὸς
924 4056 1028 4128 γὰρ
1080 4053 1295 4130 στερεὰν
1344 4055 1541 4129 πέτραν
1595 4048 1723 4109 ὄντα
1775 4075 1859 4127 με,

204 4140 464 4215 θεμέλιον
495 4143 847 4216 Ἑκκλησίας,
898 4142 1134 4205 ἐναντίος
1185 4141 1510 4213 ἀνθέστηκάς
1572 4163 1664 4214 μοι
1697 4145 1764 4197 ²¹.
1799 4142 1863 4197 Ei

210 4232 283 4303 μή
319 4231 690 4305 ἀντικείμενος
738 4231 826 4306 ᾖς,
859 4231 958 4286 οὐκ
986 4232 1046 4286 ἄν
1084 4252 1149 4305 με
1193 4225 1505 4286 διαϐάλλων
1536 4232 1599 4285 τὸ
1632 4228 1699 4285 δι’
1729 4230 1862 4304 ἐμοῦ

207 4322 468 4396 κηρυγμα
493 4317 792 4396 ἐλοιδόρεις
822 4323 890 4390 ³³,
917 4319 1031 4393 ἵνα,
1064 4321 1093 4376 ’ὀ
1123 4320 1269 4394 παρὰ
1326 4323 1421 4374 τοῦ
1454 4319 1653 4396 Κυρίου
1702 4319 1861 4382 αὐτὸς

209 4408 391 4481 παρὼν
451 4407 683 4478 ἀκήκοα,
715 4405 889 4483 λέγων
949 4409 1023 4480 μή
1073 4407 1437 4480 πιστεύωμαι,
1473 4406 1641 4476 δῆλον
1675 4406 1757 4463 δτι
1786 4408 1861 4470 ὡς

209 4493 340 4568 ἐμοῦ
397 4497 870 4571 καταγνωσθέντος
901 4496 992 4551 καὶ
1049 4495 1188 4569 ἐμοῦ
1242 4498 1287 4531 ³³
1319 4493 1758 4568 εὐδοκιμοῦντος.
1792 4499 1862 4555 Ἢ

211 4583 253 4639 εί
280 4586 720 4661 κατεγνωσμένον
755 4605 822 4659 με
852 4582 1055 4661 λέγεις,
1088 4588 1223 4641 Θεοῦ
1264 4588 1362 4639 τοῦ
1412 4584 1859 4661 ἀποκαλύψαντός

298 4711 331 4749 a
380 4693 591 4751 Matth.
624 4712 738 4761 xv1,
773 4696 842 4750 16

277 4694 353 4837 ibi
380 4765 561 4821 Num.
592 4783 693 4833 xu,
723 4767 797 4835 6;
830 4766 842 4821 l

301 4765 352 4835 ὁ)
380 4765 561 4821 Num.
592 4783 693 4833 xu,
723 4767 797 4835 6;
830 4765 1007 4823 Exod.
1038 4782 1236 4834 mm,
1273 4766 1359 4821 11.

1975 2010 2235 2081 Denique
2266 2010 2324 2065 in
2358 2011 2483 2083 lege
2512 2012 2800 2083 scriptum
2829 2013 3126 2079 est,Deum
3160 2012 3373 2066 iratum
3404 2011 3617 2066 Aaroni

1972 2104 2028 2155 et
2059 2100 2249 2154 Maria:
2283 2100 2499 2154 dixisse
2532 2116 2545 2156 :
2578 2101 2640 2156 Si
2680 2103 2985 2156 surrexerit
3024 2102 3296 2172 prapheta
3325 2117 3394 2155 ex
3438 2101 3614 2167 vobis,

1968 2204 2069 2259 per
2095 2188 2329 2243 visiones
2358 2205 2420 2243 ac
2451 2191 2728 2245 insomnia
2756 2192 2808 2245 ei
2834 2190 3123 2261 apparebo,
3154 2206 3263 2243 non
3293 2191 3475 2244 autem
3512 2191 3609 2261 sic,

1972 2276 2428 2346 quemadmodum
2458 2277 2631 2349 Moysi
2656 2279 2865 2349 famulo
2920 2294 3058 2345 meo,
3093 2280 3355 2349 quoniam
3384 2280 3441 2333 in
3490 2296 3611 2351 spe-

1972 2366 2078 2431 cie,
2111 2381 2217 2420 non
2266 2369 2452 2421 autem
2478 2383 2577 2438 per
2624 2368 2901 2422 insomnia
2930 2368 3123 2439 loquar
3152 2368 3225 2423 ad
3272 2367 3436 2435 hunc,
3466 2370 3616 2425 velut

1970 2456 2022 2508 si
2052 2457 2173 2524 quis
2222 2455 2479 2526 loquatur
2507 2455 2584 2511 ad
2629 2458 2873 2511 amicum
2927 2474 3089 2511 suum
3121 2457 3217 2529 (ὁ).
3251 2456 3451 2512 Cernis
3499 2474 3614 2528 quo

1973 2543 2167 2611 modo,
2200 2560 2327 2616 quae
2376 2560 2444 2599 ex
2469 2543 2575 2614 ira,
2609 2560 2710 2615 per
2741 2544 2863 2599 visa
2892 2545 3012 2599 sint
3056 2549 3113 2599 et
3141 2544 3453 2612 insomnia,
3490 2563 3616 2617 quas

1971 2647 2103 2686 vero
2135 2633 2207 2686 ad
2256 2631 2533 2697 amicum,
2568 2650 2632 2688 os
2685 2633 2756 2687 ad
2787 2650 2873 2700 os,
2911 2633 2967 2689 in
3017 2633 3225 2703 specie,
3260 2638 3316 2688 et
3346 2652 3461 2689 non
3516 2652 3618 2706 per

1973 2720 2284 2793 aanigmata
2312 2721 2435 2777 visa
2462 2725 2518 2777 et
2550 2722 2863 2791 insomnia,
2900 2721 3051 2779 sicut
3077 2723 3147 2777 ad
3181 2721 3505 2778 inimicum.

2042 2898 2181 2955 XIX.
2218 2901 2419 2970 Itaque
2467 2899 2516 2954 si
2545 2899 2652 2955 tibi
2687 2899 2860 2955 etiam
2915 2900 3091 2956 Jesus
3139 2905 3339 2956 noster
3386 2902 3446 2956 in
3493 2902 3616 2959 viso

1973 2992 2321 3059 conspectus
2352 2989 2624 3060 apparuit
2651 3006 2717 3044 ac
2747 2988 2977 3044 locutus
2994 2992 3395 3062 est,tanqoam
3420 2991 3621 3048 adver-

1972 3076 2125 3133 sario
2158 3077 2363 3145 iratus,
2396 3077 2524 3133 ideo
2558 3096 2660 3150 per
2689 3079 2813 3135 visa
2845 3084 2900 3133 et
2930 3079 3351 3147 insomnia,vel
3383 3096 3616 3152 quoque

1972 3183 2074 3238 per
2130 3167 2486 3223 extrinsccas
2539 3167 2915 3223 revelationes
2982 3168 3281 3223 disseruit.
3339 3171 3424 3223 An
3481 3187 3614 3225 vero

1974 3259 2164 3327 potest
2193 3255 2407 3327 aliquis
2438 3272 2539 3327 per
2564 3255 2846 3311 visionem
2878 3255 3104 3310 institui
3136 3257 3205 3310 ad
3241 3256 3563 3312 doctrinam
3588 3257 3617 3311 ‘2

1974 3345 2135 3409 Quod
2186 3345 2234 3399 si
2263 3345 2424 3399 dicas
2472 3362 2663 3416 posse,
2699 3362 2879 3416 quare
2926 3360 3027 3415 per
3057 3362 3277 3400 annum
3326 3346 3614 3417 integrum

1972 3450 2105 3489 cum
2137 3432 2517 3503 vigilantibus
2549 3450 2896 3504 permanens
2947 3432 3272 3488 collocutus
3302 3438 3391 3489 est
3420 3434 3617 3489 Domi-

1973 3540 2084 3578 nus
2105 3522 2133 3577 ?
2164 3523 2233 3577 Et
2263 3539 2376 3593 quo
2408 3527 2574 3593 pacto
2605 3521 2711 3575 tibi
2742 3521 2850 3577 hoc
2880 3521 3073 3593 ipsum
3108 3523 3438 3589 credamus,
3462 3524 3617 3594 quod

1973 3610 2077 3666 tibi
2138 3609 2520 3683 apparuerit?
2562 3610 2633 3665 Et
2692 3627 2809 3681 quo
2869 3610 3039 3665 modo
3098 3610 3201 3664 tibi
3262 3613 3617 3683 apparuerit,

1972 3716 2104 3755 cum
2160 3699 2452 3755 contraria
2498 3698 2658 3755 illius
2689 3699 2965 3754 doctrinae
3014 3698 3287 3754 sentias?
3315 3702 3413 3754 Sin
3464 3718 3618 3771 vero,

1974 3788 2044 3845 ab
2074 3788 2174 3843 illo
2208 3805 2309 3860 per
2338 3805 2517 3843 unam
2542 3787 2745 3843 horam
2776 3788 3043 3843 visitatus
3074 3804 3142 3844 ac
3163 3789 3619 3857 edoctus,t‘actus

1973 3894 2034 3932 es
2093 3878 2416 3948 apostolus,
2475 3892 2644 3932 voces
2703 3875 2863 3931 illius
2922 3876 3191 3948 praedica,
3254 3876 3416 3932 illius
3471 3878 3620 3933 scita

1972 3965 2376 4037 interpretare,
2426 3964 2588 4020 illius
2619 3963 2912 4035 apostolos
2961 3980 3112 4031 ama,
3153 3964 3299 4019 mihi
3335 3965 3432 4035 qui
3482 3982 3616 4021 cum

1973 4070 2040 4110 eo
2074 4058 2337 4110 versatus
2387 4071 2518 4109 sum
2553 4069 2624 4108 ne
2672 4052 2889 4108 bellum
2938 4052 3186 4108 indicas.
3237 4054 3382 4109 Nam
3415 4059 3619 4111 contra

1973 4159 2086 4209 me,
2140 4144 2371 4198 ﬁrmam
2429 4146 2654 4214 petram
2704 4147 2760 4198 et
2810 4141 3075 4196 Ecclesiae
3144 4142 3615 4213 fundamentum,

1974 4230 2340 4287 adversarius
2388 4230 2655 4287 restitisti
2706 4232 2797 4302 (ο).
2840 4230 2963 4285 Nisi
3018 4247 3176 4287 esses
3226 4232 3616 4300 adversarius,

1973 4320 2227 4394 profecto
2249 4321 2319 4374 de
2339 4337 2431 4375 me
2449 4320 3260 4392 detrahens,prz2dicationem
3279 4338 3468 4376 meam
3494 4339 3620 4393 pro-

1972 4409 2093 4465 bris
2128 4425 2241 4464 non
2272 4408 2663 4478 insectareris,
2699 4412 2781 4477 ut,
2816 4407 2915 4479 qui
2947 4408 3076 4463 dico
3108 4425 3235 4479 qua:
3267 4409 3392 4480 ipse
3420 4413 3619 4464 astans

1972 4516 2006 4554 a
2038 4497 2277 4554 Domino
2329 4496 2544 4565 audivi,
2578 4514 2695 4553 non
2744 4497 2966 4566 credar,
3002 4497 3170 4568 quasi
3218 4498 3443 4553 scilicet
3480 4514 3617 4553 con-

1973 4585 2400 4644 demnationem
2432 4584 2951 4657 merear,quamvis
2978 4583 3207 4641 laudari
3236 4586 3617 4642 debeam.Aut

1886 4684 1933 4748 D
2037 4694 2113 4766 (c)
2142 4692 2350 4750 Matth.
2383 4708 2498 4764 xvr,
2533 4692 2619 4749 18.

1556 4847 1796 4903 VARI/E
1833 4843 2242 4907 LECTIONES.

281 4935 327 5007 ξ’
354 4929 469 5007 ἐστί
496 4933 562 4990 Ο.
644 4934 687 4971 ⁸³
718 4932 855 4989 Post
902 4933 1112 5007 τεθείσῃ

205 5004 643 5078 Βοῇνιζθειθιδυιῃ
674 5022 883 5077 parum
918 5003 1227 5077 probabili,
1256 5005 1696 5078 elegantissima
1727 5003 1963 5077 quidem
1994 5024 2063 5063 ex
2094 5022 2224 5062 mea
2254 5004 2544 5078 opinione.
2567 5003 2991 5078 “Etiamuparvu

209 5093 317 5132 ms.
351 5077 550 5158 _0ttob.
584 5076 788 5158 habes
824 5076 954 5158 post
1006 5076 1388 5158 περματικῶς
1430 5078 1645 5158 ‘deesse
1701 5076 1922 5158 aliquid
1960 5078 2127 5158 satis

1161 4933 1630 5003 Schliemannus,
1664 4935 1855 5005 Clem,
1916 4955 1972 5009 p.
2034 4936 2155 5004 190,
2210 4932 2336 4998 569,
2397 4931 2559 4987 addit
2621 4928 2833 5005 καρδίᾳ,
2893 4932 3228 5056 confectura
3286 4930 3611 4987 secundum

1164 5006 1227 5056 li.
1256 5005 1696 5056 elegantissima
1727 5009 1961 5056 auidem
1994 5024 2060 5056 ex
2094 5022 2224 5056 mea
2254 5004 2544 5056 oninione.
2585 5003 2768 5056 Etiam
2814 5020 2991 5056 narvu
3022 5020 3054 5056 a
3081 5003 3311 5056 lacuna.
3345 5018 3519 5056 uuam
3551 5002 3608 5056 in

3022 5020 3054 5058 a
3081 5003 3311 5069 lacuna,
3345 5018 3519 5071 quam
3551 5002 3608 5057 in

2178 5079 2400 5148 probat.
2473 5077 2525 5148 f‘
2556 5075 2819 5148 Cotelerii
2850 5075 3389 5148 interpretatioinon
3424 5078 3613 5145 potest

207 5154 478 5222 Constare
509 5164 645 5203 cum
678 5145 842 5203 £8de
870 5148 1086 5216 GNBCO,
1108 5145 1232 5204 ’11ξεὶ
1266 5152 1397 5219 post
1427 5145 1768 5222 ἐνεργοῦντος
1800 5145 2051 5206 addatur
2082 5145 2376 5222 particula
2395 5145 2500 5200 καί.
2528 5145 2829 5222 AAt__nihil_
2856 5148 3224 5222 mutandum.
3258 5147 3368 5222 T_u‘
3404 5150 3560 5222 verte
3595 5162 3608 5200 :

208 5221 600 5300 Quiqperatur
629 5224 864 5300 tantum,
896 5228 1438 5300 quautlimnmgrgur
1459 5221 1836 5300 unusquisque
1864 5225 2062 5300 sciens.
2172 5289 2200 5300 α
2232 5221 2276 5253 ¹⁵
2304 5221 2403 5300 διὰ.
2417 5221 2569 5300 ’(1.⁸ίῆ

206 5288 619 5347 desiderantur
657 5291 714 5346 in
764 5288 858 5346 Ο(
904 5288 951 5326 ἶτ
984 5289 1030 5343 εἰ
1055 5291 1114 5360 S,
1147 5295 1212 5356 Ο,
1244 5288 1281 5359 ἤ
1312 5291 1374 5358 C,
1408 5292 1478 5347 de
1529 5288 1642 5398 quo
1705 5288 1923 5347 fallitur
1952 5294 2011 5348 S.
2094 5292 2136 5327 ¹⁸
2167 5289 2201 5357 ἦ
2232 5290 2435 5346 scribit
2481 5288 2929 5345 Schliemannus
2979 5290 3168 5354 Clem,

209 5364 365 5398 Idam
400 5362 514 5398 ιοηῖ
546 5361 663 5398 null
699 5360 1017 5398 λπρηηίηρη
1072 5360 1329 5398 λίπει-κρίμνα
1383 5364 1421 5398 Q
1521 5364 1535 5398 1
1592 5363 1685 5398 (‘f‘n
1738 5364 2003 5398 Nouum-Ion
2077 5362 2228 5398 Πίερρῆ
2302 5360 2466 5398 {Inan
2552 5378 2568 5398 π
2621 5362 2654 5398 ‘)
2709 5362 2848 5398 ΑΘΕ·
2884 5358 3163 5398 ΠίΙσοηΓρΙ

1521 5358 1563 5398 ¹⁶
1592 5363 1701 5417 Cfr.
1738 5364 2045 5447 Neande‘r,“
2069 5362 2261 5447 ξςίνσΙξλ
2302 5360 2514 5447 Gesch”
2552 5378 2589 5427 ι,
2621 5362 2677 5447 2,
2709 5362 2851 5447 62§;
2884 5358 3241 5447 ilgenfe’ld,
3282 5360 3439 5447 [galia
3480 5359 3611 5447 allq.

1854 5452 1909 5506 p.
1943 5436 2047 5490 363
2079 5435 2134 5489 S.
2216 5435 2261 5468 3°
2292 5442 2569 5508 ωφθησαν·
2604 5430 2734 5484 πότε
2765 5432 2829 5486 Ο.
2873 5432 2948 5508 Α²¹
2987 5427 3241 5491 ἐναντίως
3299 5427 3614 5508 ἀνεθέτηκάς

209 5364 368 5418 Idem
398 5362 516 5435 legi
546 5361 671 5417 vult
692 5360 952 5435 ρπτασίας
982 5380 1038 5434 p.
1066 5360 1347 5435 ρπτασίαν.
1383 5364 1443 5417 S.

208 5435 332 5489 ιω.
366 5434 513 5503 Ζιρζ,
544 5438 646 5489 Nr.
678 5434 769 5505 80,
803 5451 857 5505 p.
884 5435 1028 5505 659;
1063 5434 1237 5505 Baur,
1280 5435 1513 5505 Kanon.
1573 5450 1792 5503 evang.,

2232 5220 2276 5253 ¹⁵
2304 5215 2392 5270 διὰ
2422 5222 2479 5272 C.
2523 5218 2565 5253 ίθ
2595 5217 2744 5272 Vbb.
2776 5217 2843 5269 τά
2882 5213 2939 5270 δὲ
2966 5218 3103 5288 πρὸς
3134 5247 3199 5257 -
3230 5216 3318 5269 καὶ
3351 5214 3609 5269 ἐνυπνίων

3224 5305 3278 5360 ρ.
3332 5288 3453 5357 192,,
3486 5288 3611 5360 559.

211 5524 300 5574 μοι
339 5509 410 5562 Ο.
436 5500 453 5503 ⁷
487 5505 535 5540 ³³
565 5506 651 5561 Ita
681 5500 819 5577 Oc:
851 5505 910 5575 S,
945 5500 1229 5577 ἐλοιδόρῃς
1262 5503 1321 5560 C.
1401 5505 1611 5577 “Leg.
1650 5500 1747 5577 μιῆ⁶
1780 5500 2040 5562 Cotelerii
2074 5505 2261 5577 versio
2294 5500 2447 5559 stare
2479 5521 2591 5558 non
2627 5507 2836 5577 potest.
2871 5502 2936 5577 S_.
2974 5504 3233 5573 Sequens
3284 5500 3327 5555 εἰ
3380 5519 3493 5558 om.
3548 5502 3611 5557 Ο.

208 5572 363 5633 Idem
396 5574 847 5650 κυτεγνωσμένον
885 5572 941 5632 et
971 5572 1145 5632 antea.
1171 5572 1723 5649 καταγνωσθένσῖοςόζ
1757 5578 1817 5644 S,
1849 5574 2295 5652 καταψωσμένον
2329 5579 2385 5631 et
2413 5572 2866 5649 κατεγνώσθέντος
2898 5572 2957 5628 C.

1587 5674 1965 5731 VARIORUM
2003 5676 2236 5731 NOTIE.

275 5764 392 5833 (55)
418 5762 577 5832 Ὀλφ
634 5760 878 5831 ἐνιαυτῷ.
939 5762 1114 5828 Quasi
1162 5761 1429 5818 Christus
1473 5780 1658 5819 unum
1707 5765 1860 5819 dun-

210 5839 367 5891 taxat
399 5849 627 5891 annum
659 5834 1076 5907 praedicaverit,
1110 5836 1167 5890 et
1194 5849 1329 5891 cum
1362 5834 1639 5907 apostolis
1668 5836 1864 5892 convi-

1968 5765 2137 5831 xerit,
2163 5765 2334 5832 juxta
2363 5763 2711 5817 sententiam
2749 5762 2945 5815 minus
2974 5752 3165 5816 veram
3199 5761 3520 5815 multorum
3547 5776 3614 5816 ex

1977 5834 2658 5907 antiquis,htsreticorum
2694 5834 2908 5905 pariter
2936 5837 2994 5888 et
3022 5832 3608 5889 Catholicorumﬁo'r.
