4140 6344
503 425 623 485 403

1332 424 1398 485 S.
1446 422 1888 484 CLEMENTIS
1934 422 1954 480 l
2004 420 2192 481 ROM.
2239 419 2473 481 PONT.
2522 424 2782 486 OPERA
2824 428 3087 490 DUBIA.

3794 437 3916 497 404

504 556 554 612 si
586 571 679 611 me
708 571 873 611 reum
904 553 1071 623 dicis,
1109 555 1288 610 Deum
1334 553 1432 626 qui
1475 553 1620 610 mihi
1664 553 1962 607 Christum
1993 567 2149 606 reve-

2272 568 2361 621 μοι
2390 551 2479 642 τὸν
2511 556 2741 629 Χριστὸν
2774 564 3120 635 κατηγορεῖς,
3151 561 3240 615 καὶ
3282 565 3380 617 τοῦ
3428 562 3516 619 ἐπὶ
3571 563 3915 642 ἀποκαλύψει

505 644 645 702 lavit
670 660 931 715 accusas,
960 647 1017 699 et
1045 643 1106 698 in
1136 659 1269 699 eum
1303 642 1401 713 qui
1436 658 1528 697 me
1560 646 1795 714 propter
1846 639 2147 696 revelatio-

505 751 639 791 nem
689 734 926 789 beatum
956 732 1289 803 praedicavit
1318 730 1631 788 inveheris.
1662 731 1770 786 Sed
1818 729 1867 785 si
1911 729 2151 802 quidem

504 839 637 879 vere
667 823 833 894 cupis
879 820 1289 877 adminiculari
1337 820 1587 889 veritati,
1620 820 1875 892 primum
1910 836 1943 874 a
1982 819 2153 874 nobis

507 912 687 980 disce,
721 928 847 983 quze
878 927 986 966 nos
1017 911 1089 966 ab
1119 926 1184 966 eo
1209 909 1547 981 didicimus,
1578 914 1636 965 et
1670 909 1857 965 factus
1889 907 2152 965 veritatis

507 999 836 1073 discipulus
866 1000 972 1056 ﬁas
1002 1004 1201 1057 noster
1231 1000 1484 1071 adjutor.

578 1090 687 1146 XX.
721 1090 823 1146 His
872 1089 1087 1146 auditis
1133 1089 1333 1144 Simon
1364 1088 1555 1145 dixit:
1590 1088 1751 1144 Absit
1793 1092 1860 1144 ut
1905 1104 2011 1161 ego
2062 1087 2152 1143 vel

509 1178 671 1235 illius
698 1178 787 1234 vel
819 1183 955 1233 tuus
987 1179 1101 1234 sim
1132 1176 1476 1249 discipulus.
1502 1176 1703 1249 Neque
1736 1176 1891 1232 enirn
1924 1176 2149 1249 ignoro,

509 1285 636 1341 quae
669 1283 1019 1341 cognoscere
1064 1271 1293 1338 oportet
1325 1285 1338 1322 :
1371 1283 1440 1322 ea
1467 1282 1601 1322 vero
1654 1269 1937 1338 tanquam
1970 1267 2150 1321 disci-

507 1362 675 1413 turus
732 1356 1189 1427 interrogabam,
1240 1359 1304 1410 ut
1359 1371 1756 1427 agnoscerem,
1823 1372 1894 1410 an
1950 1372 2156 1426 posses

508 1447 813 1503 ostendere
842 1444 1125 1500 visionem
1175 1445 1467 1500 evidentia
1503 1461 1633 1500 esse
1681 1444 2152 1501 inefﬁcaciorem.

512 1539 586 1589 At
614 1539 675 1589 tu
727 1534 1227 1605 quemadmodum
1256 1532 1492 1589 voluisti
1530 1533 1760 1589 locutus
1807 1550 1892 1600 es,
1924 1550 2029 1589 nec
2055 1535 2157 1591 de-

512 1623 958 1680 monstrasti.Et
990 1639 1168 1689 nunc,
1194 1622 1435 1679 veniens
1465 1639 1595 1678 cras
1626 1624 1699 1678 ad
1731 1639 2062 1679 sermonem
2085 1623 2157 1678 de

510 1717 643 1783 Deo,
677 1727 852 1784 quem
884 1712 1214 1767 Creatorem
1247 1710 1528 1777 afﬁrmas,
1553 1711 1809 1783 probabo
1838 1710 2007 1766 illum
2040 1727 2153 1766 non

512 1819 640 1860 esse
688 1817 1032 1874 supremum
1074 1817 1140 1856 ac
1195 1801 1437 1870 bonum,
1470 1804 1640 1856 tuum
1696 1817 1930 1872 quoque
1977 1799 2155 1872 Magi-

511 1896 699 1947 strum
731 1891 931 1946 eadem
951 1907 1180 1946 mecum
1212 1891 1513 1957 dixisse,te
1544 1894 1741 1946 autem
1763 1905 2009 1960 arguam
2039 1906 2154 1945 non
2187 1916 2235 1981 Β

510 1980 887 2037 intellexisse.
918 1981 1107 2051 Atque
1166 1983 1298 2052 post
1353 1978 1475 2034 haec
1530 1979 1685 2035 dicta
1741 1979 1899 2051 exiit,
1955 1979 2159 2036 nolens

513 2070 717 2127 audire
748 2070 821 2126 ad
850 2084 918 2124 ea
949 2085 1075 2141 quae
1114 2072 1518 2140 proposuerat.

1063 2245 1375 2302 IIOMILIA
1408 2244 1603 2302 XVIII.

590 2339 633 2394 l.
666 2338 835 2394 Mane
876 2339 1095 2403 autem,
1145 2351 1280 2390 cum
1326 2335 1531 2390 Petrus
1580 2334 1653 2390 ad
1702 2334 2159 2407 disputationem

514 2425 1126 2503 processisset,Simon
1145 2424 1473 2495 anticipans
1490 2423 1635 2479 dixit
1658 2442 1671 2481 :
1696 2424 1830 2481 Heri
1853 2425 2160 2482 discedens

514 2514 759 2590 promisi
813 2514 939 2582 tibi,
972 2529 1064 2569 me
1092 2512 1263 2568 hodie
1294 2512 1639 2582 rediturum,
1673 2513 2160 2586 disceptaturum,

513 2622 582 2663 ac
611 2608 1009 2673 ostensurum,
1042 2602 1197 2674 quod
1229 2601 1433 2656 mundi
1465 2602 1656 2673 opifex
1701 2619 1817 2658 non
1849 2603 1925 2658 sit
1954 2619 2161 2676 supre-

513 2710 648 2751 mus
679 2692 962 2760 Deus,sed
994 2690 1089 2746 hic
1120 2690 1272 2746 alius
1316 2689 1414 2761 sit,
1446 2693 1646 2761 utpote
1672 2690 1834 2746 solus
1860 2692 2072 2761 bonus,
2105 2696 2162 2748 et

510 2783 627 2839 huc
683 2798 871 2854 usque
926 2779 1286 2852 incognitus.
1348 2778 1555 2835 Statim
1614 2796 1771 2851 ergo,
1828 2783 2158 2837 Creatorem

510 2873 782 2930 eumdem
801 2874 857 2927 et
881 2869 1285 2942 legistatorem
1305 2883 1432 2923 esse
1453 2868 1734 2939 dicis,nec
1766 2885 1838 2925 ne
1858 2870 1886 2924 ?
1906 2870 1964 2925 Si
1980 2869 2161 2943 igitur

510 2960 810 3035 legislator
838 2962 947 3027 est,
973 2960 1176 3031 justus
1207 2961 1316 3026 est,
1351 2956 1397 3012 si
1418 2958 1643 3029 justus,
1674 2975 1788 3013 non
1820 2964 1908 3014 est
1947 2959 2157 3031 bonus,

510 3052 703 3108 bonus
735 3050 784 3105 si
818 3066 937 3105 non
970 3051 1078 3116 est,
1101 3046 1283 3102 alium
1314 3046 1648 3119 praedicavit
1675 3046 1847 3104 Jesus
1877 3049 2158 3106 dicendo:

509 3141 586 3198 Ne
613 3156 702 3195 me
730 3138 882 3194 dicas
914 3138 1133 3193 bonum.
1166 3139 1311 3192 Nam
1343 3136 1512 3193 bonus
1546 3153 1692 3192 unus
1722 3144 1820 3204 est,
1849 3139 2032 3207 Pater,
2065 3141 2161 3211 qui

512 3232 575 3286 in
619 3228 764 3284 caelis
807 3227 1019 3283 habitat
1048 3227 1148 3298 (α).
1181 3224 1356 3281 Porro
1403 3242 1521 3281 non
1571 3230 1661 3280 est
1711 3243 2057 3296 consonum,
2092 3233 2157 3283 ut

2265 640 2658 713 μακαρίσαντός
2716 647 2870 704 352
2932 669 2998 719 με
3054 649 3369 727 καταφέριις
3398 654 3463 709 ³⁸.
3498 653 3653 710 Ἀλλ’
3705 640 3918 711 ἐπεί-³⁵

2260 747 2361 803 περ
2420 728 2643 800 ἀληθῶς
2695 738 2761 808 τῇ
2836 735 3067 809 ἀληθείᾳ
3124 747 3449 816 συνεργῆσαι
3515 742 3711 814 θέλεις,
3773 743 3915 817 μάθε

2261 821 2477 908 πρῶτον
2529 822 2656 897 παρ’
2702 825 2884 897 ἡμῶν,
2919 825 2952 879 ἃ
2981 829 3145 899 ἡμεῖς
3194 832 3324 906 παρ’
3353 829 3558 887 ἐκείνου
3615 831 3914 908 ἐμάθομεν,

2260 905 2351 960 καὶ
2386 910 2633 980 μαθητὴς
2666 909 2923 983 ἀληθείας
2951 917 3183 992 γεγονὼς
3228 923 3385 994 γενοῦ
3440 921 3576 994 ἡμῖν
3635 905 3916 1000 συνεργός.

2334 1090 2447 1142 XX.
2476 1091 2653 1142 Ταῦτα
2682 1090 2709 1144 6
2743 1090 2930 1163 Σίμων
2988 1092 3224 1157 ἀκούσας
3286 1094 3409 1174 ἔφη·
3458 1098 3649 1169 Ἀπείη
3714 1121 3805 1173 μοι
3851 1100 3917 1156 τὸ

2265 1170 2372 1267 sifts
2402 1176 2447 1212 ²⁶
2476 1174 2703 1267 έκεῖνου,
2734 1177 2839 1235 sicca
2897 1203 2991 1236 σου
3040 1183 3283 1257 γενέσθαι
3326 1170 3603 1259 μαθητήν.
3635 1170 3771 1245 Οὐδὲ
3813 1191 3919 1267 γὰρ

2265 1262 2442 1354 αγνοιῖι
2475 1264 2508 1319 ἃ
2538 1263 2622 1321 δεῖ
2651 1270 2957 1342 γινώσκειν·
2992 1270 3025 1325 ἃ
3056 1269 3113 1327 δὲ
3160 1273 3234 1336 ὡς
3284 1274 3561 1347 μανθάνων
3614 1262 3920 1354 ἐπυθόμην,

2259 1348 2353 1407 ἵνα
2401 1350 2499 1442 ἴδω
2533 1357 2577 1391 ³⁷
2618 1356 2663 1410 εἰ
2716 1355 2930 1414 δύνασαι
2986 1360 3245 1425 ὀπτασίας
3290 1362 3556 1440 ἐνέργειαν
3605 1348 3920 1442 ἐναργεστέ-

2266 1461 2358 1517 ραν
2389 1444 2433 1478 2⁸
2466 1440 2653 1515 δεῖξαι.
2690 1445 2763 1500 Σὺ
2796 1445 2851 1502 δὲ
2883 1448 2957 1511 ὡς
3003 1448 3303 1522 ἠθέλησας,
3336 1454 3508 1527 εἶπας,
3543 1454 3643 1511 οὐκ
3692 1440 3919 1529 ἔδειξας.

2266 1530 2363 1622 lia?
2395 1536 2485 1586 νῦν
2518 1529 2703 1609 αὔριόν
2736 1557 2819 1590 σοι
2853 1535 2929 1600 εἷς
2975 1539 3065 1593 τὸν
3115 1540 3239 1616 περὶ
3293 1546 3448 1611 Θεοῦ,
3483 1543 3545 1598 οὗ
3605 1542 3924 1622 διισχυρίζῃ

2266 1616 2627 1698 δημιουργοῦ,
2675 1622 2845 1679 ἐλθὼν
2910 1625 3000 1681 καί
3050 1626 3360 1704 διαλεχθεθς
3416 1628 3573 1705 δείξω
3624 1616 3916 1707 μὴ’-αῦτὸν

2267 1707 2399 1763 εἶναι
2431 1709 2704 1766 ἀνώτατον
2735 1714 2825 1767 καὶ
2859 1716 2905 1751 ²⁹
2933 1715 3154 1792 ἀγαθὸν,
3186 1717 3278 1773 καὶ
3303 1720 3396 1776 τὸν
3429 1722 3519 1776 σὸν
3554 1719 3611 1778 δὲ
3662 1720 3927 1778 Διδάσκα-

2268 1795 2362 1853 λον
2420 1800 2487 1853 τὰ
2542 1802 2675 1855 αὑτά
2734 1822 2827 1874 μοι
2881 1804 3175 1877 εἰρηκέναι,
3229 1807 3288 1863 σὲ
3346 1806 3403 1864 δὲ
3462 1812 3538 1883 μὴ
3606 1813 3922 1883 νενοηκέναι

2268 1885 2491 1976 ἐλέγξω.
2528 1890 2624 1943 Καὶ
2669 1895 2838 1946 ταῦτα
2884 1892 3049 1949 εἰπὼν
3102 1894 3267 1969 ἐξῄει,
3301 1897 3380 1960 εἰς
3419 1898 3453 1953 ’ἁ
3498 1900 3799 1976 προέτεινεν
3851 1900 3917 1956 οὐ

2269 1974 2502 2048 θελήσας
2532 1978 2777 2037 ἀκοῦσαι.

2889 2255 3141 2307 ὈΜΙΛΙΔ
3182 2253 3288 2313 ΙΗ’.

2342 2341 2383 2393 Ι.
2416 2336 2645 2413 Ὀρθρου
2679 2336 2755 2410 δὲ,
2786 2340 3153 2415 προελθόντος
3182 2346 3279 2397 τοῦ
3330 2342 3536 2420 Πέτρου
3580 2344 3655 2408 εἷς
3700 2345 3763 2401 τὸ
3814 2344 3927 2402 δια-

2270 2420 2552 2500 λεχθῆναι,
2580 2429 2608 2483 6
2640 2427 2829 2501 Σίμων
2861 2426 3156 2507 προλαϐὼν
3192 2427 3315 2510 ἔφη’
3349 2434 3543 2509 Ἐχθὲς
3573 2437 3618 2472 3°
3647 2434 3930 2492 ἀπαλλασι

2270 2513 2500 2586 σόμενος
2550 2515 2627 2579 εἷς
2675 2520 2775 2587 τὴν
2830 2521 3070 2595 σήμερον
3122 2521 3444 2598 ὑπεσχόμην
3496 2545 3579 2578 σοι
3612 2523 3926 2590 ἐπανελθὼν

2268 2603 2357 2659 καὶ
2413 2607 2719 2677 συζητήσας
2776 2605 2965 2681 δεῖξαι,
2998 2607 3079 2665 ὅτι
3140 2610 3239 2665 οὐκ
3293 2609 3434 2667 ἔστιν
3491 2613 3519 2667 6
3558 2614 3651 2668 τὸν
3709 2614 3925 2687 κόσμον

2270 2689 2680 2770 δημιουργήσας
2709 2698 2862 2754 353
2895 2699 3167 2762 ἆνώτατος
3196 2701 3237 2737 ⁸¹
3273 2702 3425 2773 Θεὸς,
3456 2701 3586 2758 ἀλλ’
3614 2699 3821 2780 ἕτερος,
3855 2705 3922 2767 ὃς

2267 2782 2356 2837 καὶ
2393 2782 2553 2856 μόνος
2583 2784 2777 2859 ἀγαθὸς
2808 2783 2878 2841 ὢν
2910 2788 3000 2842 καὶ
3052 2786 3216 2865 μέχρι
3264 2793 3363 2844 τοῦ
3421 2787 3580 2867 δεῦρο
3638 2792 3921 2868 ἄγνωστός

2267 2869 2428 2930 ἐστιν.
2461 2872 2657 2929 Αὐτίκα
2683 2878 2811 2949 γοῦν
2856 2876 2947 2930 τὸν
2999 2877 3347 2954 Δημιουργὸν
3396 2877 3556 2934 αὐτὸν
3605 2880 3694 2936 καὶ
3742 2903 3917 2956 νομοί

2267 2959 2423 3032 θέτην
2455 2959 2560 3037 φῄς
2585 2961 2741 3031 εἶναι,
2772 2963 2807 3033 ἢ
2839 2960 2901 3018 οὔ
2931 2967 2977 3001 ³²
3006 2984 3019 3035 ;
3052 2965 3117 3019 Εἰ
3152 2965 3246 3039 μὲν
3276 2964 3366 3020 οὖν
3399 2968 3699 3041 νομοθέτης
3746 2970 3917 3045 ἐστὶν,

2268 3046 2474 3113 δίκαιος
2504 3052 2787 3126 τυγχάνει,
2820 3048 3030 3116 δίκαιος
3066 3050 3123 3109 δὲ
3153 3051 3225 3109 ὢν
3278 3056 3477 3130 ἀγαθὸς
3508 3056 3608 3113 οὒκ
3655 3056 3818 3118 ἔστιν.
3853 3059 3924 3117 Εἴ

2267 3136 2325 3193 δὲ
2353 3138 2453 3194 οὐκ
2483 3136 2839 3215 ἔστιν,ἓτερον
2874 3141 3162 3217 ἐκήρυσσεν
3195 3144 3223 3198 6
3253 3147 3462 3213 Ἰησοῦς
3490 3151 3570 3219 τῷ
3601 3145 3797 3223 λέγειν·
3821 3150 3917 3220 Μή

2275 3249 2341 3301 με
2399 3226 2525 3303 λέγε
2585 3228 2800 3304 ἀγαθόν.
2832 3231 2889 3284 Ὀ
2943 3232 3043 3305 γὰρ
3102 3231 3302 3307 ἀγαθὸς
3353 3235 3429 3296 εἷς
3482 3234 3701 3306 ἐστὶν,ὁ
3734 3238 3924 3314 Πατὴρ

511 3317 813 3391 legislator
832 3288 1148 3388 justus‘sit
1176 3331 1243 3370 ac
1275 3314 1579 3370 bonus.Ait
1609 3314 1812 3371 Petrus
1842 3334 1862 3372 :
1894 3288 2156 3373 Primum

2272 3288 2321 3371 έν
2352 3288 2773 3394 τοῖςιοῦρανοῖς.
2806 3319 2882 3376 Οὐ
2914 3288 3196 3397 σῦμφωνέῖ
3225 3319 3282 3376 δὲ
3301 3327 3380 3395 τῷ
3408 3288 3678 3399 νομοθέτῃ
3731 3288 3926 3399 δικαίὲρ

512 3408 608 3464 dic
637 3407 826 3478 nobis,
857 3405 917 3460 in
951 3404 1170 3477 quibus
1200 3404 1531 3460 actionibus
1564 3404 1783 3460 bonum
1828 3408 1999 3478 putes
2031 3422 2160 3463 esse

513 3496 820 3566 bonum,‘et
848 3495 908 3549 in
939 3494 1154 3566 quibus
1178 3493 1412 3564 justum
1443 3510 1573 3549 esse
1594 3494 1849 3563 justum,
1882 3499 1948 3550 ut
1976 3494 2059 3551 sic
2086 3496 2158 3551 ad

513 3600 757 3655 scopum
802 3583 979 3639 verba
1027 3582 1412 3637 destinemus.
1457 3582 1526 3637 Et
1572 3582 1775 3638 Simon
1811 3600 1825 3639 :
1857 3584 1943 3639 Tu
1996 3583 2160 3656 prius

512 3673 709 3741 ell‘are,
737 3671 878 3745 quid
909 3670 1209 3727 arbitreris
1238 3671 1481 3739 bonum,
1517 3670 1655 3743 quid
1679 3672 1933 3743 justum.

585 3852 655 3908 II.
691 3852 843 3907 Tum
866 3849 1070 3906 Petrus
1096 3867 1114 3904 :
1142 3848 1224 3905 Ne
1254 3846 1675 3903 oontentiosius
1690 3848 1998 3921 disputans
2018 3853 2161 3905 tem-

513 3958 656 4016 pora
683 3941 1004 4006 insumam,
1033 3938 1178 3993 dum
1203 3938 1364 4008 juste
1393 3935 1624 4009 postulo
1651 3941 1717 3993 ut
1745 3937 1891 3994 meis
1922 3956 2158 4010 respon-

513 4032 653 4087 deas
684 4026 1203 4102 propositionibus,
1238 4026 1739 4098 quemadmodum
1769 4026 1875 4083 tibi
1906 4028 2156 4100 videtur,

512 4120 640 4193 ipse
668 4119 741 4175 ad
780 4118 1136 4189 interrogata
1166 4114 1574 4188 responsiones
1621 4116 1881 4171 afferam.
1916 4118 2033 4190 Ego
2064 4118 2158 4176 aio

513 4208 737 4266 bonum
788 4221 917 4263 esse
948 4223 1103 4275 eum,
1137 4204 1239 4277 qui
1288 4204 1529 4277 largitor
1574 4209 1684 4271 est,
1731 4204 1884 4262 sicut
1928 4207 2094 4265 video
2126 4226 2160 4265 θ.

512 4299 782 4355 Creatore
826 4295 974 4363 ﬁeri,
1008 4294 1109 4366 qui
1164 4295 1383 4367 praebet
1407 4292 1591 4351 solem
1639 4294 1811 4351 bonis
1854 4300 1910 4351 et
1962 4296 2156 4365 malis,

514 4390 689 4459 atque
716 4385 965 4441 imbrem
990 4383 1171 4456 justis
1201 4400 1267 4439 ac
1297 4383 1517 4457 iniquis
1546 4383 1719 4457 (b).Et
1749 4385 1949 4442 Simon
1982 4387 2153 4443 dixit:

2266 3399 2383 3459 ὄντι
2436 3405 2524 3459 καὶ
2582 3405 2785 3481 ἀγαθῷ.
2821 3407 2918 3461 Καὶ
2976 3409 3004 3462 ὁ
3064 3408 3264 3486 Πέτρος
3322 3406 3449 3488 ἔφη.
3508 3418 3729 3490 Πρῶτον
3788 3416 3928 3487 ἡμῖν

2268 3493 2405 3562 εἰπὲ,
2437 3493 2525 3549 ἐπὶ
2563 3495 2745 3558 ποίαις
2802 3495 3022 3571 πράξεσι
3082 3496 3231 3553 δοκεῖ
3283 3520 3369 3555 σοι
3428 3502 3457 3556 6
3516 3502 3712 3578 ἀγαθὸς
3764 3504 3925 3576 εἶναι,

2268 3582 2355 3637 ἐπὶ
2384 3583 2565 3645 ποίαις
2596 3581 2653 3639 δὲ
2681 3586 2771 3639 καὶ
2804 3586 2832 3639 6
2873 3582 3084 3650 δίκαιος
3115 3589 3182 3659 ³³,
3207 3586 3299 3643 ’ίνα
3327 3588 3500 3653 οὕτως
3532 3592 3667 3647 κατά
3715 3597 3923 3648 σκοποῦ

2265 3671 2392 3734 τοὺς
2451 3672 2647 3749 λόγους
2703 3674 3029 3749 πέμπωμεν.
3064 3678 3166 3734 Καὶ
3216 3677 3243 3732 6
3297 3677 3507 3753 Σίμων’
3568 3680 3645 3735 Σὺ
3703 3686 3926 3758 πρῶτον

2270 3760 2406 3828 εἷπε,
2438 3761 2490 3816 τί
2518 3782 2605 3815 σοι
2638 3759 2789 3817 δοκεῖ
2814 3764 2878 3819 τὸ
2908 3763 3127 3840 ἀγαθὸν,
3161 3766 3197 3836 ἢ
3223 3765 3313 3821 καὶ
3342 3766 3405 3822 τὸ
3431 3764 3658 3829 δίκαιον.

2340 3857 2405 3907 ΙΙ.
2436 3850 2539 3907 Καὶ
2590 3852 2617 3905 6
2663 3851 2882 3928 Πέτροςο
2935 3855 3049 3909 Ἵνα
3099 3856 3173 3928 μὴ
3221 3854 3633 3934 ἐριστικώτερον
3677 3857 3927 3937 διαλεγόέ

2273 3960 2432 4013 μενος
2488 3938 2710 3995 δαπανῶ
2763 3939 2891 4003 τοὺς
2950 3942 3211 4019 χρόνους,
3245 3944 3487 4001 ἀπαιτῶν
3531 3945 3754 4011 δικαίως
3809 3954 3919 4005 τῶν

2269 4027 2414 4103 ἐμῶν
2460 4030 2772 4104 προτάσεων
2818 4031 2865 4067 ³⁸
2908 4051 2965 4085 σε
3010 4032 3106 4094 τὰς
3162 4034 3475 4109 ἀποκρίσεις
3505 4038 3803 4109 ποιεῖσθαι,
3843 4037 3921 4101 ὥς

2268 4138 2351 4172 σοι
2386 4114 2538 4173 δοκεῖ
2564 4117 2722 4180 αὐτὸς
2754 4119 2827 4173 ὧν
2861 4116 3138 4192 ἐπυθόμην
3191 4124 3499 4196 ποιήσομαί
3547 4124 3642 4188 τὰς
3692 4127 3923 4201 ἀποκρί-

2266 4227 2392 4269 σεις.
2426 4207 2569 4282 Ἐγώ
2599 4229 2670 4285 φη
2684 4228 2743 4280 μι
2776 4208 2971 4283 ἀγαθὸν
3001 4208 3135 4264 εἶναι
3185 4211 3275 4265 τὸν
3331 4214 3654 4288 παρεκτικὸν
3689 4213 3919 4288 [ἐκεῖνον

2266 4294 2317 4351 ἐν
2364 4295 2681 4370 tereti-core],
2715 4298 2761 4333 ³⁵
2802 4298 2918 4351 οἷον
2969 4297 3043 4359 ὡς
3092 4297 3249 4353 αὐτὸν
3303 4300 3417 4377 ὁρῶ
3462 4306 3797 4359 ποιοῦντα⁸⁶
3824 4306 3918 4361 τὸν

2268 4386 2635 4460 Δημιουργὸν,
2668 4386 2979 4463 παρέχοντα
3004 4387 3095 4441 τὸν
3120 4386 3280 4457 ἥλιον
3323 4391 3543 4466 ἀγαθοῖς
3587 4394 3657 4429 ³⁶”
3694 4392 3784 4448 καὶ
3823 4395 3917 4449 τὸν

515 4476 630 4533 Ηοο
660 4472 1104 4547 iniquissimum
1136 4476 1245 4543 est,
1279 4473 1479 4528 eadem
1506 4472 1689 4545 justis
1719 4477 1895 4546 atque
1922 4474 2159 4546 injustis

2269 4474 2416 4530 ὑετὸν
2475 4471 2706 4537 δικαίοις
2759 4474 2848 4530 καὶ
2906 4472 3130 4539 ἀδίκοις.
3161 4477 3262 4534 Καὶ
3296 4478 3323 4532 6
3357 4478 3546 4553 Σίμων
3589 4478 3712 4559 ἔφη’
3746 4487 3919 4539 Τοῦτο

512 4564 788 4638 praebere.
821 4568 903 4617 Ac
937 4563 1180 4617 Petrus:
1211 4562 1297 4616 Tu
1328 4577 1464 4634 ergo
1494 4562 1769 4634 deinceps
1800 4563 1971 4619 nobis
2002 4565 2154 4621 edis-

2268 4561 2619 4637 ἀδικώτατον,
2653 4562 2735 4619 ὅτι
2765 4564 2831 4619 νά
2860 4562 2993 4619 αὐτᾶ
3024 4562 3255 4629 δικαίοις
3282 4567 3371 4622 καὶ
3413 4566 3620 4633 ἀδίκοις
3658 4570 3914 4649 παρέχει.

512 4669 661 4720 sere,
693 4670 808 4725 quo
853 4651 1026 4707 modo
1076 4666 1257 4722 agens
1304 4651 1493 4705 bonus
1541 4655 1714 4707 esset.
1763 4652 1963 4708 Simon
2011 4671 2031 4709 :
2076 4655 2154 4711 Te

2272 4651 2361 4708 Καὶ
2393 4653 2421 4707 6
2446 4653 2667 4727 Πέτρος·
2687 4653 2762 4707 Σὺ
2787 4652 2881 4706 οὗν
2904 4655 3039 4726 ἡμῖν
3069 4658 3166 4708 τοῦ
3197 4655 3403 4723 λοιποῦ,
3428 4656 3572 4734 λέγε,
3589 4663 3708 4723 πῶς
3738 4665 3913 4716 ποιῶν

509 4746 737 4814 oportet
767 4739 1184 4796 dicere.Petrus
1210 4758 1231 4794 ,ο
1252 4740 1367 4811 Ego
1400 4739 1682 4796 dicam.Si
1714 4756 1924 4813 nempe
1955 4743 2156 4799 eadem

2272 4741 2471 4817 ἀγαθὸς
2520 4742 2579 4796 ἂν
2636 4742 2725 4811 ἦν.
2761 4741 2864 4798 Καὶ
2918 4743 2946 4797 6
2996 4742 3200 4816 Σίμων·
3236 4744 3306 4799 Σὲ
3354 4742 3436 4801 δεῖ
3484 4744 3685 4823 λέγειν.
3733 4750 3833 4805 Καὶ
3890 4751 3919 4805 ὁ

510 4833 775 4906 praebens
824 4829 991 4886 bonis
1020 4845 1087 4885 ac
1124 4828 1309 4900 justis
1338 4831 1396 4884 et
1440 4833 1720 4901 praeterea
1747 4830 1920 4887 malis
1950 4848 2017 4888 ac
2046 4832 2156 4887 ini-

2272 4832 2491 4908 Πέτρος’
2525 4834 2680 4891 854
2711 4831 2849 4905 Ἐγὼ
2881 4829 3035 4902 λέξω.
3072 4833 3129 4887 Ὃ
3159 4835 3203 4870 ³⁷
3236 4833 3331 4906 μὲν
3359 4836 3425 4889 τὰ
3475 4836 3609 4891 αὐτὰ
3655 4838 3916 4915 παρέχων

510 4922 667 4995 quis,
700 4920 1025 4977 secundum
1051 4923 1108 4975 te
1134 4934 1237 4974 nec
1261 4918 1465 4990 justus
1494 4920 1604 4987 est,
1635 4922 1701 4975 tu
1730 4920 1952 4988 eum,si
1983 4921 2153 4978 bonis

2272 4922 2485 4998 ἀγαθοῖς
2541 4920 2631 4977 καὶ
2690 4917 2937 4994 δικαίοις,
2978 4916 3056 4977 ἔτι
3103 4924 3148 4958 ⁸⁸
3189 4943 3248 4977 τε
3304 4928 3494 4988 κακοῖς
3549 4925 3639 4980 καὶ
3685 4924 3916 5004 ἀδίκοις,

582 5045 666 5121 (α)
697 5044 903 5102 Matth.
935 5061 1050 5113 xxx,
1083 5043 1169 5099 17.
1246 5042 1323 5116 (b)
1349 5042 1552 5099 Matth.
1582 5060 1637 5112 v,
1669 5044 1758 5099 45.

1861 5143 2106 5200 νΑΡιΙίΕ
2147 5144 2563 5204 LECTIONES.

581 5246 629 5282 ³⁸
662 5249 791 5314 Leg.
822 5242 1198 5338 καταφρονεῖς.
1231 5239 1395 5304 Quod
1446 5239 1765 5298 Gotelerius
1824 5242 1883 5298 in
1937 5243 2201 5300 versione
2256 5244 2438 5311 dedit,
2466 5244 2526 5301 id
2557 5260 2588 5301 e
2616 5242 2829 5300 Graecis
2877 5243 3069 5301 verbis
3102 5260 3215 5299 non
3247 5244 3517 5301 efﬁcitur.
3551 5246 3609 5303 Β.
3641 5248 3919 5326 καταφέρῃ

651 5315 922 5338 oxnt-1:__
962 5334 978 5338 -
1038 5313 1072 5338 α
1172 5312 1341 5338 93.--.
1399 5306 1573 5338 ,ξι-Π
1671 5308 1870 5338 9141-.
1934 5318 1971 5338 ιι
2031 5316 2174 5338 rn._.._
2240 5314 2459 5338 2_----r,,
2544 5314 2809 5338 2---__-r---
2867 5314 2909 5338 n
2962 5315 3017 5338 ε..
3084 5319 3236 5338 ι,,-ι,,
3325 5312 3392 5338 ν--
3463 5314 3480 5338 ›
3638 5316 3650 5337 ι
3777 5317 3791 5338 9
3838 5319 3847 5338 ι

508 5320 573 5373 Ο.
651 5317 697 5351 ²⁵
728 5306 925 5395 Malim
959 5306 1015 5368 εἷ’
1172 5312 1218 5348 ²⁶
1251 5330 1366 5383 μοι,
1398 5306 1503 5365 εἴτε
1671 5313 1716 5348 ³⁷
1748 5308 1876 5395 είδῷ
2031 5316 2179 5395 Tum
2235 5306 2489 5395 ὀπτασίαν
2540 5314 2810 5395 ἐνεργείας
2850 5314 2910 5395 ,Ο
2962 5315 3023 5395 ip
3084 5319 3260 5395 textu.
3310 5312 3393 5395 ζεῖ·
3456 5314 3714 5395 ρῃασίας
3773 5306 3918 5395 ἒίέέρῙ

508 5334 573 5373 υ.
652 5334 697 5351 ιε’
728 5334 925 5372 meum
959 5334 1007 5368 ec
1038 5334 1095 5395 εξ.
1173 5334 1218 5348 ον
1251 5334 1366 5383 μοι,
1398 5334 1503 5365 ειτε
1533 5334 1593 5369 υ.
1672 5334 1713 5348 ··
1748 5334 1876 5367 ειοω
1933 5334 1990 5370 υ.
2031 5334 2179 5370 '1'um
2235 5334 2489 5371 οπτασιαν
2540 5334 2810 5442 ενεργειας
2867 5334 2910 5371 υ
2962 5334 3023 5370 1n
3084 5334 3260 5371 texw.
3327 5334 3393 5369 ι’σ*
3456 5334 3714 5380 οπτασιας
3773 5334 3917 5395 evap-

506 5407 655 5467 γειαν
699 5387 789 5467 3.1.
836 5401 1118 5467 ‘ma3._ln
1173 5400 1382 5467 marg”
1417 5384 1577 5467 quod
1629 5389 1902 5467 praestat;
1938 5384 2191 5467 ὀπτασίαν
2252 5385 2515 5467 ἐνεργείας
2572 5390 2667 5467 0,.
2700 5385 2922 5467 πτασίαν
2983 5384 3425 5467 ὲναρήγείαςβι.-
3462 5389 3507 5423 ’⁸
3538 5388 3917 5467 ἀνεργξστέραν

508 5442 874 5534 é-Onj'.C°tel°
904 5442 1214 5534 -Débpbag-
1244 5442 1497 5534 89359:”
1553 5442 2162 5534 ξένεῖνεργξστέρανχΕῆο
2213 5442 2413 5534 mallii;
2475 5442 2729 5534 ὀπτασίας
2786 5442 3143 5534 ένᾴργειαν
3180 5442 3911 5534 Πέίημεζπεςξβί

507 5532 562 5607 ξίν⁸
585 5526 671 5583 καί
700 5528 920 5607 inserui
951 5546 1002 5585 c.
1031 5530 1138 5607 0.“
1172 5527 1217 5561 ³ο
1245 5526 1503 5607 χθὲςρη
1546 5528 1593 5607 ξι
1627 5526 1979 5607 amasso.
2015 5526 2278 5607 Sequens
2324 5531 2413 5607 καί
2470 5533 2529 5585 in
2587 5534 2788 5607 eodem
2827 5526 3006 5607 deest.
3061 5531 3133 5607 _3’
3160 5549 3226 5607 ,ου
3254 5534 3331 5607 Δ8,
3356 5531 3448 5607 “0,
3498 5526 3603 5607 οὐχ
3659 5534 3719 5590 C.
3764 5535 3841 5607 _”
3871 5536 3916 5592 Ο

508 5602 599 5658 bis
631 5601 738 5680 exh
794 5596 1020 5662 δίκαιος.
1066 5599 1145 5680 ..³⁸
1172 5596 1348 5670 πρό...
1380 5598 1509 5680 (sic)
1540 5598 1584 5653 Ο
1608 5605 1716 5680 ;_at
1744 5601 1870 5680 ead:
1906 5618 2062 5657 man.
2091 5596 2363 5680 lacunam
2396 5604 2453 5680 in
2488 5600 3026 5680 m_a_rg._i_ta_explere
3054 5596 3323 5680 ten'ta'viti
3356 5596 3911 5680 i'cmc_7rp_‘ociepévwv,

510 5674 664 5758 quod
698 5690 853 5728 man.
890 5672 1171 5758 recentior
1204 5667 1450 5758 correxit
1482 5667 1785 5758 ἱῠημᾶλλὲν
1823 5668 1976 5758 6:2”—
2006 5674 2334 5758 προτάσεων.
2407 5676 2456 5758 f5
2492 5667 2895 5758 νὺὺηέκεῖνοξι
2925 5670 2974 5754 ἐν
3005 5667 3597 5758 τοιρύτοιςλρεοινὶρὲὶ
3653 5667 3723 5732 ex'
3775 5667 3911 5733 coni

512 5742 733 5872 igitur.
761 5760 1075 5871 ρέοεγθὲιιὲο
1095 5742 1297 5871 gitlob.
1337 5742 1382 5778 ³⁸
1410 5744 1599 5795 ποιοῦν
1624 5742 1693 5797 τά
1721 5743 1786 5800 Ο.
1826 5744 1896 5781 ⁸⁸¹
1922 5742 2059 5818 Legi
2079 5745 2301 5818 ἀγαθοῖς
2333 5744 2423 5801 καὶ
2454 5742 2836 5821 πονηροῖς,ίῐθ.
2862 5743 3004 5817 legit
3024 5742 3309 5817 interpres
3341 5742 3639 5807 beneIEn.
3660 5752 3909 5807 PATROL.
