4140 6344
213 454 344 516 405

1319 454 1854 517 CLEMENTINA.
1890 486 1967 501 —
2008 456 2339 520 HOMILIA
2382 460 2600 522 XVIII.

3524 458 3639 519 406

212 589 357 643 κατά
416 588 473 642 σὲ
534 584 658 642 οὐδὲ
716 584 924 649 δίκαιός
983 586 1143 654 ἐστιν,
1183 586 1272 641 καὶ
1332 585 1376 641 εἰ
1436 588 1655 662 ἀγαθοῖς
1714 586 1872 662 ἀγαθὰ

1996 590 2149 646 bona
2174 592 2476 659 tribueret,
2500 593 2788 665 malisque
2822 592 3226 664 malajustum
3260 590 3469 647 merito
3501 608 3641 663 pras-

214 684 509 752 παρεῖχεν,
541 682 730 739 κακοῖς
771 698 831 731 τε
882 678 1038 744 κακὰ,
1068 674 1274 731 δίκαιον
1328 675 1384 730 ἂν
1433 675 1590 730 αὐτὸν
1642 674 1883 751 εὐλόγως

215 764 438 841 ἔλεγες.
474 766 613 836 Ποία
644 764 733 819 οὖν
768 764 845 820 ἔτι
900 768 1085 841 πράξει
1138 766 1427 841 χρώμενος
1476 765 1533 819 ἂν
1585 764 1675 833 ἦν,
1708 763 1756 818 εἷ
1804 766 1881 837 μὴ

212 856 385 927 ταύτῃ
419 862 628 930 ⁴χρῆται
662 852 793 925 ὁδῷ,
826 860 1014 916 κακοῖς
1050 856 1141 928 μὲν
1178 856 1432 931 παρέχων
1457 855 1523 907 τὰ
1558 853 1882 929 πρόσκαιρα,

216 944 307 999 ἐὰν
356 943 464 1015 ἄρα
517 938 994 1015 μεταϐάλλων-ται,
1050 945 1267 1019 ἀγαθοῖς
1321 940 1377 997 δέ
1426 942 1637 1011 αἰώνια,
1683 940 1770 996 ἐάν
1819 962 1883 1016 γε

216 1032 597 1106 ἐμμείνωσιν;
634 1033 733 1086 Καὶ
794 1031 965 1093 οὕτως
1022 1036 1101 1104 τῷ
1149 1035 1196 1068 ³⁸
1256 1033 1349 1104 μὲν
1409 1038 1536 1085 πᾶσι
1594 1029 1877 1105 παρέχειν,

215 1119 507 1200 διαπύροις
568 1118 625 1175 δὲ
682 1120 999 1197 χαρίζεσθαι
1052 1122 1114 1176 τὸ
1188 1118 1393 1175 δίκαιον
1466 1120 1629 1174 αὐτοῦ
1688 1118 1880 1195 ἀγαθόν

213 1212 380 1283 ἐστιν,
415 1211 509 1265 καί
561 1210 910 1287 μακρόθυμον
960 1209 1125 1285 ταύτῃ
1177 1207 1417 1283 μᾶλλον,
1449 1209 1493 1265 εἰ
1527 1208 1878 1285 ἁμαρτωλοῖς

213 1302 310 1374 μὲν
362 1304 688 1372 μετανοοῦσι
735 1299 1014 1375 χαρίζεται
1059 1300 1125 1355 τὰ
1184 1301 1569 1373 ἁμαρτήματα.
1627 1296 1681 1352 εὖ
1746 1297 1878 1371 πρά-

206 1391 322 1460 ξασι
360 1389 540 1444 δὲκαὶ
592 1390 737 1457 ζωὴν
788 1388 1010 1443 αἰώνιον
1064 1389 1384 1465 ὑπογράφει,
1420 1386 1627 1462 Κρίνων
1686 1384 1743 1441 δὲ
1797 1384 1873 1448 εἷς

203 1479 391 1546 τέλος,
435 1477 527 1533 καὶ
581 1478 643 1533 τὸ
702 1478 818 1532 κατ’
857 1477 1004 1550 ἀξίαν
1060 1477 1346 1550 ἀπονέμων
1407 1476 1615 1548 ἑκάστῳ
1668 1472 1874 1535 δίκαιός

205 1569 375 1623 ἐστιν.
416 1568 475 1623 Ei
511 1568 607 1640 μὶν
642 1567 733 1622 οὗν
762 1571 932 1622 ταῦτα
977 1566 1151 1643 ὀρθῶς
1203 1567 1375 1627 οὕτως
1420 1564 1557 1640 ἔχει,
1592 1563 1872 1640 ὁμολόγη-

204 1677 326 1712 σον·
362 1657 413 1712 εἰ
448 1654 504 1711 δὲ
536 1657 597 1711 οὗ
630 1654 781 1711 δοκεῖ
821 1677 904 1724 σοι
937 1656 1113 1732 ὀρθῶς
1148 1652 1313 1731 ἔχειν,
1350 1653 1617 1731 διέλεγξον
1650 1657 1715 1710 ‘0.

273 1752 376 1803 III.
413 1745 513 1800 Καὶ
550 1747 578 1800 6
613 1745 801 1818 Σίμων
833 1741 956 1823 ἔφη.
992 1745 1169 1815 ’Ἅπαξ
1200 1740 1353 1822 ἔφην’
1389 1750 1491 1806 πᾶς
1549 1741 1867 1816 νομοθέτης,

200 1836 277 1898 εἰς
323 1835 391 1890 τὸ
447 1834 653 1889 δίκαιον
704 1836 943 1912 ἀφορῶν,
979 1831 1185 1895 δίκαιός
1235 1834 1393 1888 ἐστιν.
1430 1832 1530 1889 Καὶ
1565 1833 1592 1887 6
1645 1832 1864 1907 Πέτρος·

1995 679 2416 747 dicares.Quali
2449 700 2584 754 ergo
2615 682 2806 738 adhuc
2829 683 3054 738 actione
3084 682 3367 737 utendum
3392 682 3637 748 eicsset,

1994 768 2042 824 si
2076 787 2192 825 non
2230 778 2489 827 uteretur
2518 773 2627 827 hac
2656 772 2946 838 via,malis
2977 772 3215 843 quidem
3250 771 3396 824 dans
3418 775 3639 840 tempo-

1992 858 2154 923 ralia,
2189 861 2236 914 si
2268 861 2414 916 forte
2445 862 3061 928 convertantur,bonis
3094 877 3225 915 vero
3257 859 3633 931 sempiterna,

1992 949 2162 1002 modo
2195 954 2582 1019 perseverent.
2615 950 2827 1020 Sicque
2878 949 3177 1020 largiendo
3209 947 3457 1012 cunctis,
3490 965 3634 1019 pree-

1990 1038 2372 1093 stantioribus
2402 1044 2598 1093 autem
2648 1039 2896 1111 gratiam
2930 1038 3215 1103 faciendo,
3240 1037 3475 1108 justitia
3505 1037 3632 1107 ejus

1988 1125 2139 1181 bona
2172 1131 2347 1195 est,et
2372 1144 2437 1182 eo
2470 1128 2660 1199 magis
2708 1128 3106 1199 magnanima,
3140 1127 3189 1182 si
3231 1125 3632 1198 peccatoribus

1987 1215 2225 1286 quidem
2259 1217 2661 1287 paenitentiam
2692 1216 3000 1288 agentibus
3033 1221 3268 1288 peccata
3319 1215 3629 1283 condonat,

1985 1303 2131 1359 bene
2163 1305 2540 1376 operantibus
2572 1309 2766 1361 autem
2799 1307 2975 1360 etiam
3004 1305 3180 1360 vitam
3219 1309 3493 1360 azternam
3525 1305 3631 1359 de-

1984 1393 2134 1449 ﬁnit.
2171 1394 2456 1449 Judicans
2486 1411 2618 1449 vero
2650 1395 2708 1449 in
2741 1396 2873 1462 fine,
2912 1400 2967 1449 et
2998 1411 3100 1465 pro
3130 1393 3335 1449 merito
3376 1391 3628 1464 singulis

1983 1481 2333 1549 retribuens,
2379 1484 2583 1555 justus
2612 1483 2823 1539 existit.
2860 1485 2938 1539 An
2991 1484 3187 1555 itaque
3217 1482 3337 1537 haec
3384 1485 3536 1537 recte
3567 1497 3627 1536 se

1981 1587 2047 1627 eo
2077 1572 2249 1627 modo
2280 1572 2868 1644 habeant,proﬁtere;
2904 1572 2994 1627 sin
3026 1572 3223 1627 minus
3253 1571 3356 1626 tibi
3391 1572 3471 1625 ita
3498 1587 3626 1626 esse

1978 1660 2229 1728 videtur,
2264 1662 2471 1716 refuta.

2055 1750 2151 1805 ΙΙΙ.
2185 1751 2505 1822 Respondit
2535 1751 2737 1807 Simon
2772 1767 2784 1807 :
2818 1751 3006 1806 Semel
3034 1750 3151 1805 dixi
3185 1767 3198 1805 :
3232 1750 3425 1805 omnis
3456 1748 3625 1821 legis-

1978 1837 2225 1907 lator,ad
2252 1840 2545 1910 justitiam
2580 1840 3122 1911 respiciens,justus
3153 1840 3338 1895 est.Et
3367 1838 3571 1893 Petrus
3605 1854 3619 1893 :

199 1924 265 1981 ΕΞ
298 1925 514 1998 ἀγαθοῦ
547 1922 658 1977 ἐστὶ
692 1923 767 1995 μή
797 1928 963 1986 θεῖναι
994 1922 1185 1996 νόμον,
1221 1919 1429 1976 δικαίου
1462 1919 1518 1975 δὲ
1548 1921 1608 1975 τὸ
1666 1920 1867 1990 θέσθαι,

274 2011 287 2029 ο
395 2011 424 2029 υ
592 2012 605 2029 ι
674 2018 688 2029 Α
962 2010 975 2026 \
1082 2011 1095 2029 ι
1178 2009 1234 2029 nr
1327 2008 1341 2025 τ
1566 2005 1580 2027 \
1642 2004 1688 2029 θ’
1751 2028 1755 2029 ,
1796 2028 1803 2029 ,
1836 2025 1862 2029 ,-

1986 1926 2038 1983 Si
2068 1928 2205 1983 boni
2238 1933 2344 1999 est,
2376 1945 2489 1983 non
2541 1929 2688 1984 ferre
2720 1928 2931 1999 legem,
2956 1928 3103 1999 justi
3152 1944 3307 1997 vero,
3342 1928 3509 1991 ferre,
3543 1926 3624 1981 ita

196 2011 291 2066 καὶ
357 2011 535 2071 οὕτως
583 2012 613 2065 6
664 2010 1013 2085 Δημιουργὸς
1071 2009 1265 2083 ἀγαθός
1323 2008 1432 2063 ἐστι
1489 2005 1580 2062 καῖ
1638 2004 1862 2068 δίκαιος·

202 2102 411 2176 ἀγαθὸς
447 2100 565 2172 μὲν,
598 2097 679 2155 ὅτι
716 2099 819 2154 ἀπὸ
846 2104 955 2153 τῶν
1005 2098 1217 2174 χρόνων
1258 2095 1438 2170 Ἀδὰμ
1490 2098 1652 2172 μέχρι
1705 2103 1863 2151 Multi-

199 2190 342 2251 σὲως
376 2192 423 2226 ⁴¹
485 2187 766 2265 ἐγγράφως
822 2185 884 2242 οὒ
940 2188 1178 2265 φαίνεται
1231 2188 1485 2248 τεθεικὼς
1529 2188 1618 2241 τὸν
1672 2184 1863 2258 νόμον·

202 2278 310 2332 ἀπὸ
346 2275 411 2332 δὲ
440 2278 713 2339 Μωυσέως
767 2276 843 2338 εἰς
890 2276 1018 2339 τοὺς
1067 2273 1223 2350 δεῦρο
1267 2275 1521 2351 χρόνους,
1551 2275 1626 2336 ὡς
1673 2273 1867 2350 γέγρα-

199 2388 356 2440 πται,
392 2368 482 2421 καὶ
527 2364 733 2427 δίκαιός
786 2365 946 2421 ἐστιν.
976 2366 1073 2420 Καὶ
1124 2367 1151 2420 6
1203 2365 1410 2438 Σίμων’
1446 2365 1579 2419 ’Δπὸ
1620 2368 1725 2418 τῶν
1769 2366 1867 2417 τοῦ

200 2454 542 2512 διδασκάλου
575 2476 668 2510 σου
702 2460 893 2533 φωνῶν
931 2453 1100 2528 δεῖξον
1136 2458 1202 2524 ⁴²,
1237 2455 1321 2509 ὅτι
1348 2459 1445 2509 τοῦ
1496 2454 1660 2508 αὐτοῦ
1706 2452 1866 2522 ἐστὶν,

203 2546 408 2621 ἀγαθὸν
455 2544 591 2599 εἶναι
624 2544 713 2598 καὶ
748 2541 952 2598 δίκαιον
987 2547 1051 2597 ⁴³.
1083 2542 1241 2617 Ἑμοὶ
1284 2544 1385 2619 γάρ
1440 2539 1695 2597 ἀδύνατον
1747 2540 1866 2618 φαί-

199 2655 372 2707 νεται,
431 2635 526 2688 τὸν
586 2633 883 2706 νομοθέτην
962 2633 1157 2707 ἀγαθὸν
1220 2628 1343 2687 ὄντα
1399 2633 1488 2686 τὸν
1564 2630 1721 2685 αὐτὸν
1778 2630 1868 2684 καὶ

204 2720 418 2777 δίκαιον
450 2726 499 2758 “
527 2725 676 2781 355
714 2724 870 2777 εἶναι.
904 2721 1002 2776 Καῖ
1053 2724 1081 2776 6
1128 2722 1350 2797 Πέτρος·
1402 2724 1521 2776 ’Ότι
1569 2722 1632 2775 τὸ
1677 2720 1869 2795 ἀγαθὸν

204 2812 335 2866 αὐτὸ
386 2812 475 2865 καὶ
529 2809 733 2865 δίκαιόν
788 2809 951 2883 ἐστιν,
984 2810 1302 2867 ἐπάκουσον.
1337 2809 1511 2871 Αὐτὸς
1546 2811 1574 2864 6
1606 2806 1865 2864 Διδάσκα-

210 2899 306 2963 λος
358 2904 523 2973 ἡμῶν
572 2904 652 2972 τῷ
707 2899 912 2955 εἷπόννι
966 2899 1270 2973 Φαρισαίῳ·
1322 2900 1380 2952 Τί
1438 2901 1669 2968 ποιήσας
1722 2898 1865 2967 ζωὴν

210 2989 431 3044 αἰώνιον
497 2987 947 3065 κληρονομήσως
993 2993 1209 3064 πρῶτον
1280 2985 1403 3066 ἔφη’
1456 2990 1547 3059 Μή
1624 3008 1689 3060 με
1748 2985 1871 3062 λέγε

214 3080 432 3153 ἀγαθόν’
501 3080 527 3133 6
584 3078 685 3155 γάρ
765 3078 962 3155 ἀγαθὸς
1031 3080 1107 3140 εἷς
1187 3077 1351 3145 ἐστὶν,
1409 3078 1436 3131 ὁ
1498 3078 1683 3152 Πατὴρ
1734 3076 1762 3130 6
1820 3074 1871 3129 ἐν

210 3174 327 3230 τοῖς
385 3167 660 3243 οὐρανοῖς·
696 3166 849 3229 εὐθὺς
908 3170 954 3203 ‘5
1002 3166 1194 3237 ἐπάξας
1249 3164 1414 3243 λέγει’
1475 3166 1537 3220 Ei
1597 3166 1653 3220 δὲ
1704 3166 1869 3235 θελή-

210 3277 320 3319 σεις
399 3256 479 3318 εἰς
556 3258 599 3292 ⁴⁶
667 3256 767 3323 τήν
861 3256 1003 3325 ζωὴν
1094 3254 1379 3324 εἰσελθεῖν,
1456 3258 1695 3332 τήρησον
1774 3255 1868 3315 τὰς

210 3344 458 3407 ἐντολάς.
518 3348 622 3397 Τοῦ
679 3342 737 3398 δὲ
795 3344 1062 3407 εἴπόντος·
1118 3344 1323 3414 Ποίαςς
1384 3343 1470 3399 ἐπὶ
1528 3345 1621 3406 τὰς
1672 3347 1715 3380 ⁴⁷
1771 3348 1867 3398 τοῦ
1900 3329 1940 3395 C

208 3434 384 3507 νόμον)
433 3434 807 3509 παρέπεμψεν.
862 3433 970 3487 Οὐκ
1016 3434 1073 3488 ἃν
1130 3432 1188 3488 δὲ
1242 3431 1422 3509 ἕτερόν
1490 3455 1611 3488 τινα
1676 3434 1866 3509 ἀγαθὸν

208 3523 492 3597 σημαίνων
526 3522 612 3577 ἐπὶ
667 3523 763 3583 τὰς
817 3526 915 3577 τοῦ
944 3525 987 3558 ⁸⁸
1018 3520 1227 3577 δικαίου
1277 3524 1578 3595 ἀνέπεμπεν
1628 3520 1866 3584 ἐντολάς.

207 3614 333 3670 ’Ότι
368 3609 430 3666 δὲ
458 3608 752 3665 τὸδίκαιον
787 3608 927 3665 ἄλλο
958 3610 1126 3683 ἐστὶν,
1160 3612 1249 3665 καὶ
1298 3612 1359 3666 τὸ
1418 3614 1612 3687 ἀγαθὸν
1666 3608 1868 3686 ἓτερον,

210 3700 299 3755 καὶ
332 3700 498 3761 αὐτὸς
531 3698 815 3775 ὁμολογῶ,
852 3696 977 3754 ἀλλ’
1010 3699 1090 3754 ὅτι
1121 3698 1217 3754 τοῦ
1248 3699 1412 3754 αὐτοῦ
1446 3699 1554 3755 ἐστὶ
1584 3701 1645 3755 τὸ
1678 3699 1869 3775 ἀγαθὸν

213 3788 349 3843 εἶναι
380 3788 472 3842 καὶ
507 3786 712 3843 δίκαιον
743 3790 807 3824 ⁴⁹·
839 3790 1071 3863 ἀγνοεῖς.
1116 3788 1347 3863 Ἀγαθὸς
1390 3787 1492 3864 γάρ
1552 3788 1661 3843 ἐστι
1709 3809 1870 3861 μετα-

211 3881 399 3932 voc-3m
465 3877 559 3950 μὲν
618 3879 663 3913 ⁵ο
721 3881 812 3931 νῦν
875 3878 1239 3953 μακροθυμῶν
1306 3877 1395 3932 καὶ
1464 3875 1873 3953 ὑποδεχόμενος

216 3965 437 4038 αὐτοὺς,
488 3962 699 4027 δίκαιος
765 3962 823 4020 δέ
875 3964 1038 4036 ἐστιν,
1100 3965 1223 4022 ὅταν
1279 3969 1322 4005 ⁵¹
1378 3966 1577 4043 κρίνων
1636 3967 1702 4020 τὰ
1756 3966 1873 4021 κατ’

219 4056 363 4127 ἀξίαν
393 4055 603 4127 ἑκάστῳ
635 4053 898 4129 ἀπονέμῃ.

291 4147 383 4202 IV.
419 4144 525 4200 Καὶ
556 4144 584 4197 6
626 4144 814 4215 Σίμων
868 4142 996 4221 ἔφη*
1049 4149 1174 4207 Πῶς
1232 4143 1321 4199 οὖν
1382 4145 1721 4221 ἐγνωσμένου
1776 4149 1873 4199 τοῦ

223 4230 718 4309 Δημιουργοᾷτοῦ
749 4232 837 4286 καὶ
866 4233 958 4287 τὸν
1016 4231 1194 4307 ’Δδάμ
1247 4233 1570 4303 πλάσαντος,
1619 4234 1707 4289 καὶ
1755 4240 1873 4296 τοῖς

223 4324 354 4377 κατὰ
403 4321 568 4394 νόμον
617 4318 847 4382 δικαίοις
925 4320 1286 4397 ἐγνωσμένου,
1333 4324 1553 4399 προσέτι
1595 4319 1651 4377 δὲ
1698 4325 1743 4359 ⁸³
1792 4320 1875 4377 δι-

226 4410 397 4471 καίοις
452 4410 541 4464 καὶ
600 4406 806 4471 ἀδίκοις
864 4410 954 4464 καὶ
996 4409 1113 4482 ὅλῳ
1136 4415 1214 4482 τῷ
1242 4411 1452 4484 κόσμῳ,
1486 4412 1513 4466 6
1546 4409 1877 4472 Διδάσκαλος

228 4520 321 4553 σου
384 4499 519 4573 μετά
576 4499 779 4559 πάντας
840 4497 1069 4560 ἐκείνους
1127 4498 1411 4570 ἐληλυθὼς
1471 4499 1641 4574 λέγει·
1692 4496 1877 4560 Οὐδεὶς

229 4586 357 4663 ἔγνω
429 4588 517 4641 τὸν
596 4588 806 4662 Πατέρα
864 4588 908 4641 εἰ
996 4590 1073 4662 μὴ
1150 4589 1177 4642 6
1242 4590 1386 4661 Υἱὸς,
1442 4590 1515 4651 ὡς
1592 4586 1716 4643 οὐδὲ
1788 4589 1879 4642 τὸν

1976 2017 2150 2072 etiam
2183 2017 2419 2072 Creator
2448 2018 2638 2072 bonus
2669 2022 2758 2072 est
2789 2034 2854 2071 ac
2876 2018 3095 2085 justus.
3131 2017 3326 2071 Bonus
3360 2015 3619 2087 quidem,

1977 2106 2254 2177 quoniam
2288 2124 2321 2161 a
2369 2108 2734 2178 temporibus
2785 2106 2993 2161 Adami
3040 2122 3227 2177 usque
3277 2105 3346 2160 ad
3399 2106 3617 2160 Mosem

1977 2193 2253 2263 scriptam
2305 2193 2490 2263 legem
2525 2192 2731 2248 tulisse
2786 2209 2899 2248 non
2932 2193 3211 2260 cernitur,
3233 2194 3433 2263 justus
3459 2207 3615 2261 vero,

1977 2282 2256 2353 quoniam
2287 2298 2321 2335 a
2352 2281 2509 2337 Mose
2549 2298 2735 2352 usque
2765 2282 2834 2338 ad
2868 2282 3017 2336 hanc
3047 2286 3274 2337 aetatem
3306 2280 3622 2351 tulit,sicut

1980 2371 2197 2441 scripta
2230 2374 2339 2426 est.
2374 2372 2520 2425 Tum
2554 2370 2756 2426 Simon
2794 2389 2806 2427 :
2842 2373 2921 2426 Ex
2955 2370 3039 2425 tui
3070 2371 3440 2443 praeceptoris
3469 2370 3624 2427 voci-

1979 2460 2089 2515 bus
2120 2460 2382 2527 ostende,
2417 2460 2681 2529 ejusdem
2713 2461 3089 2526 essc,bonum
3122 2477 3250 2516 esse
3281 2477 3345 2515 ac
3368 2462 3623 2530 justum.

1979 2547 2119 2602 Mihi
2151 2547 2365 2619 quippe
2397 2548 2628 2603 videtur
2658 2548 3044 2620 impossibile,
3078 2552 3143 2603 ut
3172 2547 3491 2620 legislator,
3522 2548 3624 2619 qui

1980 2636 2167 2692 bonus
2197 2636 2292 2706 sit,
2342 2636 2499 2691 idem
2544 2638 2746 2707 justus
2792 2638 3021 2693 existat.
3072 2640 3140 2691 Et
3168 2637 3417 2691 Petrus:
3462 2638 3623 2702 Quod

1978 2725 2198 2781 bonum
2249 2726 2446 2797 ipsum
2495 2742 2727 2796 quoque
2771 2727 3004 2796 justum
3055 2728 3155 2792 sit,
3199 2725 3383 2780 audi:
3424 2727 3628 2781 Doctor

1978 2816 2514 2886 nosterqueerenti
2573 2814 2863 2870 Phariseo
2919 2833 2931 2870 :
2998 2815 3138 2883 Quid
3192 2816 3401 2886 faciens
3456 2816 3628 2870 vitam

1978 2912 2243 2960 aeternam
2274 2904 2554 2975 possidebo
2585 2904 2663 2974 (a)
2686 2908 2711 2958 γ
2742 2903 2997 2975 primum
3050 2904 3351 2975 respondit
3383 2921 3396 2959 :
3430 2904 3507 2958 Ne
3542 2921 3631 2959 me

1976 2994 2129 3048 dicas
2162 2992 2380 3047 bonum.
2431 2994 2569 3047 Nam
2601 2994 2770 3047 bonus
2817 3009 2958 3047 unus
2986 2996 3084 3059 est,
3118 2992 3289 3047 Pater
3329 2994 3533 3063 quiest
3565 2994 3630 3047 in

1978 3081 2129 3137 caelis
2154 3098 2175 3144 ;
2203 3085 2259 3136 et
2288 3081 2487 3136 statim
2522 3080 2722 3135 intulit
2753 3080 2873 3136 haec
2902 3082 3075 3136 verba
3099 3099 3111 3137 :
3147 3081 3208 3136 Si
3231 3089 3413 3137 autem
3442 3082 3627 3136 volue-

1978 3172 2058 3226 ris
2088 3173 2148 3226 in
2180 3172 2350 3225 vitam
2401 3170 2634 3241 ingredi,
2665 3186 2821 3225 serva
2862 3170 3126 3224 mandata
3156 3170 3251 3241 (b).
3295 3168 3396 3223 lllo
3428 3174 3624 3224 autem

1981 3260 2169 3315 aiente
2202 3278 2215 3315 :
2250 3261 2427 3328 Quw?
2456 3260 2528 3313 ad
2560 3258 2706 3330 legis
2739 3259 3011 3314 mondata
3043 3258 3288 3313 remisit.
3316 3258 3440 3312 Non
3472 3262 3625 3313 certe

1980 3349 2160 3405 alium
2194 3349 2505 3420 quemdam
2537 3348 2754 3401 bonum
2800 3346 3137 3418 significans
3169 3347 3240 3401 ad
3264 3346 3413 3417 justi
3446 3345 3625 3400 remi-

1980 3438 2156 3494 sisset
2186 3454 2320 3494 eum
2372 3442 2676 3509 prwczepta.
2722 3436 2892 3491 Aliud
2934 3451 3067 3491 vero
3114 3452 3240 3492 esse
3283 3436 3537 3506 justum,
3569 3438 3626 3491 et

1980 3527 2138 3581 aliud
2190 3527 2430 3593 bonum,
2479 3526 2654 3580 etiam
2706 3525 2832 3597 ipse
2884 3526 3180 3580 conﬁteor.
3228 3526 3337 3580 Sed
3389 3524 3626 3596 ignoras

1981 3616 2053 3672 ad
2087 3618 2357 3671 eumdem
2378 3614 2910 3687 pertinere,bonum
2931 3631 3059 3670 esse
3089 3613 3628 3685 acjustum.Bonus

1982 3706 2137 3761 enim
2172 3710 2281 3774 est,
2317 3706 2456 3759 dum
2491 3703 2909 3775 pmnitentibus
2941 3720 3096 3759 nunc
3143 3703 3510 3774 aequanimus
3540 3705 3631 3758 est

1982 3810 2305 3864 eorumque
2353 3797 2677 3864 susceptor,
2716 3794 2921 3862 justus
2959 3798 3153 3847 autem
3204 3796 3312 3857 est,
3365 3790 3626 3862 quando-

1982 3884 2220 3956 quidem
2245 3882 2522 3954 judicans
2555 3898 2659 3954 pro
2692 3880 2899 3937 merito
2930 3880 3182 3954 singulis
3208 3880 3506 3937 retribuet.

2053 4150 2149 4207 IV.
2183 4150 2253 4205 Et
2282 4148 2481 4205 Simon
2516 4165 2529 4203 :
2563 4148 2686 4212 Quo
2716 4148 2889 4204 modo
2938 4163 3094 4219 ergo,
3126 4145 3336 4217 inquit,
3371 4163 3503 4202 cum
3533 4163 3627 4203 co-

1984 4243 2304 4313 gnoscatur
2334 4240 2589 4307 Creator,
2623 4237 2719 4309 qui
2755 4241 2811 4292 et
2856 4236 3146 4291 Adamum
3190 4235 3478 4306 formavit,
3510 4240 3567 4291 et
3595 4252 3630 4291 a

1978 4329 2161 4402 justis
2194 4328 2302 4383 sub
2334 4327 2459 4400 lege
2503 4326 2834 4382 viventibus
2864 4326 3098 4397 agnitus
3129 4330 3238 4392 est,
3272 4324 3427 4381 sicut
3453 4324 3629 4380 etiam

1986 4437 2019 4474 a
2040 4417 2223 4489 justis
2255 4422 2312 4472 et
2341 4434 2375 4471 a
2404 4420 2522 4471 toto
2570 4417 2813 4482 mundo,
2846 4414 3124 4485 Magister
3172 4419 3329 4485 tuus,
3359 4414 3459 4485 qui
3500 4417 3633 4484 post

1988 4525 2087 4563 eos
2120 4523 2326 4562 omnes
2356 4505 2531 4571 venit,
2567 4506 2648 4560 ait
2682 4521 2694 4558 :
2723 4505 2891 4561 Nemo
2920 4506 3075 4559 novit
3102 4506 3341 4569 Patrem,
3374 4504 3486 4556 nisi
3530 4504 3633 4559 Fi-

1988 4597 2119 4662 lius,
2173 4597 2313 4650 sicut
2368 4610 2468 4649 nec
2519 4594 2730 4650 Filium
2785 4595 2906 4663 quis
2960 4594 3133 4657 novit,
3172 4593 3285 4646 nisi
3341 4594 3524 4658 Pater,
3580 4596 3635 4646 et

231 4679 347 4732 l‘iév
407 4698 487 4738 τις
538 4674 702 4743 οἶδεν,
749 4676 795 4730 εἰ
856 4678 931 4749 μή
962 4677 989 4730 6
1042 4678 1248 4753 Πατὴρ,
1282 4678 1370 4731 καὶ
1420 4679 1501 4740 οἷς
1552 4678 1609 4732 ἂν
1672 4678 1872 4754 βούλη-

1988 4685 2184 4757 quibus
2216 4684 2449 4739 voluerit
2493 4684 2667 4738 Filius
2718 4682 2965 4737 revelare
2992 4684 3085 4749 (ε).
3120 4685 3238 4735 Ista
3293 4686 3487 4735 autem
3519 4696 3634 4735 non

231 4788 313 4821 ται
364 4768 393 4821 6
436 4767 563 4827 Υἱὸς
625 4763 1011 4840 ἀποκαλύψαι;
1072 4772 1246 4821 Ταῦτα
1300 4765 1356 4821 δὲ
1413 4767 1511 4821 οὐκ
1569 4767 1625 4821 ἃν
1686 4765 1885 4853 ἔλεγεν⁹

231 4856 274 4911 εἱ
310 4858 385 4928 μὴ
421 4854 629 4928 Πατέρα
648 4855 769 4909 τινὰ
791 4853 841 4910 ἐν
875 4855 1208 4931 ἀπορρήτοις
1239 4851 1368 4911 ὄντα
1397 4855 1715 4932 ἀνήγγειλεν
1748 4851 1882 4931 δῖ’-⁵⁸,

232 4946 287 5000 ὃν
318 4945 409 4999 καὶ
441 4945 660 5019 ὕψιστον
696 4944 725 4998 6
752 4943 919 5017 νόμος
953 4943 1125 5022 λέγει,
1158 4947 1244 5024 ἀφ’
1276 4946 1337 5001 οὗ
1369 4943 1493 5001 οὔτε
1536 4947 1707 5022 ἀγαθή
1760 4944 1883 5002 οὔτε

296 5072 377 5140 (a)
412 5070 550 5126 Luc.
582 5085 746 5137 xvm,
780 5070 867 5124 18.

304 5074 353 5140 ζα
412 5072 550 5126 Luc.
582 5085 746 5137 xvm,
780 5072 867 5124 18.

304 5072 381 5213 (bl
410 5140 618 5199 Matth.
649 5157 769 5209 xxx,
797 5142 884 5198 17.

1998 4775 2260 4839 dixisset,
2294 4774 2343 4827 si
2374 4789 2489 4827 non
2523 4771 2931 4827 annuntiasset
2961 4770 3274 4841 quemdam
3316 4769 3542 4824 Patrem
3574 4768 3634 4823 in

1996 4862 2227 4920 arcanis
2260 4862 2624 4925 existentem,
2657 4876 2829 4931 quem
2862 4863 2918 4915 et
2947 4857 3303 4914 altissimum
3326 4857 3417 4912 lex
3446 4857 3639 4928 appel-

1990 4952 2134 5017 lat,a
2163 4967 2280 5023 quo
2311 4966 2501 5022 neque
2528 4950 2683 5005 bona
2711 4965 2899 5021 neque
2917 4947 3070 5003 mala
3099 4946 3300 5003 audita
3328 4949 3416 5002 est
3446 4946 3635 5017 vox(d)

2064 5075 2134 5147 (ε)
2166 5073 2374 5131 Matth.
2406 5091 2485 5141 x1,
2516 5074 2606 5147 21.

2060 5147 2137 5219 (ά)
2168 5147 2386 5203 Thren.
2419 5163 2503 5214 ιιι,
2535 5146 2625 5201 38.

1575 5323 1822 5379 VARUS
1862 5323 2272 5381 LECTIONES.

297 5441 345 5475 ³⁹
371 5436 433 5492 τό
466 5440 534 5495 Ο.
614 5440 658 5475 ⁴⁰
689 5437 811 5514 ἔχη,
844 5434 1022 5509 ὁμολό
1065 5457 1196 5506 ησον
1228 5438 1287 5494 C.
1320 5436 1530 5493 Vbb.sl
1565 5435 1621 5492 δὲ
1651 5437 1713 5493 οὐ
1744 5434 1897 5492 δοκεῖ
1926 5459 2009 5492 σοι
2045 5437 2219 5511 ὀρθῶς
2252 5438 2421 5514 ἔχειν,
2455 5435 2634 5512 διέλεγ
2667 5458 2723 5491 ον
2756 5439 3037 5511 descripsi
3068 5458 3133 5496 ex
3163 5443 3226 5496 Ο.
3306 5441 3349 5475 εί
3385 5434 3640 5499 Μωϋσέος

325 5511 419 5565 δίο
450 5511 681 5565 deinde.
762 5494 807 5545 λ²
838 5506 993 5565 δείξω
1166 5509 1211 5543 ⁴³
1241 5510 1326 5565 Ita
1358 5510 1440 5565 Cl.
1464 5509 1649 5565 ἀγαθῶ
1680 5510 1813 5565 εἶναι
1844 5510 1932 5563 καὶ
1965 5507 2157 5565 δικαίω
2188 5513 2248 5565 C.
2280 5520 2343 5565 υ.
2421 5512 2467 5545 ’⁸⁸
2492 5508 2581 5563 καὶ
2632 5438 2837 5564 ἓίκαιον
2897 5509 2986 5564 καί
3051 5530 3103 5565 n.
3158 5511 3247 5565 καὶ
3310 5507 3516 5564 δίκαιον
3576 5511 3640 5565 Ο.

232 5515 293 5567 o.
325 5511 419 5565 sic
450 5494 681 5567 deinde.
719 5494 810 5545 ’Ἥ
838 5494 993 5578 suam

1077 5552 1089 5583 .
1157 5509 1211 5583 “3
1241 5510 1326 5583 Ita
1358 5510 1440 5579 Cl,
1464 5509 1649 5583 ἀγαθῷ
1680 5510 1813 5569 εἶναι
1844 5510 1932 5563 καὶ
1965 5507 2157 5565 δικαίω
2188 5513 2248 5579 C,
2280 5507 2343 5567 ὓ.
2421 5512 2467 5545 ’⁸⁸
2492 5508 2581 5563 καὶ

2669 5510 2837 5584 ίκαιον
2895 5507 2986 5584 καί
3050 5530 3103 5584 p.
3158 5511 3247 5565 καὶ
3310 5507 3516 5584 δίκαιον

232 5585 273 5618 ⁸⁸
300 5584 465 5658 Adde
495 5578 542 5635 δ’
576 5586 706 5658 post
735 5578 974 5658 εὐθύςε.
1053 5582 1096 5658 ιξ
1119 5579 1364 5658 sicuadd,
1399 5578 1447 5636 ο.
1483 5578 1547 5639 O.
1579 5578 1727 5658 Tum
1757 5583 1912 5658 τήρει
1946 5584 2274 5658 ρητήρήσον
2311 5584 2481 5658 idem.
2560 5584 2603 5617 ‘7
2752 5581 2922 5658 τὰςΑο
2950 5578 3153 5658 -οῐξρχ
3175 5583 3548 5658 -οοῠλθςῖκϐ,
3584 5583 3643 5658 in

233 5657 403 5726 cujus
436 5647 593 5710 textu
626 5652 867 5713 ἐπιστάς.
899 5657 1044 5708 Tum
1078 5653 1155 5707 id.
1191 5647 1426 5723 ἔπεμψεν
1458 5672 1515 5726 p.
1547 5647 1917 5771 παρέπεμψεν.
1946 5647 1965 5656 ’
1996 5655 2039 5689 ιδ
2069 5647 2381 5721 τοῦᾟὰλθοὶ
2411 5672 2459 5710 c.
2493 5658 2555 5709 Ο.
2634 5654 2678 5689 ⁴⁹
2709 5657 2792 5710 Ita
2824 5654 2906 5719 Cl,
2940 5654 3118 5771 ἀγαθῷ
3150 5654 3279 5709 εῖναι
3313 5647 3400 5709 καὶ
3452 5647 3643 5723 δικαίῳ

238 5732 273 5771 (ἶ
325 5726 391 5771 Γ)-
471 5726 515 5760 ⁸ο
551 5730 644 5771 ιιὲν
680 5725 895 5771 inserui
928 5741 978 5771 α-
1011 5724 1075 5771 Ο-
1111 5726 1259 5771 Τιιηι
1295 5721 1704 5771 ἀποδεηόιλενοε
1766 5759 1799 5771 ._
1884 5726 1925 5762 51
1961 5723 2039 5771 ὅτ’
2069 5722 2127 5771 ἄν
2162 5727 2218 5771 Π
2258 5729 2402 5771 'I‘nm
2440 5726 2698 5771 ἅπονὲυςι
2732 5727 2791 5771 Π
2874 5728 2917 5763 ⁵2
2951 5722 2977 5771 ὃ
3043 5729 3219 5771 lmrtni
3253 5726 3473 5771 reddidi
3508 5742 3639 5771 mini

238 5723 418 5800 (ΣξΟ.Δ
471 5726 515 5760 ⁸ο
549 5730 644 5798 μέν
680 5725 898 5800 inserui
928 5724 1261 5800 c.‘_0_._'l_‘um
1295 5723 1704 5800 ἀποδεχόμενος
1736 5723 1800 5784 C.

241 5792 561 5856 eicidisset'
583 5814 677 5871 ap.
710 5797 773 5854 Cl
803 5801 861 5854 et
889 5801 945 5853 S.
977 5795 1099 5838 ⁸³·δδ
1128 5792 1553 5871 ἀνήγγελλενὌξ

1884 5726 1925 5762 ⁵³
1961 5723 2039 5780 ὅτ’
2069 5722 2127 5779 ἄν
2162 5727 2220 5783 C.
2258 5729 2405 5783 Tum
2440 5726 2698 5798 ἀπονέμει
2732 5727 2795 5783 Ο.
2874 5728 2917 5763 ⁵²
2951 5722 3006 5783 δέ
3043 5722 3223 5783 textui
3253 5726 3477 5783 reddidi
3508 5722 3640 5781 cum
