4148 6342
470 394 588 454 407

1291 398 1355 454 S.
1403 395 1845 456 CLEMENTIS
1888 397 1911 456 Ι
1960 398 2149 457 ΗΟἫ.
2198 396 2424 456 PONT.
2474 394 2733 457 OPERA
2781 393 3047 456 DUBIA.

3760 391 3880 451 408

473 525 994 599 (quemadmodum
1022 525 1083 582 in
1114 527 1659 585 Lamentationibus
1687 528 1974 584 Jeremias
2002 534 2116 584 tes-

2252 526 2369 595 ιακή
2412 529 2566 585 856
2612 524 2855 595 ἠκούσθη
2912 524 3066 602 φωνὴ
3100 523 3197 597 (ὡς
3252 522 3303 578 ἰν
3349 527 3465 584 τοῖς
3498 523 3733 597 Θρήνοις
3789 520 3880 577 καὶ

474 617 676 687 tatur),
727 616 827 687 qui
876 617 1199 672 secundum
1248 633 1558 672 numerum
1610 618 1866 673 ﬁliorum
1918 617 2115 684 Israel,

478 705 715 775 quando
746 704 995 776 ingressi
1026 710 1166 761 sunt
1195 705 1253 760 in
1297 706 1607 778 Egyptum
1641 708 2035 778 septuaginta,
2065 711 2122 761 et

481 794 804 848 secundum
818 796 1101 849 terminos
1113 794 1375 866 gentium
1398 812 1496 851 eas
1520 796 2123 867 circumscripsitsep-

480 881 748 952 tuaginta
801 880 1042 953 linguis,
1074 887 1132 937 et
1191 881 1333 937 Filio
1389 899 1517 950 suo,
1568 882 1670 955 qui
1729 888 1785 939 et
1839 883 2123 938 Dominus

480 974 720 1024 vocatur
765 975 823 1025 et
879 970 1089 1025 coelum
1122 986 1188 1025 ac
1240 976 1453 1026 terram
1503 972 1828 1038 constituit,
1857 972 2125 1027 Hebraeos

484 1062 709 1129 partem
739 1058 1175 1131 dedit,eumque
1207 1065 1387 1115 Deum
1420 1061 1663 1116 deorum
1692 1078 1821 1118 esse
1844 1060 2123 1116 definivit:

485 1146 727 1201 deorum
758 1153 953 1202 autem
986 1148 1138 1217 dico,
1171 1148 1270 1219 qui
1303 1147 1447 1204 alias
1476 1151 1740 1221 gentium
1782 1154 2129 1221 acceperunt

486 1234 801 1307 portiones.
829 1236 1006 1307 Leges
1036 1235 1216 1308 igitur
1246 1237 1588 1307 prodierunt
1618 1238 1689 1292 ab
1720 1238 1993 1292 omnibus
2014 1237 2129 1291 dic-

486 1323 563 1379 tis
594 1324 707 1379 diis
738 1326 809 1380 ad
838 1341 975 1379 suas
994 1324 1446 1395 portiones,quaa
1478 1330 1617 1381 sunt
1646 1325 1883 1397 reliquas
1905 1330 2127 1397 gentes.

489 1412 621 1467 Pari
672 1420 870 1467 autem
919 1414 1090 1468 modo
1133 1418 1252 1469 eta
1304 1413 1443 1469 Filio
1493 1418 1835 1470 cunctorum
1890 1413 2132 1469 Domino

491 1501 647 1573 apud
700 1502 965 1557 Hebraeos
1009 1502 1199 1574 posita
1238 1502 1330 1558 lex
1361 1503 1661 1575 processit.
1714 1503 1831 1558 Hoc
1869 1519 2003 1558 vero
2052 1502 2137 1557 ita

494 1590 709 1645 habere
738 1590 1045 1645 deﬁnitum
1075 1596 1182 1660 est,
1219 1596 1282 1646 ut
1310 1592 1359 1647 si
1392 1592 1525 1664 quis
1556 1593 1629 1648 ad
1660 1590 1912 1661 alicujus
1948 1590 2134 1663 legem

497 1678 921 1750 confugerit,ad
954 1679 1115 1735 illius
1149 1685 1373 1752 partem
1407 1680 1890 1752 pertineat,cujus
1920 1680 2140 1751 recepit

495 1766 684 1839 legem
715 1784 965 1823 servare.
991 1768 1170 1824 Nemo
1201 1769 1471 1842 cognovit
1500 1768 1857 1825 altissimum
1889 1770 1948 1824 in
1981 1785 2140 1824 arca-

499 1855 591 1911 nis
637 1856 894 1926 positum
928 1860 1179 1924 Patrem,
1228 1857 1379 1913 sicut
1408 1873 1514 1913 nec
1562 1857 1771 1912 Filium
1803 1858 1932 1929 ejus
1983 1857 2136 1929 quod

502 1943 684 2001 Filius
715 1943 810 2001 sit.
840 1944 1050 2001 Statim
1081 1961 1218 2017 ergo
1250 1951 1333 2016 tu,
1366 1962 1493 2018 qua;
1526 1946 1759 2018 pr0pria
1788 1950 1927 2001 sunt
1958 1944 2142 2017 ignoti

505 2031 810 2101 Altissimi,
842 2033 1106 2090 tribuens
1154 2034 1320 2103 Filio,
1352 2035 1587 2107 ignoras
1617 2034 1772 2105 quod
1823 2032 2003 2090 Filius
2046 2033 2143 2100 sit,

504 2120 604 2192 qui
632 2125 721 2177 est
748 2125 917 2178 Pater
940 2120 1081 2179 Jesu
1110 2121 1324 2178 Christi
1355 2123 1508 2195 apud
1538 2139 1640 2179 vos
1671 2121 1830 2178 dicti.

574 2299 643 2354 V.
674 2299 777 2355 His
808 2316 843 2355 a
880 2298 1117 2356 Simone
1169 2298 1413 2371 prolatis
1461 2299 1668 2356 Petrus
1714 2299 1797 2356 ait
1842 2299 1915 2355 ad
1960 2314 2143 2355 eum:

506 2389 771 2455 Potesne,
825 2390 979 2461 quod
1026 2388 1109 2444 ita
1160 2389 1386 2454 credas,
1418 2389 1614 2461 ipsum
1661 2389 1997 2455 contestari,
2030 2404 2145 2442 non

504 2494 680 2551 quem
713 2494 868 2533 nunc
899 2476 957 2533 in
990 2477 1220 2533 arcanis
1251 2478 1553 2550 praedicas,
1595 2479 1696 2533 sed
1728 2494 1903 2550 quem
1934 2476 2143 2543 credis,

500 2585 606 2625 nec
634 2566 929 2624 confiteris
952 2570 975 2623 Ρ
996 2567 1127 2622 Alia
1143 2567 1299 2622 enim
1333 2585 1435 2639 pro
1468 2566 1598 2622 aliis
1615 2567 1933 2622 decernens
1958 2582 2147 2638 nugas

472 2657 945 2731 ,agis.0uocirca
976 2656 1026 2712 si
1052 2656 1425 2721 contestaris,
1456 2673 1490 2711 a
1516 2660 1572 2711 te
1601 2655 1757 2710 credi
1789 2672 1917 2727 qum
1948 2654 2146 2726 loque-

499 2746 600 2815 ris,
630 2746 738 2801 tibi
787 2745 1169 2817 respondebo.
1204 2744 1306 2801 Sin
1357 2760 1487 2799 vero
1536 2760 1871 2816 perseveras
1920 2744 2145 2815 discep-

498 2841 624 2891 tare
655 2849 887 2889 mecuni
936 2834 1006 2889 de
1032 2832 1107 2888 iis
1137 2850 1267 2904 qua:
1319 2850 1433 2888 non
1466 2833 1678 2898 credis,
1713 2849 1815 2904 per
1844 2833 2017 2888 inane
2056 2848 2148 2887 me

501 2923 662 2996 cogis
713 2926 1032 2995 percutere.
1087 2922 1153 2977 Et
1182 2921 1385 2977 Simon
1438 2921 1586 2976 dixit
1627 2938 1639 2975 :
1676 2928 1722 2974 A
1773 2921 2030 2993 quodam
2080 2938 2151 2976 ex

500 3010 812 3084 discipulis
843 3009 961 3066 tuis
992 3009 1347 3082 audivi[hec
1377 3009 1459 3065 ita
1486 3026 1617 3065 esse
1647 3010 2009 3079 constituta].
2038 3010 2149 3064 Ex-

503 3102 658 3172 cepit
690 3105 893 3156 Petrus
917 3117 930 3156 :
958 3099 1039 3158 Ne
1063 3098 1277 3155 falsum
1301 3099 1889 3170 testeris.Resp0ndit
1907 3100 2107 3153 Simon
2134 3115 2149 3153 :

501 3190 583 3246 Ne
640 3188 785 3245 mihi
842 3187 1167 3244 convicium
1225 3187 1428 3255 facias,
1485 3187 1941 3259 protervissime.
1997 3188 2149 3242 Tum

2171 1902 2219 1967 B

2226 614 2486 687 Ἱερεμίας
2567 619 2846 690 μαρτυρεῖ,
2923 611 3069 673 ὅστις
3130 614 3247 666 κατ’
3311 611 3539 686 ἀριθμὸν
3615 614 3727 685 (56)
3771 615 3880 665 τῶν

2229 704 2359 757 υἱῶν
2420 701 2661 776 Ἰσραὴλ,
2714 702 2767 756 οἳ
2825 700 3079 771 εἰσῆλθον
3157 700 3233 761 εἷς
3291 697 3583 775 Αἴγυπτον,
3638 697 3690 754 οἵ
3749 700 3881 754 εἰσιν

2232 788 2633 864 ἑϐδομήκοντα,
2664 792 2754 845 καὶ
2785 790 2923 865 πρὸς
2954 791 3020 844 τὰ
3049 788 3171 865 ὅρια
3200 794 3306 843 τῶν
3340 789 3501 844 ἐθνῶν
3542 789 3891 865 περιγράψας

2230 878 2518 957 γλώσσαις⁹
2554 882 2665 953 (57)
2696 874 3099 952 ἐϐδομήκοντα,
3155 883 3234 950 τῷ
3288 877 3451 932 αὐτοῦ
3506 876 3617 950 Υἱῷ
3660 882 3740 949 τῷ
3798 877 3890 933 καὶ

2235 967 2415 1042 Κυρίῳ
2463 964 2770 1041 λεγομένῳ,
2800 966 2891 1020 καὶ
2920 968 2963 1002 ⁸⁵
3011 965 3236 1037 οὐρανὸν
3288 963 3375 1019 καὶ
3426 970 3530 1037 γῆν
3581 961 3890 1036 διακοσμή-

2237 1078 2406 1124 σαντι,
2437 1057 2564 1110 τοὺς
2612 1051 2887 1129 Ἑϐραίους
2935 1051 3103 1109 ἔδωκε
3163 1050 3376 1128 μερίδα,
3407 1052 3497 1107 καὶ
3549 1052 3705 1108 αὐτὸν
3759 1053 3890 1108 Θεὸν

2238 1148 2373 1200 θεῶν
2420 1145 2555 1199 εἶναι
2605 1141 2879 1219 διώρισεν,
2914 1147 3049 1207 θεῶν
3094 1139 3151 1196 δὲ
3198 1145 3241 1180 ⁵⁸
3292 1141 3459 1216 λέγω,
3512 1139 3565 1196 οτί
3611 1162 3752 1203 τινες
3797 1141 3896 1203 τὰς

2240 1232 2412 1295 ἄλλας
2438 1238 2544 1287 τῶν
2574 1233 2739 1297 ἐθνῶν
2774 1230 3032 1310 εἰλήφασι
3067 1227 3310 1305 μερίδας.
3345 1230 3521 1304 Νόμοι
3556 1228 3646 1285 οὖν
3680 1238 3826 1303 προῆ
3841 1233 3897 1284 λ-

2242 1335 2332 1388 θον
2366 1321 2471 1377 ἀπό
2500 1343 2557 1377 τι
2586 1320 2799 1377 πάντων
2840 1326 2945 1376 τῶν
3004 1319 3310 1395 λεχθέντων
3362 1321 3495 1374 θεῶν
3547 1324 3668 1381 ταῖς
3715 1317 3895 1373 αὐτῶν

2246 1411 2475 1485 μερίσιν,
2508 1412 2542 1465 ἅ
2568 1409 2689 1465 τινά
2716 1408 2826 1464 ἐστι
2865 1409 2933 1464 τὰ
2981 1408 3149 1464 λοιπὰ
3199 1405 3343 1463 ἄλλα
3391 1406 3541 1478 ἔθνη.
3572 1406 3808 1481 Ὁμοίως
3840 1404 3901 1463 δὲ

2242 1499 2332 1554 καὶ
2364 1499 2468 1554 ἀπὸ
2497 1503 2592 1553 105
2624 1498 2752 1552 Υἱοῦ
2777 1502 2873 1552 105
2903 1496 3117 1551 πάντων
3151 1496 3355 1570 Κυρίου
3387 1497 3414 1551 6
3444 1497 3592 1572 παρὰ
3620 1491 3897 1573 Ἑϐραίοις

2244 1588 2489 1662 κείμενος
2522 1585 2771 1663 προῆλθε
2799 1586 2991 1659 νόμος.
3025 1589 3191 1640 Τοῦτο
3224 1582 3281 1640 δὲ
3330 1584 3501 1647 οὕτως
3561 1582 3708 1661 ἔχειν
3764 1584 3907 1659 ὡρίέ

2247 1675 2502 1747 σθη,⁰ίνα,
2537 1673 2695 1738 εἷ’τις
2725 1675 2879 1748 νόμῳ
2925 1676 3068 1736 τινὸς
3117 1674 3421 1752 προσερύγῃ,
3453 1673 3562 1729 ἀπὸ
3608 1680 3710 1743 τῆς
3765 1672 3902 1729 ἐκεί⁸

2247 1788 2341 1821 νου
2371 1768 2414 1802 ⁸⁷
2443 1765 2661 1842 γένηται
2698 1761 2937 1837 μερίδος,
2971 1763 3033 1819 οὗ
3067 1760 3133 1832 δὴ
3167 1763 3255 1817 καὶ
3284 1763 3376 1817 τὸν
3430 1762 3600 1836 νόμον
3648 1763 3904 1837 πράττειν

2251 1853 2548 1924 ἀνεδέξατο.
2581 1850 2775 1915 Οὐδεὶς
2837 1848 2974 1928 ἔγνω
3029 1853 3121 1906 τὸν
3182 1850 3231 1906 ἰν
3288 1851 3623 1927 ἀπορῥήτοις
3679 1851 3904 1924 ὕψιστον

2252 1944 2464 2018 Πατέρα
2492 1938 2638 2015 ὄντα,
2671 1942 2746 2004 ὡς
2779 1938 2904 1996 οὸδὶ
2930 1940 3023 1995 τὸν
3053 1940 3250 1995 τούτου
3282 1941 3427 2007 Υἱὸν,
3461 1939 3543 1994 δτι
3584 1939 3707 2001 Υἱός
3739 1939 3901 1995 ἐστιν.

2255 2031 2458 2088 Αὐτίκα
2505 2035 2635 2107 γοῦν
2684 2032 2746 2085 σὺ
2794 2030 2862 2085 τὰ
2907 2034 3005 2085 τοῦ
3054 2028 3370 2106 ἀποῤῥήτου
3418 2031 3461 2066 ⁸⁸
3507 2027 3757 2102 Ὑψίστου
3800 2025 3912 2082 ἴδια

2255 2118 2437 2183 διδοὺς
2468 2124 2547 2192 τῷ
2575 2121 2684 2191 Υἱῷ
2732 2118 2831 2173 οὐκ
2877 2115 3029 2181 οἶδας
3080 2116 3162 2173 ὅτι
3212 2117 3338 2180 Υἱός
3386 2116 3524 2172 ἐστιν
3554 2120 3687 2191 (58),
3721 2118 3911 2191 Πατήρ

2255 2208 2518 2286 ὑπάρχων
2546 2213 2642 2264 105
2676 2210 2854 2279 Ἰησοῦ
2881 2205 2978 2262 105
3007 2208 3123 2262 καθ’
3146 2206 3285 2279 ὑμᾶς
3320 2205 3621 2282 λεγομένου
3652 2208 3912 2282 Χριστοῦ.

2326 2302 2394 2358 ν.
2425 2304 2600 2354 Ταῦτα
2631 2302 2729 2354 105
2761 2297 3013 2372 Σίμωνος
3045 2292 3290 2359 εἰπόντος
3320 2298 3348 2352 6
3381 2295 3580 2370 Πέτρος
3629 2295 3729 2374 ἔφη
3773 2296 3915 2372 πρὸς

2253 2385 2435 2442 αὐτόν’
2491 2384 2719 2440 Δύνασαι
2786 2383 2944 2439 αὐτὸν
3023 2383 3221 2439 ἐκεῖνον
3282 2381 3767 2459 διαμαρτύρασθαι,
3831 2382 3922 2438 ὅτι

2255 2476 2427 2537 οὕτως
2458 2474 2752 2544 πιστεύεις,
2786 2473 2892 2550 οὐχ
2923 2474 2982 2528 ὃν
3029 2477 3119 2527 νῦν
3168 2471 3219 2528 ἐν
3269 2472 3603 2549 ἀπορρήτοις
3636 2474 3785 2530 357
3821 2470 3915 2528 λὲο

2255 2586 2392 2641 γεις,
2426 2562 2553 2619 ἀλλ’
2583 2564 2641 2619 ’ὸν
2672 2562 2734 2618 σὺ
2766 2561 3030 2618 πιστεύων
3063 2561 3171 2638 οὐχ
3222 2560 3521 2637 ὁμολογεῖς
3547 2581 3560 2619 :
3592 2559 3775 2618 ’Ἀλλα
3804 2561 3921 2637 γὰρ

2254 2653 2364 2708 ἀντ’
2392 2650 2579 2709 ἄλλων
2643 2652 2837 2728 ὁρίζων
2871 2650 3153 2730 φλυαρεῖς.
3193 2652 3286 2706 Διὸ
3318 2649 3404 2705 ἐὰν
3439 2647 3781 2726 διαμαρτύρῃ
3811 2649 3921 2718 ὅτι,

2256 2740 2536 2809 ἆλαλεῖς,
2587 2745 2754 2796 ταῦτα
2804 2738 3093 2812 πιστεύεις,
3151 2738 3516 2814 ἀποκρίνομαί
3571 2760 3677 2795 σοι.
3736 2739 3799 2794 Εἰ
3860 2737 3921 2793 δὲ

2255 2826 2485 2901 ἕστηκας
2532 2833 2778 2900 συζητῶν
2818 2828 2942 2902 ἐμοὶ
2993 2827 3026 2883 ἃ
3076 2829 3151 2901 μή
3220 2826 3506 2901 πιστεύεις,
3552 2828 3689 2883 κατὰ
3756 2831 3918 2883 κενοῦ

2262 2940 2329 2993 με
2381 2919 2555 2974 παίειν
2604 2919 2942 2993 ἀναγκάζεις.
2976 2917 3079 2974 Καὶ
3111 2918 3139 2972 6
3174 2917 3360 2990 Σίμων
3410 2914 3532 2995 ἔφη·
3569 2918 3722 2990 Παρά
3768 2937 3916 2979 τινος

2256 3014 2365 3063 τῶν
2397 3013 2503 3063 σῶν
2541 3008 2795 3081 μαθητῶν
2831 3008 3042 3077 ἀκήκοα
3073 3009 3262 3080 [ταῦτα
3293 3005 3466 3069 οὕτως
3511 3007 3815 3082 ὁρισθῆναι]
3849 3008 3916 3062 ⁵³.

2262 3098 2361 3154 Καὶ
2395 3098 2422 3152 ὁ
2477 3096 2677 3173 Πέτρος
2726 3092 2847 3173 ἔφη·
2882 3096 2971 3164 Μὴ
3023 3092 3478 3170 ψευδομαρτύρει.
3531 3094 3631 3148 Καὶ
3663 3095 3691 3148 6
3724 3094 3915 3166 Σίμων

2262 3185 2386 3265 ἔφη·
2434 3188 2521 3256 Μή
2577 3206 2644 3258 με
2696 3182 2969 3258 λοιδόμει,
3002 3184 3419 3257 προπετὲστατε.
3454 3182 3552 3238 Καὶ
3609 3184 3636 3238 6
3687 3184 3916 3259 Πέτρος·

502 3282 710 3333 Petrus
743 3295 756 3333 :
791 3276 987 3348 Usque
1016 3293 1131 3349 quo
1164 3276 1477 3349 protuleris
1502 3292 1636 3333 eum
1669 3275 1768 3348 qui
1799 3276 1963 3345 dixit,
1986 3294 2139 3332 men-

2263 3275 2471 3351 Μέχρις
2503 3274 2560 3329 ἃν
2591 3272 2715 3348 εἶ’πῃ
2743 3274 2834 3328 τὸν
2863 3273 3103 3342 εἰπόντα,
3137 3272 3371 3347 ψεύστης
3414 3272 3479 3329 εἶ.
3513 3272 3613 3327 Καὶ
3645 3274 3673 3327 ὁ
3703 3272 3916 3345 Σίμων·

502 3367 614 3422 dax
642 3382 724 3422 es.
756 3367 830 3421 At
876 3364 1078 3421 Simon
1110 3381 1124 3421 :
1158 3364 1443 3420 Existima
1499 3381 1591 3421 me
1623 3364 1744 3420 haec
1793 3365 2032 3420 ﬁnxisse
2063 3366 2149 3420 vel

500 3455 572 3511 ab
623 3454 736 3511 alio
785 3454 1060 3525 audiisse,
1095 3454 1167 3509 ad
1219 3470 1287 3509 ea
1336 3455 1622 3525 responde
1676 3454 1845 3509 mihi.
1906 3454 2051 3509 Nam
2100 3454 2150 3508 si

504 3542 683 3599 everti
716 3559 833 3599 non
884 3541 1200 3615 potuerint,
1232 3542 1614 3614 compererim
1647 3559 1776 3599 esse
1824 3542 2147 3598 veritatem.

499 3633 569 3688 Et
599 3635 805 3687 Petrus
839 3648 852 3686 :
887 3632 945 3687 Si
997 3637 1086 3687 est
1115 3631 1442 3687 humanum
1494 3633 1862 3703 ﬁgmentum,
1896 3648 2009 3686 non
2061 3646 2149 3686 re-

495 3720 755 3792 spondeo
786 3720 856 3775 ad
891 3718 1036 3774 illud
1074 3737 1088 3775 :
1121 3718 1211 3773 sin
1246 3724 1442 3775 autem
1476 3719 1727 3790 hujusce
1758 3720 1838 3775 rei
1880 3719 2153 3791 Opinione

495 3814 779 3881 tanquam
813 3825 955 3864 verse
1005 3807 1304 3877 detineris,
1338 3808 1396 3863 id
1432 3809 1628 3879 ipsum
1680 3808 1825 3863 mihi
1855 3810 2152 3877 conﬁtere,

498 3902 557 3955 et
596 3898 782 3954 habeo
824 3912 931 3970 ego
961 3912 1195 3969 quoque
1246 3896 1467 3969 aliquid
1501 3897 1656 3969 quod
1700 3897 1770 3952 de
1808 3914 1875 3953 eo
1924 3897 2143 3955 dicam.

499 3988 746 4043 Simon:
796 3986 1043 4042 Prorsus
1091 3984 1341 4041 arbitror
1382 3985 1491 4041 hoc
1545 3984 1630 4041 ita
1678 3985 1913 4043 habere.
1967 3986 2051 4042 Tu
2101 3986 2151 4042 si

502 4076 645 4147 quid
675 4075 750 4131 ad
782 4074 880 4131 illa
908 4074 1090 4131 habes
1116 4073 1331 4143 dicere,
1362 4074 1668 4147 responde.

2258 3364 2464 3437 Νόμιζε
2513 3362 2610 3436 ἐμὲ
2651 3367 2818 3417 ταῦτα
2861 3361 3062 3417 πλάσαι
3112 3362 3147 3431 ἢ
3191 3361 3280 3416 καὶ
3329 3363 3475 3437 παρά
3534 3358 3710 3417 ἄλλου
3763 3382 3829 3433 με
3877 3364 3924 3399 ⁸ο

2258 3450 2564 3518 ἀκηκοέναι·
2629 3452 2763 3527 πρὸς
2828 3450 2995 3506 ταῦτά
3070 3472 3164 3524 μοι
3239 3450 3548 3525 ἀπόκριναι.
3609 3452 3731 3505 Ἐὰν
3812 3451 3921 3526 γὰρ

2261 3542 2631 3617 ἀνατραπῆναι
2669 3543 2743 3614 μὴ
2779 3538 3007 3614 δυνηθῇ,
3041 3538 3239 3613 ἔμαθον
3270 3544 3433 3595 τοῦτο
3466 3539 3598 3594 εἶναι
3628 3541 3726 3608 την
3774 3539 3917 3610 ἀλή-

2262 3633 2424 3685 θειαν.
2472 3630 2569 3685 Καὶ
2619 3631 2647 3685 ὁ
2704 3630 2927 3706 Πέτροςσ
2989 3629 3049 3685 Εἰ
3103 3628 3439 3704 ἀνθρώπινόν
3497 3628 3608 3684 ἐστι
3666 3628 3916 3701 πλάσμα,

2262 3718 2363 3774 οὐκ
2438 3721 2805 3793 ἀποκρίνομαι
2881 3718 2955 3781 είς
3028 3716 3178 3773 αύτό·
3244 3717 3291 3771 εἷ’
3347 3716 3403 3772 δὶ
3464 3717 3693 3789 ὑπονοίᾳ
3748 3717 3916 3773 αύτοῦ

2259 3806 2583 3883 κεκράτησαι
2616 3808 2690 3870 ὡς
2722 3805 2988 3877 ἀληθοῦς,
3019 3810 3178 3861 τοῦτο
3211 3806 3340 3861 αὐτό
3395 3828 3488 3880 μοι
3547 3804 3923 3881 ὁμολόγησον,

2334 3895 2349 3949 ὶ
2385 3894 2406 3913 ν
2700 3896 2715 3916 \
2810 3894 2822 3913 9
2872 3896 2885 3912 \
3081 3895 3093 3908 ι
3224 3893 3237 3915 Ι
3649 3902 3663 3913 ν
3709 3896 3724 3915 κ
3824 3895 3889 3928 v'

2261 3918 2329 3951 κα
2382 3916 2497 3971 εχω
2528 3917 2578 3951 τι
2628 3917 2717 3950 και
2764 3916 2924 3957 αυτος
2973 3916 3097 3971 περι
3145 3916 3339 3949 τουτου
3391 3896 3594 3969 Λέγειν.
3628 3902 3725 3950 Kal
3758 3896 3785 3950 6
3820 3919 3920 3949 μι-

2266 4003 2402 4058 μων*
2436 3985 2609 4055 Ἅπαξ
2644 4005 2736 4057 μοι
2768 3981 2917 4039 δοκεῖ
2945 3986 2988 4021 ⁶¹
3021 3987 3183 4039 τοῦτο
3218 3983 3389 4046 οὕτως
3448 3980 3617 4059 ἔχειν.
3653 3982 3728 4039 Σὺ
3780 3982 3923 4059 πρὸς

2261 4077 2431 4129 ταῦτα
2459 4073 2507 4128 εί
2537 4070 2683 4149 ἔχεις
2714 4094 2766 4128 τι
2799 4070 3003 4148 λέγειν,
3035 4071 3343 4150 ἀπόκριναι.

1854 4244 2096 4301 νΑΗΙᾸΞ
2138 4245 2438 4303 LECTION
2444 4244 2550 4301 ES.

573 4368 618 4457 ξ’
647 4366 897 4473 Reposui
955 4364 1043 4421 καί
1094 4383 1128 4422 a
1178 4366 1240 4422 Cl
1294 4370 1351 4422 et
1406 4368 1444 4423 S
1501 4368 1983 4439 pretermissum.
2063 4369 2106 4404 ⁸⁸
2134 4364 2199 4437 δή
2233 4369 2291 4425 S.
2368 4369 2412 4403 ⁸⁷
2445 4369 2529 4423 lta
2578 4369 2624 4423 Ο
2673 4372 2730 4423 et
2776 4384 2846 4423 ex
2875 4368 3118 4437 conject.
3153 4366 3214 4437 C,
3248 4366 3307 4420 in
3340 4368 3456 4437 cuj.
3488 4370 3647 4423 textu
3682 4358 3925 4448 ἐκείνων

576 4436 715 4473 -..λλ
758 4439 890 4473 Jan.“
924 4456 1016 4473 nm
1082 4439 1127 4473 n
1224 4439 1269 4473 Μ
1300 4440 1418 4473 νιπιι
1471 4440 1655 4473 Γοηῖἲρη
1688 4438 1865 4473 ηεξ-..-υ
1898 4439 2202 4473 ᾹΑ..Α;’.....Ί
2239 4441 2459 4473 Ιιυηηισιι
2490 4439 2760 4473 ἶηοηπῖηοί
2823 4456 2949 4473 num
2982 4440 3038 4473 in
3076 4456 3164 4473 mn
3220 4436 3390 4473 Πιιηιι
3446 4438 3479 4473 Β
3555 4438 3569 4473 Ι
3646 4446 3918 4473 ηηηιηηηι·

500 4439 545 4475 ⁸⁸
575 4436 891 4514 ἀπορρήτου
924 4456 1039 4495 om.
1082 4439 1147 4494 Ο.
1224 4439 1269 4474 ⁸⁸
1300 4440 1438 4495 Vbb.
1471 4436 1658 4511 [ταῦτα
1688 4438 1865 4501 οὕτως
1898 4439 2206 4546 ὁρισθῆναι]
2237 4441 2459 4495 lacunae
2490 4439 2786 4511 inscripsi,
2823 4456 2950 4511 quae
2982 4436 3041 4494 in
3075 4436 3423 4493 ms.'0ttob.’
3445 4438 3505 4495 h.
3555 4438 3593 4493 l.
3645 4439 3918 4495 occurrit'

500 4510 546 4547 ⁶⁰
579 4530 646 4567 με
674 4509 915 4567 adiunxi
943 4527 992 4566 ο.
1026 4516 1089 4565 Ο.
1124 4510 1341 4566 Deinde
1398 4509 1764 4567 ἀνατραπῆσαι
1798 4511 1860 4567 Cl
1917 4516 1973 4567 et
2028 4513 2088 4567 S.
2164 4512 2185 4546 ⁸
2240 4512 2380 4567 Post
2411 4507 2560 4565 δοκεῖ
2589 4511 2648 4566 in
2680 4510 2724 4567 0
2754 4515 2843 4566 est
2893 4508 3027 4563 εἶναι
3077 4512 3475 4566 subnotatum.
3513 4510 3659 4567 Cum
3714 4510 3922 4567 eodem

1582 4531 1764 4579 ιπησαι
1798 4529 1860 4567 υι
1917 4529 1973 4567 et
2028 4529 2088 4567 δ.
2164 4529 2206 4546 ⁸³⁸
2241 4529 2380 4568 Γοθι
2411 4529 2559 4565 οοκει
2589 4529 2648 4566 In
2680 4529 2724 4567 U
2754 4529 2843 4566 eet.
2893 4529 3027 4563 ειναι
3077 4529 3475 4566 ευυοοιαιιιω.

1582 4583 1898 4640 exciderat.
1932 4582 2151 4640 Deinde
2182 4580 2228 4635 εἷ
2259 4577 2408 4658 ἔχεις
2440 4583 2505 4654 Ο,
2539 4579 2670 4657 ἔχῃς
2702 4586 2760 4651 C,
2796 4579 2840 4635 εἰ
2872 4576 3002 4656 ιχῃς
3030 4582 3182 4653 conj.
3220 4582 3279 4636 S.

499 4510 546 4547 ⁵ο
579 4530 646 4584 με
674 4509 915 4582 adjunxi
943 4527 992 4566 ο.
1026 4516 1089 4565 Ο.
1124 4510 1341 4566 Deinde
1398 4509 1523 4565 ἀνοὶτ
1562 4517 1764 4579 απῆσαι
1798 4511 1860 4567 Cl
1917 4509 1973 4567 et
2028 4513 2088 4567 S.

501 4581 683 4640 toxtui
712 4580 939 4639 reddidi
970 4577 1163 4640 οὕτως.
1197 4582 1353 4640 quod
1383 4600 1476 4640 an.
1511 4530 1556 4640 SE
1582 4583 1898 4640 exciderat.
1932 4582 2088 4639 Deim

501 4579 683 4640 textui
712 4579 939 4639 reddidi
970 4579 1163 4653 οὕτως,
1197 4582 1353 4654 quod
1383 4600 1476 4655 ap.

2237 4441 2459 4511 lacunae
2490 4439 2786 4511 inscripsi,
2823 4456 2950 4511 quae
2982 4436 3041 4494 in
3075 4436 3423 4493 ms.'0ttob.’
3445 4438 3505 4495 h.
3527 4438 3593 4511 il.
3645 4439 3918 4511 occurrit'

1879 4734 2265 4793 VARIORUM
2306 4734 2538 4791 ΝΟΤίΕ.

582 4861 692 4935 (56)
721 4862 905 4935 ’Ὀστις
962 4859 1111 4935 κατὰ⁸
1158 4856 1407 4935 ἀριθμὸν,
1466 4879 1519 4915 κ.
1576 4879 1627 4916 τ.
1661 4855 1749 4935 Δλἶ
1802 4860 1932 4935 Pari
1986 4862 2156 4917 modo

511 4931 776 4989 Clemens
807 4931 1533 5005 Alexandrinus,Strom.,I,
1565 4948 1622 5001 p.
1655 4932 1780 5005 338,
1813 4931 2149 5005 linguarum

511 5021 826 5062 numerum
859 5005 1033 5060 refert
1054 5004 1124 5058 ad
1156 5020 1467 5059 numerum
1494 5002 2015 5075 lsraelitarum'qui
2035 5022 2153 5059 una

513 5092 647 5132 cum
678 5077 894 5132 Jacobo
926 5080 1088 5147 patre
1111 5074 1506 5148 suo‘ingre‘ssi
1536 5079 1677 5148 sunt
1706 5074 1765 5130 in
1796 5074 2105 5148 [Egyptum
2135 5092 2148 5148 ς

514 5163 648 5202 cum
681 5148 731 5203 is
761 5145 1043 5203 numerus
1073 5145 1305 5219 abgaliis
1326 5145 1517 5219 ivung
1555 5145 1740 5219 soleat
1769 5145 2028 5219 adepturi
2080 5147 2150 5201 ad

514 5233 648 5273 eoru
660 5235 714 5273 m
731 5217 1177 5289 numerum,qui
1202 5217 1408 5272 turrim
1424 5217 1831 5289 Babylonicum
1855 5217 2152 5275 exstruxe-

515 5294 670 5344 runt.
705 5295 779 5343 At
802 5290 1118 5361 Procopius
1149 5288 1406 5354 Gazaeus,
1440 5289 1497 5343 in
1548 5288 1859 5361 Deuieron,
1892 5307 2067 5359 χχχιι,
2097 5291 2151 5358 8,

515 5367 762 5431 utraque
788 5360 1109 5431 conjungit.
1134 5360 1632 5431 quemadmodum
1667 5360 1930 5415 bic.Vide
1956 5361 2151 5416 Nilum

516 5431 615 5484 lib.
652 5430 736 5495 ιιι,
765 5430 935 5514 epist.
990 5431 1134 5513 116;
1173 5448 1275 5486 LXX
1318 5430 1416 5557 ῧιιὶἶ
1448 5433 1538 5501 72)
1590 5433 1703 5486 viri
1746 5435 2009 5515 seniores,
2056 5448 2153 5487 su-

516 5517 611 5557 per
639 5518 771 5557 auos
819 5502 1017 5557 cecidit
1043 5503 1272 5557 smritus
1363 5518 1433 5557 ei.
1468 5520 1571 5557 Lxx
1600 5502 1697 5557 (al.
1728 5504 1819 5557 72)
1863 5508 2153 5557 nationum

515 5517 611 5568 per
639 5518 771 5571 quos
819 5502 1017 5557 cecidit
1043 5503 1272 5573 spiritus
1318 5502 1433 5566 Dei,
1468 5520 1571 5557 Lxx
1600 5502 1697 5573 (al.
1728 5504 1819 5573 72)
1863 5506 2157 5559 nationum

517 5573 735 5646 linguas
760 5574 836 5646 in_
852 5574 950 5627 hoc
970 5572 1171 5629 mundo
1201 5575 1436 5645 diffusus
1487 5572 1775 5630 ostendunt
1792 5572 1813 5635 ,°
1843 5590 1913 5629 ex
1957 5576 2156 5646 quibus

516 5643 687 5698 multi
713 5643 1004 5715 credentes,
1036 5643 1289 5715 gratiam
1312 5646 1484 5701 sancti
1513 5645 1757 5715 Spiritus
1802 5643 2153 5715 acceperunt.

525 5713 730 5771 lsidori
777 5715 951 5771 verba
991 5716 1051 5770 in
1104 5714 1409 5787 Allegoriis
1460 5713 1636 5772 sacrae
1688 5713 2018 5787 Scriptura.
2050 5718 2159 5780 Qui

2268 4859 2503 4916 libellus
2531 4858 2769 4914 titulum
2800 4858 2975 4915 habet
2999 4857 3057 4913 in
3091 4858 3297 4914 Codice
3329 4873 3456 4913 meo
3491 4873 3602 4931 ms.
3635 4859 3708 4914 De
3728 4858 3915 4931 signi-

2258 4932 2606 5003 ﬁcationibus
2645 4932 2841 4986 Veteris
2869 4939 2920 4985 et
2954 4932 3097 4987 Novi
3127 4929 3629 5003 Testamenti.gCo'r.

2331 5004 2441 5073 (57)
2473 4998 2727 5073 Γλώσσας
2784 5003 2936 5073 conj.
2984 5018 3026 5071 ο
3057 5045 3068 5064 ,
3102 5004 3255 5073 quod
3290 5007 3439 5056 recte
3469 5000 3760 5073 improbat
3804 4999 3917 5057 Da~

2258 5071 2463 5130 visius.
2515 5072 2729 5155 Gentes
2772 5071 2935 5155 enim
3029 5071 3243 5155 ait:_vir
3295 5071 3920 5154 doctissimus,.fuisso

2262 5143 2655 5216 septuaginta,
2707 5143 3064 5216 totidemque
3118 5145 3369 5215 linguas,
3414 5144 3744 5199 communis
3794 5150 3921 5199 erat

2262 5216 2633 5297 Hebraeorum
2682 5215 2997 5297 sententia.
3026 5216 3104 5271 De
3159 5215 3531 5297 septuaginta
3570 5216 3919 5297 nationibus

2264 5287 2547 5354 conferas,
2583 5302 2709 5357 quae
2756 5286 3077 5341 Cotelerius
3130 5286 3428 5342 adnotavit
3454 5288 3524 5342 ad
3559 5288 3812 5356 Recogn.,
3853 5304 3917 5354 ιι,

2265 5362 2352 5413 42.
2405 5357 2678 5423 Giescler,
2724 5358 3062 5427 Enmehung
3130 5359 3226 5413 der
3276 5359 3513 5423 schriftl.
3566 5359 3803 5429 Evang.,
3856 5375 3914 5429 p.

2269 5432 2368 5485 128
2416 5447 2429 5496 ;
2484 5428 3288 5502 Schneckenburger,ﬂUeber
3333 5429 3436 5485 den
3488 5428 3915 5502 Ursprung_dcs

2264 5511 2448 5555 ersten
2496 5500 2691 5573 tanon.
2742 5501 2946 5573 qung.
2981 5517 3038 5573 p.
3075 5501 3159 5555 13.
3195 5501 3322 5571 Egit
3361 5500 3640 5573 praeterea
3688 5502 3758 5556 de
3791 5500 3916 5557 loco

2267 5578 2464 5627 nostro
2497 5572 2778 5642 Neander,
2818 5571 2998 5642 Gnosii
3030 5576 3190 5642 ιτιιςῑ.ἶ
3220 5589 3274 5642 p.
3310 5572 3434 5626 378.
3463 5578 3520 5627 ὃ.
3550 5572 3823 5642 DnssssL.

2490 5640 2599 5718 Οὐκ
2646 5638 2794 5718 οἶδας
2856 5639 2938 5694 ὅτι
2997 5640 3142 5718 Υξός
3176 5638 3339 5718 ἐστιν,
3396 5643 3586 5718 Ιίατὴρ
3626 5640 3910 5718 -ῥπάρχων

2264 5710 2361 5768 105
2421 5710 2597 5783 Ἰησοῦ
2678 5716 2774 5768 105
2847 5718 2965 5777 καθ’
3039 5712 3178 5787 ὑμᾶς
3252 5710 3568 5787 λεγομένου
3625 5710 3864 5790 Χριστοῦ
3896 5755 3911 5769 .
